  <div class='ocr_page' id='page_1' title='image "/cluster/home/n/w/nwhite01/storage/ocr_20150623/31/hvd.32044048272629/231.png"; bbox 0 0 4076 6190; ppageno 0'>
   <div class='ocr_carea' id='block_1_1' title="bbox 644 229 744 289">
    <p class='ocr_par' dir='ltr' id='par_1_1' title="bbox 644 229 744 289">
     <span class='ocr_line' id='line_1_1' title="bbox 644 229 744 289; baseline -0.01 0"><span class='ocrx_word' id='word_1_1' title='bbox 644 229 744 289; x_wconf 74' lang='grc'>451</span> 
     </span>
    </p>
   </div>
   <div class='ocr_carea' id='block_1_2' title="bbox 2015 222 2279 297">
    <p class='ocr_par' dir='ltr' id='par_1_2' title="bbox 2015 227 2279 284">
     <span class='ocr_line' id='line_1_2' title="bbox 2015 227 2279 284; baseline -0.011 0"><span class='ocrx_word' id='word_1_2' title='bbox 2015 229 2070 284; x_wconf 83' lang='grc'>8.</span> <span class='ocrx_word' id='word_1_3' title='bbox 2115 227 2279 282; x_wconf 78' lang='lat' dir='ltr'>BASll</span> 
     </span>
    </p>
   </div>
   <div class='ocr_carea' id='block_1_3' title="bbox 2388 222 3952 297">
    <p class='ocr_par' dir='ltr' id='par_1_3' title="bbox 2399 222 3952 297">
     <span class='ocr_line' id='line_1_3' title="bbox 2399 222 3952 297; baseline 0.008 -15"><span class='ocrx_word' id='word_1_4' title='bbox 2399 222 2637 284; x_wconf 81' lang='lat' dir='ltr'>MAGNI.</span> <span class='ocrx_word' id='word_1_5' title='bbox 3864 239 3952 297; x_wconf 71' lang='grc'>452</span> 
     </span>
    </p>
   </div>
   <div class='ocr_carea' id='block_1_4' title="bbox 647 349 2279 428">
    <p class='ocr_par' dir='ltr' id='par_1_4' title="bbox 647 351 2279 424">
     <span class='ocr_line' id='line_1_4' title="bbox 647 351 2279 424; baseline -0.004 -13"><span class='ocrx_word' id='word_1_6' title='bbox 647 352 1111 423; x_wconf 86' lang='lat' dir='ltr'>sintomnigenis</span> <span class='ocrx_word' id='word_1_7' title='bbox 1134 351 2279 424; x_wconf 69' lang='lat' dir='ltr'>masculiscompuncti,prmtereaipsan</span> 
     </span>
    </p>
   </div>
   <div class='ocr_carea' id='block_1_5' title="bbox 2388 349 3958 428">
    <p class='ocr_par' dir='ltr' id='par_1_5' title="bbox 2413 349 3958 428">
     <span class='ocr_line' id='line_1_5' title="bbox 2413 349 3958 428; baseline 0.008 -28"><span class='ocrx_word' id='word_1_8' title='bbox 2413 349 2668 423; x_wconf 73' lang='grc' dir='ltr'>ὑπερϐολῇ</span> <span class='ocrx_word' id='word_1_9' title='bbox 2741 359 2838 404; x_wconf 77' lang='grc' dir='ltr'>τῶν</span> <span class='ocrx_word' id='word_1_10' title='bbox 2915 349 3114 410; x_wconf 81' lang='grc' dir='ltr'>ἡδονῶν</span> <span class='ocrx_word' id='word_1_11' title='bbox 3190 351 3562 424; x_wconf 82' lang='grc' dir='ltr'>ἐξοιστρουσὼν</span> <span class='ocrx_word' id='word_1_12' title='bbox 3615 353 3695 408; x_wconf 76' lang='grc' dir='ltr'>ἐπὶ</span> <span class='ocrx_word' id='word_1_13' title='bbox 3755 356 3958 428; x_wconf 82' lang='grc' dir='ltr'>λαγνείας</span> 
     </span>
    </p>
   </div>
   <div class='ocr_carea' id='block_1_6' title="bbox 645 440 2299 517">
    <p class='ocr_par' dir='ltr' id='par_1_6' title="bbox 645 440 2299 517">
     <span class='ocr_line' id='line_1_6' title="bbox 645 440 2299 517; baseline -0.004 -17"><span class='ocrx_word' id='word_1_14' title='bbox 645 460 892 517; x_wconf 88' lang='lat' dir='ltr'>quoque</span> <span class='ocrx_word' id='word_1_15' title='bbox 915 442 1182 514; x_wconf 87' lang='lat' dir='ltr'>corporis</span> <span class='ocrx_word' id='word_1_16' title='bbox 1202 440 1616 496; x_wconf 84' lang='lat' dir='ltr'>habitudinem</span> <span class='ocrx_word' id='word_1_17' title='bbox 1641 445 2054 512; x_wconf 88' lang='lat' dir='ltr'>corrumpunt.</span> <span class='ocrx_word' id='word_1_18' title='bbox 2073 440 2299 495; x_wconf 84' lang='lat' dir='ltr'>Etenim</span> 
     </span>
    </p>
   </div>
   <div class='ocr_carea' id='block_1_7' title="bbox 648 528 2302 602">
    <p class='ocr_par' dir='ltr' id='par_1_7' title="bbox 648 528 2302 602">
     <span class='ocr_line' id='line_1_7' title="bbox 648 528 2302 602; baseline -0.004 -13"><span class='ocrx_word' id='word_1_19' title='bbox 648 549 772 590; x_wconf 91' lang='lat' dir='ltr'>non</span> <span class='ocrx_word' id='word_1_20' title='bbox 802 533 882 588; x_wconf 90' lang='lat' dir='ltr'>ob</span> <span class='ocrx_word' id='word_1_21' title='bbox 907 530 1266 588; x_wconf 73' lang='lat' dir='ltr'>immodicas</span> <span class='ocrx_word' id='word_1_22' title='bbox 1297 529 1492 585; x_wconf 90' lang='lat' dir='ltr'>solum</span> <span class='ocrx_word' id='word_1_23' title='bbox 1526 530 1863 602; x_wconf 74' lang='lat' dir='ltr'>voluptates</span> <span class='ocrx_word' id='word_1_24' title='bbox 1887 529 2115 602; x_wconf 76' lang='lat' dir='ltr'>‘quibus</span> <span class='ocrx_word' id='word_1_25' title='bbox 2140 528 2302 585; x_wconf 84' lang='lat' dir='ltr'>velut</span> 
     </span>
    </p>
   </div>
   <div class='ocr_carea' id='block_1_8' title="bbox 646 617 2299 693">
    <p class='ocr_par' dir='ltr' id='par_1_8' title="bbox 646 617 2299 693">
     <span class='ocr_line' id='line_1_8' title="bbox 646 617 2299 693; baseline -0.003 -15"><span class='ocrx_word' id='word_1_26' title='bbox 646 622 846 679; x_wconf 86' lang='lat' dir='ltr'>furore</span> <span class='ocrx_word' id='word_1_27' title='bbox 875 620 1146 693; x_wconf 89' lang='lat' dir='ltr'>quodam</span> <span class='ocrx_word' id='word_1_28' title='bbox 1176 619 1254 674; x_wconf 91' lang='lat' dir='ltr'>ad</span> <span class='ocrx_word' id='word_1_29' title='bbox 1281 617 1652 676; x_wconf 80' lang='lat' dir='ltr'>salacitatem</span> <span class='ocrx_word' id='word_1_30' title='bbox 1675 620 2074 686; x_wconf 78' lang='lat' dir='ltr'>concitantur,</span> <span class='ocrx_word' id='word_1_31' title='bbox 2099 623 2299 674; x_wconf 86' lang='lat' dir='ltr'>conta-</span> 
     </span>
    </p>
   </div>
   <div class='ocr_carea' id='block_1_9' title="bbox 649 707 2299 781">
    <p class='ocr_par' dir='ltr' id='par_1_9' title="bbox 649 707 2299 781">
     <span class='ocr_line' id='line_1_9' title="bbox 649 707 2299 781; baseline -0.004 -14"><span class='ocrx_word' id='word_1_32' title='bbox 649 711 905 767; x_wconf 89' lang='lat' dir='ltr'>bescunt</span> <span class='ocrx_word' id='word_1_33' title='bbox 934 726 1005 765; x_wconf 91' lang='lat' dir='ltr'>ac</span> <span class='ocrx_word' id='word_1_34' title='bbox 1034 708 1352 770; x_wconf 75' lang='lat' dir='ltr'>difﬂuunt:</span> <span class='ocrx_word' id='word_1_35' title='bbox 1397 707 1501 764; x_wconf 89' lang='lat' dir='ltr'>sed</span> <span class='ocrx_word' id='word_1_36' title='bbox 1532 708 1612 764; x_wconf 87' lang='lat' dir='ltr'>ob</span> <span class='ocrx_word' id='word_1_37' title='bbox 1639 709 1841 781; x_wconf 89' lang='lat' dir='ltr'>ipsam</span> <span class='ocrx_word' id='word_1_38' title='bbox 1868 709 2046 765; x_wconf 89' lang='lat' dir='ltr'>etiam</span> <span class='ocrx_word' id='word_1_39' title='bbox 2076 707 2299 763; x_wconf 78' lang='lat' dir='ltr'>molem</span> 
     </span>
    </p>
   </div>
   <div class='ocr_carea' id='block_1_10' title="bbox 649 796 2298 870">
    <p class='ocr_par' dir='ltr' id='par_1_10' title="bbox 649 796 2298 870">
     <span class='ocr_line' id='line_1_10' title="bbox 649 796 2298 870; baseline -0.004 -12"><span class='ocrx_word' id='word_1_40' title='bbox 649 818 722 858; x_wconf 88' lang='lat' dir='ltr'>ac</span> <span class='ocrx_word' id='word_1_41' title='bbox 775 806 1098 865; x_wconf 86' lang='lat' dir='ltr'>tumorem,</span> <span class='ocrx_word' id='word_1_42' title='bbox 1155 813 1374 870; x_wconf 89' lang='lat' dir='ltr'>corpus</span> <span class='ocrx_word' id='word_1_43' title='bbox 1451 797 1640 854; x_wconf 89' lang='lat' dir='ltr'>nimio</span> <span class='ocrx_word' id='word_1_44' title='bbox 1691 799 1943 854; x_wconf 89' lang='lat' dir='ltr'>humore</span> <span class='ocrx_word' id='word_1_45' title='bbox 2002 796 2298 870; x_wconf 84' lang='lat' dir='ltr'>repletum</span> 
     </span>
    </p>
   </div>
   <div class='ocr_carea' id='block_1_11' title="bbox 644 886 2292 960">
    <p class='ocr_par' dir='ltr' id='par_1_11' title="bbox 644 886 2292 960">
     <span class='ocr_line' id='line_1_11' title="bbox 644 886 2292 960; baseline -0.004 -15"><span class='ocrx_word' id='word_1_46' title='bbox 644 890 973 960; x_wconf 82' lang='lat' dir='ltr'>laxumque</span> <span class='ocrx_word' id='word_1_47' title='bbox 1027 890 1083 942; x_wconf 94' lang='lat' dir='ltr'>et</span> <span class='ocrx_word' id='word_1_48' title='bbox 1107 886 1271 942; x_wconf 84' lang='lat' dir='ltr'>vitali</span> <span class='ocrx_word' id='word_1_49' title='bbox 1303 887 1506 956; x_wconf 81' lang='lat' dir='ltr'>vigore</span> <span class='ocrx_word' id='word_1_50' title='bbox 1551 887 1814 943; x_wconf 87' lang='lat' dir='ltr'>solutum</span> <span class='ocrx_word' id='word_1_51' title='bbox 1847 887 2292 942; x_wconf 86' lang='lat' dir='ltr'>circumferunt.</span> 
     </span>
    </p>
   </div>
   <div class='ocr_carea' id='block_1_12' title="bbox 645 975 2299 1047">
    <p class='ocr_par' dir='ltr' id='par_1_12' title="bbox 645 975 2299 1047">
     <span class='ocr_line' id='line_1_12' title="bbox 645 975 2299 1047; baseline -0.002 -16"><span class='ocrx_word' id='word_1_52' title='bbox 645 979 870 1033; x_wconf 87' lang='lat' dir='ltr'>Horum</span> <span class='ocrx_word' id='word_1_53' title='bbox 892 975 1058 1031; x_wconf 85' lang='lat' dir='ltr'>lividi</span> <span class='ocrx_word' id='word_1_54' title='bbox 1087 981 1226 1032; x_wconf 90' lang='lat' dir='ltr'>sunt</span> <span class='ocrx_word' id='word_1_55' title='bbox 1254 975 1432 1043; x_wconf 90' lang='lat' dir='ltr'>oculi,</span> <span class='ocrx_word' id='word_1_56' title='bbox 1455 976 1798 1047; x_wconf 88' lang='lat' dir='ltr'>subpallida</span> <span class='ocrx_word' id='word_1_57' title='bbox 1823 975 2169 1047; x_wconf 82' lang='lat' dir='ltr'>superﬁcies</span> <span class='ocrx_word' id='word_1_58' title='bbox 2193 989 2299 1029; x_wconf 83' lang='lat' dir='ltr'>cu-</span> 
     </span>
    </p>
   </div>
   <div class='ocr_carea' id='block_1_13' title="bbox 644 1063 2298 1138">
    <p class='ocr_par' dir='ltr' id='par_1_13' title="bbox 644 1063 2298 1138">
     <span class='ocr_line' id='line_1_13' title="bbox 644 1063 2298 1138; baseline -0.002 -16"><span class='ocrx_word' id='word_1_59' title='bbox 644 1067 741 1133; x_wconf 87' lang='lat' dir='ltr'>tis,</span> <span class='ocrx_word' id='word_1_60' title='bbox 775 1065 1016 1138; x_wconf 87' lang='lat' dir='ltr'>spiritus</span> <span class='ocrx_word' id='word_1_61' title='bbox 1068 1065 1392 1137; x_wconf 89' lang='lat' dir='ltr'>impeditus</span> <span class='ocrx_word' id='word_1_62' title='bbox 1429 1081 1501 1121; x_wconf 92' lang='lat' dir='ltr'>ac</span> <span class='ocrx_word' id='word_1_63' title='bbox 1551 1069 2034 1134; x_wconf 86' lang='lat' dir='ltr'>coagmentatus,</span> <span class='ocrx_word' id='word_1_64' title='bbox 2088 1063 2298 1132; x_wconf 91' lang='lat' dir='ltr'>lingua</span> 
     </span>
    </p>
   </div>
   <div class='ocr_carea' id='block_1_14' title="bbox 641 1152 2300 1225">
    <p class='ocr_par' dir='ltr' id='par_1_14' title="bbox 641 1152 2300 1225">
     <span class='ocr_line' id='line_1_14' title="bbox 641 1152 2300 1225; baseline -0.002 -15"><span class='ocrx_word' id='word_1_65' title='bbox 641 1154 926 1220; x_wconf 89' lang='lat' dir='ltr'>resoluta,</span> <span class='ocrx_word' id='word_1_66' title='bbox 953 1153 1183 1209; x_wconf 89' lang='lat' dir='ltr'>clamor</span> <span class='ocrx_word' id='word_1_67' title='bbox 1210 1152 1608 1221; x_wconf 89' lang='lat' dir='ltr'>indistinctus,</span> <span class='ocrx_word' id='word_1_68' title='bbox 1639 1153 1962 1209; x_wconf 83' lang='lat' dir='ltr'>titubantes</span> <span class='ocrx_word' id='word_1_69' title='bbox 1991 1152 2174 1225; x_wconf 84' lang='lat' dir='ltr'>pedes</span> <span class='ocrx_word' id='word_1_70' title='bbox 2202 1166 2300 1207; x_wconf 88' lang='lat' dir='ltr'>ve-</span> 
     </span>
    </p>
   </div>
   <div class='ocr_carea' id='block_1_15' title="bbox 639 1242 2297 1316">
    <p class='ocr_par' dir='ltr' id='par_1_15' title="bbox 639 1242 2297 1316">
     <span class='ocr_line' id='line_1_15' title="bbox 639 1242 2297 1316; baseline -0.002 -16"><span class='ocrx_word' id='word_1_71' title='bbox 639 1243 726 1300; x_wconf 90' lang='lat' dir='ltr'>lut</span> <span class='ocrx_word' id='word_1_72' title='bbox 738 1259 1085 1316; x_wconf 90' lang='lat' dir='ltr'>puerorum,</span> <span class='ocrx_word' id='word_1_73' title='bbox 1104 1247 1451 1314; x_wconf 64' lang='lat' dir='ltr'>spontaneis</span> <span class='ocrx_word' id='word_1_74' title='bbox 1467 1243 1751 1314; x_wconf 90' lang='lat' dir='ltr'>superﬂui</span> <span class='ocrx_word' id='word_1_75' title='bbox 1763 1249 1947 1298; x_wconf 79' lang='lat' dir='ltr'>latum</span> <span class='ocrx_word' id='word_1_76' title='bbox 1961 1242 2297 1313; x_wconf 87' lang='lat' dir='ltr'>egestiones</span> 
     </span>
    </p>
   </div>
   <div class='ocr_carea' id='block_1_16' title="bbox 644 1330 2297 1404">
    <p class='ocr_par' dir='ltr' id='par_1_16' title="bbox 644 1330 2297 1404">
     <span class='ocr_line' id='line_1_16' title="bbox 644 1330 2297 1404; baseline -0.001 -16"><span class='ocrx_word' id='word_1_77' title='bbox 644 1333 820 1404; x_wconf 91' lang='lat' dir='ltr'>quasi</span> <span class='ocrx_word' id='word_1_78' title='bbox 851 1333 929 1389; x_wconf 89' lang='lat' dir='ltr'>ab</span> <span class='ocrx_word' id='word_1_79' title='bbox 959 1331 1306 1388; x_wconf 90' lang='lat' dir='ltr'>inanimatis</span> <span class='ocrx_word' id='word_1_80' title='bbox 1337 1333 1724 1403; x_wconf 88' lang='lat' dir='ltr'>proﬂuentes.</span> <span class='ocrx_word' id='word_1_81' title='bbox 1761 1332 1849 1390; x_wconf 93' lang='lat' dir='ltr'>0b</span> <span class='ocrx_word' id='word_1_82' title='bbox 1875 1331 2090 1387; x_wconf 85' lang='lat' dir='ltr'>luxum</span> <span class='ocrx_word' id='word_1_83' title='bbox 2120 1330 2297 1387; x_wconf 87' lang='lat' dir='ltr'>mise-</span> 
     </span>
    </p>
   </div>
   <div class='ocr_carea' id='block_1_17' title="bbox 639 1419 2298 1494">
    <p class='ocr_par' dir='ltr' id='par_1_17' title="bbox 639 1419 2298 1494">
     <span class='ocr_line' id='line_1_17' title="bbox 639 1419 2298 1494; baseline -0.001 -17"><span class='ocrx_word' id='word_1_84' title='bbox 639 1421 884 1491; x_wconf 88' lang='lat' dir='ltr'>rabiles,</span> <span class='ocrx_word' id='word_1_85' title='bbox 917 1419 1382 1476; x_wconf 86' lang='lat' dir='ltr'>miserabiliores</span> <span class='ocrx_word' id='word_1_86' title='bbox 1429 1436 1618 1492; x_wconf 90' lang='lat' dir='ltr'>quam</span> <span class='ocrx_word' id='word_1_87' title='bbox 1661 1421 1766 1492; x_wconf 88' lang='lat' dir='ltr'>qui</span> <span class='ocrx_word' id='word_1_88' title='bbox 1793 1420 1870 1476; x_wconf 25' lang='lat' dir='ltr'>in.</span> <span class='ocrx_word' id='word_1_89' title='bbox 1893 1421 2048 1476; x_wconf 89' lang='lat' dir='ltr'>mari</span> <span class='ocrx_word' id='word_1_90' title='bbox 2073 1425 2298 1494; x_wconf 80' lang='lat' dir='ltr'>tempe-</span> 
     </span>
    </p>
   </div>
   <div class='ocr_carea' id='block_1_18' title="bbox 641 1507 2294 1580">
    <p class='ocr_par' dir='ltr' id='par_1_18' title="bbox 641 1507 2294 1580">
     <span class='ocr_line' id='line_1_18' title="bbox 641 1507 2294 1580; baseline 0 -16"><span class='ocrx_word' id='word_1_91' title='bbox 641 1513 790 1564; x_wconf 84' lang='lat' dir='ltr'>state</span> <span class='ocrx_word' id='word_1_92' title='bbox 814 1509 1138 1579; x_wconf 89' lang='lat' dir='ltr'>jactantur,</span> <span class='ocrx_word' id='word_1_93' title='bbox 1169 1523 1325 1580; x_wconf 91' lang='lat' dir='ltr'>quos</span> <span class='ocrx_word' id='word_1_94' title='bbox 1355 1509 1572 1564; x_wconf 89' lang='lat' dir='ltr'>ﬂuctus</span> <span class='ocrx_word' id='word_1_95' title='bbox 1592 1509 1690 1565; x_wconf 86' lang='lat' dir='ltr'>alii</span> <span class='ocrx_word' id='word_1_96' title='bbox 1715 1508 1848 1564; x_wconf 89' lang='lat' dir='ltr'>aliis</span> <span class='ocrx_word' id='word_1_97' title='bbox 1881 1507 2294 1579; x_wconf 85' lang='lat' dir='ltr'>succedentes,</span> 
     </span>
    </p>
   </div>
   <div class='ocr_carea' id='block_1_19' title="bbox 642 1596 2291 1666">
    <p class='ocr_par' dir='ltr' id='par_1_19' title="bbox 642 1596 2291 1666">
     <span class='ocr_line' id='line_1_19' title="bbox 642 1596 2291 1666; baseline 0 -12"><span class='ocrx_word' id='word_1_98' title='bbox 642 1613 714 1655; x_wconf 90' lang='lat' dir='ltr'>ac</span> <span class='ocrx_word' id='word_1_99' title='bbox 745 1597 1184 1666; x_wconf 89' lang='lat' dir='ltr'>demergentes,</span> <span class='ocrx_word' id='word_1_100' title='bbox 1217 1612 1288 1652; x_wconf 86' lang='lat' dir='ltr'>ex</span> <span class='ocrx_word' id='word_1_101' title='bbox 1322 1596 1501 1653; x_wconf 91' lang='lat' dir='ltr'>undis</span> <span class='ocrx_word' id='word_1_102' title='bbox 1549 1613 1854 1666; x_wconf 87' lang='lat' dir='ltr'>emergere</span> <span class='ocrx_word' id='word_1_103' title='bbox 1897 1612 2022 1654; x_wconf 91' lang='lat' dir='ltr'>non</span> <span class='ocrx_word' id='word_1_104' title='bbox 2066 1597 2291 1654; x_wconf 90' lang='lat' dir='ltr'>sinunt.</span> 
     </span>
    </p>
   </div>
   <div class='ocr_carea' id='block_1_20' title="bbox 640 1678 2374 1759">
    <p class='ocr_par' dir='ltr' id='par_1_20' title="bbox 640 1678 2374 1759">
     <span class='ocr_line' id='line_1_20' title="bbox 640 1678 2374 1759; baseline 0 -16"><span class='ocrx_word' id='word_1_105' title='bbox 640 1689 807 1744; x_wconf 83' lang='lat' dir='ltr'>Hunc</span> <span class='ocrx_word' id='word_1_106' title='bbox 836 1685 915 1742; x_wconf 91' lang='lat' dir='ltr'>ad</span> <span class='ocrx_word' id='word_1_107' title='bbox 935 1684 1191 1742; x_wconf 90' lang='lat' dir='ltr'>modum</span> <span class='ocrx_word' id='word_1_108' title='bbox 1215 1685 1433 1742; x_wconf 89' lang='lat' dir='ltr'>horum</span> <span class='ocrx_word' id='word_1_109' title='bbox 1457 1701 1701 1759; x_wconf 88' lang='lat' dir='ltr'>quoque</span> <span class='ocrx_word' id='word_1_110' title='bbox 1747 1687 1964 1743; x_wconf 69' lang='lat' dir='ltr'>animm</span> <span class='ocrx_word' id='word_1_111' title='bbox 2003 1686 2141 1743; x_wconf 89' lang='lat' dir='ltr'>vino</span> <span class='ocrx_word' id='word_1_112' title='bbox 2168 1703 2296 1743; x_wconf 87' lang='lat' dir='ltr'>ma-</span> <span class='ocrx_word' id='word_1_113' title='bbox 2334 1678 2374 1732; x_wconf 87' lang='grc' dir='ltr'><strong>Β</strong></span> 
     </span>
    </p>
   </div>
   <div class='ocr_carea' id='block_1_21' title="bbox 637 1774 2294 1848">
    <p class='ocr_par' dir='ltr' id='par_1_21' title="bbox 637 1774 2294 1848">
     <span class='ocr_line' id='line_1_21' title="bbox 637 1774 2294 1848; baseline 0.001 -17"><span class='ocrx_word' id='word_1_114' title='bbox 637 1775 848 1831; x_wconf 88' lang='lat' dir='ltr'>dentes</span> <span class='ocrx_word' id='word_1_115' title='bbox 864 1774 1744 1848; x_wconf 83' lang='lat' dir='ltr'>submerguntur.Quapropter</span> <span class='ocrx_word' id='word_1_116' title='bbox 1757 1779 1821 1831; x_wconf 91' lang='lat' dir='ltr'>ut</span> <span class='ocrx_word' id='word_1_117' title='bbox 1828 1774 2056 1846; x_wconf 88' lang='lat' dir='ltr'>jactata</span> <span class='ocrx_word' id='word_1_118' title='bbox 2071 1780 2294 1848; x_wconf 83' lang='lat' dir='ltr'>tempe-</span> 
     </span>
    </p>
   </div>
   <div class='ocr_carea' id='block_1_22' title="bbox 639 1863 2290 1936">
    <p class='ocr_par' dir='ltr' id='par_1_22' title="bbox 639 1863 2290 1936">
     <span class='ocr_line' id='line_1_22' title="bbox 639 1863 2290 1936; baseline 0.001 -16"><span class='ocrx_word' id='word_1_119' title='bbox 639 1869 790 1921; x_wconf 82' lang='lat' dir='ltr'>state</span> <span class='ocrx_word' id='word_1_120' title='bbox 828 1863 1072 1933; x_wconf 86' lang='lat' dir='ltr'>navigia</span> <span class='ocrx_word' id='word_1_121' title='bbox 1121 1879 1261 1920; x_wconf 91' lang='lat' dir='ltr'>cum</span> <span class='ocrx_word' id='word_1_122' title='bbox 1318 1863 1458 1936; x_wconf 85' lang='lat' dir='ltr'>plus</span> <span class='ocrx_word' id='word_1_123' title='bbox 1496 1879 1674 1936; x_wconf 69' lang='lat' dir='ltr'>sequo</span> <span class='ocrx_word' id='word_1_124' title='bbox 1720 1869 2073 1930; x_wconf 86' lang='lat' dir='ltr'>onerantur,</span> <span class='ocrx_word' id='word_1_125' title='bbox 2108 1880 2290 1922; x_wconf 91' lang='lat' dir='ltr'>onere</span> 
     </span>
    </p>
   </div>
   <div class='ocr_carea' id='block_1_23' title="bbox 637 1951 2290 2027">
    <p class='ocr_par' dir='ltr' id='par_1_23' title="bbox 637 1951 2290 2027">
     <span class='ocr_line' id='line_1_23' title="bbox 637 1951 2290 2027; baseline 0 -17"><span class='ocrx_word' id='word_1_126' title='bbox 637 1954 826 2025; x_wconf 86' lang='lat' dir='ltr'>ejecto</span> <span class='ocrx_word' id='word_1_127' title='bbox 855 1968 1103 2009; x_wconf 87' lang='lat' dir='ltr'>necesse</span> <span class='ocrx_word' id='word_1_128' title='bbox 1135 1957 1227 2008; x_wconf 88' lang='lat' dir='ltr'>est</span> <span class='ocrx_word' id='word_1_129' title='bbox 1252 1951 1529 2009; x_wconf 86' lang='lat' dir='ltr'>allevari:</span> <span class='ocrx_word' id='word_1_130' title='bbox 1561 1953 1644 2011; x_wconf 89' lang='lat' dir='ltr'>ita</span> <span class='ocrx_word' id='word_1_131' title='bbox 1671 1958 1727 2010; x_wconf 91' lang='lat' dir='ltr'>et</span> <span class='ocrx_word' id='word_1_132' title='bbox 1753 1953 1815 2010; x_wconf 89' lang='lat' dir='ltr'>bi</span> <span class='ocrx_word' id='word_1_133' title='bbox 1844 1969 1916 2010; x_wconf 91' lang='lat' dir='ltr'>ea</span> <span class='ocrx_word' id='word_1_134' title='bbox 1956 1970 2095 2027; x_wconf 64' lang='lat' dir='ltr'>quas</span> <span class='ocrx_word' id='word_1_135' title='bbox 2123 1954 2290 2026; x_wconf 88' lang='lat' dir='ltr'>ipsos</span> 
     </span>
    </p>
   </div>
   <div class='ocr_carea' id='block_1_24' title="bbox 637 2040 2290 2112">
    <p class='ocr_par' dir='ltr' id='par_1_24' title="bbox 637 2040 2290 2112">
     <span class='ocr_line' id='line_1_24' title="bbox 637 2040 2290 2112; baseline 0.001 -14"><span class='ocrx_word' id='word_1_136' title='bbox 637 2046 914 2112; x_wconf 80' lang='lat' dir='ltr'>gravant,</span> <span class='ocrx_word' id='word_1_137' title='bbox 946 2040 1285 2097; x_wconf 89' lang='lat' dir='ltr'>necessario</span> <span class='ocrx_word' id='word_1_138' title='bbox 1305 2047 1580 2112; x_wconf 89' lang='lat' dir='ltr'>egerunt.</span> <span class='ocrx_word' id='word_1_139' title='bbox 1627 2041 1732 2098; x_wconf 82' lang='lat' dir='ltr'>Vix</span> <span class='ocrx_word' id='word_1_140' title='bbox 1775 2042 1936 2098; x_wconf 90' lang='lat' dir='ltr'>enim</span> <span class='ocrx_word' id='word_1_141' title='bbox 1978 2042 2210 2099; x_wconf 82' lang='lat' dir='ltr'>vomitu</span> <span class='ocrx_word' id='word_1_142' title='bbox 2232 2047 2290 2100; x_wconf 88' lang='lat' dir='ltr'>et</span> 
     </span>
    </p>
   </div>
   <div class='ocr_carea' id='block_1_25' title="bbox 633 2129 2286 2204">
    <p class='ocr_par' dir='ltr' id='par_1_25' title="bbox 633 2129 2286 2204">
     <span class='ocr_line' id='line_1_25' title="bbox 633 2129 2286 2204; baseline -0.001 -17"><span class='ocrx_word' id='word_1_143' title='bbox 633 2130 966 2204; x_wconf 88' lang='lat' dir='ltr'>dejectione</span> <span class='ocrx_word' id='word_1_144' title='bbox 984 2129 1063 2186; x_wconf 88' lang='lat' dir='ltr'>ab</span> <span class='ocrx_word' id='word_1_145' title='bbox 1073 2145 1255 2186; x_wconf 87' lang='lat' dir='ltr'>onere</span> <span class='ocrx_word' id='word_1_146' title='bbox 1273 2129 1621 2198; x_wconf 87' lang='lat' dir='ltr'>liberantur,</span> <span class='ocrx_word' id='word_1_147' title='bbox 1638 2135 1803 2187; x_wconf 91' lang='lat' dir='ltr'>tanto</span> <span class='ocrx_word' id='word_1_148' title='bbox 1820 2130 2286 2188; x_wconf 89' lang='lat' dir='ltr'>miserabiliores</span> 
     </span>
    </p>
   </div>
   <div class='ocr_carea' id='block_1_26' title="bbox 632 2219 2286 2293">
    <p class='ocr_par' dir='ltr' id='par_1_26' title="bbox 632 2219 2286 2293">
     <span class='ocr_line' id='line_1_26' title="bbox 632 2219 2286 2293; baseline 0 -16"><span class='ocrx_word' id='word_1_149' title='bbox 632 2220 942 2278; x_wconf 84' lang='lat' dir='ltr'>infeliciter</span> <span class='ocrx_word' id='word_1_150' title='bbox 970 2219 1419 2291; x_wconf 83' lang='lat' dir='ltr'>navigantibus,</span> <span class='ocrx_word' id='word_1_151' title='bbox 1446 2225 1745 2292; x_wconf 88' lang='lat' dir='ltr'>quantum</span> <span class='ocrx_word' id='word_1_152' title='bbox 1770 2220 1833 2276; x_wconf 86' lang='lat' dir='ltr'>hi</span> <span class='ocrx_word' id='word_1_153' title='bbox 1871 2221 2118 2293; x_wconf 88' lang='lat' dir='ltr'>quidem</span> <span class='ocrx_word' id='word_1_154' title='bbox 2145 2236 2286 2277; x_wconf 85' lang='lat' dir='ltr'>ven-</span> 
     </span>
    </p>
   </div>
   <div class='ocr_carea' id='block_1_27' title="bbox 631 2311 2282 2382">
    <p class='ocr_par' dir='ltr' id='par_1_27' title="bbox 631 2311 2282 2382">
     <span class='ocr_line' id='line_1_27' title="bbox 631 2311 2282 2382; baseline -0.001 -13"><span class='ocrx_word' id='word_1_155' title='bbox 631 2317 726 2369; x_wconf 89' lang='lat' dir='ltr'>tos</span> <span class='ocrx_word' id='word_1_156' title='bbox 767 2315 825 2368; x_wconf 91' lang='lat' dir='ltr'>et</span> <span class='ocrx_word' id='word_1_157' title='bbox 869 2327 1035 2368; x_wconf 91' lang='lat' dir='ltr'>mare</span> <span class='ocrx_word' id='word_1_158' title='bbox 1063 2314 1123 2366; x_wconf 89' lang='lat' dir='ltr'>et</span> <span class='ocrx_word' id='word_1_159' title='bbox 1165 2315 1410 2368; x_wconf 87' lang='lat' dir='ltr'>externa</span> <span class='ocrx_word' id='word_1_160' title='bbox 1438 2311 1871 2382; x_wconf 90' lang='lat' dir='ltr'>impedimenta</span> <span class='ocrx_word' id='word_1_161' title='bbox 1917 2316 2282 2368; x_wconf 82' lang='lat' dir='ltr'>causantur:</span> 
     </span>
    </p>
   </div>
   <div class='ocr_carea' id='block_1_28' title="bbox 628 2398 2284 2471">
    <p class='ocr_par' dir='ltr' id='par_1_28' title="bbox 628 2398 2284 2471">
     <span class='ocr_line' id='line_1_28' title="bbox 628 2398 2284 2471; baseline -0.001 -14"><span class='ocrx_word' id='word_1_162' title='bbox 628 2399 726 2457; x_wconf 89' lang='lat' dir='ltr'>ille</span> <span class='ocrx_word' id='word_1_163' title='bbox 753 2415 894 2455; x_wconf 87' lang='lat' dir='ltr'>vero</span> <span class='ocrx_word' id='word_1_164' title='bbox 930 2398 1235 2454; x_wconf 85' lang='lat' dir='ltr'>ebrietatis</span> <span class='ocrx_word' id='word_1_165' title='bbox 1276 2402 1696 2471; x_wconf 87' lang='lat' dir='ltr'>tempestatem</span> <span class='ocrx_word' id='word_1_166' title='bbox 1740 2398 1855 2454; x_wconf 88' lang='lat' dir='ltr'>sibi</span> <span class='ocrx_word' id='word_1_167' title='bbox 1882 2399 2029 2470; x_wconf 89' lang='lat' dir='ltr'>ipsis</span> <span class='ocrx_word' id='word_1_168' title='bbox 2069 2403 2284 2471; x_wconf 85' lang='lat' dir='ltr'>sponte</span> 
     </span>
    </p>
   </div>
   <div class='ocr_carea' id='block_1_29' title="bbox 629 2486 2282 2558">
    <p class='ocr_par' dir='ltr' id='par_1_29' title="bbox 629 2486 2282 2558">
     <span class='ocr_line' id='line_1_29' title="bbox 629 2486 2282 2558; baseline -0.001 -12"><span class='ocrx_word' id='word_1_169' title='bbox 629 2489 951 2546; x_wconf 87' lang='lat' dir='ltr'>asciscunt.</span> <span class='ocrx_word' id='word_1_170' title='bbox 981 2487 1093 2553; x_wconf 86' lang='lat' dir='ltr'>Qui</span> <span class='ocrx_word' id='word_1_171' title='bbox 1131 2503 1168 2543; x_wconf 88' lang='lat' dir='ltr'>a</span> <span class='ocrx_word' id='word_1_172' title='bbox 1213 2486 1492 2543; x_wconf 71' lang='lat' dir='ltr'>daamone</span> <span class='ocrx_word' id='word_1_173' title='bbox 1528 2487 1862 2558; x_wconf 84' lang='lat' dir='ltr'>obsidetur,</span> <span class='ocrx_word' id='word_1_174' title='bbox 1896 2487 2282 2544; x_wconf 88' lang='lat' dir='ltr'>miseratione</span> 
     </span>
    </p>
   </div>
   <div class='ocr_carea' id='block_1_30' title="bbox 628 2576 2280 2650">
    <p class='ocr_par' dir='ltr' id='par_1_30' title="bbox 628 2576 2280 2650">
     <span class='ocr_line' id='line_1_30' title="bbox 628 2576 2280 2650; baseline 0 -16"><span class='ocrx_word' id='word_1_175' title='bbox 628 2578 850 2648; x_wconf 89' lang='lat' dir='ltr'>dignus</span> <span class='ocrx_word' id='word_1_176' title='bbox 896 2581 1031 2633; x_wconf 89' lang='lat' dir='ltr'>est:</span> <span class='ocrx_word' id='word_1_177' title='bbox 1087 2576 1287 2632; x_wconf 89' lang='lat' dir='ltr'>ebrius</span> <span class='ocrx_word' id='word_1_178' title='bbox 1337 2591 1481 2632; x_wconf 90' lang='lat' dir='ltr'>vero</span> <span class='ocrx_word' id='word_1_179' title='bbox 1523 2576 1738 2632; x_wconf 88' lang='lat' dir='ltr'>eadem</span> <span class='ocrx_word' id='word_1_180' title='bbox 1795 2576 2155 2650; x_wconf 86' lang='lat' dir='ltr'>perpetiens,</span> <span class='ocrx_word' id='word_1_181' title='bbox 2202 2592 2280 2634; x_wconf 88' lang='lat' dir='ltr'>ne</span> 
     </span>
    </p>
   </div>
   <div class='ocr_carea' id='block_1_31' title="bbox 627 2663 2280 2738">
    <p class='ocr_par' dir='ltr' id='par_1_31' title="bbox 627 2663 2280 2738">
     <span class='ocr_line' id='line_1_31' title="bbox 627 2663 2280 2738; baseline -0.002 -15"><span class='ocrx_word' id='word_1_182' title='bbox 627 2665 848 2735; x_wconf 89' lang='lat' dir='ltr'>dignus</span> <span class='ocrx_word' id='word_1_183' title='bbox 878 2664 1128 2738; x_wconf 90' lang='lat' dir='ltr'>quidem</span> <span class='ocrx_word' id='word_1_184' title='bbox 1148 2668 1242 2720; x_wconf 91' lang='lat' dir='ltr'>est</span> <span class='ocrx_word' id='word_1_185' title='bbox 1260 2665 1434 2736; x_wconf 91' lang='lat' dir='ltr'>cujus</span> <span class='ocrx_word' id='word_1_186' title='bbox 1459 2664 1876 2733; x_wconf 88' lang='lat' dir='ltr'>misereamur,</span> <span class='ocrx_word' id='word_1_187' title='bbox 1899 2663 2280 2737; x_wconf 86' lang='lat' dir='ltr'>quandoqui-</span> 
     </span>
    </p>
   </div>
   <div class='ocr_carea' id='block_1_32' title="bbox 627 2753 2280 2825">
    <p class='ocr_par' dir='ltr' id='par_1_32' title="bbox 627 2753 2280 2825">
     <span class='ocr_line' id='line_1_32' title="bbox 627 2753 2280 2825; baseline -0.001 -14"><span class='ocrx_word' id='word_1_188' title='bbox 627 2754 767 2811; x_wconf 88' lang='lat' dir='ltr'>dem</span> <span class='ocrx_word' id='word_1_189' title='bbox 797 2769 936 2810; x_wconf 90' lang='lat' dir='ltr'>cum</span> <span class='ocrx_word' id='word_1_190' title='bbox 967 2754 1305 2810; x_wconf 89' lang='lat' dir='ltr'>voluntario</span> <span class='ocrx_word' id='word_1_191' title='bbox 1329 2753 1606 2810; x_wconf 65' lang='lat' dir='ltr'>daemone</span> <span class='ocrx_word' id='word_1_192' title='bbox 1637 2753 2010 2811; x_wconf 88' lang='lat' dir='ltr'>colluctatur.</span> <span class='ocrx_word' id='word_1_193' title='bbox 2041 2754 2110 2809; x_wconf 88' lang='lat' dir='ltr'>Hi</span> <span class='ocrx_word' id='word_1_194' title='bbox 2128 2769 2280 2825; x_wconf 72' lang='lat' dir='ltr'>prte-</span> 
     </span>
    </p>
   </div>
   <div class='ocr_carea' id='block_1_33' title="bbox 625 2843 2276 2916">
    <p class='ocr_par' dir='ltr' id='par_1_33' title="bbox 625 2843 2276 2916">
     <span class='ocr_line' id='line_1_33' title="bbox 625 2843 2276 2916; baseline 0 -16"><span class='ocrx_word' id='word_1_195' title='bbox 625 2848 791 2901; x_wconf 83' lang='lat' dir='ltr'>terea</span> <span class='ocrx_word' id='word_1_196' title='bbox 828 2845 1112 2916; x_wconf 59' lang='lat' dir='ltr'>quadam</span> <span class='ocrx_word' id='word_1_197' title='bbox 1159 2843 1458 2900; x_wconf 86' lang='lat' dir='ltr'>ebrietatis</span> <span class='ocrx_word' id='word_1_198' title='bbox 1505 2843 1837 2916; x_wconf 85' lang='lat' dir='ltr'>pharmaca</span> <span class='ocrx_word' id='word_1_199' title='bbox 1882 2848 2276 2916; x_wconf 90' lang='lat' dir='ltr'>componunt,</span> 
     </span>
    </p>
   </div>
   <div class='ocr_carea' id='block_1_34' title="bbox 624 2931 2277 3005">
    <p class='ocr_par' dir='ltr' id='par_1_34' title="bbox 624 2931 2277 3005">
     <span class='ocr_line' id='line_1_34' title="bbox 624 2931 2277 3005; baseline -0.001 -15"><span class='ocrx_word' id='word_1_200' title='bbox 624 2947 874 3003; x_wconf 89' lang='lat' dir='ltr'>operam</span> <span class='ocrx_word' id='word_1_201' title='bbox 902 2931 1388 3005; x_wconf 90' lang='lat' dir='ltr'>industriamque</span> <span class='ocrx_word' id='word_1_202' title='bbox 1416 2931 1478 2988; x_wconf 92' lang='lat' dir='ltr'>in</span> <span class='ocrx_word' id='word_1_203' title='bbox 1507 2948 1578 2989; x_wconf 88' lang='lat' dir='ltr'>eo</span> <span class='ocrx_word' id='word_1_204' title='bbox 1603 2938 1918 3005; x_wconf 88' lang='lat' dir='ltr'>ponentes,</span> <span class='ocrx_word' id='word_1_205' title='bbox 1949 2948 2072 2989; x_wconf 90' lang='lat' dir='ltr'>non</span> <span class='ocrx_word' id='word_1_206' title='bbox 2115 2938 2176 2989; x_wconf 88' lang='lat' dir='ltr'>ut</span> <span class='ocrx_word' id='word_1_207' title='bbox 2203 2948 2277 2988; x_wconf 90' lang='lat' dir='ltr'>ne</span> 
     </span>
    </p>
   </div>
   <div class='ocr_carea' id='block_1_35' title="bbox 633 3020 2276 3094">
    <p class='ocr_par' dir='ltr' id='par_1_35' title="bbox 633 3020 2276 3094">
     <span class='ocr_line' id='line_1_35' title="bbox 633 3020 2276 3094; baseline -0.002 -15"><span class='ocrx_word' id='word_1_208' title='bbox 633 3023 805 3094; x_wconf 73' lang='lat'>126</span> <span class='ocrx_word' id='word_1_209' title='bbox 835 3020 985 3094; x_wconf 89' lang='lat' dir='ltr'>quid</span> <span class='ocrx_word' id='word_1_210' title='bbox 1015 3020 1158 3077; x_wconf 87' lang='lat' dir='ltr'>mali</span> <span class='ocrx_word' id='word_1_211' title='bbox 1183 3036 1220 3078; x_wconf 89' lang='lat' dir='ltr'>a</span> <span class='ocrx_word' id='word_1_212' title='bbox 1247 3021 1389 3077; x_wconf 90' lang='lat' dir='ltr'>vino</span> <span class='ocrx_word' id='word_1_213' title='bbox 1419 3022 1746 3094; x_wconf 89' lang='lat' dir='ltr'>patiantur,</span> <span class='ocrx_word' id='word_1_214' title='bbox 1777 3021 1884 3078; x_wconf 91' lang='lat' dir='ltr'>sed</span> <span class='ocrx_word' id='word_1_215' title='bbox 1910 3025 1974 3078; x_wconf 91' lang='lat' dir='ltr'>ut</span> <span class='ocrx_word' id='word_1_216' title='bbox 2001 3021 2276 3094; x_wconf 91' lang='lat' dir='ltr'>ipsorum</span> 
     </span>
    </p>
   </div>
   <div class='ocr_carea' id='block_1_36' title="bbox 624 3110 2276 3184">
    <p class='ocr_par' dir='ltr' id='par_1_36' title="bbox 624 3110 2276 3184">
     <span class='ocr_line' id='line_1_36' title="bbox 624 3110 2276 3184; baseline 0 -18"><span class='ocrx_word' id='word_1_217' title='bbox 624 3110 883 3167; x_wconf 88' lang='lat' dir='ltr'>ebrietas</span> <span class='ocrx_word' id='word_1_218' title='bbox 895 3111 1056 3180; x_wconf 91' lang='lat' dir='ltr'>jugis</span> <span class='ocrx_word' id='word_1_219' title='bbox 1076 3111 1218 3166; x_wconf 90' lang='lat' dir='ltr'>sitet</span> <span class='ocrx_word' id='word_1_220' title='bbox 1234 3110 1504 3167; x_wconf 84' lang='lat' dir='ltr'>assidua.</span> <span class='ocrx_word' id='word_1_221' title='bbox 1520 3110 1686 3166; x_wconf 86' lang='lat' dir='ltr'>Enim</span> <span class='ocrx_word' id='word_1_222' title='bbox 1710 3127 1868 3179; x_wconf 80' lang='lat' dir='ltr'>vero,</span> <span class='ocrx_word' id='word_1_223' title='bbox 1884 3110 2094 3168; x_wconf 90' lang='lat' dir='ltr'>saltem</span> <span class='ocrx_word' id='word_1_224' title='bbox 2111 3110 2276 3184; x_wconf 93' lang='lat' dir='ltr'>quod</span> 
     </span>
    </p>
   </div>
   <div class='ocr_carea' id='block_1_37' title="bbox 624 3199 2275 3272">
    <p class='ocr_par' dir='ltr' id='par_1_37' title="bbox 624 3199 2275 3272">
     <span class='ocr_line' id='line_1_37' title="bbox 624 3199 2275 3272; baseline 0.001 -16"><span class='ocrx_word' id='word_1_225' title='bbox 624 3199 703 3256; x_wconf 86' lang='lat' dir='ltr'>ad</span> <span class='ocrx_word' id='word_1_226' title='bbox 728 3199 977 3272; x_wconf 88' lang='lat' dir='ltr'>potandi</span> <span class='ocrx_word' id='word_1_227' title='bbox 999 3205 1237 3271; x_wconf 91' lang='lat' dir='ltr'>tempus</span> <span class='ocrx_word' id='word_1_228' title='bbox 1259 3200 1486 3265; x_wconf 86' lang='lat' dir='ltr'>attinet,</span> <span class='ocrx_word' id='word_1_229' title='bbox 1504 3200 1724 3269; x_wconf 81' lang='lat' dir='ltr'>exigua</span> <span class='ocrx_word' id='word_1_230' title='bbox 1743 3199 1831 3255; x_wconf 93' lang='lat' dir='ltr'>eis</span> <span class='ocrx_word' id='word_1_231' title='bbox 1854 3205 1946 3256; x_wconf 90' lang='lat' dir='ltr'>est</span> <span class='ocrx_word' id='word_1_232' title='bbox 1967 3200 2116 3266; x_wconf 89' lang='lat' dir='ltr'>dies,</span> <span class='ocrx_word' id='word_1_233' title='bbox 2142 3201 2275 3257; x_wconf 88' lang='lat' dir='ltr'>bre-</span> 
     </span>
    </p>
   </div>
   <div class='ocr_carea' id='block_1_38' title="bbox 622 3287 2276 3359">
    <p class='ocr_par' dir='ltr' id='par_1_38' title="bbox 622 3287 2276 3359">
     <span class='ocr_line' id='line_1_38' title="bbox 622 3287 2276 3359; baseline 0.001 -15"><span class='ocrx_word' id='word_1_234' title='bbox 622 3289 714 3344; x_wconf 88' lang='lat' dir='ltr'>vis</span> <span class='ocrx_word' id='word_1_235' title='bbox 733 3287 938 3344; x_wconf 91' lang='lat' dir='ltr'>itidem</span> <span class='ocrx_word' id='word_1_236' title='bbox 954 3304 1076 3344; x_wconf 93' lang='lat' dir='ltr'>nox</span> <span class='ocrx_word' id='word_1_237' title='bbox 1095 3287 1187 3343; x_wconf 88' lang='lat' dir='ltr'>vel</span> <span class='ocrx_word' id='word_1_238' title='bbox 1200 3288 1474 3344; x_wconf 86' lang='lat' dir='ltr'>hiberna.</span> <span class='ocrx_word' id='word_1_239' title='bbox 1492 3287 1756 3359; x_wconf 87' lang='lat' dir='ltr'>Denique</span> <span class='ocrx_word' id='word_1_240' title='bbox 1774 3288 1873 3358; x_wconf 85' lang='lat' dir='ltr'>huj</span> <span class='ocrx_word' id='word_1_241' title='bbox 1886 3305 1953 3342; x_wconf 85' lang='lat' dir='ltr'>us</span> <span class='ocrx_word' id='word_1_242' title='bbox 1976 3289 2118 3344; x_wconf 88' lang='lat' dir='ltr'>mali</span> <span class='ocrx_word' id='word_1_243' title='bbox 2139 3291 2276 3346; x_wconf 79' lang='lat' dir='ltr'>linis</span> 
     </span>
    </p>
   </div>
   <div class='ocr_carea' id='block_1_39' title="bbox 622 3376 2274 3449">
    <p class='ocr_par' dir='ltr' id='par_1_39' title="bbox 622 3376 2274 3449">
     <span class='ocr_line' id='line_1_39' title="bbox 622 3376 2274 3449; baseline 0.001 -16"><span class='ocrx_word' id='word_1_244' title='bbox 622 3376 824 3433; x_wconf 88' lang='lat' dir='ltr'>nullus</span> <span class='ocrx_word' id='word_1_245' title='bbox 861 3381 968 3433; x_wconf 83' lang='lat' dir='ltr'>est.</span> <span class='ocrx_word' id='word_1_246' title='bbox 1013 3381 1162 3433; x_wconf 86' lang='lat' dir='ltr'>Nam</span> <span class='ocrx_word' id='word_1_247' title='bbox 1209 3377 1408 3448; x_wconf 84' lang='lat' dir='ltr'>ipsum</span> <span class='ocrx_word' id='word_1_248' title='bbox 1455 3392 1516 3432; x_wconf 92' lang='lat' dir='ltr'>se</span> <span class='ocrx_word' id='word_1_249' title='bbox 1556 3392 1790 3432; x_wconf 89' lang='lat' dir='ltr'>merum</span> <span class='ocrx_word' id='word_1_250' title='bbox 1831 3384 2144 3449; x_wconf 89' lang='lat' dir='ltr'>promovet</span> <span class='ocrx_word' id='word_1_251' title='bbox 2195 3379 2274 3436; x_wconf 88' lang='lat' dir='ltr'>ad</span> 
     </span>
    </p>
   </div>
   <div class='ocr_carea' id='block_1_40' title="bbox 621 3465 2270 3538">
    <p class='ocr_par' dir='ltr' id='par_1_40' title="bbox 621 3465 2270 3538">
     <span class='ocr_line' id='line_1_40' title="bbox 621 3465 2270 3538; baseline 0.001 -16"><span class='ocrx_word' id='word_1_252' title='bbox 621 3465 903 3538; x_wconf 86' lang='lat' dir='ltr'>amplius.</span> <span class='ocrx_word' id='word_1_253' title='bbox 936 3468 1085 3522; x_wconf 87' lang='lat' dir='ltr'>Nam</span> <span class='ocrx_word' id='word_1_254' title='bbox 1108 3465 1268 3521; x_wconf 92' lang='lat' dir='ltr'>enim</span> <span class='ocrx_word' id='word_1_255' title='bbox 1297 3465 1456 3521; x_wconf 90' lang='lat' dir='ltr'>levat</span> <span class='ocrx_word' id='word_1_256' title='bbox 1475 3465 1934 3521; x_wconf 84' lang='lat' dir='ltr'>necessitatem:</span> <span class='ocrx_word' id='word_1_257' title='bbox 1977 3466 2082 3521; x_wconf 90' lang='lat' dir='ltr'>sed</span> <span class='ocrx_word' id='word_1_258' title='bbox 2121 3467 2270 3524; x_wconf 87' lang='lat' dir='ltr'>alte-</span> 
     </span>
    </p>
   </div>
   <div class='ocr_carea' id='block_1_41' title="bbox 617 3553 2270 3628">
    <p class='ocr_par' dir='ltr' id='par_1_41' title="bbox 617 3553 2270 3628">
     <span class='ocr_line' id='line_1_41' title="bbox 617 3553 2270 3628; baseline 0.001 -17"><span class='ocrx_word' id='word_1_259' title='bbox 617 3556 742 3612; x_wconf 89' lang='lat' dir='ltr'>rius</span> <span class='ocrx_word' id='word_1_260' title='bbox 818 3559 995 3628; x_wconf 89' lang='lat' dir='ltr'>potus</span> <span class='ocrx_word' id='word_1_261' title='bbox 1068 3554 1485 3611; x_wconf 89' lang='lat' dir='ltr'>necessitatem</span> <span class='ocrx_word' id='word_1_262' title='bbox 1551 3553 1958 3611; x_wconf 83' lang='lat' dir='ltr'>inevitabilem</span> <span class='ocrx_word' id='word_1_263' title='bbox 2019 3556 2270 3626; x_wconf 90' lang='lat' dir='ltr'>inducit,</span> 
     </span>
    </p>
   </div>
   <div class='ocr_carea' id='block_1_42' title="bbox 619 3643 2269 3717">
    <p class='ocr_par' dir='ltr' id='par_1_42' title="bbox 619 3643 2269 3717">
     <span class='ocr_line' id='line_1_42' title="bbox 619 3643 2269 3717; baseline 0.001 -17"><span class='ocrx_word' id='word_1_264' title='bbox 619 3659 876 3700; x_wconf 81' lang='lat' dir='ltr'>exurens</span> <span class='ocrx_word' id='word_1_265' title='bbox 930 3643 1282 3710; x_wconf 88' lang='lat' dir='ltr'>inebriatos,</span> <span class='ocrx_word' id='word_1_266' title='bbox 1333 3658 1691 3715; x_wconf 88' lang='lat' dir='ltr'>semperque</span> <span class='ocrx_word' id='word_1_267' title='bbox 1731 3643 2098 3700; x_wconf 87' lang='lat' dir='ltr'>desiderium</span> <span class='ocrx_word' id='word_1_268' title='bbox 2132 3646 2269 3717; x_wconf 79' lang='lat' dir='ltr'>plus</span> 
     </span>
    </p>
   </div>
   <div class='ocr_carea' id='block_1_43' title="bbox 615 3731 2272 3805">
    <p class='ocr_par' dir='ltr' id='par_1_43' title="bbox 615 3731 2272 3805">
     <span class='ocr_line' id='line_1_43' title="bbox 615 3731 2272 3805; baseline 0 -15"><span class='ocrx_word' id='word_1_269' title='bbox 615 3732 867 3791; x_wconf 88' lang='lat' dir='ltr'>bibendi</span> <span class='ocrx_word' id='word_1_270' title='bbox 891 3748 1248 3805; x_wconf 88' lang='lat' dir='ltr'>provocans.</span> <span class='ocrx_word' id='word_1_271' title='bbox 1277 3732 1392 3789; x_wconf 89' lang='lat' dir='ltr'>Sed</span> <span class='ocrx_word' id='word_1_272' title='bbox 1412 3731 1559 3788; x_wconf 92' lang='lat' dir='ltr'>dum</span> <span class='ocrx_word' id='word_1_273' title='bbox 1578 3731 1999 3805; x_wconf 81' lang='lat' dir='ltr'>inexplebilem</span> <span class='ocrx_word' id='word_1_274' title='bbox 2023 3733 2272 3790; x_wconf 84' lang='lat' dir='ltr'>bibendi</span> 
     </span>
    </p>
   </div>
   <div class='ocr_carea' id='block_1_44' title="bbox 617 3821 2270 3895">
    <p class='ocr_par' dir='ltr' id='par_1_44' title="bbox 617 3821 2270 3895">
     <span class='ocr_line' id='line_1_44' title="bbox 617 3821 2270 3895; baseline 0.001 -18"><span class='ocrx_word' id='word_1_275' title='bbox 617 3821 777 3878; x_wconf 87' lang='lat' dir='ltr'>sitim</span> <span class='ocrx_word' id='word_1_276' title='bbox 805 3821 920 3878; x_wconf 90' lang='lat' dir='ltr'>sibi</span> <span class='ocrx_word' id='word_1_277' title='bbox 946 3837 1302 3895; x_wconf 86' lang='lat' dir='ltr'>comparare</span> <span class='ocrx_word' id='word_1_278' title='bbox 1323 3821 1608 3891; x_wconf 91' lang='lat' dir='ltr'>cogitant,</span> <span class='ocrx_word' id='word_1_279' title='bbox 1633 3827 1841 3878; x_wconf 87' lang='lat' dir='ltr'>contra</span> <span class='ocrx_word' id='word_1_280' title='bbox 1863 3826 2044 3894; x_wconf 87' lang='lat' dir='ltr'>atque</span> <span class='ocrx_word' id='word_1_281' title='bbox 2064 3822 2270 3879; x_wconf 90' lang='lat' dir='ltr'>animo</span> 
     </span>
    </p>
   </div>
   <div class='ocr_carea' id='block_1_45' title="bbox 617 3909 2270 3968">
    <p class='ocr_par' dir='ltr' id='par_1_45' title="bbox 617 3909 2270 3968">
     <span class='ocr_line' id='line_1_45' title="bbox 617 3909 2270 3968; baseline 0 0"><span class='ocrx_word' id='word_1_282' title='bbox 617 3911 995 3968; x_wconf 87' lang='lat' dir='ltr'>destinarunt</span> <span class='ocrx_word' id='word_1_283' title='bbox 1025 3911 1262 3967; x_wconf 85' lang='lat' dir='ltr'>accidit.</span> <span class='ocrx_word' id='word_1_284' title='bbox 1296 3913 1445 3967; x_wconf 86' lang='lat' dir='ltr'>Nam</span> <span class='ocrx_word' id='word_1_285' title='bbox 1476 3909 1722 3966; x_wconf 89' lang='lat' dir='ltr'>assiduo</span> <span class='ocrx_word' id='word_1_286' title='bbox 1761 3909 2114 3967; x_wconf 89' lang='lat' dir='ltr'>deliciarum</span> <span class='ocrx_word' id='word_1_287' title='bbox 2156 3929 2270 3968; x_wconf 90' lang='lat' dir='ltr'>usu</span> 
     </span>
    </p>
   </div>
   <div class='ocr_carea' id='block_1_46' title="bbox 616 3999 2270 4070">
    <p class='ocr_par' dir='ltr' id='par_1_46' title="bbox 616 3999 2270 4070">
     <span class='ocr_line' id='line_1_46' title="bbox 616 3999 2270 4070; baseline 0 -13"><span class='ocrx_word' id='word_1_288' title='bbox 616 4017 758 4058; x_wconf 87' lang='lat' dir='ltr'>suos</span> <span class='ocrx_word' id='word_1_289' title='bbox 797 4016 1009 4057; x_wconf 90' lang='lat' dir='ltr'>sensus</span> <span class='ocrx_word' id='word_1_290' title='bbox 1028 3999 1352 4070; x_wconf 89' lang='lat' dir='ltr'>languidos</span> <span class='ocrx_word' id='word_1_291' title='bbox 1394 3999 1657 4055; x_wconf 88' lang='lat' dir='ltr'>reddunt</span> <span class='ocrx_word' id='word_1_292' title='bbox 1697 4015 1768 4056; x_wconf 90' lang='lat' dir='ltr'>ac</span> <span class='ocrx_word' id='word_1_293' title='bbox 1816 4004 2073 4058; x_wconf 88' lang='lat' dir='ltr'>retusos.</span> <span class='ocrx_word' id='word_1_294' title='bbox 2111 4001 2270 4058; x_wconf 90' lang='lat' dir='ltr'>Sicut</span> 
     </span>
    </p>
   </div>
   <div class='ocr_carea' id='block_1_47' title="bbox 615 4087 2266 4160">
    <p class='ocr_par' dir='ltr' id='par_1_47' title="bbox 615 4087 2266 4160">
     <span class='ocr_line' id='line_1_47' title="bbox 615 4087 2266 4160; baseline -0.001 -13"><span class='ocrx_word' id='word_1_295' title='bbox 615 4091 780 4147; x_wconf 87' lang='lat' dir='ltr'>enim</span> <span class='ocrx_word' id='word_1_296' title='bbox 806 4089 1030 4146; x_wconf 90' lang='lat' dir='ltr'>nimius</span> <span class='ocrx_word' id='word_1_297' title='bbox 1055 4087 1254 4158; x_wconf 83' lang='lat' dir='ltr'>fulgor</span> <span class='ocrx_word' id='word_1_298' title='bbox 1280 4087 1481 4143; x_wconf 90' lang='lat' dir='ltr'>visum</span> <span class='ocrx_word' id='word_1_299' title='bbox 1510 4087 1775 4153; x_wconf 89' lang='lat' dir='ltr'>hebetat,</span> <span class='ocrx_word' id='word_1_300' title='bbox 1799 4093 1856 4144; x_wconf 91' lang='lat' dir='ltr'>et</span> <span class='ocrx_word' id='word_1_301' title='bbox 1883 4087 2038 4145; x_wconf 90' lang='lat' dir='ltr'>sicut</span> <span class='ocrx_word' id='word_1_302' title='bbox 2061 4089 2166 4160; x_wconf 88' lang='lat' dir='ltr'>qui</span> <span class='ocrx_word' id='word_1_303' title='bbox 2188 4089 2266 4146; x_wconf 89' lang='lat' dir='ltr'>ab</span> 
     </span>
    </p>
   </div>
   <div class='ocr_carea' id='block_1_48' title="bbox 613 4175 2269 4249">
    <p class='ocr_par' dir='ltr' id='par_1_48' title="bbox 613 4175 2269 4249">
     <span class='ocr_line' id='line_1_48' title="bbox 613 4175 2269 4249; baseline 0 -14"><span class='ocrx_word' id='word_1_304' title='bbox 613 4178 844 4249; x_wconf 86' lang='lat' dir='ltr'>ingenti</span> <span class='ocrx_word' id='word_1_305' title='bbox 873 4193 1024 4234; x_wconf 91' lang='lat' dir='ltr'>sono</span> <span class='ocrx_word' id='word_1_306' title='bbox 1052 4193 1124 4234; x_wconf 88' lang='lat' dir='ltr'>ac</span> <span class='ocrx_word' id='word_1_307' title='bbox 1151 4177 1390 4248; x_wconf 80' lang='lat' dir='ltr'>fragore</span> <span class='ocrx_word' id='word_1_308' title='bbox 1419 4175 1858 4247; x_wconf 89' lang='lat' dir='ltr'>obtunduntur,</span> <span class='ocrx_word' id='word_1_309' title='bbox 1881 4177 1962 4233; x_wconf 91' lang='lat' dir='ltr'>ob</span> <span class='ocrx_word' id='word_1_310' title='bbox 1991 4177 2269 4235; x_wconf 90' lang='lat' dir='ltr'>immodi-</span> 
     </span>
    </p>
   </div>
   <div class='ocr_carea' id='block_1_49' title="bbox 614 4247 2344 4338">
    <p class='ocr_par' dir='ltr' id='par_1_49' title="bbox 614 4247 2344 4338">
     <span class='ocr_line' id='line_1_49' title="bbox 614 4247 2344 4338; baseline 0.001 -16"><span class='ocrx_word' id='word_1_311' title='bbox 614 4247 755 4322; x_wconf 80' lang='lat' dir='ltr'>cum</span> <span class='ocrx_word' id='word_1_312' title='bbox 808 4274 1166 4338; x_wconf 84' lang='lat' dir='ltr'>percussum</span> <span class='ocrx_word' id='word_1_313' title='bbox 1218 4280 1289 4320; x_wconf 88' lang='lat' dir='ltr'>eo</span> <span class='ocrx_word' id='word_1_314' title='bbox 1337 4263 1686 4332; x_wconf 87' lang='lat' dir='ltr'>deveniunt,</span> <span class='ocrx_word' id='word_1_315' title='bbox 1737 4268 1801 4321; x_wconf 90' lang='lat' dir='ltr'>ut</span> <span class='ocrx_word' id='word_1_316' title='bbox 1841 4264 1989 4321; x_wconf 88' lang='lat' dir='ltr'>nihil</span> <span class='ocrx_word' id='word_1_317' title='bbox 2017 4265 2266 4323; x_wconf 91' lang='lat' dir='ltr'>omnino</span> <span class='ocrx_word' id='word_1_318' title='bbox 2303 4247 2344 4302; x_wconf 78' lang='grc' dir='ltr'>Ῑ)</span> 
     </span>
    </p>
   </div>
   <div class='ocr_carea' id='block_1_50' title="bbox 613 4352 2267 4426">
    <p class='ocr_par' dir='ltr' id='par_1_50' title="bbox 613 4352 2267 4426">
     <span class='ocr_line' id='line_1_50' title="bbox 613 4352 2267 4426; baseline 0.001 -16"><span class='ocrx_word' id='word_1_319' title='bbox 613 4355 904 4411; x_wconf 88' lang='lat' dir='ltr'>audiant:</span> <span class='ocrx_word' id='word_1_320' title='bbox 936 4355 1020 4411; x_wconf 87' lang='lat' dir='ltr'>sic</span> <span class='ocrx_word' id='word_1_321' title='bbox 1045 4354 1227 4411; x_wconf 87' lang='lat' dir='ltr'>etiam</span> <span class='ocrx_word' id='word_1_322' title='bbox 1253 4352 1315 4410; x_wconf 88' lang='lat' dir='ltr'>hi</span> <span class='ocrx_word' id='word_1_323' title='bbox 1343 4369 1466 4426; x_wconf 70' lang='lat' dir='ltr'>prus</span> <span class='ocrx_word' id='word_1_324' title='bbox 1495 4352 1684 4409; x_wconf 90' lang='lat' dir='ltr'>nimio</span> <span class='ocrx_word' id='word_1_325' title='bbox 1708 4352 2037 4426; x_wconf 88' lang='lat' dir='ltr'>voluptatis</span> <span class='ocrx_word' id='word_1_326' title='bbox 2069 4355 2267 4412; x_wconf 90' lang='lat' dir='ltr'>studio</span> 
     </span>
    </p>
   </div>
   <div class='ocr_carea' id='block_1_51' title="bbox 611 4441 2266 4516">
    <p class='ocr_par' dir='ltr' id='par_1_51' title="bbox 611 4441 2266 4516">
     <span class='ocr_line' id='line_1_51' title="bbox 611 4441 2266 4516; baseline 0.002 -18"><span class='ocrx_word' id='word_1_327' title='bbox 611 4441 1024 4516; x_wconf 83' lang='lat' dir='ltr'>imprudentes</span> <span class='ocrx_word' id='word_1_328' title='bbox 1068 4447 1125 4500; x_wconf 87' lang='lat' dir='ltr'>et</span> <span class='ocrx_word' id='word_1_329' title='bbox 1164 4443 1387 4500; x_wconf 89' lang='lat' dir='ltr'>incauti</span> <span class='ocrx_word' id='word_1_330' title='bbox 1431 4441 1807 4515; x_wconf 86' lang='lat' dir='ltr'>voluptatem</span> <span class='ocrx_word' id='word_1_331' title='bbox 1839 4443 2136 4500; x_wconf 89' lang='lat' dir='ltr'>amittunt.</span> <span class='ocrx_word' id='word_1_332' title='bbox 2180 4445 2266 4501; x_wconf 90' lang='lat' dir='ltr'>Vi-</span> 
     </span>
    </p>
   </div>
   <div class='ocr_carea' id='block_1_52' title="bbox 610 4531 2268 4604">
    <p class='ocr_par' dir='ltr' id='par_1_52' title="bbox 610 4531 2268 4604">
     <span class='ocr_line' id='line_1_52' title="bbox 610 4531 2268 4604; baseline 0.002 -18"><span class='ocrx_word' id='word_1_333' title='bbox 610 4547 758 4592; x_wconf 86' lang='lat' dir='ltr'>num</span> <span class='ocrx_word' id='word_1_334' title='bbox 786 4547 1074 4604; x_wconf 89' lang='lat' dir='ltr'>namque,</span> <span class='ocrx_word' id='word_1_335' title='bbox 1105 4533 1213 4590; x_wconf 91' lang='lat' dir='ltr'>etsi</span> <span class='ocrx_word' id='word_1_336' title='bbox 1240 4548 1496 4599; x_wconf 86' lang='lat' dir='ltr'>merum,</span> <span class='ocrx_word' id='word_1_337' title='bbox 1526 4531 1671 4603; x_wconf 90' lang='lat' dir='ltr'>ipsis</span> <span class='ocrx_word' id='word_1_338' title='bbox 1706 4537 1792 4588; x_wconf 86' lang='lat' dir='ltr'>est</span> <span class='ocrx_word' id='word_1_339' title='bbox 1830 4532 2165 4604; x_wconf 90' lang='lat' dir='ltr'>insipidum</span> <span class='ocrx_word' id='word_1_340' title='bbox 2211 4537 2268 4590; x_wconf 89' lang='lat' dir='ltr'>et</span> 
     </span>
    </p>
   </div>
   <div class='ocr_carea' id='block_1_53' title="bbox 608 4620 2264 4693">
    <p class='ocr_par' dir='ltr' id='par_1_53' title="bbox 608 4620 2264 4693">
     <span class='ocr_line' id='line_1_53' title="bbox 608 4620 2264 4693; baseline 0.001 -15"><span class='ocrx_word' id='word_1_341' title='bbox 608 4636 785 4693; x_wconf 74' lang='lat' dir='ltr'>aquas</span> <span class='ocrx_word' id='word_1_342' title='bbox 826 4620 1053 4677; x_wconf 88' lang='lat' dir='ltr'>simile:</span> <span class='ocrx_word' id='word_1_343' title='bbox 1104 4637 1245 4678; x_wconf 91' lang='lat' dir='ltr'>cum</span> <span class='ocrx_word' id='word_1_344' title='bbox 1285 4637 1429 4678; x_wconf 89' lang='lat' dir='ltr'>vero</span> <span class='ocrx_word' id='word_1_345' title='bbox 1477 4621 1687 4677; x_wconf 91' lang='lat' dir='ltr'>vinum</span> <span class='ocrx_word' id='word_1_346' title='bbox 1728 4637 1938 4678; x_wconf 88' lang='lat' dir='ltr'>recens</span> <span class='ocrx_word' id='word_1_347' title='bbox 1985 4623 2264 4689; x_wconf 88' lang='lat' dir='ltr'>sumitur,</span> 
     </span>
    </p>
   </div>
   <div class='ocr_carea' id='block_1_54' title="bbox 606 4709 2263 4782">
    <p class='ocr_par' dir='ltr' id='par_1_54' title="bbox 606 4709 2263 4782">
     <span class='ocr_line' id='line_1_54' title="bbox 606 4709 2263 4782; baseline 0.002 -16"><span class='ocrx_word' id='word_1_348' title='bbox 606 4709 845 4766; x_wconf 78' lang='lat' dir='ltr'>videtur</span> <span class='ocrx_word' id='word_1_349' title='bbox 885 4709 1189 4782; x_wconf 91' lang='lat' dir='ltr'>tepidum;</span> <span class='ocrx_word' id='word_1_350' title='bbox 1237 4710 1299 4766; x_wconf 91' lang='lat' dir='ltr'>id</span> <span class='ocrx_word' id='word_1_351' title='bbox 1329 4710 1438 4766; x_wconf 91' lang='lat' dir='ltr'>etsi</span> <span class='ocrx_word' id='word_1_352' title='bbox 1468 4711 1952 4768; x_wconf 89' lang='lat' dir='ltr'>recentissimum</span> <span class='ocrx_word' id='word_1_353' title='bbox 1996 4717 2106 4778; x_wconf 91' lang='lat' dir='ltr'>est,</span> <span class='ocrx_word' id='word_1_354' title='bbox 2156 4713 2263 4770; x_wconf 91' lang='lat' dir='ltr'>etsi</span> 
     </span>
    </p>
   </div>
   <div class='ocr_carea' id='block_1_55' title="bbox 609 4798 2262 4872">
    <p class='ocr_par' dir='ltr' id='par_1_55' title="bbox 609 4798 2262 4872">
     <span class='ocr_line' id='line_1_55' title="bbox 609 4798 2262 4872; baseline 0 -16"><span class='ocrx_word' id='word_1_355' title='bbox 609 4799 713 4856; x_wconf 86' lang='lat' dir='ltr'>nix</span> <span class='ocrx_word' id='word_1_356' title='bbox 735 4798 890 4872; x_wconf 89' lang='lat' dir='ltr'>ipsa,</span> <span class='ocrx_word' id='word_1_357' title='bbox 915 4805 1116 4856; x_wconf 87' lang='lat' dir='ltr'>tamen</span> <span class='ocrx_word' id='word_1_358' title='bbox 1143 4799 1459 4855; x_wconf 86' lang='lat' dir='ltr'>ﬂammam</span> <span class='ocrx_word' id='word_1_359' title='bbox 1491 4814 1564 4854; x_wconf 86' lang='lat' dir='ltr'>ex</span> <span class='ocrx_word' id='word_1_360' title='bbox 1585 4799 1912 4856; x_wconf 89' lang='lat' dir='ltr'>immodico</span> <span class='ocrx_word' id='word_1_361' title='bbox 1935 4801 2074 4856; x_wconf 89' lang='lat' dir='ltr'>vino</span> <span class='ocrx_word' id='word_1_362' title='bbox 2101 4801 2262 4858; x_wconf 91' lang='lat' dir='ltr'>intus</span> 
     </span>
    </p>
   </div>
   <div class='ocr_carea' id='block_1_56' title="bbox 607 4887 2265 4961">
    <p class='ocr_par' dir='ltr' id='par_1_56' title="bbox 607 4887 2265 4961">
     <span class='ocr_line' id='line_1_56' title="bbox 607 4887 2265 4961; baseline 0.001 -17"><span class='ocrx_word' id='word_1_363' title='bbox 607 4889 670 4944; x_wconf 88' lang='lat' dir='ltr'>in</span> <span class='ocrx_word' id='word_1_364' title='bbox 707 4888 858 4961; x_wconf 87' lang='lat' dir='ltr'>ipsis</span> <span class='ocrx_word' id='word_1_365' title='bbox 908 4903 1232 4944; x_wconf 90' lang='lat' dir='ltr'>accensam</span> <span class='ocrx_word' id='word_1_366' title='bbox 1269 4887 1648 4957; x_wconf 84' lang='lat' dir='ltr'>exstinguere</span> <span class='ocrx_word' id='word_1_367' title='bbox 1705 4903 1828 4943; x_wconf 90' lang='lat' dir='ltr'>non</span> <span class='ocrx_word' id='word_1_368' title='bbox 1883 4892 2098 4960; x_wconf 91' lang='lat' dir='ltr'>potest.</span> <span class='ocrx_word' id='word_1_369' title='bbox 2150 4889 2265 4946; x_wconf 83' lang='lat' dir='ltr'>Cui</span> 
     </span>
    </p>
   </div>
   <div class='ocr_carea' id='block_1_57' title="bbox 608 4974 2259 5045">
    <p class='ocr_par' dir='ltr' id='par_1_57' title="bbox 608 4974 2259 5045">
     <span class='ocr_line' id='line_1_57' title="bbox 608 4974 2259 5045; baseline 0.002 -12"><span class='ocrx_word' id='word_1_370' title='bbox 608 4991 694 5033; x_wconf 59' lang='lat' dir='ltr'>vx</span> <span class='ocrx_word' id='word_1_371' title='bbox 718 4979 748 5032; x_wconf 81' lang='lat'><strong><em>?</em></strong></span> <span class='ocrx_word' id='word_1_372' title='bbox 785 4977 884 5033; x_wconf 82' lang='lat' dir='ltr'>cui</span> <span class='ocrx_word' id='word_1_373' title='bbox 913 4977 1208 5034; x_wconf 77' lang='lat' dir='ltr'>tumultus</span> <span class='ocrx_word' id='word_1_374' title='bbox 1229 4981 1257 5032; x_wconf 82' lang='lat'><strong><em>?</em></strong></span> <span class='ocrx_word' id='word_1_375' title='bbox 1295 4975 1397 5032; x_wconf 79' lang='lat' dir='ltr'>cui</span> <span class='ocrx_word' id='word_1_376' title='bbox 1420 4974 1662 5045; x_wconf 80' lang='lat' dir='ltr'>judicia</span> <span class='ocrx_word' id='word_1_377' title='bbox 1685 4978 1712 5030; x_wconf 89' lang='lat'><strong><em>?</em></strong></span> <span class='ocrx_word' id='word_1_378' title='bbox 1749 4976 1848 5032; x_wconf 79' lang='lat' dir='ltr'>cui</span> <span class='ocrx_word' id='word_1_379' title='bbox 1876 4977 2164 5036; x_wconf 69' lang='lat' dir='ltr'>molestia?</span> <span class='ocrx_word' id='word_1_380' title='bbox 2200 4984 2259 5036; x_wconf 80' lang='lat' dir='ltr'>et</span> 
     </span>
    </p>
   </div>
   <div class='ocr_carea' id='block_1_58' title="bbox 678 5151 2258 5230">
    <p class='ocr_par' dir='ltr' id='par_1_58' title="bbox 678 5151 2258 5230">
     <span class='ocr_line' id='line_1_58' title="bbox 678 5151 2258 5230; baseline 0.001 -19"><span class='ocrx_word' id='word_1_381' title='bbox 678 5155 790 5227; x_wconf 84' lang='lat'>(36)</span> <span class='ocrx_word' id='word_1_382' title='bbox 821 5153 1056 5225; x_wconf 86' lang='lat' dir='ltr'>Legitur</span> <span class='ocrx_word' id='word_1_383' title='bbox 1083 5158 1472 5230; x_wconf 78' lang='grc' dir='ltr'>προστεστηκός</span> <span class='ocrx_word' id='word_1_384' title='bbox 1508 5153 1570 5209; x_wconf 92' lang='lat' dir='ltr'>in</span> <span class='ocrx_word' id='word_1_385' title='bbox 1613 5151 1877 5230; x_wconf 91' lang='lat' dir='ltr'>editione</span> <span class='ocrx_word' id='word_1_386' title='bbox 1916 5154 2097 5230; x_wconf 65' lang='lat' dir='ltr'>Paris.</span> <span class='ocrx_word' id='word_1_387' title='bbox 2149 5171 2258 5229; x_wconf 90' lang='lat' dir='ltr'>pro</span> 
     </span>
    </p>
   </div>
   <div class='ocr_carea' id='block_1_59' title="bbox 604 5224 2252 5306">
    <p class='ocr_par' dir='ltr' id='par_1_59' title="bbox 604 5224 2252 5306">
     <span class='ocr_line' id='line_1_59' title="bbox 604 5224 2252 5306; baseline 0.003 -28"><span class='ocrx_word' id='word_1_388' title='bbox 604 5224 984 5306; x_wconf 74' lang='grc' dir='ltr'>προσεστηκός,</span> <span class='ocrx_word' id='word_1_389' title='bbox 1018 5226 1103 5282; x_wconf 88' lang='lat' dir='ltr'>uti</span> <span class='ocrx_word' id='word_1_390' title='bbox 1122 5224 1895 5306; x_wconf 50' lang='lat' dir='ltr'>&#39;habeptvetehresguatuor</span> <span class='ocrx_word' id='word_1_391' title='bbox 1926 5224 2079 5306; x_wconf 85' lang='lat' dir='ltr'>libri.</span> <span class='ocrx_word' id='word_1_392' title='bbox 2113 5224 2252 5299; x_wconf 58' lang='lat' dir='ltr'>R&#39;eg.</span> 
     </span>
    </p>
   </div>
   <div class='ocr_carea' id='block_1_60' title="bbox 603 5295 2040 5387">
    <p class='ocr_par' dir='ltr' id='par_1_60' title="bbox 603 5295 2040 5387">
     <span class='ocr_line' id='line_1_60' title="bbox 603 5295 2040 5387; baseline -0.003 -35"><span class='ocrx_word' id='word_1_393' title='bbox 603 5295 1466 5387; x_wconf 45' lang='lat' dir='ltr'>tertilts&#39;zmpoa&#39;nrnxég.‘Editio</span> <span class='ocrx_word' id='word_1_394' title='bbox 1501 5295 1671 5352; x_wconf 74' lang='lat' dir='ltr'>Basil.</span> <span class='ocrx_word' id='word_1_395' title='bbox 1695 5302 2040 5370; x_wconf 85' lang='grc' dir='ltr'>παρεστηκός.</span> 
     </span>
    </p>
   </div>
   <div class='ocr_carea' id='block_1_61' title="bbox 675 5368 1510 5564">
    <p class='ocr_par' dir='ltr' id='par_1_61' title="bbox 675 5368 1510 5564">
     <span class='ocr_line' id='line_1_61' title="bbox 677 5368 1436 5438; baseline -0.001 -15"><span class='ocrx_word' id='word_1_396' title='bbox 677 5370 787 5438; x_wconf 82' lang='grc'>(37)</span> <span class='ocrx_word' id='word_1_397' title='bbox 815 5368 978 5424; x_wconf 86' lang='lat' dir='ltr'>Unus</span> <span class='ocrx_word' id='word_1_398' title='bbox 1011 5386 1122 5424; x_wconf 89' lang='lat' dir='ltr'>ms.</span> <span class='ocrx_word' id='word_1_399' title='bbox 1159 5368 1436 5422; x_wconf 81' lang='grc' dir='ltr'>διαλιπεῖν.</span> 
     </span>
     <span class='ocr_line' id='line_1_62' title="bbox 675 5439 1510 5564; baseline 0.002 -72"><span class='ocrx_word' id='word_1_400' title='bbox 675 5439 785 5508; x_wconf 86' lang='grc'>(37)</span> <span class='ocrx_word' id='word_1_401' title='bbox 819 5441 941 5564; x_wconf 57' lang='lat' dir='ltr'>Reg</span> <span class='ocrx_word' id='word_1_402' title='bbox 969 5441 1202 5522; x_wconf 78' lang='lat' dir='ltr'>primus</span> <span class='ocrx_word' id='word_1_403' title='bbox 1233 5443 1510 5530; x_wconf 68' lang='grc' dir='ltr'>προσάγει.</span> 
     </span>
     <span class='ocr_line' id='line_1_63' title="bbox 675 5508 1510 5564; baseline -0.002 0"><span class='ocrx_word' id='word_1_404' title='bbox 675 5509 788 5564; x_wconf 73' lang='grc'>(39)</span> <span class='ocrx_word' id='word_1_405' title='bbox 819 5508 900 5564; x_wconf 88' lang='lat' dir='ltr'>C0</span> <span class='ocrx_word' id='word_1_406' title='bbox 927 5509 986 5564; x_wconf 88' lang='lat' dir='ltr'>b.</span> <span class='ocrx_word' id='word_1_407' title='bbox 1035 5515 1242 5564; x_wconf 75' lang='lat' dir='ltr'>tertius</span> <span class='ocrx_word' id='word_1_408' title='bbox 1292 5531 1386 5564; x_wconf 81' lang='grc' dir='ltr'>της</span> <span class='ocrx_word' id='word_1_409' title='bbox 1425 5530 1510 5564; x_wconf 73' lang='lat' dir='ltr'>om</span> 
     </span>
    </p>
   </div>
   <div class='ocr_carea' id='block_1_62' title="bbox 673 5508 2252 5582">
    <p class='ocr_par' dir='ltr' id='par_1_62' title="bbox 673 5508 2252 5582">
     <span class='ocr_line' id='line_1_64' title="bbox 673 5508 2252 5582; baseline 0.004 -19"><span class='ocrx_word' id='word_1_410' title='bbox 673 5509 788 5578; x_wconf 87' lang='lat'>(39)</span> <span class='ocrx_word' id='word_1_411' title='bbox 819 5508 990 5566; x_wconf 53' lang='lat' dir='ltr'>Colb:</span> <span class='ocrx_word' id='word_1_412' title='bbox 1035 5511 1242 5567; x_wconf 88' lang='lat' dir='ltr'>tertius</span> <span class='ocrx_word' id='word_1_413' title='bbox 1273 5508 1386 5573; x_wconf 73' lang='grc' dir='ltr'>’τῆς</span> <span class='ocrx_word' id='word_1_414' title='bbox 1417 5508 1554 5582; x_wconf 73' lang='grc' dir='ltr'>ὀίγαν</span> <span class='ocrx_word' id='word_1_415' title='bbox 1585 5509 1851 5581; x_wconf 74' lang='grc' dir='ltr'>φιλοινίας,</span> <span class='ocrx_word' id='word_1_416' title='bbox 1888 5525 2015 5580; x_wconf 63' lang='lat' dir='ltr'>prae</span> <span class='ocrx_word' id='word_1_417' title='bbox 2049 5511 2252 5569; x_wconf 82' lang='lat' dir='ltr'>immo-</span> 
     </span>
    </p>
   </div>
   <div class='ocr_carea' id='block_1_63' title="bbox 2411 436 3958 519">
    <p class='ocr_par' dir='ltr' id='par_1_63' title="bbox 2411 436 3958 519">
     <span class='ocr_line' id='line_1_65' title="bbox 2411 436 3958 519; baseline 0.007 -30"><span class='ocrx_word' id='word_1_418' title='bbox 2411 436 2740 500; x_wconf 84' lang='grc' dir='ltr'>ἐκτετηκότες</span> <span class='ocrx_word' id='word_1_419' title='bbox 2804 445 2893 494; x_wconf 82' lang='grc' dir='ltr'>καὶ</span> <span class='ocrx_word' id='word_1_420' title='bbox 2960 437 3303 514; x_wconf 73' lang='grc' dir='ltr'>διαρρέοντες,</span> <span class='ocrx_word' id='word_1_421' title='bbox 3375 439 3500 493; x_wconf 79' lang='grc' dir='ltr'>ἀλλὰ</span> <span class='ocrx_word' id='word_1_422' title='bbox 3570 447 3657 495; x_wconf 82' lang='grc' dir='ltr'>καὶ</span> <span class='ocrx_word' id='word_1_423' title='bbox 3720 445 3846 516; x_wconf 75' lang='grc' dir='ltr'>αύτῷ</span> <span class='ocrx_word' id='word_1_424' title='bbox 3900 459 3958 519; x_wconf 73' lang='grc' dir='ltr'>τῷ</span> 
     </span>
    </p>
   </div>
   <div class='ocr_carea' id='block_1_64' title="bbox 2408 519 3957 603">
    <p class='ocr_par' dir='ltr' id='par_1_64' title="bbox 2408 519 3957 603">
     <span class='ocr_line' id='line_1_66' title="bbox 2408 519 3957 603; baseline 0.006 -25"><span class='ocrx_word' id='word_1_425' title='bbox 2408 531 2544 600; x_wconf 79' lang='grc' dir='ltr'>ὄγκῳ</span> <span class='ocrx_word' id='word_1_426' title='bbox 2570 525 2907 592; x_wconf 72' lang='grc' dir='ltr'>πεπλαδηκός</span> <span class='ocrx_word' id='word_1_427' title='bbox 2944 534 3034 582; x_wconf 87' lang='grc' dir='ltr'>καὶ</span> <span class='ocrx_word' id='word_1_428' title='bbox 3067 527 3309 603; x_wconf 82' lang='grc' dir='ltr'>βρυῶδες</span> <span class='ocrx_word' id='word_1_429' title='bbox 3333 535 3422 582; x_wconf 82' lang='grc' dir='ltr'>καὶ</span> <span class='ocrx_word' id='word_1_430' title='bbox 3459 539 3547 583; x_wconf 81' lang='grc' dir='ltr'>τού</span> <span class='ocrx_word' id='word_1_431' title='bbox 3583 519 3794 594; x_wconf 76' lang='grc' dir='ltr'>ζωτικοῦ</span> <span class='ocrx_word' id='word_1_432' title='bbox 3835 541 3957 588; x_wconf 80' lang='grc' dir='ltr'>τόνον</span> 
     </span>
    </p>
   </div>
   <div class='ocr_carea' id='block_1_65' title="bbox 2405 616 3960 691">
    <p class='ocr_par' dir='ltr' id='par_1_65' title="bbox 2405 616 3960 691">
     <span class='ocr_line' id='line_1_67' title="bbox 2405 616 3960 691; baseline 0.006 -23"><span class='ocrx_word' id='word_1_433' title='bbox 2405 616 2670 689; x_wconf 86' lang='grc' dir='ltr'>λελυμένον</span> <span class='ocrx_word' id='word_1_434' title='bbox 2727 623 2784 671; x_wconf 89' lang='grc' dir='ltr'>τό</span> <span class='ocrx_word' id='word_1_435' title='bbox 2854 628 3006 691; x_wconf 83' lang='grc' dir='ltr'>σῶμα</span> <span class='ocrx_word' id='word_1_436' title='bbox 3072 623 3324 691; x_wconf 79' lang='grc' dir='ltr'>φέροντες.</span> <span class='ocrx_word' id='word_1_437' title='bbox 3389 622 3590 674; x_wconf 78' lang='grc' dir='ltr'>Τούτων</span> <span class='ocrx_word' id='word_1_438' title='bbox 3655 619 3867 676; x_wconf 81' lang='grc' dir='ltr'>πελιδνοὶ</span> <span class='ocrx_word' id='word_1_439' title='bbox 3921 627 3960 678; x_wconf 89' lang='grc' dir='ltr'>οἱ</span> 
     </span>
    </p>
   </div>
   <div class='ocr_carea' id='block_1_66' title="bbox 2408 705 3960 784">
    <p class='ocr_par' dir='ltr' id='par_1_66' title="bbox 2408 705 3960 784">
     <span class='ocr_line' id='line_1_68' title="bbox 2408 705 3960 784; baseline 0.006 -27"><span class='ocrx_word' id='word_1_440' title='bbox 2408 705 2682 778; x_wconf 82' lang='grc' dir='ltr'>ὀφθαλμοί·</span> <span class='ocrx_word' id='word_1_441' title='bbox 2739 708 2988 782; x_wconf 85' lang='grc' dir='ltr'>ύπωχρος</span> <span class='ocrx_word' id='word_1_442' title='bbox 3041 705 3100 761; x_wconf 73' lang='grc' dir='ltr'>δε</span> <span class='ocrx_word' id='word_1_443' title='bbox 3143 709 3172 766; x_wconf 80' lang='grc' dir='ltr'><strong>ἠ</strong></span> <span class='ocrx_word' id='word_1_444' title='bbox 3235 707 3520 780; x_wconf 76' lang='grc' dir='ltr'>ἐπιφάνεια·</span> <span class='ocrx_word' id='word_1_445' title='bbox 3577 719 3771 784; x_wconf 83' lang='grc' dir='ltr'>πνεῦμα</span> <span class='ocrx_word' id='word_1_446' title='bbox 3816 731 3960 784; x_wconf 84' lang='grc' dir='ltr'>προσ-</span> 
     </span>
    </p>
   </div>
   <div class='ocr_carea' id='block_1_67' title="bbox 2407 797 3959 872">
    <p class='ocr_par' dir='ltr' id='par_1_67' title="bbox 2407 797 3959 872">
     <span class='ocr_line' id='line_1_69' title="bbox 2407 797 3959 872; baseline 0.005 -26"><span class='ocrx_word' id='word_1_447' title='bbox 2407 799 2627 856; x_wconf 84' lang='grc' dir='ltr'>εστηκός</span> <span class='ocrx_word' id='word_1_448' title='bbox 2671 798 2803 866; x_wconf 76' lang='grc' dir='ltr'><strong>(3ϐ)ο</strong></span> <span class='ocrx_word' id='word_1_449' title='bbox 2848 797 3070 867; x_wconf 84' lang='grc' dir='ltr'>γλῶσσα</span> <span class='ocrx_word' id='word_1_450' title='bbox 3120 802 3423 870; x_wconf 73' lang='grc' dir='ltr'>παρημένη,</span> <span class='ocrx_word' id='word_1_451' title='bbox 3474 803 3562 852; x_wconf 77' lang='grc' dir='ltr'>καὶ</span> <span class='ocrx_word' id='word_1_452' title='bbox 3608 805 3802 872; x_wconf 84' lang='grc' dir='ltr'>κραυγὴ</span> <span class='ocrx_word' id='word_1_453' title='bbox 3843 803 3959 860; x_wconf 80' lang='grc' dir='ltr'>ἀση-</span> 
     </span>
    </p>
   </div>
   <div class='ocr_carea' id='block_1_68' title="bbox 2406 882 3957 960">
    <p class='ocr_par' dir='ltr' id='par_1_68' title="bbox 2406 882 3957 960">
     <span class='ocr_line' id='line_1_70' title="bbox 2406 882 3957 960; baseline 0.006 -26"><span class='ocrx_word' id='word_1_454' title='bbox 2406 902 2521 955; x_wconf 87' lang='grc' dir='ltr'>μος·</span> <span class='ocrx_word' id='word_1_455' title='bbox 2565 882 2907 957; x_wconf 78' lang='grc' dir='ltr'>ἀκροσφαλεῖς</span> <span class='ocrx_word' id='word_1_456' title='bbox 2941 889 2990 938; x_wconf 81' lang='grc' dir='ltr'>οἱ</span> <span class='ocrx_word' id='word_1_457' title='bbox 3037 883 3195 948; x_wconf 86' lang='grc' dir='ltr'>πόδες</span> <span class='ocrx_word' id='word_1_458' title='bbox 3243 889 3474 960; x_wconf 86' lang='grc' dir='ltr'>καθάπερ</span> <span class='ocrx_word' id='word_1_459' title='bbox 3523 890 3571 940; x_wconf 80' lang='grc' dir='ltr'>οἱ</span> <span class='ocrx_word' id='word_1_460' title='bbox 3617 896 3714 940; x_wconf 82' lang='grc' dir='ltr'>τῶν</span> <span class='ocrx_word' id='word_1_461' title='bbox 3768 887 3957 944; x_wconf 71' lang='grc' dir='ltr'>παίδων·</span> 
     </span>
    </p>
   </div>
   <div class='ocr_carea' id='block_1_69' title="bbox 2407 971 3959 1053">
    <p class='ocr_par' dir='ltr' id='par_1_69' title="bbox 2407 971 3959 1053">
     <span class='ocr_line' id='line_1_71' title="bbox 2407 971 3959 1053; baseline 0.005 -29"><span class='ocrx_word' id='word_1_462' title='bbox 2407 971 2665 1046; x_wconf 73' lang='grc' dir='ltr'>ἐκκρίσεις</span> <span class='ocrx_word' id='word_1_463' title='bbox 2723 971 2783 1026; x_wconf 74' lang='grc' dir='ltr'>δε</span> <span class='ocrx_word' id='word_1_464' title='bbox 2847 983 2946 1027; x_wconf 86' lang='grc' dir='ltr'>τῶν</span> <span class='ocrx_word' id='word_1_465' title='bbox 3007 978 3409 1050; x_wconf 73' lang='grc' dir='ltr'>περιττωμάτων</span> <span class='ocrx_word' id='word_1_466' title='bbox 3478 976 3757 1049; x_wconf 72' lang='grc' dir='ltr'>αὐτόματοι</span> <span class='ocrx_word' id='word_1_467' title='bbox 3816 981 3959 1053; x_wconf 77' lang='grc' dir='ltr'>ὥσπερ</span> 
     </span>
    </p>
   </div>
   <div class='ocr_carea' id='block_1_70' title="bbox 2408 1060 3960 1140">
    <p class='ocr_par' dir='ltr' id='par_1_70' title="bbox 2408 1060 3960 1140">
     <span class='ocr_line' id='line_1_72' title="bbox 2408 1060 3960 1140; baseline 0.004 -26"><span class='ocrx_word' id='word_1_468' title='bbox 2408 1060 2508 1114; x_wconf 79' lang='grc' dir='ltr'>ἀπό</span> <span class='ocrx_word' id='word_1_469' title='bbox 2545 1060 2770 1133; x_wconf 64' lang='grc' dir='ltr'>ἀψύχων</span> <span class='ocrx_word' id='word_1_470' title='bbox 2815 1065 3052 1138; x_wconf 79' lang='grc' dir='ltr'>ῥέουσαι.</span> <span class='ocrx_word' id='word_1_471' title='bbox 3085 1064 3316 1121; x_wconf 86' lang='grc' dir='ltr'>Ἐλεεινοὶ</span> <span class='ocrx_word' id='word_1_472' title='bbox 3372 1074 3468 1127; x_wconf 84' lang='grc' dir='ltr'>τῆς</span> <span class='ocrx_word' id='word_1_473' title='bbox 3521 1075 3736 1140; x_wconf 76' lang='grc' dir='ltr'>τρυφῆς,</span> <span class='ocrx_word' id='word_1_474' title='bbox 3784 1066 3960 1120; x_wconf 85' lang='grc' dir='ltr'>ἐλεεινό-</span> 
     </span>
    </p>
   </div>
   <div class='ocr_carea' id='block_1_71' title="bbox 2406 1151 3964 1226">
    <p class='ocr_par' dir='ltr' id='par_1_71' title="bbox 2406 1151 3964 1226">
     <span class='ocr_line' id='line_1_73' title="bbox 2406 1151 3964 1226; baseline 0.004 -24"><span class='ocrx_word' id='word_1_475' title='bbox 2406 1169 2542 1224; x_wconf 85' lang='grc' dir='ltr'>τεροι</span> <span class='ocrx_word' id='word_1_476' title='bbox 2585 1159 2682 1202; x_wconf 83' lang='grc' dir='ltr'>τῶν</span> <span class='ocrx_word' id='word_1_477' title='bbox 2721 1151 2770 1204; x_wconf 87' lang='grc' dir='ltr'>ἐν</span> <span class='ocrx_word' id='word_1_478' title='bbox 2812 1153 3023 1226; x_wconf 83' lang='grc' dir='ltr'>πελάγει</span> <span class='ocrx_word' id='word_1_479' title='bbox 3065 1155 3479 1226; x_wconf 74' lang='grc' dir='ltr'>χειμαζομένων,</span> <span class='ocrx_word' id='word_1_480' title='bbox 3520 1155 3607 1217; x_wconf 80' lang='grc' dir='ltr'>οὓς</span> <span class='ocrx_word' id='word_1_481' title='bbox 3650 1155 3773 1208; x_wconf 75' lang='grc' dir='ltr'>ἄλλα</span> <span class='ocrx_word' id='word_1_482' title='bbox 3809 1155 3855 1218; x_wconf 85' lang='grc' dir='ltr'>ἐξ</span> <span class='ocrx_word' id='word_1_483' title='bbox 3894 1157 3964 1208; x_wconf 79' lang='grc' dir='ltr'>ιὶλ-</span> 
     </span>
    </p>
   </div>
   <div class='ocr_carea' id='block_1_72' title="bbox 2405 1237 3964 1317">
    <p class='ocr_par' dir='ltr' id='par_1_72' title="bbox 2405 1237 3964 1317">
     <span class='ocr_line' id='line_1_74' title="bbox 2405 1237 3964 1317; baseline 0.004 -26"><span class='ocrx_word' id='word_1_484' title='bbox 2405 1238 2503 1292; x_wconf 84' lang='grc' dir='ltr'>λων</span> <span class='ocrx_word' id='word_1_485' title='bbox 2552 1237 2913 1313; x_wconf 82' lang='grc' dir='ltr'>διαδεχόμενα</span> <span class='ocrx_word' id='word_1_486' title='bbox 2968 1247 3056 1296; x_wconf 82' lang='grc' dir='ltr'>καὶ</span> <span class='ocrx_word' id='word_1_487' title='bbox 3101 1242 3510 1304; x_wconf 79' lang='grc' dir='ltr'>ἐπιϐαπτίζοντα</span> <span class='ocrx_word' id='word_1_488' title='bbox 3559 1247 3762 1317; x_wconf 83' lang='grc' dir='ltr'>κύματα</span> <span class='ocrx_word' id='word_1_489' title='bbox 3814 1244 3964 1317; x_wconf 73' lang='grc' dir='ltr'>ἀναφέ-</span> 
     </span>
    </p>
   </div>
   <div class='ocr_carea' id='block_1_73' title="bbox 2403 1329 3964 1403">
    <p class='ocr_par' dir='ltr' id='par_1_73' title="bbox 2403 1329 3964 1403">
     <span class='ocr_line' id='line_1_75' title="bbox 2403 1329 3964 1403; baseline 0.004 -23"><span class='ocrx_word' id='word_1_490' title='bbox 2403 1347 2509 1402; x_wconf 88' lang='grc' dir='ltr'>ρειν</span> <span class='ocrx_word' id='word_1_491' title='bbox 2539 1329 2634 1381; x_wconf 81' lang='grc' dir='ltr'>ούκ</span> <span class='ocrx_word' id='word_1_492' title='bbox 2672 1329 2932 1403; x_wconf 80' lang='grc' dir='ltr'>ἐπιτρέπει</span> <span class='ocrx_word' id='word_1_493' title='bbox 2961 1339 3052 1384; x_wconf 84' lang='grc' dir='ltr'>τοῦ</span> <span class='ocrx_word' id='word_1_494' title='bbox 3093 1329 3374 1393; x_wconf 82' lang='grc' dir='ltr'>κλύδωνος.</span> <span class='ocrx_word' id='word_1_495' title='bbox 3427 1333 3576 1386; x_wconf 77' lang='grc' dir='ltr'>Οὕτω</span> <span class='ocrx_word' id='word_1_496' title='bbox 3635 1330 3700 1392; x_wconf 82' lang='grc' dir='ltr'>δὴ</span> <span class='ocrx_word' id='word_1_497' title='bbox 3752 1340 3832 1386; x_wconf 76' lang='grc' dir='ltr'>ταὶ</span> <span class='ocrx_word' id='word_1_498' title='bbox 3868 1339 3964 1386; x_wconf 82' lang='grc' dir='ltr'>τού·</span> 
     </span>
    </p>
   </div>
   <div class='ocr_carea' id='block_1_74' title="bbox 2404 1417 3964 1496">
    <p class='ocr_par' dir='ltr' id='par_1_74' title="bbox 2404 1417 3964 1496">
     <span class='ocr_line' id='line_1_76' title="bbox 2404 1417 3964 1496; baseline 0.003 -26"><span class='ocrx_word' id='word_1_499' title='bbox 2404 1437 2504 1470; x_wconf 85' lang='grc' dir='ltr'>των</span> <span class='ocrx_word' id='word_1_500' title='bbox 2534 1420 2590 1470; x_wconf 83' lang='grc' dir='ltr'>αἱ</span> <span class='ocrx_word' id='word_1_501' title='bbox 2616 1417 2796 1490; x_wconf 74' lang='grc' dir='ltr'>ψυχαὶ</span> <span class='ocrx_word' id='word_1_502' title='bbox 2843 1420 3164 1494; x_wconf 79' lang='grc' dir='ltr'>ὑποϐρύχιοι</span> <span class='ocrx_word' id='word_1_503' title='bbox 3208 1426 3446 1496; x_wconf 77' lang='grc' dir='ltr'>φέρονται</span> <span class='ocrx_word' id='word_1_504' title='bbox 3494 1421 3964 1496; x_wconf 76' lang='grc' dir='ltr'>βεϐαπτισμέναιτῷ</span> 
     </span>
    </p>
   </div>
   <div class='ocr_carea' id='block_1_75' title="bbox 2404 1509 3965 1588">
    <p class='ocr_par' dir='ltr' id='par_1_75' title="bbox 2404 1509 3965 1588">
     <span class='ocr_line' id='line_1_77' title="bbox 2404 1509 3965 1588; baseline 0.002 -28"><span class='ocrx_word' id='word_1_505' title='bbox 2404 1510 2545 1579; x_wconf 79' lang='grc' dir='ltr'>οἴνῳ.</span> <span class='ocrx_word' id='word_1_506' title='bbox 2601 1512 2784 1583; x_wconf 87' lang='grc' dir='ltr'>Διόπερ</span> <span class='ocrx_word' id='word_1_507' title='bbox 2841 1512 2909 1569; x_wconf 84' lang='grc' dir='ltr'>ὡς</span> <span class='ocrx_word' id='word_1_508' title='bbox 2973 1512 3062 1588; x_wconf 23' lang='grc' dir='ltr'>τὰ,</span> <span class='ocrx_word' id='word_1_509' title='bbox 3107 1512 3472 1585; x_wconf 73' lang='grc' dir='ltr'>χειμαζόμενοι</span> <span class='ocrx_word' id='word_1_510' title='bbox 3539 1511 3712 1580; x_wconf 87' lang='grc' dir='ltr'>πλοῖα,</span> <span class='ocrx_word' id='word_1_511' title='bbox 3784 1509 3965 1566; x_wconf 77' lang='grc' dir='ltr'>ἐπειδὰν</span> 
     </span>
    </p>
   </div>
   <div class='ocr_carea' id='block_1_76' title="bbox 2404 1597 3965 1675">
    <p class='ocr_par' dir='ltr' id='par_1_76' title="bbox 2404 1597 3965 1675">
     <span class='ocr_line' id='line_1_78' title="bbox 2404 1597 3965 1675; baseline 0.004 -27"><span class='ocrx_word' id='word_1_512' title='bbox 2404 1597 2697 1670; x_wconf 80' lang='grc' dir='ltr'>ύπέραντλα</span> <span class='ocrx_word' id='word_1_513' title='bbox 2749 1603 2984 1671; x_wconf 79' lang='grc' dir='ltr'>γένηται,</span> <span class='ocrx_word' id='word_1_514' title='bbox 3041 1599 3335 1673; x_wconf 72' lang='grc' dir='ltr'>ἀναγκαίως</span> <span class='ocrx_word' id='word_1_515' title='bbox 3383 1610 3447 1674; x_wconf 74' lang='grc' dir='ltr'>τῇ</span> <span class='ocrx_word' id='word_1_516' title='bbox 3500 1601 3681 1675; x_wconf 72' lang='grc' dir='ltr'>ἐκϐολῇ</span> <span class='ocrx_word' id='word_1_517' title='bbox 3738 1611 3824 1655; x_wconf 90' lang='grc' dir='ltr'>τοῦ</span> <span class='ocrx_word' id='word_1_518' title='bbox 3867 1607 3965 1675; x_wconf 71' lang='grc' dir='ltr'>φόρ-</span> 
     </span>
    </p>
   </div>
   <div class='ocr_carea' id='block_1_77' title="bbox 2403 1690 3964 1766">
    <p class='ocr_par' dir='ltr' id='par_1_77' title="bbox 2403 1690 3964 1766">
     <span class='ocr_line' id='line_1_79' title="bbox 2403 1690 3964 1766; baseline 0.003 -27"><span class='ocrx_word' id='word_1_519' title='bbox 2403 1705 2494 1740; x_wconf 91' lang='grc' dir='ltr'>του</span> <span class='ocrx_word' id='word_1_520' title='bbox 2548 1690 2872 1760; x_wconf 75' lang='grc' dir='ltr'>κουφίζεταιο</span> <span class='ocrx_word' id='word_1_521' title='bbox 2934 1690 3067 1744; x_wconf 80' lang='grc' dir='ltr'>οὕτω</span> <span class='ocrx_word' id='word_1_522' title='bbox 3128 1696 3217 1746; x_wconf 81' lang='grc' dir='ltr'>καὶ</span> <span class='ocrx_word' id='word_1_523' title='bbox 3282 1695 3490 1754; x_wconf 82' lang='grc' dir='ltr'>τούτοις</span> <span class='ocrx_word' id='word_1_524' title='bbox 3556 1692 3826 1766; x_wconf 80' lang='grc' dir='ltr'>ἀναγκαῖαι</span> <span class='ocrx_word' id='word_1_525' title='bbox 3882 1702 3964 1744; x_wconf 83' lang='grc' dir='ltr'>τῶν</span> 
     </span>
    </p>
   </div>
   <div class='ocr_carea' id='block_1_78' title="bbox 2403 1774 3965 1856">
    <p class='ocr_par' dir='ltr' id='par_1_78' title="bbox 2403 1774 3965 1856">
     <span class='ocr_line' id='line_1_80' title="bbox 2403 1774 3965 1856; baseline 0.002 -27"><span class='ocrx_word' id='word_1_526' title='bbox 2403 1774 2731 1850; x_wconf 86' lang='grc' dir='ltr'>βαρυνόντων</span> <span class='ocrx_word' id='word_1_527' title='bbox 2767 1780 2822 1831; x_wconf 83' lang='grc' dir='ltr'>αἱ</span> <span class='ocrx_word' id='word_1_528' title='bbox 2851 1777 3146 1844; x_wconf 78' lang='grc' dir='ltr'>ἀποθέσεις.</span> <span class='ocrx_word' id='word_1_529' title='bbox 3179 1781 3450 1853; x_wconf 84' lang='grc' dir='ltr'>Ἐμοῦντες</span> <span class='ocrx_word' id='word_1_530' title='bbox 3501 1784 3602 1856; x_wconf 80' lang='grc' dir='ltr'>γὰρ</span> <span class='ocrx_word' id='word_1_531' title='bbox 3650 1787 3737 1834; x_wconf 82' lang='grc' dir='ltr'>καὶ</span> <span class='ocrx_word' id='word_1_532' title='bbox 3765 1780 3965 1834; x_wconf 70' lang='grc' dir='ltr'>ἀποϐλύ-</span> 
     </span>
    </p>
   </div>
   <div class='ocr_carea' id='block_1_79' title="bbox 2401 1866 3964 1945">
    <p class='ocr_par' dir='ltr' id='par_1_79' title="bbox 2401 1866 3964 1945">
     <span class='ocr_line' id='line_1_81' title="bbox 2401 1866 3964 1945; baseline 0.003 -28"><span class='ocrx_word' id='word_1_533' title='bbox 2401 1866 2593 1933; x_wconf 79' lang='grc' dir='ltr'>ζοντες,</span> <span class='ocrx_word' id='word_1_534' title='bbox 2649 1866 2800 1940; x_wconf 80' lang='grc' dir='ltr'>μόλις</span> <span class='ocrx_word' id='word_1_535' title='bbox 2861 1867 3244 1944; x_wconf 70' lang='grc' dir='ltr'>ἐλευθεροῦνται</span> <span class='ocrx_word' id='word_1_536' title='bbox 3303 1878 3398 1924; x_wconf 85' lang='grc' dir='ltr'>τοῦ</span> <span class='ocrx_word' id='word_1_537' title='bbox 3471 1870 3691 1945; x_wconf 80' lang='grc' dir='ltr'>βάρους·</span> <span class='ocrx_word' id='word_1_538' title='bbox 3755 1879 3964 1925; x_wconf 85' lang='grc' dir='ltr'>τοσοῦτον</span> 
     </span>
    </p>
   </div>
   <div class='ocr_carea' id='block_1_80' title="bbox 2397 1952 3966 2034">
    <p class='ocr_par' dir='ltr' id='par_1_80' title="bbox 2397 1952 3966 2034">
     <span class='ocr_line' id='line_1_82' title="bbox 2397 1952 3966 2034; baseline 0.002 -26"><span class='ocrx_word' id='word_1_539' title='bbox 2397 1963 2497 2008; x_wconf 86' lang='grc' dir='ltr'>τῶν</span> <span class='ocrx_word' id='word_1_540' title='bbox 2547 1952 2946 2011; x_wconf 84' lang='grc' dir='ltr'>δυσπλοούντων</span> <span class='ocrx_word' id='word_1_541' title='bbox 2997 1957 3338 2034; x_wconf 72' lang='grc' dir='ltr'>ἐλεεινότεροι,</span> <span class='ocrx_word' id='word_1_542' title='bbox 3390 1961 3510 2013; x_wconf 85' lang='grc' dir='ltr'>ὅσον</span> <span class='ocrx_word' id='word_1_543' title='bbox 3560 1963 3608 2014; x_wconf 82' lang='grc' dir='ltr'>οἱ</span> <span class='ocrx_word' id='word_1_544' title='bbox 3654 1963 3740 2033; x_wconf 69' lang='grc' dir='ltr'>μὶν</span> <span class='ocrx_word' id='word_1_545' title='bbox 3781 1959 3966 2034; x_wconf 75' lang='grc' dir='ltr'>ἀνέμους</span> 
     </span>
    </p>
   </div>
   <div class='ocr_carea' id='block_1_81' title="bbox 2397 2044 3962 2121">
    <p class='ocr_par' dir='ltr' id='par_1_81' title="bbox 2397 2044 3962 2121">
     <span class='ocr_line' id='line_1_83' title="bbox 2397 2044 3962 2121; baseline 0.004 -27"><span class='ocrx_word' id='word_1_546' title='bbox 2397 2049 2487 2096; x_wconf 79' lang='grc' dir='ltr'>καὶ</span> <span class='ocrx_word' id='word_1_547' title='bbox 2519 2044 2787 2098; x_wconf 83' lang='grc' dir='ltr'>θάλασσαν</span> <span class='ocrx_word' id='word_1_548' title='bbox 2834 2051 2925 2099; x_wconf 82' lang='grc' dir='ltr'>καὶ</span> <span class='ocrx_word' id='word_1_549' title='bbox 2971 2050 3066 2109; x_wconf 81' lang='grc' dir='ltr'>τὰς</span> <span class='ocrx_word' id='word_1_550' title='bbox 3115 2049 3298 2110; x_wconf 77' lang='grc' dir='ltr'>ἔξωθεν</span> <span class='ocrx_word' id='word_1_551' title='bbox 3357 2047 3592 2121; x_wconf 81' lang='grc' dir='ltr'>ἀνάγκας</span> <span class='ocrx_word' id='word_1_552' title='bbox 3649 2049 3962 2103; x_wconf 73' lang='grc' dir='ltr'>ἐπαιτιῶνταιο</span> 
     </span>
    </p>
   </div>
   <div class='ocr_carea' id='block_1_82' title="bbox 2396 2129 3964 2212">
    <p class='ocr_par' dir='ltr' id='par_1_82' title="bbox 2396 2129 3964 2212">
     <span class='ocr_line' id='line_1_84' title="bbox 2396 2129 3964 2212; baseline 0.003 -27"><span class='ocrx_word' id='word_1_553' title='bbox 2396 2135 2446 2185; x_wconf 85' lang='grc' dir='ltr'>οἱ</span> <span class='ocrx_word' id='word_1_554' title='bbox 2477 2129 2536 2186; x_wconf 76' lang='grc' dir='ltr'>δὲ</span> <span class='ocrx_word' id='word_1_555' title='bbox 2568 2135 2870 2209; x_wconf 76' lang='grc' dir='ltr'>αὐθαίρετον</span> <span class='ocrx_word' id='word_1_556' title='bbox 2905 2134 3228 2192; x_wconf 80' lang='grc' dir='ltr'>ἐπισπῶνται</span> <span class='ocrx_word' id='word_1_557' title='bbox 3281 2141 3369 2191; x_wconf 85' lang='grc' dir='ltr'>τόν</span> <span class='ocrx_word' id='word_1_558' title='bbox 3425 2137 3480 2191; x_wconf 83' lang='grc' dir='ltr'>ἐκ</span> <span class='ocrx_word' id='word_1_559' title='bbox 3537 2147 3635 2202; x_wconf 84' lang='grc' dir='ltr'>τῆς</span> <span class='ocrx_word' id='word_1_560' title='bbox 3675 2141 3828 2212; x_wconf 75' lang='grc' dir='ltr'>μέθης</span> <span class='ocrx_word' id='word_1_561' title='bbox 3862 2157 3964 2210; x_wconf 82' lang='grc' dir='ltr'>χει-</span> 
     </span>
    </p>
   </div>
   <div class='ocr_carea' id='block_1_83' title="bbox 2395 2220 3964 2300">
    <p class='ocr_par' dir='ltr' id='par_1_83' title="bbox 2395 2220 3964 2300">
     <span class='ocr_line' id='line_1_85' title="bbox 2395 2220 3964 2300; baseline 0.004 -28"><span class='ocrx_word' id='word_1_562' title='bbox 2395 2229 2559 2294; x_wconf 85' lang='grc' dir='ltr'>μῶνα.</span> <span class='ocrx_word' id='word_1_563' title='bbox 2613 2222 2671 2276; x_wconf 80' lang='grc' dir='ltr'>Ὀ</span> <span class='ocrx_word' id='word_1_564' title='bbox 2718 2220 2978 2297; x_wconf 83' lang='grc' dir='ltr'>δαιμονών</span> <span class='ocrx_word' id='word_1_565' title='bbox 3025 2225 3255 2288; x_wconf 84' lang='grc' dir='ltr'>ἐλεεινός·</span> <span class='ocrx_word' id='word_1_566' title='bbox 3301 2227 3328 2279; x_wconf 88' lang='grc' dir='ltr'><strong>ὀ</strong></span> <span class='ocrx_word' id='word_1_567' title='bbox 3376 2223 3436 2282; x_wconf 66' lang='grc' dir='ltr'>δὲ</span> <span class='ocrx_word' id='word_1_568' title='bbox 3473 2229 3698 2300; x_wconf 79' lang='grc' dir='ltr'>μεθύων,</span> <span class='ocrx_word' id='word_1_569' title='bbox 3750 2230 3812 2280; x_wconf 84' lang='grc' dir='ltr'>τὰ</span> <span class='ocrx_word' id='word_1_570' title='bbox 3853 2226 3964 2279; x_wconf 84' lang='grc' dir='ltr'>αύτὰ</span> 
     </span>
    </p>
   </div>
   <div class='ocr_carea' id='block_1_84' title="bbox 2393 2309 3962 2389">
    <p class='ocr_par' dir='ltr' id='par_1_84' title="bbox 2393 2309 3962 2389">
     <span class='ocr_line' id='line_1_86' title="bbox 2393 2309 3962 2389; baseline 0.003 -27"><span class='ocrx_word' id='word_1_571' title='bbox 2393 2312 2640 2382; x_wconf 80' lang='grc' dir='ltr'>πάσχων,</span> <span class='ocrx_word' id='word_1_572' title='bbox 2669 2309 2792 2366; x_wconf 75' lang='grc' dir='ltr'>οὐδε</span> <span class='ocrx_word' id='word_1_573' title='bbox 2843 2321 2934 2365; x_wconf 79' lang='grc' dir='ltr'>τοῦ</span> <span class='ocrx_word' id='word_1_574' title='bbox 2970 2312 3220 2368; x_wconf 80' lang='grc' dir='ltr'>ἐλεεῖσθαι</span> <span class='ocrx_word' id='word_1_575' title='bbox 3251 2315 3418 2387; x_wconf 79' lang='grc' dir='ltr'>ἄξιος,</span> <span class='ocrx_word' id='word_1_576' title='bbox 3463 2316 3752 2389; x_wconf 83' lang='grc' dir='ltr'>αύθαιρέτῳ</span> <span class='ocrx_word' id='word_1_577' title='bbox 3781 2313 3962 2388; x_wconf 79' lang='grc' dir='ltr'>δαίμονι</span> 
     </span>
    </p>
   </div>
   <div class='ocr_carea' id='block_1_85' title="bbox 2392 2399 3957 2479">
    <p class='ocr_par' dir='ltr' id='par_1_85' title="bbox 2392 2399 3957 2479">
     <span class='ocr_line' id='line_1_87' title="bbox 2392 2399 3957 2479; baseline 0.001 -26"><span class='ocrx_word' id='word_1_578' title='bbox 2392 2399 2781 2473; x_wconf 87' lang='grc' dir='ltr'>προσπαλαίων.</span> <span class='ocrx_word' id='word_1_579' title='bbox 2852 2401 2917 2454; x_wconf 77' lang='grc' dir='ltr'><strong>Οἳ</strong></span> <span class='ocrx_word' id='word_1_580' title='bbox 2981 2408 3071 2456; x_wconf 84' lang='grc' dir='ltr'>καὶ</span> <span class='ocrx_word' id='word_1_581' title='bbox 3127 2405 3289 2475; x_wconf 84' lang='grc' dir='ltr'>μέθης</span> <span class='ocrx_word' id='word_1_582' title='bbox 3357 2407 3664 2460; x_wconf 66' lang='grc' dir='ltr'>συντιθέασι</span> <span class='ocrx_word' id='word_1_583' title='bbox 3726 2407 3957 2479; x_wconf 76' lang='grc' dir='ltr'>φάρμακα,</span> 
     </span>
    </p>
   </div>
   <div class='ocr_carea' id='block_1_86' title="bbox 2392 2487 3956 2565">
    <p class='ocr_par' dir='ltr' id='par_1_86' title="bbox 2392 2487 3956 2565">
     <span class='ocr_line' id='line_1_88' title="bbox 2392 2487 3956 2565; baseline 0.006 -25"><span class='ocrx_word' id='word_1_584' title='bbox 2392 2487 2522 2558; x_wconf 82' lang='grc' dir='ltr'>ούχὶ</span> <span class='ocrx_word' id='word_1_585' title='bbox 2551 2491 2610 2541; x_wconf 88' lang='grc' dir='ltr'>τὸ</span> <span class='ocrx_word' id='word_1_586' title='bbox 2639 2493 2711 2561; x_wconf 83' lang='grc' dir='ltr'>μὴ</span> <span class='ocrx_word' id='word_1_587' title='bbox 2741 2493 2924 2544; x_wconf 84' lang='grc' dir='ltr'>παθεῖν</span> <span class='ocrx_word' id='word_1_588' title='bbox 2951 2511 3002 2544; x_wconf 90' lang='grc' dir='ltr'>τι</span> <span class='ocrx_word' id='word_1_589' title='bbox 3030 2487 3196 2544; x_wconf 84' lang='grc' dir='ltr'>δεινόν</span> <span class='ocrx_word' id='word_1_590' title='bbox 3229 2491 3330 2546; x_wconf 80' lang='grc' dir='ltr'>ἀπὸ</span> <span class='ocrx_word' id='word_1_591' title='bbox 3359 2501 3452 2547; x_wconf 82' lang='grc' dir='ltr'>τοῦ</span> <span class='ocrx_word' id='word_1_592' title='bbox 3481 2498 3647 2562; x_wconf 81' lang='grc' dir='ltr'>οἴνου,</span> <span class='ocrx_word' id='word_1_593' title='bbox 3680 2493 3800 2547; x_wconf 79' lang='grc' dir='ltr'>ἀλλὰ</span> <span class='ocrx_word' id='word_1_594' title='bbox 3819 2497 3872 2548; x_wconf 85' lang='grc' dir='ltr'>τὸ</span> <span class='ocrx_word' id='word_1_595' title='bbox 3897 2496 3956 2565; x_wconf 74' lang='grc' dir='ltr'>μὴ</span> 
     </span>
    </p>
   </div>
   <div class='ocr_carea' id='block_1_87' title="bbox 2392 2571 3956 2655">
    <p class='ocr_par' dir='ltr' id='par_1_87' title="bbox 2392 2571 3956 2655">
     <span class='ocr_line' id='line_1_89' title="bbox 2392 2571 3956 2655; baseline 0.005 -27"><span class='ocrx_word' id='word_1_596' title='bbox 2392 2571 2676 2630; x_wconf 74' lang='grc' dir='ltr'>διαλείπειν</span> <span class='ocrx_word' id='word_1_597' title='bbox 2705 2578 2822 2650; x_wconf 81' lang='lat'>(37)</span> <span class='ocrx_word' id='word_1_598' title='bbox 2866 2581 3139 2651; x_wconf 82' lang='grc' dir='ltr'>μεθύοντες</span> <span class='ocrx_word' id='word_1_599' title='bbox 3205 2587 3605 2655; x_wconf 86' lang='grc' dir='ltr'>μηχανώμενοι.</span> <span class='ocrx_word' id='word_1_600' title='bbox 3671 2583 3839 2655; x_wconf 84' lang='grc' dir='ltr'>Ὀλίγη</span> 
     </span>
    </p>
   </div>
   <div class='ocr_carea' id='block_1_88' title="bbox 2387 2666 3958 2744">
    <p class='ocr_par' dir='ltr' id='par_1_88' title="bbox 2387 2666 3958 2744">
     <span class='ocr_line' id='line_1_90' title="bbox 2387 2666 3958 2744; baseline 0.004 -28"><span class='ocrx_word' id='word_1_601' title='bbox 2387 2666 2488 2736; x_wconf 76' lang='grc' dir='ltr'>γὰρ</span> <span class='ocrx_word' id='word_1_602' title='bbox 2539 2667 2716 2727; x_wconf 81' lang='grc' dir='ltr'>αὐτοῖς</span> <span class='ocrx_word' id='word_1_603' title='bbox 2767 2667 2797 2723; x_wconf 80' lang='grc' dir='ltr'>ἡ</span> <span class='ocrx_word' id='word_1_604' title='bbox 2849 2669 3036 2742; x_wconf 77' lang='grc' dir='ltr'>ἡμέρα·</span> <span class='ocrx_word' id='word_1_605' title='bbox 3076 2671 3241 2743; x_wconf 77' lang='grc' dir='ltr'>μικρὰ</span> <span class='ocrx_word' id='word_1_606' title='bbox 3287 2667 3347 2723; x_wconf 73' lang='grc' dir='ltr'>δε</span> <span class='ocrx_word' id='word_1_607' title='bbox 3385 2672 3415 2729; x_wconf 78' lang='grc' dir='ltr'>ἡ</span> <span class='ocrx_word' id='word_1_608' title='bbox 3460 2671 3559 2736; x_wconf 80' lang='grc' dir='ltr'>νύξ</span> <span class='ocrx_word' id='word_1_609' title='bbox 3605 2675 3692 2726; x_wconf 79' lang='grc' dir='ltr'>καὶ</span> <span class='ocrx_word' id='word_1_610' title='bbox 3733 2675 3761 2732; x_wconf 79' lang='grc' dir='ltr'><em>ὴ</em></span> <span class='ocrx_word' id='word_1_611' title='bbox 3807 2672 3958 2744; x_wconf 71' lang='grc' dir='ltr'>χειμέ-</span> 
     </span>
    </p>
   </div>
   <div class='ocr_carea' id='block_1_89' title="bbox 2386 2757 3957 2834">
    <p class='ocr_par' dir='ltr' id='par_1_89' title="bbox 2386 2757 3957 2834">
     <span class='ocr_line' id='line_1_91' title="bbox 2386 2757 3957 2834; baseline 0.004 -30"><span class='ocrx_word' id='word_1_612' title='bbox 2386 2771 2519 2827; x_wconf 84' lang='grc' dir='ltr'>ριος,</span> <span class='ocrx_word' id='word_1_613' title='bbox 2581 2758 2710 2828; x_wconf 91' lang='grc' dir='ltr'>πρός</span> <span class='ocrx_word' id='word_1_614' title='bbox 2751 2773 2811 2826; x_wconf 89' lang='grc' dir='ltr'>γε</span> <span class='ocrx_word' id='word_1_615' title='bbox 2854 2760 2940 2809; x_wconf 85' lang='grc' dir='ltr'>τόν</span> <span class='ocrx_word' id='word_1_616' title='bbox 2996 2765 3089 2810; x_wconf 83' lang='grc' dir='ltr'>τοῦ</span> <span class='ocrx_word' id='word_1_617' title='bbox 3140 2763 3300 2812; x_wconf 87' lang='grc' dir='ltr'>πότου</span> <span class='ocrx_word' id='word_1_618' title='bbox 3347 2764 3565 2834; x_wconf 82' lang='grc' dir='ltr'>χρόνον.</span> <span class='ocrx_word' id='word_1_619' title='bbox 3613 2761 3761 2824; x_wconf 75' lang='grc' dir='ltr'>Τελος</span> <span class='ocrx_word' id='word_1_620' title='bbox 3797 2757 3851 2814; x_wconf 69' lang='grc' dir='ltr'>δι</span> <span class='ocrx_word' id='word_1_621' title='bbox 3883 2757 3957 2812; x_wconf 75' lang='grc' dir='ltr'>οὐκ</span> 
     </span>
    </p>
   </div>
   <div class='ocr_carea' id='block_1_90' title="bbox 2389 2844 3956 2923">
    <p class='ocr_par' dir='ltr' id='par_1_90' title="bbox 2389 2844 3956 2923">
     <span class='ocr_line' id='line_1_92' title="bbox 2389 2844 3956 2923; baseline 0.003 -29"><span class='ocrx_word' id='word_1_622' title='bbox 2389 2844 2504 2894; x_wconf 75' lang='grc' dir='ltr'>ἔστι</span> <span class='ocrx_word' id='word_1_623' title='bbox 2552 2851 2644 2895; x_wconf 86' lang='grc' dir='ltr'>τοῦ</span> <span class='ocrx_word' id='word_1_624' title='bbox 2696 2853 2880 2900; x_wconf 82' lang='grc' dir='ltr'>κακοῦ.</span> <span class='ocrx_word' id='word_1_625' title='bbox 2937 2845 3104 2909; x_wconf 82' lang='grc' dir='ltr'>Αύτός</span> <span class='ocrx_word' id='word_1_626' title='bbox 3151 2850 3252 2923; x_wconf 76' lang='grc' dir='ltr'>γὰρ</span> <span class='ocrx_word' id='word_1_627' title='bbox 3305 2847 3488 2901; x_wconf 84' lang='grc' dir='ltr'>ἐαυτὸν</span> <span class='ocrx_word' id='word_1_628' title='bbox 3546 2852 3574 2902; x_wconf 86' lang='grc' dir='ltr'><strong><em>ὁ</em></strong></span> <span class='ocrx_word' id='word_1_629' title='bbox 3622 2847 3747 2910; x_wconf 85' lang='grc' dir='ltr'>οἶνος</span> <span class='ocrx_word' id='word_1_630' title='bbox 3795 2847 3872 2902; x_wconf 82' lang='grc' dir='ltr'>ἐπί</span> <span class='ocrx_word' id='word_1_631' title='bbox 3911 2850 3956 2900; x_wconf 88' lang='grc' dir='ltr'><strong>τό</strong></span> 
     </span>
    </p>
   </div>
   <div class='ocr_carea' id='block_1_91' title="bbox 2391 2929 3956 3014">
    <p class='ocr_par' dir='ltr' id='par_1_91' title="bbox 2391 2929 3956 3014">
     <span class='ocr_line' id='line_1_93' title="bbox 2391 2929 3956 3014; baseline 0.003 -32"><span class='ocrx_word' id='word_1_632' title='bbox 2391 2929 2562 2983; x_wconf 86' lang='grc' dir='ltr'>πλεῖον</span> <span class='ocrx_word' id='word_1_633' title='bbox 2601 2937 2821 3006; x_wconf 80' lang='grc' dir='ltr'>προάγει</span> <span class='ocrx_word' id='word_1_634' title='bbox 2847 2935 2982 3006; x_wconf 89' lang='lat'>(38).</span> <span class='ocrx_word' id='word_1_635' title='bbox 3030 2935 3105 2988; x_wconf 88' lang='grc' dir='ltr'>Ού</span> <span class='ocrx_word' id='word_1_636' title='bbox 3144 2937 3246 3009; x_wconf 82' lang='grc' dir='ltr'>γὰρ</span> <span class='ocrx_word' id='word_1_637' title='bbox 3290 2941 3386 2996; x_wconf 79' lang='grc' dir='ltr'>τὴν</span> <span class='ocrx_word' id='word_1_638' title='bbox 3433 2943 3625 3011; x_wconf 84' lang='grc' dir='ltr'>χρείαν</span> <span class='ocrx_word' id='word_1_639' title='bbox 3672 2938 3956 3014; x_wconf 83' lang='grc' dir='ltr'>παραμυθεῖ-</span> 
     </span>
    </p>
   </div>
   <div class='ocr_carea' id='block_1_92' title="bbox 2391 3019 3951 3100">
    <p class='ocr_par' dir='ltr' id='par_1_92' title="bbox 2391 3019 3951 3100">
     <span class='ocr_line' id='line_1_94' title="bbox 2391 3019 3951 3100; baseline 0.004 -29"><span class='ocrx_word' id='word_1_640' title='bbox 2391 3037 2497 3086; x_wconf 86' lang='grc' dir='ltr'>ται,</span> <span class='ocrx_word' id='word_1_641' title='bbox 2531 3019 2638 3073; x_wconf 77' lang='grc' dir='ltr'>ἀλλ’</span> <span class='ocrx_word' id='word_1_642' title='bbox 2687 3020 2860 3097; x_wconf 72' lang='grc' dir='ltr'>ἐτέρου</span> <span class='ocrx_word' id='word_1_643' title='bbox 2912 3027 3074 3077; x_wconf 90' lang='grc' dir='ltr'>πότου</span> <span class='ocrx_word' id='word_1_644' title='bbox 3130 3029 3316 3099; x_wconf 80' lang='grc' dir='ltr'>χρείαν</span> <span class='ocrx_word' id='word_1_645' title='bbox 3365 3025 3723 3100; x_wconf 76' lang='grc' dir='ltr'>ἀπαραίτητον</span> <span class='ocrx_word' id='word_1_646' title='bbox 3762 3026 3951 3100; x_wconf 84' lang='grc' dir='ltr'>ἐμποιεῖ,</span> 
     </span>
    </p>
   </div>
   <div class='ocr_carea' id='block_1_93' title="bbox 2387 3105 3952 3189">
    <p class='ocr_par' dir='ltr' id='par_1_93' title="bbox 2387 3105 3952 3189">
     <span class='ocr_line' id='line_1_95' title="bbox 2387 3105 3952 3189; baseline 0.003 -29"><span class='ocrx_word' id='word_1_647' title='bbox 2387 3105 2605 3162; x_wconf 88' lang='grc' dir='ltr'>ἐκκαίων</span> <span class='ocrx_word' id='word_1_648' title='bbox 2647 3113 2768 3172; x_wconf 81' lang='grc' dir='ltr'>τοὺς</span> <span class='ocrx_word' id='word_1_649' title='bbox 2800 3114 3103 3184; x_wconf 86' lang='grc' dir='ltr'>μεθύοντας,</span> <span class='ocrx_word' id='word_1_650' title='bbox 3153 3119 3244 3168; x_wconf 82' lang='grc' dir='ltr'>καὶ</span> <span class='ocrx_word' id='word_1_651' title='bbox 3273 3113 3351 3168; x_wconf 81' lang='grc' dir='ltr'>ἀεὶ</span> <span class='ocrx_word' id='word_1_652' title='bbox 3379 3119 3510 3189; x_wconf 89' lang='grc' dir='ltr'>πρὸς</span> <span class='ocrx_word' id='word_1_653' title='bbox 3541 3122 3638 3177; x_wconf 80' lang='grc' dir='ltr'>τὴν</span> <span class='ocrx_word' id='word_1_654' title='bbox 3682 3124 3769 3170; x_wconf 83' lang='grc' dir='ltr'>τοῦ</span> <span class='ocrx_word' id='word_1_655' title='bbox 3810 3113 3952 3167; x_wconf 84' lang='grc' dir='ltr'>πλείο·</span> 
     </span>
    </p>
   </div>
   <div class='ocr_carea' id='block_1_94' title="bbox 2387 3200 3948 3278">
    <p class='ocr_par' dir='ltr' id='par_1_94' title="bbox 2387 3200 3948 3278">
     <span class='ocr_line' id='line_1_96' title="bbox 2387 3200 3948 3278; baseline 0.003 -29"><span class='ocrx_word' id='word_1_656' title='bbox 2387 3215 2470 3259; x_wconf 87' lang='grc' dir='ltr'>νος</span> <span class='ocrx_word' id='word_1_657' title='bbox 2523 3201 2692 3270; x_wconf 75' lang='grc' dir='ltr'>ἔφεσιν</span> <span class='ocrx_word' id='word_1_658' title='bbox 2743 3200 3177 3276; x_wconf 87' lang='grc' dir='ltr'>προκαλούμενος.</span> <span class='ocrx_word' id='word_1_659' title='bbox 3233 3202 3574 3278; x_wconf 79' lang='grc' dir='ltr'>’Δπλήρωτον</span> <span class='ocrx_word' id='word_1_660' title='bbox 3635 3201 3692 3260; x_wconf 66' lang='grc' dir='ltr'>δι</span> <span class='ocrx_word' id='word_1_661' title='bbox 3740 3211 3824 3257; x_wconf 81' lang='grc' dir='ltr'>τοῦ</span> <span class='ocrx_word' id='word_1_662' title='bbox 3871 3205 3948 3254; x_wconf 81' lang='grc' dir='ltr'>πί-</span> 
     </span>
    </p>
   </div>
   <div class='ocr_carea' id='block_1_95' title="bbox 2380 3287 3949 3363">
    <p class='ocr_par' dir='ltr' id='par_1_95' title="bbox 2380 3287 3949 3363">
     <span class='ocr_line' id='line_1_97' title="bbox 2380 3287 3949 3363; baseline 0.003 -24"><span class='ocrx_word' id='word_1_663' title='bbox 2380 3305 2479 3340; x_wconf 91' lang='grc' dir='ltr'>νειν</span> <span class='ocrx_word' id='word_1_664' title='bbox 2503 3290 2597 3346; x_wconf 78' lang='grc' dir='ltr'>τὴν</span> <span class='ocrx_word' id='word_1_665' title='bbox 2629 3287 2792 3360; x_wconf 80' lang='grc' dir='ltr'>ὄρεξιν</span> <span class='ocrx_word' id='word_1_666' title='bbox 2823 3292 2966 3361; x_wconf 77' lang='grc' dir='ltr'>ἔχειν</span> <span class='ocrx_word' id='word_1_667' title='bbox 3011 3290 3345 3361; x_wconf 80' lang='grc' dir='ltr'>ἐπινοοῦντες,</span> <span class='ocrx_word' id='word_1_668' title='bbox 3376 3297 3436 3346; x_wconf 90' lang='grc' dir='ltr'>τό</span> <span class='ocrx_word' id='word_1_669' title='bbox 3485 3293 3711 3349; x_wconf 87' lang='grc' dir='ltr'>ἐναντίον</span> <span class='ocrx_word' id='word_1_670' title='bbox 3737 3294 3949 3363; x_wconf 81' lang='grc' dir='ltr'>πάσχου-</span> 
     </span>
    </p>
   </div>
   <div class='ocr_carea' id='block_1_96' title="bbox 2383 3377 3946 3457">
    <p class='ocr_par' dir='ltr' id='par_1_96' title="bbox 2383 3377 3946 3457">
     <span class='ocr_line' id='line_1_98' title="bbox 2383 3377 3946 3457; baseline 0.008 -29"><span class='ocrx_word' id='word_1_671' title='bbox 2383 3395 2465 3429; x_wconf 89' lang='grc' dir='ltr'>σιν</span> <span class='ocrx_word' id='word_1_672' title='bbox 2514 3377 2542 3434; x_wconf 75' lang='grc' dir='ltr'><em>ἧ</em></span> <span class='ocrx_word' id='word_1_673' title='bbox 2587 3382 2934 3450; x_wconf 71' lang='grc' dir='ltr'>προῄρηνται.</span> <span class='ocrx_word' id='word_1_674' title='bbox 2979 3385 3063 3452; x_wconf 79' lang='grc' dir='ltr'>Τῷ</span> <span class='ocrx_word' id='word_1_675' title='bbox 3107 3385 3208 3455; x_wconf 80' lang='grc' dir='ltr'>γὰρ</span> <span class='ocrx_word' id='word_1_676' title='bbox 3261 3390 3473 3454; x_wconf 88' lang='grc' dir='ltr'>συνεχεῖ</span> <span class='ocrx_word' id='word_1_677' title='bbox 3510 3394 3612 3445; x_wconf 82' lang='grc' dir='ltr'>τῆς</span> <span class='ocrx_word' id='word_1_678' title='bbox 3652 3390 3838 3457; x_wconf 71' lang='grc' dir='ltr'>τρυφῆς</span> <span class='ocrx_word' id='word_1_679' title='bbox 3870 3383 3946 3440; x_wconf 73' lang='grc' dir='ltr'>τὰς</span> 
     </span>
    </p>
   </div>
   <div class='ocr_carea' id='block_1_97' title="bbox 2381 3459 3945 3545">
    <p class='ocr_par' dir='ltr' id='par_1_97' title="bbox 2381 3459 3945 3545">
     <span class='ocr_line' id='line_1_99' title="bbox 2381 3459 3945 3545; baseline 0.003 -29"><span class='ocrx_word' id='word_1_680' title='bbox 2381 3464 2656 3526; x_wconf 81' lang='grc' dir='ltr'>αἰσθήσεις</span> <span class='ocrx_word' id='word_1_681' title='bbox 2684 3459 3157 3542; x_wconf 64' lang='grc' dir='ltr'>ἀπομαραίνουσιν.</span> <span class='ocrx_word' id='word_1_682' title='bbox 3207 3469 3296 3533; x_wconf 73' lang='grc' dir='ltr'>Ὠς</span> <span class='ocrx_word' id='word_1_683' title='bbox 3323 3474 3423 3545; x_wconf 83' lang='grc' dir='ltr'>γὰρ</span> <span class='ocrx_word' id='word_1_684' title='bbox 3464 3475 3522 3526; x_wconf 88' lang='grc' dir='ltr'>τό</span> <span class='ocrx_word' id='word_1_685' title='bbox 3571 3475 3698 3545; x_wconf 79' lang='grc' dir='ltr'>ἄγαν</span> <span class='ocrx_word' id='word_1_686' title='bbox 3741 3471 3945 3543; x_wconf 86' lang='grc' dir='ltr'>λαμπρόν</span> 
     </span>
    </p>
   </div>
   <div class='ocr_carea' id='block_1_98' title="bbox 2381 3551 3944 3636">
    <p class='ocr_par' dir='ltr' id='par_1_98' title="bbox 2381 3551 3944 3636">
     <span class='ocr_line' id='line_1_100' title="bbox 2381 3551 3944 3636; baseline 0.006 -32"><span class='ocrx_word' id='word_1_687' title='bbox 2381 3551 2610 3626; x_wconf 76' lang='grc' dir='ltr'>ἀμαυροῖ</span> <span class='ocrx_word' id='word_1_688' title='bbox 2647 3557 2735 3616; x_wconf 80' lang='grc' dir='ltr'>τὰς</span> <span class='ocrx_word' id='word_1_689' title='bbox 2782 3556 2946 3628; x_wconf 70' lang='grc' dir='ltr'>ὄψεις,</span> <span class='ocrx_word' id='word_1_690' title='bbox 2988 3562 3078 3611; x_wconf 83' lang='grc' dir='ltr'>καὶ</span> <span class='ocrx_word' id='word_1_691' title='bbox 3122 3560 3296 3633; x_wconf 80' lang='grc' dir='ltr'>ὥσπερ</span> <span class='ocrx_word' id='word_1_692' title='bbox 3346 3563 3394 3612; x_wconf 81' lang='grc' dir='ltr'>οἱ</span> <span class='ocrx_word' id='word_1_693' title='bbox 3433 3568 3549 3624; x_wconf 88' lang='grc' dir='ltr'>τοῖς</span> <span class='ocrx_word' id='word_1_694' title='bbox 3593 3561 3824 3636; x_wconf 83' lang='grc' dir='ltr'>μεγάλοις</span> <span class='ocrx_word' id='word_1_695' title='bbox 3855 3557 3944 3628; x_wconf 72' lang='grc' dir='ltr'>ψό-</span> 
     </span>
    </p>
   </div>
   <div class='ocr_carea' id='block_1_99' title="bbox 2381 3646 3942 3724">
    <p class='ocr_par' dir='ltr' id='par_1_99' title="bbox 2381 3646 3942 3724">
     <span class='ocr_line' id='line_1_101' title="bbox 2381 3646 3942 3724; baseline 0.01 -30"><span class='ocrx_word' id='word_1_696' title='bbox 2381 3662 2492 3716; x_wconf 75' lang='grc' dir='ltr'>φοις</span> <span class='ocrx_word' id='word_1_697' title='bbox 2530 3651 2975 3719; x_wconf 85' lang='grc' dir='ltr'>κατακρουόμονοι</span> <span class='ocrx_word' id='word_1_698' title='bbox 3020 3655 3083 3721; x_wconf 72' lang='grc' dir='ltr'>τῇ</span> <span class='ocrx_word' id='word_1_699' title='bbox 3138 3646 3359 3723; x_wconf 80' lang='grc' dir='ltr'>ἀμετρίᾳ</span> <span class='ocrx_word' id='word_1_700' title='bbox 3403 3657 3500 3713; x_wconf 85' lang='grc' dir='ltr'>τῆς</span> <span class='ocrx_word' id='word_1_701' title='bbox 3541 3651 3745 3724; x_wconf 84' lang='grc' dir='ltr'>πληγῆς</span> <span class='ocrx_word' id='word_1_702' title='bbox 3788 3648 3854 3710; x_wconf 77' lang='grc' dir='ltr'>εἷς</span> <span class='ocrx_word' id='word_1_703' title='bbox 3895 3647 3942 3698; x_wconf 67' lang='grc' dir='ltr'>τὸ</span> 
     </span>
    </p>
   </div>
   <div class='ocr_carea' id='block_1_100' title="bbox 2376 3729 3938 3810">
    <p class='ocr_par' dir='ltr' id='par_1_100' title="bbox 2376 3729 3938 3810">
     <span class='ocr_line' id='line_1_102' title="bbox 2376 3729 3938 3810; baseline 0 -21"><span class='ocrx_word' id='word_1_704' title='bbox 2376 3729 2515 3804; x_wconf 61' lang='grc' dir='ltr'>μηδὲ</span> <span class='ocrx_word' id='word_1_705' title='bbox 2547 3732 2750 3787; x_wconf 83' lang='grc' dir='ltr'>ἀκούειν</span> <span class='ocrx_word' id='word_1_706' title='bbox 2794 3736 3054 3797; x_wconf 87' lang='grc' dir='ltr'>παντελῶς</span> <span class='ocrx_word' id='word_1_707' title='bbox 3099 3740 3454 3810; x_wconf 83' lang='grc' dir='ltr'>περιάγονται·</span> <span class='ocrx_word' id='word_1_708' title='bbox 3508 3742 3648 3795; x_wconf 78' lang='grc' dir='ltr'>οὕτω</span> <span class='ocrx_word' id='word_1_709' title='bbox 3692 3743 3776 3792; x_wconf 80' lang='grc' dir='ltr'>καὶ</span> <span class='ocrx_word' id='word_1_710' title='bbox 3817 3735 3938 3789; x_wconf 80' lang='grc' dir='ltr'>οὗτοι</span> 
     </span>
    </p>
   </div>
   <div class='ocr_carea' id='block_1_101' title="bbox 2377 3818 3940 3900">
    <p class='ocr_par' dir='ltr' id='par_1_101' title="bbox 2377 3818 3940 3900">
     <span class='ocr_line' id='line_1_103' title="bbox 2377 3818 3940 3900; baseline 0.005 -27"><span class='ocrx_word' id='word_1_711' title='bbox 2377 3818 2650 3879; x_wconf 81' lang='grc' dir='ltr'>λελήθασιν</span> <span class='ocrx_word' id='word_1_712' title='bbox 2690 3823 2903 3886; x_wconf 81' lang='grc' dir='ltr'>ἑαυτούς</span> <span class='ocrx_word' id='word_1_713' title='bbox 2949 3827 3048 3878; x_wconf 79' lang='grc' dir='ltr'>ὑπὸ</span> <span class='ocrx_word' id='word_1_714' title='bbox 3091 3833 3187 3887; x_wconf 79' lang='grc' dir='ltr'>τῆς</span> <span class='ocrx_word' id='word_1_715' title='bbox 3215 3827 3348 3899; x_wconf 80' lang='grc' dir='ltr'>ἄγαν</span> <span class='ocrx_word' id='word_1_716' title='bbox 3387 3826 3692 3900; x_wconf 74' lang='grc' dir='ltr'>φιληδονίας</span> <span class='ocrx_word' id='word_1_717' title='bbox 3721 3827 3824 3896; x_wconf 84' lang='grc'>(39)</span> <span class='ocrx_word' id='word_1_718' title='bbox 3864 3829 3940 3881; x_wconf 73' lang='grc' dir='ltr'>τὴν</span> 
     </span>
    </p>
   </div>
   <div class='ocr_carea' id='block_1_102' title="bbox 2376 3906 3940 3993">
    <p class='ocr_par' dir='ltr' id='par_1_102' title="bbox 2376 3906 3940 3993">
     <span class='ocr_line' id='line_1_104' title="bbox 2376 3906 3940 3993; baseline 0.001 -26"><span class='ocrx_word' id='word_1_719' title='bbox 2376 3906 2572 3969; x_wconf 67' lang='grc' dir='ltr'>ἡδονὴν</span> <span class='ocrx_word' id='word_1_720' title='bbox 2626 3909 2981 3974; x_wconf 71' lang='grc' dir='ltr'>ἀπολέσαντες.</span> <span class='ocrx_word' id='word_1_721' title='bbox 3040 3912 3258 3978; x_wconf 65' lang='lat' dir='ltr'>&quot;An-oro;</span> <span class='ocrx_word' id='word_1_722' title='bbox 3321 3919 3412 3989; x_wconf 71' lang='grc' dir='ltr'>μὲν</span> <span class='ocrx_word' id='word_1_723' title='bbox 3476 3920 3583 3993; x_wconf 80' lang='grc' dir='ltr'>γὰρ</span> <span class='ocrx_word' id='word_1_724' title='bbox 3642 3918 3811 3978; x_wconf 77' lang='grc' dir='ltr'>αὐτοῖς</span> <span class='ocrx_word' id='word_1_725' title='bbox 3867 3916 3940 3964; x_wconf 83' lang='grc' dir='ltr'>καὶ</span> 
     </span>
    </p>
   </div>
   <div class='ocr_carea' id='block_1_103' title="bbox 2375 3994 3941 4080">
    <p class='ocr_par' dir='ltr' id='par_1_103' title="bbox 2375 3994 3941 4080">
     <span class='ocr_line' id='line_1_105' title="bbox 2375 3994 3941 4080; baseline 0.003 -30"><span class='ocrx_word' id='word_1_726' title='bbox 2375 3994 2659 4062; x_wconf 77' lang='grc' dir='ltr'>ὑδατώδης</span> <span class='ocrx_word' id='word_1_727' title='bbox 2685 4001 2709 4052; x_wconf 88' lang='grc' dir='ltr'><strong><em>ὁ</em></strong></span> <span class='ocrx_word' id='word_1_728' title='bbox 2741 4002 2890 4068; x_wconf 84' lang='grc' dir='ltr'>οἶνος,</span> <span class='ocrx_word' id='word_1_729' title='bbox 2917 4001 3012 4054; x_wconf 82' lang='grc' dir='ltr'>κᾶν</span> <span class='ocrx_word' id='word_1_730' title='bbox 3042 4003 3271 4078; x_wconf 86' lang='grc' dir='ltr'>οἰκρατος</span> <span class='ocrx_word' id='word_1_731' title='bbox 3361 4005 3567 4080; x_wconf 84' lang='grc' dir='ltr'>χλιαρὰ</span> <span class='ocrx_word' id='word_1_732' title='bbox 3617 4003 3675 4060; x_wconf 69' lang='grc' dir='ltr'>δε</span> <span class='ocrx_word' id='word_1_733' title='bbox 3718 4011 3803 4058; x_wconf 88' lang='grc' dir='ltr'>τού</span> <span class='ocrx_word' id='word_1_734' title='bbox 3841 4020 3941 4056; x_wconf 78' lang='grc' dir='ltr'>νεα·-</span> 
     </span>
    </p>
   </div>
   <div class='ocr_carea' id='block_1_104' title="bbox 2375 4087 3938 4169">
    <p class='ocr_par' dir='ltr' id='par_1_104' title="bbox 2375 4087 3938 4169">
     <span class='ocr_line' id='line_1_106' title="bbox 2375 4087 3938 4169; baseline 0.004 -29"><span class='ocrx_word' id='word_1_735' title='bbox 2375 4095 2470 4160; x_wconf 83' lang='grc' dir='ltr'>ροῦ</span> <span class='ocrx_word' id='word_1_736' title='bbox 2503 4090 2531 4146; x_wconf 78' lang='grc' dir='ltr'>ἡ</span> <span class='ocrx_word' id='word_1_737' title='bbox 2567 4087 2863 4160; x_wconf 68' lang='grc' dir='ltr'>ἀντίληψις,</span> <span class='ocrx_word' id='word_1_738' title='bbox 2896 4089 2991 4142; x_wconf 78' lang='grc' dir='ltr'>κᾶν</span> <span class='ocrx_word' id='word_1_739' title='bbox 3019 4094 3078 4144; x_wconf 90' lang='grc' dir='ltr'>τὸ</span> <span class='ocrx_word' id='word_1_740' title='bbox 3127 4091 3572 4167; x_wconf 77' lang='grc' dir='ltr'>ἀκραιφνέστατον</span> <span class='ocrx_word' id='word_1_741' title='bbox 3603 4092 3655 4169; x_wconf 73' lang='grc' dir='ltr'>ᾖ,</span> <span class='ocrx_word' id='word_1_742' title='bbox 3701 4093 3789 4147; x_wconf 72' lang='grc' dir='ltr'>κᾶν</span> <span class='ocrx_word' id='word_1_743' title='bbox 3828 4090 3938 4146; x_wconf 72' lang='grc' dir='ltr'>αὐτὴ</span> 
     </span>
    </p>
   </div>
   <div class='ocr_carea' id='block_1_105' title="bbox 2373 4178 3942 4254">
    <p class='ocr_par' dir='ltr' id='par_1_105' title="bbox 2373 4178 3942 4254">
     <span class='ocr_line' id='line_1_107' title="bbox 2373 4178 3942 4254; baseline 0.006 -25"><span class='ocrx_word' id='word_1_744' title='bbox 2373 4183 2530 4249; x_wconf 87' lang='grc' dir='ltr'>χιὼν,</span> <span class='ocrx_word' id='word_1_745' title='bbox 2589 4178 2917 4232; x_wconf 72' lang='grc' dir='ltr'>κατασϐέσαι</span> <span class='ocrx_word' id='word_1_746' title='bbox 2961 4184 3056 4239; x_wconf 76' lang='grc' dir='ltr'>τὴν</span> <span class='ocrx_word' id='word_1_747' title='bbox 3105 4179 3249 4236; x_wconf 78' lang='grc' dir='ltr'>ἔνδον</span> <span class='ocrx_word' id='word_1_748' title='bbox 3306 4183 3356 4236; x_wconf 81' lang='grc' dir='ltr'>ἐν</span> <span class='ocrx_word' id='word_1_749' title='bbox 3411 4183 3594 4246; x_wconf 75' lang='grc' dir='ltr'>αὐτοῖς</span> <span class='ocrx_word' id='word_1_750' title='bbox 3621 4185 3730 4254; x_wconf 72' lang='grc'>(49)</span> <span class='ocrx_word' id='word_1_751' title='bbox 3772 4182 3822 4235; x_wconf 87' lang='grc' dir='ltr'>ἐκ</span> <span class='ocrx_word' id='word_1_752' title='bbox 3861 4186 3942 4239; x_wconf 70' lang='grc' dir='ltr'>τῆς</span> 
     </span>
    </p>
   </div>
   <div class='ocr_carea' id='block_1_106' title="bbox 2376 4265 3939 4349">
    <p class='ocr_par' dir='ltr' id='par_1_106' title="bbox 2376 4265 3939 4349">
     <span class='ocr_line' id='line_1_108' title="bbox 2376 4265 3939 4349; baseline 0.003 -30"><span class='ocrx_word' id='word_1_753' title='bbox 2376 4265 2624 4341; x_wconf 75' lang='grc' dir='ltr'>ἀμετρίας</span> <span class='ocrx_word' id='word_1_754' title='bbox 2681 4275 2770 4321; x_wconf 85' lang='grc' dir='ltr'>τοῦ</span> <span class='ocrx_word' id='word_1_755' title='bbox 2827 4271 2966 4322; x_wconf 79' lang='grc' dir='ltr'>οἴνου</span> <span class='ocrx_word' id='word_1_756' title='bbox 3025 4275 3300 4345; x_wconf 76' lang='grc' dir='ltr'>καιομένην</span> <span class='ocrx_word' id='word_1_757' title='bbox 3345 4272 3510 4346; x_wconf 78' lang='grc' dir='ltr'>φλόγα</span> <span class='ocrx_word' id='word_1_758' title='bbox 3558 4280 3629 4349; x_wconf 82' lang='grc' dir='ltr'>μὴ</span> <span class='ocrx_word' id='word_1_759' title='bbox 3687 4271 3939 4344; x_wconf 76' lang='grc' dir='ltr'>δυναμένη.</span> 
     </span>
    </p>
   </div>
   <div class='ocr_carea' id='block_1_107' title="bbox 2374 4355 3941 4437">
    <p class='ocr_par' dir='ltr' id='par_1_107' title="bbox 2374 4355 3941 4437">
     <span class='ocr_line' id='line_1_109' title="bbox 2374 4355 3941 4437; baseline 0.001 -27"><span class='ocrx_word' id='word_1_760' title='bbox 2374 4361 2485 4410; x_wconf 89' lang='grc' dir='ltr'>Τίνι</span> <span class='ocrx_word' id='word_1_761' title='bbox 2524 4356 2642 4410; x_wconf 74' lang='grc' dir='ltr'>ούαί</span> <span class='ocrx_word' id='word_1_762' title='bbox 2675 4373 2688 4425; x_wconf 90' lang='grc'><strong>;</strong></span> <span class='ocrx_word' id='word_1_763' title='bbox 2745 4362 2846 4410; x_wconf 88' lang='grc' dir='ltr'>τίνι</span> <span class='ocrx_word' id='word_1_764' title='bbox 2887 4358 3146 4432; x_wconf 78' lang='grc' dir='ltr'>θόρυϐος;</span> <span class='ocrx_word' id='word_1_765' title='bbox 3206 4365 3308 4414; x_wconf 88' lang='grc' dir='ltr'>τίνι</span> <span class='ocrx_word' id='word_1_766' title='bbox 3346 4366 3548 4437; x_wconf 84' lang='grc' dir='ltr'>κρίσεις</span> <span class='ocrx_word' id='word_1_767' title='bbox 3581 4380 3595 4430; x_wconf 84' lang='grc'>;</span> <span class='ocrx_word' id='word_1_768' title='bbox 3645 4367 3742 4416; x_wconf 84' lang='grc' dir='ltr'>τίνι</span> <span class='ocrx_word' id='word_1_769' title='bbox 3777 4355 3941 4417; x_wconf 77' lang='grc' dir='ltr'>ἆηδίαι</span> 
     </span>
    </p>
   </div>
   <div class='ocr_carea' id='block_1_108' title="bbox 2374 4445 3940 4526">
    <p class='ocr_par' dir='ltr' id='par_1_108' title="bbox 2374 4445 3940 4526">
     <span class='ocr_line' id='line_1_110' title="bbox 2374 4445 3940 4526; baseline 0.006 -29"><span class='ocrx_word' id='word_1_770' title='bbox 2374 4450 2461 4498; x_wconf 83' lang='grc' dir='ltr'>καὶ</span> <span class='ocrx_word' id='word_1_771' title='bbox 2532 4445 2772 4518; x_wconf 75' lang='grc' dir='ltr'>λέσχαις</span> <span class='ocrx_word' id='word_1_772' title='bbox 2849 4452 2955 4502; x_wconf 87' lang='grc' dir='ltr'>τίνι</span> <span class='ocrx_word' id='word_1_773' title='bbox 3022 4455 3390 4526; x_wconf 88' lang='grc' dir='ltr'>συντρίμματα</span> <span class='ocrx_word' id='word_1_774' title='bbox 3463 4449 3751 4519; x_wconf 85' lang='grc' dir='ltr'>διακενῆς;</span> <span class='ocrx_word' id='word_1_775' title='bbox 3822 4453 3940 4507; x_wconf 80' lang='grc' dir='ltr'>τίνος</span> 
     </span>
    </p>
   </div>
   <div class='ocr_carea' id='block_1_109' title="bbox 2373 4530 3938 4616">
    <p class='ocr_par' dir='ltr' id='par_1_109' title="bbox 2373 4530 3938 4616">
     <span class='ocr_line' id='line_1_111' title="bbox 2373 4530 3938 4616; baseline 0.002 -30"><span class='ocrx_word' id='word_1_776' title='bbox 2373 4530 2606 4588; x_wconf 69' lang='grc' dir='ltr'>πελιδνοὶ⁵</span> <span class='ocrx_word' id='word_1_777' title='bbox 2665 4538 2715 4588; x_wconf 84' lang='grc' dir='ltr'>οἱ</span> <span class='ocrx_word' id='word_1_778' title='bbox 2781 4536 3082 4610; x_wconf 77' lang='grc' dir='ltr'>ὀφθαλμοίς</span> <span class='ocrx_word' id='word_1_779' title='bbox 3143 4539 3220 4592; x_wconf 84' lang='grc' dir='ltr'>Ού</span> <span class='ocrx_word' id='word_1_780' title='bbox 3286 4549 3385 4592; x_wconf 85' lang='grc' dir='ltr'>τῶν</span> <span class='ocrx_word' id='word_1_781' title='bbox 3447 4539 3844 4616; x_wconf 79' lang='grc' dir='ltr'>ἐγχρονιζόντων</span> <span class='ocrx_word' id='word_1_782' title='bbox 3898 4533 3938 4586; x_wconf 78' lang='grc' dir='ltr'>ἓν</span> 
     </span>
    </p>
   </div>
   <div class='ocr_carea' id='block_1_110' title="bbox 2371 4625 3936 4702">
    <p class='ocr_par' dir='ltr' id='par_1_110' title="bbox 2371 4625 3936 4702">
     <span class='ocr_line' id='line_1_112' title="bbox 2371 4625 3936 4702; baseline 0.001 -27"><span class='ocrx_word' id='word_1_783' title='bbox 2371 4625 2510 4694; x_wconf 82' lang='grc' dir='ltr'>οἴνῳ,</span> <span class='ocrx_word' id='word_1_784' title='bbox 2600 4628 2690 4676; x_wconf 80' lang='grc' dir='ltr'>καὶ</span> <span class='ocrx_word' id='word_1_785' title='bbox 2747 4629 3219 4680; x_wconf 86' lang='grc' dir='ltr'>κατασκοπούντων</span> <span class='ocrx_word' id='word_1_786' title='bbox 3301 4637 3392 4682; x_wconf 66' lang='grc' dir='ltr'>τοῦ</span> <span class='ocrx_word' id='word_1_787' title='bbox 3459 4635 3612 4684; x_wconf 88' lang='grc' dir='ltr'>πότοι</span> <span class='ocrx_word' id='word_1_788' title='bbox 3690 4633 3936 4702; x_wconf 78' lang='grc' dir='ltr'>γίνονταις</span> 
     </span>
    </p>
   </div>
   <div class='ocr_carea' id='block_1_111' title="bbox 2369 4709 3938 4792">
    <p class='ocr_par' dir='ltr' id='par_1_111' title="bbox 2369 4709 3938 4792">
     <span class='ocr_line' id='line_1_113' title="bbox 2369 4709 3938 4792; baseline 0.003 -29"><span class='ocrx_word' id='word_1_789' title='bbox 2369 4715 2438 4764; x_wconf 89' lang='grc' dir='ltr'>Τὸ</span> <span class='ocrx_word' id='word_1_790' title='bbox 2503 4711 2622 4764; x_wconf 85' lang='grc' dir='ltr'>ούαὶ</span> <span class='ocrx_word' id='word_1_791' title='bbox 2703 4711 2966 4787; x_wconf 70' lang='grc' dir='ltr'>θρηνῶδες</span> <span class='ocrx_word' id='word_1_792' title='bbox 3039 4715 3153 4770; x_wconf 83' lang='grc' dir='ltr'>ἐστι</span> <span class='ocrx_word' id='word_1_793' title='bbox 3226 4716 3536 4791; x_wconf 79' lang='grc' dir='ltr'>ἐπίφθεγμα.</span> <span class='ocrx_word' id='word_1_794' title='bbox 3615 4723 3812 4792; x_wconf 80' lang='grc' dir='ltr'>Θρήνου</span> <span class='ocrx_word' id='word_1_795' title='bbox 3888 4709 3938 4763; x_wconf 66' lang='grc' dir='ltr'>δὲ</span> 
     </span>
    </p>
   </div>
   <div class='ocr_carea' id='block_1_112' title="bbox 2369 4800 3936 4880">
    <p class='ocr_par' dir='ltr' id='par_1_112' title="bbox 2369 4800 3936 4880">
     <span class='ocr_line' id='line_1_114' title="bbox 2369 4800 3936 4880; baseline 0.001 -28"><span class='ocrx_word' id='word_1_796' title='bbox 2369 4800 2507 4864; x_wconf 85' lang='grc' dir='ltr'>οἶξιοι</span> <span class='ocrx_word' id='word_1_797' title='bbox 2562 4803 2612 4854; x_wconf 77' lang='grc' dir='ltr'>οἱ</span> <span class='ocrx_word' id='word_1_798' title='bbox 2667 4804 2959 4874; x_wconf 85' lang='grc' dir='ltr'>μεθύοντες,</span> <span class='ocrx_word' id='word_1_799' title='bbox 3020 4801 3162 4858; x_wconf 80' lang='grc' dir='ltr'>διότι</span> <span class='ocrx_word' id='word_1_800' title='bbox 3217 4808 3452 4860; x_wconf 74' lang='grc' dir='ltr'>Μεθυσοι</span> <span class='ocrx_word' id='word_1_801' title='bbox 3518 4806 3785 4880; x_wconf 85' lang='grc' dir='ltr'>βασιλείαν</span> <span class='ocrx_word' id='word_1_802' title='bbox 3821 4805 3936 4856; x_wconf 74' lang='grc' dir='ltr'>Θεοῦ</span> 
     </span>
    </p>
   </div>
   <div class='ocr_carea' id='block_1_113' title="bbox 2367 4889 3936 4966">
    <p class='ocr_par' dir='ltr' id='par_1_113' title="bbox 2367 4889 3936 4966">
     <span class='ocr_line' id='line_1_115' title="bbox 2367 4889 3936 4966; baseline 0.003 -25"><span class='ocrx_word' id='word_1_803' title='bbox 2367 4889 2426 4941; x_wconf 74' lang='grc' dir='ltr'>ού</span> <span class='ocrx_word' id='word_1_804' title='bbox 2493 4889 2974 4964; x_wconf 78' lang='grc' dir='ltr'>κληρονομήσουσι.</span> <span class='ocrx_word' id='word_1_805' title='bbox 3032 4893 3269 4966; x_wconf 74' lang='grc' dir='ltr'>Θόρυϐος</span> <span class='ocrx_word' id='word_1_806' title='bbox 3330 4891 3389 4948; x_wconf 77' lang='grc' dir='ltr'>δὲ</span> <span class='ocrx_word' id='word_1_807' title='bbox 3457 4893 3552 4949; x_wconf 81' lang='grc' dir='ltr'>διὰ</span> <span class='ocrx_word' id='word_1_808' title='bbox 3610 4901 3700 4954; x_wconf 80' lang='grc' dir='ltr'>τὴν</span> <span class='ocrx_word' id='word_1_809' title='bbox 3756 4893 3808 4946; x_wconf 77' lang='grc' dir='ltr'>ἐκ</span> <span class='ocrx_word' id='word_1_810' title='bbox 3859 4894 3936 4942; x_wconf 77' lang='grc' dir='ltr'>τοῦ</span> 
     </span>
    </p>
   </div>
   <div class='ocr_carea' id='block_1_114' title="bbox 2366 4980 3936 5059">
    <p class='ocr_par' dir='ltr' id='par_1_114' title="bbox 2366 4980 3936 5059">
     <span class='ocr_line' id='line_1_116' title="bbox 2366 4980 3936 5059; baseline 0.006 -27"><span class='ocrx_word' id='word_1_811' title='bbox 2366 4981 2504 5034; x_wconf 85' lang='grc' dir='ltr'>οἴνου</span> <span class='ocrx_word' id='word_1_812' title='bbox 2573 4985 2819 5056; x_wconf 81' lang='grc' dir='ltr'>ταραχὴν</span> <span class='ocrx_word' id='word_1_813' title='bbox 2892 4981 3224 5057; x_wconf 78' lang='grc' dir='ltr'>ἐγγινομένην</span> <span class='ocrx_word' id='word_1_814' title='bbox 3303 4991 3416 5049; x_wconf 86' lang='grc' dir='ltr'>τοῖς</span> <span class='ocrx_word' id='word_1_815' title='bbox 3480 4984 3788 5059; x_wconf 87' lang='grc' dir='ltr'>λογισμοῖς.</span> <span class='ocrx_word' id='word_1_816' title='bbox 3851 4980 3936 5034; x_wconf 70' lang='grc' dir='ltr'>Καὶ</span> 
     </span>
    </p>
   </div>
   <div class='ocr_carea' id='block_1_115' title="bbox 2363 5154 3931 5249">
    <p class='ocr_par' dir='ltr' id='par_1_115' title="bbox 2363 5154 3931 5249">
     <span class='ocr_line' id='line_1_117' title="bbox 2363 5154 3931 5249; baseline -0.003 -34"><span class='ocrx_word' id='word_1_817' title='bbox 2363 5158 2648 5249; x_wconf 32' lang='lat' dir='ltr'>dictamni</span> <span class='ocrx_word' id='word_1_818' title='bbox 2672 5173 2897 5249; x_wconf 38' lang='lat' dir='ltr'>amore].</span> <span class='ocrx_word' id='word_1_819' title='bbox 2924 5158 3182 5249; x_wconf 65' lang='lat' dir='ltr'>Alii_tres</span> <span class='ocrx_word' id='word_1_820' title='bbox 3210 5177 3371 5249; x_wconf 70' lang='lat' dir='ltr'>mss.~</span> <span class='ocrx_word' id='word_1_821' title='bbox 3391 5165 3449 5249; x_wconf 48' lang='grc' dir='ltr'>οδ</span> <span class='ocrx_word' id='word_1_822' title='bbox 3472 5161 3612 5249; x_wconf 66' lang='lat' dir='ltr'>editi</span> <span class='ocrx_word' id='word_1_823' title='bbox 3637 5154 3931 5249; x_wconf 52' lang='grc' dir='ltr'>φιληδονξαὲ</span> 
     </span>
    </p>
   </div>
   <div class='ocr_carea' id='block_1_116' title="bbox 2435 5230 3935 5302">
    <p class='ocr_par' dir='ltr' id='par_1_116' title="bbox 2435 5230 3935 5302">
     <span class='ocr_line' id='line_1_118' title="bbox 2435 5230 3935 5302; baseline -0.006 -15"><span class='ocrx_word' id='word_1_824' title='bbox 2435 5231 2549 5300; x_wconf 71' lang='grc'>(40)</span> <span class='ocrx_word' id='word_1_825' title='bbox 2580 5231 2826 5302; x_wconf 81' lang='lat' dir='ltr'>Antiqui</span> <span class='ocrx_word' id='word_1_826' title='bbox 2851 5231 2972 5286; x_wconf 93' lang='lat' dir='ltr'>duo</span> <span class='ocrx_word' id='word_1_827' title='bbox 3015 5230 3151 5287; x_wconf 82' lang='lat' dir='ltr'>libri</span> <span class='ocrx_word' id='word_1_828' title='bbox 3200 5237 3293 5291; x_wconf 84' lang='grc' dir='ltr'>τὴν</span> <span class='ocrx_word' id='word_1_829' title='bbox 3345 5230 3548 5302; x_wconf 78' lang='grc' dir='ltr'>ἔνδοθεν</span> <span class='ocrx_word' id='word_1_830' title='bbox 3590 5230 3779 5291; x_wconf 73' lang='grc' dir='ltr'>αὐτοῖς.</span> <span class='ocrx_word' id='word_1_831' title='bbox 3814 5230 3935 5302; x_wconf 77' lang='lat' dir='ltr'>Mox</span> 
     </span>
    </p>
   </div>
   <div class='ocr_carea' id='block_1_117' title="bbox 2364 5301 3930 5376">
    <p class='ocr_par' dir='ltr' id='par_1_117' title="bbox 2364 5301 3930 5376">
     <span class='ocr_line' id='line_1_119' title="bbox 2364 5301 3930 5376; baseline 0.006 -22"><span class='ocrx_word' id='word_1_832' title='bbox 2364 5301 2548 5376; x_wconf 78' lang='lat' dir='ltr'>editio</span> <span class='ocrx_word' id='word_1_833' title='bbox 2580 5301 2752 5376; x_wconf 60' lang='lat' dir='ltr'>Basili</span> <span class='ocrx_word' id='word_1_834' title='bbox 2803 5306 2860 5357; x_wconf 91' lang='lat' dir='ltr'>et</span> <span class='ocrx_word' id='word_1_835' title='bbox 2896 5305 3172 5376; x_wconf 77' lang='lat' dir='ltr'>quatuor</span> <span class='ocrx_word' id='word_1_836' title='bbox 3200 5319 3343 5358; x_wconf 89' lang='lat' dir='ltr'>mss.</span> <span class='ocrx_word' id='word_1_837' title='bbox 3377 5309 3448 5376; x_wconf 79' lang='grc' dir='ltr'>μὴ</span> <span class='ocrx_word' id='word_1_838' title='bbox 3492 5301 3764 5376; x_wconf 70' lang='grc' dir='ltr'>δυναμένη.</span> <span class='ocrx_word' id='word_1_839' title='bbox 3803 5301 3930 5376; x_wconf 56' lang='grc' dir='ltr'>βεδε·</span> 
     </span>
    </p>
   </div>
   <div class='ocr_carea' id='block_1_118' title="bbox 2363 5367 3932 5451">
    <p class='ocr_par' dir='ltr' id='par_1_118' title="bbox 2363 5367 3932 5451">
     <span class='ocr_line' id='line_1_120' title="bbox 2363 5367 3932 5451; baseline -0.003 -24"><span class='ocrx_word' id='word_1_840' title='bbox 2363 5372 2679 5451; x_wconf 35' lang='grc' dir='ltr'>Ρΐὶεωιξεού</span> <span class='ocrx_word' id='word_1_841' title='bbox 2713 5367 2994 5451; x_wconf 70' lang='grc' dir='ltr'>δυναμένη.</span> <span class='ocrx_word' id='word_1_842' title='bbox 3024 5374 3216 5451; x_wconf 85' lang='lat' dir='ltr'>Editio</span> <span class='ocrx_word' id='word_1_843' title='bbox 3246 5367 3424 5431; x_wconf 79' lang='lat' dir='ltr'>Paris.</span> <span class='ocrx_word' id='word_1_844' title='bbox 3459 5375 3517 5426; x_wconf 85' lang='grc' dir='ltr'>ού</span> <span class='ocrx_word' id='word_1_845' title='bbox 3539 5367 3770 5451; x_wconf 66' lang='grc' dir='ltr'>δύύαται.</span> <span class='ocrx_word' id='word_1_846' title='bbox 3796 5367 3932 5425; x_wconf 83' lang='lat' dir='ltr'>Sub-</span> 
     </span>
    </p>
   </div>
   <div class='ocr_carea' id='block_1_119' title="bbox 2361 5442 3748 5517">
    <p class='ocr_par' dir='ltr' id='par_1_119' title="bbox 2361 5442 3748 5517">
     <span class='ocr_line' id='line_1_121' title="bbox 2361 5442 3748 5517; baseline 0 -20"><span class='ocrx_word' id='word_1_847' title='bbox 2361 5442 2501 5500; x_wconf 80' lang='lat' dir='ltr'>inde</span> <span class='ocrx_word' id='word_1_848' title='bbox 2530 5443 2692 5500; x_wconf 88' lang='lat' dir='ltr'>Colb.</span> <span class='ocrx_word' id='word_1_849' title='bbox 2726 5442 2959 5515; x_wconf 77' lang='lat' dir='ltr'>primus</span> <span class='ocrx_word' id='word_1_850' title='bbox 2992 5450 3081 5497; x_wconf 76' lang='grc' dir='ltr'>καὶ</span> <span class='ocrx_word' id='word_1_851' title='bbox 3109 5453 3206 5498; x_wconf 85' lang='grc' dir='ltr'>τῶν</span> <span class='ocrx_word' id='word_1_852' title='bbox 3235 5450 3748 5517; x_wconf 84' lang='grc' dir='ltr'>κατασκοπουμένων.</span> 
     </span>
    </p>
   </div>
  </div>
