4076 6190
595 296 705 351 459

597 510 760 562 ratos
792 522 824 561 e
852 503 1077 577 prmlio,
1101 501 1434 573 juventutis
1464 500 1676 556 ﬂorem
1697 500 1836 556 vino
1857 499 2139 555 enecasti.
2169 503 2250 554 Ac

597 610 785 651 vocas
806 592 1053 666 quidem
1076 589 1253 646 veluti
1280 589 1545 644 amicum
1569 589 1647 644 ad
1673 605 1932 651 ccenam,
1956 587 2121 659 ejicis
2146 603 2250 643 au-

596 688 721 740 tem
748 686 1072 746 mortuum,
1098 678 1389 735 exstincta
1415 694 1450 735 a
1471 679 1611 734 vino
1633 677 1792 733 illius
1819 678 1959 733 vita.
1981 680 2126 733 Cum
2149 692 2251 732 au-

597 777 719 828 tem
748 772 887 826 vino
914 769 1183 825 exsatiati
1215 783 1348 823 esse
1381 772 1691 839 putantur,
1723 772 1849 823 tum
1879 767 2085 822 bibere
2106 767 2251 822 inci-

597 862 789 934 piunt,
804 864 856 916 et
871 859 1173 931 pecudum
1191 873 1356 913 more
1374 856 1593 913 bibunt
1613 857 1786 928 quasi
1805 873 1841 912 a
1857 855 2020 912 fonte
2039 860 2250 928 sponte

596 954 907 1016 manante,
924 952 979 1004 et
1002 946 1311 1004 scatebras
1336 962 1589 1002 numero
1609 945 1872 1018 aequales
1891 944 2254 1001 accumben-

595 1037 754 1094 tibus
783 1037 1182 1092 ministrante.
1225 1038 1373 1092 Nam
1401 1034 1760 1107 procedente
1797 1034 1926 1104 jam
1951 1033 2248 1104 convivio,

593 1126 944 1182 adolescens
983 1125 1218 1181 habens
1269 1124 1543 1194 egregios
1599 1124 1912 1190 humeros,
1972 1122 2249 1178 nondum

593 1214 814 1282 ebrius,
841 1213 1263 1286 praegrandem
1291 1213 1415 1268 vini
1441 1211 1771 1280 refrigerati
1799 1211 2067 1284 phialam
2100 1211 2247 1267 atl‘e-

589 1320 751 1376 rens,
772 1305 890 1359 huc
913 1303 1279 1374 ingreditur:
1303 1302 1409 1373 qui
1429 1301 1685 1373 depulso
1703 1301 1981 1372 ipsorum
2002 1299 2246 1372 pocilla~

593 1400 741 1464 tore,
756 1400 922 1450 stans
937 1392 994 1448 in
1011 1393 1234 1461 medio,
1247 1409 1355 1464 per
1367 1392 1652 1464 obliquos
1673 1391 1851 1448 tubos
1864 1407 2075 1464 parem
2090 1407 2251 1447 com-

590 1483 908 1555 potoribus
939 1481 1242 1538 distribuit
1281 1481 1652 1537 ebrietatem.
1686 1483 1886 1537 Novus
1913 1481 2008 1537 hic
2049 1486 2137 1537 est
2164 1480 2250 1537 rei

594 1572 850 1628 modum
874 1570 1111 1626 nullum
1132 1570 1411 1626 habentis
1433 1570 1678 1636 modus,
1705 1577 1771 1626 ut
1796 1571 1936 1626 data
1957 1571 2088 1643 pari
2113 1586 2248 1643 por-

592 1661 753 1717 tione
781 1659 936 1714 inter
983 1675 1047 1715 se
1097 1665 1309 1715 mutuo
1339 1659 1666 1730 luxurient,
1707 1675 1819 1715 nec
1867 1662 2057 1732 possit
2101 1659 2250 1714 alter

1969 286 2026 342 S.
2067 285 2322 342 BASlLll
2359 285 2590 343 MAGNI

593 416 748 474 cisti.
776 418 1034 472 Iuvenes
1062 411 1226 484 ejicis
1254 411 1469 466 ductos
1494 426 1684 467 manu
1711 411 2009 482 tanquam
2032 409 2244 466 vulne-
2280 413 2326 466 A

3827 293 3926 347 460

2358 409 2505 473 ταξιν
2549 409 2799 474 ἐποίησας
2844 412 2908 462 τὸ
2956 413 3270 482 συμπόσιον.
3313 407 3598 472 Ἐκϐάλλεις
3636 414 3748 472 τοὺς
3773 419 3923 467 νεανί-

2362 519 2520 560 σκους
2565 503 3100 572 χειραγωγουμένους,
3155 501 3220 560 ὡς
3262 504 3580 572 τραυματίας
3647 501 3742 552 ἀπὸ
3789 503 3923 556 πολέ-

2359 609 2480 661 μου·
2531 588 2812 663 ἐνέκρωσας
2861 593 2952 646 τὴν
3001 587 3175 660 ἀκμὴν
3219 598 3313 650 τῆς
3351 594 3584 651 νεότητος
3634 588 3732 642 ἀπὸ
3783 596 3920 644 οἶνον·

2359 682 2448 730 καὶ
2499 677 2665 738 καλεῖς
2712 681 2800 750 μεν
2853 681 2923 738 ὡς
2980 678 3116 750 φίλον
3166 676 3250 730 ἐπὶ
3300 681 3357 730 τὸ
3413 675 3635 743 δεῖπνον,
3697 679 3924 743 ἐκϐάλλεις

2362 763 2419 820 δὲ
2466 770 2660 841 νεκρὸν,
2703 769 2821 837 οἴνῳ
2867 772 2961 825 τὴν
3016 768 3154 827 ζωὴν
3198 767 3356 819 αὑτοῦ
3396 767 3742 829 κατασϐέσας.
3784 769 3923 823 Ὀταν

2362 852 2421 907 δὲ
2446 857 2737 928 νομισθὼσι
2769 852 3028 931 διακορεῖς
3069 861 3184 924 (59)
3224 854 3352 908 εἶναι
3385 864 3475 909 τοῦ
3506 861 3664 923 οἴνου,
3710 863 3815 911 τότε
3847 869 3923 912 τοῦ

2360 948 2521 996 πίνειν
2569 947 2848 1020 ἄρχονται,
2891 951 2982 998 καὶ
3037 950 3251 997 πίνουσι
3293 949 3382 997 τόν
3436 955 3536 997 τῶν
3584 955 3777 1004 κτηνῶν
3817 953 3924 1022 τρό-

2360 1053 2473 1101 πον,
2539 1037 2606 1096 ὡς
2657 1032 2756 1086 ἀπὸ
2806 1040 2999 1109 κρήνης
3056 1031 3432 1106 αὐτοσχεδίου,
3488 1035 3794 1110 ἰσαρίθμους
3838 1045 3926 1099 τοῖς

2360 1121 2705 1195 ἀνακειμένοις
2751 1128 2869 1185 τούς
2921 1128 3163 1198 κρουνοὺς
3212 1121 3470 1196 ἀφιείσης.
3534 1129 3797 1198 Προῐὸντος
3840 1129 3925 1200 γὰρ

2358 1208 2466 1270 ἤδη
2534 1221 2624 1264 τοῦ
2682 1217 2864 1280 πότου,
2939 1212 3300 1288 ἐπεισέρχεταί
3366 1233 3441 1274 τις
3508 1213 3680 1274 αὑτοῖς
3733 1220 3924 1279 νεανίας,

2357 1309 2584 1372 γενναῖος
2638 1306 2755 1362 τοὺς
2807 1307 2994 1374 ὤμους,
3047 1305 3188 1354 οὔπω
3252 1303 3472 1374 μεθύων,
3544 1302 3726 1374 φιάλην
3788 1308 3926 1377 φέρων

2357 1391 2602 1462 εὐμεγέθη
2645 1395 2783 1442 οἴνου
2816 1390 3228 1463 κατεψυγμένουο
3281 1390 3354 1456 ὃς,
3394 1395 3480 1443 τὸν
3520 1392 3753 1463 οἰνοχόον
3783 1393 3928 1444 αὐτῶν

2357 1483 2748 1553 παρωσάμενος,
2796 1483 3060 1540 καταστὰς
3096 1482 3209 1550 (60)
3261 1481 3326 1541 εἰς
3371 1484 3430 1532 1'6
3471 1485 3650 1553 μέσον,
3693 1479 3781 1533 διὰ
3818 1501 3928 1534 σκο-

2356 1569 2476 1621 λιῶν
2515 1569 2753 1627 σωλήνων
2799 1573 2921 1628 ἴσην
2960 1578 3070 1632 τοῖς
3110 1575 3398 1642 συμπόταις
3443 1567 3675 1644 διανέμει
3712 1575 3800 1630 τὴν
3847 1576 3928 1644 μέ-

2360 1661 2474 1716 θην.
2535 1662 2721 1712 Καινόν
2788 1666 2935 1712 τοῦτο
2995 1660 3086 1720 τῆς
3161 1657 3402 1734 ἀμετρίας
3467 1664 3526 1711 τό
3601 1665 3797 1736 μέτρον,
3861 1662 3931 1711 ἱνα

590 1749 918 1822 quisquam
945 1748 1199 1805 alterum
1227 1748 1497 1805 bibendo
1521 1764 1829 1821 superare.
1873 1753 2021 1804 Nam
2053 1747 2246 1804 distri-

2361 1755 2468 1799 κατ’
2531 1747 2826 1821 ἰσομοιρίαν
2898 1747 3134 1809 ἀλληλοις
3215 1748 3685 1820 συνασελγαίνωσι,
3751 1746 3931 1822 μηδένα

590 1838 754 1894 butis
775 1838 928 1895 inter
949 1855 1011 1895 se
1045 1838 1224 1908 tubis,
1253 1843 1311 1894 et
1358 1839 1473 1894 Slbl
1503 1839 1761 1911 quisque
1802 1839 2125 1894 obversum
2158 1843 2248 1894 tu-

589 1929 740 1986 bum
765 1929 1179 2001 suscipientes,
1205 1935 1496 2002 tanquam
1523 1945 1593 1985 ex
1623 1930 1795 2000 129
1817 1926 2090 2001 quodam
2111 1928 2249 1984 lacu

589 2034 758 2076 more
780 2018 966 2074 boum
989 2034 1112 2074 uno
1143 2019 1353 2091 spiritu
1374 2018 1612 2085 bibunt,
1644 2023 1876 2074 tantum
1899 2021 2136 2087 gutture
2163 2021 2248 2074 at-

590 2108 826 2165 trahere
856 2109 1232 2179 festinantes,
1262 2113 1560 2180 quantum
1601 2107 1715 2163 sibi
1738 2107 2000 2179 desuper
2021 2123 2130 2163 vas
2156 2121 2248 2162 re-

589 2197 1034 2268 frigeratorium
1067 2213 1173 2269 per
1199 2202 1518 2266 argenteas
1556 2195 1791 2252 ﬁstulas
1830 2197 2106 2252 demittit.
2141 2196 2249 2251 Re-

591 2288 754 2360 spice
773 2287 847 2343 ad
867 2291 1040 2343 tuum
1062 2286 1351 2342 miserum
1368 2293 1666 2342 ventrem:
1683 2287 1846 2342 disce
1869 2286 2248 2359 suscipientis

588 2377 750 2434 vasis
779 2375 1283 2447 magnitudinem,
1325 2375 1600 2431 videlicet
1627 2375 1797 2447 quod
1823 2375 2032 2447 cotylze
2069 2376 2249 2430 unius

589 2482 738 2524 cavo
759 2465 1303 2522 circumscribatur.
1318 2463 1407 2520 Ad
1429 2463 1668 2520 trullam
1689 2479 1764 2520 ne
1780 2464 2090 2536 respicias,
2113 2481 2248 2520 eam

592 2555 1023 2624 exhausturus,
1070 2553 1176 2610 sed
1215 2554 1292 2610 ad
1321 2557 1490 2610 tuum
1527 2553 1717 2626 ipsius
1750 2561 2044 2623 ventrem,
2081 2554 2248 2626 quod

581 2643 952 2715 jamdudum
984 2644 1258 2716 expletus
1289 2643 1385 2700 sit.
1420 2645 1820 2715 Quapropter,
1864 2645 1961 2701 Vw
1983 2645 2090 2713 qui
2116 2659 2248 2699 sur-

586 2739 742 2803 gunt
771 2749 969 2801 mane,
1003 2739 1058 2790 et
1082 2734 1337 2790 siceram
1363 2739 1835 2804 persequuntur,
1868 2735 1972 2804 qui
2009 2748 2243 2803 exspec-

589 2827 723 2878 tant
750 2838 1056 2892 vesperam
1097 2824 1164 2893 ⁸³,
1199 2827 1256 2878 et
1285 2821 1446 2878 diem
1470 2822 1532 2878 in
1561 2821 1847 2878 ebrietate
1881 2823 2244 2892 transigunt,

589 2909 673 2967 sic
708 2915 772 2967 ut
795 2910 1030 2966 nullum
1063 2911 1180 2966 sibi
1209 2911 1354 2966 dent
1381 2914 1622 2983 tempus
1669 2910 1750 2966 ad
1775 2927 1963 2982 opera
2015 2911 2247 2967 Domini

586 2998 986 3072 inspicienda,
1017 3015 1214 3072 neque
1240 2998 1319 3056 ad
1349 3014 1536 3072 opera
1565 3015 1861 3056 manuum
1901 2999 2031 3070 ejus
2051 2999 2247 3055 consi-

589 3087 884 3145 deranda.
923 3089 1136 3145 Vinum
1166 3089 1320 3145 enim
1357 3103 1452 3145 eos
1483 3089 1806 3157 comburet,
1838 3090 1908 3159 ⁸⁸,
1937 3089 2106 3161 quod
2131 3089 2246 3144 vini

589 3177 756 3235 calor
816 3177 984 3234 carni
1027 3178 1345 3246 accedens,
1399 3177 1703 3248 igniculus
1753 3179 1862 3235 ﬁat
1916 3177 2246 3248 ignitorum

588 3265 817 3322 inimici
831 3265 1195 3338 jaculorum.
1213 3265 1436 3322 Vinum
1458 3267 1620 3322 enim
1637 3267 1932 3322 rationem
1955 3267 2249 3337 demergit

590 3360 955 3413 etmentem:
980 3355 1227 3413 vitiosos
1251 3371 1390 3412 vero
1412 3355 1661 3412 affectus
1682 3372 1753 3412 ac
1773 3355 2052 3412 libidines
2073 3355 2249 3428 quasi

589 3443 908 3517 quoddam
947 3461 1134 3517 apum
1184 3460 1443 3501 examen
1502 3445 1843 3501 exsuscitat.
1895 3445 2035 3510 Quis
2087 3445 2250 3501 enim

593 3549 827 3600 currus,
865 3531 944 3588 ab
973 3532 1245 3606 equuleis
1277 3537 1523 3602 tractus,
1570 3533 1725 3589 adeo
1775 3538 1995 3590 temere
2043 3533 2248 3601 fertur,

591 3621 805 3694 auriga
825 3637 1074 3678 excusso
1099 3622 1128 3678 ‘2
1175 3622 1496 3688 Quodnam
1514 3622 1824 3693 navigium
1848 3622 2252 3693 gubernatore

592 3711 969 3780 destitutum,
1001 3726 1038 3768 a
1059 3710 1344 3768 ﬂuctibus
1367 3711 1487 3768 huc
1514 3710 1657 3768 illuc
1695 3713 2090 3782 exagitatum,
2125 3726 2252 3769 non

591 3800 778 3858 tutius
795 3805 885 3857 est
910 3800 1238 3858 temulento
1264 3801 1292 3856 ‘I

667 3983 722 4038 8.
771 3981 878 4037 Pcr
925 3979 1228 4052 ejusmodi
1270 3978 1455 4048 mala,
1504 3980 1616 4036 viri
1655 3978 1837 4036 simul
1875 3985 1934 4036 et
1969 3979 2254 4037 mulieres

600 4068 942 4128 constitutis
973 4068 1172 4125 choris
1197 4069 1652 4136 communibus,
1685 4069 2135 4143 animabusque
2171 4070 2255 4126 vi-

595 4175 748 4217 noso
769 4157 1033 4214 daemoni
1054 4157 1310 4230 traditis,
1340 4174 1405 4214 se
1435 4164 1647 4214 mutuo
1667 4157 1989 4214 libidinum
2012 4158 2256 4231 spiculis

599 4247 1085 4305 consauciarunt.
1110 4246 1278 4301 Risus
1302 4248 1604 4314 utrinque,
1619 4245 1932 4303 cantilenas
1954 4246 2254 4314 obscenae,

599 4335 920 4393 meretricii
943 4339 1146 4406 gestus
1172 4335 1252 4391 ad
1270 4334 1584 4391 libidinem
1605 4339 2025 4406 provocantes.
2053 4336 2252 4407 Rides,

601 4425 700 4481 dic
729 4424 898 4494 mihi,
921 4440 990 4480 ac
1011 4424 1242 4494 gaudes
1263 4423 1555 4495 gaudium
1582 4423 1984 4496 impudicum,
2013 4441 2151 4480 cum
2177 4425 2260 4480 la-

604 4513 866 4586 crymari
883 4491 965 4568 ob
988 4491 1293 4586 praeterita
1304 4491 1773 4584 etingemiscere
1797 4491 2136 4587 oporteret?
2158 4517 2261 4572 Ca-
2294 4491 2337 4546 Ῑ)

603 4602 698 4661 nis
718 4601 1084 4658 meretricias
1106 4603 1458 4670 cantilenas,
1482 4603 1732 4676 psalmis
1750 4603 2087 4675 ethymnis,
2103 4620 2259 4676 quos

606 4689 890 4759 didicisti,
908 4690 1224 4761 ablegatis.
1245 4693 1441 4748 Moves
1461 4692 1672 4764 pedes,
1695 4697 1752 4748 et
1774 4709 1942 4748 more
1961 4693 2261 4750 insanien-

608 4782 758 4842 tium
781 4779 1004 4854 exsilis,
1033 4779 1326 4853 ducisque
1363 4797 1518 4854 quas
1541 4795 1668 4837 non
1697 4780 1951 4840 deberes
1982 4782 2255 4853 choreas,

680 4909 731 4945 ’⁸³
756 4908 878 4966 Isa.
906 4923 966 4976 v,
998 4907 1084 4963 ll.
1162 4906 1209 4942 ⁸⁸
1235 4904 1386 4962 ibid.

682 5033 798 5107 (59)
828 5036 892 5088 In
921 5034 1062 5103 Reg.
1095 5031 1265 5107 tertio
1293 5047 1322 5088 e
1353 5029 1600 5107 regione
1629 5030 1795 5088 vocis
1823 5026 2264 5107 διακορεῖς]Οεί-

613 5104 710 5164 tur
729 5104 1110 5179 κεκορεσμένοι,
1153 5104 1238 5159 sic
1269 5107 1333 5160 ut
1356 5104 1651 5177 posterior
1678 5121 1797 5160 vox
1825 5104 2042 5178 prioris
2073 5104 2262 5162 decla-

685 5179 767 5233 tio
799 5178 891 5233 sit.

611 5194 926 5335 Μξίὶῗηῗέίο
958 5264 1120 5335 (mss.
1163 5247 1354 5329 multi.
1397 5245 1554 5335 liditi’
1599 5251 1655 5304 et
1702 5246 1868 5333 Coll).
1914 5248 2261 5335 primus'xaa

612 5315 925 5380 artic/Mox
954 5320 1120 5376 Colb.
1151 5321 1382 5392 primus
1410 5315 1641 5392 διανέμει
1669 5323 1754 5371 τόν
1777 5315 1935 5385 οἶνον,
1961 5318 2260 5374 distribuit

607 5392 816 5463 vinum
851 5406 863 5443 :
904 5393 1066 5462 quod
1101 5391 1398 5463 optimum
1435 5391 1795 5461 judicarem,
1827 5392 1942 5463 nisi
1972 5407 2085 5463 vox
2115 5393 2255 5457 ἴσην,

607 5475 742 5540 quae
765 5461 1314 5540 in_omni_bus'mss.
1331 5464 1582 5540 legitur,
1609 5462 1951 5520 necessario
1977 5461 2257 5518 substan-

604 5531 794 5586 tivum
827 5531 1184 5604 femininum
1209 5535 1560 5604 postularet.

675 5604 786 5675 (61)
819 5603 981 5659 Colb.
1016 5603 1224 5660 tertius
1247 5604 1484 5676 ἕςοέλκειν.

2357 1837 2688 1912 ὑπερϐάλλειν
2729 1837 2776 1889 ἐν
2821 1845 2893 1908 τῷ
2935 1842 3100 1890 πίνειν
3147 1842 3231 1891 τὸν
3285 1845 3471 1913 ἕτερον.
3525 1839 3804 1912 Διελόμενοι
3841 1843 3928 1912 γὰρ

2355 1929 2450 1986 τὰς
2479 1923 2788 2000 ὑδρορρόας,
2835 1930 2924 1978 καὶ
2966 1930 3061 1984 τὴν
3090 1929 3218 2000 πρὸς
3263 1926 3444 1978 ἑαυτὸν
3483 1927 3705 1988 ἕκαστος
3727 1947 3930 2001 τετραμ-

2357 2019 2511 2087 μένην
2582 2011 2976 2086 ὑποδεξάμενοι,
3059 2017 3231 2089 ὥσπερ
3301 2013 3402 2068 ἀπό
3467 2035 3608 2078 τινος
3674 2013 3932 2089 δεξαμενῆς

2358 2102 2610 2156 ἀπνευστὶ
2656 2109 2896 2156 πίνουσιν
2937 2107 3000 2164 ὡς
3043 2107 3091 2156 οἱ
3131 2103 3266 2176 βόες,
3298 2114 3545 2158 τοσοῦτον
3589 2106 3810 2178 ὑφελκειν
3839 2108 3935 2174 (61)

2357 2192 2674 2266 ἐπειγόμενοι
2745 2200 2852 2253 τοῖς
2914 2192 3137 2266 λαιμοῖς,
3215 2195 3335 2245 ὅσον
3420 2195 3614 2254 αὑτοῖς
3675 2196 3853 2248 ἄνωθεν
3909 2194 3930 2244 ὁ

2355 2282 2564 2357 ψυκτὴρ
2616 2279 2709 2334 διὰ
2755 2292 2854 2335 τῶν
2904 2280 3163 2356 ἀργυρέων
3221 2283 3414 2354 ὀχετῶν
3467 2282 3741 2357 ὶπαφίησι.
3789 2286 3933 2336 Κατά-

2355 2371 2523 2442 κυψόν
2565 2391 2659 2423 σου
2707 2374 2835 2445 πρὸς
2881 2376 2974 2429 τὴν
3025 2371 3206 2424 ἀθλίαν
3249 2376 3498 2446 γαστέρα·
3547 2376 3804 2446 κατάμαθε
3854 2379 3932 2424 τοῦ

2357 2457 2751 2533 ὑποδεχομένου
2807 2459 3018 2532 ἀγγείου
3078 2464 3136 2513 τό
3193 2463 3428 2533 μέγεθος·
3484 2465 3570 2515 ὅτι
3634 2469 3753 2536 μιᾶς
3804 2464 3935 2514 κοτύ·

2355 2549 2445 2610 λης
2470 2553 2580 2620 (62)
2606 2552 2719 2620 ἔχει
2758 2549 3054 2608 κοιλότητα.
3088 2554 3173 2608 Μὴ
3207 2553 3332 2623 πρός
3362 2556 3456 2608 τὴν
3487 2551 3735 2624 οἰνοχόην
3767 2550 3932 2623 ἄφορα,

2354 2643 2479 2693 πότε
2531 2658 2782 2710 κενωσης,
2833 2637 2961 2690 ἀλλὰ
3015 2642 3140 2712 πρὸς
3182 2644 3274 2697 τὴν
3335 2649 3560 2692 σεαυτοῦ
3617 2640 3826 2707 κοιλίαν,
3869 2641 3934 2691 ὅτι

2356 2729 2517 2780 πάλαι
2562 2727 2916 2803 πεπλήρωται.
2979 2730 3075 2780 Διά
3125 2736 3295 2796 τοῦτο,
3353 2729 3486 2782 Ούαὶ
3549 2733 3598 2782 οἱ
3651 2729 3934 2803 ἐγειρόμενοι

2355 2822 2412 2870 τὸ
2464 2821 2600 2892 πρωὶ
2657 2820 2746 2869 καὶ
2800 2820 2859 2869 1'6
2924 2822 3106 2892 σίκερα
3163 2813 3452 2885 διώκοντες,
3513 2819 3566 2870 οἰ
3611 2824 3830 2892 μένοντες
3882 2821 3932 2870 τὸ

2357 2906 2472 2977 ὀψε,
2523 2911 2608 2959 καὶ
2650 2903 3034 2979 διημερεύοντες
3077 2905 3123 2957 ἐν
3173 2915 3234 2980 τῇ
3286 2909 3440 2980 μέθη*
3483 2909 3556 2970 ὡς
3597 2905 3794 2982 μηδένα
3836 2927 3934 2959 και·

2357 2999 2446 3069 ρὸν
2504 2995 2702 3056 ἑαυτοῖς
2739 3000 2989 3068 παρέχειν
3043 2995 3114 3058 εἰς
3157 2999 3216 3048 τὸ
3256 2999 3322 3048 τὰ
3361 2999 3488 3071 ἔργα
3547 3002 3736 3073 Κυρίου
3783 2995 3935 3070 ἐμϐλέ-

2357 3103 2489 3138 πειν.
2539 3088 2629 3136 καὶ
2671 3089 2733 3142 τη
2787 3087 2912 3158 ἔργα
2955 3093 3053 3136 τῶν
3101 3093 3295 3159 χειρῶν
3342 3085 3500 3138 αὑτοῦ
3563 3093 3837 3139 κατανοεῖν.
3886 3084 3934 3135 ὀ

2356 3175 2455 3246 γὰρ
2493 3170 2627 3233 οἶνος
2670 3172 2861 3234 αύτούς
2906 3176 3221 3245 συγκαύσει.
3281 3169 3424 3226 διότι
3465 3178 3527 3227 1'6
3581 3175 3636 3228 ἕκ
3682 3183 3770 3228 τοῦ
3815 3177 3936 3226 οἶνον

2361 3264 2568 3336 θερμὸν,
2615 3260 2945 3334 ἐγγινόμενον
2995 3271 3059 3335 τῇ
3120 3268 3297 3336 σαρκὶ,
3355 3263 3568 3337 ἔξαμμα
3618 3269 3807 3337 γίνεται
3853 3271 3937 3317 τῶν

2357 3355 2733 3424 πεπυρωμένων
2791 3349 2952 3423 βελῶν
3004 3359 3094 3404 τοῦ
3161 3351 3379 3428 ἐχθροῦ.
3434 3357 3539 3407 Τόν
3601 3357 3690 3427 μεν
3736 3356 3830 3426 γὰρ
3869 3351 3939 3403 λο-

2359 3443 2552 3513 γισμὸν
2605 3445 2695 3493 καί
2750 3444 2836 3493 τὸν
2879 3448 2997 3494 νοῦν
3063 3443 3088 3494 ό
3145 3440 3278 3503 οἶνος
3339 3441 3744 3505 κατοιϐαπτίζει⁸
3790 3445 3850 3494 τὰ
3887 3437 3938 3493 δε

2360 3531 2502 3590 πάθη
2559 3534 2650 3582 καὶ
2699 3532 2790 3591 τὰς
2847 3527 3042 3592 ἡδονὰς
3099 3535 3276 3606 ὥσπερ
3331 3552 3382 3585 τι
3451 3543 3649 3605 σμῆνος
3702 3532 3937 3607 μελισσῶν

2362 3617 2631 3692 ἐπεγείρει.
2695 3626 2849 3672 Ποῖον
2900 3622 3002 3692 γὰρ
3060 3620 3206 3694 ἅρμα
3262 3620 3443 3673 πώλων
3511 3624 3680 3685 οὕτως
3733 3621 3938 3678 ἀτάκτως

2363 3711 2588 3783 φέρεται,
2633 3707 2890 3761 ἁποϐαλόν
2926 3711 3036 3780 (63)
3069 3712 3156 3760 τόν
3203 3711 3419 3782 ἡνίοχον
3453 3727 3467 3778 ;
3501 3717 3660 3765 Ποῖον
3691 3707 3746 3764 δε
3781 3709 3937 3763 πλοῖον

2365 3797 2726 3872 ἀκυϐέρνητον,
2770 3799 2868 3851 ὑπὸ
2916 3806 3016 3850 τῶν
3063 3801 3327 3871 κυμάτων,
3377 3803 3445 3862 ὡς
3496 3799 3562 3854 ἃν
3604 3804 3766 3876 τύχη,
3813 3803 3940 3874 φερό·

2363 3907 2531 3961 μενον,
2566 3887 2659 3940 ούκ
2685 3885 3066 3962 ἀσφαλέστερόν
3092 3887 3207 3941 ἔστι
3234 3889 3324 3942 τού
3349 3888 3661 3962 μεθύοντοςς

2435 3979 2488 4032 8.
2526 3977 2653 4030 Ἀπὸ
2681 3979 2930 4030 τοιούτων
2962 3985 3154 4046 κακῶν,
3195 3975 3385 4052 ἂνδρες
3413 3982 3544 4051 ὁμοῦ
3577 3985 3665 4033 καὶ
3692 3995 3936 4052 γμναικες,

2365 4070 2569 4128 κοινούς
2617 4065 3010 4140 συστησάμενοι
3064 4071 3280 4142 χοροὺς,
3359 4065 3576 4141 δαίμονι
3638 4069 3818 4144 οἰνηρῷ
3861 4068 3940 4126 τὰς

2365 4154 2550 4227 ψυχὰς
2603 4152 2941 4231 παραδόντες,
2995 4153 3239 4218 ἀλλήλους
3279 4164 3391 4217 ταῖς
3444 4155 3598 4212 ἁκίσι
3641 4166 3738 4212 τῶν
3783 4158 3938 4210 παθῶν

2369 4242 2788 4320 ἀντετίτρωσκον.
2855 4245 3072 4307 Γελωτες
3136 4246 3261 4298 παα’
3337 4248 3663 4322 ἀμφοτέρων,
3747 4249 3942 4318 ᾅσματα

2370 4334 2594 4408 αἰσχρὰ,
2653 4340 2911 4408 σχήματα
2965 4338 3204 4408 πορνικὰ.
3265 4333 3565 4410 ἐρεθίζοντα
3629 4341 3756 4410 πρὸς
3811 4333 3941 4387 ἀσέλ-

2367 4442 2532 4496 γειαν.
2580 4422 2754 4494 Γελᾲς,
2797 4423 2906 4476 εἰπέ
2951 4443 3062 4496 μοι,
3099 4429 3188 4476 καὶ
3226 4428 3386 4498 τέρπῃ
3433 4426 3615 4500 τέρψιν
3656 4425 3938 4489 ἀκόλαστον,

2372 4511 2616 4589 δακρύειν
2660 4509 2776 4565 δέον
2813 4511 2940 4584 (64)
2985 4520 3075 4567 καὶ
3120 4518 3310 4568 στένειν
3355 4513 3441 4567 ἐπὶ
3489 4524 3598 4579 τοῖς
3647 4517 3938 4588 φθάσασιν;

2367 4603 2619 4676 ’ᾎσματα
2660 4607 2850 4678 πόρνης
2889 4605 3109 4678 φθέγγῃ,
3156 4603 3376 4657 ἐκϐολῶν
3423 4609 3547 4667 τούς
3593 4605 3820 4678 ψαλμοὺς
3862 4603 3940 4654 καὶ

2368 4697 2485 4753 τοὺς
2510 4693 2720 4765 ὕμνους,
2754 4691 2843 4754 οὓς
2873 4689 3191 4765 ἐδιδάχθης.
3241 4701 3409 4754 Κινεῖς
3437 4690 3626 4760 πόδας,
3667 4699 3752 4768 κρὶ
3779 4689 3936 4761 ἕξάλλη

2370 4780 2605 4855 ἑμμανῶς
2651 4783 2784 4854 (65),
2813 4785 2901 4836 καὶ
2941 4785 3177 4860 χορεύεις
3208 4781 3489 4861 ἀχόρευτα,
3534 4779 3650 4836 δέον
3677 4785 3741 4837 τὰ
3769 4786 3942 4854 γόνατα

2443 5033 2557 5102 (62)
2591 5033 2738 5090 Sunt
2759 5032 2864 5104 qui
2885 5032 3228 5090 existiment
3251 5049 3471 5091 novem
3503 5033 3730 5104 circiter
3751 5027 3941 5104 uncias

2367 5101 2619 5184 liquoris
2646 5105 2730 5184 in.
2757 5101 2958 5184 cotyla
3002 5107 3336 5184 contineri;
3378 5113 3678 5184 quantum
3706 5103 3821 5159 fere
3855 5101 3942 5180 he-

2369 5177 2538 5249 mina.
2576 5177 2876 5249 continere
2901 5177 3121 5232 dicitur
3149 5194 3184 5232 a
3213 5177 3582 5249 quibusdam
3618 5191 3770 5249 ;r_n_ec
3797 5177 3941 5231 enim

2371 5262 2441 5303 ea
2463 5248 2538 5302 de
2568 5263 2632 5302 re
2663 5247 2804 5302 satis
2844 5247 2994 5303 inter
3011 5264 3074 5304 se
3105 5247 3468 5305 conveniunt
3495 5247 3730 5306 eruditi.

2440 5321 2556 5389 (63)
2580 5318 2821 5390 Antiqui
2852 5318 2976 5374 duo
2997 5319 3130 5390 libri
3157 5318 3468 5390 ἀποϐάλλον.

2442 5387 2554 5458 (64)
2583 5387 2984 5464 Reg—primus
3009 5387 3260 5464 ,δακρύειν
3294 5389 3394 5446 δεῖ.

2410 5455 2549 5546 (65’)
2578 5455 2978 5546 Colla—tertius
2999 5455 3250 5536 ἐκμανῶς.
3279 5466 3410 5522 Mox
3429 5463 3591 5520 idem
3614 5456 3800 5517 codex
3825 5455 3940 5529 πρὸς

2366 5537 2456 5592 τὰς
2484 5537 2881 5595 προσκυνήσεις.
