4076 6190
583 306 688 361 463

1963 299 2020 357 S.
2062 298 2310 355 BASlLll
2349 299 2569 355 MAGNI

3816 308 3908 363 464

586 427 693 502 qui
722 425 1046 484 Dominum
1074 423 1313 490 timetis,
1334 425 1631 496 quotquot
1650 437 1813 478 nunc
1837 421 1912 478 de
1932 421 2238 478 actionum

2353 420 2668 478 ἔτιλείωσαν.
2733 425 2834 475 Καὶ
2900 421 3020 494 ύμῖν
3076 425 3247 474 τοίνυν
3299 430 3406 483 τοῖς
3468 424 3782 498 φοϐουμένοις
3833 437 3908 483 τόν

583 515 1067 591 improbatarum
1089 511 1458 586 turpitudine
1482 511 1779 581 doluistis,
1801 510 1949 567 illud
1973 510 2240 583 prmcipi-

584 623 760 663 mus:
802 605 858 660 Si
889 602 1152 659 videritis
1182 617 1337 674 quos
1363 601 1625 657 stultitiae
1656 606 1961 671 gestorum
1990 615 2237 655 suorum

583 695 892 768 poeniteat,
921 707 1131 748 eorum
1157 690 1564 746 misereamini
1584 695 1878 762 tanquam
1899 693 2236 745 vestrorum

584 783 1002 840 membrorum
1039 779 1502 850 mgrotautium:
1550 779 1641 835 sin
1669 779 2008 851 pervicaces
2045 793 2116 833 ac
2140 793 2240 833 ve-

585 877 772 929 stram
811 887 920 943 pro
952 869 1103 942 ipsis
1143 869 1488 925 mcestitiam
1537 873 1911 942 spernentes,
1961 868 2141 924 Exite
2167 866 2240 924 de

583 961 777 1017 medio
797 974 1024 1027 eorum,
1048 964 1103 1014 et
1126 959 1510 1028 separemim’,
1534 963 1591 1014 et
1615 957 1983 1012 immundum
2013 972 2088 1012 ne
2108 962 2237 1012 tan-

583 1047 741 1117 gatis
759 1047 845 1102 σεε
897 1051 963 1102 ut
993 1047 1077 1102 sic
1125 1046 1207 1102 illi
1257 1047 1504 1119 quidem
1549 1045 1782 1118 pudore
1813 1045 2028 1112 aﬂ‘ecti,
2063 1061 2237 1102 suam

580 1135 855 1207 ipsorum
883 1135 1246 1208 pravitatem
1276 1139 1679 1205 cognoscant:
1711 1149 1820 1190 vos
1849 1149 1990 1191 vero
2017 1150 2238 1190 merce-

581 1223 723 1282 dem
741 1223 1142 1280 temulationis
1163 1223 1412 1279 Phineas
1431 1221 1812 1295 recipiatis“,
1828 1223 1994 1294 justo
2009 1222 2238 1294 judicio

580 1311 682 1368 Dei
714 1328 785 1368 ac
813 1311 1140 1367 Salvatoris
1168 1311 1354 1368 nostri
1383 1313 1524 1366 Jesu
1563 1310 1798 1381 Christi,
1832 1311 1928 1367 cui
1967 1311 2158 1382 gloria
2183 1315 2238 1368 et

579 1399 906 1472 imperium
933 1400 994 1454 in
1027 1399 1250 1455 saecula
1281 1399 1664 1457 saeculorum.
1694 1403 1904 1456 Amen.

579 1495 672 1542 καὶ
700 1493 758 1542 τὸ
789 1490 980 1563 κράτος
1009 1489 1077 1550 εἰς
1105 1491 1229 1552 τούς
1258 1489 1445 1551 αἰῶνας
1473 1497 1574 1542 τῶν
1601 1488 1816 1546 αἰώνων,
1842 1489 2028 1563 Ἀμήν.

1179 1697 1472 1754 HOMILIA
1530 1697 1638 1754 XV.

1277 1787 1366 1840 De
1403 1785 1542 1854 ﬁde.

657 1876 706 1931 1.
743 1872 844 1931 Dei
874 1871 1123 1947 quidem
1141 1873 1364 1945 jugiter
1389 1873 1760 1941 meminisse,
1789 1889 1886 1931 res
1916 1874 2019 1948 pia
2047 1877 2157 1941 est,
2186 1877 2244 1931 et

581 1979 705 2037 qua
734 1962 837 2019 Dei
858 1978 1071 2020 amans
1096 1961 1337 2020 animus
1363 1979 1680 2036 nunquam
1713 1963 2070 2019 exsatiatur:
2106 1978 2241 2035 qua:

581 2069 758 2110 verso
794 2057 934 2110 sunt
958 2052 1081 2123 Dei,
1113 2069 1394 2110 sermone
1417 2053 1706 2126 prosequi
1745 2053 1948 2110 audax
1973 2058 2241 2125 cceptum

579 2143 758 2200 fuerit
783 2161 796 2212 ;
830 2159 968 2200 cum
999 2158 1174 2199 mens
1203 2147 1408 2198 nostra
1431 2141 1615 2214 longo
1640 2141 1957 2199 intervallo
1983 2159 2019 2198 a
2037 2157 2241 2198 rerum

579 2232 869 2304 dignitate
899 2231 1078 2297 absit,
1124 2246 1460 2303 rursusque
1494 2247 1694 2287 sermo
1725 2230 1981 2287 obscure
2020 2247 2091 2286 ac
2129 2229 2241 2285 im-

578 2322 834 2396 perfecte
866 2319 1166 2377 intellecta
1196 2320 1514 2392 exprimat.
1559 2320 1766 2392 Itaque
1814 2319 1864 2375 si
1909 2319 2242 2389 intelligen-

579 2411 727 2468 tiam
772 2414 1048 2466 nostram
1094 2409 1273 2479 longe
1322 2413 1564 2481 superet
1606 2424 1808 2464 rerum
1855 2407 2238 2478 magnitudo,

579 2515 780 2557 sermo
811 2504 1015 2556 autem
1039 2498 1118 2556 ab
1143 2497 1278 2571 ipsa
1306 2497 1695 2568 intelligentia
1723 2502 2054 2570 superetur,
2086 2512 2240 2569 quo-

579 2591 766 2647 modo
793 2588 964 2645 silere
997 2603 1243 2645 necesse
1268 2603 1391 2644 non
1414 2586 1611 2654 fuerit,
1640 2603 1716 2644 ne
1741 2588 1892 2644 forte
1923 2587 2238 2657 theologiae

567 2680 843 2750 dignitas
868 2694 943 2735 ex
973 2678 1299 2735 verborum
1349 2677 1635 2734 tenuitate
1674 2676 1994 2750 periclitari
2041 2677 2238 2733 videa-

566 2770 721 2825 tur?
764 2768 863 2824 Dei
890 2767 1138 2840 quidem
1170 2766 1359 2837 gloria
1403 2765 1703 2822 efﬁciendi
1748 2766 1968 2839 cupido
1995 2766 2241 2839 quibus-

578 2858 676 2915 vis
705 2857 938 2914 ratione
965 2855 1235 2929 praeditis
1271 2855 1450 2912 insita
1479 2861 1537 2912 et
1578 2861 1830 2914 natura:
1883 2856 1988 2912 sed
2019 2855 2100 2912 rei
2130 2871 2240 2928 pro

581 2946 874 3018 dignitate
904 2945 1231 3002 tractandae
1254 2945 1519 3017 impares
1546 2949 1684 3015 sunt
1704 2961 1776 3001 ex
1802 2960 1978 3018 aequo
2000 2960 2235 3001 omnes.

2354 512 2563 584 Κύριον,
2615 512 2730 562 ὅσοι
2766 518 2855 562 νῦν
2886 509 3296 583 ἓπεστυγνάσατε
3347 511 3430 564 ἐπὶ
3475 521 3534 585 τῇ
3583 513 3906 591 ἀσχημοσύνῃ

2347 605 2444 650 τῶν
2511 601 3013 671 καταγνωσθέντων,
3097 599 3254 653 ἐκεῖνο
3321 598 3758 676 διαστελλόμεθα·
3810 607 3908 659 Ἐἀν

2346 690 2437 760 μὲν
2466 685 2618 746 ἴδητε
2672 696 3043 762 μετανοοῦντας
3095 688 3177 742 ἐπὶ
3228 697 3290 762 τῇ
3347 688 3534 764 ἀτοπίᾳ
3582 701 3677 744 τῶν
3730 713 3908 770 πεπρα-

2345 780 2563 850 γμένων,
2626 779 3010 851 συμπαθήσατε
3073 781 3138 840 ὡς
3198 778 3404 840 οἰκείοις
3472 780 3647 853 μέλεσι
3716 802 3908 843 νενοση-

2347 870 2516 918 κόσινο
2572 867 2658 920 ἐὰν
2705 864 2762 920 δε
2819 865 3372 941 ἀπαυθαδιαζομένους
3416 875 3504 922 καὶ
3559 881 3910 947 καπαφρονοῡν-

2345 975 2432 1016 τας
2459 964 2549 1017 τῆς
2597 955 2840 1032 ὑμετέρας
2895 956 2970 1010 ἐπ’
3020 957 3190 1018 αὐτοῖς
3225 957 3409 1027 λύπης,
3464 959 3706 1023 Ἐξέλθετε
3733 964 3835 1034 (70)
3866 963 3911 1016 ἔκ

2346 1049 2508 1118 μέσον
2566 1044 2754 1114 αὐτῶν,
2813 1049 2902 1098 καὶ
2960 1045 3297 1121 ἀφορίσθητε,
3361 1052 3450 1101 καὶ
3512 1047 3798 1124 ἀκαθάρτου
3848 1057 3907 1125 μὴ

2345 1133 2589 1186 ἅπτεσθε·
2624 1135 2710 1206 ira;
2757 1134 2912 1195 οὕτως
2955 1137 3004 1187 οἱ
3045 1137 3136 1208 μὶν
3182 1135 3503 1210 ἐντραπέντες
3555 1138 3621 1199 εἰς
3666 1138 3913 1211 ἐπίγνωσιν

2345 1220 2534 1274 ἔλθωσι
2555 1230 2646 1284 τῆς
2667 1222 2854 1284 οἰκείας
2873 1226 3079 1285 κακίας·
3105 1225 3246 1297 ὑμεῖς
3280 1222 3339 1278 δὲ
3366 1233 3457 1278 τοῦ
3480 1227 3638 1287 ζήλου
3666 1235 3751 1280 τοῦ
3779 1231 3916 1288 Φινεὲς

2345 1313 2435 1362 τὸν
2483 1313 2674 1383 μισθὸν
2727 1309 3074 1381 ὐποδίξησθε,
3133 1310 3228 1366 διὰ
3269 1321 3360 1374 τῆς
3418 1312 3796 1391 δικαιοκρισίας
3839 1323 3914 1368 τοῦ

2347 1407 2480 1454 Θεοῦ
2510 1404 2601 1453 καὶ
2637 1409 2872 1478 Σωτῆρος
2918 1404 3065 1476 ἡμῶν
3115 1399 3293 1462 Ἰησοῦ
3340 1412 3596 1478 Χριστοῦ,
3650 1406 3688 1476 ᾧ
3736 1407 3764 1463 ἠ
3808 1401 3920 1469 δόξα

2971 1703 3213 1752 ΟΜΙΛῙΑ
3270 1697 3366 1754 ΙΕ’.

2875 1791 3001 1862 Περὶ
3037 1792 3257 1849 πίστεως
3288 1790 3426 1860 (71).

2423 1880 2472 1932 1.
2507 1881 2641 1929 Θεοῦ
2669 1879 2969 1950 μεμνῆσθαι
3005 1880 3095 1951 μὶν
3127 1875 3395 1951 διηνεκῶς,
3431 1878 3634 1941 εὐσεϐὲς
3672 1884 3757 1933 καὶ
3790 1884 3920 1954 κόρον

2347 1963 2442 2016 οὐκ
2485 1966 2607 2036 ἔχον
2653 1972 2716 2038 τῇ
2773 1963 2988 2037 φιλοθέῳ
3045 1965 3222 2040 ψυχῇ
3283 1966 3420 2039 λόγῳ
3478 1964 3543 2021 δὲ
3587 1965 3818 2031 διεξιέναι
3867 1972 3923 2020 τὰ

2346 2057 2464 2127 περὶ
2522 2060 2678 2121 Θεοῦ,
2721 2053 2999 2129 τολμηρόν·
3072 2062 3160 2116 τῆς
3216 2057 3306 2128 μεν
3366 2052 3601 2118 διανοίας
3653 2057 3812 2129 πολλῷ
3860 2066 3920 2128 τῷ

2348 2146 2516 2216 μέτρῳ
2580 2149 2671 2202 τῆς
2744 2141 2892 2206 ἀξίας
2953 2152 3053 2195 τῶν
3118 2145 3435 2218 παργμάτων
3504 2145 3917 2213 ἀποπιπτούσης,

2346 2230 2499 2284 πάλιν
2548 2227 2607 2283 δὲ
2652 2238 2743 2283 τοῦ
2799 2231 2953 2302 λόγου
3005 2229 3252 2307 ἀμυδρῶς
3315 2243 3672 2308 παριστὼντος
3717 2239 3781 2289 τὰ
3824 2254 3924 2293 νοη-

2351 2321 2517 2376 θέντα.
2569 2320 2631 2372 Εἰ
2683 2320 2770 2372 οὖν
2811 2322 2842 2378 ἠ
2902 2323 2992 2393 μὲν
3039 2318 3248 2374 διάνοια
3299 2325 3445 2396 ἡμῶν
3502 2327 3651 2401 ποιρά
3702 2324 3821 2378 πολὺ
3846 2332 3924 2376 τοῦ

2347 2411 2592 2482 μεγέθους
2643 2417 2743 2462 τῶν
2801 2411 3122 2482 πραγμάτων
3174 2409 3608 2484 ἀπολιμπάνεται,
3653 2415 3679 2466 6
3718 2411 3774 2466 δὲ
3797 2413 3924 2485 λόγος

2347 2497 2568 2551 ἐλάττων
2613 2497 2726 2552 ἐστὶ
2775 2503 2863 2551 καὶ
2914 2499 3074 2560 αὐτῆς
3109 2509 3200 2561 τῆς
3249 2497 3482 2563 διανοίας
3510 2504 3665 2575 (71⁵)·
3703 2512 3801 2564 πῶς
3845 2501 3925 2555 οὐκ

2349 2585 2609 2660 ἀναγκαία
2671 2589 2701 2646 ἠ
2770 2592 2941 2647 σιωπὴ
2969 2631 2983 2656 ,
3052 2593 3254 2662 μήποτε
3320 2589 3368 2643 ἐν
3425 2600 3488 2664 τῇ
3554 2601 3652 2645 τῶν
3701 2592 3923 2668 ῥημάτων

2349 2676 2573 2750 εὐτελείᾳ
2621 2673 2750 2750 δόξῃ
2796 2674 3112 2730 κινδυνεύειν
3155 2687 3246 2740 τῆς
3308 2679 3575 2752 θεολογίας
3620 2685 3677 2735 τό
3735 2684 3920 2754 θαῦμα;

2344 2765 2404 2819 ἸΙ
2435 2769 2525 2838 μεν
2570 2766 2658 2819 οὖν
2702 2774 2794 2819 τοῦ
2839 2763 3080 2830 δοξάζειν
3111 2771 3198 2820 τὸν
3247 2771 3374 2824 Θεὸν
3405 2768 3663 2845 ἐπιθυμία
3685 2778 3812 2824 πᾶσι
3835 2778 3924 2830 τοῖς

2345 2854 2571 2926 λογικοῖς
2601 2856 2711 2927 (72)
2778 2857 2914 2908 κατὰ
2967 2859 3122 2928 φύσιν
3179 2854 3512 2932 ἐνίο-παρται⁸
3573 2870 3663 2914 τοῦ
3722 2858 3777 2914 δὲ
3815 2862 3924 2935 πρὸς

2349 2940 2497 3006 ἀξιαν
2548 2943 2704 2996 εἰπεῖν
2755 2945 2935 3004 πάντες
2987 2945 3175 3017 ὁμοίως
3232 2943 3696 3019 ἀπολιμπάνονται,
3751 2954 3820 3020 Τῇ
3873 2943 3924 2999 δι

584 3038 948 3109 Quanquam
975 3039 1176 3091 autem
1199 3034 1433 3106 pietatis
1456 3033 1654 3091 studio
1685 3034 1833 3091 alter
1859 3034 2027 3090 alteri
2057 3051 2240 3108 praes-

2351 3037 2466 3108 περὶ
2511 3036 2606 3090 τὴν
2663 3031 2923 3085 εὐσέϐειαν
2970 3035 3239 3108 προθυμία
3293 3036 3456 3109 ἕτερος
3514 3037 3684 3113 ἐτέρου
3725 3035 3926 3094 διενηνό-

581 3132 813 3183 tamus:
837 3139 1016 3180 nemo
1046 3128 1249 3180 tamen
1271 3123 1354 3180 ita
1382 3123 1636 3188 caacutit,
1664 3140 1850 3196 seque
1877 3124 1958 3181 ita
1987 3123 2238 3192 seducit,

593 3215 702 3286 13
717 3216 760 3284 1
784 3217 850 3270 ut
865 3213 942 3269 ad
961 3228 1268 3268 summum
1289 3213 1846 3285 comprehensionis
1868 3214 2098 3286 apicem
2113 3230 2241 3286 per-

584 3303 826 3359 venisse
854 3317 919 3358 se
951 3300 1272 3370 existimet;
1303 3302 1427 3358 imo
1457 3307 1688 3375 quanto
1719 3302 1914 3373 magis
1944 3303 2246 3359 videbitur

588 3391 929 3462 cognitione
945 3407 1015 3448 ac
1033 3391 1779 3464 scientiaproiicere,tanto
1796 3392 2058 3464 amplius
2071 3408 2244 3448 suam

574 3481 1060 3539 imbecillitatem
1107 3480 1338 3538 sentiet.
1385 3481 1540 3537 Talis
1585 3486 1714 3536 erat
1744 3481 2070 3550 Abraham,
2113 3481 2246 3538 talis

591 3576 717 3629 erat
737 3574 999 3643 Moyses:
1023 3570 1246 3643 quibus
1267 3586 1405 3626 cum
1429 3569 1594 3626 licuit
1616 3572 1801 3626 Deum
1823 3570 2046 3641 videre,
2061 3587 2249 3644 quan-

592 3664 724 3718 tum
753 3660 957 3717 videre
985 3659 1219 3716 homini
1264 3659 1356 3716 fas
1385 3664 1494 3730 est,
1535 3663 1676 3714 tunc
1707 3658 1968 3716 maxime
1998 3666 2248 3733 uterque

577 3749 886 3808 humilem
919 3764 984 3806 se
1013 3749 1303 3822 praestitit.
1347 3747 1659 3804 Abraham
1693 3749 1941 3820 quidem
1979 3750 2253 3806 nominat

597 3843 787 3896 semet
825 3843 1042 3894 terram
1080 3854 1151 3894 ac
1191 3838 1453 3893 cinerem
1475 3837 1554 3893 πε
1588 3839 1818 3909 Moyses
1842 3853 1986 3894 vero
2016 3853 2080 3892 se
2110 3837 2253 3895 dicit

597 3926 906 3984 hominem
947 3940 1095 3982 voce
1135 3924 1341 3997 gracili
1371 3929 1428 3980 et
1456 3923 1666 3994 lingua
1695 3924 1869 3980 tarda
1888 3926 1956 3978 ⁸⁸.
2004 3924 2254 3982 Videbat

600 4016 761 4074 enim
789 4031 926 4071 eam
956 4029 1085 4071 esse
1109 4013 1333 4084 linguae
1364 4012 1757 4083 debilitatem,
1783 4030 1918 4086 quas
1943 4029 2142 4069 rerum
2165 4014 2253 4069 in-

597 4105 972 4162 tellectarum
1002 4102 1405 4172 magnitudini
1433 4101 1787 4158 enarrandas
1817 4103 2102 4158 inservire
2126 4118 2251 4159 non

600 4199 828 4268 posset.
865 4192 982 4249 Sed
1009 4193 1154 4266 quia
1185 4193 1349 4248 auris
1379 4193 1579 4249 omnis
1616 4207 1779 4248 nunc
1807 4198 2014 4264 aperta
2043 4200 2132 4249 est
2173 4193 2251 4251 ad

582 4283 968 4352 theologiam
990 4282 1380 4350 audiendam,
1410 4298 1520 4338 nec
1543 4281 1805 4338 Ecclesia
1827 4283 2076 4338 satiatur
2097 4283 2146 4354 ej
2158 4301 2250 4339 us-

602 4372 770 4427 modi
786 4371 1599 4442 auditionibus,conﬁrmans
1619 4370 1783 4443 quod
1807 4371 1885 4426 ab
1904 4371 2250 4428 Ecclesiaste

579 4458 829 4516 dictum
849 4467 935 4516 est
955 4477 968 4516 :
991 4461 1128 4517 Non
1149 4461 1497 4532 implebitur
1515 4462 1684 4518 auris
1715 4461 1931 4517 auditu
1954 4463 2020 4531 ⁸⁷,
2054 4462 2250 4520 dicere

2350 3141 2541 3194 χαμεν·
2589 3118 2758 3182 οὐδεὶς
2797 3119 2857 3174 δὲ
2905 3125 3064 3183 οὕτως
3115 3122 3452 3196 τετύφλωται,
3509 3133 3604 3180 καὶ
3643 3127 3772 3198 (72')
3819 3143 3926 3200 φρε-

2349 3216 2556 3280 ναπατᾷ
2585 3210 2788 3279 ἑαυτὸν,
2834 3213 2968 3263 ὥστε
3014 3214 3217 3264 οἴεσθαι
3269 3211 3352 3266 ἐπὶ
3399 3217 3457 3267 τό
3509 3213 3789 3291 ἀκρότατον
3826 3213 3930 3266 ἀνα-

2353 3299 2625 3358 ϐεϐηκέναι
2673 3309 2764 3362 τῆς
2833 3300 3191 3372 καταλήψεως
3256 3300 3362 3354 ἀλλ’
3430 3308 3638 3381 ὅσῳπερ
3701 3305 3758 3357 ἀν
3815 3301 3926 3375 δόξῃ

2351 3394 2660 3465 προκόπτειν
2709 3389 2793 3442 ἰπὶ
2840 3395 2934 3448 τὴν
2979 3399 3194 3462 γνῶσιν,
3254 3395 3483 3465 τοσούτῳ
3529 3395 3678 3448 πλέον
3707 3400 3814 3466 (73)
3849 3393 3929 3446 οὐ-

2351 3487 2441 3532 τοῦ
2470 3487 2581 3539 τῆς
2617 3477 2879 3540 ἀσθενείας
2924 3479 3259 3538 αἰσθήσεται.
3291 3487 3538 3544 Τοιοῦτος
3592 3483 3652 3544 ἦν
3697 3483 3931 3560 Ἀϐραὰμ,

2354 3576 2584 3630 τοιοῦτος
2641 3565 2703 3626 ἦν
2757 3575 3005 3630 Μωῦσῆς·
3069 3571 3151 3624 ὅτε
3214 3567 3344 3624 ἰδεῖν
3397 3576 3528 3626 Θεὸν
3589 3571 3927 3636 ἠδυνήθησαν,

2357 3659 2421 3718 ὡς
2454 3654 2581 3710 ἰδεῖν
2619 3654 2838 3711 δυνατὸν
2879 3657 3151 3734 ἀνθρώπῳ,
3183 3664 3298 3712 τότε
3340 3661 3580 3718 πάλιστα
3608 3664 3779 3717 ἑαυτὸν
3821 3662 3931 3714 ἐκά-

2355 3767 2494 3822 τερος
2551 3746 2888 3811 ἐξηυτέλιζεν·
2949 3749 2974 3799 6
3021 3751 3113 3822 μὶν
3167 3748 3406 3824 Ἀϐραὰμ
3459 3759 3565 3824 γῆν
3613 3758 3699 3806 καὶ
3755 3747 3930 3805 σποδὸν

2356 3839 2494 3910 (⁸73⁸)
2558 3837 2736 3891 ἑαυτὸν
2788 3837 3076 3910 ὀνομάζων,
3145 3839 3170 3890 6
3234 3836 3293 3892 δε
3345 3847 3578 3904 Μωυσῆς
3637 3843 3931 3915 ἰσχνόφωνον

2358 3926 2516 3999 λέγων
2568 3931 2658 3979 καὶ
2716 3923 3159 4002 βραδύγλωσσον.
3209 3926 3372 4001 Ἐὡρα
3417 3932 3521 4004 γάρ
3574 3941 3668 3994 τῆς
3711 3931 3933 4003 γλώσσης

2359 4017 2518 4070 αὐτοῦ
2566 4019 2625 4069 τό
2666 4015 2890 4083 ἀσθενὲς,
2931 4017 3203 4092 ὑπηρετεῖν
3245 4025 3318 4088 τῷ
3366 4021 3571 4091 μεγέθει
3621 4030 3714 4074 τῶν
3753 4022 3934 4078 νοηθέν-

2357 4125 2456 4160 των
2512 4109 2583 4179 μὴ
2641 4103 2950 4180 δυναμένης.
3013 4106 3152 4166 Πλὴν
3207 4105 3312 4160 ἀλλ’
3373 4105 3558 4170 ἐπειδὴ
3615 4117 3761 4164 πᾶσα
3820 4108 3930 4165 ἀκοὴ

2350 4201 2599 4255 ἦνοικται
2657 4205 2745 4248 νῦν
2814 4201 2940 4272 πρὸς
3009 4197 3276 4269 θεολογίας
3330 4196 3608 4274 ἀκρόασιν,
3676 4205 3762 4254 καὶ
3807 4204 3935 4272 κόρος

2361 4285 2453 4338 οὐκ
2510 4289 2623 4338 ἔστι
2674 4294 2736 4358 τῇ
2794 4285 3077 4358 Ἐκκλησία
3131 4295 3230 4338 τῶν
3286 4291 3532 4340 τοιούτων
3594 4286 3932 4365 ἀκροαμάτων,

2363 4374 2650 4448 βεϐαιούσῃ
2684 4379 2770 4428 τόν
2802 4384 2894 4428 τοῦ
2927 4373 3340 4433 Ἐκκλησιαστοῦ
3387 4377 3560 4450 λόγον,
3595 4383 3672 4433 ὅτι
3701 4379 3774 4432 Οὐ
3815 4377 3936 4434 πλη-

2359 4467 2652 4540 ρωθήσεται
2726 4463 2811 4526 οὖς
2901 4464 3000 4519 ἀπὸ
3078 4465 3415 4542 ἀκροάσεως,
3490 4467 3769 4541 ἀναγκαῖον
3837 4467 3936 4520 λέ-

674 4579 723 4649 33
759 4611 869 4668 lsa.
899 4629 992 4680 ιιι,
1028 4619 1086 4668 11
1118 4632 1131 4680 ;
1174 4617 1304 4670 Cor.
1331 4631 1411 4679 vr,
1445 4619 1531 4670 t7.
1607 4615 1654 4649 ⁸⁸
1686 4617 1858 4670 Num.
1893 4631 2028 4684 xxv,
2065 4621 2154 4672 Η.
2240 4617 2287 4652 ⁸⁵
2319 4619 2459 4673 Gen.
2493 4634 2648 4685 xvm,
2675 4623 2763 4674 27.
2843 4619 2890 4655 σθ
2925 4619 3109 4676 Exod.
3143 4637 3222 4682 iv,
3260 4625 3344 4677 l0.
3421 4623 3466 4658 ⁵⁷
3500 4622 3692 4681 Eccle.
3721 4638 3757 4689 ι,
3791 4623 3838 4676 8.

673 4741 785 4811 (70)
818 4738 982 4812 Colb.
1017 4739 1219 4793 tertius
1265 4747 1358 4799 τῆς
1405 4741 1747 4812 ἡμετέρας...
1783 4742 2059 4807 αἴσθησθε,
2107 4741 2244 4804 ἐξέλ-

603 4813 748 4867 θατε.
789 4814 897 4867 Atil
927 4811 1050 4866 duo
1083 4827 1228 4864 mss.
1263 4821 1315 4865 et
1348 4811 1486 4865 editi
1524 4811 1668 4864 utin
1701 4819 2000 4868 contextu.

674 4892 782 4951 mi
818 4885 962 4938 Vide
995 4884 1140 4952 iniri:
1177 4883 1724 4952 interpretatioumn
1763 4884 1975 4937 Rutilii.
2015 4887 2160 4939 Εοιτ.

669 4950 808 5024 (η’)
838 4955 980 5010 Illud
1029 4955 1052 5005 6
1103 4951 1161 5005 δὲ
1199 4950 1349 5023 λόγος
1389 4950 1605 5004 ἐλάττων
1659 4951 1768 5004 ἐστι
1810 4958 1898 5005 καὶ
1939 4955 2104 5016 αὐτῆς
2157 4965 2250 5017 τῆς

600 5026 854 5104 διανοίας.
889 5028 994 5094 sic,
1032 5026 1200 5104 velim
1233 5025 1534 5104 accipias:
1584 5027 1812 5104 Rursus
1853 5043 1895 5079 s.
1942 5043 2136 5104 seruio
2178 5046 2250 5082 ne

597 5103 930 5174 eXpi-imere
952 5096 1195 5169 quidem
1217 5096 1403 5169 possit
1421 5113 1557 5168 qua:
1578 5099 1922 5168 imperfecte
1950 5099 2250 5154 intellectu

597 5173 898 5228 consecuti
933 5185 1162 5224 sumus.

667 5247 780 5311 (7‘2)
831 5242 1018 5298 Eililio
1070 5241 1246 5295 Paris.
1289 5246 1346 5295 et
1394 5238 1556 5294 Colb.
1604 5239 1835 5312 primus
1883 5238 2114 5311 λογικοῖς
2159 5245 2246 5294 καὶ

596 5312 819 5384 ἀλόγοις,
854 5317 1086 5384 ratione
1112 5313 1403 5382 praeditis,
1435 5318 1489 5368 et
1526 5314 1728 5367 eadem
1765 5313 2130 5384 carentibus.
2179 5321 2250 5368 At

591 5383 760 5449 illud,
794 5390 882 5436 καὶ
914 5383 1138 5455 ἀλόγοις,
1173 5385 1341 5440 deest
1366 5384 1423 5438 in
1457 5384 1714 5455 editione
1742 5383 1913 5438 Basil.
1939 5385 2071 5438 etin
2095 5400 2245 5455 qua-

591 5461 728 5513 tuor
756 5456 920 5509 libris
952 5454 1282 5527 veteribus:
1311 5454 1474 5527 quod
1505 5455 1718 5509 melius
1750 5455 1938 5508 visum
1966 5463 2057 5527 est

663 5527 797 5594 (72')
824 5526 1286 5597 ,Ulraqueieditio
1306 5525 1622 5597 τετύφλωται
1651 5530 1762 5593 καί,
1791 5531 1927 5593 etc.,
1950 5525 2034 5581 ita
2061 5542 2246 5582 nmen.

590 5599 683 5656 tit.
717 5596 919 5654 Codex
946 5596 1118 5652 Coisl.
1151 5603 1208 5651 et
1237 5597 1337 5652 alii
1368 5596 1482 5652 tres
1510 5600 1814 5669 τετύφωται,
1846 5604 1982 5664 etc.,
2029 5599 2116 5654 ita
2146 5614 2242 5654 suc

2351 4743 2732 4821 perbilsReg.
2763 4745 3067 4821 secundus
3109 4745 3422 4821 τετύφλωται
3466 4749 3599 4800 ὥστε
3631 4746 3932 4821 φρεναπατᾷν

2361 4815 2541 4867 ἑαυτὸν
2573 4819 2658 4894 ᾡς,
2682 4814 2736 4871 Et
2769 4817 2847 4894 ita
2869 4833 3115 4894 quoque
3135 4814 3428 4894 [agiturin
3452 4822 3589 4894 Reg.
3608 4814 3816 4894 primo.
3841 4814 3933 4867 sed

2361 4889 2638 4962 secundis
2665 4889 2821 4943 curis
2846 4887 3158 4962 duntaxat.
3185 4887 3348 4945 Colb.
3385 4887 3624 4962 priuiiis'
3640 4887 3934 4960 τετύφλωται

2359 4959 2491 5010 ὥστε
2538 4967 2860 5033 φρεναπατᾴν
2906 4961 3106 5033 ἑαυτὸν,
3141 4963 3292 5033 ὥστε.
3353 4959 3599 5017 Difﬁcile
3639 4959 3794 5016 (ιιοιυ
3837 4964 3933 5020 est,

2359 5031 2738 5104 Scripseritne
2797 5031 3044 5088 Basilius
3098 5032 3436 5104 τετύφλωται.
3493 5049 3566 5088 an
3624 5035 3933 5104 τετύφωτςξξῖ

2359 5098 2641 5175 δράίειιιε
2675 5103 2942 5175 periculo
2989 5098 3513 5160 indiscrimmatim
3555 5105 3670 5160 hoc
3714 5098 3812 5158 aut
3846 5098 3935 5154 illo

2356 5171 2542 5227 modo
2563 5171 2691 5240 lcgi'
2710 5179 2923 5246 potest.

2428 5249 2542 5320 (73)
2572 5237 2735 5320 CD”):
2770 5246 3001 5318 primus
3021 5250 3257 5319 τοσούτῳ
3286 5247 3494 5320 μᾶλλον.
3530 5246 3755 5302 Ibidem
3782 5237 3932 5300 Colb.

2356 5316 2558 5391 tertius
2592 5315 2797 5391 ίαυτοῦ.
2921 5388 2930 5391 _
3230 5315 3238 5319 ⁷
3286 5315 3296 5320 “
3361 5387 3374 5391 _
3822 5387 3831 5391 ,
3882 5380 3892 5391 .

2427 5385 2562 5452 (73Ἷ
2591 5388 2740 5443 Edili
2769 5397 2868 5459 γῆν
2909 5388 3087 5442 ἑαυτὸν
3116 5395 3206 5442 καὶ
3241 5387 3457 5447 σποδόν.
3491 5393 3564 5444 At
3605 5405 3748 5459 mss.
3777 5387 3835 5440 ut
3879 5385 3933 5459 ill

2354 5464 2659 5548 contextu.
2697 5452 2820 5540 alio
2851 5463 3082 5518 ordine.
3114 5463 3433 5536 Aliquanto
3463 5467 3596 5536 post
3634 5458 3794 5517 Colb.
3826 5452 3932 5526 pri-

2353 5545 2491 5584 mus
2524 5545 2651 5588 ακοη
2685 5551 2954 5603 ανεῳκται.
