4076 6190
189 277 269 332 465
1479 267 1763 325 HOMILIA
1816 267 1900 320 DE
1938 268 2122 322 FIDE.

3377 277 3479 330 466

186 417 270 468 7m
295 395 395 464 (74)
424 392 488 452 εἰς
537 387 766 461 δύναμιν.
797 391 1042 464 Ἐρουμεν
1091 389 1169 459 δι,
1203 394 1309 465 ούχ
1354 396 1476 452 ὅσος
1524 396 1663 444 ἐστὶν
1695 393 1720 442 6

1836 405 1943 462 pro
1971 390 2124 444 virili
2156 405 2398 446 necesse
2426 396 2535 448 est.
2571 392 2844 447 Dicemus
2875 400 3102 461 autem,
3131 411 3250 451 non
3288 412 3478 469 quan-

189 489 300 546 Θεός,
327 481 435 533 ἀλλ’
464 482 580 532 ὅσον
624 481 746 551 ἡμῖν
789 479 1013 551 ἐφικτόν.
1065 479 1204 534 Ούδε
1252 485 1372 557 φάρ,
1407 477 1589 539 ἐπειδὴ
1635 485 1722 534 τὸν

185 573 336 646 μεταξύ
388 569 596 642 οὐρανοῦ
640 573 729 621 καὶ
779 578 876 640 γῆς
927 575 1082 622 τόπον
1132 567 1383 628 διαϐῆναι
1436 571 1548 622 ὅλον
1615 577 1724 630 τοῖς

184 661 422 732 ἑγθαλμοῖς
484 656 851 730 ἀδυνατοῦμεν,
914 655 1020 717 ἤδη
1105 665 1196 711 καὶ
1270 664 1390 713 ὅσον
1456 657 1726 732 δυνάμεθα

183 752 365 822 ιαθορᾴν
415 748 836 821 παραιτοὸμεθαο
897 745 1032 799 οῦτω
1081 752 1170 801 καὶ
1225 756 1314 800 νῦν
1367 745 1460 801 διὰ
1523 756 1724 822 μικρῶν

177 840 380 913 ῥημάτων
460 840 554 894 τήν
626 834 887 888 εὐσέϐειαν
955 834 1455 910 ἀποπληρώσωμεν,
1519 845 1592 908 τῷ
1663 833 1724 889 δὲ

179 926 385 999 multis.»
450 933 542 985 τῆς
603 928 800 996 φύσεως
875 931 1310 1000 συγχωρήσωμεν
1376 929 1514 998 ἔχειν
1589 927 1724 978 κοιτά

177 1018 324 1076 παντὸς
347 1014 498 1086 λόγον
542 1017 608 1066 τὰ
651 1019 953 1089 νικητήρια.
989 1013 1128 1069 Οῦδε
1170 1019 1272 1090 γὰρ
1327 1017 1380 1068 αἱ
1423 1023 1522 1069 τῶν
1575 1013 1725 1087 ἀγγέ-

177 1104 250 1156 λων
290 1103 516 1174 γλῶσσαι
559 1104 694 1174 (75),
739 1105 926 1164 αἵτινές
972 1107 1096 1158 ποτέ
1147 1105 1296 1172 εἰσιν,
1348 1101 1472 1158 ούδε
1518 1106 1573 1157 αἱ
1623 1111 1724 1156 τῶν

177 1191 489 1265 incf/ﬂow,
535 1194 667 1264 μετά
715 1194 897 1254 πάσης
939 1193 1070 1266 ὁμοῦ
1121 1203 1216 1257 τῆς
1267 1194 1479 1266 λογικῆς
1525 1196 1724 1266 φύσεως

177 1284 482 1354 τπαχθείσαι
541 1281 831 1335 πολλοστοῦ
895 1287 1078 1358 μέρους
1133 1283 1399 1357 ἐφικέσται
1461 1280 1724 1342 δυνήσον-

174 1389 255 1436 ται,
295 1375 360 1443 μὴ
407 1373 486 1424 ὃτι
533 1379 606 1442 τῷ
657 1375 811 1424 παντὶ
867 1372 1057 1435 ἑαυτὰς
1109 1371 1380 1436 ἐξισῶσαι.
1437 1377 1503 1426 Σὺ
1552 1369 1630 1441 δὲ,
1682 1372 1725 1426 εὶ

174 1459 312 1532 βσᾶλιι
352 1465 464 1532 περὶ
507 1467 645 1515 Θεοῦ
687 1459 850 1533 λέγειν
896 1481 946 1515 τι
993 1463 1023 1522 ἣ
1073 1460 1297 1529 ἀκούειν,
1330 1464 1451 1535 ἄφες
1479 1465 1538 1515 τό
1572 1470 1726 1535 σῶμα

174 1556 369 1617 σεαυτοῦ,
415 1551 541 1622 ἄφες
594 1552 689 1613 τὰς
760 1554 1060 1623 σωματικὰς
1115 1551 1407 1620 αἰσθήσεις,
1449 1551 1725 1605 κατάλειπε

170 1644 240 1696 τὴν
272 1647 377 1711 ῇν,
421 1639 702 1694 κατάλειπε
749 1641 858 1712 (76)
883 1645 978 1700 τὴν
1026 1641 1316 1710 θάλασσαν,
1371 1643 1514 1694 κάτω
1563 1660 1723 1694 σεαυ-

1833 484 1929 534 tus
1951 485 2038 534 est
2069 480 2237 541 Deus,
2271 481 2370 534 sud
2395 488 2692 552 quantum
2727 497 3054 553 possumus
3077 500 3185 539 nos
3217 485 3476 558 assequi.

1833 571 1948 623 Nec
1977 569 2136 623 enim
2168 570 2456 640 quoniam
2498 570 2765 627 medium
2812 572 2970 626 hunc
3002 574 3155 628 inter
3185 573 3400 630 cmlum
3427 579 3484 631 et

1833 661 2052 712 terram
2076 657 2274 713 locum
2300 659 2488 713 oculis
2519 664 2707 715 totum
2738 661 3085 717 collustrare
3115 677 3236 718 non
3269 679 3483 734 possu-

1833 763 1990 815 mus,
2023 748 2331 817 continuo,
2356 756 2510 804 certe
2539 750 2746 822 quoad
2775 751 2904 820 ejus
2937 751 3065 806 ﬁeri
3099 757 3315 823 potest,
3338 768 3482 808 con-

1834 836 2058 908 spicere
2099 836 2420 893 nolumus:
2476 838 2560 893 sic
2617 840 2795 895 etiam
2843 856 3003 895 nunc
3045 841 3256 913 paucis
3287 841 3482 897 verbis

1831 927 2034 1000 pietati
2066 927 2358 983 faciamus
2389 929 2554 995 satis,
2589 929 2694 985 sed
2724 930 2782 985 in
2818 936 2942 986 toto
2992 946 3274 986 sermone
3300 931 3483 987 victo~

1831 1017 1984 1072 riam
2013 1016 2288 1088 dignitati
2313 1023 2542 1073 naturae
2565 1024 2746 1090 atque
2775 1019 3155 1091 amplitudini
3191 1020 3483 1077 conceda-

1832 1121 1991 1162 mus.
2025 1108 2224 1178 Neque
2254 1107 2414 1162 enim
2444 1106 2664 1177 linguas
2693 1107 3069 1176 angelorum,
3102 1124 3484 1181 quaecunque

1831 1194 1946 1252 illae
1973 1200 2131 1262 sunt,
2165 1211 2362 1264 neque
2409 1196 2931 1268 archangelorum,
2961 1213 3168 1270 eaeque
3193 1215 3333 1255 cum
3365 1203 3484 1256 tota

1833 1284 2008 1340 simul
2034 1285 2316 1342 rationali
2362 1289 2579 1341 natura
2609 1291 2851 1357 coactae,
2881 1285 2960 1341 ad
2990 1287 3307 1344 minimam
3336 1303 3482 1360 par-

1832 1379 1951 1431 tem
1997 1374 2332 1447 pertingere
2368 1379 2669 1446 poterunt,
2702 1375 2930 1431 nedum
2974 1376 3079 1432 toti
3113 1377 3482 1449 explicandas

1831 1479 2009 1536 pares
2039 1461 2184 1520 sint.
2221 1466 2304 1519 Tu
2349 1479 2492 1520 vero
2524 1463 2575 1518 si
2616 1463 2765 1537 quid
2801 1464 2959 1521 voles
2988 1464 3064 1521 de
3104 1466 3225 1522 Deo
3264 1465 3480 1534 dicere,

1833 1555 1938 1608 aut
1966 1550 2209 1619 audire;
2260 1550 2490 1607 dimitte
2535 1567 2757 1624 corpus
2790 1556 2982 1619 tuum,
3015 1552 3246 1609 dimitte
3276 1568 3486 1627 corpo-

1831 1654 1968 1696 reos
2006 1655 2241 1707 sensus,
2267 1639 2541 1713 relinque
2589 1645 2834 1712 terram,
2861 1642 3136 1715 relinque
3169 1658 3357 1711 mare,
3384 1657 3486 1698 ae-

170 1728 236 1780 τού
285 1733 493 1786 ποίησον
557 1732 650 1782 τὸν
699 1727 843 1806 ἀέρα,
915 1727 1231 1804 παράδραμε
1313 1731 1467 1806 ὧρας,
1529 1738 1723 1806 καιρῶν

1835 1744 1959 1786 rem
1989 1728 2145 1785 infra
2191 1729 2456 1801 teipsum
2486 1729 2733 1797 colloca,
2767 1731 3232 1804 prmtergredere
3259 1733 3483 1801 tetates,

171 1817 396 1886 εὐταξίας,
447 1820 540 1879 τάς
608 1824 728 1893 περὶ
801 1828 902 1892 γῆν
977 1816 1354 1893 διακοσμήσας
1380 1839 1393 1854 ο
1453 1821 1580 1893 ὑπὲρ
1636 1823 1723 1872 τὸν

171 1907 311 1982 αἰθέρα
337 1915 514 1979 γενοῦ·
551 1903 592 1961 δ
597 1907 778 1966 ιάϐηθι
820 1912 939 1970 τοὺς
986 1907 1230 1984 ἀστέρας,
1261 1911 1329 1962 τά
1369 1913 1487 1984 περὶ
1536 1908 1724 1972 αὐτούς

172 1996 400 2068 θαύματα,
458 2002 560 2056 τὴν
635 1997 918 2072 εὐκοσμίαν
971 1998 1177 2068 αὐτῶν,
1234 2001 1301 2052 τά
1355 2000 1582 2072 μεγέθη,
1637 2001 1727 2059 τὰς

170 2092 311 2158 χρείας
335 2089 458 2150 ὅσας
505 2092 840 2162 παρέχονται
881 2095 955 2160 τῷ
993 2093 1168 2156 παντὶ,
1199 2092 1292 2147 τὴν
1341 2087 1598 2152 εὐταξίαν,
1631 2091 1726 2146 τὴν

170 2173 490 2251 λαμπρότητα,
547 2181 650 2236 τὴν
725 2179 900 2245 θέσιν,
955 2182 1050 2237 τὴν
1104 2181 1349 2236 κίνησινο
1410 2179 1543 2239 ὅπως
1598 2180 1729 2252 πρὸς

173 2263 368 2329 ἀλλήλους
410 2271 658 2340 σχέσεως
683 2268 713 2327 ἦ
762 2265 1100 2330 ἀποστάσεως
1149 2270 1360 2340 ἔχουσι.
1394 2269 1572 2321 Ηάντα
1614 2264 1732 2320 δια·

173 2351 236 2415 εὰς
269 2364 330 2426 τῷ
373 2355 532 2429 λόγῳ,
589 2360 678 2409 τόν
725 2355 942 2430 οὐρανόν
987 2356 1308 2432 ὑπερκύψας,
1357 2361 1448 2410 καὶ
1495 2357 1730 2432 ὑπεράνω

171 2446 316 2496 τούτου
359 2450 648 2518 γενόμενος,
703 2446 832 2519 μόνῃ
895 2441 1102 2518 διανοίᾳ
1157 2445 1463 2520 περίϐλεψαι
1509 2447 1578 2498 τά
1628 2443 1732 2498 ἐκεῖ

171 2531 308 2601 smn,
351 2537 605 2609 στρατιὰς
651 2535 1005 2609 ἐπουρανίους,
1059 2541 1425 2609 χοροστασίας
1475 2533 1728 2607 ἀγγέλων,

167 2623 232 2682 τὰς
263 2632 347 2676 τῶν
387 2623 739 2698 ἀρχαγγελων
783 2623 1108 2693 έπιστασίας,
1147 2627 1240 2687 τὰς
1289 2621 1444 2688 δόξας
1484 2632 1585 2677 τῶν
1627 2643 1728 2676 κν-

167 2717 390 2781 ριοτήτων,
437 2718 526 2776 τάς
581 2711 862 2790 προεδρίας
903 2723 1001 2766 τῶν
1056 2717 1270 2789 θρόνων,
1318 2716 1408 2775 τάς
1456 2709 1726 2786 δυνάμεις,

167 2799 235 2860 τᾶς
279 2799 453 2874 ἀρχὰς,
504 2804 615 2865 τὰς
661 2801 919 2866 ἔξουσίας.
962 2799 1276 2878 Διαδραμών
1317 2803 1383 2854 τά
1425 2803 1723 2874 σύμπαντα,

166 2893 232 2940 ui
255 2890 362 2966 ὑπερ
390 2899 576 2946 πᾶσαν
604 2895 700 2950 τὴν
748 2897 918 2945 κτίσιν
968 2891 1249 2953 ἀνανεύσας
1291 2898 1398 2954 τοῖς
1429 2890 1722 2963 λογισμοῖς,

165 2982 230 3030 καὶ
267 2977 478 3034 ἐπέκεινα
523 2985 651 3049 (’77)
684 2983 876 3034 τούτων
922 2984 1008 3034 τόν
1055 2988 1173 3034 νοῦν
1222 2979 1524 3052 ἀνυψώσας,
1558 2979 1727 3038 ἐννόη-

169 3083 232 3117 ﬂ"
265 3074 346 3128 τὴν
388 3073 524 3124 θείαν
582 3073 743 3144 φύσιν
767 3091 781 3105 ο
835 3069 1090 3138 ἑστῶσαν,
1124 3070 1398 3146 ἄτρεπτον,
1451 3067 1725 3122 ἀναλλοίωο
1754 3102 1794 3159 C

167 3172 256 3226 τω,
321 3159 519 3228 ἀπαθῆ,
578 3159 786 3228 ἁπλῆν,
856 3158 1167 3231 ἀσύνθετον,
1239 3157 1568 3232 ἀδιαίρετον,
1623 3156 1725 3232 φῶς

169 3242 400 3318 ἀπρόσιτον
446 3253 582 3320 (78),
639 3245 863 3322 δύναμιν
913 3251 1128 3322 ἄφατον,
1179 3251 1390 3322 μέγεθος
1453 3247 1724 3324 ἀπεριόρι-

172 3351 288 3403 cra»,
339 3335 490 3402 δόξαν
542 3340 1123 3413 ύπεραστράπτουσαν,
1185 3337 1490 3411 ἀγαθότητα
1547 3337 1724 3390 ἐπιθυ-

170 3432 318 3493 μητὴν.
363 3429 540 3489 κάλλος
595 3425 898 3500 ἀμήχανον,
951 3426 1191 3504 σφοδρῶς
1246 3431 1336 3501 μὲν
1384 3437 1481 3490 τῆς
1526 3446 1722 3502 τετρω-

171 3516 285 3582 Pi";
304 3516 478 3588 ψυχῆς
523 3518 944 3590 καθαπτόμενον,
975 3517 1112 3592 λόγῳ
1143 3514 1202 3571 δε
1224 3514 1723 3593 κδηλωθῆναι-,πρός

171 3597 283 3663 ἀξίαν
307 3601 572 3663 ἀδύνατον.

216 3871 258 3924 2.
292 3871 417 3927 Ἐκεῖ
465 3878 658 3950 Πατὴρ
717 3877 809 3927 καὶ
873 3873 994 3934 Υἱὸς
1045 3876 1136 3926 καὶ
1190 3872 1339 3944 ᾶγιον
1397 3877 1626 3945 Πνεῦμα,
1685 3871 1717 3929 ἦ

163 3955 357 4024 ﬁrmo;
403 3967 580 4037 φύσις,
645 3965 702 4016 τὸ
771 3959 1084 4016 δεσποτικὸν
1145 3959 1370 4036 ἀξίωμα,
1426 3963 1458 4020 ἠ
1520 3963 1716 4034 φυσική

162 4042 387 4115 ἀγαθόπς.
437 4059 665 4129 Πατήρ·
724 4053 755 4110 ἠ
828 4053 1030 4104 πάντων
1104 4049 1272 4124 ἀρχὴ,
1328 4053 1358 4108 ἠ
1423 4049 1570 4103 αἰτία
1627 4056 1720 4102 τοῦ

161 4131 256 4189 lim
297 4149 395 4203 τοῖς
441 4139 619 4210 οὖσιν,
654 4144 684 4199 ἠ
729 4141 858 4216 ῥίζα
906 4149 1006 4192 τῶν
1041 4131 1268 4202 ζώντων.
1299 4138 1453 4193 Ὀθεν
1491 4137 1721 4214 προῆλθε

161 4225 336 4299 ὑπηγή
383 4239 472 4293 τῆς
526 4233 694 4301 ζωῆς,
747 4232 778 4289 ἡ
833 4233 1009 4302 σογία,
1042 4231 1072 4288 ἡ
1127 4226 1368 4302 δύναμις,
1418 4231 1448 4288 ἡ
1498 4228 1645 4282 εἰκὼν
1683 4229 1714 4286 ἡ

165 4317 500 4388 ἀπαράλλακτος
551 4327 651 4374 τοῦ
709 4317 933 4393 ἀοράτου
987 4325 1142 4384 Θεοῦ,
1189 4320 1214 4370 ὁ
1265 4317 1321 4370 ἐκ
1370 4325 1463 4370 τοῦ
1513 4319 1719 4390 Πατρός

166 4408 372 4469 γεννηθεὶς
418 4411 612 4482 Υἱός,ὁ
662 4410 764 4470 ζῶν
817 4411 996 4480 Λόγος,
1055 4408 1081 4459 6
1139 4409 1265 4468 Θεὸς
1308 4407 1396 4474 ὦν,
1446 4410 1537 4459 καὶ
1587 4407 1716 4480 πρὸς

170 4499 235 4540 τάν
281 4499 395 4548 Θεὸν
441 4503 508 4550 ὧν
539 4521 552 4532 ·

171 4585 246 4650 πρὸ
282 4593 368 4636 τῶν
417 4588 639 4658 αἰώνων,
697 4587 826 4658 οὐχὶ
879 4587 1222 4662 προσκτηθιὶς
1277 4585 1531 4660 ὕστερον·
1573 4589 1716 4652 Υἱὸς,

172 4667 272 4740 οὐχὶ
340 4685 546 4750 κτῆμα·
636 4679 892 4743 ποιητὴς,
970 4674 1099 4749 οὐχὶ
1172 4678 1414 4748 ποίημα·
1481 4678 1725 4742 κτίστης,

226 4864 267 4898 ⁸⁸
291 4868 309 4922 ι
333 4867 475 4926 Tim.
504 4887 591 4943 vi,
631 4873 721 4927 to.
805 4870 853 4906 ⁵⁸
884 4868 1122 4927 Coloss.
1152 4885 1192 4939 ι,
1225 4873 1312 4926 15.
1389 4869 1440 4906 ⁶⁰
1476 4868 1652 4926 Joan.
1682 4883 1722 4939 ι,
1752 4872 1808 4926 2.

231 5071 326 5147 (Et)
357 5075 589 5147 Veteres
639 5073 868 5147 aliquot
909 5073 1045 5131 libri
1094 5071 1293 5146 ἀνάγκη
1330 5071 1534 5146 Dii-Iuv.
1595 5075 1726 5130 Mox

178 5137 528 5218 tertius
559 5147 663 5218 οὐχ
695 5137 840 5218 ὅσον.

349 5217 505 5272 Coll).
537 5215 772 5290 primus
805 5217 1032 5290 ἀγγέλων
1063 5237 1244 5290 parum.

183 5345 196 5358 .
235 5285 595 5360 (76“,Antiqui
644 5296 762 5344 tres
813 5285 948 5344 libri
976 5285 1270 5360 κατάλειπε
1325 5291 1512 5346 τῆνα..
1558 5288 1724 5340 κατά-

187 5357 308 5408 ηιπῑ.
339 5357 471 5413 Editi
495 5357 807 5414 κατάλιπε...
841 5359 1114 5414 κατάλιπε.

258 5428 495 5550 77ldEditti
529 5436 616 5484 καὶ
645 5433 711 5483 τὰ
740 5429 988 5484 έπέκέινα.
1017 5429 1236 5486 Vocula
1259 5432 1324 5483 τά
1353 5429 1413 5486 in
1442 5430 1726 5488 omnibus

258 5510 304 5546 is.
371 5514 460 5550 ees
491 5543 503 5550 .

191 5503 304 5546 mss.
333 5503 503 5554 deest.

245 5567 341 5638 (78)
364 5570 496 5642 Reg.
526 5575 754 5646 primus
783 5578 842 5630 et
867 5573 990 5631 duo
1030 5572 1357 5630 Colbertini
1396 5581 1522 5647 φῶς,
1551 5573 1724 5641 οἰκῶν,

1831 1824 2175 1892 temporum
2204 1820 2561 1876 constitutos
2590 1820 2856 1889 ordines,
2886 1825 3057 1878 terrae
3090 1825 3483 1878 ornamenta:

1834 1923 2022 1982 supra
2065 1908 2289 1964 aethera
2335 1909 2561 1978 tollere,
2608 1909 2966 1966 transcende
3011 1909 3233 1981 stellas,
3281 1908 3489 1966 omnia

1833 2013 2215 2070 quascunque
2251 1998 2311 2053 in
2343 1998 2428 2054 eis
2466 1997 2853 2055 admirationi
2883 2004 3044 2070 sunt,
3072 2015 3284 2056 earum
3313 2014 3489 2056 orna-

1837 2090 1987 2154 tum,
2019 2084 2524 2155 magnitudinem,
2548 2085 2846 2160 quidquid
2869 2103 2941 2143 ex
2963 2087 3049 2144 eis
3073 2087 3236 2145 orbis
3256 2088 3491 2144 univer-

1839 2191 1942 2230 sus
1980 2173 2138 2246 capit
2167 2173 2458 2242 utilitatis,
2487 2180 2720 2231 rectum
2746 2176 3045 2244 ordinem,
3079 2176 3489 2249 splendorem,

1841 2263 2044 2330 situm,
2075 2268 2330 2333 motum,
2365 2263 2678 2337 quomodo
2724 2265 2878 2323 inter
2913 2283 2978 2323 se
3019 2266 3488 2338 conjungantur,

1839 2359 1946 2410 aut
1976 2354 2373 2424 sejungantur
2403 2369 2440 2409 a
2466 2369 2530 2410 se
2549 2353 2829 2411 invicem.
2847 2355 3060 2412 Omnia
3085 2359 3285 2412 mente
3305 2370 3376 2410 ac
3391 2369 3490 2411 ra-

1840 2444 2002 2500 tione
2036 2448 2531 2515 praetergressus,
2563 2443 2953 2500 transvolans
2998 2443 3240 2510 caelum,
3269 2443 3492 2516 illoque

1839 2531 2087 2588 effectus
2128 2525 2438 2602 excelsior,
2490 2531 2851 2601 cogitatione
2903 2530 3031 2587 sola
3083 2529 3495 2602 pulcherrima

1838 2636 2101 2694 quasque
2131 2620 2565 2694 ;circumspice.
2600 2619 2896 2676 exercitus
2945 2618 3239 2690 caelestes,
3271 2618 3492 2675 choros

1839 2710 2221 2782 angelorum,
2271 2709 2775 2782 archangelorum
2833 2709 3175 2781 dignitates,
3237 2707 3493 2779 gloriam

1835 2798 2344 2870 dominationum,
2378 2799 2736 2855 thronorum
2767 2797 3248 2866 sedes,virtutes,
3276 2795 3495 2870 princi-

1836 2894 2035 2960 patus,
2053 2893 2399 2960 potestates.
2427 2888 2850 2944 Praatermissis
2866 2887 3172 2958 omnibus,
3186 2901 3496 2957 emergen-

1834 2981 1891 3034 te
1917 2977 2148 3034 ratione
2179 2992 2365 3048 supra
2394 2991 2636 3032 omnem
2661 2981 3020 3046 creaturam,
3043 2979 3309 3031 mentem
3333 2974 3493 3032 ultra

1833 3066 1964 3123 haec
1995 3070 2213 3134 erecta,
2246 3063 2656 3137 contemplare
2681 3064 2950 3120 divinam
2977 3067 3295 3120 naturam:
3329 3068 3492 3118 stan-

1832 3157 1975 3223 tem,
2006 3148 2472 3216 immutabilem,
2503 3147 2814 3204 varietatis
2859 3152 3189 3220 expertem,
3228 3144 3491 3202 affectio-
3557 3191 3560 3194 .

1831 3258 1978 3300 num
2000 3255 2282 3309 vacuam,
2309 3238 2667 3310 simplicem,
2694 3235 3121 3310 compositioni
3139 3234 3286 3292 nulli
3298 3234 3488 3291 obno-

1829 3327 2678 3398 xiam,indivisibilem,lucem
2695 3323 3488 3398 inaccessam",potentiam

1829 3419 2221 3486 ineffabilem,
2245 3416 2729 3490 magnitudinem
2760 3415 2986 3472 ﬁnibus
3011 3414 3194 3471 nullis
3225 3414 3488 3470 circum-

1831 3511 2138 3583 scriptam,
2156 3508 2410 3579 gloriam
2431 3505 2965 3579 supermicantem,
2979 3505 3309 3562 bonitatem
3323 3502 3488 3559 desi-

1829 3595 2697 3670 derabilem,pulchritudinem
2711 3594 3224 3666 singularem,qua
3236 3589 3487 3664 quidem

1830 3689 2071 3747 animus
2091 3686 2395 3743 sauciatus
2413 3685 2798 3742 vehementer
2817 3682 3200 3757 percellatur,
3221 3679 3330 3738 sed
3347 3693 3484 3753 quae

1829 3793 1940 3852 pro
1971 3776 2262 3847 dignitate
2286 3773 2487 3832 verbis
2518 3772 2806 3846 explicari
2834 3787 2959 3830 non
2987 3770 3197 3844 possit.

1903 3872 1956 3924 2.
1998 3865 2120 3922 lllic
2167 3867 2338 3921 Pater
2365 3866 2421 3920 et
2476 3862 2655 3920 Filius
2700 3866 2758 3919 et
2801 3861 3055 3935 Spiritus
3098 3861 3363 3929 sanctus,
3385 3856 3483 3914 in-

1829 3960 2029 4016 creata
2057 3961 2295 4020 natura,
2330 3953 2641 4010 Dominica
2663 3952 2976 4024 majestas,
2998 3949 3290 4008 naturalis
3313 3947 3484 4005 boni-

1827 4051 1941 4104 tas.
1972 4049 2141 4102 Pater
2165 4043 2442 4101 omnium
2479 4041 2867 4115 principium,
2893 4055 3106 4097 eorum
3144 4054 3281 4112 quae
3319 4036 3479 4094 exsi-

1827 4140 1993 4194 stunt
2037 4150 2244 4204 causa,
2275 4132 2451 4190 radix
2492 4131 2845 4188 viventium.
2882 4129 3048 4186 Unde
3091 4128 3310 4203 prodiit
3340 4127 3480 4185 vita;

1827 4226 1985 4293 fons,
2019 4222 2335 4296 sapientia,
2362 4222 2574 4286 virtus,
2603 4221 2705 4276 Dei
2743 4218 3062 4277 invisibilis
3103 4219 3165 4275 in
3195 4216 3481 4275 omnibus

1829 4312 2134 4370 simillima
2161 4311 2365 4381 imago
2387 4312 2457 4378 5°,
2484 4308 2659 4366 Filius
2689 4324 2761 4365 ex
2791 4311 2960 4364 Patre
2983 4307 3246 4380 genitus,
3272 4305 3481 4363 vivens

1829 4403 2112 4471 Verbum,
2145 4403 2300 4458 Deus
2346 4401 2626 4463 existens.
2656 4405 2713 4457 et
2749 4399 3048 4457 exsistens
3095 4399 3265 4471 132
3312 4397 3482 4470 apud

617 4497 747 4569 ούχὶ
801 4470 1206 4570 προσγενόμενος
1268 4470 1411 4566 (79)"
1462 4470 1716 4571 ύπάρςξων

1835 4495 2020 4550 Deum
2041 4493 2126 4547 σοι
2183 4490 2490 4559 exsistens,
2556 4505 2683 4547 non
2739 4470 3481 4547 adventitiusrexsistens

1830 4585 1969 4639 ante
2017 4579 2260 4651 saecula,
2285 4593 2411 4636 non
2451 4582 2667 4652 postea
2704 4577 3072 4651 acquisitus;
3120 4575 3326 4645 Filius,
3354 4588 3480 4632 non

1834 4670 2174 4746 possessio;
2193 4668 2544 4744 opifex,non
2559 4669 2892 4742 opiﬁcium;
2917 4672 3300 4738 creator,non
3319 4678 3481 4722 crea-

1832 5073 2120 5130 Vitiosum
2159 5077 2361 5130 autem
2399 5072 2462 5129 id
2491 5087 2624 5127 esse
2647 5085 2786 5125 cum
2809 5066 3079 5123 viderent
3108 5058 3475 5136 typograpbi

1833 5145 2214 5218 Parisienses.
2235 5145 2340 5218 qui
2365 5144 2544 5212 Regio
2574 5141 2781 5218 primo
2801 5137 3005 5218 codice
3033 5131 3476 5218 utebanturfde

1835 5232 1969 5283 suo,
2002 5213 2353 5288 opinor,'ita
2391 5213 2824 5288 emendarnn‘t;
2871 5215 2976 5288 φξις
3021 5213 3267 5287 οἰκοῦσαν
3307 5213 3476 5288 απρότ

1837 5275 1999 5342 mos.
2037 5275 2100 5342 Ᾰι
2129 5289 2187 5342 in
2217 5275 2476 5342 editione
2507 5282 2684 5337 Basil.
2726 5285 2782 5334 et
2805 5275 3092 5345 in'Regiis
3123 5275 3390 5332 secundo
3419 5281 3479 5333 et

1833 5360 2022 5420 tertio,
2055 5359 2238 5429 inque
2278 5356 2443 5412 Colb.
2477 5355 2644 5410 tertio
2668 5351 2862 5408 verius
2903 5355 2962 5405 et
2986 5348 3314 5422 simplicius
3340 5347 3480 5405 scri-

1833 5429 1995 5486 bitur
2023 5427 2458 5502 φῶς-ἀπρόσιτον.

1902 5491 2475 5572 (79)'Colb.'prirnus
2517 5497 2906 5569 προγενόμενος,
2946 5491 3112 5550 haud
3143 5497 3316 5551 recte.
3347 5495 3479 5552 Mox

1835 5566 2138 5629 unus—ms.
2167 5566 2295 5643 ούχὶ
2327 5566 2387 5623 δί
2416 5566 2634 5641 κτίσμα,
