4076 6190
541 258 645 314 4θῖ

1903 246 1960 303 8.
2004 243 2256 300 BASILI'I
2295 245 2547 304 MAGNI.

3799 255 3902 312 £68

543 385 717 438 tura:
765 377 972 436 omnia
998 373 1318 440 exsistens,
1349 384 1732 443 quaecunque
1769 368 2199 456 est'Pater,'Fi~
2228 417 2230 423 λ

2335 369 2443 442 ιῦχὶ
2502 375 2741 445 κτίσμα⁶
2775 389 2948 424 πάντα
2997 370 3066 423 ὢν
3116 370 3218 423 ὅσα
3265 368 3412 426 ἓστὶυ
3442 373 3467 425 6
3505 379 3689 450 Πατήρ
3717 396 3729 410 ⁸
3771 378 3910 441 Υἱὸς*

544 471 688 540 lius,
715 470 988 543 inquam,
1019 470 1077 522 et
1105 467 1294 520 Pater.
1328 461 1607 518 Observa.
1622 460 1771 516 mihi
1799 460 1910 516 has
1934 459 2204 532 proprie—

546 563 723 618 tates.
753 561 995 616 Manens
1034 553 1217 625 igitur
1244 551 1306 607 in
1336 566 1408 607 eo
1437 549 1606 624 quod
1637 554 1729 606 est
1752 549 1957 618 Filius,
1999 548 2207 605 omnia

2314 456 2474 527 εἷπον,
2529 465 2618 513 καὶ
2690 462 2872 536 Πατὴρ
2923 464 3062 528 (80).
3127 461 3366 515 Φύλασσέ
3420 483 3510 535 μοι
3581 468 3775 529 ταύτας
3822 472 3904 529 τὰς

2317 547 2604 612 ἰδιότητας.
2649 555 2826 605 Μένων
2860 550 2969 620 (81)
3017 547 3106 603 οὖν
3158 549 3206 602 ἐν
3254 560 3326 622 τῷ
3383 549 3514 606 εἶναι·
3563 557 3698 622 Υἱὸς,
3748 558 3906 610 πάντα

551 653 644 706 est
665 651 856 717 Pater,
890 642 1226 702 secundum
1252 641 1445 714 ipsius
1485 639 1722 697 Domini
1745 655 1980 707 vocem,
2009 638 2211 695 dicen-

2335 645 2458 693 στὶν
2489 642 2590 694 ὅσα
2618 638 2758 692 ἐστὶν
2798 641 2824 692 6
2874 644 3078 714 Πατὴρ,
3107 643 3242 693 κατὰ
3269 645 3364 699 τὴν
3413 647 3583 714 φωνὴν
3634 644 3791 697 αὐτοῦ
3820 654 3902 700 τοῦ

555 738 667 796 tis:
702 736 917 794 Omnia
945 745 1320 806 quaecunque
1367 730 1542 787 habet
1581 730 1793 799 Pater,
1819 744 1948 786 mea
1977 734 2118 784 sunt
2139 729 2207 784 ".

551 832 778 886 Revera
802 823 962 881 enim
991 821 1206 878 omnia
1226 835 1361 893 quae
1383 819 1713 892 archetypo
1743 817 2074 890 exemplari
2103 816 2212 874 ad-

553 919 714 983 sunt,
745 911 1028 983 imaginis
1055 914 1215 967 sunt.
1249 911 1514 967 Vidimus
1532 909 1718 977 enim,
1738 908 1932 982 inquit
1959 922 2221 979 evange-

551 1005 711 1069 lista,
735 1003 999 1075 gloriam
1029 1003 1180 1072 ejus,
1201 999 1458 1071 gloriam
1494 999 1669 1070 quasi
1704 996 2013 1069 Unigeniti
2035 1013 2073 1053 a
2097 998 2220 1053 Pa-

554 1095 718 1152 tre“:
737 1092 853 1148 hoc
880 1094 989 1156 est,
1011 1105 1138 1146 non
1159 1105 1234 1144 ex
1255 1087 1419 1144 dono
1453 1091 1511 1143 et
1545 1101 1797 1143 munere
1827 1086 1972 1142 data
2001 1085 2055 1141 ei
2076 1090 2220 1142 sunt

554 1180 870 1247 miracula,
892 1178 999 1235 sed
1022 1195 1096 1236 ex
1115 1181 1348 1234 natura
1369 1175 1804 1232 communione
1827 1175 2003 1232 Filius
2032 1173 2224 1231 habet

554 1276 820 1346 paternae
841 1267 1170 1324 divinitatis
1185 1265 1740 1337 majestatem.Nam
1757 1264 2217 1338 accipere,com-

557 1375 743 1419 mune
772 1362 863 1416 est
902 1361 958 1413 et
997 1359 1324 1412 creaturis:
1372 1353 1598 1411 habere
1625 1357 1828 1411 autem
1866 1369 1940 1411 ex
1977 1358 2214 1423 natura,

556 1449 876 1523 proprium
923 1448 1016 1502 est
1044 1443 1254 1515 geniti.
1297 1446 1504 1516 Itaque
1542 1447 1608 1499 ut
1637 1441 1837 1512 Filius,
1868 1443 2220 1500 naturaliter

558 1538 832 1614 possidet
857 1551 994 1609 quae
1017 1539 1158 1591 sunt
1183 1533 1407 1593 Patris:
1439 1537 1506 1589 ut
1533 1533 1901 1605 Unigenitus,
1926 1533 2134 1590 omnia
2156 1533 2218 1590 in

561 1629 761 1702 seipso
804 1621 1287 1697 comprehendit,
1320 1638 1459 1678 cum
1499 1621 1649 1678 nihil
1689 1622 2030 1695 quidquam
2079 1638 2220 1678 cum

2317 733 2513 805 Κυρίου
2567 730 2838 793 εἰπόντος·
2900 731 3076 783 Πάντα
3133 730 3234 782 ὅσα
3309 733 3421 802 ἔχει
3479 733 3505 784 6
3565 738 3765 808 Πατὴρ,
3814 734 3904 809 ἐμά

2318 817 2450 874 ἔστι.
2478 826 2562 891 Τῷ
2607 822 2714 873 ὄντι
2754 820 2857 893 γὰρ
2900 827 2993 881 τῆς
3022 819 3210 880 εἰκόνος
3258 818 3372 873 ἐστὶ
3395 822 3586 888 πάντα,
3617 824 3718 876 ὅσα
3757 829 3904 900 πρόσ-

2319 927 2432 962 εστι
2523 917 2586 981 τῇ
2671 910 3003 984 πρωτοτύπῳ·
3073 917 3270 985 μορφῇ.
3361 910 3721 985 Ἐθεασάμεθα
3790 917 3901 988 γὰρ,

2320 998 2532 1070 φησὶνό
2584 997 2980 1070 εὖαγγελιστής,
3033 1003 3134 1057 τὴν
3196 995 3354 1062 δόξαν
3407 999 3590 1068 αὑτοῦ,
3643 998 3796 1066 δόξαν
3847 1006 3904 1066 ὡς

2320 1095 2638 1160 Μονογενοῦς
2707 1089 2854 1163 παρὰ
2916 1091 3153 1163 Πατρός·
3204 1093 3496 1153 τουτέστιν,
3556 1090 3653 1144 οὐκ
3699 1090 3754 1144 ἐκ
3805 1089 3904 1145 δω-

2320 1183 2442 1251 ρεᾶς.
2482 1175 2572 1228 καὶ
2608 1178 2831 1250 χάριτος
2881 1173 3133 1231 δοθέντων
3163 1177 3303 1249 αὐτῷ
3328 1198 3429 1251 τῳν
3476 1181 3776 1253 θαυμάτων,
3801 1179 3912 1234 ἀλλ”

2321 1263 2378 1318 ix
2423 1272 2515 1326 τῆς
2565 1267 2701 1318 κατὰ
2747 1268 2902 1338 φύσιν
2954 1271 3224 1330 κοινωνίας
3275 1270 3486 1339 ἔχοντος
3532 1275 3628 1322 τοῦ
3670 1270 3791 1322 Υἰοῦ
3826 1276 3910 1329 τῆς

2321 1363 2585 1430 πατρικῆς
2639 1357 2875 1417 θεότητος
2929 1359 2989 1410 τὸ
3048 1355 3270 1430 ἀξίωμα.
3323 1360 3394 1410 T6
3596 1359 3698 1434 γὰρ
3751 1356 3913 1410 λαϐεῖν

2322 1447 2492 1498 κοινὸν
2543 1448 2804 1520 καὶζπρὸς
2844 1449 2940 1504 τὴν
2979 1451 3188 1498 κτίσιν·
3217 1449 3276 1499 τὸ
3324 1443 3384 1500 δὲ
3431 1449 3574 1518 ἔχειν
3618 1446 3674 1500 ἐκ
3727 1450 3907 1520 φύσεως

2323 1532 2464 1588 ἴδιον
2511 1542 2604 1588 τοῦ
2659 1537 3006 1607 γεννηθέντος.
3064 1535 3150 1598 Ὠς
3193 1539 3284 1610 μὲν
3359 1533 3449 1589 οὖν
3501 1539 3642 1604 Υἱὸς,
3697 1545 3909 1610 φυσικῶς

2323 1626 2575 1682 κέκτηται
2615 1624 2683 1677 τά
2726 1631 2820 1676 τοῦ
2865 1627 3102 1699 Πατρόςο
3134 1626 3204 1687 ὡς
3247 1621 3307 1677 δὲ
3353 1628 3666 1697 Μονογενὴς,
3695 1625 3783 1678 ὅλα
3809 1627 3916 1698 ἔχει

563 1717 750 1777 altero
777 1715 1106 1771 dividatur.
1141 1715 1224 1772 Ex
1251 1713 1386 1786 ipsa
1430 1711 1614 1782 igitur
1655 1711 1777 1769 Filii
1812 1712 2220 1785 appellatione

2335 1711 2374 1765 ἰν
2429 1712 2596 1784 ἑαυτῷ
2648 1711 2935 1780 συλλαϐὼν,
2997 1709 3203 1775 οὐδενὸς
3267 1715 3748 1790 καταμεριζομίνου
3800 1717 3913 1788 πρὸς

564 1801 855 1859 discimus
891 1805 1123 1858 naturae
1146 1816 1282 1857 esse
1309 1804 1671 1870 consortem,
1698 1815 1821 1856 non
1845 1800 2025 1871 jussu
2052 1817 2226 1859 crea-a

565 1895 720 1958 tum,
749 1891 856 1948 sed
893 1891 1023 1947 sine
1052 1890 1176 1947 ullo
1213 1889 1530 1947 intervallo
1562 1906 1631 1946 ex
1662 1889 2002 1948 substantia
2028 1889 2226 1963 splen-

565 1979 831 2048 dentem,
858 1979 986 2036 sine
1015 1977 1136 2035 ullo
1165 1981 1459 2050 temporis
1488 1978 1686 2052 spatio
1716 1995 1854 2034 cum
1886 1981 2056 2034 Patre
2081 1994 2226 2035 con-

561 2071 864 2143 iunctum,
887 2069 1184 2143 aequalem
1228 2068 1290 2125 in
1319 2069 1610 2137 bonitate,
1643 2068 1942 2143 aequalem
1965 2068 2028 2125 in
2060 2074 2225 2141 pote-

568 2166 744 2232 state,
777 2163 1122 2217 consortem
1140 2158 1500 2230 majestatis.
1530 2158 1759 2232 Ecquid
1790 2159 1973 2225 enim,
2004 2159 2120 2215 nisi
2147 2158 2226 2215 si-

567 2250 780 2324 gillum
809 2255 866 2307 et
891 2250 1120 2320 imago,
1149 2247 1478 2305 ostendens
1507 2247 1571 2304 in
1615 2264 1678 2304 se
1721 2251 1952 2304 Patrem
1982 2253 2175 2304 totum
2195 2248 2225 2305 Ἰ

568 2343 953 2414 Quaecunque
972 2345 1173 2396 autem
1190 2339 1742 2412 postea,hominum
1758 2338 2120 2411 dispensans
2133 2354 2227 2395 sa-

566 2428 777 2498 lutem,
793 2443 983 2504 quam
1003 2425 1182 2482 nobis
1206 2442 1311 2499 per
1331 2441 1576 2482 carnem
1590 2425 1958 2498 conspicuus
1980 2425 2226 2482 effectus

570 2517 864 2586 exhibuit,
895 2516 980 2572 ita
1009 2515 1115 2572 tibi
1145 2531 1216 2572 ex
1248 2515 1518 2588 corporis
1542 2515 1968 2572 constitutione
2007 2517 2228 2576 edisse-

568 2608 742 2676 rit,ut
759 2606 923 2663 dicat
950 2605 1208 2662 missum
1228 2620 1292 2661 se
1317 2620 1467 2673 esse,
1500 2608 1558 2660 et
1579 2603 1726 2660 nihil
1756 2621 1793 2661 a
1813 2605 2012 2678 seipso
2029 2606 2226 2665 facere

570 2712 778 2770 posse,
802 2699 860 2751 et
888 2693 1194 2766 accepisse
1223 2709 1284 2750 se
1309 2693 1671 2750 mandatum
1691 2697 1749 2750 et
1775 2693 1894 2750 alia
1922 2695 1982 2751 id
2009 2712 2224 2767 genus,

573 2800 650 2846 ne
682 2783 868 2838 ullam
899 2783 1004 2839 tibi
1032 2783 1417 2839 occasionem
1438 2783 1749 2854 praebeant
1765 2783 1844 2839 ad
1866 2785 2227 2842 imminuen-

576 2873 722 2930 dam
768 2870 1066 2940 Unigeniti
1112 2869 1508 2927 divinitatem.
1541 2874 1688 2928 Nam
1721 2872 1966 2928 humilis
2003 2873 2098 2929 ille
2147 2875 2229 2932 ad

577 2965 748 3020 tuam
794 2960 1208 3018 inﬁrmitatem
1245 2975 1551 3030 accessus,
1581 2960 1938 3031 dignitatem
1968 2964 2230 3035 potentis

2325 1803 2514 1877 ἕτερον.
2545 1802 2633 1866 Ἐξ
2680 1802 2846 1866 αὐτῆς
2891 1807 3063 1856 τοίνυν
3109 1811 3209 1865 τῆς,
3252 1808 3378 1858 Υίοῦ
3422 1806 3542 1877 (82)
3575 1808 3920 1881 προσηγορίας

2328 1888 2715 1966 διδασκόμεθα,
2743 1893 2823 1946 ότι
2850 1899 2945 1955 τῆς
2994 1895 3191 1965 φύσεώς
3220 1892 3335 1947 ἔστι
3370 1900 3614 1957 κοινωνός
3637 1916 3651 1930 ·
3684 1894 3741 1948 οὗ
3768 1909 3916 1968 προσ-

2325 1983 2555 2054 τάγματι
2628 1982 2877 2048 κτισθεὶς,
2953 1980 3060 2034 άλλ⁹
3110 1981 3167 2034 ἐκ
3230 1990 3328 2044 τῆς
3408 1982 3602 2046 οὐσίας
3664 1981 3913 2055 ἐκλάμψας

2329 2067 2678 2136 ἁδιαστάτως,
2734 2069 2970 2145 ἁχρόνως
3029 2078 3102 2141 τῷ
3179 2075 3348 2147 Πατρὶ
3416 2077 3758 2146 συνημμένος,
3813 2073 3914 2130 ἶσος

2331 2159 2382 2212 ἐν
2427 2158 2736 2232 ἁγαθότητι,
2769 2162 2903 2224 ἶσος,
2935 2159 2983 2213 ἐν
3038 2157 3278 2233 δυνάμει,
3324 2165 3566 2222 κοινωνὸς
3616 2171 3708 2222 τῆς
3750 2157 3908 2223 δόξης.

2333 2249 2436 2303 Καὶ
2481 2253 2534 2302 τί
2576 2251 2696 2324 γὰρ,
2731 2247 2836 2301 άλλ’
2867 2247 2896 2307 ἣ
2932 2252 3158 2324 σφραγὶς
3186 2253 3276 2302 καὶ
3323 2252 3490 2316 εἰκὼν,
3526 2249 3642 2304 ὅλον
3685 2249 3732 2303 έν
3761 2249 3909 2318 ἑαυτῷ

2333 2337 2539 2401 δεικνὺς
2585 2341 2672 2391 τὸν
2723 2341 2970 2410 Har-ripa;
3017 2337 3158 2392 Ὅσα
3205 2335 3266 2393 δε
3313 2358 3398 2391 σοι
3439 2343 3577 2412 μετὰ
3621 2347 3783 2393 ταῦτα
3822 2337 3910 2390 ἀπὸ

2331 2437 2428 2490 τῆς
2502 2436 2809 2501 σωματικῆς
2881 2436 3206 2488 κατασκευῆς
3277 2424 3582 2502 διαλέγεται
3642 2431 3769 2496 (83),
3829 2430 3910 2485 τὴν

2332 2517 2447 2570 τῶν’
2474 2516 2755 2593 ἀνθρώπων
2786 2521 3073 2591 ησωτηρίαν
3124 2517 3424 2591 οἰκονομῶν,
3475 2519 3543 2578 ἣν
3589 2515 3683 2570 διὰ
3732 2517 3908 2591 σαρκὸς

2333 2607 2589 2680 ἐπιφανεὶς
2667 2607 2791 2678 ἡμῖν
2871 2602 3194 2675 ἐπεδείξατο,
3271 2605 3704 2681 ἆποστελλόμενον
3765 2605 3906 2675 λέγων

2334 2696 2541 2763 ἑαυτὸν,
2566 2698 2655 2748 καὶ
2707 2691 2873 2768 μηδὲν
2924 2691 3207 2768 δυνάμενον
3254 2695 3340 2769 ἀφ’
3368 2697 3558 2750 ἑαυτοῦ
3604 2703 3781 2762 ποιεῖν,
3827 2694 3908 2745 καὶ

2335 2785 2538 2843 ἐντολὴν
2583 2782 2828 2852 λαϐόντα,
2861 2788 2950 2837 καὶ
2999 2786 3101 2837 ὃσα
3127 2793 3364 2852 τοιαῦτα,
3397 2791 3470 2859 μή
3522 2805 3605 2840 σοι
3658 2786 3920 2859 παρεχέτω

2337 2874 2572 2948 ἀφορμὰς
2607 2877 2734 2948 πρὸς
2779 2877 2840 2926 τὸ
2883 2877 3322 2948 κατασμικρύνειν
3374 2883 3466 2928 τοῦ
3495 2879 3806 2946 Μονογενοῦς
3830 2873 3913 2926 τὴν

2340 2964 2577 3020 θεότητα.
2611 2962 2687 3015 Οὐ
2733 2963 2834 3035 γὰρ
2887 2964 2917 3020 ἠ
2969 2965 3098 3037 πρὸς
3146 2965 3205 3014 τὸ
3260 2964 3350 3014 σὸν
3407 2960 3619 3023 ἀσθενὲς
3676 2957 3914 3030 συγκατά-

578 3051 853 3110 minuere
891 3065 1016 3106 non
1047 3048 1261 3104 debet:
1316 3049 1426 3104 sed
1471 3055 1752 3105 naturam
1785 3049 2046 3121 intellige
2090 3069 2230 3109 con-

2339 3051 2490 3116 ϐασις
2533 3053 2817 3114 ἐλάττωσις
2868 3051 3057 3124 ὀφείλει
3097 3054 3337 3124 γίνεσθαι
3387 3060 3480 3113 τῆς
3514 3051 3664 3117 ἀξίας
3703 3069 3788 3102 του
3835 3042 3915 3099 ὃν·

579 3143 862 3211 gruenter
891 3140 1011 3194 Deo
1051 3137 1621 3210 convenienterque,
1652 3140 1838 3196 verba
1867 3156 2010 3196 vero
2039 3141 2232 3198 humi-

576 3229 732 3286 liora
765 3228 843 3284 de
876 3227 1290 3285 incarnatione
1318 3227 1547 3299 accipe.
1581 3230 1659 3284 De
1693 3227 1916 3301 quibus
1965 3230 2017 3286 si
2057 3230 2233 3288 velle-

581 3333 719 3376 mus
767 3332 931 3373 nunc
983 3322 1264 3373 accurate
1309 3320 1586 3387 tractare,
1618 3317 1843 3373 incauti
1885 3334 1958 3375 ac
2013 3319 2236 3392 impru-

583 3407 794 3464 dentes
822 3405 1100 3470 multam,
1131 3406 1255 3462 imo
1292 3405 1593 3462 inﬁnitam
1623 3406 1946 3464 verborum
1993 3409 2234 3482 copiam

586 3496 665 3553 ad
692 3500 1046 3568 susceptum
1072 3501 1500 3564 argumentum
1532 3511 1982 3566 aggereremus.

655 3590 710 3642 3.
752 3586 868 3643 Sed
898 3587 976 3641 ad
1017 3585 1397 3658 propositum
1426 3591 1817 3644 revertamur.
1845 3590 2004 3644 Mens
2033 3604 2168 3661 quae
2198 3605 2236 3647 ε,

585 3676 833 3732 terrenis
844 3674 1262 3730 affectionibus
1278 3690 1426 3746 pura
1437 3691 1570 3730 esse
1581 3677 2236 3752 potuerit,omnemque

585 3764 1016 3835 intelligibilem
1041 3770 1381 3820 creaturam
1401 3764 1760 3838 relinquere,
1782 3773 1836 3823 et
1862 3769 2036 3840 quasi
2059 3769 2236 3840 piscis

587 3854 803 3927 aliquis
828 3871 859 3910 e
899 3853 1204 3926 profundo
1229 3852 1308 3908 ad
1348 3865 1654 3909 summam
1686 3855 2062 3926 superﬁciem
2092 3874 2263 3913 (ωε--

586 3949 734 4009 tare,
756 3944 884 4016 jam
908 3944 966 3998 in
994 3943 1310 3998 creationis
1349 3942 1607 4014 puritate
1637 3945 1980 4014 constituta,
2012 3946 2133 4002 illic
2160 3946 2216 4002 vi

587 4034 754 4090 debit
780 4033 1062 4106 Spiritum
1091 4037 1392 4102 sanctum,
1429 4031 1532 4088 ubi
1573 4031 1755 4088 Filius
1778 4039 1890 4103 est,
1917 4039 1973 4090 et
2005 4034 2108 4090 ubi
2135 4038 2240 4092 Pa-

586 4127 707 4181 ter:
741 4123 846 4195 qui
886 4127 944 4178 et
983 4121 1111 4195 ipse
1155 4121 1364 4178 omnia
1402 4122 1872 4178 coessentialiter
1901 4123 2240 4180 secundum

587 4216 872 4269 naturam
898 4211 1102 4281 habet,
1126 4210 1477 4279 bonitatem,
1500 4211 1898 4284 rectudinem,
1920 4213 2241 4270 sanctimo-

592 4301 782 4370 niam,
805 4300 1010 4358 vitam.
1045 4303 1216 4369 Nam,
1236 4299 1454 4372 inquit,
1485 4301 1750 4371 Spiritus
1788 4307 1926 4358 tuus
1959 4303 2145 4359 bonus
2171 4305 2238 4361 ⁸³.

662 4425 708 4460 δι
739 4425 913 4481 Joan.
941 4441 1054 4488 xw,
1094 4429 1175 4482 15.
1253 4426 1302 4462 ⁶²
1331 4427 1504 4482 Joan.
1536 4442 1574 4495 ι,
1610 4428 1695 4482 14.

663 4548 775 4620 (80)
805 4550 949 4618 Reg.
990 4548 1225 4620 primus
1242 4554 1355 4624 -οι
1383 4549 1557 4624 Colb.
1576 4551 1799 4624 itidem
1820 4551 2079 4624 hprimus
2126 4554 2244 4606 Υἱὸν

597 4616 1160 4695 εἷτέοῖκαὶ-Πᾶτέρα,
1228 4621 1458 4678 Filium
1516 4623 1651 4695 άιξφξ
1695 4627 1750 4679 et
1806 4616 2077 4695 Patrem.
2135 4624 2245 4680 Alii

594 4695 861 4764 quatuor
905 4691 1158 4748 mss.'et
1211 4696 1466 4763 utraque
1515 4692 1695 4749 editio
1750 4695 1883 4765 Υἱός,
1941 4691 2100 4763 εἶπον,
2155 4700 2250 4748 καὶ.

597 4770 641 4817 Il
649 4767 773 4838 ατὴρ
783 4805 796 4818 .

667 4831 779 4906 (81')
811 4836 952 4916 lte‘g.
989 4831 1210 4916 tertius
1257 4836 1315 4916 et
1365 4832 1530 4916 Colb.
1565 4833 1799 4916 primus
1847 4831 2156 4916 ἰδιότηταςο
2191 4835 2246 4888 ἐκ

595 4903 697 4980 γὰρ
715 4978 726 4980 _
750 4903 1059 4980 πολυλογίας
1101 4903 1194 4957 οὐκ
1217 4975 1227 4980 Δ
1251 4903 1544 4980 ἐκφεύξεται
1566 4903 1827 4980 “ἁμαρτία
1852 4911 2054 4980 λμένων,
2104 4923 2242 4964 nam

597 4975 984 5050 multiloquio
1006 4992 1133 5050 non
1164 4975 1460 5050 vitabitur
1483 4975 1817 5050 peccatum.
1852 4975 2026 5032 Prov.
2058 4994 2118 5043 x,
2158 4984 2245 5050 19.

599 5046 1057 5122 Utraque—editio
1082 5046 1432 5122 simpliciter
1453 5046 1598 5122 utin
1623 5051 1928 5122 contextu.
1952 5051 2065 5104 Nec
2083 5049 2242 5122 enim

599 5118 936 5194 quidquam
969 5118 1327 5194 mutandum
1355 5118 1718 5194 censuimus,
1748 5119 1871 5194 rati
1898 5120 2062 5194 hunc
2095 5121 2246 5194 Scri-

599 5188 791 5266 plura?
816 5192 1022 5266 locum
1049 5191 1314 5266 primum
1353 5190 1416 5246 in
1447 5206 1554 5247 ora
1580 5188 1716 5246 libri
1744 5189 2006 5266 positum
2037 5189 2244 5258 fuisse,

601 5261 658 5344 et
686 5262 906 5388 dleinrle
943 5261 1079 5319 loco
1125 5277 1236 5318 suo
1280 5261 1480 5336 inepte
1510 5266 1766 5331 motum,
1800 5261 1864 5318 in
1900 5265 2246 5318 contextum

601 5347 716 5388 inSt
743 5349 922 5388 uisse.

600 5347 922 5390 111811111888.

673 5407 789 5474 (82)
819 5404 1019 5460 Codex
1062 5403 1236 5462 Coisl.
1271 5409 1327 5461 et
1359 5403 1523 5461 Colb.
1557 5404 1862 5461 secundus
1906 5420 2045 5460 cum
2083 5408 2246 5460 utra-

599 5489 727 5556 que
749 5475 1131 5556 editionem;
1172 5478 1318 5556 Υὶοιξ.
1350 5475 1459 5556 Alii
1488 5476 1758 5556 quinque
1804 5492 1951 5556 mss.
1977 5484 2068 5556 τῆς
2092 5478 2244 5556 ϊὶὁςζ

602 5547 686 5602 sic
715 5549 782 5603 ut
824 5561 945 5604 vox
974 5548 1108 5618 Υἱός,
1139 5547 1308 5620 quod
1339 5547 1530 5620 aiunt,
1559 5547 1679 5607 hoc
1715 5548 1850 5610 loco
1888 5547 2163 5608 absolute
2192 5551 2249 5606 et
2316 5612 2322 5616 ,

1775 4426 1823 4463 ⁶³
1852 4425 2005 4483 Psal.
2038 4442 2210 4498 cxm,
2243 4431 2326 4485 to.

2338 3151 2533 3198 νατοῦ·
2586 3142 2714 3196 ἀλλά
2760 3146 2856 3202 τὴν
2909 3145 3000 3215 μὲν
3054 3144 3210 3215 φύσιν
3265 3147 3369 3195 νόει
3425 3144 3730 3217 θεοπρεπῶς,
3773 3139 3833 3190 τὰ
3865 3131 3917 3187 δὲ

2338 3237 2676 3308 ταπεινότερα
2722 3240 2820 3284 τῶν
2881 3231 3128 3305 ῥημάτων
3177 3228 3344 3302 δέχου
3401 3231 3752 3304 οἰκονομικῶς.
3805 3227 3914 3298 Περὶ

2340 3324 2408 3376 ὧν
2456 3323 2500 3377 εἰ
2553 3321 2932 3396 βουληθείημεν
2981 3321 3030 3374 ἐν
3079 3328 3152 3392 τῷ
3219 3324 3435 3394 παρόντι
3486 3324 3624 3395 πρὸς
3673 3314 3912 3393 ἀκρίϐειαν

2342 3409 2667 3484 διηγεῖσθαι,
2717 3411 2958 3483 λάθοιμεν
3007 3409 3067 3462 ἃν
3121 3410 3330 3470 ἑαυτοὺς
3383 3409 3513 3463 πολύ
3572 3430 3622 3462 τι
3673 3411 3754 3460 καὶ
3799 3402 3912 3455 ἁπέ-

2339 3521 2524 3577 ραντον
2555 3501 2747 3562 πλῆθος
2775 3500 2939 3572 λόγων
2969 3499 3326 3570 ἐπεισάγοντες
3351 3506 3413 3571 τῇ
3447 3500 3712 3552 ὑποθέσει.

2413 3595 2468 3648 3.
2509 3591 2643 3645 Ἀλλ’
2685 3590 2766 3642 ἐπὶ
2822 3592 2880 3642 τὸ
2932 3593 3264 3662 προκείμενον
3308 3589 3616 3662 ἑπανίωμεν.
3658 3593 3770 3638 Ὅτι
3813 3576 3914 3632 διά·

2340 3701 2457 3734 νοια
2497 3683 2527 3738 ἠ
2591 3676 2877 3737 δυνηθεῖσα
2927 3686 3022 3730 τῶν
3060 3697 3114 3730 τε
3139 3677 3325 3729 ὑλικῶν
3373 3679 3697 3752 καθαρεῦσαι
3735 3671 3909 3730 παθῶν,

2343 3775 2434 3825 καὶ
2479 3774 2573 3828 τὴν
2621 3772 2809 3827 νοητὴν
2864 3772 3039 3819 κτίσιν
3096 3770 3205 3831 (84)
3261 3773 3434 3820 πᾶσαν
3487 3765 3798 3823 καταλιπεῖν,
3838 3759 3912 3807 καὶ

2345 3860 2449 3912 οἶόν
2479 3877 2555 3919 τις
2585 3857 2739 3928 ἰχθὺς
2792 3854 2892 3908 ἀπὸ
2937 3863 3026 3908 τοῦ
3077 3853 3245 3928 βυθοῦ
3289 3857 3414 3929 πρὸς
3461 3858 3561 3913 τὴν
3603 3855 3703 3906 ἄνω
3747 3844 3912 3916 ἐπιφά-

2344 3968 2480 4001 νειαν
2525 3946 2895 4012 ἀνανηξασθαι,
2925 3944 2972 3998 ἐν
3024 3953 3094 4016 τῷ
3143 3953 3352 4019 καταρῷ
3401 3952 3492 4004 τῆς
3538 3948 3751 4000 κτίσεως
3786 3949 3913 4006 γενο⁶

2349 4041 2496 4112 μένη,
2535 4036 2638 4089 ἐκεῖ
2685 4035 2869 4106 ὄψεται
2920 4037 2979 4087 τὸ
3030 4040 3240 4106 Πνεῦμα
3290 4036 3348 4086 τὸ
3407 4033 3586 4104 ἅγιον,
3625 4033 3746 4084 ὅπου
3798 4023 3912 4084 Υἱός,

2352 4131 2441 4178 καὶ
2469 4127 2597 4178 ὅπου
2643 4129 2824 4199 Πατὴρ
2848 4124 2984 4195 (85),
3011 4126 3180 4176 πάντα
3211 4126 3333 4196 ἔχον
3359 4127 3448 4175 καὶ
3491 4123 3620 4174 αὐτὸ
3653 4129 3918 4172 σννουσιω-

2356 4218 2511 4289 μένως
2541 4216 2656 4285 (86)
2700 4215 2835 4266 κατὰ
2881 4217 2974 4271 τὴν
3025 4215 3198 4286 φύσιν,
3233 4217 3321 4270 τὴν
3370 4211 3692 4284 ἁγαθότητα,
3717 4208 3802 4261 τήν
3844 4196 3916 4250 εὖ·

2358 4307 2576 4372 θύτητα,
2625 4307 2712 4356 τὸν
2765 4302 3048 4376 ἁγιασμόν,
3105 4307 3200 4360 τὴν
3255 4302 3412 4363 ζωὴν.
3466 4304 3538 4355 T6
3588 4303 3784 4368 Πνεῦμα
3831 4287 3913 4358 γὰρ

2349 4550 2852 4610 indeclinabiliter
2884 4553 3186 4606 sumatur.

2422 4624 2534 4694 (83)
2568 4623 2718 4678 Editi
2746 4619 3075 4694 διαλέγηται,
3109 4627 3180 4694 At
3205 4637 3351 4677 mss.
3388 4617 3822 4694 sex'é‘mls’yarqt.

2422 4672 2536 4767 (si)
2553 4672 3325 4767 gessitet“uidissem};
3339 4672 3496 4748 ’1)ᾉῖ
3530 4672 3910 4767 Wyttenng

2348 4757 2858 4836 legen'dum'esse
2911 4768 3011 4836 τὴν,
3060 4761 3273 4836 ἀνόητον
3316 4768 3508 4818 κτίσιν.
3543 4757 3756 4836 Videtis:
3799 4757 3910 4836 811115

2352 4827 2558 4894 ειῐῖοοῐ.
2583 4837 2665 4911 ad
2691 4835 2954 4911 Platonis
2987 4835 3370 4911 Phaedonem.
3395 4849 3540 4911 pag.
3577 4827 3903 4911 umquam“:

2424 4912 2537 4977 (85)
2568 4907 2754 4962 Editio
2781 4912 3033 4982 utraque
3058 4913 3114 4961 et
3145 4905 3309 4982 Colb.
3347 4901 3910 4982 tertius_o:1ro;_1‘i6;:ff

2353 4964 2479 5032 ὀπὸν
2504 4964 2708 5053 ῄατὴρ.
2735 4978 2844 5053 Alii
2873 4964 2993 5053 duo
3026 4993 3168 5053 r_n__ss.
3198 4977 3436 5053 inverso
3463 4975 3668 5053 ordine
3689 4964 3910 5053 ᾆῖῖφξζῖξξέ

2351 5055 2449 5125 τ-ὴρ
2480 5056 2570 5125 καὶ
2600 5040 2727 5125 ᾄτὲου
2751 5051 2890 5112 Υἱὸς.
2920 5049 2982 5125 In
3010 5048 3140 5125 aliis
3159 5047 3401 5104 duobus
3426 5063 3572 5102 mss.
3596 5040 3818 5100 additur
3835 5040 3910 5083 al"

2353 5121 2571 5178 tidulus
2603 5123 2628 5174 6
2657 5126 2926 5180 Πατὴρ....
2953 5122 2977 5172 6
3005 5122 3139 5180 Υἱός.
3750 5178 3779 5180 ν,

2423 5171 2762 5263 (sesami.
2778 5171 2996 5259 "hstis,
3015 5171 3031 5172 ί
3046 5171 3366 5263 agente...
3407 5188 3700 5263 corrupte.
3745 5171 3909 5263 suae

2355 5250 2533 5320 Ba‘sni
2567 5269 2622 5318 et
2664 5263 2833 5320 Colb.
2883 5250 3120 5332 primus
3167 5250 3230 5316 ἐι·
3267 5262 3405 5330 Reg.
3434 5250 3660 5332 itidem
3708 5250 3908 5332 prii???

2357 5339 2718 5408 συνημμένως,
2750 5320 3142 5403 confunctim,
3172 5347 3293 5408 non
3324 5320 3501 5408 male.
3531 5327 3638 5385 Alii
3658 5320 3908 5408 ,σιμῇ-(ξιξ

2354 5378 3486 5478 mssTZuvoJétLLEng'“ggesémuamer,
3517 5417 3621 5460 seu
3645 5378 3703 5452 i1;
3727 5397 3838 5444 una
3862 5378 3908 5433 εἰ

2354 5478 2555 5536 eadem
2585 5475 2861 5549 essentia,
2893 5475 3356 5548 signiﬁcantius.
