4076 6190
551 258 650 314 471
1492 292 1497 296 -
1932 257 1989 314 S.
2032 257 2281 314 BASILII
2320 258 2538 315 MAGNI
3835 269 3939 324 472

552 380 761 439 dicus:
794 379 902 438 sed
921 385 1160 454 recepto
1190 397 1226 438 a
1256 384 1425 438 Petro
1444 380 1764 451 beneﬁcio,
1790 379 2008 437 saliens
2030 380 2207 453 quasi

2255 384 2284 434 ἃ
2314 380 2414 433 ϐῶν
2443 388 2670 456 χρυσίον
2716 385 2740 436 6
2780 385 2972 457 χωλὸς,
3026 388 3101 437 ἔτι
3153 390 3456 459 προσαίτης
3510 384 3577 445 ἧν
3605 406 3619 420 ⁸
3687 390 3837 463 παρά
3884 387 3939 444 δὲ

554 477 788 542 ϐοτηε,
814 473 1125 543 Deumque
1152 470 1430 542 laudans,
1465 472 1812 529 mendicare
1842 470 2036 527 desiit.
2078 474 2207 526 Non

2314 475 2511 546 Πέτρου
2556 470 2831 546 δεξάμενος
2873 479 2966 533 τὴν
3027 477 3208 547 χάριν,
3266 474 3550 528 ἐπαύσατο
3607 487 3935 551 προσαιτῶν,

553 565 806 620 noverat
832 564 1094 619 Joannes
1114 560 1329 616 mundi
1351 560 1947 634 sapientiam,tamen
1968 576 2074 633 per
2084 561 2209 632 Spi-

2314 559 2584 633 ἁλλόμενος
2626 565 2797 636 ὥσπερ
2835 563 3036 635 ἔλαφος,
3082 569 3172 615 καὶ
3228 564 3378 616 αἰνῶν
3441 568 3539 618 τὸν
3593 569 3753 621 Θεὸν.
3834 568 3939 620 Οὐκ

552 650 703 708 ritus
732 650 1065 723 potentiam
1089 649 1333 721 protulit
1351 649 1557 721 verba,
1575 667 1711 722 quae
1737 649 2209 722 sapientianulla

2313 644 2434 721 ᾔδει
2461 652 2700 711 ³Ιωάννης
2722 655 2816 709 τὴν
2846 659 2937 703 τοῦ
2977 656 3177 725 κόσμου
3230 658 3439 724 σοφίαν,
3491 652 3608 705 ἀλλ’
3661 653 3936 726 ἐφθέγξατο

556 744 757 813 potest
781 737 1194 795 contueri.er
1222 742 1280 795 et
1301 738 1364 795 in
1394 738 1545 795 coelo
1568 739 1865 810 consistit,
1893 744 1948 796 et
1984 743 2208 795 terram

2311 738 2526 810 ῥήματα
2557 748 2619 812 τῇ
2664 736 2883 812 δυνάμει
2912 748 3003 793 τοῦ
3048 744 3346 814 Πνεύματος
3376 745 3522 809 (92),
3585 744 3671 804 οἷς
3720 740 3939 816 οὐδεμία

556 827 839 900 replet.et
858 826 1085 899 ubique
1105 827 1296 895 adest,
1309 843 1421 884 nec
1442 844 1708 901 usquam
1728 828 2082 885 continetur.
2101 830 2209 883 To-

2317 830 2475 898 σοφία
2528 827 2858 900 προσϐλέψαι
2930 826 3170 884 δύναται.
3221 837 3384 882 Τοῦτο
3445 836 3544 883 καὶ
3620 830 3673 883 ἐν
3742 831 3934 905 οὐρανῴ

560 921 654 973 tus
672 916 736 971 in
758 931 1130 988 unoquoque
1149 916 1467 988 inhabitat,
1490 921 1548 974 et
1567 920 1727 973 totus
1758 932 1897 972 cum
1941 920 2060 973 Deo
2098 920 2208 972 est.

2314 916 2520 983 ἔστηκε,
2553 923 2642 970 καὶ
2669 922 2762 976 τὴν
2796 927 2895 990 γῆν
2941 919 3265 993 πεπλήρωκε,
3314 924 3407 972 καὶ
3468 929 3766 992 πανταχοῦ
3814 926 3937 996 πάρ-

560 1005 728 1061 Dona
754 1003 1055 1061 ministrat
1078 1020 1205 1062 non
1225 1006 1703 1062 ministrimore:
1755 1005 1863 1061 sed
1892 1022 2003 1061 sua
2020 1005 2211 1077 ipsius

2316 1023 2450 1077 εστι,
2476 1011 2567 1060 καὶ
2592 1003 2828 1079 οὐδαμοῦ
2865 1013 3188 1081 περιέχεται.
3235 1008 3388 1061 Ὀλον
3457 1009 3677 1082 ἑκάστῳ
3737 1008 3931 1078 ἐνοικεῖ,

560 1092 913 1150 auctoritate
944 1094 1201 1165 partitur
1226 1110 1500 1151 munera.
1541 1094 1762 1151 Dividit
1784 1094 1965 1165 enim,
1993 1094 2207 1167 inquit,

2315 1099 2405 1147 καὶ
2430 1094 2542 1148 ὅλον
2572 1094 2685 1149 ἐστὶ
2715 1098 2845 1168 μετὰ
2899 1105 2990 1150 τοῦ
3035 1106 3189 1152 Θεοῦ.
3240 1098 3315 1151 Οὐ
3361 1098 3759 1173 λειτουργικῶς
3816 1097 3935 1152 δια-

557 1184 1489 1254 peculiariterunicuique,prout
1502 1185 1630 1241 vult
1645 1183 1952 1242 ".Mittitur
1964 1184 2211 1256 quidem

2315 1192 2452 1236 κονεί
2489 1187 2583 1246 τὰς
2627 1182 2847 1260 δωρεὰς,
2894 1185 2998 1239 ἀλλ’
3039 1187 3347 1250 αὑθεντικῶς
3405 1185 3622 1263 διαιρεῖ
3674 1191 3743 1241 τὰ
3774 1194 3933 1263 χαρί-

560 1272 625 1329 in
654 1272 1092 1345 dispensatoris
1106 1273 1480 1330 etceconomi
1500 1273 1784 1333 modum:
1815 1272 1924 1329 sed
1943 1273 2212 1344 agitpro-

2320 1292 2516 1345 σματαο
2607 1281 2806 1349 Διαιρεί
2861 1277 2984 1351 γὰρ,
3062 1282 3241 1348 φησὶν,
3302 1274 3423 1349 ἰδίᾳ
3480 1277 3719 1349 ἑκάστῳ,
3770 1280 3935 1339 καθὼς

560 1359 704 1435 pria‘
718 1366 1031 1434 potestate.
1075 1365 1392 1419 Precemur
1435 1362 1627 1433 illum,
1654 1367 1721 1419 ut
1744 1363 1960 1419 animis
1988 1362 2214 1419 nostris

2322 1360 2585 1434 βούλεται.
2668 1363 3060 1416 Ἀποστέλλεται
3140 1368 3230 1438 μὲν
3305 1367 3689 1439 οἰκονομικῶς,
3759 1365 3938 1441 ἐνεργεῖ

564 1451 737 1513 adsit,
766 1467 878 1507 nec
908 1451 1030 1507 ullo
1059 1456 1330 1524 tempore
1358 1468 1472 1509 nos
1508 1453 1770 1520 deserat,
1810 1467 1919 1524 per
1956 1452 2214 1522 gratiam

2322 1448 2382 1505 δε
2440 1452 2804 1515 αὐτεξουσίως.
2846 1461 3009 1507 Τοῦτο
3064 1463 3303 1529 παρεῖναι
3354 1462 3480 1517 ταῖς
3539 1455 3760 1526 ψυχαῖς
3795 1457 3932 1528 ἡμῶν

562 1539 801 1596 Domini
817 1534 1153 1596 nostriJesu
1174 1541 1420 1598 Christi:
1463 1542 1559 1598 cui
1590 1542 1780 1613 gloria
1809 1546 1868 1599 et
1889 1541 2212 1614 imperium

2321 1539 2603 1614 εὐξώμεθα,
2653 1546 2742 1593 καὶ
2780 1539 2984 1615 μηδένα
3029 1547 3208 1617 καιρὸν
3251 1545 3388 1616 ἡμᾶς
3444 1542 3833 1616 ἀπολιμπάνειν
3885 1542 3932 1594 ἐν

561 1627 627 1684 in
652 1627 875 1685 saecula
901 1628 1283 1688 smeulorum.
1311 1631 1527 1690 Amen.

2320 1632 2510 1705 χάριτι
2538 1638 2629 1684 τοῦ
2660 1636 2855 1705 Κυρίου
2895 1635 3039 1704 ἡμῶν
3071 1632 3249 1691 Ἰησοῦ
3293 1639 3543 1705 Χριστοῦ
3576 1653 3590 1667 ·
3736 1635 3766 1691 ἡ
3807 1628 3931 1694 δόξα

2255 1721 2295 1773 Β
2321 1724 2411 1772 καὶ
2438 1723 2497 1772 τὸ
2522 1722 2709 1793 κράτος
2739 1721 2810 1783 εἰς
2836 1726 2958 1784 τοὺς
2981 1723 3164 1783 αἰῶνας
3194 1729 3293 1775 τῶν
3324 1721 3555 1777 αἰώνων.
3603 1722 3795 1794 Ἀμὴν.

1058 1961 1231 2037 134
1262 1965 1554 2021 HOMILIA
1589 1966 1723 2021 XVI.

2925 1968 3172 2017 ΟΜΙΛΙΑ
3214 1962 3307 2028 Ις”.
3397 2011 3422 2037 ρ

704 2081 780 2138 1η
807 2080 991 2148 illud,
1032 2102 1061 2134 ι(
1081 2082 1154 2138 In
1178 2082 1481 2152 principio
1506 2087 1639 2139 erat
1678 2080 1925 2138 Verbum
1946 2102 1976 2130 ν»
1998 2081 2070 2135 ⁷⁸.

2391 2050 2395 2054 ⁵
2544 2078 2630 2140 Εἰς
2655 2081 2735 2144 τὸ,
2785 2100 2814 2129 ι(
2839 2078 2917 2133 Ἐν
2948 2078 3091 2153 ἀρχῇ
3125 2077 3185 2138 ἧν
3220 2081 3245 2132 6
3276 2083 3450 2153 Λόγος
3473 2101 3505 2131 ››
3555 2079 3701 2152 (93).

638 2203 687 2254 1.
722 2199 930 2254 Omnis
948 2199 1198 2271 quidem
1222 2199 1687 2269 Evangeliorum
1706 2214 1825 2254 vox
1840 2197 2085 2270 reliquis
2104 2196 2214 2252 do-

2395 2200 2446 2254 1.
2486 2200 2643 2248 Πᾶσα
2678 2199 2767 2268 μὲν
2820 2197 2850 2254 ἡ
2893 2203 2993 2247 τῶν
3040 2196 3367 2268 Εὖαγγελίων
3419 2201 3565 2270 φωνὴ
3622 2196 3924 2270 μεγαλοφυε-

564 2288 859 2343 cumentis
891 2303 927 2343 a
954 2287 1172 2360 Spiritu
1219 2288 1450 2343 traditis
1493 2286 1981 2358 magniﬁcentior
2030 2290 2118 2342 est
2161 2289 2218 2342 et

2324 2289 2481 2360 στέρα
2518 2294 2618 2337 τῶν
2648 2285 2858 2341 ,λοιπῶν
2910 2294 3002 2337 τοῦ
3043 2290 3340 2359 Πνεύματος
3394 2283 3775 2359 ὃιδαγμάτων,
3816 2285 3922 2337 καθ’

562 2375 1134 2448 praestantior,quod
1155 2376 1216 2432 in
1238 2377 1330 2432 his
1350 2392 1458 2449 per
1483 2392 1686 2432 servos
1706 2376 2036 2448 prophetas
2055 2375 2215 2430 locu-

2321 2374 2398 2425 ὅτι
2427 2373 2475 2425 ἐν
2506 2373 2714 2436 ἐκείνοις
2743 2376 2833 2447 μὲν
2874 2371 2966 2426 διὰ
2994 2383 3092 2426 τῶν
3144 2372 3340 2428 δούλων
3388 2377 3521 2448 ἡμῖν
3572 2375 3792 2432 ἐλάλησε
3830 2381 3921 2427 τῶν

562 2467 660 2520 tus
682 2464 760 2520 sit
780 2464 858 2520 ad
878 2465 1079 2533 uos,in
1096 2465 1431 2535 Evangeliis
1457 2478 1599 2521 vero
1629 2465 1916 2521 Dominus
1937 2466 2066 2537 ipse
2108 2480 2217 2537 per

2320 2472 2614 2537 προφητῶν,
2667 2462 2713 2515 ἐν
2781 2459 2839 2515 δὲ
2908 2470 3014 2524 τοῖς
3087 2463 3426 2536 Εὐαγγελίοις
3506 2464 3921 2539 αὖτοπροσώπως

564 2568 627 2609 se
650 2566 760 2609 nos
786 2553 1083 2610 allocutus
1107 2554 1199 2611 sit.
1217 2555 1332 2612 Sed
1351 2555 1456 2627 qui
1476 2555 1629 2611 inter
1648 2555 1813 2627 ipsos
1835 2552 2215 2623 evangelicos

2322 2547 2569 2622 διελέχθη
2603 2554 2727 2623 ἡμῖν
2754 2550 2779 2602 ὀ
2818 2555 3099 2614 Δεσπότης.
3154 2552 3324 2605 Αὐτοῦ
3382 2572 3443 2625 γε
3483 2557 3591 2625 μὴν
3640 2559 3732 2604 τοῦ
3786 2551 3921 2622 εὐαγ-

563 2660 874 2717 Ρτωοοοοε
905 2644 1324 2701 vocalissimus
1362 2648 1469 2716 est,
1517 2645 1743 2717 quique
1791 2643 2001 2701 auditu
2047 2643 2214 2699 omni

2319 2640 2523 2713 γελικοῦ
2576 2644 2912 2714 κηρύγματος
2961 2643 2985 2693 6
3029 2641 3545 2715 μεγαλοφωνότατος,
3598 2646 3690 2694 καὶ
3755 2643 3918 2700 πάσης

563 2732 824 2802 majora.
857 2738 915 2789 et
941 2733 1331 2805 intelligentia
1370 2734 1537 2789 omni
1570 2733 1783 2790 altiora
1828 2733 2065 2789 locutus
2105 2737 2211 2796 est,

2318 2733 2408 2803 μὲν
2463 2729 2622 2793 ἀκοῆς
2668 2732 2903 2803 μείζονα,
2962 2734 3138 2794 πάσης
3185 2728 3243 2784 δὲ
3311 2728 3563 2795 διανοίας
3636 2731 3918 2805 ὑψηλότερα

559 2822 820 2876 Joannes
832 2821 1045 2890 est,ille
1056 2822 1301 2877 tonitrui
1316 2821 1396 2877 ﬁli
1405 2823 1677 2893 us,cujus
1692 2822 2215 2878 audivimusexor-

2321 2819 2685 2892 φθεγξάμενος,
2742 2819 2984 2882 Ἰωάννης
3032 2819 3193 2888 ἐστὶν,
3245 2840 3271 2873 ο
3329 2824 3448 2883 υἱὸς
3500 2829 3597 2883 τῆς
3656 2819 3868 2894 βροντῆς
3901 2839 3912 2851 ⁸

560 2907 924 2981 dium,quod
942 2925 1013 2965 ex
1026 2910 1334 2979 Evangelii
1349 2910 1733 2967 librolectum
1751 2915 1867 2966 est:
1890 2912 1962 2967 In
1978 2913 2210 2980 princi-

2320 2909 2380 2961 οὗ
2443 2912 2501 2961 τὸ
2554 2914 2824 2983 προοίμιον
2879 2917 2974 2971 τῆς
3024 2908 3362 2981 εὖαγγελικῆς
3439 2918 3755 2983 συγγραφῆς
3804 2910 3914 2981 ἄρτι

553 2998 659 3068 pio
689 3008 817 3055 erat
851 3000 1119 3065 Verbum,
1152 3006 1206 3056 et
1247 3000 1500 3056 Verbum
1534 3006 1665 3057 erat
1696 3001 1862 3070 apud
1899 3007 2101 3069 Deum,
2155 3006 2208 3057 et

2255 2994 2292 3048 Ο
2321 2995 2642 3070 ἁναγνωσθὶν
2691 2999 3024 3071 ἠκούσαμενθ
3085 2998 3165 3051 Ἐν
3214 2997 3358 3072 ἀρχῇ
3410 2996 3473 3058 ἧν
3523 3000 3550 3051 6
3600 3002 3785 3070 Λόγος,
3830 2999 3911 3048 καὶ

559 3088 719 3144 Deus
739 3093 869 3144 erat
900 3088 1233 3144 Verbum".
1288 3089 1433 3146 Novi
1462 3089 1685 3146 multos
1716 3106 1788 3145 ex
1818 3090 1888 3146 iis
1905 3090 2083 3146 etiam
2106 3092 2211 3162 qui

2320 3088 2345 3139 6
2394 3090 2562 3158 Λόγος
2593 3083 2654 3144 ἧν
2713 3089 2835 3159 πρὸς
2890 3088 2978 3138 τὸν
3034 3089 3181 3153 Θεὸν,
3219 3090 3307 3138 καὶ
3354 3090 3487 3148 Θεὸς
3543 3084 3605 3145 ἦν
3662 3088 3687 3138 6
3735 3089 3910 3155 Λόγος.

562 3192 599 3232 a
619 3177 883 3233 veritatis
911 3177 1187 3234 doctrina
1215 3178 1392 3235 alieni
1424 3185 1584 3245 sunt,
1612 3180 1838 3252 quique
1863 3179 1937 3235 de
1967 3181 2211 3252 sapien-

2318 3183 2495 3229 Ταῦτα
2516 3172 2638 3228 οἶδα
2665 3175 2887 3237 πολλοὺς
2922 3181 3011 3227 καὶ
3043 3184 3142 3227 τῶν
3182 3176 3276 3238 ἔξω
3326 3184 3424 3228 τοῦ
3463 3176 3620 3248 λόγου
3664 3182 3758 3247 τῇς
3801 3171 3912 3227 ἁλη-

560 3265 644 3321 tia
665 3266 979 3322 mundana
1010 3266 1364 3339 gloriantur,
1389 3268 1519 3323 haec
1546 3273 1603 3324 et
1621 3268 1953 3325 admiratos
1983 3286 2135 3339 esse,
2154 3273 2213 3325 et

2322 3266 2460 3327 θείας
2488 3268 2622 3337 μέγα
2673 3268 2989 3338 φρονούντων
3038 3263 3121 3317 ἐπὶ
3171 3270 3327 3337 σοφίᾳ
3376 3273 3612 3338 κοσμικῇ
3659 3267 3747 3316 καὶ
3802 3263 3913 3314 θαν-

563 3354 797 3426 scriptis
837 3355 957 3410 suis
986 3355 1251 3412 inserere
1281 3374 1466 3414 ausos
1495 3358 1698 3415 fuisse.
1755 3361 1866 3414 Fur
1908 3363 1996 3414 est
2046 3359 2210 3415 enim

2317 3356 2608 3426 μάσαντας,
2671 3358 2762 3406 καὶ
2818 3360 2927 3414 τοῖς
2994 3352 3185 3406 ἑαυτῶν
3274 3357 3643 3428 συντάγμασιν
3711 3350 3910 3422 ἐγκατα-

562 3441 845 3498 diabolus
864 3455 889 3516 ,'
933 3460 1004 3500 ac
1025 3450 1251 3511 nostra,
1284 3462 1420 3502 cum
1442 3446 1790 3503 fabularum
1819 3452 2093 3504 narrator
2113 3448 2208 3518 sit,

2320 3443 2471 3515 μίξαι
2519 3444 2633 3515 (94)
2689 3442 3070 3516 τολμήσαντας,
3132 3442 3369 3506 Κλέπτης
3425 3446 3529 3516 γὰρ
3588 3444 3615 3494 6
3663 3437 3905 3502 διάϐολος,

563 3531 642 3587 ad
668 3548 809 3587 suos
837 3537 1007 3589 vates
1029 3534 1400 3600 eﬁertﬂuod
1422 3535 1474 3591 si
1495 3535 1753 3593 carnalis
1770 3536 2066 3610 sapientia
2084 3553 2213 3593 ver-

2320 3536 2410 3584 καὶ
2456 3533 2524 3584 τὰ
2568 3535 2794 3606 ἡμέτερα
2840 3531 3194 3605 ἐκφερομυθῶν
3237 3534 3366 3607 πρὸς
3413 3536 3540 3594 τοὺς
3586 3532 3767 3593 ἑαυτοῦ
3796 3529 3908 3579 ὑπο-

560 3620 783 3678 borum
811 3621 931 3677 vim
955 3626 1267 3695 tantopere
1296 3630 1385 3681 est
1421 3624 1742 3693 admirata,
1775 3626 1924 3698 quid
1952 3642 2063 3682 nos
2083 3626 2213 3699 Spi-

2325 3627 2510 3694 φὴτας.
2569 3621 2629 3674 Εἰ
2680 3617 2767 3674 οὖν
2818 3622 2849 3680 ἡ
2904 3625 3122 3693 σαρκίνη
3158 3625 3317 3693 σοφία
3363 3628 3617 3674 τοσοῦτον
3667 3617 3908 3687 ἐθαύμασε

560 3711 710 3767 ritus
737 3711 1015 3784 discipuli
1043 3712 1382 3770 faciemus?
1423 3714 1700 3771 Obiterne
1758 3715 2099 3784 audiemus,
2156 3722 2215 3773 et

2322 3706 2423 3762 τῶν
2474 3711 2721 3784 ῥημάτων
2768 3714 2861 3768 τὴν
2904 3707 3147 3783 δύναμιν,
3196 3715 3244 3761 τί
3282 3716 3589 3782 ποιήσωμεν
3611 3708 3731 3777 (95)
3774 3706 3908 3774 ἡμεῖς

562 3798 844 3870 exiguam
874 3801 1209 3872 quamdam
1235 3803 1354 3858 vim
1381 3802 1444 3858 in
1491 3803 1576 3859 eis
1623 3804 1820 3859 inesse
1854 3804 2217 3861 existimabi-

2325 3801 2374 3850 οἱ
2402 3800 2636 3871 μαθηταὶ
2666 3806 2757 3851 τοῦ
2806 3801 3122 3871 Πνεύματος,
3169 3796 3252 3849 ἐὰν
3300 3804 3576 3872 παρέργως
3627 3793 3904 3862 ἀκούσωμεν

562 3889 742 3944 mus?
771 3889 985 3961 Ecquis
1006 3890 1086 3945 ita
1107 3891 1385 3962 stupidus
1400 3891 1708 3964 fuerit,qui
1729 3897 1958 3948 tantam
1983 3898 2216 3949 senten-

2326 3892 2416 3940 καὶ
2464 3891 2654 3963 μικρὰν
2708 3907 2826 3941 τινα
2867 3892 2960 3946 τὴν
3014 3886 3418 3961 ἐνυπάρχουσαν
3472 3887 3650 3946 αὐτοῖς
3704 3878 3903 3949 δύναμιν

563 3976 657 4033 tiae
694 3976 1208 4048 pulchritudinem
1244 3983 1489 4052 tamque
1542 3980 2217 4052 incomprehensibilem

2329 3972 2457 4028 εἶναι
2485 3976 2815 4050 λογισώμεθα
2842 3994 2855 4043 ;
2918 3980 3018 4030 Καὶ
3046 3980 3122 4037 τίς
3152 3977 3311 4036 οὕτως
3342 3974 3692 4032 ἀναισθησίαν
3736 3973 3899 4028 νοσῶν»

564 4064 921 4135 dogmatum
937 4066 1312 4123 altitudinem
1326 4083 1446 4123 non
1462 4068 1739 4139 miretur;
1773 4086 1884 4125 nec
1896 4087 2104 4126 veram
2123 4086 2219 4127 eo-

2330 4066 2464 4117 ὦστε
2486 4072 2719 4117 τοιοῦτον
2741 4066 2856 4137 (96)
2904 4064 3086 4126 κάλλος
3135 4063 3326 4125 ἐννοίας
3367 4068 3457 4117 καὶ
3507 4062 3669 4136 βάθος
3716 4053 3902 4126 δογμά-

563 4169 700 4209 rum
721 4155 1326 4228 comprehensionem
1338 4172 1450 4211 con
1460 4157 2017 4229 cupiscat?Atenim
2032 4158 2221 4214 admi-

2328 4173 2429 4207 των
2477 4155 2637 4217 οὕτως
2691 4152 2954 4226 ἀνέφικτον
3012 4159 3083 4226 μὴ
3151 4153 3278 4225 οὐχὶ
3344 4151 3754 4221 καταπλαγῆναι,
3824 4141 3901 4191 καί

563 4244 683 4298 rari
700 4244 955 4315 pulchra
972 4244 1213 4302 difﬁcile
1230 4261 1353 4301 non
1376 4250 1491 4301 est:
1517 4227 1622 4302 sed
1649 4263 1721 4303 ea
1749 4263 1884 4319 quae
1911 4247 2219 4304 admirati-

2329 4242 2656 4316 ἐπιθυμῆσαι
2707 4243 2873 4295 αὐτῶν
2913 4251 3008 4304 τῆς
3060 4241 3285 4304 ἀληθοῦς
3336 4239 3711 4309 καταλήψεως;
3766 4227 3901 4328 Ἀλξά

565 4333 667 4387 oni
687 4332 851 4388 fuere
871 4334 1129 4406 perfecte
1149 4336 1494 4405 intelligere,
1510 4336 1625 4392 hoc
1647 4336 1910 4393 arduum
1932 4342 2022 4393 est
2037 4343 2218 4410 atque

2255 4341 2297 4395 D
2328 4336 2430 4407 ’γὰρ
2456 4333 2584 4404 οὐχὶ
2620 4336 2679 4385 τὸ
2717 4334 2987 4405 θαυμάσαι
3024 4334 3091 4384 τὰ
3118 4332 3252 4383 καλὰ
3291 4328 3570 4394 δύσκολον,
3608 4324 3730 4377 ἀλλὰ
3763 4322 3816 4371 τὸ
3859 4322 3899 4365 ὲν

566 4420 937 4493 perdifﬁcile.
976 4426 1127 4481 Nam
1149 4429 1203 4481 et
1224 4424 1412 4481 solem
1436 4426 1600 4482 hUnc
1639 4426 1988 4483 sensibilem
2037 4443 2218 4485 nemo

2330 4421 2534 4495 ἀκριϐεῖ
2596 4426 2908 4480 κατανοήσει
2978 4422 3217 4492 γενέσθαι
3317 4429 3419 4473 τῶν
3507 4412 3894 4495 θαυμασθέντα-»ν’

568 4510 784 4582 estqui
804 4526 929 4567 non
947 4512 1180 4570 laudet:
1221 4514 1722 4588 quandoquidem
1743 4517 1875 4588 ejus
1920 4518 2219 4586 magnitu-

2328 4518 2480 4564 τοῦτο
2524 4510 2753 4582 χαλεπὸν
2801 4514 2892 4563 καὶ
2943 4506 3277 4581 δυσέφικτον.
3330 4508 3475 4562 Ἐπεὶ
3529 4508 3619 4556 καὶ
3662 4502 3745 4552 τὸν
3774 4493 3897 4552 ἣλιον

569 4600 710 4657 dine
748 4603 807 4658 et
851 4585 1273 4673 puchritudine
1321 4610 1379 4661 et
1425 4585 1737 4662 radiorum
1775 4585 2116 4679 aequalitate
2163 4609 2220 4663 et

2327 4608 2502 4655 τοῦτον
2557 4603 2643 4653 τὸν
2688 4599 2939 4658 αἰσθητὸν
2969 4594 3146 4661 οὐδεὶς
3204 4600 3294 4671 μέν
3346 4596 3487 4651 ἔστιν
3532 4594 3582 4654 ὂς
3619 4588 3719 4661 οὐχ
3765 4585 3897 4651 ὑπερο

643 4745 737 4800 ⁷³1
770 4747 901 4803 Cor.
931 4760 1036 4815 xu,
1071 4750 1157 4803 11.
1232 4749 1471 4805 "Joan.
1504 4766 1545 4818 ι,
1583 4753 1629 4804 1.
1706 4750 1756 4784 ⁷⁵
1784 4749 1934 4806 ibid.

646 4894 760 4957 (92)
790 4889 1215 4966 Regxprimus
1270 4894 1327 4947 et
1370 4890 1535 4966 Colb.
1587 4891 1793 4966 itidem
1836 4891 1941 4945 ἀλλ’
1991 4889 2110 4966 ᾔδει
2155 4895 2222 4945 τὰ
2331 4914 2423 4951 νην
2450 4871 3889 4965 Eia-ﬂauaminprincipiumEvangeliisecundum

571 4962 783 5044 ῥήματα
795 4970 868 5044 ,τῆ
881 4958 903 5024 ξ
917 4958 1303 5044 ξυνάμεωςτοῦ
1323 4965 1755 5044 Πνεύματος,εείί
1773 4958 2023 5044 nouerat
2044 4966 2221 5020 verba

2331 4958 2678 5044 αοςιητιιῗνθιοη
3319 5007 3321 5010 ν

571 5024 857 5110 potentia:
904 5024 1419 5110 Spiritus,_quam
1455 5024 1842 5110 scripturam
1871 5036 2221 5110 judicamus

2407 5039 2518 5110 (94)
2547 5034 2789 5101 Antiqui
2821 5038 2939 5110 tres
2967 5031 3102 5110 libri
3133 5031 3500 5110 ἐγκαταμίξῃ·
3531 5024 3889 5110 Alinas/52$?

573 5081 821 5177 quidem
842 5081 1091 5174 honrem,
1121 5081 1223 5161 se’d
1239 5081 1454 5161 iamen
1494 5123 1565 5162 ea
1591 5081 1725 5161 1non
1764 5081 2007 5171 utimur,
2057 5107 2224 5178 quod
2334 5081 2782 5178 τάξαιίῐλιτειεῇιρ
2797 5105 2975 5160 editio
2997 5081 3539 5178 οιΟοΙἹ).ςθὲιιιιόιιε
3562 5081 3885 5178 amicitiai“

574 5157 760 5252 Eausa
789 5179 957 5233 nulta
983 5178 1055 5234 sit
1071 5157 2225 5252 curvulgatamutetur,praesertimicum
2336 5157 2599 5252 quarum
2621 5157 2943 5233 le6tiouum
2967 5174 3470 5252 omniumeadcm
3493 5157 3878 5252 est'seiitelﬁl:

573 5245 771 5318 ipsam
795 5266 940 5305 mss.
962 5248 1133 5305 multi
1153 5236 1451 5305 tueantur.
1719 5236 1761 5250 ’³

2356 5236 2377 5252 ³
2410 5250 2635 5319 (95)Sic
2670 5265 2817 5302 mss.
2850 5253 3128 5319 (Nalm)?-
3159 5246 3303 5319 Nili
3334 5236 3886 5319 πθιὴσομεν·’,·.άκ⁰ί²ἵῗί

648 5319 768 5394 (93)-
787 5321 879 5375 Sic
904 5337 1046 5394 mss.
1070 5320 1375 5394 nonnulli.
1402 5320 1519 5394 Alii
1540 5319 1664 5394 duo
1704 5320 1775 5381 εἰς
1804 5324 1861 5372 τὸ
1892 5322 2028 5394 κατὰ
2052 5320 2225 5394 ’Ἰωάν-

2338 5306 3121 5394 yss...[loyce-651392.ilbidem
3152 5317 3418 5394 quinque
3456 5306 3610 5394 mss,
3645 5306 3722 5353 ἐὰν
3773 5306 3887 5358 παρ·

574 5385 665 5467 νην
705 5389 1032 5462 new/7am,
1056 5392 1119 5446 in
1149 5393 1534 5467 Evangelium
1563 5393 1837 5467 Joannis,
1883 5391 1988 5463 qui
2026 5391 2225 5467 titulus

2338 5385 2493 5467 ργως,
2526 5385 2854 5467 Voculae/Iv
2882 5389 2941 5443 in
2971 5385 3652 5467 vulgatisdesiderauit;=
3678 5441 3706 5467 Δ,

571 5456 752 5535 Ῑοηϐβ
782 5448 1217 5535 Οῷὶηῑῃθῇίθιιὶο
1239 5448 1580 5535 conveniret
1606 5448 2229 5535 magis,'qﬁambrevi
2338 5448 2347 5467 ’
2378 5448 2523 5534 ’(67)
2564 5461 2709 5516 l-lditi
2735 5464 2801 5523 ὡς
2832 5448 3107 5513 τοιουτονί
3141 5458 3381 5531 Antiqui
3404 5469 3501 5510 sex
3528 5448 3655 5505 libri
3676 5448 3815 5491 ὣστε·

575 5529 857 5588 orationi.
891 5533 1079 5589 Editio
1111 5536 1297 5591 Paris.
1328 5534 1399 5597 εἰς
1428 5540 1520 5593 τὴν
1547 5529 1739 5609 ἀρχήἷ
1752 5529 1843 5587 τοῦ
1866 5529 2009 5587 κατὰ
2047 5534 2225 5588 Ἰωάν-
