4076 6190
220 280 305 334 m
927 274 1222 332 HOMILIA
1253 275 1322 331 IN
1354 240 1583 338 lLLUD,
1616 269 1707 327 IN
1733 268 2154 328 PRINCIPIO
2177 271 2336 330 EBA
2352 273 2404 329 Τ
2437 272 2781 331 VERBUM

3425 272 3526 332 474

218 408 398 468 cummi,
445 403 503 453 1'6
545 401 751 473 μέθγεος
797 399 958 453 αὐτοῦ
1011 404 1101 453 καὶ
1158 404 1218 453 1'6
1266 399 1469 466 κάλλος,
1529 402 1618 450 καὶ
1664 404 1751 448 τῶι

1879 396 2196 468 splendida
2210 397 2341 454 luce
2363 413 2731 470 magnopere
2745 397 3094 455 delectatur.
3111 402 3387 457 Attamen
3405 399 3528 456 siin

217 490 398 543 ἀκτίνων
443 494 537 548 τὴν
583 494 923 562 συμμετρίαν,
978 495 1068 543 καὶ
1121 493 1180 543 1'6
1231 487 1547 543 ἀποστίλϐον
1607 486 1766 538 αὐτοῦ

214 588 296 652 φῶς
348 578 796 651 κατασπαζόμενος
874 581 1002 646 (97)·
1084 578 1167 631 ἐὰν
1242 584 1417 652 μέντοι
1474 577 1767 651 βιαιότερον

212 669 505 740 φιλονεικήσῃ
564 676 629 739 τῷ
686 667 857 739 κύκλῳ
916 666 1203 742 ἁντεξάγειν
1271 668 1454 721 ἑαυτοῦ
1505 668 1599 726 τὰς
1666 672 1765 717 τῶν

210 757 418 829 ὀμμάτων
474 755 651 829 βολὰς,
706 757 765 809 οὗ
796 761 950 831 μόνον
978 758 1035 810 οὐ
1065 757 1353 829 κατόψεται
1380 759 1447 809 τὰ
1474 757 1764 827 περισπού-

210 842 370 914 δαστα,
448 843 576 897 ἀλλά
637 850 728 898 καὶ
791 851 887 907 τὴν
945 845 1200 921 ἐκρίϐειαν
1236 856 1333 908 τῆς
1382 845 1545 916 ὄψεως
1592 862 1763 920 προσ-

209 931 476 1007 διαφθείρας
525 934 825 1007 οἰχήσεται.
872 941 1115 989 Τοιοῦτόν
1144 942 1197 989 τί
1225 956 1316 1010 μοι
1346 933 1485 989 δοκῶ
1511 939 1604 993 τὴν
1636 931 1671 987 δ
1677 936 1762 987 12'-

204 1043 314 1075 νοιαν
359 1024 605 1095 πάσχειν,
662 1029 759 1084 τὴν
814 1025 1199 1098 φιλονείκοῦσαν
1255 1024 1444 1099 ἀκριϐῆ
1496 1025 1762 1077 ποιεῖσθαι

202 1120 280 1163 τῶν
326 1118 661 1185 προκειμένων
716 1115 965 1188 ῥημάτων
1019 1121 1113 1174 την
1164 1115 1415 1178 ἐξέτασιν.
1478 1112 1756 1188 Ἐνῗὰρχῇ

202 1197 488 1273 ᾔνόΛόγος.
559 1207 651 1265 Τίς
702 1202 930 1262 ἐννοησει
969 1202 1128 1268 ἀξίως
1157 1206 1223 1257 τὰ
1251 1209 1367 1278 περὶ
1410 1212 1505 1266 τῆς
1535 1200 1711 1278 ἆρχῆς
1743 1229 1758 1281 ;

198 1295 303 1342 Ποία
344 1290 589 1364 ῥημάτων
644 1287 867 1365 δύναμις
925 1295 1104 1367 εὑρεθῇ
1179 1293 1441 1367 ὁμοτίμως
1499 1290 1757 1366 δυναμένη

196 1387 499 1451 παραστῆσαι
554 1383 614 1433 1'6
641 1383 826 1439 νοηθέν
858 1397 872 1447 ;
905 1382 1112 1435 Μέλλων
1143 1379 1502 1457 παραδιδόναι
1532 1384 1655 1455 ἡμῖν
1694 1385 1760 1435 τὰ

196 1471 287 1541 τερὶ
334 1476 426 1530 τῆς
469 1469 737 1540 θεολογίας
783 1478 877 1523 τοῦ
928 1475 1052 1524 Υίοῦ
1082 1479 1171 1524 τοῦ
1194 1479 1348 1537 Θεοῦ,
1382 1468 1628 1544 οὐδεμίαν
1660 1469 1757 1547 ἆρ-

194 1559 277 1625 χὴν
328 1556 478 1615 ἀλλην
539 1566 612 1629 τῷ
668 1559 805 1631 λόγῳ
856 1559 887 1619 ἣ
938 1563 1031 1617 τὴν
1061 1559 1236 1634 ἀρχὴν
1260 1568 1359 1613 τῶν
1389 1560 1515 1613 ὃλων
1547 1557 1753 1616 ἔδωκεν.

1874 484 2065 558 ipsius
2076 485 2285 542 orbem
2307 486 2621 543 oculorum
2642 486 2890 542 obtutus
2912 488 3094 557 ﬁgere
3114 489 3529 548 vehementius

1876 574 2270 643 contenderit,
2303 592 2426 631 non
2457 575 2653 631 solum
2686 580 2967 648 exoptata
2994 577 3233 633 visurus
3253 593 3377 633 non
3400 581 3525 643 est;

1874 663 1981 718 sed
1994 653 2157 720 visus
2171 664 2348 721 etiam
2361 665 2762 735 integritatem
2775 671 3142 737 corrumpet.
3154 666 3289 723 Tale
3300 665 3529 741 aliquid

1873 751 2128 808 arbitror
2153 753 2423 809 accidere
2454 754 2636 809 menti
2660 752 2732 825 ei,
2782 769 2919 826 quae
2977 755 3313 811 accuratius
3361 771 3527 812 scru-

1872 841 1983 897 tari
1999 847 2251 898 conatur
2269 842 2399 898 haec
2416 843 2598 899 verba
2626 860 2639 898 :
2666 844 2738 899 In
2760 844 3060 913 principio
3081 850 3212 900 erat
3248 845 3524 901 Verbum.

1872 930 2013 995 Quis
2042 947 2178 1004 quis
2207 932 2285 988 ad
2314 932 2679 1005 principium
2711 937 3005 1005 spectant,
3027 937 3092 989 ut
3111 949 3224 1005 par
3243 938 3336 990 est
3357 933 3527 990 intel-

1866 1017 2051 1089 liget?
2078 1022 2369 1086 Quacnam
2398 1022 2724 1077 verborum
2753 1022 2839 1077 vis
2862 1021 3219 1093 inveniatur,
3245 1038 3384 1095 quas
3412 1038 3523 1095 pro

1868 1110 1950 1164 rei
1981 1108 2268 1178 dignitate
2298 1110 2759 1183 possitcogitata
2780 1111 3113 1183 exprimere
3131 1112 3159 1167 ‘I
3175 1111 3523 1168 Traditurus

1867 1196 2042 1253 nobis
2054 1199 2319 1254 Joannes
2347 1214 2482 1271 quas
2501 1199 2577 1254 ad
2604 1198 2968 1268 theologiam
2988 1198 3110 1254 Filii
3133 1200 3231 1255 Dei
3251 1200 3521 1267 attinent,

1865 1285 2100 1343 nullum
2130 1286 2297 1344 aliud
2318 1287 2608 1344 orationis
2635 1288 2950 1345 exordium
2992 1287 3107 1343 nisi
3157 1288 3521 1361 principium

1864 1375 2292 1458 universorum
2306 1377 2587 1449 praetulit.
2614 1377 2865 1449 Spiritus
2885 1381 3133 1433 sanctus
3147 1381 3395 1434 noverat
3414 1376 3521 1449 qui

1864 1469 2066 1520 essent
2095 1464 2363 1521 adorturi
2395 1465 2690 1536 Unigeniti
2710 1464 2965 1536 gloriam
2990 1481 3003 1520 :
3031 1465 3391 1537 praividerat
3417 1466 3523 1538 qui

1864 1557 2070 1608 essent
2116 1553 2291 1609 nobis
2346 1554 2640 1624 objecturi
2688 1554 3085 1626 sophismata,
3131 1570 3267 1626 quae
3295 1552 3411 1626 ipsi
3442 1553 3523 1610 ad

195 1642 317 1716 ᾘδιι
344 1649 453 1714 (98)
483 1651 608 1710 τοὺς
639 1648 1009 1722 ἐπιφυομένους
1032 1632 1103 1723 τῇ-
1130 1632 1258 1724 δόξῃ
1292 1658 1385 1704 τοῦ
1441 1658 1751 1723 Μονογενοῦς

1865 1641 2307 1699 subvertendos
2330 1643 2637 1699 auditores
2660 1644 3118 1714 excogitassent.
3142 1642 3523 1712 Nimirum,Si

193 1738 235 1785 τὸ
282 1741 475 1808 Πνεῦμα
527 1740 592 1790 τὸ
648 1738 816 1811 ἅγιονο
869 1736 1095 1813 πρόὴδει
1148 1744 1268 1803 τοὺς
1313 1740 1588 1813 μέλλοντας
1630 1742 1756 1814 ἡμῖν

193 1827 419 1899 προφέρειν
465 1829 532 1879 τὰ
589 1828 916 1901 σοφίσματα,
969 1832 1036 1881 τὰ
1101 1827 1185 1882 ἐπὶ
1237 1837 1573 1905 καταστροφῇ
1655 1838 1756 1883 τῶν

194 1909 441 1967 ἆκουόντων
507 1916 693 1979 αὐτοῖς
770 1922 1188 1992 μεμηχανημένα
1264 1920 1399 1990 (99).
1466 1918 1605 1988 Ὀτι,
1696 1922 1757 1973 Εἰ

194 1998 411 2071 ἔνετιιήθη,
474 2004 575 2057 οὐκ
632 2003 716 2065 ἦν’
765 2012 876 2074 καί,
928 2011 1035 2080 Πρὸ
1062 2016 1156 2061 τοῦ
1183 2011 1510 2080 γεννηθῆναιο
1538 2008 1632 2061 οὐκ
1670 2006 1754 2069 ἧνο

242 2094 251 2103 .
314 2090 325 2106 ,
486 2094 501 2111 ,
626 2098 645 2111 ..
936 2098 950 2111 .
1012 2101 1020 2112 .

191 2108 271 2155 και,
325 2092 392 2154 Εξ
442 2114 539 2146 ουκ
612 2115 771 2148 οντων
800 2101 890 2155 τὴν
927 2116 1219 2150 υποστασιν
1239 2096 1405 2154 ἔλαϐε.
1437 2098 1666 2151 Τοιαῦτα
1696 2095 1756 2152 δὲ

192 2181 453 2252 φθέγγονται
523 2183 774 2255 γλῶσσαι
854 2186 1164 2259 ἠκονημέναι
1221 2184 1316 2240 διὰ
1384 2188 1755 2260 πιθανολογίας

190 2268 286 2343 ὑπὲρ
323 2278 489 2324 πᾶσαν
546 2276 831 2348 μάχαιραν
880 2273 1151 2348 δίστομον.
1196 2275 1307 2330 Ἰνα
1351 2281 1521 2329 τοίνυν
1564 2275 1753 2350 μηδενὶ

187 2355 315 2427 λέγειν
361 2361 443 2434 ἐξῇ
501 2365 576 2416 τὰ
628 2371 869 2432 τοιαῦτα,
914 2364 1173 2439 προλαϐόν
1195 2370 1254 2418 τό
1287 2372 1495 2439 Πνεῦμα
1518 2370 1578 2420 1'6
1604 2368 1752 2439 ἅγιον

188 2442 257 2498 διὰ
277 2458 356 2501 τοῦ
382 2451 728 2525 Εὗαγγελίου,
763 2453 843 2508 Ἐν
896 2452 1062 2528 ἀρχῇ,
1112 2458 1288 2527 φησὶν,
1348 2453 1409 2515 ἦν
1476 2458 1501 2509 6
1559 2460 1749 2529 Λόγος.

189 2531 279 2620 θεάν
330 2549 521 2613 κρατῇς
579 2545 777 2601 ταύτην
824 2548 919 2602 τὴν
971 2548 1160 2616 φωνὴν,
1204 2541 1356 2597 οὐδὲν
1384 2544 1443 2597 οὗ
1473 2550 1546 2619 μὴ
1578 2548 1751 2620 πάθῃς

189 2618 321 2677 δεινόν
369 2634 511 2704 παρὰ
572 2639 674 2683 τῶν
726 2636 1074 2705 κακοτέχνων.
1109 2632 1226 2686 Ἐὰν
1252 2636 1354 2710 γὰρ
1384 2618 1508 2709 λέγῂ
1541 2618 1748 2703 ἐκεῖνος,

182 2712 226 2763 Εἰ
258 2713 505 2786 ἐγεννήθη,
563 2719 660 2772 οὐκ
724 2717 806 2779 ἦν⁸
865 2726 930 2774 σὺ
984 2722 1109 2795 εἰπὲ,
1146 2722 1226 2776 Ἐν
1257 2722 1398 2797 ἀρχῇ
1441 2725 1523 2783 ἠν.
1573 2724 1747 2792 Ἀλλὰ,

185 2808 299 2870 φησὶ,
350 2811 466 2878 πρὶν
522 2808 566 2867 ἦ
621 2811 933 2880 γεννηθῆναι
980 2812 1055 2882 (1)
1108 2819 1219 2876 πῶς
1249 2809 1309 2871 ἦν
1352 2816 1460 2880 ;Σύ
1511 2818 1583 2886 μὴ
1616 2812 1754 2887 ἀφῇς

181 2894 241 2954 τὸ,
287 2892 391 2946 Ἥν⁶
458 2902 535 2969 μὴ
617 2898 912 2972 καταλίπῃς
962 2903 1042 2967 τὸ,
1106 2902 1186 2954 Ἐν
1240 2899 1408 2976 ἀρχῇ.
1466 2903 1672 2978 Ἀρχῆς
1718 2906 1748 2963 ἦ

1864 1731 2103 1800 genitus
2143 1735 2252 1798 est,
2284 1746 2407 1788 non
2436 1736 2608 1788 erat:
2643 1736 2718 1800 et,
2769 1737 3111 1805 Antequam
3160 1731 3518 1803 gigneretur,

1863 1834 1988 1876 non
2016 1824 2182 1876 erat:
2205 1820 2368 1887 item,
2393 1823 2475 1876 Ex
2504 1836 2629 1877 non
2657 1821 3049 1877 existentibus
3070 1820 3519 1877 subsistentiam

1863 1909 2112 1981 accepit.
2143 1909 2388 1979 Lingua!
2413 1910 2571 1965 enim
2604 1925 2711 1981 per
2738 1909 2926 1965 verba
2954 1910 3227 1965 suasoria
3252 1912 3520 1965 exacutm

1862 1997 2059 2068 magis
2078 2014 2264 2070 quam
2283 2013 2507 2070 anceps
2517 1998 2717 2071 quivis
2738 1997 2996 2067 gladius,
3010 1998 3342 2071 loquuntur
3354 1997 3517 2055 talia.

1863 2088 1908 2143 N
1915 2086 2134 2155 eigitur
2145 2087 2363 2143 similia
2390 2087 2675 2159 cuiquam
2688 2086 2886 2143 dicere
2901 2087 3096 2152 liceat,
3111 2087 3362 2159 Spiritus
3382 2102 3520 2143 san-

1862 2176 2208 2232 ctushaacin
2230 2175 2552 2246 Evangelia
2574 2191 2882 2248 occupans
2899 2176 3075 2231 dixit:
3092 2176 3520 2248 135Inprin-

1862 2267 2040 2335 cipio,
2060 2265 2273 2338 inquit,
2293 2272 2424 2322 erat
2449 2265 2723 2322 Verbum.
2741 2268 2905 2322 Hanc
2923 2281 3132 2323 vocem
3153 2266 3205 2321 si
3234 2265 3515 2335 tenueris,

1860 2353 2009 2409 nihil
2046 2369 2083 2409 a
2113 2352 2399 2410 meleticis
2431 2354 2549 2410 illis
2598 2354 2842 2427 patieris
2862 2354 3027 2411 mali.
3051 2354 3201 2411 Nam
3228 2354 3276 2409 si
3302 2354 3401 2411 ille
3426 2354 3517 2411 di-

1859 2442 2028 2508 xerit,
2060 2443 2117 2499 Si
2139 2442 2377 2513 genitus
2400 2447 2511 2515 est,
2543 2459 2668 2499 non
2693 2448 2858 2499 erat:
2887 2448 2949 2500 tu
2981 2442 3183 2505 dicito,
3231 2443 3306 2498 In
3340 2444 3515 2513 prin-

1860 2532 2015 2600 cipio
2044 2538 2192 2590 erat.
2218 2532 2352 2598 Sed,
2385 2532 2599 2605 inquit,
2637 2532 2997 2604 priusquam
3035 2531 3275 2601 genitus
3330 2536 3512 2602 esset,

1859 2621 2170 2694 quomodo
2195 2621 2373 2677 erat?
2392 2623 2475 2677 Tu
2504 2637 2580 2676 ne
2609 2620 2872 2676 dimittas
2892 2620 3059 2688 illud,
3084 2620 3277 2676 Erat:
3301 2635 3377 2676 ne
3405 2619 3513 2677 de-

1858 2709 2171 2783 reliqueris
2211 2709 2380 2778 illud,
2427 2711 2501 2765 In
2529 2711 2850 2780 principio.
2891 2708 3167 2782 Principii
3195 2708 3515 2766 summitas

1860 2813 1985 2854 non
1996 2798 2471 2870 apprehenditur
2492 2815 2507 2854 :
2529 2798 2697 2872 quod
2716 2802 2882 2856 extra
2895 2803 2952 2855 et
2973 2798 3129 2855 ultra
3145 2797 3514 2871 principium

1862 2887 1956 2955 sit,
1996 2902 2118 2943 non
2155 2887 2479 2944 invenitur.
2518 2891 2598 2944 Ne
2625 2889 2762 2960 quis
2795 2893 2852 2944 te
2873 2887 3132 2960 decipiat
3161 2887 3329 2943 varia
3346 2887 3514 2943 vocis

182 2987 339 3053 κορυφὴ
385 2984 441 3037 οὗ
487 2986 975 3061 καταλαμϐανεται·
1006 2990 1182 3064 ἀρχῆς
1242 2975 1299 3044 1'6
1356 2975 1597 3066 ἐξώτερον
1646 2992 1751 3066 οὐχ

1862 2975 2315 3045 signiﬁcatione.
2360 2979 2514 3033 Nam
2550 2992 2756 3034 rerum
2785 2977 3109 3034 multarum
3142 2976 3337 3033 multa
3376 2978 3515 3033 sunt

183 3068 448 3140 ἀρέσκεται.
499 3081 595 3135 Μὴ
640 3077 1067 3151 παραλογίσηταί
1117 3083 1175 3132 σέ
1219 3099 1301 3142 τις
1350 3088 1424 3152 τῷ
1466 3081 1751 3156 πολυσήμῳ

182 3164 257 3220 τες
283 3158 463 3226 λέξεως.
507 3165 710 3219 Πολλαὶ
774 3168 873 3241 γὰρ
934 3165 1101 3241 ἀρχαὶ
1160 3168 1356 3221 πολλῶν
1429 3172 1750 3245 πραγμάτων

182 3250 288 3299 κατὰ
325 3254 406 3303 τὸν
461 3253 589 3327 βίον
649 3262 849 3308 τοῦτον·
905 3255 1032 3309 ἀλλὰ
1094 3260 1192 3330 μία
1242 3256 1386 3331 ἀρχὴ
1421 3257 1505 3312 ἐπὶ
1542 3261 1747 3314 πάντων

183 3333 453 3394 ἧὶπίκεινα
501 3347 611 3416 (2).
673 3344 843 3419 Ἀρχὴ
902 3348 1003 3420 γὰρ
1065 3343 1192 3399 ὁδοῦ
1237 3345 1457 3419 ἀγαθῆς,
1519 3345 1655 3403 εἶπεν
1711 3352 1743 3411 ἠ

184 3427 422 3499 Παροιμία.
468 3432 617 3486 Ἀλλ’
661 3430 789 3486 ὁδοῦ
836 3437 927 3507 μεν
990 3433 1134 3509 ἀρχή
1194 3437 1225 3495 ἠ
1278 3442 1459 3511 πρώτη
1514 3442 1743 3506 κίνησις,

182 3510 268 3598 ᾇθα
303 3518 576 3593 ἀρχόμεθα
637 3531 733 3585 τῆς
774 3528 1005 3598 πορείας,
1038 3526 1102 3587 ἧς
1148 3527 1208 3577 τὸ
1272 3510 1492 3579 κατόπιν
1525 3523 1745 3580 δυνατόν

182 3595 291 3697 ἔτι»
353 3610 532 3681 εὑρεῖν.
608 3616 732 3679 Καὶ,
821 3595 990 3685 ’Ᾰρχὴ
1061 3617 1249 3686 σοφίας
1318 3613 1473 3686 φόϐος
1523 3619 1741 3690 Κυρίου.

199 3692 302 3743 Em
348 3704 435 3750 καὶ
475 3702 686 3760 ταύτης
736 3709 834 3764 τῆς
873 3698 1052 3774 ἀρχῆς
1111 3703 1280 3777 ἔτερόν
1310 3721 1361 3755 τι
1389 3707 1741 3778 προκείμενον·

179 3784 256 3839 τῖς
443 3796 547 3841 τῶν
594 3796 794 3860 τεχνῶν
850 3788 1152 3861 ἀναλήψεως
1181 3790 1326 3865 ἀρχή
1362 3790 1503 3844 ἔστιν
1528 3795 1559 3850 ἠ
1594 3811 1743 3846 στοι-

181 3877 381 3940 χείωσις.
409 3884 686 3950 Στοιχεῑον
715 3875 803 3930 οὖν
832 3877 945 3931 ἔστι
963 3889 1059 3942 τῆς
1093 3884 1276 3953 σοφίας
1306 3881 1332 3932 ὁ
1364 3879 1517 3953 φόϐος
1542 3881 1635 3933 τοῦ
1665 3882 1744 3953 (3)

182 3963 358 4034 Κυρίου·
411 3964 541 4018 ἀλλὰ
591 3968 792 4028 ταύτης
846 3975 939 4030 τῆς
990 3966 1166 4040 ἀρχῆς
1209 3967 1324 4021 ἐστί
1351 3988 1404 4022 τι
1454 3969 1743 4044 πρεσϐύτε-

177 4067 265 4119 ρον,
306 4055 333 4110 ἠ
375 4058 711 4118 κατάστασις
738 4063 835 4118 τῆς
871 4055 1027 4127 ψυχῆ
1039 4077 1079 4121 ς,
1101 4065 1194 4109 τοῦ
1218 4062 1378 4130 μήπω
1411 4060 1745 4130 σοφισθὲντος

178 4143 249 4190 καὶ
279 4144 356 4193 τόν
394 4143 550 4216 φόϐον
606 4152 699 4197 τοῦ
755 4152 889 4198 Θεοῦ
936 4144 1285 4219 ἀνειληφότος.
1321 4146 1518 4220 ’Δρχαὶ
1548 4148 1629 4218 (4)
1668 4140 1746 4201 λί-

177 4239 427 4295 γονταικαὶ
455 4237 511 4287 αἱ
541 4233 815 4287 πολιτικαὶ
862 4231 1189 4303 δυναστεῖαι,
1258 4237 1315 4289 αἱ
1367 4245 1468 4289 τῶν
1517 4235 1747 4309 ἀξίωμά-

1860 3064 2156 3137 principia
2192 3064 2255 3120 in
2304 3065 2423 3121 hac
2472 3064 2629 3120 vita:
2655 3065 2760 3120 sed
2797 3081 2990 3121 unum
3024 3069 3113 3120 est
3147 3064 3513 3136 principium

1860 3169 2044 3227 supra
2091 3153 2314 3221 omnia,
2360 3153 2528 3225 quod
2578 3153 2735 3209 ultra
2772 3152 3513 3225 est.Nam,inquitParaa-

1856 3244 2001 3313 mia,
2017 3243 2526 3313 Principiumviz
2545 3242 2796 3299 bona".
2839 3241 2955 3299 Sed
2996 3241 3101 3298 vite
3143 3241 3510 3313 principium

1856 3339 1944 3390 est
1968 3333 2201 3407 primus
2232 3338 2457 3401 motus,
2481 3332 2644 3388 unde
2662 3332 2773 3389 iter
2786 3331 3081 3400 ordimur,
3126 3331 3303 3403 cujus
3345 3330 3511 3403 prior

1853 3436 1996 3494 pars
2012 3426 2209 3494 potest
2220 3421 2483 3493 reperiri.
2500 3424 2587 3489 Et,
2604 3422 2983 3490 Principium
3002 3420 3315 3491 sapientia?
3331 3422 3511 3477 timor

1853 3509 2098 3565 Domini
2108 3510 2178 3564 77.
2207 3509 2491 3580 Praejacet
2517 3514 2720 3564 autem
2752 3512 2809 3564 et
2838 3508 2979 3565 huic
3015 3508 3312 3581 principio
3340 3506 3509 3564 aliud

1852 3599 2188 3671 quoddam,
2219 3615 2361 3655 cum
2384 3598 2791 3671 perceptionis
2808 3597 3027 3655 artium
3049 3597 3406 3670 principium
3431 3595 3509 3653 sit

1852 3688 2049 3761 prima
2069 3686 2507 3744 elementorum
2532 3687 2844 3744 institutio.
2900 3687 3278 3744 Elementum
3325 3684 3508 3756 igitur

1852 3776 2162 3849 sapientia
2192 3777 2369 3833 timor
2398 3777 2637 3833 Domini
2663 3781 2753 3832 est
2780 3793 2794 3832 :
2826 3775 2937 3833 sed
2960 3776 3075 3832 hoc
3096 3773 3397 3848 principio
3417 3777 3508 3829 est
3553 3828 3565 3839 ,

1853 3865 2102 3938 aliquod
2129 3865 2453 3938 antiquius,
2487 3865 2710 3921 animm
2742 3864 2964 3921 scilicet
2992 3868 3199 3932 status,
3223 3863 3377 3934 ejus,
3398 3862 3506 3935 qui

1850 3954 2128 4012 nondum
2148 3954 2509 4027 sapientiam
2532 3953 2784 4010 edoctus
2810 3958 2920 4022 est,
2942 3968 3052 4008 nec
3074 3953 3197 4022 Dei,
3228 3951 3504 4008 timorem

1852 4044 2135 4117 adeptus.
2158 4043 2454 4116 Principia
2478 4043 2763 4100 dicuntur
2792 4042 2971 4117 etiam
3005 4041 3207 4098 civiles
3233 4044 3506 4113 potenta-

1854 4139 1972 4197 tus,
2012 4133 2286 4190 videlicet
2312 4132 2613 4205 prascelsaa
2640 4133 2964 4203 dignitates
2995 4148 3008 4187 :
3042 4131 3148 4187 sed
3184 4146 3311 4201 gase
3343 4129 3507 4202 prin-

1854 4223 2031 4295 cipia,
2063 4222 2402 4294 aliquorum
2433 4226 2575 4277 sunt
2596 4220 2912 4295 principia,
2936 4224 2994 4277 et
3016 4219 3503 4292 unumquodque

178 4334 257 4367 των
310 4323 589 4396 ὑπεροχαὶ.
648 4323 786 4376 Ἀλλ’
836 4324 993 4377 αὗται
1049 4327 1106 4378 αἱ
1175 4324 1363 4399 ἁρχαὶ,
1418 4335 1570 4380 τινῶν
1612 4327 1744 4380 εἰσιν

1860 4325 2063 4366 eorum
2094 4310 2298 4383 aliquo
2318 4309 2590 4367 refertur.
2645 4309 2876 4365 Etenim
2920 4308 3097 4364 lineas
3135 4306 3503 4380 principium

179 4401 334 4478 ἀρχαὶ,
377 4418 466 4466 καὶ
511 4414 650 4485 πρὸς
682 4431 735 4465 τι
1034 4414 1204 4487 Ἀρχὴ
1231 4417 1332 4491 γὰρ
1363 4424 1459 4480 τῆς
1493 4424 1743 4491 γραμμῆς

234 4602 275 4637 ⁷⁸
298 4605 466 4664 Prov.
500 4622 622 4677 xw,
655 4610 708 4664 5.
784 4608 831 4643 ⁷⁷
864 4606 1024 4665 Psal.
1046 4623 1139 4681 cx,
1166 4611 1249 4666 10.

232 4801 330 4878 (φ)
360 4801 533 4878 .Editi
583 4805 642 4878 et
689 4819 839 4878 m_ss_.
869 4804 1361 4878 κατασπαζόμενος·
1398 4820 1536 4878 qum
1560 4821 1677 4863 vox
1707 4823 1744 4864 8.

176 4868 332 4951 verbo
346 4870 691 4951 ᾆσπάζεσθαι
719 4874 1055 4951 deducitur,
1094 4868 1298 4932 am'ore
1338 4868 1745 4951 tenem,delec-

178 4944 292 4995 ίαν-ἱ.
346 4944 401 4999 ld
447 4961 593 5001 cum
639 4960 763 5002 non
783 4947 1289 5003 animadverteret
1320 4948 1739 5014 Combeﬁsius,

177 5022 402 5092 pu‘mque
418 5016 531 5072 sibi
560 5017 725 5072 visus
747 5023 899 5092 esset
930 5017 1147 5092 legere,
1169 5020 1643 5092 κατασκεψάμενος,
1659 5020 1743 5076 sic

177 5087 568 5159 interpretatus
593 5092 721 5143 est:
756 5089 1125 5157 splendorem
1164 5087 1508 5159 suspiciens.
1567 5093 1743 5146 Vetus

177 5156 436 5229 Interpres
468 5164 747 5225 verterat,
769 5156 1145 5228 splendorem
1172 5156 1527 5218 admiratus.

216 5222 331 5305 ,(93⁷)
352 5230 609 5301 Utraque
636 5222 816 5305 editio
840 5246 1162 5301 operarum
1184 5231 1417 5305 incuria
1439 5230 1738 5302 ﬁdn,jam.

179 5289 559 5374 Ubfiﬁeteres
590 5298 731 5374 ᾔδει,
758 5289 1026 5372 noverat,
1072 5304 1322 5374 optime.

235 5368 333 5433 4.99)
379 5369 527 5426 Editi
583 5368 639 5427 et
658 5372 790 5449 duo
821 5389 970 5428 mss.
993 5368 1450 5449 μιμῆχανευμένα.
1492 5374 1602 5431 Alii
1623 5378 1741 5431 tres

178 5445 299 5515 “3.5:
321 5447 747 5515 μεμηχωιημένα-

596 5506 884 5589 duolibri
911 5519 1032 5589 πρὶν
1051 5518 1386 5589 γεννηθῆναι.

238 5580 303 5648 (2)
331 5580 581 5656 Utraque
600 5584 783 5643 editio
804 5589 863 5642 et
886 5580 1003 5642 tres
1032 5580 1186 5645 mss.
1232 5586 1376 5661 ἁρχὴ
1409 5591 1440 5648 ἡ
1478 5586 1561 5643 ἐπὶ
1606 5590 1741 5643 πάν-

1852 4404 2147 4472 punctum
2194 4404 2303 4468 est,
2347 4403 2405 4456 et
2455 4397 2794 4471 superﬁciei
2841 4397 3205 4471 principium
3233 4396 3413 4466 linea,
3445 4400 3503 4453 et

1851 4828 1952 4899 των
1982 4808 2230 4862 ἐπέκεινα.
2264 4807 2379 4865 Alii
2415 4811 2697 4882 quatuor.
2729 4822 2880 4864 mss.
2912 4806 3056 4883 ἀρχὴ
3098 4806 3180 4860 ἐπὶ
3208 4807 3411 4860 πάντων
3461 4805 3494 4863 ἡ

1853 4900 2316 5031 επῖἓῖινῧΐᾶςηιθ
2368 4951 2564 5031 editio
2609 4955 2793 5023 σοφίας
2846 4950 2997 5023 φόϐος
3026 4948 3053 5002 6
3083 4955 3200 5004 τοῦ.
3246 4949 3320 5002 At
3347 4958 3492 4999 mss.

1851 5023 2124 5147 quianiIe
2154 5028 2217 5076 ut
2243 5023 2305 5077 in
2332 5027 2634 5078 contextu.
3231 5087 3242 5099 ,
3432 5084 3443 5095 _

1922 5095 2000 5147 (4‘.
2074 5093 2168 5147 ius
2195 5093 2310 5147 loci
2333 5091 2787 5147 consonentiam
2810 5090 3009 5146 videre
3049 5089 3095 5144 si
3142 5104 3277 5147 ams
3307 5100 3443 5147 cupi

1922 5095 2000 5162 (4)
2026 5087 2168 5163 Ejus
2195 5093 2310 5147 loci
2333 5091 2787 5170 consonentjam
2805 5090 3009 5170 videre
3049 5089 3095 5144 si
3124 5087 3288 5170 .quis.
3307 5087 3492 5167 cupit,

1850 5164 1903 5219 ei
1926 5159 2133 5219 auctor
2158 5180 2315 5225 sum.
2345 5169 2409 5218 ut
2438 5165 2639 5219 Graeca
2662 5162 2842 5231 legat.
2869 5163 3013 5225 Quae
3043 5159 3202 5214 enim
3232 5159 3328 5213 hic
3354 5159 3496 5231 scri-

1849 5234 2093 5310 buntur,
2113 5235 2339 5310 optime
2361 5233 2607 5310 quidem
2621 5226 3240 5310 dicipossuntGrzrce.
3254 5233 3323 5310 μὶ
3343 5226 3494 5310 mul-

1850 5299 2107 5388 tioplicem
2140 5299 3108 5388 intelligentiam.vocisfpzri,quas
3132 5299 3318 5388 modo
3329 5299 3495 5388 Prin-

1849 5371 2094 5449 ci'pium,
2110 5376 2295 5431 modo
2318 5371 2717 5446 principatum
2738 5371 3148 5443 ditidnemque
3168 5371 3486 5441 signiﬁcat:

1849 5447 1958 5503 sed
1984 5447 2140 5502 male
2171 5451 2389 5500 sonant
2410 5444 2465 5515 si
2480 5443 2894 5515 exprimantur
2916 5442 3143 5515 Latine,
3165 5443 3495 5515 quodvoci

1848 5463 1958 5503 sea
1984 5463 2140 5502 male
2171 5463 2389 5500 sonam
2410 5463 2457 5498 Si
2480 5463 2894 5515 exprimuntur
2923 5463 3143 5511 1.80118,
3165 5463 3331 5515 quoa
3362 5463 3495 5499 V001

1840 5519 2211 5599 principium
2237 5513 2547 5589 multiplex
2576 5514 2742 5570 notio
2768 5514 2935 5591 apud
2962 5514 3200 5573 Latinos
3221 5514 3495 5587 subjecta

1848 5603 1975 5646 non
2006 5594 2100 5646 sit.
