4076 6190
518 277 627 340 475

1915 280 1974 337 8.
2014 277 2263 335 BASILll
2309 277 2530 335 MAGNI

3779 283 3880 337 476

523 408 795 482 corporis
826 408 1189 481 principium
1218 404 1585 479 superﬁcies,
1611 407 1668 462 et
1695 403 1984 462 orationis
2027 419 2186 460 com-

2304 406 2355 456 τό
2410 412 2642 477 σημεῖον·
2703 406 2796 456 καὶ
2849 402 2991 478 ἁρχὴ
3049 410 3146 466 τῆς
3198 400 3497 474 ἓπιφανεὶας
3551 403 3581 460 ἠ
3649 409 3874 478 γραμμή.

524 499 737 574 posita
767 499 1087 572 principia,
1123 497 1441 554 elementa.

599 683 651 734 2.
678 680 806 734 Non
836 680 991 732 certe
1010 673 1312 746 ejusmodi
1333 678 1422 731 est
1440 672 1592 730 illud
1613 671 1998 746 principium.
2034 669 2188 728 Nulli

531 767 691 824 enim
723 767 1032 834 alligatum
1058 769 1166 833 est,
1193 765 1374 820 servit
1393 763 1561 833 nulli,
1585 779 1725 819 cum
1755 761 1922 818 nullo
1953 758 2189 832 conspi-

529 857 681 912 citur
707 873 719 910 :
746 855 852 910 sed
873 854 1127 910 liberum
1157 858 1278 922 est;
1305 853 1625 909 dominum
1648 868 1770 908 non
1791 851 1975 908 habet
1997 864 2189 906 :exso-

528 943 719 999 lutum
742 947 834 998 est
854 943 1023 998 omni
1045 943 1123 998 ad
1150 942 1312 998 aliud
1331 942 1642 1008 relatione,
1667 941 1852 997 menti
1878 941 2189 1010 insupera-

534 1031 652 1086 bile
699 1049 712 1086 :
764 1031 940 1102 quod,
985 1029 1900 1101 cogitationibustranscendere
1929 1042 2051 1083 non
2077 1031 2187 1094 est,

529 1119 687 1175 ultra
711 1119 879 1192 quod
904 1119 1047 1175 nihil
1077 1120 1415 1192 quidquam
1441 1119 1686 1190 reperiri
1708 1121 1921 1190 potest.
1944 1120 2094 1173 Nam
2140 1114 2190 1171 si

531 1207 749 1264 mentis
778 1207 1135 1278 cogitatione
1153 1209 1530 1264 contenderis
1555 1207 1914 1280 principium
1933 1220 2192 1278 praever-

531 1300 681 1368 tere,
731 1298 1068 1369 comperies
1120 1297 1174 1350 id
1221 1297 1326 1352 tibi
1371 1297 1602 1369 praeire.
1627 1301 1686 1351 et
1718 1295 1884 1368 prius
1911 1292 2188 1364 cogitatis

531 1403 865 1442 occurrere.
899 1386 1034 1442 Sine
1064 1392 1330 1442 mentem
1364 1392 1552 1456 tuam,
1581 1390 1877 1458 quantum
1907 1383 2068 1446 velit,
2091 1399 2189 1438 ex-

534 1491 789 1546 currere,
814 1479 872 1531 et
891 1475 1208 1531 extendere
1231 1493 1292 1532 se
1311 1476 1390 1532 ad
1409 1475 1718 1548 superiora
1743 1494 1756 1531 :
1799 1473 2018 1530 deinde
2053 1476 2190 1545 post

533 1564 884 1619 innumeros
911 1581 1141 1620 errores
1171 1581 1242 1620 ac
1264 1565 1488 1621 multos
1510 1565 1720 1620 inanes
1749 1569 2024 1629 conatus,
2055 1577 2189 1618 eam

535 1653 615 1710 ad
636 1669 700 1709 se
720 1655 937 1710 iterum
967 1671 1272 1712 reversam
1302 1655 1595 1723 invenies,
1625 1654 1793 1727 quod
1825 1653 2191 1726 principium

535 1759 600 1799 se
633 1744 928 1813 posterius
961 1761 1032 1801 ac
1064 1745 1313 1800 inferius
1345 1743 1596 1800 reddere
1626 1759 1748 1799 non
1779 1743 1988 1815 possit.
2036 1741 2195 1797 Priu-

536 1833 762 1905 cipium
783 1834 945 1890 enim
973 1850 1213 1907 semper
1234 1835 1495 1904 cogitato
1523 1831 2194 1904 ulterius‘superiusque

537 1938 667 1978 esse
683 1923 1171 1996 deprehenditur.
1205 1925 1277 1980 In
1296 1926 1560 1994 pricipio
1582 1924 1764 1994 igitur
1790 1929 1914 1979 erat
1929 1922 2194 2006 Verbum.

535 2015 577 2070 Ο
613 2028 739 2068 rem
765 2013 984 2069 miram
1011 2015 1024 2070 l
1052 2017 1119 2070 Ut
1147 2029 1221 2069 ex
1241 2030 1418 2085 aequo
1437 2013 1590 2069 inter
1613 2029 1678 2069 se
1697 2013 2036 2083 conjuncta;
2059 2025 2199 2076 sunt

534 2117 712 2156 voces
742 2117 954 2157 omnes
991 2103 1002 2157 !
1028 2101 1203 2166 Illud,
1227 2103 1403 2164 Erat.
1428 2102 1590 2157 idem
1620 2101 1780 2156 valet
1812 2099 1979 2172 quod
2023 2097 2196 2160 illud,

534 2191 606 2246 Ιη
649 2192 976 2260 principio.
1026 2191 1133 2246 Ubi
1191 2195 1278 2246 est
1321 2187 1881 2262 blasphemus?ubi
1903 2188 2198 2244 adversus

536 2281 840 2336 Christum
863 2296 1148 2353 pugnans
1166 2280 1394 2349 lingua,
1417 2297 1551 2352 quae
1569 2280 1712 2335 dicit
1739 2297 1751 2334 :
1780 2283 1914 2334 Erat
1929 2278 2200 2350 aliquan-

535 2369 634 2437 do,
665 2386 802 2426 cum
824 2387 947 2425 non
970 2370 1171 2425 esset?
1187 2370 1336 2425 Audi
1362 2369 1751 2438 Evangelium
1773 2387 1784 2424 :
1803 2370 1872 2424 In
1892 2370 2198 2438 principio

538 2467 670 2518 erat
701 2459 1159 2525 Verbum.Quod
1178 2460 1303 2514 siin
1318 2460 1626 2528 principio
1640 2459 2051 2531 erat,quando
2075 2474 2198 2514 non

537 2550 710 2605 erat?
735 2551 776 2619 1
790 2549 905 2620 36
933 2553 1280 2621 Ipsorumne
1293 2548 1916 2620 lugeboimpietatem,
1933 2564 2010 2603 an
2027 2547 2200 2603 insci-

540 2638 686 2694 tiam
701 2637 1058 2694 exsecrabor
1076 2639 1103 2692 ?
1115 2643 1185 2693 At
1198 2643 1523 2709 antequam
1539 2637 1898 2707 gigneretur,
1912 2653 2034 2693 non
2049 2641 2199 2696 erat.

541 2727 704 2782 Nosti
726 2726 950 2782 scilicet
973 2727 1224 2797 quando
1247 2726 1516 2796 genitum
1537 2727 1629 2790 sit,
1653 2726 1816 2798 quod
1843 2725 1992 2798 quid
2035 2726 2202 2798 prius

547 2816 745 2887 possis
772 2816 1028 2886 tempori
1051 2822 1310 2871 attexere
1333 2821 1361 2872 ?
1393 2815 1623 2872 Etenim
1645 2816 1812 2880 illud,
1837 2817 2200 2887 Antequam,

542 2919 657 2960 vox
697 2909 788 2960 est
841 2905 1151 2976 temporis,
1175 2905 1427 2960 alterum
1467 2905 1633 2961 alteri
1665 2907 2022 2978 antiquitate
2053 2921 2201 2977 prae-

545 3008 800 3065 ponens.
829 2993 1148 3058 Quomodo
1169 3000 1371 3049 autem
1399 3010 1510 3066 par
1533 2993 1709 3050 fuerit.
1727 2995 2016 3066 temporis
2055 3011 2199 3050 con-

547 3081 801 3136 ditorem
861 3081 1313 3150 generationem
1361 3082 1584 3138 habere
1629 3083 1916 3154 temporis
1947 3083 2198 3138 vocibus

547 3170 678 3240 subj
691 3176 882 3226 ectam
898 3170 925 3224 ?
947 3172 1126 3226 Erati
1135 3171 1294 3240 gitur
1307 3172 1370 3226 in
1379 3173 1702 3242 principio.
1723 3171 1895 3238 Quod
1908 3173 1956 3227 si
1977 3172 2056 3228 ab
2085 3173 2200 3228 hac

543 3275 692 3314 voce
715 3260 886 3326 Erat,
911 3275 1034 3314 non
1061 3259 1429 3327 discesseris,
1471 3260 1866 3332 blasphemim
1918 3261 2199 3329 malignae

545 3347 776 3404 aditum
810 3347 1044 3403 nullum
1067 3347 1266 3404 dabis.
1297 3351 1365 3405 Ut
1388 3349 1549 3405 enim
1580 3350 1685 3422 qui
1706 3350 1764 3405 in
1787 3350 1940 3406 mari
1963 3366 2204 3406 versan-

545 3443 664 3502 tur,
723 3455 862 3494 cum
915 3438 1070 3494 inter
1117 3437 1270 3494 duas
1298 3441 1602 3496 anchoras
1623 3440 1936 3507 ﬂuctuant,
1971 3446 2200 3512 tempe-

547 3531 762 3584 statem
792 3533 1193 3600 aspernantur
1218 3546 1230 3582 :
1256 3529 1336 3584 ita
1365 3533 1421 3584 et
1451 3533 1514 3584 tu
1539 3529 1695 3584 hanc
1715 3546 1966 3601 pravam
1999 3530 2205 3586 turba-

545 3617 789 3684 tionem,
815 3632 950 3688 quae
984 3617 1162 3672 vitam
1187 3617 1501 3674 hominum
1526 3635 1630 3690 per
1646 3619 1927 3690 nequitia:
1959 3619 2202 3690 spiritus

545 3705 782 3771 invasit,
797 3722 1053 3778 quaeque
1070 3706 1398 3762 multorum
1412 3707 1594 3762 fidem
1612 3707 2202 3777 exagitat,deridebis

547 3797 596 3851 si
638 3797 825 3852 modo
874 3795 935 3851 in
984 3797 1202 3852 borum
1230 3797 1550 3853 verborum
1583 3799 2044 3871 propugnaculo
2068 3803 2201 3855 tan-

546 3900 734 3957 quam
759 3885 819 3940 in
843 3891 1019 3956 portu
1042 3901 1112 3940 ac
1139 3885 1394 3942 statione
1417 3887 1693 3942 animum
1717 3894 1887 3942 tuam
1914 3888 2199 3944 tenueris.

618 3977 672 4030 3.
701 3976 854 4039 1am,
882 3973 1134 4046 inquiris
1167 3989 1338 4029 mens
1368 3981 1593 4031 nostra.
1621 3977 1762 4042 Quis
1779 3981 1904 4032 erat
1945 3977 2007 4032 in
2033 3977 2200 4048 prin-

547 4062 679 4134 pio?
706 4064 981 4132 Verbum,
1004 4062 1217 4134 inquit.
1251 4063 1436 4128 Quale
1460 4064 1757 4120 verbum?
1782 4065 2202 4122 humanumne

546 4152 825 4214 verbum,
845 4168 922 4207 an
942 4151 1192 4207 verbum
1209 4152 1562 4222 angelorum
1585 4154 1612 4209 ?
1638 4153 1958 4210 Enimvero
1979 4155 2206 4212 indicat

546 4240 726 4298 nobis
738 4240 1062 4314 Apostolus
1073 4240 1302 4311 angelis
1313 4257 1557 4315 quoque
1570 4257 1745 4299 suam
1761 4259 1888 4299 esse
1904 4243 2202 4316 linguam,

618 4454 698 4534 (51
744 4454 989 4534 Antiqui
1037 4455 1175 4534 duo_
1203 4454 1337 4534 libri
1358 4458 1415 4510 et
1439 4459 1694 4534 utraque
1725 4456 1905 4513 editio
1928 4455 2201 4534 ἀνυπέρθε-

548 4522 874 4599 τοςᾼδιοινοίᾳ
904 4522 1131 4599 {quam
1154 4527 1367 4599 falsam
1391 4522 1750 4599 scripturam
1773 4533 2013 4584 secutus
2035 4522 2204 4584 Com-

546 4595 824 4662 beﬁsius,
854 4595 975 4651 'sic’
1018 4603 1275 4652 verterat
1323 4598 1384 4652 in
1435 4595 1547 4652 suo
1580 4599 1930 4654 Ecclesiaste
1953 4603 2155 4656 Graeco
2184 4618 2197 4656 :

548 4668 905 4724 Subitaneus
916 4669 1262 4738 primusque
1276 4670 1486 4724 mentis
1517 4676 1850 4738 conceptus.
1872 4676 1940 4725 At
1967 4671 2202 4727 Colber-

549 4738 656 4794 tiui
676 4740 911 4816 primus
932 4743 988 4793 et
1014 4738 1218 4816 tertius
1243 4755 1379 4792 cum
1403 4743 1543 4816 Reg.
1595 4741 1864 4816 secundo
1913 4741 2199 4816 ἀνυπέρϐα-

547 4830 632 4873 τος
664 4811 893 4882 διανοίᾳ,
919 4811 1104 4866 menti
1123 4811 1575 4883 insuperabilis,
1601 4827 1708 4865 seu
1754 4813 1835 4883 ad
1856 4813 2014 4883 quod
2042 4811 2208 4872 mens

547 4880 892 4956 pertingere
932 4897 1052 4936 non
1100 4888 1318 4956 posset,
1355 4880 1693 4936 emendate.
1719 4880 2040 4955 Aliquanto
2073 4893 2212 4956 post

551 4949 699 5024 Reg.
737 4949 971 5026 primus
994 4960 1110 5004 νοῦν
1128 4949 1473 5026 διαδραμεῖν.

621 5021 696 5095 (ὃ)
738 5021 1016 5096 ὐῐιᾞᾳιιθ
1069 5023 1250 5079 editio
1272 5021 1392 5096 ’,καὶ
1449 5021 1633 5075 πλείων
1660 5023 1973 5095 εὑρίσκεται.
2009 5028 2080 5082 At
2103 5041 2207 5084 no-

552 5098 657 5153 stri
682 5094 1095 5166 Septem—mss.
1125 5100 1214 5146 καὶ
1247 5094 1486 5146 πλειόνων
1514 5094 1826 5166 εὑρίσκεται.

623 5114 657 5152 Ὶ
688 5113 749 5152 se
800 5113 914 5151 tem
950 5113 1095 5150 mss.
1125 5114 1214 5146 και
1247 5113 1486 5146 πλειονων
1514 5113 1826 5166 ευρισκεται.

623 5175 702 5237 (7)
737 5113 861 5234 Illa,
894 5173 1021 5224 erat
1053 5167 1405 5240 aliquando,
1431 5167 1678 5240 quando
1715 5183 1845 5240 non_
1885 5173 2037 5235 erat,
2069 5184 2207 5240 quae

553 5239 768 5310 Griecis
784 5239 961 5310 plane
984 5237 1372 5310 respOndenﬁt,
1388 5237 1576 5292 videri
1597 5253 1772 5310 posse
1794 5238 2054 5294 obscura
2071 5237 2208 5293 scri-

551 5308 639 5364 bit
685 5308 1257 5364 vir—eruditissimus
1311 5309 1574 5380 Ducaaus,
1605 5309 1805 5380 aitque
1836 5309 1964 5364 haec
1987 5311 2205 5366 clarius

553 5381 807 5450 exprimi
831 5381 997 5452 apud
1021 5381 1452 5452 Hieronymum
1478 5379 1646 5452 epist.
1673 5379 1739 5434 58
1761 5381 1821 5435 in
1847 5381 2090 5449 Dialogo
2106 5381 2209 5436 ad-

555 5465 770 5523 versus
833 5451 1251 5520 Luciferianos,
1283 5451 1398 5506 hoc
1428 5451 1650 5506 mOdo:
1686 5454 1748 5507 Si
1774 5454 1902 5523 quis
1959 5454 2204 5517 dixerit,

554 5521 706 5592 Erat
724 5526 972 5592 tempus,
996 5524 1232 5592 quando
1253 5538 1372 5577 non
1385 5529 1515 5579 erat
1529 5523 1743 5592 Filius,
1767 5521 2092 5581 anathema
2109 5525 2208 5579 sit.

557 5590 678 5649 Sed
707 5590 1106 5649 Combeﬁsius
1135 5598 1343 5650 monet
1363 5610 1426 5650 se
1455 5608 1580 5651 non
1600 5590 1802 5652 videre
1845 5611 1952 5653 cur
1979 5595 2082 5653 illa
2116 5595 2208 5652 lo-

2296 498 2385 546 καὶ
2440 493 2583 568 ἀρχὴ
2644 501 2736 546 τοῦ
2799 490 3046 566 σώματος
3092 495 3120 550 ἡ
3165 490 3449 564 ἐπιφάνεια·
3501 496 3592 545 καὶ
3637 501 3727 546 τοῦ
3755 496 3879 547 κατὰ

2301 585 2538 637 σύνθεσιν
2563 584 2718 656 λόγου
2747 582 2914 657 ἁρχαὶ
2949 585 3014 635 τὰ
3059 589 3323 655 στοιχεῖα.

2365 677 2419 728 2.
2457 673 2534 724 Οῦ
2573 677 2675 745 μὴν
2715 671 2927 730 κάκείνη
2974 675 3184 731 τοιαύτη
3241 673 3270 730 ἠ
3323 669 3491 746 ἀρχή.
3554 667 3742 725 Οὐδενὶ
3784 674 3876 748 γὰρ

2295 758 2668 834 προσδέδεται’
2726 757 2899 814 οὐδενὶ
2948 757 3198 813 δουλεύει·
3259 760 3369 832 μετ’
3423 755 3633 822 ούδινὸς
3684 762 3881 835 Θεωρεῖ-

2295 867 2402 903 ται’
2467 849 2573 901 ἀλλ’
2622 849 2858 924 ἐλευθέρα
2911 847 3074 902 ἐστίν·
3146 845 3456 915 ἀδέσποτος,
3512 847 3754 921 λελυμένη
3793 857 3882 910 τῆς

2296 942 2428 1012 πρὸς
2498 939 2666 1013 ἕτερον
2725 943 2980 1011 σχέσεως·
3026 936 3378 1012 ἁνυπίρϐατος
3437 934 3650 1010 διανοίᾳ
3703 939 3879 1009 (ὅ),ἡν

2297 1028 2392 1081 οὐκ
2444 1031 2584 1082 ἔστιν
2641 1027 2926 1102 ὑπερϐῆναι
2979 1035 3089 1090 τοῖς
3154 1026 3450 1100 λογισμοῖς,
3510 1024 3574 1089 ἧς
3631 1026 3724 1080 οὐκ
3752 1029 3880 1080 ἔστιν

2299 1117 2515 1192 ἐξευρεῖν
2573 1119 2637 1170 τὰ
2680 1117 2932 1172 ἐπέκεινα.
2976 1116 3094 1169 Ἐὰν
3141 1119 3242 1192 γὰρ
3285 1116 3652 1190 φιλονεικήσῃς
3679 1123 3739 1188 τῇ
3772 1135 3880 1188 φανο

2297 1213 2461 1280 τασὶᾳ
2513 1215 2605 1260 τοῦ
2663 1214 2751 1259 νοῦ
2808 1202 3171 1282 παραδραμεῖν
3230 1210 3323 1264 τήν
3401 1204 3598 1278 ἀρχὴν,
3659 1206 3884 1279 εὑρήσεις

2299 1296 2460 1355 αὐτὴν
2489 1298 2890 1370 προτρέχουσάν
2931 1315 3048 1362 σου,
3081 1300 3170 1348 καὶ
3200 1300 3616 1369 προαπαντώσαν
3657 1302 3763 1355 τοῖς
3807 1293 3882 1347 λό-

2297 1392 2530 1458 γισμοίς.
2584 1384 2739 1457 Ἄφες
2789 1392 3011 1438 σεαυτοῦ
3064 1388 3152 1438 τὸν
3193 1392 3309 1437 νοῦν
3343 1381 3562 1458 δραμεῖν
3612 1384 3729 1435 ὅσον
3761 1380 3881 1454 βού-

2300 1494 2461 1541 Αεται,
2507 1478 2595 1528 καὶ
2641 1471 2960 1532 διαταοῆναι
3011 1473 3097 1527 ἐπὶ
3148 1476 3216 1527 τὰ
3280 1475 3405 1526 ἄνω·
3481 1469 3593 1526 εἶτα
3671 1473 3884 1545 εὑρήσεις

2299 1564 2455 1618 αὐτὸν
2493 1568 2658 1639 μυρία
2703 1563 3045 1631 πλανηθέντα,
3091 1562 3374 1616 καὶπολλὰ
3418 1561 3884 1635 κενεμϐατήσαντα,

2223 1653 2390 1750 Ιἐκαὶ
2436 1653 2590 1707 πάλιν
2642 1654 2916 1708 ἐπανιόντα
2960 1656 3092 1728 πρὸς
3139 1653 3342 1717 ἑαυτὸν,
3390 1650 3489 1704 διὰ
3532 1654 3591 1703 τό
3640 1654 3710 1724 μὴ
3743 1646 3884 1702 δύναο

2304 1745 2428 1796 σθαι
2456 1747 2746 1818 κατωτέραν
2787 1744 2970 1796 ἑαυτοῦ
3000 1746 3092 1801 τὴν
3137 1741 3312 1816 ἀρχὴν
3342 1749 3588 1800 ποιῆσαι.
3631 1743 3764 1792 Διότι
3815 1736 3888 1791 ἀεὶ

2301 1841 2394 1887 τοῦ
2450 1839 2723 1906 νοουμένου
2787 1832 3008 1908 ἐξωτέρα
3061 1837 3150 1885 καὶ
3199 1832 3382 1885 πλείων
3413 1832 3720 1906 εὑρίσκεται
3759 1827 3882 1899 [6)τὲ

2307 1921 2473 1998 ἀρχή.
2524 1924 2606 1975 Ἐν
2651 1921 2794 1997 ἀρχῇ
2843 1926 3013 1974 τοίνυν
3058 1918 3118 1979 ἦν
3163 1923 3188 1974 ὁ
3217 1925 3406 1992 Λόγος.
3465 1920 3538 1973 Ὠ
3563 1927 3654 1972 τοῦ
3697 1919 3885 1989 θαύμα-

2305 2032 2388 2074 τος
2433 2013 2446 2068 l
2501 2020 2613 2074 Πῶς
2669 2019 2839 2065 πᾶσαι
2892 2010 3132 2072 ἀλλήλαις
3169 2012 3434 2084 ὁμοτίμως
3495 2014 3550 2062 αί
3600 2011 3754 2082 φωναὶ
3783 2025 3886 2059 συν-

2308 2102 2634 2174 εξεύχοησαν
2681 2100 2694 2156 l
2749 2105 2840 2168 Τὸ,
2884 2100 3002 2167 ἾΙν,
3048 2104 3164 2153 ἴσον
3213 2097 3442 2153 δύναται
3480 2106 3595 2164 τοῦ,
3623 2098 3702 2149 Ἐν
3723 2094 3878 2169 ἀρχῇ.

2308 2208 2416 2253 Ποῦ
2465 2201 2491 2252 ὁ
2529 2198 2844 2272 βλάσφημος
2893 2215 2908 2266 ;
2948 2206 3049 2252 ποῦ
3098 2201 3127 2257 ἡ
3170 2199 3553 2272 χριστομάχος
3581 2195 3780 2268 γλῶττα
3815 2192 3884 2258 ,ἦ

2305 2289 2550 2362 λέγουσα,
2581 2288 2678 2341 Ἦν
2708 2309 2850 2356 ποτε,
2885 2290 2967 2341 ὁτε
2997 2287 3090 2340 οὐκ
3130 2284 3190 2346 ἧν
3220 2293 3297 2355 (7)
3328 2304 3342 2354 ;
3369 2286 3570 2340 "Amm
3597 2291 3688 2338 τοῦ
3728 2282 3884 2351 Εὐαγ-

2306 2378 2501 2450 γελίου,
2548 2378 2628 2430 Ἐν
2680 2376 2822 2450 ἀρχῇ
2893 2374 2953 2435 ἧν
3138 2376 3199 2428 Εἰ
3251 2373 3310 2428 δὲ
3353 2374 3401 2428 ἐν
3458 2374 3600 2449 ἀρχῇ
3653 2370 3730 2438 ἦν,
3776 2373 3886 2422 πότε

2307 2468 2402 2520 οῦκ
2450 2465 2510 2526 ἧν
2565 2483 2578 2534 ;
2630 2472 2735 2525 Τὴν
2785 2465 3019 2520 ἀσέϐειαν
3074 2465 3243 2518 αὐτῶν
3301 2465 3554 2531 στενάξω,
3594 2467 3622 2520 ii
3651 2465 3741 2520 τὴν
3771 2457 3886 2532 ἁμαρ

2312 2559 2428 2610 θὶαν
2474 2553 2798 2629 βδελύξομαι
2840 2572 2854 2622 ;
2903 2554 3058 2608 Ἀλλὰ
3093 2559 3194 2630 πρὸ
3222 2563 3312 2607 τοῦ
3335 2555 3670 2626 γεννηθήναι,
3697 2550 3783 2602 οὐκ
3812 2544 3882 2605 ἦν.

2311 2643 2475 2706 Οἶδας
2513 2648 2611 2720 γὰρ
2668 2649 2792 2698 πότε
2841 2644 3101 2716 ἐγεννήθη,
3150 2644 3233 2696 ἶνα
3282 2646 3339 2696 τὸ
3384 2648 3512 2716 πρὶν
3552 2638 3774 2711 δυνηθῇς
3811 2635 3884 2688 ἐπ-

2311 2742 2526 2806 ενεγκεῖν
2571 2743 2642 2806 τῷ
2692 2735 2868 2809 χρόνῳ
2918 2736 3000 2804 (9)
3037 2750 3050 2800 ;
3081 2736 3152 2786 Τό
3203 2735 3328 2807 γὰρ,
3384 2735 3500 2808 Πρὸ
3538 2738 3648 2796 τοῦ,
3680 2727 3882 2801 χρονική

2311 2823 2424 2878 ἐστι
2469 2829 2632 2898 φωνὴ,
2682 2826 2848 2898 ἕτερον
2897 2824 3070 2898 ἑτέρου
3095 2824 3406 2897 προτιθιίσα
3451 2822 3524 2884 εἰς
3563 2819 3882 2873 παλαιότητα·

2309 2920 2407 2968 Τὸν
2452 2912 2510 2968 δε
2562 2923 2652 2967 τοῦ
2709 2920 2905 2989 χρόνου
2960 2919 3182 2971 ποιητὴν
3231 2921 3343 2974 πῶς
3393 2913 3604 2983 εὔλογον
3651 2907 3757 2979 (10)
3785 2911 3886 2962 ταῖς

2233 2994 2272 3048 C
2309 3012 2588 3078 χρονικαῖς
2635 3008 3020 3079 προσηγορίαις
3062 3004 3402 3075 ὑποκειμένην
3465 3005 3603 3074 ἔχειν
3653 2999 3742 3056 τὴν
3794 2997 3891 3066 γίν-

2579 3101 2641 3146 Εν
2675 3093 2816 3166 ἀρχῇ
2874 3097 3044 3146 τοίνυν
3093 3100 3174 3150 ἣν.
3233 3093 3332 3142 Εαν
3389 3095 3468 3163 μὴ
3526 3088 3748 3159 ἀποστῇς
3803 3089 3884 3135 τοῦ

2512 3111 2524 3124 .
2560 3094 2570 3113 ν

2309 3113 2460 3152 νησιν
2512 3113 2526 3162 ;

2308 3183 2426 3253 Ἦν,
2460 3181 2708 3257 οὐδεμίαν
2730 3180 3081 3258 παρείσδυσιν
3133 3178 3294 3240 δώσες
3323 3188 3386 3252 τῇ
3433 3184 3636 3251 πονηρᾷ
3673 3175 3888 3249 βλασφη-

2311 3281 2426 3353 μίᾳ.
2486 3276 2688 3348 Ὠσπερ
2732 3276 2832 3348 γὰρ
2893 3274 2942 3325 οἱ
3003 3270 3409 3335 θαλαττεύοντες,
3473 3272 3593 3322 ὁταν
3645 3265 3723 3318 ἐπὶ
3801 3257 3886 3314 δύο

2315 3349 2600 3419 σαλεύωσιν
2683 3361 2943 3437 ἀγκυρῶν,
3002 3367 3388 3436 καταφρονοῦσι
3463 3365 3552 3410 τοῦ
3630 3349 3881 3409 κλύδωνος·

2312 3456 2446 3508 οὕτω
2511 3457 2602 3505 καὶ
2654 3456 2719 3504 σὺ
2765 3461 2861 3512 τῆς
2916 3457 3146 3523 πονηρᾶς
3189 3452 3381 3510 ταύτης
3425 3455 3689 3522 ταραχῆς,
3731 3436 3884 3502 τῆςίκ

2311 3553 2412 3596 τῶν
2459 3543 2762 3615 πνευμάτων
2827 3550 2918 3602 τῆς
2962 3545 3210 3614 πονηρίας
3259 3537 3592 3611 ἐγγίνομένης
3653 3540 3722 3602 τῷ
3774 3528 3881 3602 βίῳ,

2311 3639 2402 3686 καὶ
2460 3629 2881 3690 διασαλευούσης
2926 3638 3027 3682 τῶν
3075 3629 3271 3682 πολλῶν
3319 3632 3414 3685 τὴν
3469 3631 3662 3690 πίστιν,
3694 3633 3884 3689 καταγι-

2310 3722 2469 3796 λάση,
2521 3721 2605 3776 ἐὰν
2657 3730 2720 3794 τῇ
2790 3719 3043 3793 ἀσφαλείᾳ
3074 3727 3198 3772 ,τῶν
3254 3718 3509 3792 ῥημάτων
3575 3715 3756 3767 τούτων
3803 3709 3883 3764 τὴν

2311 3813 2517 3885 ψυχὴν,
2543 3815 2672 3886 ἔχῃς
2697 3811 3111 3884 ἐνορμισθεῖσαν.

2382 3973 2436 4030 3.
2467 3973 2741 4035 Ἐπιζητεῖ
2777 3969 2836 4026 δὲ
2873 3973 3019 4044 ἡμῶν
3041 3973 3070 4030 ἡ
3103 3967 3330 4036 διάνοια,
3353 3971 3438 4030 τίς
3467 3965 3526 4026 ἦν
3565 3964 3612 4018 ἕν
3643 3961 3775 4036 ἀρχῇ
3803 3955 3883 4024 ἱό

2313 4067 2499 4135 Λόγος,
2547 4069 2696 4136 φησί.
2751 4069 2906 4124 Ποῖος
2945 4061 3099 4133 λόγος
3157 4076 3172 4127 ;
3231 4060 3257 4110 ό
3310 4059 3634 4132 ἀνθρώπινος
3696 4053 3827 4121 λόγος
3869 4059 3884 4109 ἱ

2315 4151 2420 4204 ἀλλ’
2485 4153 2510 4204 ὁ
2549 4153 2649 4204 τῶν
2698 4151 2926 4224 ἀγγέλων
2982 4149 3130 4222 λόγος
3180 4165 3194 4215 ;
3257 4153 3357 4201 Καὶ
3383 4150 3488 4220 γὰρ
3521 4144 3723 4219 ᾐνίξατο
3776 4139 3884 4208 ἡμῖν

2316 4243 2343 4295 ὁ
2399 4242 2732 4310 Ἀπὸστολος,
2783 4244 2848 4302 ὡς
2904 4245 2996 4293 καὶ
3032 4247 3131 4292 τῶν
3181 4237 3405 4310 ἀγγέλων
3469 4232 3608 4288 ἰδίαν
3684 4229 3884 4302 ἐχόντων

2240 4318 2286 4375 D

2315 4456 2543 4530 quandi
2578 4455 2751 4522 ratio,
2792 4459 2920 4511 erat
2956 4453 3304 4530 aliquando,
3344 4451 3420 4530 sit
3463 4445 3886 4530 subobscurior

2314 4524 2631 4597 baec,vero,
2653 4533 2785 4583 erat
2815 4532 3065 4594 tempus,
3104 4525 3266 4580 clara
3309 4524 3386 4597 sit
3417 4527 3596 4597 atque
3631 4525 3880 4588 perspis-

2316 4538 2631 4597 Πωοννθΐο,
2653 4538 2785 4583 erat
2815 4538 3065 4594 tempus,
3104 4538 3266 4580 clara
3309 4538 3386 4577 sn
3417 4538 3596 4642 atque
3631 4538 3855 4588 persipis.

2316 4616 2449 4675 cua.
2479 4598 2729 4675 ibidem.
2754 4597 3162 4675 Beg._pri_mus
3184 4604 3274 4648 τοῦ
3306 4594 3493 4675 egw/7;
3529 4596 3692 4675 ιαὶοῡ,
3831 4645 3855 4675 Ζ

2383 4673 2461 4734 (8)
2487 4673 2546 4724 ιη
2581 4667 2778 4746 tribus.
2797 4662 3148 4746 εῷηἱθνιωίε
3168 4662 3650 4746 mss-Aesim”?
3671 4662 3803 4746 it???
3831 4662 3882 4746 Εἴ

2309 4742 2334 4792 δ
2368 4723 2556 4812 ibit;
2583 4723 2698 4794 Sed
2724 4723 2890 4812 illud,
2924 4740 2950 4790 δ
2982 4743 3171 4809 Λόγος,
3200 4737 3260 4791 in
3281 4723 3430 4791 aliisv
3444 4731 3659 4789 nostris
3688 4723 3885 4812 insse}

2315 4812 2376 4868 in
2414 4805 2672 4881 vulgatis
2707 4810 2895 4873 deest,
2935 4805 3132 4881 neque
3171 4822 3497 4881 eas_voce_s
3540 4805 3882 4881 necessarias

2315 4864 3062 4990 ρξίέῖξξξῖξιυδηίοῶοεΐι
3094 4896 3242 4936 mss.
3272 4874 3612 4950 βδελύξομαι.
3656 4868 3810 4923 Alius
3835 4864 3884 4916 et

2316 4950 2926 5026 δάίιίβδςλύξωμαρπ
3027 5023 3045 5026 _
3139 5025 3143 5026 ί

2485 5007 2888 5096 bolo-tertius
2907 5029 2979 5092 τῷ
3009 5023 3242 5094 ἄχρὸνῳ.
3276 5017 3629 5096 Alii-uisset.
3660 5007 3882 5096 .editifr‘f‘:

2315 5071 2972 5174 xci};iiiEdIéigaa',
3007 5071 3296 5163 scriptum
3323 5089 3509 5146 fuisse
3547 5083 3790 5165 arbitror
3817 5071 3882 5153 al)

2315 5149 2544 5237 aliquo,
2574 5167 2679 5237 qui
2700 5167 2829 5235 ejus
2857 5165 2972 5220 loci
2993 5165 3347 5237 sententiam
3371 5175 3493 5237 non
3519 5162 3658 5235 satis
3680 5159 3882 5237 Pefﬁlff;

2315 5185 2544 5240 aliquo,
2574 5185 2679 5237 qui
2700 5185 2829 5235 BJUS
2857 5185 2972 5220 1001
2993 5185 3347 5219 sententiain
3371 5185 3493 5240 υυμ
3519 5185 3658 5235 δαιιθ
3681 5185 3885 5222 Vocat".

2315 5245 2492 5306 ceret,
2519 5255 2628 5293 nec
2659 5237 3159 5292 animadverteret
3177 5234 3293 5289 dici
3313 5234 3440 5306 haec
3459 5239 3675 5284 ironice
3699 5220 3883 5306 :‘Nosutt

2314 5300 2538 5366 scilicet
2562 5309 2803 5380 quando
2817 5309 3081 5377 genitum
3093 5309 3166 5360 sit
3194 5305 3466 5380 Verbum,
3491 5314 3618 5355 cum
3638 5300 3880 5380 Ῥοίτξξζῖδ

2316 5367 3200 5454 aliquod'tempusvexcogitare,
3225 5375 3384 5448 quod
3407 5374 3534 5442 ejus
3568 5367 3877 5437 generatio-

2316 5469 2449 5510 nem
2477 5455 2867 5520 praecesserit.

2800 5503 3004 5576 iét‘lius
3048 5527 3158 5582 πῶς
3186 5517 3245 5570 ἃν
3278 5522 3353 5577 εἴη
3375 5523 3472 5569 τῶν
3502 5511 3732 5580 εὐλόγων.
3763 5503 3876 5558 Mox

2313 5594 2478 5653 idem
2507 5593 2699 5652 codex
2727 5595 2865 5666 ἔχειν
2890 5596 2982 5651 τήν
3011 5609 3232 5664 γενεσιν,
