4076 6190
569 309 673 366 4⁸79

1918 309 1976 366 S.
2025 307 2272 362 BASILII
2316 305 2554 361 MAGNI.

3809 302 3906 357 480

567 433 936 504 junctionem
957 435 1561 490 commonstret.Nam
1579 432 1896 488 etverbum
1919 435 2210 496 nostrum,

2329 448 2436 496 ται,
2482 431 2598 480 οὔτε
2648 427 2934 502 μερίζεται,
2985 428 3100 479 οῦτε
3146 427 3287 500 ῥέει·
3349 423 3477 476 ἀλλὰ
3533 428 3694 496 μένων
3735 423 3838 486 ὅλος
3882 427 3906 476 ό

572 523 789 580 mentis
827 523 1006 587 fetus,
1033 523 1179 578 citra
1216 523 1565 594 passionem
1607 527 1968 592 generatur;
2023 535 2219 592 neque

572 613 733 670 enim
785 617 1041 678 secatur,
1073 627 1271 684 neque
1319 611 1623 682 dividitur,
1674 627 1872 685 neque
1911 609 2063 678 ﬂuit,
2113 608 2220 664 sed

571 718 744 758 mens
773 706 896 756 tota
925 702 986 756 in
1031 716 1142 756 sua
1167 703 1384 756 natura
1419 717 1808 773 permanens,
1838 699 2093 755 verbum
2137 703 2220 753 to—

571 794 699 846 tum
728 794 784 845 et
813 787 1160 845 absolutum
1179 783 1479 860 producit,
1503 795 1682 863 atque
1707 791 1768 846 in
1785 789 2038 845 verbum
2054 786 2221 861 quod

570 877 860 950 procedit,
882 892 1130 932 omnem
1150 880 1368 934 mentis
1391 880 1731 948 generantis
1760 878 2037 935 virtutem
2069 877 2132 932 in
2155 892 2218 932 se

571 964 1003 1036 complectitur.
1024 969 1351 1039 Postquam
1365 967 1544 1036 igitur
1563 973 1797 1024 tantum
1817 967 1894 1024 ad
1928 964 2220 1034 Unigeniti

570 1053 933 1124 theologiam
963 1071 1036 1111 ex
1072 1055 1238 1111 verbi
1272 1072 1419 1112 voce
1462 1056 1893 1128 desumpseris,
1922 1058 2219 1128 quantum

569 1143 739 1216 pium
773 1143 970 1208 fuerit,
993 1149 1121 1199 tum
1143 1145 1440 1217 quidquid
1464 1146 1728 1202 alienum
1751 1160 1878 1200 esse
1901 1161 1970 1200 ac
1992 1144 2218 1199 dissen-

568 1235 817 1287 taneum
842 1233 1156 1304 repereris,
1186 1233 1250 1288 id
1279 1234 1804 1306 devita,omnique
1834 1233 2034 1290 studio
2064 1248 2218 1306 prae-

569 1321 929 1390 tergredere.
953 1323 1026 1376 In
1062 1323 1370 1392 principio
1401 1330 1529 1380 erat
1577 1323 1841 1380 Verbum.
1873 1321 2099 1390 Quodsi
2126 1321 2218 1377 di-

566 1409 785 1466 xisset:
842 1414 904 1465 In
939 1411 1236 1483 principio
1280 1417 1407 1469 erat
1457 1413 1654 1485 Filius,
1689 1413 1794 1470 tibi
1842 1413 1905 1468 in
1952 1415 2218 1468 mentem

569 1513 692 1554 una
721 1515 860 1554 cum
890 1499 1016 1555 Filii
1047 1501 1452 1574 appellatione
1481 1503 1746 1560 venisset
1771 1503 2058 1577 quaedam
2086 1517 2221 1575 pas-

567 1587 752 1642 sionis
782 1589 1085 1658 cogitatio.
1119 1591 1417 1657 Quoniam
1441 1592 1603 1649 enim
1628 1609 1766 1666 quae
1797 1592 1961 1666 apud
1981 1607 2092 1648 nos
2121 1605 2220 1661 ge-

567 1680 804 1742 nerant,
825 1681 1096 1751 tempore
1140 1687 1450 1751 generant,
1484 1687 1542 1739 et
1569 1699 1696 1738 cum
1729 1682 2006 1754 passione
2036 1695 2219 1751 gene-

2326 525 2441 578 νοῦς
2481 516 2532 569 έν
2581 525 2642 590 τῇ
2691 513 2805 588 ἰδίᾳ
2836 516 3113 580 συστάσει,
3146 511 3258 566 ὅλον
3290 517 3376 566 τόν
3419 513 3569 585 λόγον
3620 518 3708 565 καὶ
3747 511 3907 588 ἀπηρ-

2325 612 2565 680 τισμένον
2633 608 2926 678 ὑφίστησι·
2981 609 3070 657 καὶ
3127 603 3383 680 προελθὼν
3433 605 3458 655 6
3519 603 3686 674 λόγος,
3748 609 3906 656 πᾶσαν

2325 697 2416 749 τοῦ
2445 701 2785 768 γεννήσαντος
2833 702 2921 748 νοῦ
2961 699 3053 753 τὴν
3101 691 3322 766 δύναμιν
3367 693 3417 746 ἐν
3451 692 3618 763 ἐαυτῷ
3667 712 3905 767 mpuzu'

2323 785 2486 839 Ὅσον
2517 783 2602 839 οὖν
2637 785 2855 852 εὐσεϐὲς,
2888 793 3134 837 τοσοῦτον
3182 781 3350 835 λαϐὼν
3399 785 3527 857 πρός
3567 786 3662 839 τήν
3693 789 3781 834 τοῦ
3805 783 3905 854 (l7)

2325 883 2639 948 Μονογενοῦς
2706 874 2966 946 θεολογίαν
3029 872 3087 926 ἐκ
3168 880 3261 933 τῆς
3324 878 3416 924 τοῦ
3493 870 3652 942 λόγου
3719 879 3903 943 φωνῆς·

2326 966 2446 1041 ὅπερ
2505 964 2566 1017 ἂν
2619 965 2768 1039 εὑρης
2811 961 3128 1036 ἆπεμφαῖνον
3194 965 3284 1014 καὶ
3343 958 3676 1036 ἁνὰρμοστον
3741 964 3906 1031 φαινό-

2324 1075 2512 1128 μενον,
2576 1060 2729 1107 τοῦτο
2793 1056 3164 1127 παραίτησαι,
3230 1054 3320 1103 καὶ
3386 1049 3645 1124 ὑπέρϐηθι
3702 1058 3902 1122 μηχανῇ

2323 1148 2492 1219 πάσῃ.
2522 1144 2602 1198 Ἐν
2634 1142 2777 1219 ἀρχῆ
2813 1139 2872 1200 iv
2919 1143 2944 1194 6
2994 1146 3185 1213 Λόγος.
3227 1141 3288 1192 Εἰ
3338 1136 3397 1193 δε
3438 1137 3574 1193 εἶπεν
3599 1160 3612 1174 ο
3669 1146 3731 1193 Εν
3775 1138 3903 1214 ἀρχῇ

2326 1226 2386 1288 iv
2436 1231 2462 1282 6
2501 1230 2635 1296 Υἱός,
2666 1235 2728 1301 τῇ
2779 1246 3114 1302 προσηγοριᾳ
3157 1232 3248 1280 τοῦ
3301 1226 3426 1278 Υἱοῦ
3484 1223 3813 1282 συνεισῆλθεν
3853 1224 3906 1275 ἄν

2328 1337 2413 1372 σοι
2441 1320 2472 1377 i
2504 1323 2622 1393 περὶ
2667 1325 2759 1370 τοῦ
2801 1317 3002 1379 πάθους
3044 1318 3227 1369 ἔννοια.
3263 1310 3477 1372 Ἐπειδὴ
3511 1315 3615 1388 γὰρ
3649 1315 3759 1385 (18)
3786 1307 3905 1387 παρ’

2325 1410 2450 1481 ἡμῖν
2491 1409 2559 1461 τὰ
2602 1413 2859 1479 γεννῶντα
2902 1409 3080 1480 χρόνῳ
3120 1409 3289 1476 γεννᾷ,
3321 1407 3411 1455 καὶ
3461 1401 3702 1475 ὶμπαθῶς
3749 1407 3905 1474 γεννᾷ,

2327 1494 2421 1551 διὰ
2470 1503 2624 1549 τοῦτο
2678 1493 2966 1571 προλαϐὼν,
3029 1498 3199 1565 Λόγον
3265 1489 3392 1559 εἶπε,
3453 1488 3906 1566 προδιορθοῦμενος

2325 1589 2420 1650 τὰς
2463 1584 2705 1661 ἀπρεπεῖς
2751 1583 3053 1657 ὑπολήψεις,
3085 1583 3169 1636 ἶνα
3200 1600 3294 1636 σου
3343 1585 3439 1640 τὴν
3483 1579 3670 1654 ψυχήν
3696 1581 3905 1654 ἄτρωτον

2328 1673 2687 1734 διασώσηται.

565 1770 722 1836 rant,
770 1765 993 1824 idcirco
1045 1770 1175 1826 haec
1231 1775 1662 1843 occupaturus,
1729 1771 1982 1828 Verbum
2047 1768 2215 1839 dixit,
2256 1764 2630 1839 suspiciones
2664 1761 2932 1820 absonas
2974 1760 3037 1817 in
3078 1763 3466 1818 antecessum
3501 1758 3820 1830 corrigens,
3850 1761 3908 1815 ut

566 1853 834 1911 animam
871 1862 1034 1914 tuam
1065 1859 1317 1916 illaesam
1343 1865 1626 1918 servaret.

635 1945 692 1998 4.
722 1945 801 2000 Et
827 1946 1077 2004 Verbum
1096 1955 1226 2004 erat
1246 1949 1416 2019 apud
1434 1951 1643 2017 Deum,
1666 1951 1913 2019 Rursus,
1935 1947 2111 2016 Erat,
2135 1945 2216 2002 ob

565 2045 670 2086 eos
699 2033 802 2104 qui
831 2034 1015 2107 impie
1045 2036 1254 2094 dicunt
1273 2037 1441 2112 quod
1469 2054 1594 2094 non
1621 2041 1767 2094 erat.
1793 2036 1901 2093 Ubi
1923 2041 2049 2092 erat
2082 2035 2217 2092 Ver-

568 2120 751 2178 bum?
780 2126 904 2180 Non
945 2125 1008 2181 in
1054 2125 1226 2182 loco:
1275 2127 1776 2202 quandoquidem
1814 2126 1876 2183 in
1914 2125 2049 2182 loco
2091 2139 2216 2180 non

565 2210 945 2268 continentur
988 2229 1126 2286 quae
1164 2215 1580 2272 circumscribi
1632 2231 1756 2272 non
1799 2219 2076 2288 possunt.
2101 2212 2217 2269 Sed

564 2299 670 2355 ubi
700 2302 872 2358 erat?
891 2304 1076 2372 Apud
1105 2292 1314 2362 Deum.
1343 2306 1547 2379 Neque
1566 2309 1735 2363 Pater
1748 2306 1810 2362 in
1834 2305 1993 2372 loco,
2015 2318 2215 2376 neque

563 2386 745 2444 Filius
772 2389 835 2445 in
863 2392 1096 2449 ambitu
1138 2394 1280 2462 ullo,
1313 2401 1417 2451 aut
1455 2400 1618 2451 certa
1661 2393 2214 2465 circumscriptione

563 2479 1129 2550 comprehenditur:
1165 2483 1270 2538 sed
1302 2483 1572 2540 inﬁnitus
1613 2487 1800 2552 Pater,
1831 2483 2101 2540 inﬁnitus
2124 2486 2215 2540 est

565 2565 768 2623 Filius.
809 2569 1111 2645 Quidquid
1139 2572 1510 2644 cogitaveris,
1536 2578 1593 2630 et
1615 2588 1975 2646 quocunque
2000 2571 2213 2645 spiritu

563 2656 666 2710 tuo
714 2659 1067 2728 perrexeris,
1101 2675 1281 2716 omne
1327 2661 1392 2716 id
1445 2663 1564 2718 Deo
1610 2661 1860 2734 plenum
1903 2660 2207 2718 invenies:

561 2742 788 2815 ubique
817 2745 1088 2804 offendes
1117 2750 1341 2820 pariter
1371 2755 1759 2807 coextensam
1779 2750 1902 2807 Filii
1921 2750 2211 2823 hyposta-

563 2830 699 2886 sim.
722 2834 802 2887 Et
833 2835 1084 2892 Verbum
1105 2844 1236 2894 erat
1252 2839 1418 2908 apud
1438 2841 1644 2896 Deum.
1669 2839 1981 2897 Admirare
2013 2839 2212 2910 cujus-

563 2934 800 2992 cunque
824 2923 985 2978 vocis
1014 2930 1367 2983 accuratum
1396 2927 1717 2985 delectum.
1752 2931 1879 2984 Non
1926 2928 2109 2986 dixit:
2149 2930 2211 2984 In

563 3009 684 3063 Deo
703 3015 830 3066 erat
853 3011 1136 3082 Verbum,
1159 3015 1265 3071 sed
1283 3017 1470 3086 Apud
1495 3019 1706 3084 Deum,
1733 3022 1798 3072 ut
1814 3018 2210 3089 hypostaseos

559 3098 985 3170 proprietatem
1009 3102 1358 3162 declararet.
1389 3109 1517 3163 Non
1544 3107 1724 3162 dixit:
1758 3111 1822 3163 ln
1874 3109 2012 3178 Deo,
2048 3111 2113 3162 ut
2134 3121 2211 3162 ne

2395 1948 2448 2001 4.
2492 1948 2593 1999 Καί
2621 1945 2648 1997 6
2677 1947 2836 2016 Δόγος
2887 1939 2948 2001 iv
2999 1943 3127 2018 πρὸς
3167 1943 3255 1994 τὸν
3309 1945 3461 1997 Θεὸν.
3497 1940 3658 1995 Πάλιν
3698 1944 3775 2010 τό,
3817 1940 3901 1992 Ἦν

2323 2029 2360 2088 δ
2365 2037 2417 2087 ιὰ
2439 2037 2557 2096 τοὺς
2591 2033 3053 2107 βλασφημοῦντας,
3087 2033 3167 2084 ὅτι
3191 2030 3285 2084 οὑκ
3307 2028 3388 2089 iv.
3419 2037 3532 2085 Ποῦ
3562 2027 3625 2090 iv
3667 2031 3693 2083 6
3721 2033 3898 2102 Λόγος;

2321 2122 2432 2176 Οὐκ
2484 2121 2532 2175 έν
2579 2127 2756 2194 τόπῳ·
2813 2121 2871 2174 οῦ
2927 2123 3026 2197 γὰρ
3079 2123 3382 2196 περιέχεται
3429 2125 3576 2192 τόπῳ
3625 2121 3692 2173 τὰ
3733 2117 3900 2194 ἀπερί-

2319 2231 2549 2285 γραπτα,
2608 2210 2763 2264 Ἀλλὰ
2816 2217 2918 2264 ποῦ
2974 2207 3074 2277 iv;
3127 2211 3266 2284 Πρός
3329 2211 3418 2262 τόν
3485 2213 3636 2265 Θεὸν.
3701 2211 3826 2262 Οῦτε
3878 2207 3899 2258 6

2320 2306 2502 2377 Πατήρ
2556 2299 2604 2353 ἐν
2655 2305 2817 2372 τόπῳ,
2869 2301 2986 2352 οῦτε
3041 2300 3068 2352 ό
3126 2301 3243 2359 Υἱός
3299 2296 3350 2351 ἓν
3402 2305 3634 2374 περιοχῇ
3683 2304 3781 2350 τινί
3821 2299 3900 2348 καὶ

2318 2398 2612 2465 περιγραφῇ
2668 2388 3049 2461 ὁμολογουμένῆ
3119 2387 3527 2460 κατείλημμένος
3551 2408 3564 2421 ο
3625 2385 3727 2439 ἀλλ’
3774 2386 3900 2438 ἄπει-

2318 2497 2403 2553 ρος
2452 2482 2542 2551 μὲν
2591 2480 2617 2530 6
2666 2482 2870 2553 Πατὴρ,
2904 2478 3113 2550 ἄπειρος
3163 2472 3222 2529 δὴ
3268 2477 3295 2528 6
3329 2478 3470 2538 Υἱός.
3507 2482 3613 2530 Πᾶν
3652 2478 3767 2550 ὅπερ
3816 2472 3898 2525 ἆν-

2318 2571 2534 2640 νοήσης,
2566 2571 2657 2620 καὶ
2705 2568 2929 2640 ὅπουπερ
2979 2564 3040 2617 ἆν
3086 2567 3347 2639 πορευθῇς
3392 2573 3471 2638 τῷ
3516 2567 3765 2637 πνεύματι
3794 2581 3896 2630 σου,

2318 2663 2412 2710 τοῦ
2459 2664 2590 2710 Θεοῦ
2649 2657 2891 2729 εὑρήσεις
2944 2655 3380 2730 πεπληρωμένον*
3445 2661 3719 2727 πανταχοῦ
3783 2671 3898 2724 συμ-

2318 2751 2778 2820 παρεκτεινομένην
2835 2747 3070 2822 εὑρήσεις
3115 2752 3210 2798 τοῦ
3256 2747 3382 2798 Υἱοῦ
3449 2749 3544 2805 τὴν
3591 2746 3890 2798 ὑπόστασιν.

2322 2843 2424 2891 Καὶ
2475 2838 2501 2889 ὁ
2547 2841 2718 2909 Λόγος
2786 2832 2847 2894 iv
2898 2839 3030 2910 πρὸς
3098 2839 3187 2889 τὸν
3262 2839 3410 2891 Θεόν.
3485 2840 3759 2908 Θαυμασον
3815 2835 3897 2890 τὴν

2320 2924 2585 3000 ἀκρίϐειαν
2636 2926 2862 2986 ἑκάστης
2914 2933 3116 2998 φωνῆς’
3171 2924 3267 2978 οὑκ
3323 2921 3489 2992 εἶπεν,
3544 2925 3623 2979 Ἐν
3673 2931 3742 2995 τῷ
3795 2928 3894 2990 Θεῷ

2321 3011 2383 3074 iv
2430 3017 2456 3068 6
2506 3019 2707 3088 Λόγος·
2761 3013 2907 3080 ἀλλὰ,
2953 3016 3090 3089 Πρός
3137 3016 3225 3066 τόν
3265 3017 3425 3068 Θεόν·
3481 3016 3565 3067 ἶνα
3608 3015 3666 3067 τὸ
3713 3008 3898 3072 ίδιάζον

2317 3112 2415 3165 τῆς
2478 3105 2814 3164 ὑποστάσεως
2897 3108 3244 3178 παραστήσῃ.
3308 3102 3425 3155 Οῦκ
3492 3099 3644 3170 εἶπεν,
3706 3099 3780 3154 Ἐν
3835 3105 3897 3169 τῷ

561 3185 1004 3246 confundenda
1025 3191 1431 3264 hypostaseos
1451 3195 1621 3251 daret
1639 3195 2042 3252 occasionem.
2062 3199 2210 3252 Nam

2321 3201 2455 3264 Θεῷ,
2484 3194 2568 3246 ἶνα
2608 3197 2680 3266 μὴ
2726 3197 2987 3267 πρόφασιν
3031 3188 3108 3263 δῷ
3146 3199 3208 3264 τῇ
3259 3193 3535 3263 συγχύσει
3559 3198 3650 3264 τῇς
3680 3187 3894 3241 ὑποστά-

561 3289 752 3346 prava
778 3276 878 3333 illa
903 3285 994 3334 est
1021 3279 1404 3353 blasphemia
1427 3299 1663 3353 eorum,
1682 3285 1786 3356 qui
1817 3285 2211 3341 commiscere

561 3363 769 3420 omnia
797 3372 1130 3437 conantur;
1181 3369 1510 3444 dicuntque
1541 3374 1773 3428 Patrem
1817 3377 1873 3428 et
1917 3372 2125 3429 Filium
2155 3377 2212 3430 et

565 3451 848 3523 Spiritum
873 3461 1174 3524 sanctum,
1193 3475 1383 3515 unum
1406 3475 1535 3516 esse
1557 3460 2106 3534 subjectum,atque
2127 3462 2213 3519 rei

559 3539 666 3596 uni
695 3545 945 3600 nomina
965 3544 1204 3603 diversa
1229 3547 1469 3604 ascribi.
1491 3548 1771 3621 Impietas
1798 3552 2083 3623 pessima,
2100 3567 2212 3607 nec

559 3629 760 3685 minus
781 3631 1069 3702 fugienda
1089 3650 1277 3707 quam
1296 3651 1504 3694 eorum
1525 3638 1628 3710 qui
1644 3654 1745 3694 ore
1759 3638 2117 3713 blasphemo
2131 3641 2215 3697 af-

556 3718 802 3776 ﬁrmant
819 3722 1029 3780 Filium
1056 3725 1154 3781 Dei
1183 3727 1302 3782 Deo
1323 3732 1380 3784 et
1407 3727 1562 3784 Patri
1583 3729 1918 3786 secundum
1938 3729 2214 3788 substan~

556 3808 701 3865 tiam
723 3810 1079 3871 dissimilem
1105 3831 1254 3872 esse.
1274 3817 1356 3873 Et
1386 3818 1638 3874 Verbum
1665 3825 1798 3875 erat
1819 3821 1981 3888 apud
1998 3821 2208 3878 Deum.

555 3897 780 3957 Deinde
807 3899 1210 3977 posteaquam
1239 3906 1410 3962 Verbi
1435 3923 1646 3964 vocem
1670 3907 1748 3964 ad
1769 3908 2210 3967 ostendendam

554 3991 959 4057 generationis
988 3993 1301 4064 apathiam
1331 3995 1628 4062 adhibuit;
1661 3997 1865 4053 statim
1895 4002 1953 4053 et
1982 4013 2210 4055 noxam

553 4091 690 4133 eam
716 4095 853 4151 quae
879 4096 952 4136 ex
972 4081 1151 4137 Verbi
1172 4083 1419 4139 nomine
1445 4085 1733 4141 accedere
1755 4090 2010 4157 poterat,
2035 4102 2208 4143 cura-

551 4165 650 4222 vit.
674 4171 862 4240 Atque
891 4176 1080 4226 semet
1098 4173 1272 4244 quasi
1301 4189 1371 4228 ex
1393 4172 1950 4247 blasphemantium
1971 4174 2208 4232 calum-

549 4253 653 4310 nia
675 4258 717 4325 ι
732 4257 848 4328 38
882 4259 1170 4328 eximens,
1187 4261 1362 4331 Quid,
1384 4261 1600 4335 inquit,
1619 4269 1707 4320 est
1733 4264 2030 4322 Verbum?
2051 4266 2212 4324 Deus

2324 3301 2469 3344 σεως.
2506 3284 2716 3358 Πονηρὰ
2758 3284 2860 3357 γὰρ
2909 3283 3118 3339 κάκείνη
3165 3283 3193 3340 ἠ
3247 3279 3571 3354 βλασφημία
3615 3287 3710 3332 τῶν
3739 3280 3894 3351 φύρειν

2318 3375 2386 3424 τὰ
2433 3375 2603 3426 πάντα
2648 3370 3068 3444 ἐπιχειρούντων,
3101 3372 3192 3422 καὶ
3241 3369 3290 3422 ἓν
3337 3373 3397 3422 τὸ
3447 3372 3767 3443 ὑποκείμενον
3791 3367 3870 3438 (19

2319 3462 2587 3534 λεγόντων,
2622 3464 2829 3534 Πατέρα
2855 3463 2947 3512 καὶ
3001 3461 3121 3511 Υἰὸν
3151 3463 3242 3512 καὶ
3290 3459 3446 3531 ἅγιον
3490 3466 3715 3532 Πνεῦμα,
3740 3471 3891 3528 προσ-

2321 3555 2536 3627 ηγορίας
2588 3546 2646 3602 δε
2703 3546 3057 3625 διαφερούσας
3096 3556 3170 3620 τῷ
3223 3547 3293 3601 ἑνὶ
3344 3550 3623 3621 πράγματι
3665 3545 3891 3617 ἐπιφημί-

2321 3641 2524 3703 ζεσται.
2559 3641 2769 3714 Πονηρὰ
2797 3641 2826 3697 ή
2862 3637 3094 3702 ἀσέϐεια,
3125 3637 3217 3690 καί
3255 3641 3454 3710 φευκτὴ
3488 3637 3581 3691 οὑκ
3619 3638 3764 3694 ἧττον
3805 3639 3890 3685 τῶν

2321 3728 2558 3805 ἀνόμοιον
2603 3727 2730 3783 εἶναι
2759 3727 2870 3782 κατ’
2898 3728 3081 3781 οῦσίαν
3123 3731 3211 3781 τὸν
3248 3729 3368 3781 Υἰόν
3398 3735 3497 3781 τοῦ
3543 3733 3674 3782 Θεοῦ
3700 3732 3768 3796 τῷ
3794 3730 3893 3791 Θιῳ

2317 3826 2408 3875 καὶ
2459 3823 2628 3894 Πατρὶ
2687 3817 3157 3891 βλασφημούντων.
3213 3820 3315 3871 Καὶ
3362 3818 3390 3870 6
3450 3819 3621 3889 Λόγος
3673 3812 3731 3873 iv
3780 3812 3896 3887 πρὸς

2317 3914 2404 3964 τὸν
2449 3913 2596 3964 Θεόν.
2637 3905 2766 3961 Εἶτα
2814 3904 3259 3982 συγχρησᾶμενος
3305 3912 3368 3978 τῇ
3430 3913 3522 3960 τοῦ
3571 3908 3728 3976 Δόγου
3769 3905 3888 3974 φωνῇ

2317 4002 2447 4074 πρὸς
2500 4001 2595 4056 τήν
2650 3997 2986 4071 παράστασιν
3028 4003 3125 4056 τῆς
3181 3997 3318 4047 κατὰ
3363 3998 3464 4055 τὴν
3511 3998 3744 4066 γέννησιν
3791 3989 3890 4056 (20)

2319 4085 2589 4154 ἀπαθείας,
2622 4088 2764 4157 ταχὺ
2820 4088 2911 4137 καὶ
2965 4085 3025 4136 τὸ
3069 4083 3124 4136 ἐκ
3171 4089 3263 4136 τοῦ
3303 4087 3485 4154 Λόγου
3529 4080 3714 4156 βλάϐος
3762 4077 3892 4148 ἐγγι-

2315 4180 2519 4249 νόμενον
2573 4177 2698 4248 ήμίν
2753 4174 3183 4248 παρεμυθήσατο.
3257 4175 3358 4226 Καὶ
3429 4173 3535 4225 οἷον
3599 4165 3890 4242 ἀφαρπάζων

2317 4265 2471 4318 αὑτὸν
2536 4272 2627 4325 τῆς
2696 4267 3041 4335 συκοφαντίας
3104 4269 3204 4313 τῶν
3279 4259 3754 4334 βλασφημούντων,
3815 4255 3888 4319 Τί,

551 4349 684 4399 erat
749 4347 1012 4405 Verbum.
1047 4353 1127 4406 Ne
1170 4350 1318 4406 mihi
1373 4351 1694 4409 artiﬁciose
1745 4353 2206 4411 comminiscare

2318 4357 2495 4427 φησὶν,
2556 4352 2696 4406 ἐστὶν
2753 4353 2779 4404 6
2831 4355 3036 4424 Λόγος;
3092 4352 3219 4410 Θεὸς
3269 4346 3330 4408 iv
3384 4349 3411 4402 6
3461 4353 3644 4421 Λόγος.
3693 4348 3772 4402 Μή
3809 4357 3888 4414 μοι

551 4433 851 4502 quasdam
868 4437 1194 4494 verborum
1216 4439 1805 4513 distinctiones,neve
1816 4443 2087 4514 maligno
2104 4449 2206 4500 tuo

552 4519 804 4578 artiﬁcio
827 4526 1168 4583 convicium
1191 4528 1382 4585 ullum
1403 4529 1692 4587 doctrinae
1721 4532 1972 4604 Spiritus
1995 4549 2206 4606 asper-

619 4665 728 4734 (t7)
755 4662 998 4736 Antiqui
1046 4666 1170 4723 duo
1217 4667 1352 4724 libri
1405 4674 1461 4726 et
1517 4670 1658 4727 editi
1703 4671 1774 4734 εἰς
1825 4676 1920 4730 τήν
1946 4679 2056 4727 τοῦ.
2090 4671 2202 4728 Alii

549 4737 978 4813 quatuormss.
1006 4742 1144 4813 «pq;
1164 4743 1257 4797 τὴν
1287 4748 1399 4813 τοῦ.
1425 4741 1599 4813 Haud
1617 4742 1797 4813 longe
1827 4743 1971 4799 editi
1999 4747 2057 4799 et
2077 4742 2199 4799 duo

548 4805 1006 4886 msslﬁuépﬁ‘iet.
1039 4805 1149 4886 Alii
1175 4813 1290 4886 tres
1322 4812 1540 4886 ὑπέρϐα.

621 4859 733 4961 ς
759 4859 975 4961 addita
997 4859 1559 4961 έξῖίξρξςῐιὶεξρἑιᾍξὲ
1586 4883 1827 4961 duobus
1858 4883 2196 4961 codicibus.

620 4951 736 5027 (4:9)
765 4950 918 5027 Libri
965 4950 1209 5027 vulgati,
1239 4950 1462 5027 quibus
1486 4953 1741 5010 fortasse
1792 4959 1930 5025 Reg.
1965 4956 2197 5027 primus

548 5019 694 5075 addi
717 5025 944 5105 Potest,
977 5019 1146 5105 καὶίὲν
1170 5026 1242 5105 τό
1257 5019 1620 5105 ὑποκείρζενον,
1653 5041 1835 5105 unum
1869 5019 2194 5105 s'ubj'ectum

548 5105 687 5164 esse.
715 5094 854 5164 Reg.
889 5094 1098 5149 tertius
1128 5094 1370 5150 etColb.
1397 5094 1599 5150 itidem
1623 5097 1827 5152 tertius
1853 5094 1993 5154 cum
2024 5098 2200 5157 Coisl.

548 5168 637 5214 καὶ
663 5161 710 5213 ἐν
740 5161 822 5234 τῷ
838 5166 1175 5238 ὑποκειμένῳ,
1196 5167 1267 5238 γιίι
1296 5167 1558 5236 subjecto
1587 5183 1708 5224 esse
1726 5183 1751 5224 .'
1773 5169 1874 5223 ubi
1895 5167 1964 5234 ἐν,
1990 5171 2077 5234 in,
2101 5169 2202 5222 de-

549 5240 799 5304 pravate
844 5236 1110 5360 positam
1153 5237 1384 5292 videtur
1413 5253 1522 5326 pro
1553 5239 1622 5305 ἓν,
1657 5255 1863 5299 unum.
1899 5239 2062 5295 Colb.
2087 5239 2204 5311 pri-

549 5319 685 5358 mus
714 5311 771 5359 et
807 5323 840 5360 a
867 5323 906 5360 ιι
947 5307 1069 5360 duo
1113 5323 1262 5360 mss.
1294 5314 1383 5360 καὶ
1413 5329 1462 5360 εν
1513 5317 1584 5360 τῶ
1634 5311 1971 5360 ὑποκειιιένω.
2000 5312 2200 5360 dicen-

548 5319 685 5383 mus
714 5311 780 5383 et
807 5307 906 5362 alii
947 5307 1069 5363 duo
1113 5323 1262 5383 mss.
1290 5314 1383 5383 καὶ
1413 5307 1462 5362 ἓν
1513 5317 1584 5381 τῷ
1634 5311 1971 5383 ὑποκειμένῳ,
2000 5307 2200 5383 dicem

551 5376 700 5428 tium
731 5376 973 5452 Patrem
1023 5384 1079 5435 et
1131 5381 1427 5452 Spiritum
1472 5376 1748 5438 sanctum
1800 5376 1932 5438 esse
1965 5381 2204 5452 aliquid

550 5459 734 5529 unum
764 5447 1265 5529 subjggtonﬁacile
1287 5451 1536 5523 quidem
1559 5452 1906 5529 intelligitur
1926 5447 2202 5529 voculam

553 5518 623 5596 ἐν,
652 5530 840 5596 quam
872 5518 988 5596 alii_
1015 5519 1185 5596 aliter
1215 5518 1600 5596 acceperunt,
1629 5518 1830 5596 locum
1878 5524 1991 5596 his
2024 5523 2203 5596 variis

549 5584 906 5644 lectionibus
952 5589 1232 5648 dedisse:
1295 5584 1404 5649 sed
1435 5584 1748 5667 quomodo
1798 5595 1918 5668 legi
1959 5594 2200 5660 debeat,

2315 4441 2609 4514 τεχνολόγει
2653 4437 2912 4517 διαφοράς
2961 4459 3104 4502 τινας
3155 4439 3267 4510 (21)
3315 4437 3504 4511 λόγων,
3544 4433 3678 4510 μηδε
3723 4433 3772 4486 ἑκ
3809 4436 3887 4488 τῆς

2315 4541 2412 4594 σῆς
2462 4535 2807 4603 κακοτεχνίας
2863 4528 3191 4604 ποοστρίψῇς
3254 4530 3372 4582 τινὰ
3438 4527 3768 4602 βλασφημίαν
3827 4523 3886 4589 τῇ

2309 4687 2433 4743 non
2458 4670 2540 4727 ita
2569 4669 2776 4743 liquet.
2802 4673 2948 4725 Puto
2971 4672 3173 4726 autem
3194 4685 3415 4742 parum
3445 4668 3680 4743 referre,
3703 4670 3882 4722 utrum

2308 4741 2561 4812 legatur,
2591 4740 2727 4794 ἓιῐτό
2753 4742 3105 4813 ὑποκείμενον,
3146 4740 3332 4796 uirum
3357 4741 3707 4813 subjectum
3758 4746 3880 4796 esse,

2310 4829 2386 4868 an
2419 4821 2490 4884 τῷ
2518 4813 2855 4886 ὑποκειμένῳ,
2885 4812 3070 4886 unum
3098 4812 3569 4886 Aessesubjeclo,
3589 4817 3881 4886 cumnsen-

2309 4900 2415 4939 sus
2443 4876 2659 4940 eodem
2686 4876 2924 4955 semper
2951 4876 3515 4955 recidatilacténus
3535 4882 3609 4937 de
3641 4876 3880 4955 scriben-

2305 4955 2365 5010 di
2415 4955 2665 5026 ratione.
2704 4953 2879 5021 Qudd
2925 4959 3127 5009 autem
3171 4953 3250 5008 ad
3299 4953 3879 5026 ipsamgsentent‘iam

2307 5027 2533 5091 attinet,
2567 5025 2708 5080 mihi
2728 5019 3142 5097 dubiumnon
3169 5030 3257 5079 est
3285 5019 3433 5096 quin
3463 5023 3559 5079 hic
3587 5019 3876 5097 confuten-

2311 5102 2405 5152 tur
2433 5097 2791 5153 Sabelliani:
2845 5096 3010 5168 quod
3038 5095 3328 5168 indca‘usa‘
3355 5101 3469 5168 est,
3496 5109 3599 5168 cur
3632 5095 3881 5163 suspicer

2309 5167 2406 5223 hic
2458 5184 2598 5224 voce
2629 5165 2958 5239 ὑποκειμένου
2989 5165 3139 5222 nihil
3169 5165 3333 5221 aliud
3363 5165 3473 5220 nisi
3504 5167 3783 5217 ὑπόστασιν
3806 5170 3878 5239 sli:

2312 5238 2607 5308 gniﬁcari,
2643 5239 2757 5308 hoc
2783 5224 2894 5308 est,
2933 5251 3274 5306 personam.
3309 5239 3436 5293 Mox
3467 5251 3609 5292 mss.
3630 5224 3878 5288 nonnulli

2309 5306 2673 5390 προσηγορίας
2802 5307 3105 5390 διαφορους.
3154 5379 3164 5389 _
3221 5383 3230 5390 .
3392 5377 3401 5388 ο
3573 5376 3582 5386 ⁸
3822 5367 3866 5390 Α,

2385 5376 2506 5450 (2οῘ
2537 5376 2599 5437 ιίι
2631 5380 2802 5438 Colb.
2843 5376 3010 5436 tcitio
3053 5379 3344 5452 scriptum
3387 5376 3718 5433 invenimus
3757 5376 3876 5423 κατὰ

2346 5469 2508 5504 ενεσιν
2521 5497 2528 5504 .

2309 5472 2508 5597 γεῖἒῖἶ
2521 5497 2765 5597 Antiqui
2796 5527 2914 5578 tres
2935 5518 3347 5597 Ιίβνίέῖιαφοράς
3374 5540 3540 5576 τινων.
3565 5512 3727 5572 Haud
3753 5523 3874 5584 pro-

2311 5593 2408 5649 cul
2439 5591 2607 5650 (ΞΟΠ).
2631 5591 2862 5666 pi‘imus
2883 5595 3028 5655 τινὰς
3059 5591 3422 5668 βλασφημίας.
