4076 6190
188 294 266 349 ιει
871 281 1162 341 HOMILIA
1198 282 1268 337 IN
1307 280 1538 346 ILLUD,
1577 275 1671 334 IN
1702 275 2120 334 PRINCIPIO
2153 277 2378 336 ERAT
2417 279 2762 337 VERBUM.

188 410 485 483 διδασκαλίᾳ
538 416 622 462 τοῦ
675 409 990 481 Πνεύματος.
1036 406 1220 480 Ἔχεις
1274 409 1368 464 τὴν
1430 402 1692 474 ἀπόφασιν
1726 422 1738 434 ·

1858 416 1988 470 gas.
2021 402 2212 459 Habes
2259 403 2613 460 sententiam
2657 422 2670 460 :

188 503 453 572 ὑποτάγηθι
499 507 566 570 τῷ
621 504 815 572 Κυριῳ.
867 499 998 558 Θεὸς
1044 492 1104 554 ἧν
1153 497 1179 548 6
1219 499 1390 566 Λόγος
1421 514 1434 527 ·
1482 492 1633 554 οὖτος
1681 489 1742 550 ἦν

187 593 224 643 έν
271 590 403 666 ἀρχῇ
457 591 584 662 πρὸς
632 591 719 644 τὸν
771 589 920 642 Θεόν.
972 585 1133 638 Πάλιν
1187 583 1652 655 ἀνακεφαλαιοῦται
1695 579 1743 632 ἐν

188 681 350 751 ὀλίγοις
374 679 576 752 ῥήμασι
610 681 785 729 πᾶσαν
833 675 1018 728 ἑαυτοῦ
1066 677 1158 732 τὴν
1204 673 1484 745 θεολογίαν,
1526 671 1629 730 πῆν
1669 673 1745 743 ερὶ

187 778 260 822 τοῦ
325 773 632 838 Μονογενοῦς
696 765 818 838 ἂμῖν
884 766 912 816 6
976 763 1351 836 εὐαγγελιστὴς
1422 757 1742 836 παρέδωκεν.

188 859 326 920 Οὗτος
349 863 430 918 τίς
459 857 606 927 (2‘2);
653 854 842 920 Οὗτος,
871 855 898 906 6
941 857 1110 924 Λόγος
1140 853 1166 904 6
1197 856 1349 913 Θεός.
1375 846 1590 908 Ἐπειδὴ
1641 851 1743 923 γάρ

188 945 567 1022 σοιδιήρθρωσε
607 947 702 1002 τὴν
749 947 869 1017 περὶ
912 941 1072 994 αὐτοῦ
1118 944 1328 1008 ἔννοιαν,
1376 941 1480 993 οἷον
1511 938 1745 992 ἕντυπώ-

187 1057 264 1100 σας
289 1056 375 1089 σου
394 1043 458 1107 τῇ
482 1034 635 1106 ψυχῇ
671 1029 766 1085 διὰ
794 1041 891 1093 τῆς
917 1027 1270 1092 διδασκαλίας
1296 1032 1364 1082 τὰ
1406 1028 1742 1102 ἀγνοούμενα,

183 1132 252 1179 καὶ
272 1126 522 1185 ἄοικίσας
549 1126 636 1174 τόν
662 1126 834 1193 Λόγον
866 1124 1092 1196 Χριστὸν
1115 1121 1225 1193 (23)
1249 1119 1296 1172 ἐν
1321 1127 1382 1192 τῇ
1406 1115 1605 1194 καρδίᾳ
1626 1136 1743 1184 σου,

184 1216 320 1277 οὗτος
347 1233 494 1286 φησι.
525 1218 680 1272 Ποῐος
708 1211 896 1276 οὖτος;
937 1214 1022 1268 Μὴ
1057 1209 1151 1272 ἔξω
1196 1205 1476 1281 διαϐλέψϊῦ
1529 1204 1624 1260 διὰ
1651 1215 1748 1268 τῆς

183 1301 414 1365 δεικτικῆς
443 1310 616 1374 φωνῆς
658 1299 746 1353 τόν
794 1295 1226 1372 ὑποδεικνύμενόν
1268 1317 1354 1350 σοι
1389 1304 1742 1372 περισκοπῶν,

181 1391 264 1444 ἀλλ’
292 1391 474 1444 εῖσελθε
531 1391 606 1452 εἰς
649 1391 718 1442 τὰ
745 1390 954 1462 κρυπτά
995 1395 1091 1450 τῆς
1143 1394 1363 1440 σεαυτοῦ
1392 1386 1600 1458 ψυχῆς,
1656 1389 1747 1437 καὶ

180 1483 221 1535 ὃν
245 1478 533 1552 ἐδιδάχθης
574 1481 706 1534 Θεὸν
749 1481 836 1530 τὸν
870 1477 920 1529 έν
967 1476 1110 1551 ἀρχῇ
1162 1481 1303 1543 ὄντα,
1343 1479 1430 1529 τὸν
1460 1479 1530 1538 ὡς
1578 1479 1746 1546 Λόγον

179 1571 473 1644 προελθόντα,
509 1573 598 1621 τὸν
644 1570 781 1643 πρὸς
804 1570 891 1620 τὸν
931 1569 1059 1620 Θεὸν
1089 1571 1230 1634 ὅντα,
1270 1573 1452 1619 τοῦτον
1485 1569 1748 1640 γνωρίσας

179 1665 250 1712 καὶ
291 1658 659 1730 καταπλαγεὶς,
708 1661 800 1710 καὶ
846 1660 1217 1732 προσκυνήσας
1246 1656 1355 1726 (24)
1390 1659 1476 1708 τὸν
1527 1661 1746 1707 σεαυτοῦ

3401 290 3508 346 482

2723 405 3000 462 subditus
3049 413 3176 466 esto
3221 413 3499 471 Domino.

1851 491 2012 546 Deus
2056 497 2188 548 erat
2229 493 2529 550 Verbum:
2578 493 2684 548 hoc
2731 497 2956 551 eratin
2996 502 3303 570 principio
3345 504 3512 572 apud

1851 580 2039 636 Deum
2059 582 2130 636 7°.
2161 584 2384 638 Rursus
2415 583 2782 652 evangelista
2808 601 3052 642 omnem
3087 605 3260 646 suam
3292 592 3512 649 theolo-

1852 668 2014 740 giam
2043 686 2230 742 quam
2256 671 2330 727 de
2349 671 2661 742 Unigenito
2683 673 2857 728 nobis
2881 674 3362 750 tradidit,paucis
3382 697 3510 738 ver-

1850 758 2000 815 bum
2025 760 2084 816 in
2117 777 2420 817 summam
2447 761 3009 832 redigit.0uodnam
3030 767 3164 822 Hoc
3179 768 3208 823 ‘I
3225 769 3514 837 Hoc,Ver-

1849 847 1998 904 bum
2045 849 2218 906 Deus.
2250 853 2570 922 Postquam
2613 852 2774 908 enim
2817 854 2947 924 ejus
2993 854 3099 910 tibi
3152 864 3511 931 conceptum

1851 937 2124 995 distincte
2151 939 2458 1011 expressit,
2476 940 2536 995 in
2563 945 2784 1014 tuoque
2806 942 3010 1000 animo
3041 960 3150 1016 per
3168 945 3510 1004 doctrinam

1851 1027 2025 1098 quasi
2051 1027 2366 1101 insculpsit
2391 1044 2528 1101 quas
2557 1029 2905 1099 ignorabas,
2935 1048 3005 1089 ac
3033 1033 3293 1090 Verbum
3335 1035 3507 1092 Chri-

1853 1121 2011 1172 stum
2040 1117 2101 1172 in
2138 1123 2304 1174 tuum
2340 1134 2443 1175 cor
2483 1118 2647 1175 velut
2675 1119 2736 1175 in
2765 1120 3015 1177 domum
3048 1121 3398 1188 introduxit,
3430 1125 3514 1182 ita

1852 1201 2100 1260 demum
2131 1205 2288 1262 hanc
2308 1222 2520 1262 vocem
2552 1207 2793 1279 profert,
2818 1209 2966 1265 Hoc.
2991 1210 3174 1274 Quale
3200 1212 3373 1268 Hoc?
3404 1213 3512 1268 Fo-

1851 1309 1950 1350 ras
1970 1311 2044 1351 ne
2076 1296 2604 1369 respice,eum,qui
2626 1313 2732 1371 per
2761 1298 3280 1357 demonstrantem
3297 1317 3509 1359 vocem

1852 1386 1960 1444 tibi
1980 1386 2338 1453 ostenditur,
2372 1386 2923 1459 circumspecturus
2957 1405 2971 1443 :
3007 1389 3112 1444 sed
3143 1389 3203 1444 in
3244 1391 3509 1447 occultos

1851 1475 2068 1533 animae
2117 1479 2233 1530 tuae
2271 1491 2548 1532 recessus
2575 1476 2906 1546 ingredere,
2945 1481 3001 1533 et
3025 1493 3209 1550 quem
3247 1478 3511 1535 didicisti

1853 1567 2041 1620 Deum
2072 1564 2136 1621 in
2163 1563 2459 1636 principio
2491 1564 2794 1633 exsistere,
2830 1565 3155 1638 procedere
3187 1565 3348 1622 velut
3371 1567 3511 1622 Ver-

1850 1653 2021 1724 bum,
2053 1653 2218 1725 apud
2243 1655 2432 1709 Deum
2458 1653 2710 1721 versari,
2733 1655 2894 1710 hunc
2923 1669 3299 1725 cognoscens
3321 1656 3513 1712 admi-

180 1752 425 1811 Δεσπότην,
476 1751 567 1799 τόν
616 1763 700 1798 σοι
750 1741 786 1797 δ
791 1747 847 1798 :6:
886 1754 984 1807 τῆς
1009 1741 1364 1806 διδασκαλίας
1393 1740 1744 1819 ἓνὶδρυθέντα,

1858 1758 2141 1816 ransque,
2173 1747 2230 1799 et
2280 1747 2450 1798 tuum
2481 1743 2802 1799 Dominum
2834 1743 2894 1799 in
2945 1748 2998 1800 te
3037 1760 3145 1817 per
3174 1745 3512 1815 doctrinam

180 1838 385 1911 γνΔριζε,
411 1837 492 1888 ὅτι
534 1834 691 1896 οὗτος
721 1830 783 1893 ἦν
837 1832 886 1886 έν
935 1832 1077 1908 ἀρχῇ
1115 1855 1128 1868 ·
1179 1838 1467 1901 τουτέστιν,
1499 1830 1579 1885 ἀεὶ
1617 1835 1748 1907 πρὸς

181 1929 248 1977 τᾶν
280 1930 396 1979 Θεὸν
420 1928 508 1977 τὸν
542 1924 735 1977 ἑαυτοῦ
785 1926 1010 1998 Πατέρα.
1035 1924 1244 1984 Ταύτας
1288 1941 1378 1995 μοι
1424 1925 1519 1985 τὰς
1570 1921 1750 1994 ὀλίγας

185 2017 320 2086 μονὰς
351 2017 456 2085 (25)
491 2010 527 2066 δ
533 2017 824 2078 ιασὼσατε,
858 2013 1030 2086 ὥσπερ
1065 2007 1338 2086 σφραγῖδα
1379 2018 1495 2071 ταῖς
1517 2015 1748 2083 μνήμαις

185 2104 296 2174 ὑμῶν
352 2102 791 2176 ένσημηνάμενοι.
865 2099 1030 2154 Αὖται
1105 2098 1460 2174 ἆῤῥαγέστατν
1535 2101 1748 2152 ἰσυνται

184 2198 346 2263 τειχίον
393 2195 524 2268 πρὸς
581 2195 676 2252 τὰς
721 2198 824 2242 τῶν
882 2187 1309 2243 έπιϐουλευόντων
1365 2186 1744 2264 καταδρομάς·

185 2282 307 2335 αὗται
345 2283 700 2357 θυλακτήριόν
758 2280 863 2332 εἰσι
917 2287 1016 2331 τῶν
1082 2279 1275 2352 ψυχῶν
1334 2283 1591 2352 σωτήριον
1639 2285 1750 2340 τοῖς

182 2371 579 2446 προϐαλλομένοις
634 2369 820 2430 αὑτάς.
871 2367 966 2422 "Av
1030 2371 1113 2431 τίς
1175 2387 1260 2422 σοι
1309 2360 1606 2444 προσελθὼν
1662 2367 1749 2420 λέ-

181 2480 246 2530 76:
269 2463 400 2532 (26)·
453 2460 577 2514 Οὐκ
624 2459 714 2527 ῶν,
767 2456 1009 2529 έγεννήθη
1041 2478 1054 2492 ·
1089 2457 1133 2510 εἰ
1177 2461 1278 2534 γὰρ
1327 2454 1410 2526 ἦν,
1465 2465 1573 2519 πῶς
1617 2454 1746 2529 έγεν-

181 2551 313 2616 νήθη,
341 2552 406 2612 ὡς
445 2546 719 2623 δαιμόνων
768 2552 938 2620 φωνὴν
995 2545 1288 2621 ἀποτρέπου
1336 2550 1430 2606 τήν
1477 2548 1614 2599 κατὰ
1652 2553 1749 2606 τῆς

183 2635 310 2701 δόξης
358 2647 446 2693 τοῦ
516 2643 850 2710 Μονογενοῦς
902 2633 1262 2710 βλασφημίαν.
1319 2635 1483 2697 Αὐτὸς
1538 2631 1597 2688 δε
1655 2633 1748 2687 έπ-

184 2727 360 2781 ανιλθὼν
413 2730 506 2787 ἧκε
561 2729 693 2802 πρὸς
747 2727 845 2788 τὰς
893 2732 992 2778 τῶν
1049 2724 1371 2798 Εὐαγγελίων
1421 2726 1626 2798 φωνάς’
1667 2722 1749 2776 Ἐν

186 2815 296 2890 ἀρχῇ
326 2815 399 2877 ⁸ἧν
445 2819 472 2871 6
520 2821 725 2888 Λόγος,
776 2819 868 2868 καὶ
911 2815 937 2867 6
983 2819 1157 2886 Λόγος
1206 2812 1266 2873 ἦν
1323 2817 1450 2890 πρὸς
1480 2816 1567 2866 τὸν
1599 2815 1747 2882 Θεὸν,

182 2911 252 2959 καὶ
292 2912 412 2970 Θεὸς
454 2909 518 2967 ἦν
575 2907 602 2958 ὁ
657 2909 849 2977 Λόγος.
883 2905 1050 2965 Οὗτος
1097 2901 1158 2962 ἦν
1211 2902 1260 2956 έν
1292 2902 1434 2978 ἀρχῇ
1482 2907 1612 2979 πρὸς
1663 2905 1750 2955 τὸν

185 3000 300 3051 Θεὸν.
349 3001 614 3072 Τέταρτον
667 2995 776 3048 εἰπε
822 2992 1026 3061 τὸ,Ἧν
1074 2993 1210 3065 (27),
1259 2997 1349 3046 καὶ
1399 2997 1752 3066 καταργήσεις

1849 1832 2214 1890 residentem
2245 1831 2529 1895 adorans,
2555 1833 2703 1889 scito
2738 1833 2909 1906 quod
2936 1832 3032 1890 hic
3074 1839 3199 1891 erat
3218 1835 3279 1890 in
3299 1835 3513 1908 princi-

1848 1922 1950 1996 pio
1981 1937 1993 1975 :
2025 1921 2141 1978 hoc
2179 1925 2287 1988 est,
2321 1937 2560 1994 semper
2607 1922 2771 1994 apud
2811 1925 2996 1978 Deum
3035 1925 3270 1980 Patrem
3304 1941 3506 1981 suum.

1851 2015 1966 2068 Has
1994 2011 2138 2067 mihi
2162 2026 2390 2083 paucas
2411 2027 2591 2068 voces
2614 2015 2867 2079 servate,
2892 2010 3024 2067 illas
3052 2013 3228 2084 quasi
3247 2013 3512 2084 sigillum

1847 2099 1910 2157 in
1934 2103 2136 2156 vestra
2162 2098 2456 2156 memoria
2493 2099 2930 2173 imprimentes.
2979 2099 3080 2156 Hes
3127 2100 3346 2157 future
3373 2106 3515 2160 sunt

1850 2205 2062 2246 murus
2075 2187 2458 2245 ﬁrmissimus
2471 2189 2760 2246 adversus
2776 2189 3193 2247 insidiantium
3209 2191 3509 2248 incursus:

1850 2277 1945 2335 hm
1975 2279 2319 2334 animarum
2351 2282 2492 2334 sunt
2521 2279 2781 2336 salutare
2809 2281 3276 2349 munimentum,
3297 2280 3390 2349 iis,
3409 2282 3515 2354 qui

1851 2367 2014 2442 ipsas
2035 2367 2411 2440 prmtendent
2440 2384 2512 2425 ac
2540 2373 2873 2442 opponent.
2903 2369 2960 2425 Si
2988 2369 3125 2442 quis
3151 2374 3205 2426 te
3252 2370 3513 2427 adorsus

1852 2457 2068 2514 dixerit
2101 2473 2114 2511 :
2157 2456 2306 2514 Cum
2332 2473 2455 2514 non
2477 2463 2650 2526 esset,
2686 2459 2922 2529 genitus
2950 2463 3063 2530 est,
3096 2459 3145 2515 si
3173 2460 3332 2516 enim
3364 2464 3508 2524 erat,

1853 2545 2167 2620 quomodo
2184 2546 2419 2617 genitus
2435 2549 2550 2604 est?
2565 2547 2723 2604 hanc
2739 2548 2915 2604 istam
2943 2547 3236 2605 adversus
3256 2548 3510 2620 gloriam

1859 2635 2152 2707 Unigeniti
2169 2636 2536 2693 calumniam
2555 2636 2902 2694 daemonum
2923 2637 3098 2710 quasi
3113 2653 3320 2694 vocem
3342 2653 3513 2694 aver-

1856 2740 2010 2782 sare.
2042 2728 2125 2781 Tu
2156 2729 2360 2782 autem
2389 2741 2669 2782 reversus
2701 2726 3011 2796 confugito
3039 2725 3120 2783 ad
3155 2726 3508 2798 Evangelia-

1855 2831 1992 2873 rum
2013 2831 2230 2871 voces:
2266 2815 2340 2870 In
2364 2816 2672 2886 principio
2689 2823 2818 2874 erat
2861 2818 3134 2884 Verbum,
3167 2823 3224 2874 et
3259 2818 3513 2874 Verbum

1858 2909 1984 2962 erat
2007 2903 2176 2974 apud
2197 2905 2404 2971 Deum,
2425 2906 2479 2960 et
2495 2906 2652 2961 Deus
2675 2911 2806 2962 erat
2838 2905 3111 2963 Verbum.
3139 2906 3272 2962 Hoc
3292 2911 3425 2962 erat
3450 2907 3513 2962 in

1847 2993 2154 3064 principio
2177 2992 2344 3061 apud
2361 2994 2570 3049 Deum.
2596 2994 2698 3049 Dic
2732 2994 3156 3066 quater,Erat,
3191 2999 3372 3066 atque
3399 2994 3514 3050 hoc

186 3085 318 3138 αὗτῶν
343 3092 418 3154 τὸ,
449 3085 569 3140 Οὐκ
601 3081 688 3143 ἧν.
723 3079 886 3136 Οὗτοι
934 3084 1175 3136 ἄσιιστοι
1212 3087 1501 3156 μενέτωσαν
1530 3085 1580 3136 οἱ
1612 3084 1748 3156 θεμε-

1861 3097 2070 3138 eorum
2099 3079 2463 3150 convicium,
2495 3083 2623 3136 Non
2671 3087 2818 3152 erat,
2851 3082 3033 3138 facies
3073 3081 3334 3138 irritum.
3382 3084 3515 3137 Haec

184 3171 264 3226 λιοι
314 3183 402 3238 τῆς
447 3180 707 3236 πίστεως.
765 3175 984 3234 Τούτοις
1039 3169 1540 3246 ἐποικοδομήσομεν,
1619 3179 1752 3225 Θεοῦ

188 3259 408 3331 διδόντος,
455 3270 549 3318 καὶ
599 3264 673 3316 τὰ
717 3261 1010 3335 λειπόμενα·
1061 3261 1139 3314 Οὐ
1212 3264 1311 3336 γὰρ
1370 3261 1483 3315 ἐστι
1531 3257 1752 3314 δυνατὸν

187 3358 278 3426 περὶ
323 3357 517 3407 πάντων
573 3355 704 3427 ὑμῖν
744 3353 814 3414 εἰς
847 3351 987 3415 ἂπαξ
1026 3347 1396 3424 διαλεχθῆναι,
1445 3356 1644 3426 μήποτε
1686 3360 1748 3426 τῇ

187 3440 369 3516 ἀμετρίᾳ
430 3452 526 3498 τοῦ
579 3443 745 3514 λόγου
818 3443 1075 3514 ἄχρηστα
1145 3448 1445 3516 ποιήσωμεν
1515 3443 1636 3516 ὑμῖν
1687 3444 1754 3494 τὰ

189 3531 426 3600 ῖιλοπόνως
501 3531 894 3604 συνειλεγμένα.
957 3531 1236 3585 Ἀτονοῦτα
1293 3535 1395 3606 γὰρ
1452 3533 1482 3590 ἠ
1546 3527 1754 3584 διάνοια

187 3622 352 3674 πάντων
399 3624 530 3696 ὁμοῦ
583 3617 1030 3696 περιδράξασθαι,
1086 3622 1262 3694 ὅμοιον
1308 3623 1511 3693 πάσχει
1561 3624 1754 3694 γαστρὶ

188 3714 236 3779 τῇ
277 3707 359 3763 διὰ
396 3717 489 3770 τὴν
537 3708 836 3784 ὑπερϐολὴν
875 3716 966 3762 τοῦ
1013 3713 1170 3784 κόρου
1219 3709 1292 3770 εἰς
1337 3709 1492 3782 πέψιν
1543 3707 1752 3782 ἀγαγεῖν

189 3799 239 3848 τὰ
273 3803 707 3875 παραπεμφθέντα
748 3803 819 3872 μὴ
871 3795 1155 3873 δυναμένῃ.
1189 3802 1434 3873 Εῦχομαι
1483 3795 1569 3852 οὖν
1617 3800 1754 3873 ὑμᾶς

188 3886 493 3956 γλνκανθῆναι
523 3894 624 3964 μὲν
674 3897 736 3961 τῇ
787 3891 983 3960 γεύσει,
1034 3888 1359 3962 ὠφεληθῆναι
1407 3885 1466 3943 δι
1512 3897 1576 3963 τῇ
1624 3887 1753 3942 ἁνα-

190 3970 325 4033 δόσει.
352 3980 514 4042 Αὐτὸς
575 3975 641 4032 δὲ
683 3979 881 4036 έστηκα
921 3977 1043 4051 ὑμῖν
1091 3979 1294 4052 ἕτοιμος
1333 3982 1462 4051 πρὸς
1493 3984 1586 4038 τὴν
1627 3975 1754 4032 δια-

188 4071 330 4118 κονίαν
375 4077 470 4120 τῶν
507 4069 846 4141 λειπομένων,
902 4066 951 4120 έν
1003 4075 1219 4142 Χριστῷ
1251 4067 1426 4127 Ἰησοῦ
1475 4077 1547 4140 τῷ
1579 4073 1754 4144 Κυρίῳ

187 4152 322 4226 ἡμῶν,
414 4157 445 4216 ἡ
479 4155 623 4222 δόξα
648 4161 739 4211 καὶ
785 4160 844 4210 τὸ
887 4158 1078 4233 κράτος
1126 4157 1197 4220 εἰς
1243 4161 1366 4220 τοὺς
1413 4158 1602 4222 αἰῶνας
1654 4166 1754 4211 τῶν

187 4242 367 4302 αἰώνων.
388 4247 440 4300 ’Δ
449 4253 577 4321 μὴν.

242 4387 284 4424 τ’
307 4391 466 4458 Joan,
491 4408 532 4460 ι,
562 4395 616 4458 1,
643 4393 697 4447 2.

1860 3169 2003 3226 ﬁdei
2022 3168 2411 3226 fundamenta
2440 3174 2729 3226 maneant
2755 3169 3142 3226 inconcussa.
3157 3171 3344 3242 Super
3364 3169 3512 3238 haec,

1861 3260 1982 3316 Deo
2031 3259 2231 3327 dante,
2279 3257 2715 3315 aediﬁcabimus
2752 3264 2809 3316 et
2838 3258 3088 3331 reliqua.
3123 3261 3324 3330 Neque
3353 3258 3515 3314 enim

1859 3363 2186 3420 possumus
2211 3348 2420 3404 omnia
2447 3347 2623 3404 nobis
2657 3347 2835 3404 simul
2871 3345 3196 3419 explanare
3221 3364 3234 3416 ;
3265 3362 3340 3403 ne
3366 3347 3516 3403 forte

1860 3452 1996 3510 quae
2022 3437 2337 3508 diligenter
2367 3454 2401 3494 a
2421 3437 2592 3494 vobis
2617 3437 2869 3494 collecta
2897 3441 3056 3507 sunt,
3088 3437 3358 3493 oratione
3384 3452 3518 3510 pro-

1859 3524 2067 3589 lixiore
2085 3526 2248 3582 irrita
2268 3527 2620 3583 reddamus.
2638 3529 2797 3582 Mens
2817 3526 2977 3582 enim
3009 3541 3146 3598 quae
3176 3525 3516 3598 apprehen-

1860 3613 2073 3670 dendis
2121 3614 2302 3672 simul
2341 3615 2624 3672 omnibus
2655 3616 2856 3688 impar
2885 3620 2992 3678 est,
3021 3613 3188 3671 haud
3234 3614 3404 3670 aliter
3453 3627 3516 3669 se

1859 3701 2044 3760 habet
2067 3719 2138 3760 ac
2173 3708 2401 3774 venter,
2431 3705 2537 3776 qui
2566 3703 2646 3762 ob
2678 3705 2932 3761 nimiam
2955 3703 3330 3760 saturitatem
3352 3718 3516 3758 sum-

1859 3797 1998 3866 ptos
2027 3792 2198 3850 cibos
2229 3809 2607 3868 concoquere
2637 3809 2760 3850 non
2789 3797 3004 3867 potest.
3039 3793 3191 3865 Opto
3236 3791 3417 3862 igitur
3460 3794 3520 3848 ut

1861 3881 1990 3939 haec
2020 3888 2075 3939 et
2106 3883 2412 3964 gustando
2441 3883 2889 3955 dulcescant,et
2917 3880 3355 3954 concoquendo
3383 3896 3521 3954 pro-

1863 3973 1999 4028 sint.
2031 3975 2151 4042 Ego
2181 3979 2382 4030 autem
2408 3974 2584 4030 vobis
2630 3991 2702 4031 ea
2731 3989 2869 4047 quas
2902 3977 3248 4044 supersunt,
3270 3976 3520 4043 paratus

1864 4078 1999 4118 sum
2031 4063 2420 4120 ministrare:
2464 4063 2526 4120 in
2559 4063 2790 4120 Christo
2818 4065 2957 4119 Jesu
3002 4060 3257 4118 Domino
3286 4064 3519 4128 nostro,

1864 4150 1962 4207 cui
2017 4151 2208 4223 gloria
2271 4157 2330 4210 et
2375 4153 2699 4226 imperium
2750 4152 2813 4209 in
2861 4149 3087 4208 saecula
3137 4148 3516 4207 saeculorum.

1863 4243 2078 4299 Amen.

242 4529 565 4620 (Ezlliicusi
584 4549 799 4590 sumus
813 4533 1448 4620 interpunctione,quze
1464 4534 1748 4620 reperitur

1865 4533 2028 4620 idem
2084 4528 2274 4620 codex
2323 4529 2595 4608 σφραγῖδα
2648 4537 2766 4619 ταῖς
2818 4532 3051 4604 γνώμαις
3088 4529 3250 4620 ὑμῶν’.
3284 4523 3522 4620 Nec‘ita

189 4598 235 4653 in
253 4598 601 4682 ’ρυὶὺει-ιὶηἱε
627 4608 895 4662 secundo
934 4598 989 4682 et
1020 4608 1191 4682 tertio,
1217 4625 1229 4663 :
1263 4598 1487 4682 quippe
1513 4598 1645 4667 visa
1668 4617 1756 4668 est

188 4672 332 4750 nobis
357 4678 764 4749 aptior,quam
785 4694 919 4750 quae
938 4677 1152 4748 legitur
1180 4681 1242 4736 in
1269 4672 1398 4736 aliis
1415 4672 1551 4738 'tum
1581 4682 1754 4739 editis

192 4745 294 4798 tum
318 4745 454 4802 ms's.

247 4817 342 4896 (υς
372 4822 461 4875 Sic
487 4835 637 4896 mss.
673 4834 795 4896 non
841 4817 1045 4896 pauci.
1071 4823 1192 4877 Vox
1243 4823 1756 4896 Xpwr6vuin_edili8

247 4837 342 4894 ιζδε
372 4837 461 4875 διο
487 4837 637 4875 mss.
673 4837 795 4875 non
883 4837 1036 4876 auct.
1078 4837 1192 4877 vox
1246 4837 1470 4896 Χριστον
1497 4838 1557 4878 ιη
1585 4837 1646 4879 ed

192 4881 549 4970 desideratur.
577 4890 721 4970 Mss.
745 4837 922 4970 βοῇ).
959 4893 1188 4964 primus
1222 4893 1315 4970 ἔξω
1342 4893 1646 4970 περιϐλέφη,

249 4959 694 5039 (ἳξευιὺθΐιίοί
725 4961 846 5039 du_o
873 4959 1020 5039 mss.
1053 4959 1413 5039 καταπλαγεὶς
1453 4959 1756 5039 προσκύνη-

197 5031 597 5104 m..\liquanto
616 5042 759 5113 post
786 5035 1163 5157 Regprimus
1189 5031 1349 5095 Οὗτος
1367 5033 1428 5094 ἧν
1451 5031 1556 5087 δ’ὶν
1586 5035 1754 5110 ἀρχῇ,

253 5102 346 5157 (25)
371 5106 503 5157 H82.
539 5121 771 5157 primus
810 5108 904 5157 τὰς
973 5108 1156 5157 omde
1183 5109 1366 5157 φωνάς.
1412 5107 1588 5157 male.
1631 5111 1754 5157 Mox

253 5102 346 5171 (25)
371 5102 503 5175 Reg.
539 5102 771 5178 primus
810 5102 904 5167 τάξ
935 5102 1156 5178 λογικάς
1183 5109 1366 5178 φωνάς,
1412 5107 1588 5164 male.
1619 5102 1759 5164 ’Μόι

1866 4587 2054 4666 Emito
2083 4587 2438 4660 infraiun‘lis
2471 4587 2618 4659 'mss.
2651 4587 2857 4675 ἔσοντοῖι
2887 4587 3086 4675 τεῖχος.
3119 4587 3347 4658 ibidem
3378 4602 3516 4668 Reg,

1866 4677 2227 4754 primus__1-r:w
2255 4671 2927 4754 61::6_66)tw_v‘xattat_6‘poy_d§.
2965 4671 3004 4675 ’⁷
3119 4746 3153 4754 __
3293 4731 3296 4734 ,
3366 4741 3377 4750 ⁹

1940 4749 2244 4826 (26)]Ιηυε
2274 4747 2465 4826 codex
2501 4746 2647 4820 λέγῃ.
2685 4746 2858 4803 Haud
2887 4746 3068 4817 longe
3117 4746 3252 4813 Reg.
3289 4746 3521 4814 primus

1867 4824 2034 4894 φωνην
2058 4823 2406 4894 ἀποστρέφου.
2591 4893 2596 4894 γ
2687 4889 2698 4894 ἑ
2744 4892 2750 4894 _
2821 4887 2844 4894 _
3001 4891 3048 4894 Α.
3280 4887 3290 4894 Δ
3483 4878 3517 4894 μ

1937 4893 2048 4962 (27)
2082 4883 2607 4966 Εόὶῐῖτέταρτονυτρ
2659 4889 2786 4966 εἰπε,
2821 4887 2939 4943 ἾῙν.
2982 4891 3051 4942 At
3097 4901 3241 4966 mss.
3278 4887 3404 4966 tres,
3434 4883 3521 4933 uti

1865 4949 2254 5019 in‘contextu.
2296 4949 2424 5018 Mo'x
2449 4962 2590 5018 editi
2630 4967 2687 5016 et
2724 4949 2848 5014 duo
2897 4975 3044 5014 mss.
3091 4949 3514 5024 ἐποικοδομήσα-

1867 5053 1976 5108 μεν.
2005 5033 2119 5090 Alii
2139 5041 2398 5106 quatuor
2426 5050 2577 5102 mss,
2603 5027 2920 5101 ἓποικοδομή
2932 5046 3120 5100 σωμεν.
