4076 6190
569 280 669 334 491

1945 261 2004 316 S.
2043 258 2292 315 BASILII
2329 260 2557 319 MAGN‘
3805 275 3899 332 492

564 399 713 456 mire
742 393 1002 468 probat?
1026 391 1140 450 Sed
1163 392 1321 446 certe
1342 389 1457 445 hoc
1481 402 1800 460 nunquam
1823 385 2058 452 dixerit,
2085 399 2226 440 cum

2345 389 2462 459 πρὸς
2501 386 2749 460 ἁρμονίαν
2787 390 3156 464 κεκροτημένον
3198 385 3610 464 ἁποδεχὸμενοι;
3669 395 3732 449 Ἦ
3779 407 3894 450 τοῦ..

563 501 870 558 nusquam
893 482 997 539 tali
1015 479 1255 537 dicendi
1283 493 1502 549 genere
1522 493 1669 532 usus
1695 476 1796 532 sit:
1823 492 1932 531 nec
1952 491 2064 530 nos
2089 473 2226 528 hor-

565 580 722 632 tatus
745 577 852 643 est,
879 577 946 628 ut
974 568 1316 640 magniﬁcis
1355 565 1556 624 verbis
1576 569 1635 622 et
1656 564 1992 637 splendidis
2014 561 2229 618 laudes

565 665 886 722 beatorum
933 672 1417 732 prosequamur:
1471 654 1576 728 qui
1619 654 1840 710 scilicet
1887 651 2228 724 pedestrem

567 747 894 806 dictionem
918 743 1408 814 locutionemque
1431 744 1651 796 ornatu
1673 741 1974 794 carentem
2004 735 2233 807 ubique

568 835 915 910 praetulerit.
939 832 1092 900 Quid
1113 830 1294 904 igitur
1313 835 1405 886 est
1426 828 1593 902 quod
1614 828 1803 884 dicit?
1830 826 2002 892 Quod
2026 825 2234 882 laetan-

570 930 666 982 tur
693 923 907 998 populi
931 921 1133 979 laetitia
1164 918 1536 993 spirituali,si
1560 917 1758 974 solum
1785 915 2023 986 egregia
2039 915 2237 986 justo-

569 1030 709 1071 rum
729 1013 1001 1071 facinora
1025 1014 1310 1068 revocent
1336 1009 1398 1065 in
1431 1006 1822 1064 memoriam:
1856 1003 2238 1078 quandoqui-

573 1106 714 1162 dem
756 1103 828 1160 iis
873 1119 1012 1176 quas
1055 1100 1329 1166 audiunt,
1368 1098 1448 1156 ad
1478 1097 1924 1156 mmulationem
1954 1095 2238 1152 imitatio-

573 1209 837 1265 nemque
865 1192 1170 1248 bonorum
1208 1188 1606 1244 inducuntur.
1650 1189 1800 1242 Nam
1839 1185 2106 1242 virorum
2135 1184 2240 1257 qui

575 1284 732 1340 bene
752 1283 813 1338 in
838 1279 1151 1353 republica
1172 1277 1397 1334 versati
1415 1274 2242 1348 sunthistoria,quasiquam-

577 1373 722 1430 dam
748 1371 945 1426 lucem
978 1368 1234 1424 salutem
1270 1365 1688 1424 consecuturis
1741 1365 1913 1421 affert
1960 1362 2040 1420 ad
2077 1364 2241 1420 viam

577 1461 710 1519 vitre
729 1460 836 1516 diri
847 1458 1132 1529 gendam.
1158 1460 1535 1530 Quapropter
1554 1455 1941 1528 simulatque,
1956 1459 2242 1512 narrante

577 1551 717 1623 ipso
740 1550 982 1623 Spiritu,
1005 1549 1190 1606 vitam
1215 1547 1443 1620 Moysis
1473 1545 1840 1616 audivimus,
1884 1544 2087 1602 statim
2133 1545 2244 1601 fui-

582 1656 719 1697 mus
746 1637 1012 1694 mmulati
1041 1637 1323 1694 virtutem
1346 1635 1480 1705 viri,
1512 1634 1736 1707 illaque
1783 1649 2027 1690 morum
2070 1649 2241 1691 man-

2336 494 2395 527 ἰο
2425 479 2516 548 μὲν
2547 477 2638 529 οὐκ
2669 477 2729 530 ἂν
2759 475 2866 531 εἷπέ
2895 496 3018 530 ποτε
3047 479 3072 529 ὁ
3111 475 3364 551 μηδαμοῦ
3411 488 3482 551 τῷ
3527 485 3735 556 τοιούτῳ
3789 484 3904 540 εῖδει

2338 574 2438 616 τῶν
2489 565 2654 638 λόγων
2718 569 3051 642 χρησάμενος
3085 588 3098 600 ·
3149 564 3264 620 οὐδ’
3318 568 3379 620 ἆν
3425 571 3722 645 προίτρεψεν
3775 577 3900 646 ἡμᾶς

2338 665 2704 730 πανηγυρικῶς
2756 656 3101 730 ἐμπομπεύειν
3152 658 3266 728 (52)
3338 665 3445 719 τοῖς
3498 658 3766 734 ἕγκωμίοις
3813 682 3902 715 των

2342 749 2608 818 μακαρίων
2653 747 2679 796 ό
2726 748 2784 798 τὸ
2814 747 2970 806 πεζόν
3016 753 3107 806 τῆς
3157 745 3333 809 λέξεως
3379 753 3467 801 καὶ
3516 751 3574 801 τὸ
3621 757 3708 810 τῆς
3757 759 3906 822 φωνῆς

2344 831 2699 887 ἀκατάσκευον
2750 843 3027 907 πανταχοῦ
3060 841 3416 910 προτιμήσας.
3471 841 3533 891 Τί
3590 835 3674 890 οὖν
3713 837 3907 906 ἕστιν,ὂ

2345 940 2542 995 (puum;
2600 923 2719 977 "On
2771 925 3130 1000 εὐφραίνονται
3181 924 3296 978 λαοὶ
3349 926 3663 1000 εὐφροσύνην
3708 947 3910 1001 πνευμα-

2344 1017 2494 1074 τικὴν
2525 1012 2609 1067 ἐπὶ
2638 1019 2766 1087 μόνῃ
2801 1023 2862 1086 τῇ
2897 1015 3187 1087 ὑπομνήσει
3238 1023 3338 1066 τῶν
3381 1022 3491 1076 τοῖς
3540 1012 3758 1078 δικαίοις
3805 1037 3911 1070 κατ·

2346 1104 2679 1177 ωρθωμίνων,
2746 1103 2811 1163 εἰς
2870 1103 3024 1164 ζῆλον
3097 1107 3188 1156 καὶ
3257 1107 3484 1176 μίμησιν
3543 1113 3643 1157 τῶν
3707 1104 3911 1178 ἀγαθῶν,

2348 1189 2431 1263 ἀφ’
2479 1192 2547 1242 ὧν
2601 1190 2904 1258 ἁκούουσιν,
2938 1191 3253 1266 ὸαγὸμενοι.
3319 1192 3400 1245 Ἦ⁴
3428 1196 3530 1268 γὰρ
3579 1203 3676 1247 τῶν
3740 1194 3915 1247 εὐπολιο

2347 1283 2536 1333 τεύτων
2595 1278 2804 1356 ἁρδρῶν
2865 1285 3073 1358 ἱστορία
3124 1283 3230 1336 οἷόν
3281 1301 3334 1335 τι
3377 1291 3478 1355 φῶς
3501 1290 3608 1345 τοῖς
3635 1284 3919 1357 σωζομένοις

2347 1373 2473 1446 πρὸς
2502 1374 2596 1430 τὴν
2621 1379 2711 1424 τοῦ
2745 1370 2866 1444 βίου
2899 1368 3022 1424 ὁδὸν
3055 1371 3275 1444 ἰμποιεῖ.
3327 1376 3471 1424 Διότι
3521 1375 3651 1446 ὁμοῦ
3692 1392 3744 1426 τε
3786 1374 3922 1432 ἠκού-

2353 1479 2514 1533 σαμεν
2555 1457 2904 1535 διηγουμένου
2934 1469 3026 1514 τοῦ
3058 1464 3355 1535 Πνεύματος
3383 1466 3472 1514 τόν
3509 1466 3769 1524 Μωῦσίως
3799 1461 3922 1536 βίον,

2349 1555 2440 1604 καὶ
2471 1550 2616 1611 εὐθὺς
2645 1552 2780 1624 ἡμᾶς
2811 1550 2963 1612 ζῆλος
2993 1550 3199 1610 εἰσῆλθε
3227 1560 3319 1613 τῆς
3359 1550 3545 1628 ἀρετῆς
3590 1560 3682 1605 τοῦ
3732 1549 3922 1628 ἀνδρὸς,

2351 1643 2440 1691 καὶ
2481 1641 2540 1691 τό
2582 1646 2746 1716 πρᾶον
2793 1648 2886 1692 τοῦ
2935 1644 3128 1714 τρόπου
3179 1641 3409 1702 ζηλωτὸν
3461 1641 3666 1714 ἑκάστῳ
3711 1646 3798 1694 καὶ
3843 1659 3928 1714 μα·

582 1728 902 1786 ευθιιιιίοοο
943 1725 1272 1799 unicuique
1300 1724 1577 1798 optanda
1606 1723 1738 1780 visa
1768 1727 1860 1780 est
1891 1727 2070 1796 atque
2116 1722 2237 1780 lau-

2351 1731 2603 1804 καριστὸν
2651 1730 2929 1802 κατεφάνη.
2980 1736 3098 1790 Τοῖς
3149 1733 3238 1803 μὶν
3279 1731 3381 1806 γὰρ
3435 1730 3609 1792 ἄλλοις
3665 1729 3928 1806 ἀνθρώποις

582 1818 808 1876 danda.
842 1820 911 1875 Et
933 1816 1182 1890 quidem
1205 1833 1277 1873 ex
1298 1815 1625 1873 verborum
1652 1813 2124 1887 ampliﬁcatione
2148 1829 2243 1871 re—

579 1908 888 1981 liquorum
906 1905 1221 1965 hominum
1242 1905 1586 1963 conﬂantur
1607 1904 1831 1974 elogia:
1855 1903 1962 1960 sed
1983 1902 2150 1977 quod
2166 1903 2245 1959 ad

579 1997 775 2068 justos
792 1997 1018 2063 attinet,
1037 2001 1342 2066 gestarum
1363 2011 1398 2051 a
1420 2010 1480 2050 se
1502 2011 1704 2050 rerum
1723 1993 1942 2050 veritas
1963 1993 2102 2050 satis
2123 1993 2246 2049 fue-

583 2086 660 2144 rit
685 2084 763 2142 ad
792 2085 1101 2156 egregiam
1121 2100 1333 2141 eorum
1345 2083 1659 2140 veritatem
1677 2081 2243 2138 demonstrandam.

586 2177 780 2242 Quare
795 2191 934 2230 cum
947 2174 1097 2230 vitas
1114 2189 1327 2232 eorum
1347 2173 1449 2245 qui
1465 2171 1682 2244 pietate
1704 2170 2246 2228 claruerunt.enar-

582 2265 1082 2337 ramus,primum
1103 2278 1210 2336 per
1223 2278 1429 2318 servos
1451 2261 1772 2317 Dominum
1794 2259 2100 2315 efﬁcimus
2125 2259 2247 2330 glo-

583 2354 698 2422 ria;
723 2353 942 2409 deinde
959 2353 1155 2424 justos
1171 2350 1515 2407 testimonio
1531 2365 1741 2405 eorum
1761 2365 1897 2421 quae
1910 2349 2085 2404 nobis
2101 2353 2245 2405 nota

581 2448 724 2500 sunt
741 2441 1086 2513 laudamus,
1107 2446 1415 2513 postremo
1436 2438 1735 2512 populum
1756 2442 1914 2494 recte
1945 2438 2243 2494 factorum

582 2533 888 2591 auditione
910 2531 1340 2590 exhilaramus.
1371 2529 1650 2586 Estenim
1682 2529 2130 2588 hortamentum
2162 2528 2242 2584 ad

582 2624 918 2681 castitatem
944 2622 1067 2679 vita
1089 2621 1430 2694 Iosephi“:
1490 2619 1950 2676 incitamentum
1993 2633 2132 2674 vero
2163 2616 2242 2676 ad

577 2712 992 2770 fortitudinem
1018 2711 1269 2768 historia
1302 2709 1656 2782 Sampsonis
1687 2713 1778 2765 est
1800 2709 1869 2762 θ’.

649 2805 702 2857 2.
739 2800 946 2857 Divina
982 2800 1162 2871 igitur
1192 2798 1402 2855 schola
1427 2798 1625 2868 legem
1655 2813 1779 2853 non
1810 2797 1979 2853 novit
2019 2812 2241 2870 praeco-

575 2889 852 2948 niorum:
908 2889 1015 2945 sed
1063 2894 1372 2959 gestorum
1416 2887 1828 2944 testimonium
1853 2885 1988 2943 loco
2019 2903 2242 2959 praeco-

572 2978 814 3035 niorum
843 2978 1057 3046 habet;
1091 2979 1321 3051 quippe
1352 2977 1520 3051 quod
1548 2982 1606 3034 et
1633 2976 1860 3033 sanctis
1891 2975 1969 3032 ad
1995 2976 2239 3033 laudem

573 3067 852 3137 ufﬁciat,
886 3075 944 3125 et
968 3066 1478 3124 contendentibus
1511 3066 1589 3122 ad
1620 3069 1903 3122 virtutem
1935 3065 2080 3122 satis
2131 3066 2240 3122 im-

571 3157 791 3228 pertiat
806 3157 1096 3214 utilitatis.
1121 3155 1566 3212 Prteconiorum
1587 3170 1856 3228 namque
1881 3155 1972 3210 lex
2001 3159 2110 3224 est,
2138 3170 2242 3228 pa.-

570 3245 750 3303 triam
777 3245 1162 3316 investigare,
1195 3260 1386 3316 genus
1428 3261 1500 3300 ex
1533 3244 1652 3300 alto
1683 3249 1970 3316 repetere,
2003 3248 2058 3300 et
2097 3244 2242 3302 edu-

571 3334 870 3392 cationem
915 3335 1164 3391 referre:
1212 3335 1320 3390 sed
1366 3333 1463 3390 lex
1488 3338 1716 3399 nostra,
1751 3332 2236 3405 propinquorum

571 3426 876 3496 praeterita
891 3424 1379 3493 mentione,exiis
1401 3440 1536 3497 quas
1559 3423 1777 3495 cuique
1798 3423 2046 3496 propria
2077 3429 2238 3491 sunt,

571 3513 836 3586 elogium
864 3532 934 3573 ac
962 3515 1377 3572 laudationem
1409 3513 1693 3585 complet.
1747 3513 1900 3579 Quid
1933 3512 2095 3568 enim
2126 3527 2240 3583 ego

568 3607 711 3665 inde
741 3605 1118 3678 splendidior
1142 3620 1280 3660 sum
1311 3608 1368 3659 et
1397 3602 1705 3671 illustrior,
1735 3601 1784 3656 si
1813 3601 2064 3674 quando
2093 3601 2241 3658 urbs

569 3697 776 3770 gravia
799 3711 1147 3768 magnaque
1177 3693 1515 3751 certamina
1536 3692 1838 3762 sustinuit,
1864 3706 1935 3748 ac
1966 3691 2115 3748 fusis
2137 3692 2242 3748 ho-

569 3787 761 3846 stibus
794 3790 1024 3858 tropaea
1052 3785 1212 3842 clara
1241 3783 1426 3841 erexit
1452 3784 1480 3840 ‘i
1520 3782 1669 3856 quid
1699 3787 1851 3852 tum,
1884 3782 1933 3837 si
1953 3781 2137 3839 habet
2158 3782 2238 3838 si-

567 3882 698 3936 tum
725 3877 808 3935 ita
836 3880 1272 3949 opportunum,
1300 3879 1366 3931 ut
1395 3880 1451 3931 et
1475 3875 1538 3930 in
1581 3873 1780 3930 hieme
1818 3877 1874 3930 et
1919 3872 1982 3929 in
2031 3877 2238 3933 testate

567 3966 893 4025 commoda
922 3965 1040 4022 sit?
1090 3963 1268 4031 Quod
1297 3963 1346 4020 si
1371 3963 1554 4020 etiam
1601 3962 1816 4019 eadem
1859 3966 1916 4018 et
1970 3961 2238 4019 virorum

565 4057 732 4114 ferax
762 4055 856 4124 sit,
889 4059 947 4112 et
989 4053 1220 4110 alendis
1265 4052 1587 4125 pecoribus
1635 4051 1877 4119 idonea,
1930 4051 2039 4123 qui
2091 4038 2239 4108 mihi

566 4162 640 4203 ex
667 4146 739 4203 iis
767 4144 1206 4202 emolumenti?
1240 4141 1356 4199 Sed
1385 4148 1442 4198 et
1468 4157 1767 4214 equorum
1799 4140 2084 4211 gregibus
2108 4156 2238 4197 om-

564 4250 673 4292 nes
701 4251 839 4306 qum
870 4234 984 4290 sub
1016 4233 1139 4314 sole
1167 4237 1306 4289 sunt
1334 4231 1612 4302 regiones
1636 4233 1902 4301 superat.
1927 4229 2083 4295 Quid
2104 4229 2232 4286 hmc

565 4329 794 4382 tantem
821 4329 1076 4396 possunt
1107 4339 1218 4380 nos
1249 4321 1328 4380 ad
1348 4322 1626 4378 virtutem
1648 4319 1999 4378 hominibus
2021 4335 2235 4377 conve-

2354 1817 2409 1871 ἑκ
2462 1826 2553 1879 τῆς
2601 1827 2698 1871 τῶν
2740 1817 2903 1891 λόγων
2945 1818 3209 1882 αὐξήσεως
3239 1824 3554 1874 συνίσταται
3582 1823 3648 1874 τὰ
3675 1819 3892 1893 ἆγκώμια
3916 1837 3927 1854 ο

2352 1915 2458 1969 τοῖς
2486 1905 2737 1978 ’,δικαίοις
2785 1906 2844 1962 δὲ
2901 1907 3052 1984 ἀρκεῖ
3096 1919 3196 1963 τῶν
3243 1915 3622 1985 πεπραγμένων
3689 1909 3852 1970 αὐτοῖς
3904 1909 3930 1966 ἡ

2355 1996 2570 2056 ἀλήθεια
2619 2001 2746 2072 πρός
2796 2001 2855 2050 τὸ
2909 1995 3080 2061 δεῖξαι
3147 1999 3316 2052 αὐτῶν
3373 2003 3435 2052 τὸ
3493 1998 3804 2075 ὑπερϐάλλον
3854 2005 3935 2056 τῆς

2354 2084 2556 2162 ἀρετῆς.
2587 2085 2765 2151 "na-1's,
2809 2089 2925 2139 ὅταν
2958 2084 3269 2162 διηγώμεθα
3313 2092 3433 2150 τοὺς
3490 2087 3642 2162 βίους
3690 2096 3787 2141 τῶν
3836 2083 3938 2139 διας

2353 2174 2656 2248 πρεψάντων
2710 2173 2757 2226 ἐν
2821 2174 3071 2249 εὐσεϐείᾳ,
3132 2173 3419 2251 δοξάζομεν
3485 2186 3690 2252 πρῶτον
3746 2179 3826 2228 τόν
3865 2180 3937 2226 Δε-

2357 2268 2554 2322 σπότην
2608 2261 2643 2316 ὃ
2649 2267 2702 2316 ιὰ
2745 2274 2844 2317 τῶν
2895 2261 3092 2317 δούλων
3122 2287 3135 2300 ο
3205 2265 3604 2340 ἐγκωμιάζομεν
3638 2263 3696 2320 δὲ
3724 2269 3832 2325 τοὺς
3861 2260 3938 2316 δι-

2353 2357 2530 2414 καίους
2581 2351 2675 2406 διὰ
2724 2363 2820 2416 τῆς
2872 2359 3162 2429 μαρτυρίας
3232 2355 3299 2407 ὧν
3376 2359 3555 2429 ἴσμεν,
3629 2355 3938 2428 εὐφραίνομεν

2355 2440 2414 2495 δι
2442 2446 2562 2504 τοὺς
2591 2442 2742 2504 λαοὺς
2774 2441 2866 2496 διὰ
2912 2452 3000 2505 τῆς
3048 2442 3208 2506 ἀκοῆς
3263 2455 3363 2498 τῶν
3419 2446 3617 2500 καλῶν.
3683 2443 3939 2520 Προτροπῆ

2351 2533 2453 2603 γὰρ
2504 2534 2630 2606 πρὸς
2702 2535 3042 2608 σωφροσύνην
3108 2535 3135 2585 ό
3213 2532 3329 2606 βίος
3410 2543 3511 2588 τοῦ
3590 2534 3800 2605 Ἰωσὴφ,
3865 2532 3944 2582 καὶ

2349 2623 2476 2696 πρὸς
2505 2616 2721 2696 ἀνδρίαν
2751 2621 3082 2695 παράκλησις
3106 2623 3171 2676 τὰ
3197 2630 3290 2676 τοῦ
3337 2623 3572 2698 Σαμψὼν
3624 2619 3938 2696 διηγήματα.

2421 2803 2473 2854 2.
2515 2799 2625 2852 Οὐκ
2656 2795 2743 2853 οἶδ
2747 2819 2792 2852 εν
2824 2797 2912 2854 οὖν
2944 2799 3211 2875 ἆγκωμίων
3239 2806 3394 2875 νόμον
3429 2807 3490 2856 τὸ
3525 2805 3661 2857 θετον
3695 2798 3728 2856 δ
3735 2797 3942 2855 ιὸασκα-

2348 2887 2478 2941 λεῖον
2513 2889 2640 2962 (53),
2709 2888 2833 2944 ἀλλὰ
2889 2895 2982 2950 τὴν
3040 2893 3331 2968 ματρυρίαν
3405 2903 3513 2947 τῶν
3586 2892 3944 2966 πεπραγμένων

2353 2976 2459 3030 ἀντ’
2518 2976 2785 3052 ἐγκωμίων
2840 2979 3124 3052 λογίζεται,
3189 2984 3253 3042 ὡς
3299 2986 3390 3034 καὶ
3439 2991 3554 3046 τοίς
3600 2982 3766 3054 ἁγίοις
3808 2979 3947 3054 ἐξαρ-

2280 3096 2320 3152 C
2350 3074 2546 3119 κοῦσαν
2603 3071 2728 3143 πρὸς
2784 3070 3008 3137 ἔπαινον,
3075 3075 3165 3123 καὶ
3247 3078 3354 3131 τοίς
3431 3075 3763 3147 ὡρμημένοις
3837 3071 3952 3142 πρὸς

2351 3157 2536 3232 ἀρετὴν
2596 3159 2831 3234 αὐτάρκη
2904 3161 3067 3212 οὖσαν
3147 3161 3220 3224 εἰς
3301 3162 3578 3234 ὠφέλειαν.
3667 3149 3995 3234 Ἐγκωμιων’

2350 3252 2440 3322 μὶν
2463 3252 2564 3324 γὰρ
2605 3253 2755 3322 νόμος
2795 3246 3033 3324 πατρίδα
3081 3247 3458 3324 διερευνᾶσθαι
3490 3255 3633 3326 (54),
3695 3257 3783 3304 καὶ
3822 3253 3953 3324 γένος

2353 3337 2645 3404 ἀναζητεῖν,
2701 3343 2791 3391 καὶ
2835 3337 3046 3411 ἀγωγὴν
3106 3337 3421 3412 διηγεῖσθαι
3452 3363 3467 3377 ο
3531 3345 3557 3395 ό
3614 3339 3675 3395 δὲ
3724 3343 3953 3414 ἡμέτερος

2349 3433 2520 3502 νόμος,
2578 3432 2696 3489 τοὺς
2746 3436 2847 3480 τῶν
2896 3433 3138 3500 γειτόνων
3190 3429 3372 3503 λόγους
3427 3433 3821 3505 κατασιγάσας,
3862 3425 3953 3480 ἀπὸ

2349 3525 2448 3570 τῶν
2501 3513 2648 3570 ἰδίων
2695 3517 2918 3570 ἑκάστου
2969 3523 3063 3577 τὴν
3114 3524 3412 3594 μαρτυρίαν
3487 3522 3705 3595 πληροῖ.
3766 3519 3829 3572 Τί
3861 3517 3951 3589 γὰρ

2353 3605 2447 3678 ὶγώ
2476 3609 2620 3680 παρὰ
2649 3615 2802 3659 τοῦτο
2849 3611 3166 3681 σεμνότερος,
3223 3609 3266 3660 εὶ
3317 3610 3348 3667 ἠ
3416 3611 3576 3674 πόλις
3627 3611 3754 3664 ποτὶ
3799 3605 3952 3682 χαλι-

2349 3700 2476 3757 ποὺς
2530 3701 2619 3748 καὶ
2693 3695 2949 3769 μεγάλους
3038 3695 3237 3769 ἀγῶνας
3294 3694 3677 3772 διενεγκοῦσα,
3753 3693 3953 3769 λαμπρᾶ

2349 3788 2481 3839 κατὰ
2508 3795 2608 3838 τῶν
2634 3786 2887 3858 πολεμίων
2920 3783 3172 3846 ἀνέστησε
3197 3791 3306 3859 (55)
3338 3794 3586 3860 τρόπαια
3613 3806 3629 3858 ;
3689 3791 3741 3844 τί
3794 3783 3870 3854 δῖ,
3915 3781 3954 3836 εἰ

2351 3876 2534 3934 θέσεως
2587 3874 2819 3949 εὐκαίρος
2866 3878 2998 3947 ἔχει,
3055 3877 3123 3939 ὡς
3188 3880 3319 3953 πρὸς
3400 3881 3654 3955 χειμῶνά
3735 3897 3788 3932 τε
3838 3871 3956 3928 εἶναι

2346 3962 2436 4016 καί
2469 3965 2608 4036 θέρος
2634 3961 2972 4032 ἐπιτηδείαν;
3036 3966 3098 4019 Εἰ
3141 3963 3202 4019 δὲ
3247 3970 3337 4020 καὶ
3381 3971 3417 4028 ἡ
3475 3969 3614 4030 αὐτὴ
3663 3963 3864 4042 ἀνδρῶν
3905 3963 3955 4015 τί

2348 4051 2488 4106 ἐστιν
2529 4053 2755 4126 εὔφορος,
2806 4058 2896 4108 καὶ
2955 4053 3276 4129 βοσκήματα
3319 4063 3538 4133 τρέφειν
3597 4059 3882 4135 αὐτάρκης,
3912 4053 3959 4103 τί

2346 4162 2436 4215 μοι
2488 4141 2540 4194 ἐκ
2596 4146 2791 4195 τούτων
2828 4142 3058 4215 ,ὄφελος
3115 4145 3271 4199 Ἀλλὰ
3318 4152 3416 4201 καὶ
3475 4155 3598 4209 ταῖς
3650 4156 3752 4200 τῶν
3803 4147 3957 4197 imm

2346 4229 2552 4302 ἀγέλαις
2575 4241 2669 4293 τῆς
2713 4230 2797 4303 ὑφ’
2848 4231 2978 4304 ἡλίῳ
3035 4239 3235 4308 κρατεῖ·
3283 4238 3346 4287 Τί
3409 4233 3506 4289 οὖν
3553 4240 3697 4310 ἡμᾶς
3753 4232 3961 4288 δύναται

2344 4327 2512 4372 ταῦτα
2540 4324 2633 4378 τὴν
2665 4319 2984 4394 ἀνθρωπείαν
3040 4319 3225 4398 ἀρετὴν
3273 4321 3533 4396 βελτίους
3580 4334 3852 4390 ποιῆτε-αις
3897 4320 3958 4372 Ἥ

563 4411 832 4468 nientem
863 4415 1273 4484 promovere?
1322 4417 1412 4466 An
1440 4426 1564 4466 non
1593 4409 1774 4466 etiam
1817 4409 1867 4466 si
1924 4409 2000 4465 de
2051 4409 2232 4466 vicini

2345 4428 2443 4462 που
2470 4415 2559 4462 καὶ
2584 4411 2678 4472 τὰς
2701 4417 2793 4461 τοῦ
2831 4414 3058 4481 γείτονος
3111 4415 3260 4486 ὅρους
3309 4417 3562 4490 κορυφὰς
3603 4412 3957 4488 διηγούμενοι,

565 4501 910 4574 eujuspiam
941 4501 1164 4558 montis
1195 4500 1614 4558 cacuminibus
1653 4500 2031 4570 disserimus,
2076 4515 2231 4572 quo-

563 4591 748 4646 modo
797 4590 990 4646 nubes
1022 4590 1472 4658 transcendant,
1525 4595 1583 4644 et
1651 4606 1840 4661 quam
1882 4588 2230 4660 longissime

560 4679 946 4752 porrigantur
974 4679 1036 4735 in
1069 4695 1292 4748 aerem,
1325 4695 1439 4735 nos
1475 4679 1641 4750 ipsos
1679 4678 2050 4752 decipiemus
2075 4683 2226 4747 tum,

2343 4502 2414 4562 ὡς
2443 4501 2732 4573 ὑπερνεφεῖς
2757 4503 2812 4552 τί
2842 4501 2945 4553 εἰσι
2991 4505 3082 4554 καὶ
3135 4500 3219 4554 ἐπὶ
3273 4502 3409 4556 πολύ
3461 4512 3564 4557 τοῦ
3617 4503 3768 4578 ἀέρος
3817 4499 3959 4555 διαν-

2343 4592 2650 4658 εστὴκασιν,
2685 4588 2901 4650 ἑαυτοὺς
2931 4587 3269 4663 ἀπατὴσομεν
3293 4593 3415 4664 (56)
3459 4596 3529 4657 ὡς
3580 4601 3700 4657 τοῖς
3741 4588 3960 4667 ἀνδράσι

2342 4675 2436 4730 διὰ
2463 4681 2658 4731 τούτων
2698 4677 3067 4756 ἐκπληροῦντες
3117 4683 3203 4733 τὸν
3261 4683 3524 4752 ἔπαινον;
3591 4687 3807 4739 Πάντων
3854 4681 3960 4734 ἐστὶ

565 4785 703 4835 cum
753 4784 822 4824 ex
871 4768 963 4824 his
1001 4768 1213 4826 laudes
1264 4767 1406 4825 viris
1465 4767 1908 4825 tribuerimus?
1973 4768 2227 4825 Maxime

566 4858 738 4932 143
773 4859 1048 4916 omnium
1076 4857 1398 4915 ridiculum
1424 4862 1535 4926 est,
1569 4862 1770 4930 spreto
1805 4872 1841 4914 a
1863 4857 2046 4929 justis
2079 4857 2225 4914 orbe

561 4953 704 5020 toto,
735 4965 846 5005 nos
885 4965 958 5004 ex
1002 4947 1215 5022 paucis
1264 4962 1474 5003 eorum
1521 4962 1658 5018 quae
1707 4951 2222 5018 contempserunt,

556 5037 771 5096 laudes
824 5055 1034 5098 eorum
1086 5036 1413 5094 celebrare.
1463 5035 1819 5093 Recordatio
1860 5036 2040 5108 igitur
2080 5038 2224 5096 satis

2337 4769 2874 4842 καταγελαστότατον,
2925 4770 3042 4824 ὀλου
3100 4778 3192 4824 τοῦ
3236 4775 3449 4847 κόσμου
3504 4777 3662 4852 παρὰ
3706 4783 3809 4828 τῶν
3874 4767 3958 4823 δι·-

2335 4864 2495 4913 καίων
2573 4861 2957 4934 ὑπεροφθέντος,
3037 4862 3171 4933 ἡμᾶς
3223 4859 3277 4924 ἐξ
3351 4861 3554 4936 ὀλίγων
3626 4874 3732 4919 τῶν
3782 4862 3960 4934 ἀτιμα-

2337 4952 2556 5003 σθέντων
2608 4948 2838 5024 πληροῦν
2895 4948 3075 5012 αὐτοῖς
3121 4951 3190 5002 τὰ
3239 4949 3511 5025 ἐγκώμια,
3574 4954 3760 5032 Ἀρκεί
3796 4954 3958 5009 τοίνυν

2333 5041 2362 5098 ἠ
2396 5043 2573 5114 μνὴμη
2606 5042 2732 5116 πρὸς
2759 5039 2998 5112 ὠφέλειαν
3030 5035 3268 5116 διηνεκῇ.
3312 5040 3392 5094 Οὐ
3450 5046 3563 5120 γὰρ
3624 5042 3698 5105 δὴ
3759 5044 3960 5101 ἐκείνοις

1138 5201 1184 5238 ⁹¹
1218 5202 1428 5258 Genes.
1460 5215 1662 5266 xxxrx,
1693 5200 1748 5254 8.

633 5202 683 5239 ⁹⁰
707 5204 882 5259 Num.
912 5215 975 5273 ιι,
1008 5205 1061 5273 3,
1138 5201 1184 5238 ⁰¹
1218 5202 1428 5258 Genes.
1460 5215 1662 5266 xxxrx,
1693 5200 1748 5254 8.
1824 5201 1872 5234 9³
1903 5198 2044 5258 Jud.
2076 5215 2195 5269 xxv,
2227 5204 2257 5256 5
2288 5215 2425 5274 sqq.

627 5361 739 5442 (52)
781 5365 944 5419 Unus
998 5362 1604 5445 cod‘ex‘éxrroym'éatv.
1648 5359 1879 5418 Ibidem
1926 5361 1991 5421 in
2047 5359 2212 5419 Colb.

2345 5357 2721 5445 ῗιηγησασθαι.
2749 5361 2916 5445 ΑΙίιιε
2928 5378 3042 5445 ms.
3069 5377 3180 5445 pr_o
3203 5359 3417 5436 ἀγωγήν
3440 5364 3646 5428 habet
3666 5365 3702 5425 δ
3708 5368 3959 5445 tria-1713”-

555 5433 753 5510 primo
785 5450 896 5510 Pro
917 5440 1184 5510 μακαρίων
1211 5433 1427 5510 legitur
1454 5433 1640 5510 έιγίων.

2400 5434 2518 5510 (55)
2546 5435 2714 5510 gnus
2745 5433 2898 5490 liber
2932 5433 3101 5492 vetus
3130 5433 3342 5510 ἔστησε.

764 5503 943 5590 £30115.
986 5503 1592 5590 tertiuskd‘id‘aaiwiliov.
1612 5576 1628 5590 ἱ
1804 5580 1815 5590 .
1843 5576 1854 5587 .
1878 5575 1896 5590 ‘
2115 5576 2131 5590 ‘

2401 5503 2706 5590 (56)‘Editi
2731 5512 2788 5561 et
2826 5522 2984 5563 unus
3003 5523 3117 5564 ms.
3152 5506 3525 5582 ἀπατήσομεν.
3554 5512 3678 5572 Alii
3698 5517 3960 5590 quatuor

625 5577 740 5646 (54)
763 5579 903 5648 Reg.
922 5577 1154 5649 primus
1177 5574 1463 5654 διερευνᾷν.
1487 5576 1671 5636 Paulo
1683 5580 1820 5650 post
1838 5575 2002 5635 idem
2019 5576 2214 5636 codex

2345 5574 2478 5633 n85.
2499 5574 2887 5650 ’ἀπατήσωμεκ
