4076 6190
554 289 659 344 495

1940 265 1999 321 S.
2029 256 2277 319 BASILII
2304 259 2524 317 MAGNI

3769 261 3860 322 496

478 453 497 463 ρ
555 414 701 478 tota,
743 405 949 481 piique
977 402 1180 459 essent
1213 394 1435 471 praadae
1466 389 1743 467 expositi,
1803 388 2206 460 diriperentur

2321 382 2416 436 ἀλλ’
2465 383 2515 435 οἱ
2565 376 2729 455 μηδὲν
2770 375 3066 440 ἀδικοῦντες
3112 377 3180 430 τὰ
3220 385 3326 437 τῶη
3365 381 3651 455 κακούργων
3687 384 3861 458 ύπέμι-

2471 470 2483 481 .
2783 471 2807 481 -
2947 471 2956 481 .
3025 464 3049 481 ι
3166 475 3186 481 -
3246 472 3257 481 .
3428 470 3451 481 -
3657 468 3678 481 .
3852 477 3861 481 -

556 475 1071 576 pecuniam-plagis
1099 487 1533 545 dilaniarentur
1556 494 1813 554 corpora
1836 475 2204 534 Christiano-

556 566 716 656 rum,
749 566 1125 644 traherentur
1152 575 1565 646 mulieresper
1579 569 1846 628 mediam
1867 566 2201 628 civitatem;

558 683 685 738 tum
702 653 987 749 juventus
1006 684 1130 726 non
1152 663 1494 724 concitabat
1516 657 2016 723 misericordiam,
2039 653 2209 711 nulla

560 743 878 826 senectutis
906 755 1238 817 reverentia
1266 757 1415 818 erat,
1458 751 1565 808 sed
1607 749 1714 824 qui
1756 746 1908 804 nihil
1953 743 2208 802 admise-

558 861 696 915 rant
724 850 889 919 mali,
920 846 1332 904 maleﬁcorum
1354 841 1642 898 subibant
1665 835 1979 911 supplicia.
2011 837 2211 904 Angu-

562 945 637 1002 sti
666 946 837 999 erant
855 953 1146 1003 carceres,
1168 935 1419 991 desertre
1450 934 1620 987 erant
1639 928 1861 984 domus
1886 923 2205 998 opulentae,

561 1030 913 1091 solitudines
951 1026 1180 1084 refertae
1226 1020 1517 1096 profugis.
1568 1018 1803 1074 Crimen
1843 1018 2045 1071 autem
2080 1011 2212 1067 hac

559 1119 943 1181 tolerantium
973 1120 1096 1172 erat
1124 1113 1337 1187 pietas.
1368 1113 1435 1165 Et
1463 1113 1634 1182 pater
1662 1104 1958 1178 prodebat
1998 1101 2211 1167 ﬁlium,

559 1216 616 1269 et
640 1215 880 1285 patrem"
904 1205 1063 1262 ﬁlius
1090 1199 1402 1259 indicabat
1429 1215 1441 1252 :
1472 1197 1688 1253 fratres
1724 1194 1786 1250 in
1817 1193 2029 1249 fratres
2053 1190 2213 1246 fure-

557 1281 731 1368 bant,
764 1302 820 1353 et
842 1293 993 1352 servi
1014 1294 1075 1348 in
1096 1289 1375 1347 dominos
1401 1301 1544 1342 suos
1573 1281 1989 1354 insurgebant.
2019 1283 2213 1352 Atque

559 1390 691 1445 dira
732 1383 1018 1458 quaedam
1048 1396 1171 1437 nox
1202 1393 1394 1449 genus
1423 1373 1742 1431 hominum
1774 1372 1854 1427 ita
1889 1370 2210 1436 invaserat,

559 1482 643 1545 ut,
677 1456 912 1540 omnes,
947 1468 1193 1526 diabolo
1226 1466 1304 1522 ad
1332 1462 1636 1521 insaniam
1652 1460 1958 1535 adigente,
1981 1474 2043 1514 se
2068 1456 2215 1514 invi-

558 1582 691 1622 cem
715 1563 1085 1635 ignorarent.
1109 1555 1506 1612 Diruebantur
1530 1552 1692 1608 aedes
1713 1546 2076 1623 precationis
2096 1562 2215 1602 ma-

557 1653 740 1710 nibus
784 1651 1134 1729 impiorum,
1187 1642 1611 1702 evertebantur
1646 1638 1877 1709 altaria,
1934 1651 2045 1693 nec
2086 1637 2215 1691 erat

2308 492 2413 540 νον,
2464 470 2860 545 ἐστενοχωρεῖτο
2904 471 2971 521 τά
3014 464 3377 543 δεσμῶτὴρια,
3426 470 3604 543 ἔρημοι
3653 468 3775 529 ἦσαν
3822 477 3865 528 οἱ

2313 562 2673 634 εύθηνούμενοι
2718 565 2814 611 τῶν
2856 561 3030 625 οἴκων,
3075 557 3131 608 αἱ
3188 552 3248 610 δε
3303 554 3510 632 ἐρημίαι
3544 559 3743 637 πλήρεις
3778 573 3866 618 τῶν

2315 646 2764 725 φυγαδευομένων·
2815 645 3050 720 ἔγκλημα
3092 642 3152 699 δε
3200 642 3261 704 ἦν
3299 653 3405 708 τοῖς
3443 655 3606 702 ταῦτα
3646 653 3866 724 πάσχον.

2318 758 2401 793 σιν
2451 740 2482 798 ἡ
2539 735 2794 807 εὐσέϐεια,
2841 738 2930 789 καὶ
2985 739 3159 811 πατὴρ
3216 731 3504 811 παρεδίδου
3559 736 3740 808 παῖδα,
3790 748 3868 797 καὶ

2315 832 2515 902 πατέρα
2556 829 2664 888 υίὸς
2702 828 3037 899 κατεμήνυεν,
3084 821 3299 897 ἀδελφοὶ
3332 825 3445 878 κατ’
3489 826 3704 887 ἀλλήλων
3745 829 3871 904 ίμαί-

2316 912 2481 986 νοντο,
2549 921 2639 969 καὶ
2704 912 2885 968 δοῦλοι
2945 910 3229 975 δεσπόταις
3286 914 3475 969 ἑαυτῶν
3538 916 3866 975 ἐπανίσταντο·

2319 1003 2461 1066 δεινή
2513 1003 2574 1059 δέ
2621 1025 2700 1068 τις
2727 1004 2820 1069 νύξ
2847 1003 3138 1077 κατειλήφει
3179 1006 3266 1056 τὸν
3310 1002 3446 1077 βίον,
3490 1008 3680 1062 πάντων
3712 1008 3873 1083 ἀγνοη-

2323 1097 2519 1148 σάντων
2559 1093 2804 1155 ἀλλήλους
2856 1091 2911 1146 ἕκ
2947 1101 3036 1154 τῆς
3073 1100 3164 1146 τοῦ
3207 1090 3453 1147 διαϐόλου
3493 1096 3870 1172 φρενοϐλαϐείας·

2318 1183 2682 1237 κατεϐάλλοντο
2735 1185 2824 1256 μὲν
2876 1182 3012 1236 οἶκοι
3057 1192 3363 1258 προσευχῆς
3418 1185 3516 1238 ὑπὸ
3563 1195 3744 1262 χειρῶν
3795 1188 3875 1240 ἀν-

2320 1278 2500 1337 οσίων,
2532 1272 2830 1349 ἀνετράπετο
2879 1268 2939 1325 δε
2976 1274 3352 1349 θυσιαστήρια,
3393 1280 3482 1328 καὶ
3520 1276 3613 1329 οὐκ
3653 1275 3711 1336 ἧν
3737 1298 3879 1351 προσ-

2321 1365 2453 1436 φορά
2497 1359 2621 1415 οὐδὲ
2669 1365 2927 1435 θυμίαμα,
2986 1361 3046 1414 ού
3098 1364 3215 1433 (63)
3255 1368 3411 1427 τόπος
3464 1374 3556 1419 τοῦ
3607 1377 3877 1443 καρπῶσαι,

2321 1450 2449 1504 ἀλλά
2483 1457 2739 1525 κατήφεια
2786 1448 2955 1519 δεινὴ,
3000 1452 3174 1525 ὥσπερ
3230 1473 3308 1514 τις
3363 1454 3563 1527 νεφέλη,
3618 1460 3683 1510 τὰ
3733 1459 3883 1510 πάντα

2320 1548 2581 1613 κατεῖχεν·
2643 1538 2960 1598 ἀπελήλαντο
3007 1543 3098 1614 μεν
3153 1543 3203 1594 οἰ
3253 1551 3346 1596 τοῦ
3388 1545 3526 1597 θείου
3581 1547 3879 1621 θεραπευταὶ,

2322 1625 2600 1688 διιπτὸητο
2649 1626 2709 1682 δὲ
2744 1635 2843 1690 πᾶς
2884 1637 2982 1692 τῆς
3019 1629 3281 1695 εὐσεϐείας
3330 1634 3532 1705 θίασος,
3571 1630 3797 1708 δαίμονες
3835 1632 3884 1689 δε

557 1742 784 1800 oblatio
806 1720 948 1806 ulla,
970 1724 1168 1809 neque
1189 1732 1451 1802 suﬁitus,
1471 1746 1595 1787 non
1615 1729 1784 1785 locus
1810 1723 2211 1794 sacriﬁcandi,

2321 1723 2687 1792 κατεχόρευον,
2741 1721 2983 1778 κνίσσαις
3029 1723 3119 1772 καὶ
3161 1720 3353 1792 αἵμασι
3410 1724 3478 1775 τά
3532 1725 3696 1777 πάντα
3746 1743 3887 1776 κατα-

559 1832 666 1888 sed
697 1829 928 1888 tristitia
956 1828 1170 1900 ingens
1205 1822 1371 1880 velut
1398 1819 1618 1877 nebula
1645 1817 1930 1893 quaedam
1958 1829 2215 1887 occupa-

555 1922 666 1979 bat
698 1919 928 1987 omnia,
978 1914 1353 1988 fugabantur
1400 1909 1675 1967 Numinis
1706 1906 1984 1976 cultores,
2014 1903 2215 1962 omnis

557 2011 780 2068 chorus
818 2007 1054 2082 pietatis
1102 2009 1231 2061 erat
1256 2004 1677 2059 consternatus
1710 2016 1723 2055 :
1771 1996 1880 2053 sed
1903 1995 2215 2052 daemones

559 2099 993 2175 tripudiabant,
1026 2093 1345 2152 nidoribus
1375 2107 1448 2147 ac
1488 2088 1786 2159 sanguine
1816 2085 2025 2143 omnia
2052 2083 2216 2141 coin-

556 2173 902 2263 quinantes.
933 2188 1097 2242 Tunc
1137 2188 1418 2240 strenuus
1442 2179 1540 2235 ille
1569 2178 1679 2249 vir,
1702 2178 2093 2234 antevertens
2114 2173 2215 2244 ju-

555 2261 854 2335 diciorum
900 2271 1346 2338 necessitatem,
1396 2267 1631 2339 abjecto
1676 2264 1919 2336 cingulo
1961 2261 2214 2320 extorris

556 2372 700 2424 erat.
730 2368 938 2439 Spreto
968 2362 1148 2433 igitur
1176 2358 1556 2429 magistratu,
1591 2360 1793 2428 spreta
1814 2354 2027 2426 gloria,
2053 2366 2216 2424 spre-

555 2456 631 2513 tis
670 2454 893 2512 divitiis
923 2450 1121 2508 omnis
1151 2447 1405 2520 generis,
1438 2443 1818 2519 propinquis,
1864 2443 2099 2510 amicis,
2129 2441 2214 2498 fac

555 2546 758 2610 mulis,
783 2542 1012 2600 deliciis
1032 2540 1185 2607 vitae,
1217 2536 1486 2610 reliquis,
1505 2550 1767 2607 quorum
1789 2532 1991 2589 studio
2017 2530 2212 2587 homi-

557 2652 665 2692 nes
697 2638 995 2699 tcnentur,
1020 2629 1098 2685 ad
1120 2624 1623 2701 profundissimas
1652 2638 1719 2679 ac
1739 2619 2215 2678 hominibusim-

558 2723 797 2797 pervias
848 2718 1205 2775 solitudines
1243 2713 1533 2784 confugit,
1574 2716 1772 2768 actam
1820 2726 1960 2767 cum
2006 2709 2215 2766 bestiis

557 2813 747 2868 vitam
774 2809 1057 2865 societate
1093 2804 1550 2861 idololatrarum
1578 2801 1808 2858 ducens
1839 2799 2214 2856 mansuetio-

558 2915 709 2966 rem,
731 2896 997 2954 imitatus
1017 2893 1267 2949 zelotem
1288 2891 1501 2961 Etiam,
1523 2890 1629 2963 qui
1647 2905 1787 2946 cum
1807 2887 2216 2945 idololatriam

2319 1811 2627 1881 μιαίνοντες·
2668 1810 2785 1860 τότε
2821 1808 2848 1859 ὁ
2885 1814 3112 1879 γενναῖος
3157 1810 3274 1879 (64)
3306 1810 3459 1873 οὗτος
3503 1811 3761 1887 προλαϐὼν
3804 1816 3885 1871 τὴν

2321 1896 2378 1950 ἐκ
2434 1904 2534 1949 τῶν
2592 1893 2951 1971 δικαστηρίων
3018 1895 3273 1970 ἀνάγκην,
3339 1900 3502 1974 ῥίψας
3559 1905 3652 1961 τὴν
3718 1902 3886 1972 ζώνην,

2321 1987 2587 2063 ὑπερόριος
2651 1983 2734 2054 ἦν,
2794 1983 3055 2061 ὑπεριδὼν
3118 1985 3452 2058 δυναστείας,
3516 1987 3766 2065 ὑπεριδὼν
3812 1988 3890 2044 δό-

2322 2075 2432 2145 ξης,
2479 2075 2704 2129 πλούτου
2752 2072 3111 2145 παντοδαποῦ,
3164 2083 3484 2151 συγγενείας,
3542 2080 3714 2153 φίλων,
3777 2081 3891 2134 οἰκε-

2320 2174 2443 2234 τῶν,
2492 2164 2828 2229 ἀπολαύσεως
2870 2164 3014 2239 βίου,
3062 2168 3267 2221 πάντων
3329 2170 3437 2223 ὅσα
3478 2168 3755 2245 ἀνθρώποις
3793 2170 3890 2224 ἐστὶ

2320 2251 2780 2331 περισπούδαστα,
2837 2258 2964 2330 πρὸς
3010 2257 3101 2317 τὰς
3144 2255 3449 2330 βαθυτάτας
3486 2264 3578 2313 καὶ
3632 2259 3893 2336 ἀνθρώποις

2322 2342 2540 2406 ἀϐάτους
2594 2342 2815 2420 ἐρημίας
2870 2341 3158 2419 ἀπέδραμε,
3220 2349 3309 2399 τὸν
3362 2351 3498 2421 μετά
3562 2358 3659 2403 τῶν
3721 2352 3894 2426 θηρίων

2324 2433 2440 2509 βίον
2484 2443 2574 2496 τῆς
2620 2439 2751 2511 πρὸς
2794 2438 2910 2496 τοὺς
2957 2432 3465 2513 εὶδωλολατροῡντας
3501 2445 3760 2503 κοινωνίας
3785 2444 3896 2515 ἠμε-

2319 2531 2539 2602 ρὼτερον
2590 2527 2936 2597 ἡγησάμενος,
2986 2527 3123 2578 κατὰ
3169 2529 3255 2579 τὸν
3306 2528 3550 2589 ζηλωτὴν
3599 2530 3788 2584 Ἠλίαν·
3826 2530 3894 2593 ὃς,

2321 2617 2404 2667 ὅτε
2440 2610 2574 2667 εἶδεν
2621 2612 3003 2689 ἐπικρατοῦσαν
3041 2619 3134 2674 τὴν
3162 2613 3591 2695 εἰδωλολατρείαν
3625 2625 3718 2683 της
3754 2617 3899 2674 Σιδω-

2319 2707 2452 2769 νίας,
2503 2701 2588 2755 ἐπὶ
2632 2707 2690 2755 τὸ
2744 2707 2862 2778 ὅρος
2912 2701 3178 2779 ἀνέδμαμε
3219 2710 3279 2759 τὸ
3328 2710 3557 2786 Χωρὴϐ,
3602 2718 3689 2766 καί¹
3744 2712 3789 2765 ἓν
3835 2720 3897 2783 τῷ

2323 2792 2562 2864 σπηλαίῳ
2612 2789 2817 2866 διῆγεν,
2874 2792 3103 2856 ἐκζητῶν
3159 2799 3246 2849 τὸν
3304 2803 3462 2867 Θεὸν,
3520 2803 3610 2864 ἕως
3683 2798 3785 2858 εἶδε
3823 2805 3899 2856 τὸν

2320 2884 2689 2958 περιπόθητον,
2716 2885 2781 2944 ὡς
2813 2879 2942 2937 ἰδεῖν
2973 2882 3226 2961 ἀνθρώπῳ
3248 2890 3382 2940 Θεὸν
3411 2886 3652 2947 δυνατόν.

557 2987 790 3083 videret
826 2980 1619 3083 .Sidonite‘inval‘escentem,
1658 2979 1722 3035 in
1759 2982 2045 3083 montem.
2070 2971 2315 3083 Choret:
2332 2971 2614 3083 profugit,
2655 2972 3036 3083 degebatque
3083 2975 3147 3031 in
3196 2977 3514 3050 spelunca,
3560 2981 3902 3056 conquirens

562 3078 773 3143 Deum,
806 3074 1000 3131 donec
1029 3071 1176 3128 vidit
1203 3068 1670 3143 optatissimum,
1699 3071 2000 3141 quantum
2030 3063 2264 3122 homini
2287 3062 2379 3120 fas
2403 3066 2493 3118 est
2516 3063 2706 3118 Deum
2733 3063 2936 3120 videre
2953 3066 3022 3121 93.

635 3172 689 3224 3.
730 3163 892 3221 Talis
919 3162 1101 3234 igitur
1128 3166 1256 3217 erat
1293 3163 1351 3216 et
1379 3157 1655 3226 Gordius,
1688 3158 1791 3229 qui
1821 3156 1975 3226 fugit
2004 3155 2217 3212 tumul-
2244 3152 2286 3208 C

562 3262 662 3316 tus
677 3251 1143 3321 civiles,turbam
1158 3250 1480 3320 forensem,
1497 3247 1955 3316 magistratuum
1970 3243 2216 3311 fastum,

564 3342 914 3409 tribunalia,
944 3339 1434 3405 calumniatores,
1452 3335 1807 3402 vendentes,
1825 3338 2117 3404 ementes,
2125 3334 2221 3405 ju-

562 3439 789 3503 rantes,
820 3429 1196 3496 mentientes,
1225 3426 1548 3482 verborum
1569 3423 2029 3497 turpitudinem,
2059 3422 2220 3479 tace-

564 3524 680 3582 tias
702 3526 759 3580 et
786 3520 1019 3592 reliqua
1040 3516 1266 3587 omnia,
1292 3531 1429 3588 qua:
1460 3514 1774 3587 populosas
1799 3511 1982 3569 urbes
2012 3526 2219 3569 secum

563 3614 813 3672 trahunt
828 3610 910 3665 ita
929 3612 994 3663 ut
1014 3605 1250 3679 cymbae
1271 3621 1307 3661 a
1334 3604 1574 3675 magnis
1598 3600 1855 3659 navibus
1876 3600 2218 3658 trahuntur.

566 3704 846 3770 Quicum
874 3701 1196 3772 purgasset
1234 3710 1434 3763 aures,
1474 3695 1793 3767 purgasset
1820 3690 2052 3762 oculos,
2090 3705 2221 3747 cor-

564 3809 681 3867 que
709 3794 846 3848 ante
872 3787 1081 3845 omnia
1109 3788 1451 3858 purgasset,
1476 3787 1541 3839 ut
1564 3786 1770 3855 posset
1785 3784 1973 3837 Deum
1993 3780 2219 3846 videre,

564 3897 636 3940 ac
661 3881 874 3937 beatus
899 3874 1234 3932 efﬁceretur
1266 3887 1279 3939 ;
1311 3871 1461 3927 vidit
1489 3886 1563 3926 ex
1591 3868 1973 3941 revelatione,
2013 3868 2223 3925 didicit

562 3968 875 4044 mysteria,
902 3980 1027 4021 non
1052 3963 1127 4020 ab
1156 3954 1535 4031 hominibus,
1559 3974 1755 4032 neque
1782 3975 1890 4031 per
1917 3958 2216 4029 homines,

562 4060 671 4117 sed
690 4072 916 4128 magno
942 4070 1091 4110 usus
1112 4054 1480 4125 praeceptore
1498 4048 1719 4122 Spiritu
1739 4047 2027 4104 veritatis.
2053 4046 2221 4103 Unde

557 4163 700 4205 cum
752 4146 940 4203 vitam
982 4144 1348 4214 reputasset,
1396 4153 1579 4210 quam
1634 4135 1861 4192 inutilis
1906 4135 1997 4202 sit,
2031 4151 2220 4209 quam

556 4252 740 4306 vana,
780 4250 970 4309 quam
1009 4230 1179 4289 omni
1201 4228 1440 4284 somnio
1471 4231 1529 4283 et
1560 4226 1780 4283 umbra
1807 4225 2095 4298 fragilior,
2120 4241 2220 4282 ex-

557 4326 908 4385 stimulatus
936 4326 1027 4379 est
1054 4317 1471 4377 vehementius
1492 4316 1573 4373 ad
1603 4331 1932 4389 supernam
1957 4316 2220 4373 vocatio-

556 4431 698 4472 nem
737 4409 1310 4484 concupiscendam.
1361 4413 1444 4464 Ac
1481 4405 1668 4463 veluti
1705 4406 1952 4473 athleta,
1994 4406 2124 4477 jam
2154 4421 2218 4463 se

2397 3155 2448 3208 3.
2488 3157 2730 3214 Τοιοῦτος
2775 3148 2863 3205 οὖν
2908 3149 2969 3212 ἦν
2999 3158 3091 3207 καὶ
3121 3156 3148 3208 ὁ
3181 3154 3426 3233 Γόρδιος,
3455 3159 3731 3235 ἀποφυγὼν
3770 3160 3905 3235 θορύ-

2325 3238 2442 3301 ϐους
2493 3239 2808 3308 πολιτικούς,
2871 3241 3030 3314 ὄχλον
3088 3242 3359 3319 ἀγοραῖον,
3428 3248 3769 3326 ἀρχοντικοὺς
3828 3251 3905 3301 τύ·

2325 3348 2467 3402 φους,
2527 3331 2593 3382 τὰ
2640 3326 2985 3406 δικαστήρια,
3040 3337 3158 3396 τοὺς
3226 3341 3577 3411 συκοφάντας,
3648 3343 3762 3401 τοὺς
3812 3356 3908 3390 πω-

2324 3417 2555 3486 λοῦντας,
2636 3422 2754 3480 τοὺς
2818 3420 3155 3494 ὠνουμένους,
3238 3428 3358 3487 τοὺς
3435 3430 3740 3501 ὀμνύοντας,
3804 3429 3909 3485 τοὺς

2323 3503 2694 3581 ψευδομένους,
2758 3512 2850 3567 τὴν
2927 3510 3328 3587 αἰσχρολογίαν,
3413 3523 3506 3577 τὴν
3573 3516 3903 3594 εὐτραπελίαν,

2324 3595 2486 3649 male:
2541 3598 2661 3664 ὅσα,
2724 3598 2897 3675 ὥσπερ
2950 3597 3179 3671 ἐφόλκια,
3248 3605 3302 3654 αἱ
3370 3588 3769 3683 πολυάνθρωποι
3819 3611 3908 3658 τῶν

2324 3685 2517 3740 πόλεων
2559 3685 2918 3760 ίπισύρονται.
2972 3691 3281 3765 Καθαρεύων
3328 3697 3399 3746 τὰ
3451 3697 3582 3764 ὦτά,
3630 3696 3907 3770 καθαρεύων

2324 3780 2445 3840 τοὺς
2497 3776 2806 3850 ὀφθαλμούς·
2873 3781 2965 3831 καὶ
3021 3784 3121 3853 πρό
3175 3800 3236 3853 γε
3285 3785 3498 3838 πάντων
3551 3791 3648 3846 τὴν
3701 3779 3909 3861 καρδίαν

2325 3869 2722 3941 κεκαθαρμένος,
2769 3869 2853 3920 ἱνα
2894 3871 3024 3923 Θεὸν
3065 3866 3196 3922 ἰδεῖν
3244 3868 3478 3948 δυνηθῇ,
3539 3881 3632 3930 καὶ
3676 3876 3910 3949 μακάριος

2324 3961 2553 4028 γένηται·
2595 3953 2700 4009 εἶδε
2748 3953 2825 4009 δι’
2868 3955 3260 4031 ἀποκαλύψεων,
3307 3960 3589 4038 ἕδιδάχθη
3630 3968 3697 4019 τὰ
3723 3965 3910 4039 μυστή-

2322 4064 2435 4120 ρια,
2484 4044 2578 4097 ούκ
2651 4042 3041 4120 ἀπ’ἀνθρώπων,
3112 4045 3235 4102 οὐδε
3293 4046 3370 4104 δι’
3442 4051 3749 4128 ἀνθρώπων,
3811 4048 3907 4102 ἀλλ’

2325 4137 2462 4206 ἔχων
2489 4137 2577 4187 τὸν
2608 4138 2769 4208 μέγαν
2800 4132 3126 4190 διδάσκαλον
3162 4143 3220 4191 τὸ
3270 4147 3492 4215 Πνεῦμα
3518 4152 3617 4206 τῆς
3660 4142 3907 4202 ἀληθείας.

2320 4222 2474 4277 Ὅθεν
2519 4222 2674 4277 ἐλθὼν
2716 4224 2785 4284 εἰς
2831 4227 3024 4278 ἔννοιαν
3071 4235 3163 4279 τοῦ
3211 4226 3357 4300 βίου,
3410 4234 3483 4295 ὡς
3531 4231 3802 4306 ἀνωφελὴς,
3851 4232 3912 4287 ὡς

2321 4315 2559 4385 μάταιος,
2612 4316 2677 4375 ὡς
2724 4314 2920 4391 ὀνείρου
2968 4322 3157 4379 παντὸς
3197 4323 3287 4372 καὶ
3339 4328 3500 4385 σκιᾶς
3531 4318 3911 4396 ἀδρανέστερος,

2322 4402 2575 4476 ἠρεθίσθη
2628 4400 2970 4480 σφοδρότερον
3026 4410 3153 4481 πρὸς
3200 4412 3294 4467 τὴν
3343 4408 3635 4484 ἐπιθυμίαν
3681 4418 3777 4472 τῆς
3822 4410 3915 4460 ἀνω

549 4503 822 4576 jejuniis,
851 4499 1098 4571 vigiliis,
1130 4496 1608 4571 precationibus,
1639 4495 2012 4568 assidueque
2043 4500 2101 4552 et
2124 4496 2214 4552 in-

2321 4491 2571 4553 κλήσεως.
2617 4497 2718 4546 Καὶ
2760 4495 2867 4546 οἷον
2908 4496 3047 4567 (64')
3089 4495 3339 4567 ἀθλητὴς,
3382 4500 3698 4575 αἰσθόμενος
3745 4499 3916 4552 ἑαυτοῦ

555 4591 859 4650 desinenti
905 4587 1296 4645 oraculorum
1347 4584 1597 4658 Spiritus
1645 4584 2034 4641 meditatione
2065 4584 2215 4642 satis

553 4678 947 4740 exercitatum
974 4691 1135 4744 esse,
1158 4679 1342 4747 atque
1370 4673 1450 4730 ad
1472 4677 1779 4729 certamen
1802 4673 2217 4743 unctum,ani—

554 4770 965 4834 madvertens,
994 4764 1161 4820 illam
1188 4763 1388 4835 ipsam
1428 4762 1585 4817 diem
1623 4761 1685 4816 in
1726 4777 1852 4834 qua
1875 4764 2001 4818 tota
2036 4760 2215 4834 plene

551 4861 781 4928 civitas,
798 4853 1095 4914 daemonis
1108 4851 1336 4909 bellum
1358 4849 1618 4907 amantis
1640 4849 1803 4906 diem
1823 4849 2042 4907 festum
2064 4850 2213 4908 cele-

547 4951 1255 5021 bratura,certamenque
1266 4944 1540 5014 equestre
1552 4939 2209 5011 spectatura,theatrum

619 5134 671 5170 ⁸³
710 5128 781 5188 III
819 5128 964 5198 Reg.
995 5136 1116 5196 xxx,
1164 5124 1187 5178 t
1236 5133 1413 5194 seqq.

613 5309 802 5378 (63)In
827 5300 1070 5378 duobus
1090 5315 1238 5378 mss.
1263 5311 1372 5378 pro
1393 5294 1457 5378 ou:
1472 5292 1688 5378 legitur
1707 5289 1849 5351 οὐδὲ.
1867 5294 2192 5378 Aliquanto

541 5364 888 5455 posteditio
911 5374 1095 5455 Paris.
1128 5364 1292 5455 οἱ.τοῦ
1322 5375 1483 5452 φεοῦ.
1511 5364 1585 5449 fit
1613 5384 1717 5455 sex
1750 5383 1898 5455 m‘ss‘;
1923 5364 2190 5439 efeditio

542 5436 718 5509 Basil.
767 5450 817 5499 οἱ
840 5454 931 5499 τοῦ
963 5448 1121 5498 θείου.
1175 5445 1294 5499 Hoc
1322 5440 1473 5513 ipso
1515 5438 1579 5494 in
1614 5438 1750 5496 loco
1778 5438 1944 5496 Colb.
1985 5436 2191 5496 tertius

539 5526 714 5581 πάσης
744 5518 1022 5578 εὐσεϐείας.

608 5579 722 5666 (ei)
763 5592 889 5644 Τότε
935 5589 962 5641 ὁ
1008 5590 1257 5660 γενναῖος.
1315 5579 1595 5642 Redditio
1643 5580 1874 5657 periodi
1931 5596 2070 5656 quae
2109 5582 2190 5642 ab

2324 4590 2511 4679 ικανῶς
2574 4585 2955 4656 γυμνασθέντος
3038 4591 3128 4639 καὶ
3208 4586 3563 4664 ἀλειψαμένου
3646 4593 3773 4666 πρὸς
3841 4589 3916 4639 τὸν

2322 4679 2516 4741 αγῶνα,
2570 4679 2682 4732 ταῖς
2722 4678 3011 4742 νηστείαις,
3056 4683 3172 4738 ταῖς
3219 4675 3565 4754 ἀγρυπνίαις,
3616 4687 3732 4742 ταῖς
3768 4693 3917 4751 προσ·

2321 4768 2522 4832 ευχαῖς,
2582 4769 2643 4835 τῇ
2706 4759 2936 4822 διηνεκεῖ
2990 4769 3079 4818 καὶ
3134 4764 3389 4841 ἀπαύστῳ
3449 4770 3641 4845 μελέτη
3697 4778 3795 4823 τῶν
3844 4765 3918 4819 λο-

2317 4854 2444 4921 γίων
2490 4858 2579 4903 τοῦ
2628 4855 2947 4927 Πνεύματος,
3001 4861 3237 4930 τηρήσας
3288 4863 3381 4916 τὴν
3442 4861 3650 4935 ἡμέραν
3710 4860 3914 4921 ταύτην,

2318 4937 2367 4990 ἐν
2415 4940 2446 5013 ᾖ
2493 4936 2758 5014 πανδημεὶ
2804 4949 2952 4996 πᾶσα
2988 4945 3019 5003 ἠ
3066 4943 3210 5007 πόλις
3240 4945 3422 5024 ἑορτὴν
3464 4950 3682 5021 ἄγουσα
3712 4947 3916 5023 φιλοπο-

2302 5295 2442 5353 Ἐπεὶ
2488 5289 2557 5381 δὲ-
2596 5296 2622 5351 ὁ
2669 5303 2782 5353 τότε
2813 5298 3059 5381 τύρανιος
3085 5300 3401 5381 incipiens,
3437 5321 3551 5378 per
3575 5306 3763 5377 varia,
3790 5318 3917 5381 qua:

2301 5375 2660 5442 sequuntur,
2688 5374 2995 5429 commata
3015 5374 3325 5433 evolvitur.
3361 5374 3525 5434 En’xr.

2372 5445 2508 5523 (ϐξ)
2543 5444 2700 5524 Utlth~
2727 5444 2921 5524 codex
2949 5450 3008 5502 et
3045 5446 3185 5503 editi
3215 5453 3304 5501 καὶ
3340 5448 3475 5501 οἷον·
3510 5454 3587 5506 At
3613 5466 3772 5509 mss.
3798 5462 3916 5507 non

2300 5519 2480 5585 pauci
2509 5520 2599 5566 καὶ
2632 5519 2805 5571 οἱονεί.
