4076 6190
240 299 334 358 497

1292 294 1582 352 llOMlLIA
1620 294 1687 350 ΙΝ
1729 291 2046 350 GORDIUM
2084 290 2481 349 MARTYREM.

3453 293 3561 351 498

238 424 363 497 lipsi
432 416 639 495 δαίμονι
706 418 1001 492 κατειλήφει
1076 421 1285 493 θέατρον
1314 419 1446 490 (65),
1505 416 1677 490 ἀγῶνα
1731 416 1783 469 ἰπ

1918 438 2270 508 occuparat,
2290 433 2657 491 observavit.
2690 435 2836 491 Cum
2857 433 3037 505 igitur
3055 431 3339 491 collectus
3358 431 3570 488 fuisset

240 516 379 566 πικόν
427 513 667 584 θεωμένη.
719 510 860 564 Ἐπεὶ
906 504 995 562 οὖν
1044 514 1145 572 πᾶς
1191 510 1218 561 ό
1276 504 1442 582 δῆμος
1491 509 1595 561 οἶνω
1650 511 1810 560 συνεί-

235 602 388 666 λεκτο,
420 601 518 654 οὐκ
544 596 799 661 Ἰουδαῖος
827 596 982 666 ἀπῆν,
1014 598 1119 671 ούχ
1136 597 1317 657 Ἐλλην
1348 617 1360 633 ·
1414 601 1505 651 καὶ
1545 605 1807 670 Χριστια-

234 701 320 744 νῶν
370 687 429 744 δ“ε
466 690 660 752 πλῆθος
730 688 823 742 ούκ
876 687 1045 760 ὀλίγον
1093 688 1271 751 αὐτοῖς
1323 682 1712 761 συνανεφύρετο,
1758 687 1808 739 οἱ

237 780 526 854 ἀφυλάκτως
572 778 828 852 βιοῦντες,
880 782 972 831 καὶ
1022 779 1303 851 καθήμενοι
1354 780 1443 851 μεν
1498 778 1630 851 μετὰ
1666 792 1805 828 ’συνσ-

234 867 394 942 εδρίου
444 872 810 941 ματαιότητος,
868 870 940 940 μὴ
1000 864 1309 929 ἐκκλίνοντες
1375 862 1434 920 δι
1509 866 1806 940 συστροφὰς

229 961 646 1033 πονηρευομίνων,
693 954 743 1009 οἱ
791 960 880 1010 καὶ
926 959 1042 1009 τότε
1087 964 1332 1030 παρῆσαν
1386 956 1563 1009 θεαταὶ
1588 962 1678 1008 τοῦ
1703 955 1803 1006 τά-

229 1068 346 1120 χους
390 1056 493 1100 τῶν
545 1048 734 1113 ἳππων,
784 1050 874 1098 καὶ
915 1053 1011 1109 τῆς
1072 1043 1338 1119 ἐμπειρίας
1384 1052 1484 1098 τῶν
1526 1045 1755 1116 ἡνιόχων
1785 1063 1799 1078 ο

227 1136 339 1189 ἄλλὰ
385 1139 477 1189 καὶ
524 1132 745 1198 δούλους
792 1133 986 1195 ἀνῆκαν
1044 1131 1317 1202 δεσπόται,
1370 1138 1460 1187 καὶ
1509 1130 1694 1195 παῖδες
1747 1130 1802 1185 ἐκ

227 1222 594 1279 διδασκαλείων
622 1228 753 1299 πρὸς
784 1227 877 1283 τὴν
932 1226 1048 1278 θέαν
1100 1227 1311 1298 ἔτρεχον
1339 1225 1472 1296 (66),
1521 1230 1692 1298 παρῆν
1743 1218 1801 1275 δε

222 1320 592 1388 καὶγυναικῶν
630 1317 755 1369 ὅσον
793 1310 1038 1387 δημῶδες
1089 1318 1178 1367 καὶ
1228 1316 1455 1387 ἄσημον,
1507 1311 1698 1389 πλῆρες
1741 1308 1801 1365 δε

224 1401 277 1464 ἦν
301 1408 357 1459 τό
399 1402 639 1470 στάδιον,
690 1408 782 1457 καὶ
832 1406 1018 1467 πάντες
1066 1400 1172 1463 ἤδη
1223 1406 1353 1479 πρός
1392 1406 1487 1462 τὴν
1537 1404 1652 1455 θέαν
1703 1411 1799 1465 τῆς

220 1505 305 1551 τῶν
349 1498 520 1549 ἰππων
574 1493 797 1568 ἁμίλλης
844 1490 979 1553 ἦσαν
1033 1498 1428 1566 συντεταμένοι·
1487 1496 1603 1546 τότε
1649 1488 1717 1550 δὴ
1770 1494 1797 1544 ό

217 1591 426 1657 γενναῖος
451 1585 574 1654 (67)
614 1581 805 1645 έκεῖνος
860 1587 950 1635 καὶ
996 1585 1155 1655 μέγας
1200 1587 1294 1641 τὴν
1366 1581 1566 1654 ψυχὴν,
1634 1585 1795 1654 μέγας

219 1678 267 1727 τό
306 1678 559 1748 ρρόνημα,
616 1673 809 1725 οἶνωθεν
866 1670 924 1726 έκ
986 1679 1084 1725 τῶν
1142 1670 1296 1746 ὀρέων
1352 1668 1665 1732 ἕπικαταϐὰς
1718 1677 1790 1741 τῷ

1916 523 1979 581 in
2011 525 2380 581 eminentem
2409 523 2614 581 locum
2643 522 2909 596 populus
2933 522 3152 590 omnis,
3175 537 3299 578 non
3323 524 3348 577 ,1
3358 520 3569 577 ιιάωιιε

1916 613 2148 679 aberat,
2175 628 2297 669 non
2330 615 2607 670 Graecus:
2659 612 2783 668 imo
2821 609 2965 667 v'ero
3024 615 3149 668 erat
3192 611 3279 667 eis
3307 609 3571 667 admista

1914 685 2239 742 multitudo
2259 700 2487 755 magna
2518 682 3012 751 Christianorum,
3062 682 3167 755 qui
3213 684 3454 739 incaute
3483 679 3572 736 vi-

1912 779 2141 846 ventes,
2170 780 2230 832 et
2253 790 2375 831 una
2406 791 2542 831 cum
2568 772 2822 830 concilio
2850 772 3130 828 vanitatis
3150 770 3444 837 sedentes,
3459 784 3572 826 nec

1910 881 2271 936 congressus
2290 865 2447 922 male
2467 865 2774 935 agentium
2790 862 3182 925 declinantes,
3205 859 3571 917 celeritatem

1910 970 2208 1028 equorum
2240 959 2296 1012 et
2324 954 2674 1025 aurigarum
2701 951 2977 1025 peritiam
3008 955 3148 1007 tunc
3178 949 3293 1023 ipsi
3321 962 3570 1021 quoque

1912 1042 2285 1116 spectabant.
2349 1042 2463 1099 Sed
2515 1046 2571 1098 et
2636 1057 2841 1097 servos
2889 1039 3017 1097 heri
3067 1038 3455 1104 demiserant,
3512 1039 3571 1092 et

1909 1133 2081 1206 pueri
2110 1132 2465 1189 elitterariis
2492 1131 2651 1187 ludis
2680 1129 3075 1187 accurrebant
3111 1131 3469 1201 spectatum,
3510 1128 3570 1181 at

1909 1221 2159 1279 aderant
2182 1221 2407 1294 pariter
2429 1220 2667 1277 feminae
2698 1223 2994 1293 quotquot
3020 1216 3268 1291 plebeiae
3309 1219 3481 1271 erant
3510 1217 3569 1271 ut

1909 1310 2203 1368 obscurae.
2255 1311 2426 1385 145
2472 1310 2771 1367 Befertum
2821 1313 3023 1364 autem
3079 1310 3208 1363 erat
3271 1303 3560 1371 stadium,

1901 1400 2154 1473 jamque
2173 1400 2253 1458 ad
2281 1406 2557 1474 equestre
2586 1403 2891 1456 certamen
2933 1394 3431 1467 conspiciendum
3469 1392 3561 1449 in-

1906 1489 2050 1547 tenti
2070 1493 2239 1547 erant
2266 1505 2503 1546 omnes.
2532 1491 2695 1545 Tunc
2740 1487 2919 1558 igitur
2965 1499 3293 1555 generosus
3337 1480 3433 1539 ille
3475 1481 3560 1538 vir

1904 1579 2233 1652 magnique
2260 1578 2446 1635 animi
2468 1582 2525 1634 et
2544 1593 2781 1649 magnae
2806 1574 3183 1643 constantiae,
3204 1571 3467 1644 desuper
3487 1586 3558 1626 et

1901 1669 2213 1727 montibus
2237 1668 2299 1725 in
2328 1669 2631 1725 theatrum
2678 1666 3075 1734 descendens,
3125 1678 3250 1720 non
3293 1659 3560 1718 extimuit

218 1765 410 1836 θεάτρῳ,
486 1762 548 1815 ού
623 1760 922 1833 κατεπλάγη
989 1764 1077 1814 τὸν
1130 1757 1318 1834 δῆμον,
1372 1760 1467 1815 οὐκ
1518 1758 1783 1832 ἐλογίσατο

1897 1758 2217 1833 populum,
2248 1772 2372 1814 non
2401 1756 2654 1813 attendit
2677 1760 2825 1828 quot
2852 1751 3334 1811 adversariorum
3358 1748 3555 1806 mani-

215 1857 383 1915 πόσαις
426 1855 596 1927 χερσὶ
645 1849 919 1923 πολεμίαις
966 1849 1145 1903 ἑαυτὸν
1195 1845 1567 1925 παραδίδωσιν
1600 1870 1613 1884 ο
1679 1848 1785 1903 ἀλλ’

519 1936 726 2015 καρδίᾳ
779 1943 871 1991 καὶ
920 1942 1099 2013 γαύρῳ
1146 1948 1217 2011 τῷ
1276 1943 1583 2014 φρονάματι,
1635 1931 1787 1993 οἱονεὶ

215 2033 376 2104 πέτρας
407 2036 677 2102 συνεχεῖς,
716 2029 746 2088 ᾖ
801 2024 996 2103 δένδρα
1045 2027 1223 2101 πολλὰ,
1279 2033 1399 2091 τοὺς
1455 2032 1513 2082 τό
1569 2026 1786 2083 στάδιον

217 2120 631 2193 περικαθημένους
686 2114 1073 2192 παραδραμὼν,
1149 2118 1220 2180 εἰς
1292 2121 1350 2172 τὸ
1425 2123 1582 2192 μέσον
1656 2139 1784 2173 κατ-

218 2208 595 2283 έστη,βεϐαιῶν
647 2211 737 2260 τὸν
787 2206 938 2279 λόγον
969 2209 1101 2279 (68),
1162 2210 1245 2261 ὅτι
1295 2213 1498 2271 Δίκαιος
1544 2212 1613 2270 ὡς
1662 2212 1783 2265 λέων

213 2300 413 2353 πέποιθε.
448 2300 558 2353 Καὶ
587 2298 753 2359 οὕτως
803 2294 1064 2360 ἁπτόητος
1114 2294 1174 2356 ἦν
1218 2302 1315 2355 τὴν
1360 2297 1568 2371 ψυχὴν,
1628 2302 1780 2369 ὥστε,

212 2384 251 2438 ἐν
298 2394 564 2463 περιφανεῖ
624 2393 718 2439 τοῦ
777 2387 992 2459 θέατρου
1056 2389 1341 2459 γενόμενος,
1420 2385 1655 2462 ἀτρέπτῳ
1718 2398 1779 2464 τῇ

212 2476 454 2551 παρρησίᾳ
509 2473 762 2540 ἕξεϐόησε
813 2480 907 2534 τήν
969 2479 1136 2548 φωνὴν
1213 2474 1427 2545 ἐκείνην,
1495 2480 1557 2541 ἧς
1621 2483 1784 2553 μέχρι

210 2573 286 2618 τοῦ
324 2573 407 2619 νῦν
446 2566 563 2620 εἰσί
605 2583 740 2627 τινες
792 2564 842 2617 οἱ
897 2562 1204 2626 ακούσαντες
1228 2586 1240 2600 ο
1290 2568 1518 2640 Εὑρέθην
1557 2575 1660 2630 τοῖς
1699 2567 1784 2643 έμὶ

210 2659 268 2725 μή
347 2656 606 2717 ζητοῦσιν
649 2675 664 2689 ο
734 2651 964 2727 έμφανής
1046 2652 1291 2728 ἐγενόμην
1362 2663 1472 2717 τοῖς
1545 2655 1630 2730 ἐμὲ
1708 2663 1779 2731 μὴ

210 2748 472 2818 ἐπερωτῶσι
494 2766 508 2780 -
561 2740 738 2802 δηλῶν
769 2739 863 2796 διὰ
893 2744 1106 2811 τούτων,
1158 2744 1239 2796 ὅτι
1275 2742 1334 2796 ού
1385 2747 1510 2819 πρὸς
1551 2743 1783 2819 ἀνάγκην

207 2833 328 2904 ἤχθη
378 2837 508 2911 πρὸς
556 2836 680 2895 τούς
729 2828 1022 2899 κινδύνους,
1074 2830 1182 2883 ἀλλ’
1226 2831 1476 2896 ἑκουσίως
1528 2831 1782 2890 ἐπέδωκεν

205 2925 358 2976 intimis
384 2932 454 2976 τῶ
485 2922 663 2995 ἁ-γῶνι
689 2942 705 2957 ο
772 2924 1130 2996 μιμησάμενος
1175 2924 1265 2974 τὸν
1313 2926 1596 2991 Δεσπότην,
1646 2923 1700 2988 ὃς
1729 2925 1781 2978 έν

205 3019 263 3082 τῷ
298 3016 463 3069 σκότει
508 3019 620 3077 τῆς
667 3014 853 3076 νυκτὸς
926 3008 1263 3085 ἀγνοούμενος
1329 3019 1440 3074 τοῖς
1506 3008 1782 3076 Ἰουδαίοις

206 3106 359 3156 ὴυτὸν
382 3107 769 3178 κατεμήνυσεν.

264 3195 310 3247 4.
342 3193 508 3256 Εὐθὺς
564 3194 663 3266 μεν
722 3186 810 3244 οὖν
867 3187 1139 3264 έπέστρεφε
1193 3194 1252 3244 τό
1306 3192 1517 3267 θέατρον
1557 3199 1631 3263 τῷ
1682 3210 1779 3246 πα-

208 3277 385 3354 ραδόξῳ
449 3290 547 3345 τῆς
627 3282 765 3346 θέας,
847 3276 974 3352 ἀνὴρ
1034 3277 1421 3356 ἁπηγριωμένος
1485 3285 1578 3340 τὴν
1635 3280 1775 3353 ὄψιν,

209 3364 285 3421 διὰ
327 3375 415 3430 τὴν
463 3373 696 3447 χρονίαν
751 3366 801 3421 έν
851 3376 963 3431 τοῖς
1018 3372 1162 3444 ἦοεσι
1218 3366 1426 3423 δίαιταν
1491 3370 1777 3446 αὐχμηρὰν

210 3454 321 3528 ἔχων
358 3464 448 3520 τὴν
499 3457 758 3532 κεφαλὴν,
813 3454 978 3531 βαθὺς
1023 3461 1118 3517 τὴν
1173 3459 1393 3526 ὑπήνην,
1447 3463 1540 3519 τὴν
1579 3458 1779 3520 ἰσθῆτα

207 3555 371 3618 ρνπῶν,
429 3546 809 3609 κατεσκληκώς
897 3547 1034 3599 ἅπαν
1106 3550 1165 3601 τὸ
1243 3556 1414 3622 σῶμα,
1481 3547 1776 3626 βακτηρίαν

210 3639 360 3708 γέρων,
413 3643 504 3692 καὶ
558 3641 739 3712 πήραν
798 3634 1072 3710 ὶνημμένος
1106 3656 1120 3671 ·
1186 3638 1260 3698 οἷς
1310 3644 1471 3691 πᾶσιν
1528 3637 1777 3713 έπέπρεπί

207 3727 302 3795 (69)
343 3745 420 3790 τις
467 3729 666 3803 χάρις,
720 3724 776 3779 ἐκ
825 3734 918 3779 τοῦ
996 3724 1222 3799 ἀφανοῦς
1300 3726 1451 3781 αὐτόν
1516 3728 1773 3803 περιλάμ-

203 3817 479 3879 26961.11;
510 3814 565 3872 δ’
618 3811 706 3869 οὖν
757 3814 991 3888 ἐγνώσθη
1046 3818 1193 3879 ὅστις
1244 3814 1408 3885 έστὶν,
1462 3818 1608 3879 εὐθὺς
1666 3816 1768 3892 βοὴ

204 3909 441 3977 συμμιγὴς
468 3907 625 3980 παρὰ
658 3906 861 3957 πάντων
905 3906 1040 3982 ἤρθη
1073 3925 1087 3939 ο
1145 3914 1245 3958 τῶν
1429 3905 1629 3960 οἰκείων
1674 3916 1771 3972 τῆς

202 3998 394 4058 πίστεως
441 3996 545 4050 ύπό
607 3998 953 4070 περιχαρείας
1009 3997 1345 4070 κροτούντων,
1383 4004 1481 4050 τῶν
1513 3993 1572 4050 δὲ
1613 3996 1769 4051 πολε-

201 4085 398 4152 μού-πων
426 4093 487 4160 τῇ
522 4083 747 4156 ἀληθείᾳ
778 4084 848 4145 εἰς
876 4088 964 4137 τόν
1001 4084 1116 4137 κατ’
1149 4085 1308 4139 αύτοῦ
1348 4091 1494 4159 φόνον
1540 4091 1627 4140 τὸν
1678 4084 1768 4142 δι-

202 4177 371 4233 καστὴν
443 4179 857 4250 παρορμώντων,
932 4180 1023 4227 καὶ
1082 4172 1643 4251 προκαταδικαζόντων
1696 4177 1769 4240 εἰς

204 4260 407 4319 θάνατον.
433 4266 621 4318 ῐιοὶντα
651 4259 701 4316 δ’
732 4257 819 4315 οὖν
850 4261 986 4336 βοῆς
1014 4269 1102 4318 καὶ
1146 4264 1367 4339 θορύϐου
1413 4264 1717 4339 πεπλήρωτο
1751 4287 1765 4302 ·

202 4354 526 4426 παρώφθησαν
566 4354 683 4422 (70)
740 4354 830 4424 μεν
883 4352 1053 4420 ἵπποι,
1111 4356 1467 4428 παρώφθησαν
1521 4351 1580 4409 δὲ
1648 4357 1767 4416 ἠνί-

204 4456 337 4507 οχοι·
366 4444 395 4501 ἠ
437 4439 496 4496 δέ
524 4449 632 4495 τῶν
664 4438 907 4515 ἁρμάτων
933 4438 1185 4507 ἐπίδειξις
1210 4441 1373 4517 ψόφος
1418 4446 1634 4518 μάταιος
1682 4442 1763 4505 ἦν.
1799 4483 1842 4537 D

205 4524 396 4593 ωδε-νὸς
437 4534 539 4605 γὰρ
591 4528 876 4601 έσχόλαζεν
917 4530 1177 4606 ὀφθαλμός
1230 4532 1352 4587 ἄλλο
1388 4552 1441 4586 τι
1480 4532 1685 4608 βλέπειν
1732 4536 1762 4595 ἦ

206 4613 409 4690 Γόρδιον,
433 4620 554 4675 οὗτε
602 4637 684 4681 τις
732 4617 859 4679 ἁκοή
914 4619 1037 4674 ἄλλο
1088 4640 1142 4674 τι
1192 4622 1428 4695 ἠνείχετο
1484 4621 1685 4678 ἀκούειν
1733 4628 1763 4685 ἤ

259 4769 303 4805 ⁸⁸
327 4771 491 4830 Prov.
516 4785 728 4841 xxuu,
759 4772 804 4827 ι.
880 4772 928 4809 ’³
962 4774 1076 4830 lsa.
1107 4788 1243 4842 va,
1279 4777 1330 4831 ί.

241 4922 365 5005 ,(ρὸ)
384 4922 532 5005 ξέᾷὶιί
560 4926 622 5005 et
648 4922 800 4979 Oliv.
821 4927 879 5005 et
895 4924 1131 5005 Anglic.
1152 4929 1208 5005 et
1228 4941 1331 4982 sex
1352 4924 1622 5005 aliimss.
1644 4947 1766 4981 κατ-

209 4994 845 5074 ξιξιήνιιθθίανλιοσιέηιλᾳᾴ
878 4997 1291 5074 spectandum.
1343 4998 1416 5052 At
1453 4999 1768 5055 Medicaaus

210 5066 255 5112 et
268 5063 488 5143 codices
507 5063 940 5122 Combetisiani
966 5069 1196 5143 θέατρον,
1218 5068 1555 5143 τΙιραιιξιιηι.⁸
1579 5086 1768 5143 quam

210 5139 536 5211 scripturam
551 5143 839 5211 ,γει-βαιοὶ
850 5139 1235 5211 emendatam
1248 5155 1377 5195 esse
1398 5139 1764 5211 iudicamus.

212 5203 497 5286 émantem
549 5207 695 5264 belli
756 5208 1121 5286 daemonem,
1174 5209 1250 5265 de
1305 5203 1430 5284 quo
1468 5213 1764 5286 superius,

215 5271 423 5332 [artem
451 5295 589 5335 esse
616 5284 844 5335 norunt
869 5278 965 5335 vel
1001 5271 1281 5337 infantes.

272 5344 556 5415 (66)Colb.
610 5349 821 5407 tertius
879 5354 1208 5424 συνέτρεχον.
1264 5355 1392 5410 Mox
1450 5352 1772 5412 Colbertini

219 5411 320 5495 duo
347 5411 755 5495 συντεταγμένοι,
779 5421 991 5495 ordine
1001 5411 1201 5492 ῥοὲἲεί.
1224 5424 1418 5480 Lectio
1437 5440 1560 5480 non
1585 5411 1768 5485 mala.

221 5482 446 5569 dup
473 5482 621 5569 mss.
652 5498 716 5569 et_
741 5482 881 5569 editi
929 5482 1307 5569 συντεταμένῳ,
1360 5499 1595 5569 intenti.

279 5557 661 5629 (67)Redditio
698 5562 990 5637 longioris
1024 5557 1259 5641 periodi
1285 5557 1459 5641 cujus
1488 5568 1728 5628 initium
1756 5586 1770 5628 :

1816 3121 1861 3181 Ο

1893 1848 2012 1906 bus
2040 1862 2103 1904 se
2130 1847 2414 1917 objiccret
2440 1865 2452 1902 :
2489 1846 2598 1902 sed
2622 1843 2922 1917 intrepido
2953 1841 3134 1899 corde
3163 1845 3221 1898 et
3249 1839 3403 1897 elato
3428 1837 3554 1895 ani-

1893 1954 2019 2006 mo,
2049 1936 2232 1994 veluti
2260 1952 2409 1993 saxa
2455 1935 2666 1992 crebra
2707 1938 2813 1991 aut
2859 1933 3108 1990 arbores
3152 1930 3394 1999 multas,
3448 1944 3553 1984 eos

1892 2027 1997 2099 qui
2025 2026 2086 2083 in
2123 2026 2318 2084 stadio
2346 2025 2660 2095 sedebant,
2707 2028 3191 2097 praetergressus,
3244 2020 3304 2076 in
3349 2016 3551 2075 medio

1893 2115 2174 2178 constitit,
2202 2116 2573 2172 confirmans
2600 2110 2765 2171 illam
2792 2112 3187 2169 sententiam:
3247 2112 3457 2166 Justus
3484 2112 3550 2165 ut

1894 2208 1984 2264 (eo
2008 2207 2253 2276 conﬁdit
2280 2206 2349 2260 ".
2377 2209 2568 2278 Atque
2590 2204 2793 2261 animo
2814 2207 2940 2259 erat
2963 2202 3118 2259 adeo
3137 2199 3545 2272 intrepido,ut,

1891 2296 1955 2355 in
1980 2295 2310 2368 conspicuo
2339 2293 2555 2351 theatri
2575 2292 2707 2350 loco
2736 2292 3111 2362 constitutus,
3140 2306 3356 2348 vocem
3381 2288 3550 2346 illam

1892 2402 2084 2459 quam
2098 2384 2352 2458 quidam
2380 2383 2716 2440 etiamnum
2739 2382 3081 2456 superstites
3098 2379 3439 2445 audierunt,
3454 2377 3549 2434 ﬁr-

1894 2491 1997 2531 ma
2025 2490 2162 2531 cum
2190 2473 2414 2530 ﬁducia
2469 2488 2541 2529 ac
2585 2471 2850 2528 clamore
2901 2470 3201 2526 emiserit:
3258 2470 3550 2525 Inventus

1892 2581 2022 2622 sum
2038 2580 2076 2622 α
2091 2580 2213 2620 non
2235 2563 2644 2637 quaerentibus
2662 2576 2787 2618 me.“
2799 2561 3009 2631 palam
3025 2561 3290 2629 apparui
3310 2557 3423 2624 his,
3445 2556 3552 2628 qui

1892 2669 1986 2711 me
1997 2653 2589 2724 nonjinterrogabant
2611 2652 2681 2707 9⁵.
2715 2648 2947 2716 Quibus
2966 2647 3167 2704 verbis
3190 2644 3552 2716 signiﬁcavit

1891 2758 2016 2800 non
2039 2742 2223 2799 fuisse
2253 2758 2317 2799 se
2346 2742 2407 2799 vi
2435 2740 2514 2799 ad
2543 2739 2812 2814 pericula
2841 2738 3196 2806 adductum,
3245 2734 3355 2791 sed
3392 2733 3552 2791 ultro

1891 2832 2182 2892 obtulisse
2217 2848 2281 2889 se
2328 2831 2667 2903 certamini,
2709 2830 3012 2889 imitatum
3054 2827 3400 2898 Dominum,
3445 2823 3554 2900 qui

1891 2940 2032 2981 cum
2058 2939 2166 2996 per
2193 2922 2387 2980 noctis
2415 2922 2697 2979 tenebras
2725 2938 2763 2979 a
2788 2920 3014 2979 Judaais
3041 2918 3294 2978 minime
3322 2932 3552 2990 cogno-

1890 3019 2177 3084 sceretur,
2209 3029 2272 3071 se
2294 3012 2429 3086 ipse
2459 3011 2744 3088 prodidit.

1959 3195 2013 3249 4.
2046 3194 2179 3250 Mox
2207 3190 2387 3261 igitur
2426 3190 2725 3248 theatrum
2753 3189 3067 3265 inopinato
3095 3188 3439 3263 spectaculo
3484 3188 3549 3246 in

1888 3300 1953 3340 se
1989 3281 2422 3351 convertit,‘,vir
2448 3297 2589 3338 cum
2614 3285 2770 3337 esset
2804 3281 3109 3340 horrendo
3138 3286 3412 3356 aspectu,
3438 3302 3548 3344 cu-

1882 3373 1984 3446 jus
2012 3372 2093 3430 ob
2122 3372 2418 3429 diutinam
2442 3370 2504 3427 in
2530 3370 2840 3427 montibus
2860 3387 3098 3430 moram
3125 3378 3307 3447 caput
3327 3375 3550 3449 squali-

1886 3462 2036 3520 dum
2064 3466 2211 3532 erat,
2233 3460 2427 3517 barba
2449 3459 3028 3534 promissa,vestitus
3045 3464 3547 3534 sordidus,totum

1885 3567 2108 3625 corpus
2146 3549 2407 3617 aridum,
2454 3548 2560 3623 qui
2597 3548 2886 3606 baculum
2934 3551 3232 3625 gestabat,
3264 3569 3350 3610 -ac
3398 3570 3548 3626 pera

1884 3645 2013 3699 erat
2030 3640 2316 3698 indutus:
2347 3640 2411 3696 in
2448 3638 2673 3713 quibus
2695 3639 2982 3696 omnibus
3014 3642 3206 3711 gratia
3234 3643 3543 3715 quadam,

1881 3747 2007 3804 qua
2035 3730 2196 3787 intus
2222 3728 2663 3797 illustrabatur,
2694 3728 2986 3786 elucebat.
3035 3731 3151 3787 Sed
3180 3732 3545 3808 simulatque

1880 3820 2158 3893 cognitus
2187 3819 2298 3876 fuit
2326 3819 2464 3892 quis
2495 3823 2674 3886 esset,
2707 3819 2910 3875 statim
2940 3820 3261 3895 permistus
3290 3825 3545 3897 quidam

1879 3910 2109 3967 clamor
2133 3909 2423 3966 excitatus
2452 3913 2542 3964 est
2570 3908 2650 3964 ab
2693 3908 3001 3975 omnibus,
3037 3909 3384 3971 domesticis
3412 3918 3548 3988 qui.

1878 3998 2020 4056 dem
2044 3998 2185 4055 ﬁdei
2214 4014 2338 4071 prae
2367 3996 2590 4068 gaudio
2614 3996 3431 4070 plaudentibus,adversariis
3449 4020 3547 4062 ve-

1876 4104 1946 4147 ro
1975 4086 2240 4145 veritatis
2265 4086 2532 4158 judicem
2559 4085 2640 4142 ad
2667 4102 2805 4142 eum
2835 4086 2911 4144 de
2959 4087 3161 4146 medio
3206 4090 3541 4152 tollendum

1875 4175 2369 4252 provocantibus,
2399 4174 2807 4248 eumdemque
2854 4176 2916 4232 in
2951 4182 3328 4238 antecessum
3361 4189 3542 4255 morti

1876 4266 2322 4325 addicentibus.
2356 4266 2561 4338 Itaque
2616 4264 2881 4322 clamore
2920 4283 2993 4324 ac
3040 4272 3303 4328 tumultu
3357 4271 3539 4345 plena

1876 4360 2051 4413 erant
2076 4354 2316 4424 omnia;
2344 4354 2600 4424 neglecti
2630 4359 2773 4411 sunt
2794 4356 2954 4428 equi,
2985 4357 3239 4428 neglecti
3286 4362 3537 4435 auriga,

1875 4460 2167 4502 curruum
2192 4442 2508 4500 ostentatio
2546 4444 2828 4516 strepitus
2873 4445 3071 4504 inanis
3113 4454 3259 4506 erat.
3309 4450 3537 4510 Nullius

1875 4534 2041 4591 enim
2067 4531 2279 4590 oculus
2304 4532 2383 4589 ad
2411 4532 2577 4589 aliud
2605 4532 2719 4589 nisi
2743 4533 2823 4590 ad
2864 4535 3199 4596 videndum
3246 4541 3532 4600 Gordium

1875 4628 2004 4683 erat
2031 4623 2322 4695 intentus,
2349 4638 2463 4680 nec
2499 4623 2663 4681 auris
2690 4622 2813 4684 ulla
2842 4625 3010 4684 aliud
3036 4627 3154 4686 nisi
3172 4628 3331 4688 illius
3350 4632 3533 4691 verba

1875 4928 2017 4985 Ἐπεὶ
2049 4925 2269 5003 οὖννπᾶς
2298 4931 2324 4983 6
2357 4926 2546 5003 δῆμος.
2579 4932 2733 4988 EDI‘r.

1946 5005 2057 5074 (68)
2088 5001 2444 5084 Ed__iti_ParisL
2470 5002 2627 5084 λόγον
2640 5011 2732 5084 τού
2756 5009 3169 5084 ῌαροιμιαστοῇ
3228 5001 3336 5084 sed
3381 5017 3521 5084 cum

1872 5073 2052 5131 Vaces
2093 5081 2185 5126 τοῦ
2233 5080 2630 5146 Παροιμιαστού
2679 5079 2735 5129 et
2763 5073 3095 5146 in‘editione
3125 5073 3312 5146 Basil._
3356 5077 3414 5146 et
3459 5074 3522 5131 in

1873 5146 2094 5227 nostris
2120 5160 2218 5201 sex
2245 5142 2643 5213 mss.'desint,
2702 5158 2803 5201 eas
2858 5142 3054 5199 delere
3101 5158 3226 5200 non
3278 5142 3522 5205 dubita-

1872 5232 2096 5272 VimlJS.

1948 5291 2058 5357 (69)
2115 5289 2350 5363 Veteres
2410 5285 2641 5363 aliquot
2677 5284 2816 5363 libri
2872 5288 2930 5340 et
2965 5282 3108 5363 editi
3164 5288 3368 5363 ἔπρεπε.
3454 5294 3527 5348 At

1878 5353 2019 5485 Reg.
2045 5353 2357 5438 secundus
2381 5361 2439 5412 et
2491 5353 2659 5411 Colb.
2700 5355 2933 5436 primus
2978 5353 3266 5433 ἐπίπρεπές
3334 5364 3524 5434 quod,

1879 5445 1941 5485 ni
1997 5430 2168 5485 allor.
2200 5427 2413 5485 melius
2443 5432 2533 5481 est
2559 5433 2616 5482 et
2644 5442 2867 5483 verius.

1879 5430 1941 5485 ni
1970 5427 2168 5493 lallor,
2200 5427 2413 5485 melius
2443 5432 2533 5481 est
2559 5433 2616 5482 et
2644 5427 2867 5483 verius.

1883 5500 2247 5629 Illud
2276 5499 2636 5573 παρώφθησαν
2701 5513 2775 5555 ex
2827 5497 2997 5557 libris
3044 5501 3314 5577 antiquis
3363 5503 3535 5564 addi-
