4076 6190
573 275 674 331 503

1941 272 2003 328 S.
2043 269 2290 328 BASILN
2326 271 2520 329 MAGN
2530 274 2549 329 l

3792 279 3886 335 504

570 400 639 453 ut
686 395 874 463 voles,
917 410 1094 453 serva
1133 393 1342 453 ﬁdem.
1374 396 1588 470 Utique
1612 412 1737 455 non
1776 395 2031 454 attendit
2066 397 2222 452 Deus

2346 398 2445 467 ἕχει
2471 398 2619 463 Θεὸς,
2658 395 2787 449 ἀλλὰ
2826 405 2890 470 τῇ
2942 392 3152 469 διανοιᾳ
3205 402 3298 448 τοῦ
3347 397 3701 470 φθεγγομένου.
3753 399 3885 455 Ούτω

566 484 863 555 linguam,
911 484 1020 541 sed
1069 484 1375 557 loquentis
1433 490 1719 543 mentem.
1771 490 1855 543 lta
1905 484 2067 542 enim
2119 481 2224 540 tibi

568 572 770 631 licebit
797 578 855 631 et
894 573 1165 645 judicem
1209 573 1507 645 mitigare,
1560 579 1618 633 et
1660 577 1851 632 Deum
1893 572 2223 648 propitium

570 663 845 720 reddere.

644 759 698 809 7.
726 752 920 809 Atille
947 752 1291 809 inﬂexibilis
1320 758 1448 811 erat
1489 759 1549 811 et
1574 754 1931 822 indomitus,
1962 768 2075 809 nec
2099 750 2223 809 ullo

573 842 973 901 tentationum
1001 842 1232 915 impetu
1257 842 1557 900 vulnerari
1596 849 1856 918 poterat.
1900 842 2227 915 Compara-

574 931 732 987 veris
755 931 943 987 animi
975 931 1165 1003 ipsius
1210 932 1529 989 immotam
1570 932 1973 990 constantiam
2016 930 2229 987 domui

574 1019 886 1092 sapientis,
924 1036 1113 1093 quam
1142 1037 1339 1094 neque
1367 1027 1687 1079 ventorum
1716 1022 1804 1079 vis
1830 1019 2227 1087 intoleranda,

573 1117 772 1181 neque
798 1109 1128 1164 vehemens
1142 1108 1338 1166 imber
1356 1125 1430 1165 ex
1452 1109 1717 1166 nubibus
1745 1124 2094 1182 erumpens,
2123 1122 2231 1164 ne-

576 1213 696 1270 que
726 1201 1017 1254 torrentes
1050 1196 1249 1253 diffusi
1278 1204 1510 1271 queunt
1538 1203 1877 1266 concutere,
1921 1198 2001 1255 ob
2049 1201 2231 1270 petrte

575 1287 1009 1345 ﬁrmitatem”.
1044 1287 1355 1357 Ejusmodi
1411 1294 1539 1344 erat
1588 1288 1681 1345 vir
1730 1288 1848 1359 ille,
1907 1286 2234 1359 fideiqum

577 1378 640 1433 in
668 1376 965 1433 Christum
991 1380 1079 1432 est
1107 1375 1526 1434 fulcimentum
1544 1378 1975 1434 inconcussum
1992 1390 2234 1433 conser-

576 1481 748 1523 vans.
783 1469 848 1522 Et
877 1481 1018 1521 vero
1068 1465 1482 1538 spiritualibus
1531 1467 1721 1524 oculis
1763 1468 2236 1525 circumcurren-

577 1557 700 1610 tem
720 1553 1033 1610 diabolum
1053 1569 1194 1610 cum
1218 1560 1505 1622 cerneret,
1524 1556 1928 1613 concitantem
1949 1553 2138 1612 alium
2158 1552 2239 1610 ad

578 1642 934 1713 lugendum,
968 1642 1364 1714 adjuvantem
1395 1644 1582 1701 alium
1612 1644 1693 1703 ad
1722 1643 2236 1718 persuadendum,

2331 487 2431 558 γὰρ
2471 485 2688 560 ὑπάρξει
2732 506 2817 541 σοι
2871 489 2963 539 και
3012 489 3101 540 τόν
3146 490 3330 563 κριτὴν
3372 484 3763 559 ἑκμειλίξασθαι,
3808 493 3888 545 καὶ

2333 577 2419 628 τὸν
2458 578 2587 629 Θεὸν
2614 574 2987 639 ἐξιλεώσασθαι

2404 759 2459 810 7.
2498 753 2557 807 Ὀ
2588 751 2647 808 δε
2688 755 2963 829 ἄκαμπτος
3005 752 3088 824 ἧν,
3133 760 3223 808 καὶ
3271 751 3597 828 ἀδάμαστος,
3642 759 3729 809 καὶ
3764 757 3890 829 πάσῃ

2335 842 2600 917 προσϐολῇ
2655 848 3004 920 πειρατηρίων
3065 845 3311 919 ἄτρωτος.
3356 844 3606 906 Εἰκάσαις
3654 842 3711 896 ἂν
3757 844 3895 899 αὐτοῦ

2337 941 2433 994 τῆς
2458 929 2691 994 διανοίας
2719 937 2778 986 τὸ
2817 935 3061 988 ἄσειστον
3104 942 3166 1007 τῇ
3216 933 3360 1007 οἰκίᾳ
3408 940 3499 987 τοῦ
3550 938 3807 1008 φρονίμου,
3845 935 3896 994 ἣν

2338 1020 2455 1075 οὕτε
2499 1020 2693 1096 ἀνέμων
2748 1021 2998 1096 ἀφόρητοι
3058 1022 3197 1097 βίαι,
3256 1027 3373 1077 οὔτε
3425 1022 3610 1097 λάϐρον
3660 1020 3796 1098 ὕδωρ
3853 1020 3899 1075 ἑκ

2339 1120 2498 1184 νεφῶν
2550 1111 3055 1187 καταρρηγνύμενον,
3138 1116 3257 1167 οὔτε
3325 1108 3602 1187 χαράδραι
3671 1110 3900 1186 περιρῥη-

2340 1202 2606 1274 γνύμεναι,
2641 1197 2735 1253 διὰ
2762 1205 2857 1260 τὴν
2908 1200 2964 1254 ἐκ
3019 1210 3113 1265 τῆς
3161 1204 3354 1278 πέτρας
3391 1199 3688 1273 ἀσφάλειαν,
3739 1196 3904 1253 διασα-

2342 1288 2524 1343 λεῦσαι
2550 1286 2819 1346 δύνανται.
2851 1296 3097 1354 Τοιοῦτος
3127 1288 3189 1349 ἦν
3233 1292 3259 1343 ό
3308 1289 3458 1365 ἀνὴρ,
3514 1287 3783 1343 ἀσάλευτον
3807 1289 3904 1360 (86)

2344 1381 2404 1431 τὸ
2458 1382 2724 1454 στερέωμα
2777 1386 2875 1442 τῆς
2948 1379 3014 1441 εἰς
3070 1383 3303 1454 Χριστὸν
3358 1382 3587 1441 πίστεως
3634 1374 3904 1439 διασώζων.

2348 1467 2547 1522 Βλέπων
2595 1476 2706 1530 τοῖς
2778 1476 3149 1542 πνευματικοῖς
3213 1467 3499 1542 ὀφθαλμοῖς
3566 1470 3910 1543 περιτρέχοντα

2344 1560 2430 1610 τὸν
2462 1554 2724 1623 διάϐολον,
2778 1562 2869 1610 καί
2923 1561 3010 1611 τόν
3063 1561 3153 1631 μεν
3208 1564 3453 1611 κινοῦντα
3505 1559 3635 1632 πρὸς
3687 1552 3910 1631 δάκρυον,

2347 1654 2418 1717 τῷ
2480 1643 2539 1699 δι
2606 1654 2953 1721 συνεργοῦντα
3024 1650 3155 1723 πρὸς
3224 1648 3590 1705 πιθανότητα·
3671 1652 3775 1708 τοῖς

579 1731 962 1805 plorantibus
1001 1731 1250 1805 quidem
1288 1732 1437 1790 illud
1481 1734 1720 1790 Domini
1762 1733 2019 1790 verbum
2066 1732 2234 1803 dixit,

2347 1735 2617 1788 κλαίουσιν
2676 1732 2783 1787 εἷπε
2833 1737 2892 1788 τό
2948 1742 3040 1788 τοῦ
3095 1740 3290 1809 Κυρίου
3345 1736 3496 1811 ῥῆμα
3519 1756 3533 1770 ·
3600 1738 3683 1794 Μὴ
3738 1731 3914 1786 κλαίετε

579 1822 781 1879 Nolite
815 1823 964 1891 ﬂere
1003 1836 1185 1891 super
1226 1825 1423 1880 me”:
1474 1822 1584 1879 sed
1619 1822 1757 1880 ﬂete
1806 1838 1992 1896 super
2034 1822 2238 1879 hostes

580 1909 703 1970 Dei.
733 1910 840 1982 qui
869 1909 937 1994 in
963 1909 1199 1982 pietatis
1229 1911 1486 1969 cultores
1533 1911 1675 1969 talia
1716 1911 1964 1983 audent,
2008 1911 2238 1983 quique

578 2014 688 2071 per
705 1999 865 2055 hanc
893 1999 1208 2056 ﬂammam
1229 2016 1417 2073 quam
1443 2000 1524 2057 ad
1542 2017 1656 2058 nos
1676 2000 2123 2058 comburendos
2145 2015 2240 2056 ac-

579 2086 864 2153 cendunt,
895 2088 1188 2158 gehennae
1220 2089 1421 2158 ignem
1447 2089 1691 2147 sibimet
1718 2092 1957 2162 parant.
1981 2087 2239 2146 Desinite

577 2176 743 2246 ﬂere,
773 2181 831 2234 et
858 2192 963 2234 cor
986 2193 1193 2235 meum
1218 2177 1502 2247 afﬂigere.
1557 2181 1681 2251 Ego
1712 2179 1872 2235 enim
1902 2193 2027 2236 non
2050 2177 2238 2235 semel

579 2265 778 2324 solum
806 2266 956 2324 mori
969 2272 1219 2340 paratus
1234 2284 1369 2323 sum
1390 2283 1502 2340 pro
1520 2268 1768 2325 nomine
1783 2267 2023 2325 Domini
2040 2270 2180 2325 Jesu
2194 2270 2235 2336 ί,

580 2354 687 2411 sed
712 2359 770 2411 et
792 2354 1031 2422 millies,
1064 2355 1128 2411 id
1174 2354 1225 2411 si
1265 2354 1392 2411 ﬁeri
1444 2358 1665 2428 posset.
1716 2355 1861 2412 Aliis
1911 2371 2056 2412 vero
2110 2354 2236 2428 qui,

578 2450 646 2501 ut
666 2445 876 2516 lingua
897 2449 1164 2515 negaret,
1190 2444 1555 2515 suadebant,
1594 2445 1926 2518 respondit,
1962 2444 2237 2515 linguam

580 2551 712 2606 quae
729 2550 766 2591 a
796 2534 1026 2591 Christo
1047 2538 1246 2591 creata
1267 2539 1415 2603 erat,
1430 2534 1768 2608 quidquam
1785 2534 1847 2590 in
1867 2533 2238 2591 conditorem

577 2623 747 2696 loqui
784 2638 909 2681 non
951 2639 1152 2697 posse.
1194 2623 1385 2680 Corde
1428 2623 1588 2680 enim
1633 2623 1938 2681 credimus
1960 2622 2041 2680 ad
2066 2621 2239 2694 justi-

579 2712 751 2782 tiam,
781 2728 884 2769 ore
915 2729 1058 2770 vero
1083 2712 1449 2769 conﬁtemur
1467 2712 1549 2769 ad
1577 2712 1833 2769 salutem
1851 2714 1894 2768 ³.
1949 2715 2102 2769 Num
2131 2710 2239 2768 mi-

576 2801 764 2858 litaris
788 2800 1018 2858 ordinis
1043 2801 1367 2874 desperata
1387 2800 1551 2857 salus
1604 2802 1742 2859 est?
1797 2800 2079 2858 nullusne
2104 2816 2240 2858 cen-

580 2889 736 2946 turio
762 2889 901 2962 pius
931 2890 959 2946 ?
1001 2891 1301 2949 Reeordor
1350 2890 1617 2963 primum
1673 2891 2040 2948 centurionis
2085 2891 2237 2961 ejus,

581 2978 689 3052 qui
740 2979 948 3037 Christi
1006 2980 1168 3036 cruci
1229 2985 1458 3048 astans,
1523 2996 1597 3038 ex
1652 2980 1958 3039 miraculis
1999 2981 2241 3052 cognita

2349 1823 2425 1878 ἑπ⁹
2479 1824 2611 1897 έμοί.
2850 1824 3113 1878 κλαύσατε
3163 1824 3249 1878 ἐπὶ
3307 1828 3433 1889 τοὺς
3485 1826 3572 1895 (87
3626 1824 3912 1896 θεομάχουςι

2348 1918 2466 1976 τούς
2520 1916 2589 1967 τὰ
2638 1922 2857 1968 τοιαῦτα
2898 1913 3195 1987 τολμῶντας
3246 1916 3384 1967 κατὰ
3435 1922 3537 1968 τῶν
3581 1911 3913 1977 εὐσεϐούντων,

2346 2007 2464 2064 τούς
2486 1999 2579 2056 διὰ
2607 2012 2701 2066 τῆς
2733 2002 2916 2077 φλογός
2944 2006 3156 2076 ταύτης,
3213 2005 3275 2064 ἣν
3326 2004 3447 2057 καθ’
3493 2006 3522 2063 ἡ
3531 2012 3637 2077 μῶν
3682 2006 3915 2065 καίουσιν,

2349 2092 2551 2155 ἑαυτοῖς
2603 2101 2699 2155 τῆς
2748 2097 2953 2165 γεέννης
3001 2096 3061 2146 τὸ
3118 2100 3221 2168 πῦρ
3300 2094 3737 2168 θησαυρίζοντας.
3801 2090 3919 2143 Παύ-

2351 2183 2514 2235 σασθε
2565 2181 2843 2249 κλαίοντες,
2908 2187 2999 2236 καὶ
3057 2184 3469 2258 συνθρύπτοντές
3520 2202 3619 2256 μου
3673 2185 3763 2240 τήν
3812 2196 3919 2251 καρ-

2349 2267 2491 2326 δίαν.
2546 2269 2675 2343 Ἐγὼ
2727 2273 2827 2345 γὰρ
2886 2271 2946 2323 ού
2998 2275 3152 2344 μόνον
3205 2270 3345 2335 οἶπαξ
3402 2269 3679 2325 ἀποθανεῖν
3729 2269 3919 2341 ἑτοίμως

2349 2362 2458 2431 ἔχω
2489 2361 2615 2435 ὑπὲρ
2647 2368 2738 2413 τοῦ
2770 2360 3022 2433 ὀνόματος
3058 2368 3151 2414 τοῦ
3197 2365 3392 2435 Κυρίου
3446 2360 3644 2427 Ἰησοῦ,
3686 2357 3805 2412 ἀλλὰ
3843 2360 3921 2408 καὶ

2348 2450 2614 2523 μυριάκις,
2676 2448 2759 2502 ἑὰν
2809 2451 2914 2503 οἷόν
2962 2450 3148 2520 τε(88)
3295 2456 3420 2513 Τοῖς
3462 2446 3521 2503 δε
3572 2453 3666 2508 τὴν
3716 2444 3805 2502 διὰ
3839 2453 3920 2507 τῆς

2346 2536 2592 2609 γλώσσης
2643 2538 2862 2612 ἄρνησιν
2921 2537 3342 2611 συμϐουλεύουσι
3422 2545 3673 2591 τοσοῦτον
3737 2534 3922 2608 ἁπεκρί-

2346 2645 2489 2693 νατο,
2544 2627 2625 2678 ὃτι
2682 2625 2777 2678 ούκ
2834 2624 3077 2698 ἀνέχεται
3128 2628 3158 2685 ἠ
3208 2625 3434 2698 γλῶσσα
3481 2628 3754 2679 κτισθεῖσα
3798 2621 3923 2695 παρὰ

2348 2722 2584 2789 Χριστοῦ
2621 2714 2944 2787 φθέγξασθαί
2994 2735 3047 2768 τι
3098 2716 3235 2768 κατὰ
3270 2722 3361 2768 τοῦ
3390 2734 3688 2776 κτισαντος.
3738 2707 3924 2786 Καρδίᾳ

2346 2806 2448 2878 γὰρ
2498 2806 2807 2876 πιστεύομεν
2835 2803 2906 2866 εἰς
2960 2800 3326 2873 δικαιοσύνην,
3382 2808 3614 2878 στόματι
3670 2799 3727 2856 δε
3766 2797 3924 2873 όμολο-

2347 2900 2537 2965 γοῦμεν
2595 2892 2666 2955 εἰς
2725 2897 3009 2966 σωτηρίαν.
3063 2897 3149 2953 Μὴ
3199 2896 3301 2968 γὰρ
3365 2891 3759 2966 ἀπεγνωσμένον
3826 2888 3924 2940 ἐστὶ

2348 2985 2480 3056 πρὸς
2508 2986 2772 3057 σωτηρίαν
2801 2984 2860 3034 τό
2894 2985 3270 3057 στρατιωτικόν
3309 2983 3493 3056 τάγμα
3532 2998 3546 3051 ;
3604 2985 3675 3056 μὴ
3721 2981 3815 3054 γὰρ
3856 2975 3928 3029 ού-

582 3068 715 3140 ejus
744 3068 1033 3142 potentia,
1087 3069 1352 3127 fervente
1380 3068 1583 3128 adhuc
1611 3070 1963 3127 Judusorum
1993 3069 2234 3139 scelere,

2352 3068 2457 3132 δεὶς
2510 3071 2897 3146 ἑκατόνταρχος
2971 3070 3225 3139 εύσεϐἠς;
3303 3074 3594 3146 Μέμνημαι
3661 3077 3749 3123 τοῦ
3808 3069 3928 3140 πρώ-

583 3172 795 3215 eorum
819 3172 944 3215 non
963 3156 1233 3215 extimuit
1257 3158 1433 3225 iram,
1478 3174 1676 3231 neque
1715 3163 1883 3215 metu
1932 3158 2240 3215 veritatem

584 3246 853 3305 reticuit:
885 3246 996 3302 sed
1023 3246 1341 3303 confessus
1370 3251 1480 3316 est,
1529 3263 1637 3304 nec
1666 3248 1909 3318 negavit
1935 3262 2075 3304 eum
2105 3262 2243 3304 vere

585 3352 719 3393 esse
750 3335 961 3393 Filium
992 3337 1148 3394 Dei“.
1180 3338 1329 3395 Novi
1356 3342 1416 3395 et
1442 3337 1630 3396 alium
1658 3337 2095 3400 centurionem,
2135 3335 2243 3410 qui

587 3424 932 3494 Dominum,
987 3442 1127 3483 eum
1167 3426 1369 3485 adhuc
1411 3426 1474 3484 in
1520 3442 1703 3483 carne
1740 3431 2240 3496 commoraretur,

588 3515 1074 3585 eognovitDeum
1090 3532 1220 3573 esse
1235 3520 1726 3590 potestatumque
1746 3530 1948 3587 regem
1959 3559 1972 3582 ,
1990 3520 2049 3572 et
2066 3516 2243 3588 jussu

588 3603 720 3662 solo
744 3619 851 3677 per
878 3604 1271 3662 administros
1301 3606 1547 3679 spiritus
1575 3622 1757 3679 opem
1774 3604 2087 3677 egentibus
2102 3620 2245 3663 oon-

585 3692 739 3751 ferre
764 3709 973 3767 posse:
1005 3710 1190 3767 quem
1219 3699 1277 3752 et
1303 3695 1423 3751 ﬁde
1456 3695 1734 3752 lsraelem
1764 3694 2114 3752 universum
2142 3710 2241 3752 su-

587 3798 831 3856 perasse
861 3783 1152 3840 Dominus
1172 3785 1638 3857 pronuntiavit‘.
1679 3786 1888 3842 Nonne
1934 3788 1991 3840 et
2029 3786 2244 3841 Corne-

584 3870 715 3942 lius,
750 3887 891 3928 cum
927 3872 1198 3929 centurio
1245 3878 1425 3939 esset,
1474 3872 1805 3946 promeruit
1852 3876 1914 3930 ut
1956 3872 2243 3943 angelum

595 3958 770 4033 148
804 3960 1047 4026 videret,
1077 3977 1149 4018 ac
1200 3966 1504 4035 postremo
1548 3977 1656 4034 per
1698 3964 1934 4017 Petrum
1984 3962 2243 4018 salutem

586 4050 1066 4123 adipisceretur?
1109 4050 1342 4124 Quippe
1371 4050 1773 4123 eleemosynas
1800 4050 1849 4122 ej
1862 4067 1930 4106 us
1954 4054 2013 4107 et
2034 4066 2243 4123 preces

585 4140 883 4198 exauditae
900 4141 1219 4215 suntapud
1233 4144 1418 4198 Deum
1431 4143 1473 4196 ⁵.
1494 4141 1738 4199 Illorum
1760 4140 1897 4198 volo
1915 4156 2045 4198 esse
2063 4140 2241 4197 disci-

584 4229 1114 4302 pulus.Quomodo
1129 4231 1312 4302 igitur
1330 4230 1572 4302 negabo
1594 4231 1781 4288 Deum
1811 4245 2037 4298 meum,
2057 4246 2240 4303 quem

587 4334 624 4375 a
641 4334 826 4390 puero
837 4318 1089 4377 adoravi
1107 4320 1135 4377 ?
1159 4324 1366 4378 Nonne
1381 4321 1687 4377 horrescet
1703 4318 1923 4376 coelum
1937 4319 2241 4392 desuper?

582 4421 787 4463 nonne
798 4407 1284 4467 obscurabuntur
1293 4425 1432 4467 mea
1442 4426 1627 4468 causa
1638 4409 1836 4466 sidera
1850 4411 1878 4467 ?
1897 4425 2047 4466 num
2062 4407 2237 4466 tellus

583 4494 789 4568 aliquo
816 4497 1000 4554 modo
1025 4514 1123 4554 me
1145 4498 1510 4557 sustinebit?
1563 4500 1769 4556 Nolite
1795 4514 2003 4557 errare
2031 4514 2053 4556 :
2082 4500 2239 4555 Deus

586 4599 708 4642 non
761 4585 1057 4644 irridetur
1076 4590 1122 4644 ⁸.
1187 4590 1269 4644 Ex
1310 4604 1415 4646 ore
1474 4593 1681 4646 nostro
1742 4604 1855 4645 nos
1905 4588 2233 4661 judicat":

657 4710 706 4746 "
736 4709 935 4767 Matth.
965 4726 1062 4781 vn,
1090 4714 1180 4777 24,
1211 4716 1300 4768 25.
1379 4715 1427 4749 9°
1458 4716 1597 4770 Luc.
1625 4729 1782 4782 χχιιι,
1815 4717 1906 4769 28.

582 4815 705 4873 vui,
739 4803 897 4857 8-10.
970 4801 993 4837 ⁸
1031 4805 1159 4857 Act.
1192 4818 1246 4872 x,
1281 4806 1310 4859 3
1346 4818 1518 4875 seqq.
1594 4804 1617 4839 ⁸
1648 4801 1834 4861 Galat.
1865 4817 1946 4874 vi,
1977 4807 2030 4858 7.

656 4924 1026 4999 (85)Λνοῑθιιθε
1050 4923 1280 4999 aliquot
1296 4925 1444 4999 libri
1473 4929 1601 4979 Θεὸν
1618 4926 1948 4999 flentium.
1982 4925 2091 4981 Alii
2111 4926 2239 4999 qui-

584 4996 731 5056 dam
762 4997 902 5053 ἵλεω.
942 4998 1095 5053 Εάὶῑὶ
1124 4996 1180 5053 et
1210 4998 1376 5054 Colb.
1410 4996 1713 5055 secundus
1744 4996 2136 5061 ἑξιλεὼσασθαιξ

655 5071 766 5141 (86)
800 5070 963 5125 Unus
993 5086 1107 5125 ms.
1142 5067 1424 5132 ἀσάλευτος

656 5139 769 5212 (87)
799 5140 1047 5197 Codices
1079 5141 1505 5199 Combetisiani
1533 5139 1792 5194 κλαύσατε
1820 5143 1954 5202 τούς.
1979 5140 2090 5197 Alii
2113 5140 2238 5198 duo

581 5226 730 5269 mss.
762 5216 822 5267 et
847 5212 985 5268 editi
1017 5212 1099 5265 ἐπὶ
1124 5216 1260 5275 τούς.

652 5283 766 5419 $88)
798 5282 891 5339 Sic
918 5284 1150 5357 antiqui
1173 5285 1297 5341 duo
1320 5282 1476 5343 libri.
1509 5283 1617 5341 Alii
1651 5281 1711 5342 ἦν
1737 5299 1846 5357 pro
1877 5281 1930 5358 ᾗ.
1961 5286 2113 5341 Enxr.

679 5355 769 5419 89)
802 5354 969 5418 Illud,
1002 5364 1094 5408 τοῦ
1119 5363 1349 5419 πρώτου,
1397 5372 1523 5415 non
1561 5357 1642 5412 ita
1669 5355 2093 5419 accipiendum

679 5355 769 5432 §9)
790 5354 1094 5432 -l_1_lud,_jro§i
1119 5363 1349 5432 πρώτου,
1370 5429 1378 5432 _
1397 5372 1523 5415 non
1561 5357 1642 5412 ita
1669 5354 2093 5432 accipiendum
2123 5356 2232 5432 est.

581 5426 647 5502 ut
673 5423 920 5502 Basilius
947 5426 1128 5496 dicat,
1155 5423 1756 5502 centurionem‘eum,
1787 5423 1893 5501 qui
1917 5428 2078 5502 cruci
2100 5427 2237 5502 asti-

579 5496 664 5574 tit,
697 5496 1142 5574 primumesse,
1173 5500 1347 5574 cujus
1373 5501 1435 5555 in
1463 5499 1781 5572 Scripturis
1806 5496 2059 5555 'mentio
2106 5499 2228 5574 tiat.

576 5562 860 5638 Alioquin
886 5566 1049 5623 enim
1074 5562 1330 5628 Basilius
1359 5585 1565 5629 secum
1590 5562 1916 5645 'pugnaret,
1941 5586 2081 5627 cum
2103 5570 2232 5645 ipse

1985 4713 2003 4749 ¹
2037 4716 2161 4769 Act.
2189 4728 2312 4780 XXI,
2344 4716 2426 4769 l3.

2105 4803 2128 4837 ⁷
2164 4804 2301 4859 Luc.
2334 4816 2454 4869 xix,
2478 4804 2568 4857 22.

2349 3179 2440 3213 του
2497 3160 2605 3231 (89)
2684 3160 3092 3233 ἑκατοντάρχου,
3171 3160 3245 3227 ὃς,
3298 3166 3575 3235 παρεστὼς
3625 3168 3697 3231 τῷ
3741 3161 3927 3230 σταυρῷ

2348 3256 2442 3302 τοῦ
2491 3255 2746 3323 Χριστοῦ,
2797 3248 2851 3301 ἑκ
2903 3257 3002 3301 τῶν
3063 3250 3340 3322 θαυμάτων
3392 3255 3495 3309 τὴν
3562 3246 3778 3321 δύναμιν
3837 3244 3930 3298 ἑπι-

2348 3341 2521 3410 γνούς,
2580 3340 2657 3390 ἔτι
2717 3338 2905 3411 θερμοῦ
2957 3345 3050 3391 τοῦ
3097 3337 3439 3412 τολμήματος
3494 3340 3641 3401 ὄντος
3688 3344 3783 3390 τῶν
3818 3334 3931 3387 Ἰου-

2352 3424 2536 3499 δαίων,
2597 3425 2691 3479 ούκ
2745 3425 2968 3499 ἑφοϐηθη
3022 3430 3109 3481 τόν
3174 3428 3335 3501 θυμόν
3389 3428 3589 3497 αὐτῶν,
3656 3423 3775 3481 ούδε
3839 3425 3929 3495 μὴν

2350 3516 2614 3575 ύπεστάλη
2666 3513 2969 3587 ἀναγγεῖλαι
3017 3520 3112 3576 τὴν
3147 3515 3414 3585 ἀλήθειαν,
3468 3516 3579 3570 ἀλλ’
3631 3514 3925 3589 ὡμολόγησε,

2349 3611 2440 3659 καὶ
2469 3606 2563 3659 ούκ
2593 3606 2880 3681 ἠρνήσατο,
2931 3607 3013 3658 ότι
3060 3604 3264 3669 ἀληθῶς
3316 3614 3456 3661 Θεοῦ
3510 3609 3627 3668 Υἱὸς
3677 3602 3755 3665 ἧν.
3808 3595 3931 3654 Οἶδα

2350 3700 2441 3749 καὶ
2497 3694 2647 3748 ἄλλον
2701 3693 3104 3771 ἑκατόνταρχον,
3163 3694 3212 3749 ἑν
3272 3701 3436 3768 σαρκὶ
3493 3699 3572 3750 ἔτι
3623 3698 3707 3750 τόν
3763 3694 3929 3764 Κύριον

2352 3784 2643 3857 ἐπιγνόντα,
2676 3786 2757 3837 ὅτι
2786 3786 2916 3845 Θεὸς
2942 3783 3055 3837 ἐστι
3092 3787 3183 3836 καὶ
3210 3782 3469 3857 βασιλεὺς
3515 3794 3617 3838 τῶν
3664 3780 3927 3854 δυνάμεων,

2350 3878 2440 3927 καὶ
2494 3875 2868 3949 προστάγματι
2912 3877 3052 3946 μόνῳ
3108 3869 3142 3926 δ
3148 3874 3203 3926 ιὰ
3256 3882 3356 3927 τῶν
3398 3872 3763 3948 λειτουργικῶν
3796 3886 3931 3923 πνευ-

2350 3963 2526 4035 μάτων
2577 3964 2752 4023 ἰκανὸς
2790 3962 2904 4031 (90)
2955 3960 3345 4024 ἐξαποστέλλειν
3397 3965 3497 4025 τὰς
3551 3960 3791 4036 βοηθείας
3836 3961 3931 4016 τοῖς

2351 4047 2639 4124 δεομένοιςο
2672 4051 2732 4103 οὗ
2762 4055 2852 4103 καὶ
2880 4056 2975 4110 τὴν
3005 4055 3183 4104 πίστιν
3236 4052 3262 4103 ό
3323 4052 3521 4115 Κύριος
3562 4050 3774 4124 μείζονα
3820 4042 3933 4099 εἶναι

2348 4143 2537 4200 παντὸς
2598 4146 2688 4191 τοῦ
2738 4138 2953 4212 Ἰσραὴλ
3024 4137 3339 4213 ἀπεφήνατο.
3371 4141 3678 4216 ,Κορνήλιος
3720 4134 3776 4191 δὲ
3819 4134 3927 4205 οὐχ,

2349 4228 2729 4302 ἑκατόνταρχος
2785 4229 2874 4295 ὢν,
2931 4236 3027 4291 τῆς
3069 4228 3327 4291 ὀπτασίας
3379 4230 3587 4294 ἠξιώθη
3619 4237 3715 4291 τῆς
3741 4233 3827 4279 τοῦ
3854 4222 3933 4294 ἀγα

2347 4319 2516 4393 γε’λου,
2568 4324 2659 4372 καὶ
2708 4322 2765 4371 τὸ
2807 4318 3095 4372 τελευταῖον
3145 4316 3240 4372 διὰ
3282 4327 3374 4373 τοῦ
3417 4325 3620 4395 Πέτρου
3667 4327 3756 4379 τῆς
3784 4333 3931 4370 σωτη-

2347 4414 2467 4484 ρίας
2496 4411 2719 4481 ἔτυχενς
2760 4410 2825 4460 Αἱ
2860 4409 2961 4481 γὰρ
3003 4408 3342 4481 ἐλεημοσύναι
3383 4410 3552 4463 αὐτοῦ
3590 4412 3681 4463 καὶ
3726 4408 3780 4461 αἱ
3827 4400 3932 4460 δεή-

2350 4518 2461 4561 σεις
2507 4498 2928 4557 εἰσηκούσθησαν
2984 4499 3128 4572 παρὰ
3176 4506 3249 4568 τῷ
3311 4506 3452 4570 Θεῷ.
3527 4499 3760 4554 Ἐκείνων
3816 4491 3930 4547 εἶναι

2350 4586 2608 4662 βούλομαι
2669 4588 2912 4660 μαθητής
2957 4606 2970 4621 ·
3005 4593 3123 4650 Πῶς
3178 4583 3265 4639 οὖν
3323 4584 3627 4662 ἀρνήσομαι
3676 4589 3762 4641 τόν
3816 4586 3928 4638 Θεὸν

2505 4714 2527 4748 ²
2558 4710 2731 4768 Rom.
2765 4727 2816 4783 x,
2855 4715 2940 4769 t0.
3018 4711 3041 4747 ³
3066 4711 3267 4769 Matth.
3298 4727 3489 4778 xxvu.
3524 4716 3613 4769 54.
3690 4713 3713 4749 ⁸
3741 4706 3926 4768 Matth.

2348 4924 2549 4998 statim
2567 4924 2839 4998 nominet
2863 4926 3277 4998 centurionem
3299 4924 3509 4994 alium,
3553 4927 3729 4998 cujus
3759 4921 3929 4998 ﬁdem

2348 4997 2615 5070 Christus
2637 4997 3084 5070 Dominusolim
3098 5002 3234 5052 ante
3248 4997 3553 5070 passionis
3569 4994 3805 5070 tempus
3819 4994 3930 5049 lau-

2345 5068 2623 5125 daverat:
2649 5068 2755 5142 sed
2772 5068 2939 5142 illud,
2962 5076 3053 5121 τοῦ
3084 5068 3321 5142 πρώτου,
3350 5083 3466 5142 per
3502 5068 3813 5142 quoddam
3842 5077 3926 5132 ge-

2343 5155 2461 5195 nus
2481 5139 2979 5214 attraqtionishic
2991 5139 3256 5214 positum
3268 5139 3507 5214 videtur
3522 5139 3634 5212 pro
3651 5142 3708 5193 τὸ
3723 5145 3925 5214 πρῶτοιξν

2341 5214 2626 5280 primum.
2653 5211 2954 5268 Recordor
2967 5211 3232 5279 primum
3253 5211 3627 5267 centurionis
3647 5211 3791 5281 eius,
3812 5211 3925 5278 qui,

2341 5279 2454 5338 etc.
2488 5286 2607 5339 Hoc
2646 5297 2787 5338 cum
2833 5297 2957 5338 non
3001 5282 3511 5338 animadverteret
3558 5279 3727 5337 vetus
3762 5279 3926 5334 inter-

2342 5369 2503 5427 pres,
2527 5355 2608 5410 ita
2635 5354 2835 5411 vertit:
2867 5354 3170 5411 Recordor
3186 5354 3372 5424 primi
3398 5353 3768 5410 centurionis
3811 5360 3924 5421 qui.

2342 5431 2455 5481 etc.

2411 5498 2525 5568 (90)
2559 5496 2829 5568 Sic_mss.
2863 5495 3057 5553 multi.
3099 5495 3251 5554 Editi
3291 5499 3493 5557 ἱκανῶς.
3540 5494 3770 5552 Ibidem
3811 5490 3922 5546 duo

2339 5566 2611 5627 [1133(7le
2642 5566 2910 5641 βοήθειαν.
