4076 6190
211 247 300 303 505

1248 243 1544 304 HOMILIA
1581 242 1655 301 IN
1692 240 2013 304 GORDIUM
2051 245 2435 311 MARTYREM

3413 258 3516 316 506

203 387 311 442 μον,
353 367 404 420 ὃν
443 367 497 421 ἐκ
538 366 730 433 παιδός
769 371 1174 445 προσεκύνησας
1215 370 1361 441 Οὐχὶ
1409 366 1469 423 δι
1516 367 1687 443 φρίξει
1723 370 1751 421 ό

1873 384 1935 427 ιχ
1961 373 2161 432 verbis
2176 376 2487 448 justiﬁcat,
2514 392 2708 451 exque
2733 377 2934 435 verbis
2955 377 3387 440 condemnat'.
3405 385 3498 441 An

208 457 399 530 οὐρανός
450 459 631 512 ἄνωθεν
680 476 696 528 ;
750 460 810 514 οὗ
874 461 1193 514 συσκοτάσει
1260 456 1320 513 δὲ
1370 457 1447 514 ἐπ’
1509 458 1626 531 ἐμοὶ
1690 459 1760 511 τά

208 547 371 619 ἄστρα,
418 548 449 607 ἡ
493 556 554 619 γῆ
604 545 666 601 δέ
708 569 774 623 με
819 550 1179 610 ὑποστήσεται
1221 548 1385 616 ὃλως;
1430 551 1516 606 Μὴ
1555 546 1759 601 πλανᾶ-

207 635 300 688 σθε·
342 639 469 700 Θεός
502 636 557 690 οὗ
600 640 1004 713 μυκτηρίζεται.
1048 646 1123 693 Εκ
1176 645 1269 693 τοῦ
1310 641 1570 709 στόματος
1618 637 1760 709 ἡμᾶς

1860 474 1986 516 non
2005 460 2232 534 legistis
2250 465 2624 523 tremendam
2638 467 2793 524 hanc
2813 468 3052 524 Domini
3065 484 3203 526 com
3213 470 3524 529 minitatio-

1861 562 2004 604 nem
2024 550 2052 606 ?
2075 551 2190 620 Qui
2215 557 2521 624 negaverit
2546 570 2636 613 me
2665 570 2868 613 coram
2898 556 3266 627 hominibus,
3291 559 3521 631 negabo

1863 641 1917 693 et
1947 652 2052 710 ego
2082 655 2213 699 eum
2239 658 2440 701 coram
2469 644 2661 701 Patre
2680 660 2825 708 meo,
2850 647 2953 718 qui
2974 647 3035 701 in
3059 647 3227 703 cretis
3256 654 3343 705 est
3370 650 3414 706 ³.

205 730 282 776 τοῦ
319 725 558 800 ἡμετέρου
603 732 788 802 κρίνει.
838 726 894 781 εκ
939 736 1039 783 τῶν
1085 727 1249 801 λόγων
1293 723 1514 793 δικαιοῖ,
1563 728 1653 778 καὶ
1701 722 1810 796 (91)
1871 722 1927 779 ἐκ
1972 736 2072 781 τῶν
2117 729 2280 803 λόγων
2326 730 2694 795 καταδικάζει.
2746 734 2856 787 Οὐκ
2906 733 3155 806 ἀνέγνωτε
3212 740 3307 795 τὴν
3362 736 3520 811 φοϐε-

203 814 281 885 ρὰν
306 810 507 873 ἀπειλὴν
529 822 619 883 τοῦ
652 820 850 890 Κυρίου
874 833 889 885 ;
917 819 998 871 ὅτι
1023 816 1119 881 ’⁸ος
1141 816 1203 869 ἂν
1229 814 1524 891 ἀρνήσηταί
1550 832 1615 888 με
1643 813 1931 888 ἔμπροσθεν
1956 825 2055 871 τῶν
2082 816 2381 896 ἀνθρώπων,
2417 820 2717 898 ἀρνήσομαι
2746 821 2890 897 κάγὼ
2923 824 3078 877 αὐτόν
3112 810 3401 901 ἔμπροσθεν
3430 835 3523 882 τοῦ

205 906 380 978 Πατρός
404 922 526 975 μου,
554 912 647 958 τοῦ
678 904 727 959 ἐν
756 905 994 983 οὐρανοῖς
1019 924 1033 975 ;

259 993 306 1047 8.
352 991 490 1046 Ἀντί,
527 997 669 1057 τίνος
727 991 787 1048 δε
830 1015 893 1069 με
931 1000 1018 1050 καὶ
1055 1004 1223 1050 ταῦτα
1267 995 1581 1069 σοφίζεσθαι
1608 991 1766 1065 ξσυμ-

205 1080 436 1136 εονλεύετε
474 1099 491 1150 ;
518 1089 629 1137 Ἵνα
663 1104 718 1137 τι
747 1083 956 1158 ίμαυτῷ
998 1084 1055 1139 ἔκ
1084 1094 1178 1149 τῆς
1215 1087 1465 1147 τοιαύτης
1492 1082 1767 1158 καταπροί-

205 1171 346 1244 ἔδομαι
387 1176 615 1245 τέχνης;
667 1176 751 1228 ἶνα
794 1178 991 1251 μικρὰς
1033 1176 1232 1251 ἡμέρας
1277 1170 1574 1251 κερδήσως
1629 1170 1763 1225 Ἀλλ’

203 1262 338 1315 αἰῶνα
381 1261 493 1315 ὅλον
547 1264 983 1338 ζημιωθήσομαι.
1049 1262 1159 1319 Ἵνα
1205 1267 1349 1339 φύγω
1412 1272 1510 1327 τῆς
1572 1262 1768 1338 σαρκὸς

202 1354 255 1403 sit
301 1350 509 1405 ἐπίπονα
554 1368 569 1419 ;
629 1352 767 1407 Ἀλλ’
808 1354 903 1407 οὐκ
951 1354 1149 1429 ὄψομαι
1194 1357 1262 1409 τά
1310 1352 1485 1426 ἀνίαθά
1528 1360 1628 1406 τῶν
1685 1348 1769 1403 δι-

200 1445 353 1498 καίων.
399 1446 575 1495 Μανία
622 1448 797 1516 σαφὴς
838 1442 970 1517 μετά
1005 1448 1197 1516 τέχνης
1241 1442 1587 1509 ἀπόλλυσθαι,
1636 1437 1769 1514 μετά

198 1536 483 1604 πανουργίας
535 1536 627 1585 καὶ
682 1529 840 1586 δόλου
898 1538 993 1593 τὴν
1049 1534 1262 1587 αἰωνιαν
1326 1532 1542 1586 κόλασιν
1600 1530 1765 1600 ἐαυτῷ

1947 1000 1999 1052 8.
2045 996 2163 1053 Cur
2191 1002 2395 1056 autem
2443 998 2572 1055 haec
2616 998 2895 1057 simulem
2929 1000 3194 1058 suadetis
3218 1001 3247 1059 ?
3280 1004 3349 1058 Ut
3377 1001 3526 1063 mihi

1874 1083 2191 1157 quidpiam
2221 1102 2294 1143 ex
2324 1087 2425 1143 tali
2456 1092 2581 1144 arte
2619 1091 3016 1160 comparem?
3048 1093 3111 1146 ut
3136 1106 3366 1163 paucos
3395 1090 3524 1147 dies

1873 1173 2369 1233 lucrifaciarn?At
2386 1176 2689 1247 jacturam
2713 1176 2933 1234 faciam
2956 1178 3135 1234 totius
3155 1178 3522 1238 aeternitatis.

1876 1264 1947 1319 Ut
1975 1262 2261 1334 eﬁ‘ugiam
2300 1264 2499 1321 carnis
2526 1264 2765 1321 dolores
2787 1266 2815 1323 ?
2854 1266 2970 1323 Sed
3000 1282 3392 1340 nequaquam
3435 1267 3520 1324 vi-

1874 1352 2033 1410 debo
2061 1354 2225 1412 bona
2248 1355 2573 1427 justorum.
2605 1356 2802 1413 Perire
2827 1356 3095 1425 solerter,
3136 1363 3195 1414 et
3230 1362 3422 1415 astute
3451 1373 3524 1415 ac

1874 1442 2085 1500 dolose
2122 1449 2416 1502 aeternum
2463 1446 2577 1502 sibi
2616 1446 2984 1519 supplicium
3022 1462 3348 1514 accersere,
3397 1464 3525 1506 ma-

1874 1532 2090 1591 nifesta.
2125 1533 2304 1590 fuerit
2345 1535 2668 1593 dementia.
2724 1537 2838 1594 Sed
2882 1542 2940 1593 et
2983 1536 3158 1594 vobis
3195 1536 3276 1594 do
3330 1537 3528 1595 consi-

199 1620 652 1695 πρήμπώεσθαι.
722 1621 880 1676 Ἀλλά
942 1627 1034 1677 καὶ
1096 1625 1217 1696 ὑμῖν
1282 1620 1637 1696 συμϐουλεύω.
1705 1618 1765 1673 Εἰ

1873 1621 2042 1679 lium.
2080 1622 2138 1680 Si
2162 1623 2321 1680 male
2351 1626 2602 1696 sentitis,
2641 1631 2880 1684 mutata
2913 1626 3206 1684 sententia
3241 1626 3525 1701 pietatem

198 1711 271 1781 μὶν
317 1717 485 1771 κακῶς
536 1718 786 1786 φρονεῖτε,
841 1714 1163 1785 μεταμάθετε
1217 1714 1312 1772 τὴν
1370 1709 1650 1764 εὐσέϐειανο
1721 1707 1765 1761 εἰ

199 1793 247 1851 δὲ
315 1799 757 1872 καθυποκρίνεσθε
834 1803 922 1854 τόν
1003 1803 1205 1875 καιρόν,
1296 1801 1623 1873 Ἀποθέμενοι
1703 1799 1763 1851 τό

198 1883 381 1957 ψεῦδος,
459 1886 661 1943 λαλεῖτε
732 1887 998 1957 ἀλήθειαν,
1085 1894 1300 1944 Εῖπατε·
1374 1887 1497 1942 Ὅτι
1574 1889 1763 1963 Κύριος

200 1974 373 2038 Ἰησοῦς
436 1980 676 2052 Χριστός
743 1978 817 2041 εἰς
874 1975 1030 2042 δόξαν
1091 1986 1225 2034 Θεοῦ
1273 1982 1498 2054 Πατρός.
1557 1979 1764 2035 Ταύτην

198 2067 278 2140 γὰρ
314 2071 400 2125 τὴν
445 2070 623 2140 φωνὴν
666 2074 818 2121 πᾶσα
860 2066 1051 2141 ἀφήσει
1096 2068 1335 2141 γλῶσσα,
1385 2070 1507 2122 ὅταν
1561 2066 1642 2121 Ἐν
1693 2072 1765 2136 τῷ

204 2153 375 2226 ὀνόματι
460 2156 647 2215 Ἰησοῦ
734 2163 838 2210 πᾶν
931 2162 1056 2229 γόνυ
1134 2156 1345 2231 κάμψῃ,
1429 2155 1763 2232 ἕπουρανίων,

202 2247 274 2296 καὶ
337 2243 599 2318 ἐπιγείων,
680 2250 773 2299 καὶ
848 2249 1226 2318 καταχθονίων.
1310 2251 1499 2305 Θνητοὶ
1581 2249 1769 2306 πάντες

201 2332 443 2407 ἅνθρωποι,
489 2337 764 2411 μάρτυρες
803 2332 863 2389 δε
909 2334 1094 2408 ὀλίγοι.
1146 2340 1231 2396 Μὴ
1282 2334 1628 2410 ἀναμείνωμεν
1674 2356 1768 2408 ’γε-

198 2423 347 2475 νέσθαι
391 2429 589 2500 νεκροὶ,
637 2422 750 2476 ἀλλ’
790 2422 892 2477 ἀπὸ
938 2424 1076 2488 ζωῆς
1126 2425 1199 2486 εἰς
1247 2425 1385 2487 ζωὴν
1442 2425 1768 2500 μεταϐῶμεν.

198 2515 248 2563 Τί
292 2517 369 2565 τόν
422 2514 728 2586 αὐτόματον
786 2510 1070 2586 ἐκδέχεσθε
1140 2516 1355 2568 θάνατον
1411 2531 1427 2582 ;
1495 2514 1768 2592 ’Λκαρπός

198 2595 328 2669 ἔστιν,
383 2598 638 2677 ἀκερδῂ,
688 2605 858 2663 κοινός
913 2611 1111 2661 κτηνῶν
1166 2607 1257 2655 καὶ⁵
1309 2601 1610 2678 ἀνθρώπων.
1668 2606 1767 2658 Τόν

194 2690 274 2763 Ἱάρ
322 2686 409 2743 σ’ιὰ
461 2695 720 2764 γενέσεως
776 2690 849 2754 εἰς
898 2694 986 2744 τόν
1043 2691 1161 2765 βίον
1217 2690 1428 2746 ἐλθόντα
1484 2694 1514 2753 ἣ
1574 2697 1768 2768 χρόνος

195 2775 438 2845 ἀνάλωσεν,
472 2781 502 2841 ἦ
547 2784 701 2843 νόσος
731 2776 986 2846 διέλυσεν,
1029 2782 1058 2841 ἦ
1095 2779 1391 2855 βιαιότεραι
1420 2781 1592 2854 (92-2)
1625 2802 1767 2856 συμ-

193 2871 448 2941 πτωμάτων
488 2868 727 2942 ἀνάγκαι
767 2866 1086 2943 διέφθειραν.
1131 2871 1272 2924 Ἐπεὶ
1313 2867 1402 2923 οὖν
1442 2867 1528 2925 δεῖ
1561 2873 1767 2934 πάντως

680 2250 773 2299 καὶ
848 2249 1226 2319 καταχθονίων.

1874 1710 2086 1768 discite
2110 1730 2123 1769 :
2154 1715 2250 1769 sin
2276 1718 2479 1771 autem
2511 1715 2827 1785 simulatis,
2855 1716 3109 1789 tempori
3139 1721 3205 1771 ut
3231 1715 3525 1787 serviatis,

1872 1806 2236 1871 Deponentes
2255 1802 2650 1873 mendacium,
2678 1806 2998 1877 loquimini
3019 1805 3328 1862 veritatem
3352 1805 3415 1859 ¹⁰.
3432 1805 3526 1862 Di-

1874 1889 1986 1947 cite
1999 1890 2167 1958 Quod
2194 1894 2483 1949 Dominus
2501 1897 2672 1950 Jesus
2705 1893 2983 1950 Christus
3003 1895 3069 1950 in
3088 1895 3293 1965 gloria
3312 1899 3395 1951 est
3416 1894 3528 1951 Dei

1873 1979 2078 2036 Patris
2112 1982 2177 2035 ιι.
2210 1984 2359 2038 Nam
2390 1982 2615 2039 emittet
2641 1982 2801 2039 hanc
2840 1999 3046 2039 vocem
3085 1981 3295 2053 lingua
3323 1982 3557 2048 omnis-

1874 2072 2024 2137 tum,
2053 2085 2192 2127 cum
2209 2071 2279 2127 In
2301 2072 2541 2129 nomine
2558 2072 2699 2128 Jesu
2721 2087 2893 2130 omne
2913 2087 3072 2143 genu
3087 2073 3383 2143 ﬂectetur,
3411 2086 3526 2129 ece-

1876 2158 2133 2228 lestium,
2147 2162 2660 2234 terrestriumque,
2678 2177 2750 2219 ac
2769 2162 3148 2232 infernarum
3168 2163 3233 2218 ¹².
3253 2160 3528 2218 Mortales

1877 2252 2020 2306 sunt
2059 2250 2336 2307 homines
2378 2267 2593 2308 omnes
2628 2268 2641 2308 :
2701 2251 2810 2309 sed
2856 2255 3154 2324 martyres
3195 2252 3394 2324 pauci.
3445 2252 3526 2307 Ne

1876 2342 2294 2412 exspectemus
2317 2345 2384 2396 ut
2418 2341 2642 2397 mortui
2670 2340 2892 2397 ﬁamus
2924 2357 2937 2396 :
2981 2340 3087 2396 sed
3114 2356 3146 2397 e
3167 2340 3288 2397 vita
3326 2338 3407 2396 ad
3437 2339 3526 2397 vi-

1875 2430 2002 2484 tam
2021 2432 2422 2487 transeamus.
2457 2429 2611 2495 Quid
2631 2429 2967 2487 naturalem
2994 2433 3250 2486 mortem
3276 2432 3523 2501 praesto-

1874 2515 2085 2573 lamini
2103 2518 2130 2573 ?
2160 2518 2537 2574 lnfructuosa
2557 2522 2665 2589 est,
2693 2522 2963 2591 quaestus
2986 2517 3231 2585 nullius,
3256 2532 3527 2572 commu-

1876 2604 2268 2677 nispecorum
2278 2604 3201 2679 hominumque.0uisquisenim
3215 2602 3525 2660 nascendo

1874 2692 1939 2750 in
1958 2693 2143 2750 vitam
2164 2693 2450 2762 introivit,
2467 2698 2572 2750 aut
2592 2694 2703 2751 fuit
2721 2699 2993 2767 tempore
3013 2694 3399 2767 absumptus,
3422 2695 3527 2749 aut

1875 2781 2092 2839 morbo
2111 2781 2461 2851 dissolutus,
2486 2788 2591 2839 aut
2608 2783 2869 2840 violento
2890 2783 3160 2857 quodam
3181 2799 3252 2839 ac
3273 2780 3526 2838 inevita-

1874 2870 1981 2928 bili
2010 2888 2154 2929 casu
2180 2871 2489 2944 abreptus.
2520 2874 2666 2929 Cum
2689 2872 2871 2942 igitur
2901 2872 3054 2929 mori
3072 2872 3323 2929 omnino
3352 2886 3528 2944 opor-

194 2954 431 3011 ιὶποθανεῖν
485 2963 588 3016 τὴν
647 2959 788 3020 ζωὴν
836 2958 1038 3021 ἑαυτοῖς
1085 2955 1180 3012 διά
1229 2967 1323 3013 τοῦ
1377 2961 1598 3014 θανάτου
1635 2980 1765 3036 πρα-

1878 2964 2016 3032 teat,
2040 2960 2225 3016 vitam
2245 2960 2422 3017 nobis
2440 2976 2546 3033 per
2574 2966 2829 3018 mortem
2852 2977 3299 3034 comparemus.
3330 2963 3527 3033 Spon-

191 3048 605 3121 Ὶματευσώμεθα.
668 3046 938 3101 Ἐκούσιον
995 3052 1253 3107 ποιήσατε
1316 3051 1375 3102 τό
1440 3069 1772 3122 κατηναγκα-

198 3142 368 3208 σμένον.
413 3142 500 3196 Μὴ
538 3132 791 3211 φείδεσθε
823 3136 986 3204 ζωῆς,
1030 3138 1093 3200 ἧς
1133 3135 1394 3210 ἀναγκαία
1430 3140 1460 3197 ἠ
1498 3143 1770 3213 στέρησιςο

197 3231 351 3279 Καίτοι
378 3227 420 3280 εἰ
449 3231 547 3279 καὶ
589 3228 653 3279 τό
685 3220 899 3301 διαρκὶς
940 3224 1114 3298 ὅμοιον
1146 3222 1259 3298 εἶχε
1290 3229 1356 3280 τὰ
1390 3232 1562 3300 ίήῐνα,
1598 3247 1769 3281 σπου-

200 3310 347 3375 tam
388 3315 558 3390 ἐχρῆν
602 3309 895 3386 διαμείϐειν
935 3314 1069 3367 αὖτά
1115 3319 1246 3390 πρός
1290 3314 1356 3368 τά
1407 3315 1624 3390 οὐράνια
1676 3318 1769 3388 (3)·

197 3402 233 3455 εἰ
262 3400 314 3457 δε
354 3410 441 3459 καὶ
482 3404 855 3477 ὀλιγοχρόνια,
888 3407 979 3456 καὶ
1007 3412 1067 3477 τῇ
1113 3402 1237 3477 ἀξίᾳ
1276 3413 1527 3457 τοσοῦτον
1559 3403 1771 3458 ἀπολει-

197 3498 381 3565 πόμενα,
446 3491 799 3570 παραπληξία
846 3488 988 3551 δεινὴ
1044 3501 1105 3565 τῇ
1167 3498 1285 3568 περὶ
1327 3488 1494 3547 ταῦτα
1557 3490 1765 3569 σπονδῇ

199 3587 277 3633 τῶν
312 3581 359 3636 ἄν
412 3591 535 3646 ταῖς
582 3580 788 3634 ἐλπίσιν
836 3579 1184 3655 ἀποκειμένων
1233 3590 1582 3658 μακαρισμῶν
1622 3581 1772 3636 ἐκπί-

196 3688 313 3723 πτειν
354 3674 449 3744 (4),
504 3678 697 3726 Ταῦτα
752 3668 926 3738 εἰπὼν,
976 3675 1067 3723 καὶ
1112 3670 1276 3744 ἑαυτῷ
1322 3676 1410 3725 τόν
1460 3675 1621 3725 τύπον
1677 3680 1771 3726 τοῦ

197 3771 394 3839 σταυροῦ
440 3760 803 3840 περιγράψας,
850 3759 1041 3834 ἐχώρει
1086 3764 1220 3837 πρὸς
1263 3765 1355 3821 τὴν
1397 3760 1624 3834 πληγὴν,
1675 3762 1770 3815 οὐ-

195 3845 265 3902 δἐν
304 3851 650 3930 παρατρέψας
702 3859 795 3904 τοῦ
847 3858 1154 3925 χρώματος,
1215 3848 1333 3905 οὐδ’
1381 3851 1665 3915 ἀλλοιώσας
1716 3874 1770 3907 τι

192 3945 269 4002 τῆς
309 3949 395 3993 τοῦ
454 3946 747 4017 προσώπου
804 3936 1176 4015 φαιδρότητος.
1230 3943 1454 3994 Διέκειτο
1504 3944 1607 4016 γὰρ
1662 3943 1768 4015 οὐχ

192 4029 248 4089 ὡς
300 4027 471 4105 δημίῳ
541 4028 872 4093 ὶντεύξεσθαι
937 4028 1152 4103 μέλλων,
1232 4028 1339 4082 ἀλλ’
1404 4032 1474 4093 ὡς
1538 4029 1768 4103 ἀγγέλων

188 4126 352 4192 χερσὶν
397 4120 588 4174 ἑαυτόν
648 4120 1054 4193 παραθήσεσθαι
1106 4118 1215 4186 οὓς,
1267 4118 1418 4181 εὐθὺς
1457 4118 1612 4172 αὐτὸν
1664 4140 1769 4175 νεο-

191 4216 339 4279 σφαγῆ
390 4206 796 4286 παραλαϐόντας
838 4208 917 4279 (5)
971 4211 1105 4283 πρός
1146 4212 1240 4267 τὴν
1305 4213 1565 4283 μακαρίαν
1625 4208 1766 4270 ζωὴν

1877 3054 2126 3106 taneum
2153 3048 2329 3105 facite
2353 3047 2520 3122 quod
2546 3053 2637 3106 est
2663 3056 2963 3108 coactum.
2990 3050 3130 3106 Vitae
3162 3065 3238 3105 ne
3275 3049 3525 3122 parcite,

1878 3153 2003 3210 qua
2037 3154 2286 3194 necesse
2312 3143 2401 3193 est
2425 3137 2671 3210 privari.
2704 3140 2858 3195 Sane
2897 3138 3009 3194 etsi
3039 3143 3279 3193 terrena
3299 3136 3526 3208 pariter

1877 3231 2080 3285 essent
2134 3227 2195 3283 in
2254 3231 2616 3300 perpetuum
2659 3242 3082 3299 permansura,
3134 3223 3529 3282 nihilominus

1878 3316 2086 3373 danda
2101 3332 2288 3389 opera
2300 3319 2476 3382 eSSet,
2489 3321 2554 3372 ut
2569 3331 2639 3373 ea
2653 3314 2991 3372 caelestibus
3008 3320 3523 3388 permutaremus:

1879 3405 1991 3463 sed
2012 3406 2064 3462 si
2088 3405 2255 3462 brevi
2282 3410 2552 3479 tempore
2573 3405 2815 3472 durant,
2844 3409 2901 3461 et
2922 3404 3213 3475 dignitate
3234 3404 3315 3460 ita
3335 3404 3529 3477 impa-

1876 3496 1970 3551 ria
2003 3498 2145 3552 sunt
2165 3494 2380 3565 ingens
2418 3493 2655 3551 insania
2684 3493 2880 3561 fuerit,
2907 3493 2987 3550 ob
3012 3494 3232 3550 borum
3259 3492 3528 3549 studium

1874 3581 2278 3640 beatitudines
2298 3581 2359 3638 in
2382 3597 2488 3655 spe
2508 3581 2803 3654 repositas
2818 3581 3109 3639 amittere.
3132 3584 3266 3637 Haec
3285 3597 3425 3637 cum
3445 3580 3531 3636 di-

1875 3673 2083 3739 xisset,
2106 3671 2419 3744 crucisque
2432 3670 2608 3741 signo
2622 3688 2687 3727 se
2703 3670 3292 3743 circumscripsisset,
3306 3669 3432 3724 ibat
3450 3666 3530 3724 ad

1876 3762 2083 3827 ictum,
2115 3759 2266 3817 nihil
2294 3759 2614 3817 immutato
2640 3758 2859 3826 colore,
2899 3758 3046 3815 nihil
3076 3758 3333 3814 alterata
3356 3755 3529 3812 faciei

1878 3850 2202 3907 alacritate.
2228 3852 2379 3906 Nam
2405 3848 2488 3905 ita
2518 3848 2726 3904 animo
2756 3846 3006 3905 affectus
3029 3852 3174 3916 erat,
3202 3862 3325 3903 non
3351 3844 3531 3920 quasi

1876 3939 2232 3997 inventurus
2281 3938 2495 3994 fuisset
2539 3937 2830 4008 lictorem,
2878 3936 2986 3993 sed
3025 3935 3203 4010 quasi
3230 3935 3437 3991 fuisset
3467 3950 3530 3991 se

1879 4027 2162 4086 manibus
2184 4026 2539 4101 angelorum
2560 4025 3013 4083 concrediturus
3027 4025 3133 4098 qui
3156 4024 3360 4080 statim
3386 4038 3527 4080 eum

1876 4133 2087 4175 recens
2126 4114 2473 4188 jugulatum
2505 4118 2907 4181 assumentes,
2940 4113 3019 4169 ad
3058 4112 3297 4170 beatam
3344 4111 3530 4169 vitam

1876 4206 2041 4263 velut
2090 4207 2375 4262 Lazarum
2445 4203 2857 4259 transferrent.
2920 4202 3061 4264 Quis
3117 4201 3329 4275 populi
3367 4201 3527 4258 illius

189 4299 474 4364 μεταθήσειν
538 4299 716 4371 ὥσπερ
782 4299 869 4349 τόν
937 4298 1200 4372 Λάζαρον.
1264 4302 1356 4359 Τίς
1416 4296 1607 4351 ἐκείνου
1674 4306 1765 4351 τοῦ

1877 4294 2547 4354 enarrabitclamorem?
2558 4292 2876 4355 Quodnam
2890 4292 3209 4350 tonitruum
3224 4291 3530 4361 fragorem

190 4379 340 4458 δήμου
386 4394 480 4448 τὴν
528 4385 668 4461 βοὴν
706 4383 1058 4459 dir/narrat;
1101 4391 1236 4439 Ποία
1275 4385 1468 4462 βροντὴ
1514 4396 1767 4442 τοσοῦτον

188 4470 236 4524 ἐκ
278 4486 427 4550 νεφῶν
466 4474 612 4549 ἦχον
677 4475 905 4548 ἐπαφῆκε
952 4484 1015 4549 τῇ
1066 4484 1158 4549 γῇ,
1209 4476 1333 4539 ὅσος
1376 4474 1431 4529 ἔκ
1475 4484 1575 4529 τῶν
1622 4480 1764 4531 κάτω

188 4568 285 4620 τότε
325 4571 455 4642 πρὸς
502 4566 725 4643 οὐρανὸν
769 4561 987 4623 ἀνεδόθη
1024 4581 1039 4634 ;
1088 4569 1254 4620 Τοῦτό
1293 4563 1407 4620 ἔστι
1443 4568 1503 4619 τὸ
1544 4563 1763 4621 στάδιον

243 4707 265 4745 ⁸
289 4709 485 4769 latth.
510 4723 626 4778 xu,
668 4712 759 4765 87.
833 4709 856 4745 ⁸
898 4706 1109 4767 Matth.
1141 4723 1200 4780 x,
1227 4711 1319 4766 33.

244 4853 350 4921 (9t)
378 4852 673 4910 Voculam
696 4856 787 4905 καί
806 4867 879 4908 ex
908 4851 1111 4908 multis
1140 4867 1283 4908 mss.
1312 4850 1685 4909 addidimus.

240 4925 405 5000 (92-2)
425 4924 752 5000 Colbertini
772 4924 894 4979 duo
914 4939 1068 5000 mss.
1092 4921 1420 5000 βιαιοτέρων.
1444 4925 1574 4980 Mox
1590 4924 1756 4981 Colb.

186 4994 395 5062 primus
423 4997 667 5050 ἑκούσιον
694 4997 1043 5053 ποιήσασθαι.

243 5066 311 5149 (ρ)
346 5068 445 5155 Sic,
467 5083 623 5155 mss.
663 5065 856 5123 multi.
889 5065 1037 5123 Editi
1068 5064 1233 5142 ὅχρῆν
1271 5073 1440 5120 ταῦτα
1469 5062 1756 5139 διαμείϐειν

188 5150 316 5284 triti)
593 5207 717 5265 duo
735 5208 870 5264 libri
891 5218 1238 5284 μακαρισμῶν
1267 5207 1600 5284 ἀποπίπτειν.
1630 5209 1755 5267 Sta.-

187 5277 276 5352 tim
301 5280 435 5352 editi
466 5277 670 5335 ἑαυτοῦ.
697 5285 768 5335 At
786 5277 1047 5352 quatuor
1066 5277 1280 5336 saltem
1306 5295 1457 5335 mss.
1492 5280 1680 5351 ἑαυτῷ.

188 5349 540 5470 λαξ⁷ἐ.1ἰ(1ἱοιίο
580 5352 762 5407 Paris.
804 5349 894 5413 οὓς
919 5350 1069 5412 εὐθὺς
1106 5352 1261 5404 αὐτόν
1291 5358 1551 5423 νεοσφαγῆ
1584 5349 1754 5426 παρα-

280 5421 291 5429 ’
330 5440 489 5478 .ις....
534 5424 855 5478 μετίθηκανε
905 5421 1072 5478 quod
1118 5423 1266 5478 auin
1309 5422 1596 5478 vitiosum
1654 5423 1751 5478 sit.

190 5437 489 5483 κοοντες....
531 5437 855 5495 passuum:
905 5437 1072 5494 quoa
1118 5437 1266 5495 quin
1309 5437 1596 5478 vinosum
1654 5437 1751 5492 sit,

190 5484 425 5567 dubitari
454 5508 577 5550 non
608 5499 827 5567 potest,
849 5508 995 5567 cum
1026 5494 1074 5549 si
1098 5492 1316 5567 legeris
1348 5492 1747 5567 παραλαϐόντες,

190 5554 334 5631 legas
354 5578 596 5623 necesse
608 5554 713 5624 ἐει
732 5563 782 5619 oi
812 5554 978 5635 ὶύθύς,
1004 5570 1116 5624 etc.
1150 5554 1341 5624 Editio
1564 5568 1623 5623 et
1646 5554 1752 5622 no;

1399 4709 1446 4746 ω
1478 4709 1696 4781 Ephes.
1728 4726 1785 4767 iv
1812 4712 1903 4769 25.

1876 4390 2111 4443 tantum
2128 4399 2201 4439 ex
2217 4381 2484 4438 nubibus
2502 4381 2565 4438 in
2586 4387 2807 4439 terram
2824 4381 3082 4442 demisit,
3099 4385 3366 4455 quantus
3389 4385 3531 4438 tunc

1874 4480 2086 4532 eterra
2112 4473 2175 4529 in
2203 4472 2422 4528 cmlum
2450 4471 2774 4528 ascendit?
2808 4473 2926 4527 lloc
2953 4475 3042 4527 est
3062 4469 3327 4527 stadium
3358 4485 3530 4528 coro-

1870 4564 1999 4624 nati
2016 4562 2171 4620 illius
2193 4561 2445 4620 athletae.
2469 4564 2602 4618 Haec
2623 4560 2752 4618 dies
2776 4559 3212 4619 admirandum
3229 4559 3376 4618 illud
3400 4574 3531 4633 spe-

1982 4709 2025 4746 “
2059 4706 2315 4782 Philipp.
2348 4722 2407 4780 η,
2442 4705 2532 4765 11.
2611 4707 2656 4744 ⁸³
2686 4705 2834 4764 ibid.
2881 4708 2970 4765 to.

1867 4852 1972 4909 stri
2019 4854 2249 4924 septem
2291 4866 2452 4924 mss.
2487 4866 2714 4924 magno
2764 4864 3065 4924 consensu
3101 4846 3403 4924 os;,_;~seo;
3439 4844 3530 4924 αὐ-

1863 4928 1952 4978 τόν
1996 4919 2256 4995 νεοσφαγῆ
2296 4919 2783 4995 παραλαϐόντας....
2836 4922 3153 4995 μεταθήσειν.
3198 4920 3370 4995 ὥσπερ
3418 4919 3525 4995 τόν,

1864 4999 1997 5052 etc..
2027 4988 2165 5067 quin
2189 4988 2382 5049 verba
2398 4994 2444 5049 si
2467 4994 2764 5067 mendosa
2792 4988 2924 5067 esse
2947 5005 3069 5067 non
3099 4988 3445 5067 dixerim_us,
3467 4993 3534 5042 at

1863 5072 2022 5122 certe
2047 5056 2271 5121 .eorum
2301 5065 2811 5120 constructionem
2843 5061 2966 5116 ﬁeri
3000 5060 3093 5113 vix
3124 5056 3525 5131 po_s_se_fatea_-

1863 5152 2003 5193 mur
2032 5151 2279 5192 necesse
2305 5141 2416 5190 est.
2449 5134 2631 5191 Nobis
2661 5131 2984 5188 verisimile
3023 5130 3106 5193 fit,
3127 5127 3398 5200 iellipsim
3417 5128 3530 5200 hic

1862 5223 1994 5265 esse
2038 5213 2141 5264 aut
2178 5206 2346 5261 verbi
2378 5207 2671 5277 φαίνεσθαι,
2714 5211 2819 5277 aut
2860 5198 3261 5277 similisnhoo’
3290 5198 3477 5277 modo
3511 5217 3525 5257 :

1862 5278 1953 5341 οὒς
1985 5278 2135 5340 εὐθὺς
2165 5277 2322 5330 αὐτόν
2346 5268 2605 5347 νεοσφαγῆ
2640 5268 3056 5347 παραλαϐόντας,
3101 5268 3330 5343 ἐφαίνετο
3371 5274 3524 5347 πρὸς,

1862 5356 1997 5421 etc.,
2021 5365 2168 5421 quos
2197 5343 2513 5421 constabat
2544 5343 2875 5421 martyrem
2907 5343 3114 5421 statim
3145 5343 3523 5421 post‘cardem

1860 5414 2235 5490 assumptum
2255 5418 2668 5490 transtaturos
2684 5415 2767 5470 ad
2788 5415 3020 5490 beatam
3041 5415 3250 5470 vitam.
3278 5416 3420 5470 Com
3430 5414 3531 5470 be-

1858 5491 2035 5547 ﬁsius
2062 5483 2234 5547 notat
2268 5487 2512 5559 alicubi‘
2537 5486 2654 5554 legi
2696 5483 3096 5559 παραλαϐόντας
3144 5490 3526 5559 μεταστήσειν.

1858 5564 1989 5619 Mox
2013 5560 2138 5620 duo
2176 5575 2322 5617 mss.
2352 5572 2465 5633 pro
2492 5554 2684 5611 ἕκείνου
2715 5554 2944 5618 habent
2975 5554 3193 5619 ἐκείνην.
