4076 6190
517 235 521 242 ’
585 261 684 326 307
1967 249 2027 310 s.
2063 248 2309 308 BASILII
2339 249 2556 306 MAGNI
2781 237 2785 242 '
3825 241 3916 310 50's

584 390 884 448 ctaculum
923 384 1258 458 conspexit,
1309 380 1476 456 quod
1533 379 1706 454 149
1736 393 1860 436 non
1891 374 2228 435 obscuravil

2348 372 2539 429 ἐκείνου
2592 375 2684 426 τοὺ
2741 375 3069 446 στεφανίτου.
3128 371 3270 430 Αὕτη
3322 365 3526 426 ἐπεῖδεν
3581 375 3611 432 ἡ
3670 374 3831 451 ἡμέρα
3874 380 3926 433 τὸ

585 485 846 552 tempus,
871 491 994 534 non
1017 473 1292 531 dissolvit
1311 470 1710 539 consuetudo,
1735 485 1859 526 non
1881 467 2024 525 vicit
2045 469 2238 540 poste-

585 569 814 625 riorum
874 570 1204 622 eventuum
1262 561 1644 633 magnitudo.
1705 555 2238 628 Quemadmodum

586 659 744 714 enim
767 658 954 714 solem
972 669 1207 728 semper
1224 653 1547 720 intuentes,
1566 665 1807 724 semper
1824 647 2235 706 admiramur:

585 748 670 803 ita
700 761 944 819 quoque
970 743 1085 800 viri
1105 742 1262 802 illius
1286 742 1643 800 memoriam
1677 753 1915 812 semper
1934 739 2237 794 recentem

582 835 899 892 habemus.
925 837 1069 891 Nam
1097 835 1166 888 In
1216 833 1502 890 memoria
1541 835 1771 888 (eterna
1792 828 1907 886 erit
1933 829 2138 896 justus
2166 823 2234 896 η,

585 929 640 981 et
671 924 832 996 apud
857 923 1087 980 incolas
1119 926 1308 992 terrae,
1341 921 1490 976 dum
1523 925 1674 976 terra
1707 919 1836 983 erit,
1862 922 1919 972 et
1956 917 2017 972 in
2047 914 2230 986 ccelis,

581 1015 638 1070 et
668 1013 832 1086 apud
863 1011 1137 1068 Judicem
1159 1013 1394 1082 justum
1430 1023 1443 1075 ;
1477 1009 1574 1065 cui
1605 1007 1795 1078 gloria
1825 1009 1882 1062 et
1910 1003 2234 1079 imperium

581 1099 891 1160 in'azecula
923 1099 1306 1160 saeculorum.
1341 1104 1552 1155 Amen.

2350 465 2650 536 θαυμαστὸν
2694 460 2851 516 ἐκεῖνο
2903 465 3088 537 θέαμα,
3123 461 3149 513 ὃ
3197 460 3290 513 οὐκ
3335 461 3651 537 ἠμαύρωσεν
3686 465 3712 516 ὁ
3736 470 3922 541 χρόνος,

2347 550 2470 606 οὐδὲ
2518 551 2747 614 ἐξέλυσεν
2790 551 2872 622 (6)
2918 553 2947 610 ἡ
3003 553 3276 610 συνήθεια·
3340 549 3438 603 οὐκ
3495 550 3718 611 ἐνικησεν
3768 555 3794 612 ἡ
3833 563 3919 609 τῶν

2348 641 2710 714 ἐπιγινομένων
2763 639 3043 714 ὑπερϐολή.
3109 646 3310 714 Ὥσπερ
3366 641 3462 716 γὰρ
3516 644 3600 694 τόν
3656 640 3791 700 ήλιον
3849 641 3918 699 ἀεὶ

2346 734 2682 804 καθορῶντες,
2737 729 2814 783 ἀεὶ
2875 730 3229 803 θαυμάζομεν
3279 729 3411 782 οὕτω
3461 731 3546 782 καὶ
3605 738 3695 783 τοῦ
3749 729 3919 808 ἀνδρὸς

2346 819 2541 874 ἐκείνου
2590 819 2668 875 ἀεὶ
2719 821 2902 894 νεαρὰν
2949 824 3043 878 τὴν
3091 823 3302 892 μνήμην
3362 822 3567 892 ἔχομεν.
3614 821 3700 884 Εἰς
3745 825 3920 896 μνήμό·

2347 930 2498 963 συνον
2545 910 2646 982 γὰρ
2688 910 2891 963 αἰώνιον
2934 912 3084 962 ἔσται
3126 903 3355 974 δίκαιος,
3394 913 3484 961 καὶ
3519 912 3662 984 παρὰ
3701 918 3804 974 τοῖς
3847 911 3918 965 ἐπὶ

2342 1007 2462 1071 γῆς,
2497 999 2590 1058 ἕως
2629 997 2769 1051 ἐστὶν
2808 998 2836 1056 ή
2879 1005 2971 1069 γῆ,
3019 1000 3108 1050 καὶ
3156 996 3204 1049 ἐν
3244 1004 3356 1060 τοῖς
3385 997 3638 1071 οὐρανοῖς,
3671 1005 3757 1053 καὶ
3792 1003 3918 1075 παρὰ

2342 1095 2413 1160 τῷ
2468 1084 2658 1158 δικαίῳ
2702 1094 2877 1162 κριτῇ·
2926 1087 2966 1157 ᾧ
3013 1089 3042 1145 ή
3087 1081 3219 1150 δόξα
3259 1075 3445 1140 καὶτὸ
3492 1091 3680 1163 κράτος
3716 1089 3786 1152 είς
3816 1093 3920 1170 τοι)ς

2344 1176 2527 1238 αἰῶνας
2546 1183 2646 1230 τῶν
2673 1176 2889 1232 αἰώνων.
2926 1175 3110 1249 Ἀμήν.

633 1360 3914 1391 W

1175 1501 1466 1558 HOMILIA
1504 1502 1633 1556 XIX.

830 1627 901 1683 In
941 1630 1180 1684 sanctos
1211 1627 1626 1699 quadraginta
1665 1629 1977 1693 martyres.

653 1740 700 1791 t.
737 1737 875 1801 Quas
919 1735 1160 1791 satietas
1192 1735 1252 1790 in
1283 1733 1606 1790 recolenda
1637 1736 1974 1803 martyrum
2007 1744 2230 1786 memo-
2260 1744 2300 1796 Β

573 1825 664 1882 ria
693 1841 828 1882 esse
850 1824 1058 1897 possit,
1089 1824 1162 1894 ei,
1187 1823 1291 1898 qui
1321 1829 1618 1896 martyres
1650 1837 1856 1878 amore
1897 1833 2226 1894 prosequa-

575 1915 690 1982 tur,
718 1930 857 1970 cum
889 1914 1083 1970 honor
1111 1927 1294 1986 quem
1327 1913 1632 1968 conservis
1669 1909 1847 1966 bonis
1875 1908 2226 1973 deferimus,

574 2003 793 2058 nostrae
839 2016 983 2073 erga
1012 2015 1400 2058 communem
1430 2001 1750 2057 Dominum
1793 1997 2227 2054 benevolentiae

575 2091 879 2163 specimen
902 2089 976 2147 sit
1005 2094 1061 2146 et
1090 2093 1554 2146 monumentum
1580 2089 1608 2145 ?
1639 2087 1865 2143 Etenim
1895 2087 2226 2142 obscurum

574 2195 698 2236 non
715 2185 805 2236 est
827 2195 965 2234 eum
983 2178 1088 2253 qui
1110 2183 1386 2234 strenuos
1407 2179 1567 2234 viros
1587 2174 2049 2242 commendarit,
2064 2175 2228 2248 ipsos

575 2267 638 2324 in
668 2265 968 2322 similibus
989 2265 1409 2322 occasionibus
1433 2264 1809 2322 imitaturum
1841 2278 1992 2320 esse.
2025 2261 2230 2318 Lauda

575 2356 804 2412 sincere
846 2371 987 2412 eum
1027 2356 1133 2428 qui
1164 2355 1522 2428 martyrium
1568 2354 1829 2428 pertulit,
1874 2359 1939 2409 ut
1969 2352 2226 2409 efficiare

572 2447 803 2518 martyr
853 2443 1176 2514 voluntate,
1223 2457 1292 2500 ac
1323 2449 1572 2499 demum
1619 2444 1748 2499 sine
1788 2442 2223 2515 persecutione,

575 2533 704 2590 sine
726 2535 882 2604 igne,
914 2535 1040 2590 sine
1066 2534 1413 2590 verberibus
1439 2533 1652 2590 eadem
1693 2537 1872 2605 atque
1904 2527 1985 2587 illi
2005 2547 2228 2587 merce-

573 2622 712 2679 dem
741 2637 1134 2696 consequare.
1164 2621 1345 2678 Nobis
1368 2626 1571 2678 autem
1600 2637 1720 2677 non
1750 2635 1906 2676 unus
1939 2619 2017 2677 ad
2053 2633 2227 2676 vene-

573 2713 870 2768 rationem
923 2709 1299 2784 proponitur,
1333 2723 1455 2768 non
1483 2711 1604 2766 duo
1645 2709 1959 2779 duntaxat,
1993 2723 2116 2764 non
2148 2708 2226 2765 ad

573 2800 784 2856 decem
824 2813 1016 2872 usque
1038 2799 1353 2855 beatorum
1377 2815 1439 2855 se
1469 2813 1762 2855 numerus
1787 2798 2051 2854 extendit
2080 2814 2092 2854 :
2119 2797 2226 2854 sed

572 2890 679 2946 viri
708 2887 1139 2962 quadraginta,
1171 2889 1346 2962 quasi
1375 2889 1644 2944 animam
1673 2903 1859 2944 unam
1887 2888 1948 2944 in
1969 2886 2224 2944 diversis

573 2977 926 3054 corporibus
948 2978 1260 3046 habentes,
1289 2978 1349 3034 in
1372 2993 1494 3034 una
1515 2977 1654 3034 tidei
1683 2977 2128 3051 conspiratione
2156 2991 2227 3033 ac

2944 1493 3188 1544 OMIAlA
3229 1487 3334 1546 Io‘.

2555 1617 2641 1678 Εἰς
2669 1619 2793 1678 τοὺς
2818 1615 2997 1689 ἁγίους
3025 1619 3419 1692 τεσσαράκοντα
3442 1632 3728 1693 μαρτυρας.

2418 1731 2464 1781 i.
2525 1725 2816 1798 Μαρτύρων
2881 1725 3091 1797 μνήμης
3147 1727 3227 1785 τίς
3282 1723 3342 1776 ἂν
3407 1727 3611 1796 γίνοιτο
3664 1727 3808 1799 κόρος
3854 1718 3916 1793 τῷ

2340 1815 2681 1888 φιλομάρτυρι
2714 1828 2728 1880 ;
2775 1809 2914 1866 διότι
2957 1815 2985 1872 ή
3019 1817 3145 1889 πρὸς
3181 1813 3303 1876 τοὺς
3333 1811 3568 1886 ἀγαθοὺς
3596 1819 3694 1866 τῶν
3721 1808 3918 1885 ὁμοδού-

2337 1905 2436 1957 λων
2484 1908 2609 1976 τιμή
2648 1898 2916 1966 ἀπόδειξιν
2961 1906 3075 1975 ἔχει
3113 1911 3206 1965 τῆς
3247 1906 3380 1977 πρὸς
3418 1905 3507 1956 τὸν
3548 1907 3712 1955 κοινὸν
3750 1904 3918 1954 Δεσπόο

2338 2006 2432 2052 την
2467 1993 2683 2054 εὐνοίας.
2733 1989 2892 2050 Δῆλον
2937 1993 3059 2066 γὰρ,
3108 1995 3188 2046 ὅτι
3218 1994 3243 2045 ό
3287 1996 3405 2054 τοὺς
3455 1996 3716 2065 γενναίοις
3743 1985 3916 2064 ἄνδρας

2341 2079 2731 2156 ἀποδεχόμενος
2799 2080 2845 2135 ἓν
2903 2089 3014 2144 τοὶς
3060 2079 3258 2155 ὁμοίοις
3325 2089 3535 2156 καιροῖς
3595 2080 3686 2135 οὐκ
3741 2077 3918 2134 ἀπολιιο

2341 2173 2591 2245 φθήσεται
2655 2180 2752 2234 τῆς
2816 2175 3108 2244 μιμήσεως,
3178 2172 3491 2246 Μακάρισον
3564 2174 3787 2243 γνησίως
3843 2170 3916 2221 τόν

2340 2267 2750 2336 μαρτυρήσαντα
2797 2263 2897 2331 (7),
2942 2261 3025 2313 ἵνα
3080 2263 3198 2333 γένῃ
3249 2264 3458 2335 μάρτυς
3504 2268 3566 2334 τῇ
3621 2262 3914 2335 προαιρέσει,

2338 2363 2427 2412 καὶ
2476 2357 2630 2432 ὲκϐᾖς
2674 2361 2842 2432 χωρὶς
2892 2354 3152 2430 διωγμοῦ,
3193 2363 3360 2434 χωρὶς
3399 2361 3589 2434 πυρὸς,
3641 2359 3794 2432 χωρὶς
3835 2374 3918 2430 μα·

2341 2451 2553 2519 στίγων,
2603 2457 2700 2500 τῶν
2741 2447 2907 2500 αὐτῶν
2947 2443 3154 2508 ἐκείνοις
3193 2449 3396 2521 μισθῶν
3452 2448 3744 2522 ἠξιωμένος.
3787 2445 3917 2517 Ἠμίν

2339 2533 2398 2591 δὲ
2441 2535 2547 2609 οὐχ
2589 2538 2676 2590 ἕνα
2726 2541 2997 2612 πρόκειται
3052 2538 3351 2609 θανμάζειν,
3394 2531 3525 2591 οὐδὲ
3584 2531 3677 2590 δύο
3731 2537 3913 2609 μόνους,

2337 2619 2461 2675 οὐδὲ
2503 2625 2668 2696 μέχρι
2717 2619 2939 2684 δεκάδος
2986 2625 3011 2675 ὁ
3057 2619 3278 2698 ἀριθμὸς
3315 2631 3529 2699 πρόεισι
3566 2634 3663 2678 τῶν
3709 2643 3916 2699 μακαρι-

2339 2714 2561 2786 ζομένων
2611 2711 2709 2784 (8)·
2779 2710 2906 2764 ἀλλὰ
2969 2715 3362 2790 τεσσαράκοντα
3429 2712 3634 2792 ἄνδρες,
3693 2717 3757 2775 ὡς
3809 2716 3916 2786 μίαν

2335 2802 2520 2875 ψυχήν
2569 2801 2617 2855 ἐν
2656 2797 2990 2876 διῃρημένοις
3031 2808 3270 2878 σώμασιν
3314 2806 3545 2876 ἔχοντες,
3589 2799 3636 2856 ἔν
3674 2808 3767 2877 μιᾷ
3797 2821 3915 2874 συμ-

2335 2897 2488 2966 πνοίᾳ
2535 2897 2624 2946 καὶ
2667 2895 2880 2966 ὁμονοίᾳ
2924 2902 3013 2954 τῆς
3060 2898 3300 2962 πίστεως,
3348 2898 3479 2968 μίαν
3527 2897 3617 2948 καὶ
3672 2898 3760 2952 τήν
3802 2891 3914 2965 πρὸς

2336 2985 2401 3036 τὰ
2465 2981 2608 3036 δεινὰ
2655 2987 2953 3058 καρτερίαν,
3007 2987 3098 3035 καὶ
3138 2987 3230 3042 τήν
3279 2985 3409 3058 ὑπερ
3463 2991 3560 3047 τῆς
3605 2982 3828 3042 ἀληθείας
3873 2979 3913 3032 ἔν

573 3068 918 3136 concordia,
939 3083 1126 3124 unam
1142 3068 1201 3124 in
1225 3067 1588 3124 cruciatibus
1605 3067 2002 3133 tolerantiam,
2019 3082 2226 3124 unam-

2339 3092 2525 3126 στασιν
2579 3075 2658 3143 (9)
2719 3067 3062 3135 ἐπεδείξαντο.
3123 3075 3313 3134 Πάντες
3364 3072 3728 3148 παραπλήσιοι
3781 3067 3914 3126 ἀλλή-

573 3171 692 3229 que
711 3171 821 3229 pro
853 3156 1100 3212 veritate
1133 3157 1538 3214 constantiam
1566 3154 1974 3212 ostenderunt.
2006 3158 2227 3213 Omnes

571 3243 725 3301 inter
756 3261 816 3301 se
849 3245 1216 3315 consimiles,
1266 3257 1446 3318 pares
1486 3247 1800 3314 sententia,
1835 3259 2012 3318 pares
2045 3248 2228 3301 certa-

572 3333 752 3389 mine.
793 3333 1198 3399 Quamobrem
1246 3339 1301 3391 et
1340 3334 1544 3405 glorias
1577 3349 1834 3392 coronas
1880 3349 2055 3406 pares
2093 3349 2227 3406 pro-

570 3438 862 3478 meruere.
899 3425 1026 3489 Qua
1055 3422 1234 3493 igitur
1263 3425 1533 3481 oratione
1560 3429 1815 3498 possunt
1855 3439 1964 3498 pro
2015 3425 2226 3481 merito

569 3510 854 3570 laudari?
875 3515 954 3569 Ne
983 3513 1388 3586 quadraginta
1408 3515 1658 3588 quidem
1683 3515 1902 3587 linguae
1936 3516 2079 3572 satis
2104 3517 2227 3572 fue-

569 3603 686 3659 rint
726 3605 809 3659 tot
842 3601 1100 3659 virorum
1129 3601 1331 3659 virtuti
1357 3603 1754 3660 celebrandae.
1790 3607 1856 3662 Et
1887 3621 2028 3662 vero
2057 3605 2105 3661 si
2133 3606 2227 3661 vel

569 3708 759 3749 unum
791 3689 955 3749 cultu
980 3695 1036 3748 et
1063 3691 1448 3750 observantia
1477 3709 2005 3768 prosequeremur,
2037 3695 2087 3752 is
2121 3694 2227 3752 uti-

567 3798 686 3856 que
709 3779 1065 3855 eloquentiae
1089 3788 1309 3839 nostrze
1331 3779 1452 3838 vim
1478 3789 1804 3858 superaret,
1824 3786 2052 3842 nedum
2076 3786 2225 3842 mul-

569 3869 756 3928 titudo
787 3875 974 3937 tanta,
998 3871 1266 3946 phalanx
1293 3871 1588 3944 militaris,
1617 3891 1836 3945 agmen
1854 3876 2226 3949 inexpugna-

565 3960 705 4032 bile,
739 3961 904 4035 quod
938 3965 1003 4018 ut
1026 3960 1087 4018 in
1123 3960 1295 4019 bellis
1327 3961 1585 4032 vincere,
1618 3964 1701 4021 ita
1730 3963 2021 4021 laudibus
2066 3983 2226 4024 asse-

565 4053 672 4126 qui
692 4069 870 4109 nemo
893 4056 1116 4126 potest.

637 4146 690 4198 2.
724 4148 845 4213 Age
883 4143 1037 4216 jam,
1082 4141 1216 4200 illos
1255 4142 1317 4198 in
1359 4143 1629 4199 medium
1660 4143 1983 4202 recolenda
2012 4162 2223 4203 eorum

567 4231 862 4288 memoria
883 4232 1280 4301 adducentes,
1300 4248 1688 4289 communem
1713 4233 2028 4290 utilitatem
2052 4251 2121 4292 ex
2138 4237 2222 4292 eis

566 4320 927 4392 capiendam
944 4321 1282 4378 astantibus
1297 4338 1634 4394 proponam
1646 4340 1736 4390 us,
1755 4323 2022 4381 exhibita
2035 4327 2224 4382 omni-

2336 3162 2460 3229 λοις,
2507 3165 2617 3215 ἶσοι
2671 3165 2765 3221 τήν
2811 3168 3043 3236 γνώμην,
3094 3165 3204 3215 ἶσοι
3259 3166 3352 3221 τήν
3405 3163 3647 3222 άθλησιν.
3710 3162 3790 3215 Διό
3838 3160 3914 3210 καὶ

2339 3253 2599 3326 ὁμοτίμων
2630 3259 2728 3303 τῶν
2775 3253 3034 3324 στεφάνων
3078 3259 3172 3315 τῆς
3205 3246 3361 3315 δόξης
3391 3253 3806 3316 κατηξιώθησαν.
3835 3247 3912 3309 Τίς

2339 3341 2397 3394 ἂν
2429 3338 2514 3394 οὖν
2556 3337 2781 3414 ἐφίκοιτο
2824 3339 2972 3412 λόγος
3011 3349 3071 3399 τῆ
3084 3362 3104 3403 ς
3133 3342 3327 3394 τούτων
3355 3338 3551 3411 ἀξίας
3583 3336 3721 3394 Ωὐδὶ
3747 3353 3913 3391 τεσσα-

2336 3433 2562 3508 ράκοντα
2602 3429 2838 3501 γλῶσσαι
2874 3427 3156 3504 ἕξήρκεσαν
3195 3428 3254 3482 ἂν
3284 3434 3554 3484 τοσούτων
3585 3425 3776 3505 ἀνδρῶν
3817 3423 3913 3497 (10)

2339 3520 2522 3597 ἀρετήν
2552 3519 2866 3593 ἁνυμνῆσαι.
2908 3523 3111 3588 Καίτοι,
3147 3519 3188 3572 εἰ
3217 3524 3307 3572 καὶ
3347 3516 3424 3584 εἷς
3456 3517 3516 3580 ἦν
3555 3521 3581 3573 ὁ
3616 3516 3912 3592 θαυμαζόμε-

2335 3632 2437 3678 νος,
2471 3615 2565 3670 τήν
2603 3630 2684 3683 γε⁴
2708 3618 2808 3663 τῶν
2848 3612 3102 3685 ἡμετέρων
3141 3608 3306 3682 λόγων
3347 3606 3577 3686 δύναμιν
3607 3607 3800 3683 ἐξήρκει
3837 3623 3912 3657 κα-

2335 3700 2680 3768 ταπαλαῖσαι,
2741 3704 2812 3773 μή
2850 3701 2929 3753 ὅτι
2977 3699 3176 3762 πλῆθος
3212 3707 3489 3767 τοσοῦτον,
3533 3695 3732 3774 φαλαγξ
3777 3710 3912 3766 στρα-

2335 3794 2573 3858 τιωτική,
2633 3791 2882 3862 σύστημα
2938 3785 3458 3861 δυσκαταγώνιστον,
3523 3790 3706 3862 ὁμοίως
3767 3786 3812 3838 ἓν
3867 3798 3913 3833 τε

2335 3881 2576 3955 πολέμοις
2607 3877 2858 3939 ἀήττητον
2888 3882 2977 3932 καὶ
3007 3877 3055 3932 ἕν
3095 3877 3323 3941 ἐπαίνοις
3361 3877 3668 3958 ἀπρόσιτον.

2403 4151 2457 4206 2.
2511 4155 2666 4224 Δεῦρο
2711 4145 2777 4208 δή
2825 4145 2931 4215 οὖν,
2981 4167 3053 4211 εις
3094 4168 3252 4223 μεσον
3282 4147 3477 4212 αὐτοὺς
3525 4145 3794 4222 ἀγαγόντες
3834 4134 3914 4191 διὰ

2334 4249 2428 4302 τῆς
2492 4241 2848 4312 ὑπομνήσεως,
2915 4243 3090 4298 κοινήν
3151 4241 3246 4298 τὴν
3313 4236 3404 4292 ἀπ’
3463 4237 3630 4294 αὐτῶν
3695 4231 3912 4306 ὠφέλειαν

2334 4338 2441 4393 τοῖς
2496 4336 2724 4405 παροῦσι
2790 4331 3264 4402 καταστησώμεθα,
3333 4325 3696 4405 προδείξαντες
3747 4325 3910 4382 πᾶσιν,

565 4407 702 4505 bus,
730 4409 892 4466 velut
922 4411 980 4466 in
1013 4411 1252 4481 tabella,
1286 4412 1504 4468 horum
1551 4413 1822 4470 virorum
1850 4414 2218 4473 fortitudine.

2337 4420 2510 4494 ὥσπερ
2562 4418 2610 4472 ἐν
2666 4426 2863 4494 γραφῇ,
2914 4420 3004 4480 τὰς
3050 4427 3152 4472 τῶν
3200 4415 3404 4494 ἀνδρῶν
3455 4417 3739 4494 ἀριστείας.
3789 4408 3912 4463 Ἐπεὶ

565 4497 716 4556 Nam
741 4502 798 4555 et
826 4515 920 4555 res
950 4499 1010 4556 in
1039 4499 1199 4558 bello
1229 4500 1457 4559 fortiter
1497 4507 1696 4574 gestas
1726 4522 1884 4579 saepe
1920 4511 2050 4564 tum
2090 4524 2224 4567 orn-

641 4626 687 4662 ¹³
721 4625 873 4682 Psal.
907 4641 1014 4682 cxr.
1045 4630 1098 4682 7.

635 4752 716 4824 (6)
753 4751 851 4824 Sic
875 4766 1024 4824 mss.
1067 4749 1368 4824 nonnulli.
1400 4752 1549 4807 Editi
1588 4769 1732 4809 vero
1760 4754 1852 4806 οὐκ
1879 4756 2076 4815 ἔλυσεν.

639 4821 714 4893 (Ἰ)
773 4821 964 4878 Editio
1023 4821 1210 4878 Paris.
1277 4828 1705 4897 μαρτυρήσοντα.
1773 4826 1927 4882 Libri
1992 4833 2222 4888 veteres

566 4901 1000 4971 μαρτυρήσαντα.

639 4965 925 5054 (8)-βΟΠ).
979 4965 1184 5022 tertius
1233 4981 1343 5038 pro
1393 4967 1820 5041 μακαριζομένων
1867 4967 2052 5027 habet
2090 4991 2224 5046 μαρ.

566 5057 929 5115 τυρησαντων.

569 5184 607 5191 _
742 5109 938 5191 ΕΦΨ).
962 5109 1258 5191 Patimur}:
1281 5115 1374 5168 τήν
1405 5112 1647 5191 ὑπερτής
1676 5111 1935 5191 εὐσεϐείας
1960 5117 2221 5171 ἔνστασιν.

569 5159 780 5308 Editt'io—
790 5159 981 5307 pasti."
1005 5159 2143 5255 adauget'an'zlitaaiaasgi1:;
2159 5159 2224 5242 ἰὶί

569 5267 684 5308 0011
713 5269 783 5308 ΘΧ
817 5270 873 5307 ιι.

568 5267 873 5308 οοιιιθιιιι.

644 5324 756 5390 (10)
789 5325 1046 5395 Utraque
1077 5325 1258 5399 editio
1277 5328 1536 5378 τοσούτων
1577 5322 1798 5399 ἀνδρῶν,
1824 5333 1906 5382 tot
1931 5330 2222 5397 virorum,

569 5399 677 5448 aut
701 5399 1011 5472 tantorum
1028 5397 1316 5472 virorum.
1346 5399 1575 5454 Veteres
1593 5397 1855 5472 quatuor
1879 5399 2013 5455 libri
2035 5403 2224 5452 τοσαύ-

567 5483 682 5547 την,
719 5470 899 5547 tanta:
953 5468 1204 5547 virtuti.
1227 5471 1365 5547 Reg.
1400 5468 1705 5547 secundus
1737 5469 1806 5547 _6w
1836 5475 2228 5547 τεσσαρακοντα

567 5533 803 5618 ἀνδρῶν,
833 5537 1247 5618 quadraginta
1290 5533 1580 5618 virorum.
1641 5541 1755 5600 Sed
1792 5543 1940 5618 mihi
1969 5533 2228 5618 dubium

572 5623 700 5679 non
719 5611 830 5681 est,
859 5611 1008 5702 quin
1033 5624 1154 5668 vox
1189 5614 1584 5688 τεσσαράκοντα
1605 5629 1638 5676 e
1667 5614 1942 5692 margine
1969 5615 2033 5676 in
2082 5631 2228 5676 con.

2338 4516 2428 4565 καὶ
2487 4511 2598 4584 (Η)
2659 4506 2892 4581 πολέμων
2951 4505 3403 4587 ἀνδραγαθήματα
3468 4511 3560 4563 καὶ
3625 4502 3912 4578 λογογράφοι

2333 4765 2560 4838 textum
2591 4760 2916 4838 irrepserit.
2974 4762 3481 4838 Factumautem
3533 4758 3597 4838 id_
3649 4751 3910 4838 esse'hoc

2330 4834 2451 4889 fere
2483 4834 2668 4890 modo
2709 4831 2984 4889 arbitror.
3036 4831 3334 4888 Librarius
3372 4831 3603 4899 legerat
3649 4831 3906 4884 τοσούτων,

2332 4911 2418 4960 tot
2462 4905 2754 4970 virorum,
2806 4920 2930 4960 non
2968 4905 3251 4960 τοσαύτην.
3309 4902 3395 4958 uti
3434 4901 3498 4958 in
3537 4900 3738 4970 multis
3775 4908 3906 4950 mss.

2332 4976 2545 5045 legitur
2578 4994 2590 5032 :
2627 4969 2848 5032 veritus
2869 4982 3072 5031 autem
3094 4989 3168 5032 ne
3197 4973 3337 5047 quis
3363 4987 3687 5047 numerum
3711 4969 3908 5047 borum

2329 5044 2599 5102 virorum
2628 5048 2948 5118 ignoraret,
2986 5047 3048 5102 in
3075 5060 3184 5102 ora
3217 5044 3353 5101 libri
3391 5044 3626 5102 addidit
3670 5044 3908 5108 τεσσαρά-

2332 5138 2505 5176 κοντα,
2550 5120 2981 5190 quadraginta.

2403 5192 2515 5259 (tt)
2549 5187 2672 5257 illa,
2722 5187 2829 5241 imit
2887 5192 2996 5255 καί,
3039 5193 3175 5256 eto.,
3215 5187 3294 5244 ab
3326 5187 3596 5259 Adriano
3629 5188 3906 5259 papapt‘p

2333 5255 2682 5316 defensione
2705 5266 3053 5316 sanctarum
3072 5255 3407 5328 imaginum
3433 5257 3600 5314 citari
3621 5255 3816 5328 monet
3835 5257 3908 5300 Vir

2332 5331 2774 5402 eruditissimus
2803 5333 3074 5388 Ducaaus.
3108 5327 3273 5387 Idem
3299 5331 3394 5386 ille
3424 5327 3658 5402 monuit
3681 5330 3906 5402 quoque

2334 5404 2463 5484 hinc
2485 5403 2692 5484 verba,
2728 5399 2866 5484 dicit
2895 5404 3105 5484 cfea,
3129 5407 3263 5469 etc.,
3292 5418 3430 5484 quia
3451 5399 3616 5456 initio
3642 5399 3905 5484 orationi?

2333 5476 2636 5545 leguntur,
2699 5474 2880 5530 citata
2933 5473 3118 5530 fuisse
3192 5490 3229 5532 a
3275 5473 3581 5545 Germano
3639 5473 3905 5545 epichBQ

2334 5540 3020 5620 Constantinopolitano,
3072 5549 3134 5602 ut
3178 5544 3390 5620 rvidere
3436 5547 3525 5603 est
3563 5540 3627 5599 in
3674 5540 3902 5596 concilio

2335 5619 2573 5688 Nicaeae
2603 5616 2874 5684 secundo
2901 5617 3136 5685 actione
3163 5619 3220 5685 4.
