4076 6190
219 273 312 328 509

1185 272 1484 332 nomen.
1522 252 1590 332 ιν
1631 265 2142 342 QUADHAGINTA
2179 277 2574 338 MARTYRES.

3470 287 3572 344 5i0

213 395 471 460 πολλάκις,
514 397 602 447 καὶ
653 395 920 469 ζωγράφοι
969 391 1439 470 διασημαίνουσιν,
1498 401 1546 453 οἱ
1603 403 1692 473 μὲν
1741 409 1802 473 τῷ

1920 404 2100 472 tores,
2118 406 2244 460 tum
2258 401 2892 477 pictoresexprimuni,
2915 403 2997 460 illi
3027 405 3274 478 quidem
3309 423 3410 464 eas
3460 423 3577 466 ser-

211 484 338 557 λόγῳ
394 481 824 557 διακοσμοῦντες,
877 485 928 537 οἱ
991 477 1049 538 δὲ
1085 493 1194 550 τοῖς
1220 488 1424 552 πίναξιν
1463 488 1812 564 ἐγχαράττον-

210 593 303 636 τες,
357 579 449 628 καὶ
525 573 737 634 πολλοὺς
811 572 1092 649 ἐπήγειραν
1155 580 1289 652 πρὸς
1356 575 1574 654 ἀνδρίαν
1639 579 1811 634 ἐκάη.

205 683 302 738 ροι.
341 663 408 719 Ἀ
432 665 536 739 γὰρ
577 665 604 718 ό
631 663 779 736 λόγος
809 671 900 726 τῆς
934 665 1168 738 ἱστορίας
1232 661 1326 723 διὰ
1364 675 1454 730 τῆς
1484 667 1640 732 ἀκοῆς
1670 685 1809 743 παρ-

209 757 406 819 ίστησι,
447 761 617 806 ταῦτα
651 755 883 827 γραφικὴ
929 762 1184 810 σιωπῶσα
1235 753 1331 809 διὰ
1376 763 1648 830 μιμήσεως
1707 755 1810 814 δεε-

201 861 400 900 κννσιν,
462 842 616 897 Οὕτω
682 839 750 904 δὴ
808 846 898 895 καὶ
952 845 1096 916 ἡμεῖς
1153 844 1667 920 ἀναμνήσωμεν(12)
1722 853 1811 908 τῆς

203 931 382 1004 ἀρετῆς
443 939 545 984 τῶν
603 926 806 1002 ἀνδρῶν
874 935 994 994 τοὺς
1045 937 1323 1008 παρόντας,
1367 940 1456 990 καὶ
1513 938 1665 992 οἱονεὶ
1722 936 1810 993 ὑπ’

200 1021 316 1091 ὄψιν
364 1019 536 1075 αὐτῶν
594 1017 872 1092 ἀγαγόντες
922 1022 1012 1082 τάς
1061 1022 1294 1098 πράξεις,
1346 1027 1640 1099 κινήσωμεν
1678 1028 1811 1102 πρὸς

198 1114 289 1168 τήν
373 1115 604 1183 μίμησιν
670 1113 792 1173 τοὺς
865 1115 1249 1186 γενναιοτέρους
1319 1120 1408 1167 καὶ
1474 1115 1809 1188 οἰκειοτέρους

197 1198 374 1262 αὐτοῖς
426 1203 524 1258 τήν
577 1204 906 1275 προαίρεσιν.
961 1205 1121 1254 Τοῦτο
1184 1205 1287 1277 γὰρ
1361 1201 1474 1257 ἐστι
1534 1206 1808 1279 μαρτύρων

195 1287 473 1364 ὶγκώμιον,
529 1289 560 1349 ἠ
629 1293 761 1364 πρός
805 1288 991 1364 ἀρετήν
1047 1291 1382 1366 παράκλησις
1430 1301 1529 1345 τῶν
1580 1298 1806 1348 συνειλε-

190 1381 413 1450 γμένων.
482 1374 624 1431 Οὕδε
677 1381 779 1453 γὰρ
846 1376 1238 1453 καταδέχονται
1293 1385 1472 1456 νόμοις
1544 1381 1806 1456 ἐγκωμίων

191 1461 461 1520 δουλεύειν
513 1469 561 1520 οἱ
617 1471 736 1542 περὶ
780 1475 882 1520 τῶν
941 1465 1101 1541 ἀγίων
1148 1469 1314 1542 λόγοι.
1367 1475 1510 1525 Διότι
1548 1473 1596 1524 οἱ
1645 1471 1805 1544 εὐφη-

191 1563 410 1628 μοῦντες
431 1555 546 1628 (13)
596 1554 650 1609 ἔκ
704 1564 805 1609 τῶν
860 1564 954 1610 τοῦ
1001 1563 1204 1632 κόσμου
1236 1557 1478 1636 ἀφορμῶν
1516 1562 1606 1622 τὰς
1633 1559 1806 1635 ἀρχὰς

188 1655 292 1701 τῶν
344 1644 611 1718 εὐφημιῶν
652 1643 1046 1718 λαμϐάνουσιν·
1097 1645 1169 1710 οἷς
1211 1645 1269 1702 δὲ
1318 1651 1344 1702 ό
1377 1653 1570 1723 κόσμος
1622 1649 1806 1704 ἐσταύ-

1920 507 2101 550 mone
2121 496 2424 563 ornantes,
2446 493 2506 548 hi
2526 509 2669 548 vero
2689 493 3256 566 ipsasdepingentes
3288 496 3350 553 in
3391 495 3574 555 tabel-

1917 579 2010 649 lis,
2045 587 2101 638 et
2128 583 2362 656 utrique
2388 597 2511 639 non
2540 597 2769 656 paucos
2801 582 2879 639 ad
2907 581 3320 643 fortitudinem
3362 586 3578 645 excita-

1917 673 2223 740 runt.Quae
2238 671 2397 729 enim
2411 671 2670 730 historias
2684 683 2882 728 sermo
2901 687 3008 746 per
3025 673 3298 731 auditum
3314 676 3571 744 exhibet,

1920 776 1991 817 ea
2021 761 2100 818 ob
2129 762 2336 818 oculos
2367 762 2536 836 ponit
2565 761 2745 818 silens
2769 761 3002 836 pictura
3025 778 3131 835 per
3154 763 3571 828 imitationem.

1920 853 2084 907 Hunc
2110 852 2188 908 ad
2218 851 2470 907 modum
2503 855 2558 907 et
2596 867 2707 907 nos
2734 851 3067 908 astantibus
3103 852 3164 907 in
3212 855 3571 912 memoriam

1917 956 2268 996 revocamus
2297 941 2558 997 virorum
2585 941 3220 1014 virtutem,eorUmque
3247 943 3426 1013 gestis
3455 943 3573 1000 vel-

1917 1031 1983 1085 ut
2007 1027 2064 1085 in
2092 1033 2480 1102 conspectum
2513 1029 2810 1097 adductis,
2843 1029 2946 1103 qui
2975 1031 3388 1100 generosiores
3409 1033 3569 1098 sunt,

1918 1119 2242 1192 animoque
2268 1119 2413 1188 ipsis
2431 1119 2562 1190 conj
2575 1120 2892 1190 unctiores,
2918 1135 3020 1175 eos
3034 1119 3107 1176 ad
3124 1117 3570 1178 aemulationem

1918 1207 2389 1265 exstimulemus.
2410 1211 2560 1264 Nam
2587 1211 2984 1278 congregatos
3014 1205 3312 1264 exhortari
3353 1209 3430 1264 ad
3454 1209 3571 1264 vir-

1917 1299 2125 1365 tutem,
2157 1295 2285 1353 haec
2310 1301 2397 1353 est
2423 1299 2751 1369 martyrum
2781 1296 2936 1353 laus.
2963 1301 3162 1370 Neque
3191 1297 3352 1354 enim
3382 1297 3572 1355 habiti

1917 1388 1991 1443 de
2026 1387 2196 1459 150
2239 1386 2458 1442 sanctis
2505 1401 2813 1442 sermones
2844 1387 3289 1459 praeconiorum
3335 1385 3570 1457 legibus

1914 1475 2243 1545 dignantur
2263 1475 2499 1531 servire.
2529 1478 2679 1532 Nam
2709 1476 2815 1548 qui
2843 1475 3116 1546 laudant,
3140 1491 3212 1531 ex
3244 1475 3572 1532 mundanis

1915 1564 2112 1622 causis
2125 1563 2374 1621 laudum
2395 1565 2688 1635 originem
2703 1569 2977 1621 sumunt:
3001 1559 3224 1638 quibus
3241 1577 3383 1621 vero
3400 1579 3574 1621 mun-

1914 1654 2028 1710 dus
2054 1653 2373 1710 crueiﬁxus
2394 1657 2499 1720 est,
2533 1654 2843 1726 quomodo
2875 1654 3217 1726 quidquam
3241 1652 3408 1709 exiis
3435 1668 3572 1726 quas

188 1747 381 1811 ρωταε,
426 1744 532 1796 πῶς
563 1731 786 1789 δύναταί
827 1754 879 1789 τι
921 1744 1020 1789 τῶν
1078 1733 1126 1791 ἒν
1184 1738 1325 1810 αὐτῷ
1377 1737 1613 1814 ἀφορμὴν
1663 1759 1802 1814 παρ-

1912 1743 1970 1800 in
1995 1743 2228 1800 mundo
2259 1746 2420 1806 sunt,
2453 1756 2659 1798 eorum
2689 1741 2940 1798 claritati
2973 1747 3152 1816 atque
3179 1741 3572 1799 commenda-

192 1828 335 1897 ἔχειν
396 1824 466 1888 εἰς
517 1828 886 1900 «spumarum;
951 1827 1062 1879 Οὐκ
1131 1825 1192 1886 ἦν
1263 1831 1360 1901 μία
1433 1833 1622 1904 πατρὶς
1700 1835 1805 1891 τοῖς

192 1913 365 1985 ἆγίοες
389 1932 403 1948 ο
434 1912 587 1977 ἄλλος
613 1917 715 1990 γὰρ
748 1913 1033 1987 ἀλλαχόθεν
1073 1917 1305 1991 ὥρμητο.
1365 1921 1429 1973 Τί
1467 1915 1554 1972 οὖν
1588 1935 1602 1985 ;
1669 1918 1802 1971 ἀπόσ-

189 1999 350 2068 λιδας
398 2003 592 2066 αὐτοὺς
643 2005 880 2079 εἴπωμεν,
936 2009 967 2064 ἣ
1021 2013 1112 2066 τῆς
1199 2006 1503 2080 οἰκουμένης
1573 2007 1799 2074 πολίτας,

205 2099 384 2166 nam?
449 2094 552 2166 γὰρ
613 2091 663 2144 ἐν
729 2099 843 2155 ταῖς
892 2101 988 2145 τῶν
1046 2094 1235 2169 ἐράνων
1285 2104 1651 2173 συνεισφοραῖς
1693 2098 1804 2170 (14)

194 2183 265 2234 τὰ
312 2181 427 2255 παρ’
474 2181 700 2236 ἑκάστου
751 2181 1140 2242 καταϐληθέντα
1195 2188 1343 2240 κοινὰ
1407 2193 1507 2241 τῶν
1579 2187 1802 2260 εἰσενεγ-

193 2271 391 2323 κάντων
434 2273 668 2342 γίνεταιο
725 2271 857 2325 οὕτω
914 2277 1003 2325 καὶ
1058 2273 1141 2326 ἐπὶ
1170 2282 1268 2326 τῶν
1313 2280 1581 2351 μακαρίων
1611 2279 1803 2329 τούτων

193 2359 220 2418 ἦ
279 2360 506 2412 ἑκάστου
563 2365 747 2435 πατρὶς
793 2366 938 2421 κοινὴ
993 2364 1195 2415 πάντων
1236 2360 1386 2416 ἐστί’
1474 2370 1564 2417 καὶ
1623 2367 1804 2428 πάντες

195 2448 298 2501 οἰσὶ
357 2451 687 2521 πανταχόθεν
726 2447 1079 2512 ἀντιδιδόντες
1132 2451 1366 2516 ἀλλήλοις
1419 2456 1511 2516 τὰς
1563 2453 1805 2527 ἐνεγκού-

201 2556 310 2601 σες.
364 2537 570 2594 Μᾶλλον
614 2537 674 2594 δὲ
716 2545 768 2593 τί
826 2537 908 2594 δεῖ
949 2545 1044 2605 τὰς
1066 2547 1245 2617 χαμαὶ
1311 2548 1543 2618 κειμένας
1588 2547 1805 2620 περιζη-

197 2637 318 2694 τείν,
373 2629 488 2692 ἐξόν
531 2634 625 2689 τὴν
671 2638 759 2683 νῦν
814 2631 980 2684 αὐτῶν
1031 2632 1198 2700 πόλιν,
1260 2636 1373 2695 ἣτις
1417 2634 1582 2702 ἐστὶν,
1624 2635 1801 2689 ἐννοεῖν

198 2720 348 2780 Πόλις
395 2724 573 2772 τοίνυν
624 2724 900 2796 μαρτύρων
939 2722 968 2780 ἡ
1015 2722 1158 2784 πόλις
1198 2723 1312 2778 ἐστὶ
1357 2732 1447 2777 τοῦ
1515 2732 1683 2780 Θεοῦ·
1766 2726 1797 2784 ἦ

196 2809 438 2880 τεχνίτης
485 2809 577 2863 καὶ
624 2806 949 2885 δημιουργός
992 2813 1017 2865 ὁ
1067 2815 1216 2879 Θεὸς,
1249 2813 1280 2872 ἠ
1322 2814 1426 2866 ἄνω
1464 2812 1802 2887 Ἰερουσαλὴμ

196 2895 225 2957 ἢ
267 2897 529 2973 ἐλευθέρα,
577 2899 606 2957 ἡ
653 2905 828 2974 μήτηρ
885 2900 1112 2969 Παύλου,
1167 2907 1255 2955 καὶ
1304 2911 1404 2954 τῶν
1454 2902 1624 2975 ἐκείνῳ
1689 2903 1802 2974 (15)

196 2987 595 3062 παραπλησίων.
663 2990 809 3050 Γένος
874 2985 933 3043 δε
999 2991 1056 3043 τὸ
1132 2993 1222 3064 μὲν
1290 2991 1606 3067 ἀνθρώπινον
1681 2992 1802 3055 ἄλλο

1914 1830 2058 1889 tioni
2085 1829 2286 1888 locum
2319 1828 2504 1887 ullum
2541 1830 2806 1902 praebere
2837 1830 3098 1903 poterit?
3136 1834 3263 1888 Non
3293 1846 3418 1888 una
3444 1834 3575 1889 erat

1913 1921 2134 1978 sanctis
2180 1919 2411 1993 patria:
2476 1919 2775 1992 siquidem
2835 1919 2985 1975 alius
3036 1917 3278 1976 aliunde
3325 1923 3574 1977 venerat

1914 2007 2322 2079 Quidfigitur?
2367 2010 2611 2080 ipsosne
2661 2011 2924 2064 extorres
2955 2006 3247 2071 dicemus,
3291 2023 3369 2064 an
3408 2006 3570 2064 orbis

1913 2098 2112 2156 cives?
2134 2095 2662 2163 Quemadmodum
2684 2095 2845 2152 enim
2866 2095 2924 2152 iu
2950 2094 3368 2168 symbolarum
3393 2093 3570 2150 colla-

1914 2185 2175 2244 tionibus
2206 2203 2276 2243 ea
2301 2200 2437 2258 quae
2461 2185 2539 2241 ab
2561 2197 2931 2258 unoquoque
2963 2182 3180 2240 collata
3205 2181 3571 2251 sunt,coni‘e-

1911 2276 2170 2334 rentium
2197 2275 2348 2330 ﬁunt
2368 2275 2748 2331 communia:
2789 2274 2869 2330 ita
2897 2287 3142 2346 quoque
3171 2273 3232 2329 in
3261 2271 3354 2328 his
3379 2269 3569 2328 beatis

1911 2365 2390 2438 uniuscujusque
2419 2363 2614 2438 patria
2644 2364 2986 2420 communis
3011 2367 3101 2419 est
3121 2362 3417 2430 omnium,
3442 2375 3572 2418 om-

1911 2471 2143 2528 nesque
2165 2455 2567 2528 undecunque
2593 2452 2864 2526 profecti,
2901 2453 3046 2509 alter
3076 2465 3214 2509 cum
3247 2452 3432 2508 altero
3463 2466 3569 2524 pa-

1909 2545 2087 2603 triam
2104 2545 2578 2601 communicant.
2600 2546 2724 2599 imo
2747 2557 2887 2598 vero
2904 2541 3051 2614 quid
3073 2541 3284 2597 attinet
3303 2545 3568 2596 terrenas
3623 2548 3626 2550 ‘

1909 2633 2552 2709 patrias‘investigare;
2600 2647 2736 2688 cum
2759 2644 2939 2688 nosse
2965 2641 3100 2703 quae
3125 2643 3288 2686 nunc
3317 2629 3400 2685 eis
3429 2626 3568 2684 civi-

1911 2728 2004 2782 tas
2033 2723 2127 2791 sit,
2159 2723 2376 2779 liceat?
2418 2722 2635 2780 Civitas
2665 2721 2847 2790 igitur
2877 2717 3450 2793 martyrum,civitas
3481 2719 3571 2773 est

1912 2811 2106 2871 Dei“:
2156 2811 2558 2884 cujus‘_opii‘ex
2585 2815 2641 2867 et
2670 2808 2881 2867 artifex
2910 2811 3064 2866 Deus
3083 2809 3150 2876 η,
3192 2821 3458 2884 superna
3485 2808 3571 2862 Je-

1910 2901 2196 2967 rusalem,
2249 2901 2458 2965 libera,
2508 2905 2701 2956 mater
2747 2899 2936 2969 Pauli,
2993 2902 3047 2954 et
3095 2913 3328 2961 eorum,
3373 2894 3478 2968 qui
3517 2893 3572 2951 ei

1914 2993 2054 3047 sunt
2079 2988 2443 3047 consimiles.
2482 2991 2545 3044 Et
2573 3003 2710 3043 vero
2736 2988 3057 3044 hominum
3085 2986 3330 3060 quidem
3355 2997 3568 3054 genus,

197 3075 344 3130 ἕλλου
375 3093 389 3114 ο
457 3079 517 3131 τὸ
570 3074 628 3132 δε
665 3081 1012 3152 πνευματικόν
1062 3077 1111 3136 ἓν
1169 3080 1426 3136 ἀπαντων.
1472 3081 1649 3142 Κοινός
1698 3083 1799 3156 γὰρ

1912 3079 2075 3138 aliud
2106 3079 2258 3135 alius
2283 3097 2294 3134 :
2331 3077 2440 3134 sed
2468 3091 2659 3148 genus
2682 3075 3013 3149 spirituale,
3045 3089 3238 3131 unum
3263 3073 3562 3130 omnium.

200 3169 357 3220 αὐτῶν
401 3171 576 3242 πατὴρ
615 3168 643 3220 ὁ
689 3170 835 3236 Θεὸς,
889 3172 978 3223 καὶ
1029 3166 1240 3242 ἀδελφοὶ
1297 3172 1498 3238 πάντες,
1556 3170 1648 3225 οὐκ
1700 3169 1800 3224 ἀπὸ

201 3254 299 3320 ἑνός
363 3261 459 3308 καὶ
515 3257 638 3329 μιᾶς
693 3258 1029 3329 γεννηθέντες,
1091 3256 1195 3311 ἀλλ’
1265 3263 1319 3312 ἐκ
1384 3266 1474 3321 τῆς
1539 3260 1801 3321 υἱοθεσίας

198 3353 282 3398 τοῦ
313 3347 614 3419 Πνε-ὗματος
640 3345 710 3408 εἰς
747 3351 842 3405 τὴν
892 3343 985 3400 διὰ
1030 3355 1121 3411 τῆς
1166 3346 1376 3420 ἀγάπης
1419 3349 1657 3422 ὁμόνοιαν
1717 3348 1802 3401 ἀλ.

197 3433 364 3495 λπελοις
440 3437 900 3510 συναρμοσθέντες.
988 3440 1154 3511 Χορός
1239 3439 1457 3512 ἕτοιμος,
1525 3441 1796 3514 προσθήκη

202 3524 394 3596 amas
445 3533 547 3579 τῶν
605 3523 695 3577 ἀπ’
743 3526 924 3591 αἰῶνος
964 3522 1289 3590 δοξαξόντων
1344 3532 1430 3581 τὸν
1487 3531 1696 3604 Κύριον,
1739 3529 1798 3584 οὐ

202 3613 320 3666 καθ’
368 3616 416 3667 ἓν
477 3615 953 3687 συναθροισθέντες,
1016 3613 1122 3669 ἀλλ’
1182 3616 1382 3691 ἀθρόως
1427 3620 1795 3690 μετατεθέντες.

202 3706 289 3768 Τίς
345 3700 405 3756 δι
453 3703 479 3755 ὁ
537 3703 724 3779 τρόπος
770 3712 864 3769 τῆς
924 3707 1266 3774 νεταθέσεως;
1336 3707 1517 3774 Οὗτοι,
1597 3709 1798 3780 μεγέθει

206 3797 462 3865 σώματος,
524 3797 614 3846 καὶ
670 3792 873 3855 ἡλικίας
922 3793 1083 3868 ἀκμῇ,
1142 3801 1232 3849 καὶ
1283 3792 1504 3869 δυνάμει
1551 3804 1649 3850 τῶν
1679 3796 1794 3849 καθ’

203 3879 407 3943 ἑαυτοὺς
461 3879 699 3935 ἀπάντων
756 3881 1115 3956 διενεγκόντες,
1177 3885 1244 3947 εἰς
1298 3885 1415 3947 τοὺς
1482 3903 1796 3960 στρατιωτι-

198 3974 314 4033 κοὺς
344 3969 506 4024 τελεῖν
536 3971 650 4041 (16)
676 3971 984 4044 ἐτάχθησαν
1031 3974 1355 4047 καταλόγους
1384 3995 1396 4008 ·
1462 3978 1551 4029 καὶ
1598 3973 1671 4029 δι’
1711 3976 1798 4050 ἑμ-

198 4065 398 4133 πειρίαν
451 4059 759 4134 πολεμικὴν,
820 4066 910 4115 καὶ
963 4058 1202 4136 ἀνδρείαν
1263 4063 1470 4136 ψυχῆς,
1537 4060 1644 4124 ἤδη
1703 4066 1798 4128 τάς

195 4156 404 4221 πρώτας
452 4147 600 4221 εἶχον
651 4152 795 4225 ποιρά
869 4149 1124 4223 βασιλέων
1177 4153 1291 4225 (i7)
1358 4154 1537 4227 τιμὰς,
1615 4153 1797 4228 ὄνομα·

199 4242 309 4294 στοὶ
339 4239 487 4313 ποιρά
515 4243 676 4292 πᾶσιν
704 4240 841 4303 ὄντες
869 4236 942 4293 δι’
970 4239 1175 4314 ἀρετήν.

260 4331 312 4386 3.
343 4325 564 4388 Ἐπειδὴ
599 4325 658 4382 δε
696 4329 1008 4405 περιηγγέλη
1035 4333 1094 4384 τὸ
1134 4332 1282 4384 ἄθεον
1333 4330 1492 4384 ἐκεῖνο
1541 4335 1630 4385 καὶ
1679 4329 1796 4385 ἀσε-
1831 4363 1875 4422 D

196 4416 269 4482 ὣς
292 4423 570 4497 κήρυγμα,
602 4423 674 4492 μή
704 4419 967 4494 ὁμολογεῖν
1002 4423 1088 4474 τόν
1129 4423 1381 4496 Χριστὸν,
1432 4425 1462 4481 ἤ
1519 4418 1795 4486 κινδύνους

261 4566 308 4601 ³⁸
340 4563 527 4622 Hebr.
557 4579 662 4632 xu,
685 4567 775 4622 22.
855 4563 900 4601 ¹⁵
932 4561 1112 4623 Hebr.
1145 4579 1226 4634 χι,
1261 4567 1346 4620 10.

201 4777 213 4793 _
254 4708 384 4793 (12)_
412 4707 530 4765 Sic.
562 4707 712 4764 led.
745 4709 804 4793 et
838 4706 984 4766 Oliv.
1039 4709 1098 4763 et
1150 4705 1249 4763 alii
1301 4704 1598 4763 nonnulli.
1647 4707 1797 4766 Editi

193 4783 785 4852 ὸαμνήσομεν....αινή
797 4797 970 4852 σομεν.

202 4921 213 4930 ι
259 4845 376 4920 (13)
407 4845 737 4906 Colbertini
777 4845 900 4907 duo
929 4847 1176 4924 perinde
1227 4852 1292 4906 ut
1350 4847 1499 4906 Med.
1555 4845 1695 4902 διότι
1742 4852 1792 4904 οἱ

194 4931 489 4975 επαινοῦντε
499 4941 539 4983 ς.

220 4996 367 5078 ,(14)
392 4993 601 5078 Cede:
630 4992 778 5049 Med.
804 4993 988 5068 ἕράνων
1010 4992 1443 5068 εἰσφοραῐςηΜοκ
1470 5006 1624 5048 unus
1641 5007 1787 5048 mss.

195 5071 577 5136 εἰσενεγκόντων
586 5104 598 5119 .

256 5139 364 5206 (15)
399 5140 542 5206 Reg.
574 5135 809 5208 primus
831 5140 922 5208 ita}.
951 5144 1049 5189 τῶν
1080 5135 1293 5189 ἐκείνου.

258 5207 665 5282 (l63_litraque
695 5207 882 5282 editio
910 5212 966 5264 et
1009 5222 1132 5282 sex;
1170 5223 1322 5282 mss.
1376 5209 1788 5282 στρατιωτικοὺς

193 5277 336 5329 τελεῖν
369 5277 680 5350 ἐτάχθησαν
717 5277 1056 5352 καταλόγους.
1107 5279 1277 5352 Colb.
1345 5277 1577 5352 primus
1627 5295 1788 5352 στρα-

192 5355 455 5420 τιινλτικούς
489 5351 798 5420 ἐτάχθησαν
829 5349 1150 5420 καταλόγους
1179 5349 1362 5417 τελεῖν,
1387 5350 1503 5404 alio
1535 5349 1744 5404 Ol‘dltie
1771 5366 1784 5404 :

195 5419 248 5473 in
294 5422 524 5508 quibus
584 5419 871 5508 omnibus
920 5419 1182 5508 _verbum
1229 5421 1386 5508 τελεῖν
1418 5421 1655 5508 videtur
1684 5425 1788 5477 aut

194 5491 467 5568 παρέλκειν,
494 5498 602 5549 aut
621 5492 890 5568 positpm
917 5491 1102 5568 fuisse
1132 5498 1378 5568 ornatus
1415 5493 1629 5568 gratia.

254 5562 363 5648 in)
390 5562 657 5642 υίταίῖιιδ
685 5568 744 5624 οι
773 5563 916 5638 ΚΘΗ.
961 5563 1140 5638 editio
1173 5564 1376 5639 tertius
1405 5565 1598 5634 codex
1628 5562 1784 5639 Opti.

1911 3168 2258 3226 Communis
2297 3167 2454 3223 enim
2486 3167 2756 3239 ipsorum
2797 3169 2968 3238 pater
3025 3167 3201 3232 Deus,
3253 3166 3309 3218 et
3357 3161 3569 3217 fratres

1909 3273 2143 3325 omnes,
2179 3273 2301 3314 non
2328 3255 2405 3312 ab
2431 3271 2553 3312 uno
2576 3259 2633 3312 et
2659 3254 2738 3310 ab
2767 3267 2890 3310 una
2917 3252 3118 3327 geniti,
3144 3251 3249 3309 sed
3280 3267 3352 3308 ex
3386 3249 3568 3324 Spiri-

1909 3351 2004 3405 tus
2034 3347 2360 3421 adoptione
2389 3346 2450 3401 in
2483 3343 2870 3401 concordiam
2902 3343 3058 3399 inter
3087 3357 3149 3399 se
3180 3356 3288 3414 per
3315 3340 3570 3398 charita-

1905 3442 2027 3496 tem
2059 3437 2500 3495 convenientes.
2533 3435 2759 3492 Chorus
2793 3437 3062 3506 paratus,
3097 3445 3321 3502 magna
3359 3445 3568 3487 acces-

1910 3528 2000 3583 sio
2030 3543 2261 3591 eorum,
2291 3526 2392 3598 qui
2427 3541 2461 3580 a
2492 3523 2712 3580 saeculo
2744 3525 2930 3578 Deum
2949 3521 3568 3593 gloriaafﬁeiuntmon

1909 3616 2209 3686 sigillatim
2231 3614 2595 3686 congregati,
2622 3612 2730 3669 sed
2752 3613 3080 3669 acervatim
3109 3609 3392 3667 translati.
3424 3607 3566 3674 Quis

1907 3719 2051 3762 vero
2085 3703 2494 3761 translationis
2528 3702 2788 3760 modus?
2816 3701 2885 3756 Hi
2910 3697 3328 3771 magnitudine
3354 3709 3564 3768 corpo-

1908 3796 2008 3864 ris,
2040 3799 2097 3851 et
2127 3794 2315 3851 aetatis
2338 3793 2543 3863 vigore
2576 3808 2645 3848 ac
2667 3791 2882 3848 robore
2913 3789 3196 3848 omnibus
3220 3788 3345 3843 suis
3365 3799 3565 3860 aequa-

1907 3881 2065 3940 libus
2091 3881 2533 3957 praestantes,in
2551 3881 2836 3937 militares
2865 3879 3172 3949 catalogos
3202 3876 3371 3933 relati
3395 3878 3561 3944 sunt;

1909 3979 2088 4047 atque
2115 3973 2192 4029 ob
2226 3972 2652 4045 experientiam
2673 3969 2974 4039 bellicam,
2997 3966 3304 4038 animique
3334 3965 3562 4021 fortitu-

1907 4063 2132 4130 dinem,
2151 4062 2278 4133 jam
2310 4061 2538 4134 primos
2568 4061 2830 4116 honores
2860 4057 3026 4131 apud
3045 4058 3438 4130 imperatores
3460 4053 3565 4110 ob-

1906 4151 2195 4220 tinebant,
2213 4151 2375 4224 quod
2397 4150 2476 4206 ob
2495 4149 2768 4206 virtutem
2795 4145 3165 4206 celeberrimi
3185 4150 3384 4201 essent
3400 4143 3564 4218 apud

1907 4257 2145 4301 omnes.

1978 4335 2029 4387 3.
2064 4333 2388 4403 Postquam
2411 4331 2610 4384 autem
2633 4325 3084 4400 promulgatum
3108 4330 3195 4382 est
3223 4325 3480 4397 impium
3500 4319 3562 4378 il-

1904 4421 2011 4478 lud
2041 4420 2484 4492 scelestumque
2503 4417 2790 4488 edictum,
2823 4421 2887 4474 ut
2911 4432 2984 4474 ne
3014 4416 3147 4490 quis
3178 4415 3566 4472 conﬁteretur

1905 4722 2043 4784 mus
2097 4705 2380 4784 idemque
2433 4703 2893 4784 antiquissimus
2944 4703 3087 4784 παρὰ
3125 4699 3426 4784 βασιλέων,
3465 4699 3562 4784 Δρρ

1900 4769 2409 4850 ἰηιρεναιονιὸαες
2441 4769 2952 4850 Reg.'_secundus
3009 4769 3061 4826 ἐκ
3117 4769 3396 4850 βασιλέων.
3450 4769 3561 4850 Alii

1899 4845 2169 4922 quinque
2199 4866 2344 4905 mss.
2389 4848 2442 4902 ἐκ
2468 4846 2759 4974 Ιβασιλέως,
2810 4847 2887 4902 ab
2929 4845 3310 4914 imperatore.
3366 4845 3560 4896 Lectio

1899 4921 2192 4974 nosterior
2227 4920 2430 4974 multis
2491 4925 2728 4974 ortasse
2778 4918 2970 4974 magis
3006 4912 3382 4974 probabitur,
3434 4924 3559 4964 non

1899 4912 2192 4993 posterior
2227 4920 2430 4993 multis
2468 4912 2970 4993 fortasseLmagis
3006 4912 3382 4993 probabitur,
3434 4924 3559 4988 non

1900 4985 2094 5048 solum
2123 4992 2288 5063 quod
2328 4991 2590 5063 plurium
2630 4985 2907 5063 codicum
2955 4985 3302 5063 auctoritate
3349 4985 3559 5063 innixa

1900 5064 1991 5130 sit,
2037 5053 2160 5118 sed.
2189 5053 2630 5135 quodppcrus‘e
2679 5060 2873 5114 verior
2919 5072 3046 5135 esse
3080 5054 3371 5135 videatur.
3407 5053 3554 5132 Qum

1897 5125 2060 5191 enim
2091 5125 2492 5207 quadraginta
2523 5132 2605 5187 illi
2637 5135 2934 5207 martyres
2966 5130 3202 5207 starent.
3237 5140 3271 5204 a
3310 5125 3552 5207 Licinio,

1897 5194 2363 5262 converiientius
2380 5204 2611 5276 videtur
2643 5194 2858 5263 dicere,
2908 5211 3011 5251 eos
3040 5194 3207 5276 apud
3237 5196 3557 5276 imperato-

1895 5294 2022 5332 rem
2066 5279 2124 5332 in
2174 5278 2404 5332 honore
2457 5273 2656 5335 fuisse,
2711 5284 2897 5341 quam
2927 5267 3104 5348 apud
3135 5267 3554 5348 imperatores.

1899 5350 2193 5413 Quoniam
2228 5353 2429 5403 tamen
2457 5359 2578 5398 non
2611 5357 2749 5397 raro
2803 5343 3115 5413 contingitz
3154 5344 3229 5413 ut
3259 5343 3560 5413 _or_atores

1894 5408 2001 5491 pro
2033 5434 2284 5491 numero
2311 5414 2598 5491 singulari
2626 5425 2945 5491 numerum
2993 5408 3394 5491 multitudinis
3413 5425 3558 5491 “po-

1894 5480 2060 5551 haut,
2093 5480 2633 5563 nihitmutandum
2672 5480 3102 5563 judicavimus.
3151 5480 3361 5539 Statim
3413 5480 3556 5555 Reg.

1895 5561 2201 5628 secundus
2230 5559 2340 5628 imi
2372 5554 2450 5634 di.
