4076 6190
520 243 621 298 su
718 269 728 278 ι
1689 203 1697 213 ’
1893 238 1951 294 s.
1994 236 2523 294 BASILIIMAGNI.

3778 237 3898 290 512

519 363 842 432 Christum,
875 361 1101 435 alioqui
1131 360 1448 418 subeunda
1477 361 1745 433 pericula
1781 365 2006 430 essent,
2044 365 2173 416 tum

2298 357 2644 434 ἐκδέχσεθαι·
2687 362 2944 422 ἡπειλεῖτο
2998 357 3057 415 δε
3102 366 3203 413 πᾶν
3269 354 3404 420 εἶδος
3455 355 3736 427 κολάσεως,
3795 363 3896 412 καὶ

520 452 757 511 nullum
783 467 904 509 non
934 450 1343 508 intentabatur
1371 466 1561 520 genus
1598 452 2056 525 suppliciorum,
2085 454 2174 506 at-

521 557 640 618 que
673 542 908 613 jndices
947 539 1278 612 iniquitatis
1322 540 1810 598 accendebantur
1861 540 2051 596 multa
2077 539 2177 596 ira

523 645 594 687 ac
646 629 836 686 ferina
865 628 922 684 in
955 627 1067 682 hos
1098 626 1336 699 pietatis
1368 627 1648 685 cultores.
1691 629 1925 684 Insidiae
1963 644 2033 684 ac
2054 626 2177 683 doli

525 718 609 776 eis
633 716 1050 782 tendebantur,
1067 715 1515 789 studiosiusque
1527 716 2178 790 exquirebanturvaria

524 811 961 864 tormentorum
989 819 1229 875 genera.
1259 807 1533 862 Tortores
1553 807 1970 880 implacabiles
1985 809 2176 871 erant,

520 893 677 963 ignis
733 898 1006 965 paratus,
1061 892 1295 961 gladius
1347 894 1697 964 acuebatur,
1758 911 1903 952 crux
1959 894 2173 960 deﬁxa,

523 980 710 1052 fossa,
741 985 893 1048 rota,
925 979 1185 1051 ﬂagella.
1217 981 1328 1036 Alii
1349 981 1751 1053 conjiciebant
1782 999 1843 1038 se
1864 982 1926 1039 in
1947 982 2176 1052 fugam,

522 1069 622 1126 alii
645 1069 1146 1138 succumbebant,
1183 1068 1282 1125 alii
1311 1070 1705 1128 ﬂuctuabant.
1750 1071 2006 1138 Quidam
2035 1085 2178 1126 vero

525 1163 662 1217 ante
727 1159 1205 1230 experimentum
1254 1159 1434 1214 minis
1477 1160 1620 1216 solis
1669 1159 1969 1216 absterriti
2018 1163 2175 1215 sunt.

526 1249 654 1317 Alii,
688 1248 1052 1305 cruciatibus
1077 1249 1206 1318 jam
1237 1264 1358 1304 non
1397 1248 1576 1319 longe
1613 1249 1860 1318 dissitis,
1889 1249 2181 1319 vertigine

521 1337 914 1395 laborarunt:
978 1336 1080 1392 alii
1118 1337 1391 1406 aggressi
1430 1339 1780 1405 certamina,
1830 1337 2047 1394 deinde
2098 1336 2180 1394 ad

524 1425 712 1482 ﬁnem
743 1441 932 1498 usque
961 1423 1242 1482 laborum
1278 1441 1661 1499 perseverare
1689 1427 1857 1484 haud
1887 1427 2178 1497 valentes,

525 1514 588 1571 in
618 1512 821 1571 medio
859 1515 980 1570 fere
1017 1515 1344 1572 certamine
1391 1516 1839 1590 despondentes
1879 1517 2176 1587 animum,

527 1617 652 1660 non
683 1617 856 1659 secus
878 1607 1059 1676 atque
1085 1603 1149 1661 hi
1175 1604 1276 1676 qui
1303 1605 1364 1660 in
1395 1606 1548 1661 mari
1579 1610 1930 1678 tempestate
1945 1607 2179 1676 jactan-

528 1695 646 1759 tur,
676 1690 855 1748 etiam
879 1697 1084 1764 partas
1104 1693 1235 1764 jam
1266 1692 1564 1765 patientiae
1592 1710 1822 1750 merces
1861 1693 2177 1762 naufragio

2287 449 2443 511 πολὺς
2474 452 2498 503 6
2532 453 2695 525 θυμός
2730 457 2820 505 xui
2876 447 3144 525 θηριώδης
3185 448 3330 522 παρά
3375 455 3473 500 τῶν
3530 453 3720 519 κριτῶν
3795 455 3896 508 τῆς

2290 535 2504 602 ἀδικίας
2558 544 2694 594 κατά
2747 549 2847 594 τῶν
2890 539 3234 595 εὐσεϐούντων
3277 541 3513 594 κεκίνητο
3542 557 3554 569 ·
3618 535 3897 589 ἐπιϐουλαὶ

2289 623 2349 680 δὲ
2396 633 2484 680 καὶ
2533 625 2679 682 ὃόλοι
2718 630 2830 684 κατ’
2881 630 3047 682 αὐτῶν
3098 625 3526 701 συνερράπτοντο,
3566 628 3657 676 καὶ
3672 623 3898 679 ποικίλα

2289 713 2403 775 εἴδη
2435 716 2682 790 βασάνων
2722 715 3076 785 ἐπετηδεύετο,
3120 721 3210 769 xui
3259 717 3306 768 oi
3348 714 3669 787 αἰκιζόμενοι
3723 720 3898 788 ἀπαρ-

2290 812 2517 876 αίτητοι,
2586 811 2644 861 τό
2709 817 2812 885 πῦρ
2879 809 3101 881 ἕτοιμον,
3179 808 3237 858 τὸ
3317 804 3459 877 ξίφος
3535 805 3785 872 ἠχόνητο,
3866 803 3894 854 6

2293 901 2514 971 σταυρὸς
2557 898 2800 971 ἐπεπήγει
2822 918 2835 933 ο
2895 900 2921 952 6
2971 897 3182 972 βόθρος,
3215 897 3241 949 6
3267 897 3476 970 τροχὸς,
3512 895 3566 945 αἱ
3596 894 3854 966 μάστιγες
3876 913 3890 925 ·

2291 989 2339 1038 οἱ
2375 989 2466 1060 μὲν
2493 990 2722 1060 ἔφευγον,
2773 990 2821 1042 οἱ
2861 984 2919 1041 δὲ
2963 989 3276 1052 ὑπέκυπτον,
3327 986 3376 1036 οἱ
3424 979 3482 1036 δὲ
3527 981 3834 1037 ἑσαλεὺοντο
3876 1000 3891 1015 ο

2289 1079 2418 1138 τινες
2475 1074 2533 1130 δε
2584 1081 2684 1152 πρό
2737 1085 2827 1138 τῆς
2879 1081 3064 1148 πείρας
3119 1078 3279 1148 μόνην
3333 1077 3428 1133 τὴν
3488 1070 3699 1130 ἀπειλὴν
3755 1089 3895 1124 κατ-

2292 1165 2592 1237 επλάγησαν
2621 1185 2634 1200 ·
2696 1168 2858 1239 ἕτεροι
2907 1163 2986 1234 δὲ,
3039 1165 3196 1235 ἐγγυς
3235 1166 3498 1234 γενόμενοι
3543 1168 3642 1214 τῶν
3683 1156 3893 1225 δεινῶν,

2293 1253 2592 1325 ἰλιγγίασαν
2626 1274 2639 1289 ο
2703 1253 2848 1306 ἄλλοι
2902 1250 2982 1320 δὲ,
3041 1261 3148 1314 τοῖς
3202 1250 3399 1322 ἀγῶσιν
3458 1248 3718 1322 ἐμϐάντες,
3778 1244 3901 1301 εἶτα

2291 1340 2572 1417 διαρκέσαι
2608 1347 2737 1418 πρὸς
2787 1346 2845 1396 τὸ
2897 1347 3057 1417 πέρας
3105 1350 3204 1394 τῶν
3243 1345 3410 1394 πόνων
3453 1335 3894 1402 ἀδυνατὴσαντες,

2288 1438 2406 1508 περὶ
2453 1433 2519 1486 τα
2574 1437 2711 1506 μέσα
2757 1453 2856 1486 που
2909 1440 3003 1495 τῆς
3061 1429 3324 1492 ἀθλήσεως
3366 1426 3680 1493 ἀπειπόντες,
3709 1428 3892 1500 ὥσπερ

2290 1524 2339 1575 οἱ
2360 1522 2408 1575 ἐν
2439 1521 2648 1594 πελάγει
2676 1522 3072 1595 χειμαζόμενοι,
3113 1524 3203 1572 xui
3233 1518 3267 1570 ἂ
3297 1515 3440 1591 εἶχον
3489 1513 3595 1575 ἤδη
3641 1514 3896 1588 ἀγώγιμα

2289 1620 2386 1674 τῆς
2415 1613 2678 1684 ὑπομονῆς
2707 1612 3035 1682 ἐναυάγησαν
3069 1630 3082 1644 ·
3116 1613 3230 1662 τότε
3263 1604 3329 1667 δὴ
3381 1607 3542 1672 οὗτοι,
3597 1606 3647 1658 οἱ
3696 1603 3897 1662 ἀήττη-

2289 1704 2371 1752 τοι
2407 1705 2498 1752 xui
2535 1708 2760 1771 γενναῖοι
2813 1707 2905 1752 τοῦ
2949 1705 3185 1772 Χριστοῦ
3227 1703 3562 1770 στρατιῶται,
3603 1691 3898 1767 παρελθόν-

531 1782 886 1840 amiserunt.
925 1786 1086 1840 Tunc
1113 1784 1291 1855 igitur
1317 1785 1524 1840 invicti
1552 1785 1634 1841 illi
1664 1801 1734 1841 ac
1767 1787 1993 1842 strenui
2023 1783 2182 1841 Chri-

533 1869 576 1928 ti
641 1870 856 1927 milites
927 1872 1292 1944 prodeuntes
1366 1873 1428 1929 in
1485 1873 1777 1942 medium,
1832 1874 2183 1930 ostendente

530 1959 810 2032 praefecto
839 1961 1220 2033 imperatoris
1251 1961 1496 2030 litteras,
1528 1978 1599 2019 ac
1625 1962 2032 2019 obedientiam
2066 1962 2184 2018 exi-

530 2053 727 2119 gente,
762 2051 927 2122 151
959 2050 1152 2108 libera
1181 2067 1350 2120 voce,
1396 2051 1768 2108 conﬁdenter
1814 2050 2180 2124 fortiterque,

525 2138 677 2196 nihil
705 2143 1137 2196 tormentorum
1151 2145 1402 2213 aspectu
1416 2141 1836 2213 perterrefacti,
1853 2157 2050 2214 neque
2067 2141 2183 2197 mi-

528 2244 641 2284 nas
660 2228 1077 2299 formidantes,
1108 2245 1238 2286 esse
1269 2247 1331 2285 se
1360 2231 1724 2287 Christianos
1739 2230 1997 2287 confessi
2021 2235 2181 2288 sunt.

531 2317 575 2376 0
604 2315 816 2373 beatas
835 2316 1097 2388 linguas,
1131 2335 1266 2391 quae
1297 2335 1532 2375 sacram
1554 2319 1718 2375 illam
1744 2335 1954 2375 vocem
1977 2319 2185 2376 emise-

528 2411 689 2475 runt,
719 2422 907 2479 quam
933 2423 1073 2464 cum
1103 2424 1206 2465 aer
1223 2408 1470 2480 recepit,
1488 2408 1894 2466 sanctiﬁcatus
1915 2413 2034 2465 est:
2063 2425 2186 2482 qua

530 2495 738 2554 audita
764 2496 1047 2569 plausum
1077 2498 1414 2554 excitarunt
1451 2497 1668 2568 angeli,
1718 2497 1997 2554 diabolus
2043 2514 2185 2554 vero

530 2600 654 2641 una
679 2600 817 2641 cum
839 2585 1224 2643 daemonibus
1241 2587 1546 2644 sauciatus
1574 2591 1690 2643 est:
1714 2602 1900 2660 quam
1923 2587 2185 2660 denique

533 2675 826 2731 Dominus
853 2676 1158 2748 inscripsit
1178 2676 1241 2733 in
1271 2676 1456 2733 coalis.

604 2767 658 2820 4.
692 2769 897 2837 Itaque
927 2766 1346 2839 unusquisque
1375 2782 1586 2823 eorum
1633 2766 1694 2822 in
1739 2766 2009 2822 medium
2052 2781 2186 2839 pro-
2365 2773 2420 2827 4.

535 2850 733 2919 diens,
764 2853 948 2909 dixit:
982 2855 1352 2911 Christianus
1377 2871 1536 2911 sum.
1568 2857 1634 2911 Et
1663 2855 2185 2928 quemadmodum

2298 2863 2614 2934 Χριστιανός
2688 2858 2812 2930 εἰμι.
2886 2862 2987 2911 Καὶ
3055 2860 3226 2930 ὥσπερ
3291 2855 3341 2908 ἐν
3396 2862 3502 2914 τοῖς
3547 2846 3790 2912 σταδίοις
3845 2851 3910 2902 οἱ

533 2942 595 2998 in
626 2942 855 3008 stadiis,
887 2944 966 3000 ad
987 2949 1288 3001 certamen
1310 2946 1415 3018 qui
1435 2945 1751 3014 accedunt,
1775 2945 1956 3002 simul
1979 2945 2185 3003 dicunt

2298 2947 2374 3000 ἐπ’
2423 2947 2646 3007 ἄθλησιν
2697 2944 3064 3021 παροδεύοντες
3118 2947 3247 3020 ὁμοῦ
3301 2963 3355 2998 τε
3401 2943 3640 3015 λέγουσιν
3701 2939 3908 2992 ἑαυτῶν

533 3033 787 3090 nomina
810 3049 942 3104 sua,
974 3040 1032 3091 et
1061 3035 1138 3091 ad
1183 3036 1527 3092 certaminis
1576 3035 1778 3092 locum
1824 3041 2139 3094 transeunt
2168 3056 2181 3094 :

2298 3039 2362 3090 τὰ
2412 3036 2659 3111 ὀνόματα,
2715 3041 2806 3089 xui
2858 3036 2941 3089 ἐπὶ
2989 3038 3074 3089 τὸν
3125 3040 3279 3088 τόπον
3335 3042 3432 3094 τῆς
3485 3033 3708 3102 ἀγωνίας
3777 3029 3912 3100 μεθ-

532 3119 617 3177 ita
647 3127 702 3177 et
727 3121 789 3177 hi
827 3138 1069 3196 quoque
1098 3128 1238 3180 tunc
1267 3141 1340 3180 ea
1365 3141 1501 3197 quae
1543 3124 1655 3181 sibi
1689 3129 1855 3181 ortus
1881 3125 2185 3183 indiderat

2299 3126 2540 3179 ἰστανται
2564 3148 2576 3160 ·
2606 3127 2741 3179 οὕτω
2773 3121 2839 3184 δὴ
2873 3129 2964 3178 xui
3007 3125 3152 3178 οὗτοι
3198 3128 3330 3195 τότε,
3379 3119 3619 3198 ῥίψαντες
3656 3119 3752 3179 τὰς
3795 3115 3911 3169 ἀπὸ

532 3210 783 3268 nomina
813 3211 1185 3285 abjicientes,
1226 3229 1261 3270 a
1291 3215 1602 3270 communi
1647 3214 1952 3271 Salvatore
2003 3232 2184 3272 suum

2298 3220 2542 3288 γενέσεως
2593 3215 2765 3276 οὑτοῖς
2829 3214 3264 3287 ἐπιφημισθείσας
3328 3213 3711 3286 προσηγορίας,
3792 3204 3910 3259 ἀπὸ

531 3299 791 3372 quisque
818 3317 1041 3358 nomen
1073 3305 1485 3375 desumpsere,
1515 3303 1699 3376 idque
1723 3305 1913 3360 fecere
1943 3305 2183 3374 singuli,

2298 3313 2388 3359 τοῦ
2417 3312 2590 3358 κοινοῦ
2639 3311 2870 3377 Σωτῆρος
2916 3304 3137 3366 ἕκαστος
3184 3303 3363 3356 ἑαυτὸν
3414 3299 3742 3372 ἀνηγόρευον.
3796 3301 3913 3348 Καὶ

532 3386 687 3444 adeo
720 3393 782 3445 ut
810 3406 1070 3462 sequens
1101 3392 1285 3464 priori
1316 3397 1504 3448 semet
1540 3393 1918 3464 adjungeret.
1950 3395 2033 3449 Ex
2061 3411 2185 3467 quo

531 3478 758 3536 factum
784 3485 872 3536 est
899 3481 1174 3536 omnium
1194 3497 1416 3537 nomen
1441 3497 1658 3538 unum:
1683 3483 2187 3556 quippejamnon

534 3573 664 3625 erat
693 3568 826 3625 talis
847 3575 948 3625 aut
979 3569 1128 3641 talis,
1161 3570 1269 3626 sed
1299 3571 1616 3627 Christiani
1649 3572 2024 3628 vocabantur
2053 3589 2186 3629 om-

533 3672 660 3713 nes.
686 3658 838 3725 Quid
857 3658 1037 3730 igitur
1055 3665 1200 3716 tunc
1222 3660 1580 3732 praefectus?
1606 3659 1756 3716 Nam
1783 3660 2036 3717 callidus
2062 3667 2189 3720 erat

535 3753 594 3804 et
638 3747 862 3818 varius,
915 3754 1044 3804 tum
1096 3754 1156 3805 ut
1205 3749 1516 3805 seduceret
1573 3750 1906 3820 blanditiis,
1955 3756 2081 3806 tum
2127 3756 2192 3809 ut

534 3836 717 3894 minis
745 3837 1132 3894 subverteret.
1167 3837 1433 3894 Primum
1460 3839 1710 3910 quidem
1740 3839 2049 3896 blanditiis
2069 3841 2190 3913 pel-

532 3924 793 3994 liciebat,
854 3927 1200 3984 firmitatem
1254 3927 1490 3999 pietatis
1549 3935 1730 4001 atque
1787 3931 2188 3987 constantiam

530 4016 808 4088 frangere
828 4023 1100 4074 conatus.
1120 4019 1144 4072 J
1156 4022 1497 4074 uventutem
1517 4024 1777 4075 vestram
1801 4034 1875 4074 ne
1896 4020 2187 4091 prodatis,

533 4121 686 4162 neve
716 4123 854 4162 cum
886 4111 1074 4162 morte
1117 4106 1540 4178 intempestiva
1576 4108 1758 4178 hujus
1805 4107 1940 4163 vitae
1977 4108 2190 4178 jucun-

533 4195 781 4251 ditatem
813 4195 1214 4251 commutatis.
1248 4198 1397 4252 Nam
1425 4196 1502 4251 ab
1533 4212 1595 4251 re
1625 4196 1800 4252 fuerit
1822 4212 1926 4252 eos
1973 4198 2078 4270 qui
2127 4197 2185 4254 in

2303 4200 2437 4260 ζωῆς
2469 4193 2807 4269 ὃιαμείψητε.
2841 4194 3068 4250 ’Ἄτοπον
3107 4197 3205 4269 γὰρ
3245 4198 3362 4255 τοὺς
3405 4193 3456 4246 ἐν
3503 4199 3613 4254 τοῖς
3659 4189 3915 4262 πολέμοις

531 4281 705 4338 bellis
767 4283 996 4340 fortiter
1045 4298 1223 4354 agere
1266 4291 1729 4352 consueverunt,
1776 4284 2185 4340 maleiicorum

2298 4285 2588 4362 ἀριστεύειν
2643 4287 3061 4358 συνειθισμένους
3114 4289 3198 4338 τόν
3255 4292 3354 4337 τῶν
3394 4284 3694 4355 κακούργων
3735 4282 3914 4332 θάνα-

535 4377 726 4428 morte
753 4373 1013 4430 interire.
1041 4374 1131 4430 Ad
1160 4375 1288 4430 hinc
1313 4373 1708 4447 pollicebatur
1729 4376 2189 4447 pecuuiathur-

537 4476 640 4516 sus
668 4461 855 4519 dabat
891 4462 1151 4520 honores
1181 4463 1260 4520 ab
1284 4463 1667 4536 imperatore,
1700 4463 2189 4537 dignitatumque

2291 1807 2367 1849 τες
2394 1788 2460 1849 εἰς
2488 1793 2696 1862 μέσους,
2741 1785 3120 1848 ἑπιὸεικνύντος
3167 1793 3258 1838 τοῦ
3307 1787 3564 1859 ἄρχοντος
3613 1783 3680 1834 τὰ
3723 1779 3899 1852 βασι-

2291 1877 2410 1938 λέως
2461 1879 2750 1953 γράμματα
2800 1882 2889 1930 xui
2927 1882 3021 1936 τήν
3065 1877 3300 1933 ὑπακοὴν
3348 1872 3713 1936 ἀπαιτοῦντος,
3747 1869 3900 1921 ἐλευ-

2296 1971 2418 2043 θέρᾳ
2443 1977 2504 2042 τῇ
2542 1976 2704 2041 φωνῇ,
2760 1968 3026 2040 εὐθαρσῶς
3077 1971 3166 2018 xui
3221 1961 3489 2039 ἀνδρείως,
3547 1957 3700 2014 οὐδὲν
3757 1960 3900 2012 ὑπο-

2293 2058 2578 2122 πτήξαντες
2628 2065 2729 2110 τῶν
2795 2059 3080 2132 ὁρωμένων,
3159 2051 3282 2107 οὐδε
3350 2051 3761 2123 καταπλαγέντες
3828 2049 3902 2100 τὰ

2296 2146 2657 2219 ἀπειλούμενα,
2711 2147 3058 2221 Χριστιανοὺς
3115 2146 3225 2214 (18)
3287 2143 3496 2202 ἑαυτοὺς
3552 2137 3895 2212 ἀνεκήρυξαν.

2295 2236 2365 2289 Ὢ
2416 2239 2673 2309 μακάριαι
2727 2235 2990 2306 γλῶσσαι,
3045 2235 3169 2286 ὅσαι
3217 2237 3310 2290 τὴν
3365 2232 3504 2303 ἱερὰν
3552 2229 3745 2285 ἐκείνην
3800 2224 3900 2297 ἀφ-

2295 2333 2426 2384 ῆκαν
2454 2329 2642 2398 φωνὴν,
2675 2327 2736 2382 ἦν
2763 2323 2857 2397 ἀὴρ
2907 2327 2996 2395 μεν
3048 2319 3323 2395 δεξάμενος
3375 2319 3630 2391 ἡγιάσθη,
3683 2314 3901 2387 ἄγγελοι

2297 2411 2356 2468 δὲ
2405 2413 2720 2474 ἀκούσαντες
2783 2412 3171 2486 ἐπεκρότησανο
3216 2407 3462 2470 διάϐολος
3505 2403 3564 2460 δε
3603 2407 3733 2478 μετά
3776 2400 3901 2456 δαι-

2294 2507 2460 2577 μόνων
2511 2502 2942 2576 ἑτραυματίσθη’
3003 2503 3194 2574 Κύριος
3260 2496 3319 2553 δε
3381 2497 3438 2552 ,έν
3499 2494 3735 2571 οὐρανοῖς
3775 2494 3900 2563 (19)

2297 2590 2656 2667 ἀπεγράψατο.

2475 2767 2630 2824 Εἶπον
2691 2773 2862 2823 τοίνυν
2919 2770 3135 2832 ἕκαστος
3193 2768 3260 2829 εἰς
3324 2768 3381 2819 τό
3432 2769 3588 2838 μέσον
3641 2767 3844 2834 παριών
3885 2782 3902 2796 ο

2296 3402 2450 3447 τοῦτο
2500 3394 2702 3446 ἐποίουν
2732 3392 2994 3459 ¹οἱπαντες,
3049 3402 3121 3463 τῷ
3177 3390 3490 3466 προλαϐόντι
3537 3387 3716 3440 ἑαυτὸν
3770 3403 3911 3437 συν-

2299 3485 2472 3536 άπτων
2525 3483 2552 3534 6
2608 3481 2806 3555 ἑφεξῆς.
2857 3481 3018 3534 Ὠστε
3071 3481 3266 3553 ἐγένετο
3316 3481 3521 3534 πάντων
3563 3480 3914 3553 προσηγορία

2298 3577 2392 3646 μία
2415 3593 2428 3607 ο
2489 3572 2662 3624 οὐκέτι
2698 3574 2797 3644 γὰρ
2836 3572 2862 3624 6
2895 3567 3059 3637 δεῖνα,
3091 3571 3120 3630 ᾖ
3157 3571 3182 3622 6
3216 3567 3379 3636 δεῖνα,
3414 3567 3544 3620 ἀλλὰ
3582 3571 3908 3639 Χριστιανοὶ

2297 3665 2480 3723 πάντες
2527 3655 2952 3734 ἀνεκηρύττοντο.
2993 3664 3058 3712 Τί
3117 3656 3204 3712 οὖν
3251 3661 3278 3712 6
3335 3666 3538 3734 κρατῶν
3569 3659 3683 3725 (20)
3739 3661 3908 3721 το’τε;

2300 3754 2464 3812 Δεινός
2515 3754 2613 3824 γὰρ
2665 3747 2725 3808 ἦν
2783 3754 2872 3801 καὶ
2917 3748 3174 3814 ποικίλος,
3221 3751 3286 3802 τὰ
3324 3751 3414 3821 μὲν
3455 3748 3699 3804 θωπείαις
3736 3741 3912 3795 ὑπελ-

2301 3842 2424 3904 θεῖν,
2460 3841 2522 3892 τά
2551 3836 2609 3892 ὃε
2642 3837 2874 3901 ἀπειλαῖς
2904 3837 3258 3913 παρατρέψαι.
3301 3844 3510 3913 Πρῶτον
3565 3837 3655 3908 μὲν
3705 3833 3912 3894 αὐτοὺς

2298 3935 2634 4001 κατεγοήτευε
2671 3935 2789 3990 ταῖς
2833 3929 3101 3992 θωπείαις,
3143 3931 3231 3980 τόν
3279 3931 3423 3979 τόνον
3473 3934 3569 3986 τῆς
3617 3920 3915 3984 εὐσεϐείαις

2297 4017 2577 4094 παραλύειν
2629 4019 2939 4092 πειρωμένος
2979 4020 3112 4088 (2i).
3177 4021 3261 4075 Μὴ
3321 4011 3561 4091 προδῶτε
3609 4015 3749 4085 ὑμῶν
3809 4017 3914 4070 τὴν

2297 4113 2552 4166 νεότητα·
2613 4103 2753 4179 μηδὲ
2809 4108 3025 4160 θάνατον
3081 4108 3248 4180 ἄωρον
3309 4114 3404 4167 τῆς
3465 4101 3642 4162 ἡδείας
3707 4103 3915 4162 ταύτης

2297 4395 2384 4428 τον
2429 4374 2788 4433 ἀποθνήσκειν.
2838 4379 2968 4450 Πρός
3013 4378 3217 4437 τούτοις
3260 4379 3518 4447 χρήματα
3561 4373 3909 4441 ὑπισχνεῖτο.

2297 4467 2374 4520 Tu
2405 4461 2463 4518 δε
2504 4461 2709 4530 ἐδιδου,
2751 4467 2904 4538 τιμάς
2929 4463 2986 4517 ἐκ
3017 4463 3279 4536 βασιλέως
3307 4466 3440 4534 (22),
3471 4466 3560 4514 καὶ
3592 4458 3913 4533 ἀξιωμάτων

606 4605 722 4674 (18)
773 4603 922 4678 Editi
969 4608 1028 4660 et
1076 4604 1240 4660 Colb.
1299 4605 1508 4660 tertius
1562 4603 1920 4678 ἀπειλούμενα,
1977 4606 2044 4666 εἰς
2100 4610 2188 4678 μέ-

539 4673 664 4752 σους
711 4673 1062 4752 παρελθόντες,
1119 4679 1480 4752 Χριστιανούς.
1533 4677 1713 4752 Coisl.
1769 4673 1838 4738 εἰς
1875 4680 2032 4750 μέσον
2053 4673 2188 4752 παρ-

539 4745 983 4808 ελθὸντεςζίὶοιὺ.
1017 4745 1220 4802 tertius
1246 4751 1304 4801 et
1336 4750 1480 4816 Reg.
1535 4747 1740 4803 itidem
1788 4745 1992 4805 tertius
2043 4745 2192 4800 ἁπέι-

537 4816 778 4892 λούμενα,
813 4820 1192 4892 Χριστιανούς·
1246 4817 1414 4888 quod
1445 4834 1655 4892 verum
1685 4835 1818 4875 esse
1868 4826 1924 4875 et
1970 4819 2194 4892 genui-

537 4889 686 4966 num
717 4889 886 4963 puto.
915 4891 1065 4966 tium
1093 4889 1185 4944 hae
1232 4904 1427 4966 voces,
1475 4889 1546 4966 εἰς
1583 4893 1781 4966 μέσους
1836 4891 2189 4966 παρελθόντες,

537 4960 735 5033 ρειιιιό
753 4967 889 5018 ante
914 4961 1208 5030 legantur,
1243 4960 1488 5015 easdem
1531 4960 1630 5015 hic
1675 4963 1863 5033 repeti
1899 4960 2047 5018 nihil
2087 4977 2194 5017 ne-

538 5050 703 5090 cesse
725 5039 834 5090 est.

2293 4606 2502 4662 litterae
2517 4606 2826 4678 aliquanto
2839 4610 2975 4663 ante
2988 4606 3264 4662 dicantur
3279 4603 3526 4678 prolata:
3542 4603 3601 4659 iu
3625 4599 3911 4678 medium

2298 4677 2480 4758 fuisse
2496 4697 2509 4747 ;
2523 4673 2788 4758 dubium
2806 4693 2940 4758 esse
2961 4693 3080 4758 non
3095 4673 3463 4758 potest,quin
3478 4673 3737 4758 simplex
3750 4687 3909 4758 prte-

2301 4744 2767 4818 fectus'intelligi
2786 4749 3024 4805 debeat.
3045 4744 3562 4804 Discimus—autem
3587 4744 3660 4800 ex
3681 4744 3910 4818 horum

2301 4826 2643 4892 martyrum
2669 4813 2849 4886 Actis,
2869 4821 3214 4892 praefectum
3238 4819 3406 4892 illum
3416 4823 3703 4892 vocatum
3717 4813 3910 4892 fuisse

2302 4886 2713 4964 Agricolauin:
2754 4893 2849 4964 cui
2870 4886 2940 4946 se
2981 4889 3373 4964 postmodum
3394 4889 3516 4964 dux
3545 4888 3754 4964 Lysias
3792 4886 3910 4964 ad-

2297 4958 2514 5033 junxit.
2542 4963 2707 5019 Colb.
2747 4958 3302 5034 Ρτὶωυέθεραπείαις
3331 4958 3910 5034 ὑπελθιῖιρὺεςριιὶἱξ

2303 5030 2769 5090 ι’ίνσιιτηυεηίνεῖ
2796 5035 2986 5090 Lectio
3017 5030 3140 5088 nun
3170 5033 3351 5087 mala.
3383 5030 3649 5086 Subinde
3675 5031 3913 5100 aliquot

2303 5121 2452 5160 mss.
2489 5105 2718 5180 ἀπειλαῖς
2737 5105 3064 5180 περιτρέψαι.

2518 5176 2668 5231 Editi
2707 5167 2900 5250 ἐκλῦειν
2936 5167 3272 5250 πειρώμενος.
3321 5171 3564 5245 Antiqui
3617 5186 3722 5250 sex
3771 5167 3913 5227 libri

2303 5243 2604 5322 παραλύειν.
2636 5249 2848 5322 statim
2878 5243 3186 5322 editi-631:6}:
3210 5243 3526 5322 λέγων-τῇνλ
3557 5243 3664 5297 sed
3696 5255 3911 5322 vocem

2304 5316 2464 5390 λέγων
2493 5318 2852 5383 delevimus,
2879 5319 3064 5374 tidem
3079 5316 3354 5373 veterum
3377 5316 3670 5390 librorum
3689 5316 3906 5390 secuti:

2376 5381 2492 5460 (‘22)
2527 5393 2782 5462 Utraque
2803 5381 2985 5446 editio
3007 5395 3201 5445 ettres
3223 5404 3367 5443 mss.
3403 5388 3456 5440 ἐκ
3507 5384 3788 5462 paces“,
3833 5381 3909 5438 ab

2305 5455 2701 5535 inmeraloref
2709 5460 2819 5535 Alii
2837 5462 3074 5535 codices
3087 5476 3165 5516 nu
3176 5475 3340 5535 mero
3354 5455 3530 5535 pares
3544 5458 3598 5535 ἐξ
3622 5455 3908 5535 βασίλεων,

2306 5526 2401 5590 αὖ
2439 5532 2923 5603 imperatoribus.
2984 5533 3109 5592 Hoc
3164 5530 3259 5590 vel
3304 5526 3406 5590 ill'o
3449 5526 3637 5589 modo
3672 5526 3794 5597 legi
3821 5526 3911 5581 in-

609 5105 943 5176 (19)Codcx
991 5119 1147 5176 unus
1201 5103 1249 5155 ἐν
1303 5103 1522 5176 οὐρανῷ.
1577 5105 1706 5160 Mox
1762 5106 1902 5174 Reg.
1963 5104 2195 5176 primus

538 5172 712 5236 ὥσπερ
733 5181 781 5230 οἱ
812 5179 858 5231 ἐν
881 5184 986 5236 τοῖς
1012 5172 1250 5236 σταδίοις
1273 5179 1327 5232 ἦ.

611 5231 716 5317 (20)
749 5253 870 5305 Vox
901 5231 1102 5320 κράτων
1129 5231 1342 5303 usitate
1368 5245 1615 5320 quidem
1647 5246 1903 5320 sumitur
1932 5263 2041 5318 pro
2087 5247 2196 5320 im-

538 5327 850 5394 peratore:
882 5317 989 5374 sed
1019 5327 1220 5394 tamen
1252 5320 1347 5394 hic
1386 5317 1741 5390 accipienda
1784 5323 1885 5394 est
1936 5317 2063 5373 non
2120 5319 2195 5394 de

537 5388 924 5462 imperatore,
958 5391 1062 5445 sed
1093 5391 1168 5462 de
1192 5391 1493 5462 praafecto.
1517 5388 1670 5462 L‘um
1702 5388 1862 5444 enim
1892 5405 2090 5445 sermo
2121 5389 2197 5445 sit

539 5459 656 5542 hoc
685 5460 820 5542 loco
850 5462 924 5515 de
946 5459 1215 5542 quodam
1238 5462 1439 5542 judice
1465 5460 1570 5542 qui
1596 5460 2198 5542 aderat,lconstelque

540 5531 786 5590 aliunde
815 5545 938 5588 non
972 5531 1252 5590 adfuisse
1283 5531 1735 5605 imperatorem,
1783 5531 1991 5608 'utpote
2026 5531 2198 5604 cujus
