4076 6190
166 269 260 328 513

1153 262 1447 322 IIOMILIA
1487 262 1556 318 ΙΝ
1596 256 2114 326 QUADRAGINTA
2152 264 2522 325 MARTYRES

3414 278 3518 334 514

165 392 434 467 διανομὰς,
485 397 575 446 καὶ
637 396 853 467 μυρίαις
910 389 1100 452 αύτούς
1152 388 1404 451 ἐπινοίαις
1459 404 1757 460 κατεστρα-

1889 384 2339 460 iistributiones,
2371 395 2550 464 atque
2582 391 2878 448 sexcentis
2905 393 3071 467 ipsos
3103 397 3377 455 versutiis
3413 415 3515 457 ex-

164 491 320 556 τήγει.
365 483 452 545 Ὠς
492 479 551 536 δε
589 481 684 534 ούκ
741 477 1044 534 ἐνεδίδοσαν
1091 482 1219 554 πρὸς
1257 483 1352 538 τὴν
1390 485 1570 552 πεῖραν
1633 476 1755 528 ταύ-

161 594 266 643 την,
301 572 386 626 ἐπὶ
425 575 485 625 τὸ
515 573 682 646 ἕτερον
713 566 855 632 εἶδος
882 578 974 630 τῆς
1016 576 1270 643 μηχανῆς
1310 573 1507 641 μετῄει.
1543 565 1757 636 Πληγὰς

163 663 354 728 αὐτοῖς,
404 665 498 712 καί
547 662 819 728 Θανάτους,
859 663 951 710 καὶ
997 658 1256 710 κολάσεων
1307 655 1602 715 ἀνηκέστων
1640 659 1759 706 πεῖ-

167 772 248 804 om
304 750 672 804 ἐπανετείνετο.
737 753 838 801 Καὶ
895 749 921 800 ό
978 750 1067 820 μεν
1127 754 1368 817 τοιαῦτα,
1420 747 1489 798 τὰ
1545 741 1605 796 δὲ
1660 749 1760 794 τῶν

164 844 436 916 μαρτύρων
477 841 677 905 ὀποία;
717 843 800 902 Τί,
845 842 997 910 φησὶ,
1049 833 1311 898 δελεάζεις
1367 837 1528 908 ἡμᾶς,
1576 832 1616 883 ὦ
1658 833 1764 883 θεο-

163 935 319 1003 μάχε,
373 929 671 986 ἀποστῆναι
729 926 830 979 ἀπὸ
894 934 1028 979 Θεοῦ
1087 926 1295 992 ζῶντος,
1354 929 1443 976 καὶ
1501 919 1762 976 δουλεύειν

165 1016 408 1092 δαίμοσιν
455 1017 725 1091 ὀλεθρίοις,
754 1019 1141 1089 προτεινόμενος
1181 1016 1306 1087 ἡμῖν
1345 1033 1411 1065 τα
1443 1013 1512 1065 σὰ
1542 1009 1714 1082 ἀγαθά
1745 1025 1759 1075 ;

160 1115 219 1162 Τί
257 1117 512 1161 τοσοῦτον
533 1103 718 1171 δίδως,
761 1110 881 1157 ὅσον
910 1104 1187 1177 ἀγελέσθαι
1219 1099 1544 1162 σπουδάζεις
1571 1117 1584 1166 ;
1609 1105 1764 1152 Μισῶ

164 1195 360 1271 δωρεὰν
409 1198 609 1269 ζημίας
656 1194 916 1268 πρόξενονο
969 1193 1027 1246 ού
1083 1190 1317 1266 δέχομαι
1354 1195 1511 1264 τιμὴν
1552 1187 1764 1260 ἀτιμίας

160 1293 379 1361 μητέρα.
436 1292 698 1358 Χρήματα
746 1280 910 1343 δίδως
959 1286 1022 1335 τὰ
1069 1281 1412 1354 ἀπομένοντα,
1474 1275 1632 1340 δόξαν
1670 1280 1764 1334 τὴν

161 1376 499 1428 ἐπανθοῦσαν
538 1375 675 1443 (23).
732 1377 992 1445 Γνὼριμον
1032 1378 1195 1430 ποιεῖς
1237 1369 1464 1442 βασιλεῖ,
1509 1365 1635 1418 ἀλλά
1673 1371 1764 1417 τοῦ

160 1468 300 1525 ὄντος
343 1463 604 1536 βασιλέως
653 1461 958 1536 ἀλλοτριοῖς,
1007 1465 1068 1513 Τί
1103 1458 1423 1534 μικρολόγως
1461 1456 1573 1527 (24)
1613 1453 1768 1526 ὀλίγα

160 1565 258 1607 τῶν
297 1553 357 1606 ἐκ
399 1563 495 1606 τοῦ
533 1559 736 1625 κόσμου
775 1555 1095 1626 προτείνεις;
1136 1548 1287 1608 Ὀλος
1333 1549 1459 1619 ἡμῖν
1507 1547 1532 1597 ό
1571 1549 1765 1616 κόσμος

162 1647 641 1718 καταπεφρόνηται.
684 1640 795 1694 Ούκ
842 1642 986 1692 ἔστιν
1039 1640 1164 1711 ἡμῖν
1217 1645 1308 1697 τῆς
1357 1635 1768 1706 ἐπιθυμουμένης

1869 489 2140 546 pugnare
2169 478 2487 535 nitebatur.
2522 481 2669 536 Cum
2701 486 2897 538 autem
2937 483 3080 540 nihil
3108 487 3518 544 emollirentur

1869 563 1985 620 hoc
2031 567 2380 635 tentamine,
2425 571 2634 626 transit
2678 570 2756 626 ad
2805 570 2969 627 aliud
3017 574 3253 631 artiﬁcii
3306 592 3516 646 genus.

1871 652 2079 723 Plagas
2105 656 2188 711 eis
2216 663 2592 731 mortemque
2622 663 2678 715 et
2703 659 3138 732 suppliciorum
3170 663 3518 722 intolerabi-

1869 742 2017 798 lium
2044 746 2372 817 periculum
2400 748 2670 804 intentat.
2691 751 2754 804 Et
2775 749 2870 804 hic
2891 749 3138 822 quidem
3164 755 3328 824 talia,
3359 772 3520 812 mar-

1871 833 2032 904 tyres
2082 850 2218 891 vero
2269 836 2473 908 qualia
2513 837 2540 892 ?
2599 837 2772 904 Quid,
2831 838 3128 911 inquiunt,
3198 843 3521 901 offerendis

1872 923 2228 978 muneribus
2256 925 2392 992 tuis,
2415 942 2451 980 o
2472 925 2659 981 hostis
2695 927 2813 987 Dei,
2848 927 3082 984 inescas
3112 945 3246 998 nos,
3276 936 3340 987 ut
3363 949 3522 989 sece-

1873 1012 2091 1068 damus
2107 1029 2142 1069 a
2166 1015 2283 1068 Deo
2303 1015 2559 1080 vivente,
2579 1021 2635 1071 et
2654 1016 2913 1072 exitiosis
2934 1017 3315 1075 daemonibus
3335 1023 3522 1078 inser-

1871 1101 2108 1158 viamus
2142 1104 2170 1158 ?
2205 1104 2359 1169 Quid
2390 1109 2623 1160 tantum
2655 1106 2915 1172 dederis,
2948 1115 3242 1178 quantum
3282 1111 3521 1167 conaris

1874 1192 2144 1248 auferre?
2166 1193 2274 1248 Odi
2295 1209 2536 1259 munus,
2561 1211 2684 1266 quo
2719 1193 3016 1251 damnum
3056 1197 3371 1256 inferatur:
3398 1215 3520 1255 non

1875 1281 2140 1352 suscipio
2174 1283 2467 1338 honorem
2500 1283 2811 1339 dedecoris
2856 1275 3189 1356 parentem.
3234 1289 3523 1345 Pecunias

1875 1370 1986 1426 das
2016 1371 2111 1426 hic
2134 1387 2582 1444 permansuras.
2608 1373 2860 1443 gloriam
2887 1382 3377 1433 marcescentem.
3410 1382 3524 1434 No-

1876 1464 2004 1515 tum
2044 1476 2140 1515 me
2178 1460 2444 1517 facturus
2492 1477 2556 1516 es
2604 1462 2970 1534 imperatori,
3014 1463 3118 1520 sed
3151 1481 3185 1520 a
3213 1481 3355 1522 vero
3385 1483 3525 1538 rege

1877 1547 2212 1607 abalienas.
2245 1549 2397 1615 Quid
2438 1565 2617 1622 parce
2659 1567 2855 1623 pauca
2885 1568 2955 1606 ex
2987 1553 3316 1609 mundanis
3346 1555 3526 1611 rebus

1877 1635 2172 1707 polliceris
2201 1636 2228 1690 ?
2257 1637 2510 1692 Mundus
2543 1643 2699 1694 totus
2731 1655 2767 1694 a
2796 1639 2973 1695 nobis
3003 1645 3384 1714 contemptus
3415 1648 3524 1700 est.

164 1729 366 1792 ἐλπίδος
393 1731 612 1793 ἀντάξια
655 1731 721 1782 τά
767 1731 1018 1804 ὁρώμενα.
1059 1727 1216 1801 Ὀρᾷς
1254 1729 1342 1778 τόν
1385 1724 1602 1800 οὐρανὸν
1641 1729 1767 1774 τού-

1889 1729 1990 1781 Rcs
2030 1725 2295 1782 visibiles
2340 1742 2478 1782 cum
2504 1743 2574 1783 ea
2605 1743 2715 1800 spe
2757 1745 2894 1800 quae
2925 1729 3191 1786 nobisin
3223 1733 3377 1788 votis
3416 1738 3526 1804 est,

167 1841 272 1888 τον,
325 1825 392 1881 ὡς
445 1820 596 1879 καλὸς
645 1816 796 1886 ἰδεῖν,
841 1821 905 1878 ὡς
967 1814 1025 1870 δε
1068 1820 1284 1889 μέγας;
1343 1819 1434 1866 καὶ
1498 1815 1592 1871 τὴν
1648 1819 1765 1882 γῆν,

171 1912 326 1969 ἡλίκη
371 1926 385 1974 ;
435 1915 526 1962 καὶ
579 1911 644 1961 τὰ
709 1906 758 1959 ἐι
815 1907 946 1979 αύτῇ
1002 1908 1300 1978 θαύματα;
1361 1898 1530 1956 Οὐδὲν
1573 1903 1768 1953 τούτων

174 2001 442 2062 ἐξισοῦται
480 2007 542 2072 τῇ
595 2000 948 2071 μακαριότητι
1007 2002 1107 2046 τῶν
1158 1991 1401 2047 δικαίων.
1457 1991 1642 2045 Ταῦτα
1679 1990 1769 2061 μεν

173 2096 275 2164 γὰρ
337 2092 680 2163 παρέρχεται·
729 2089 796 2139 τὰ
845 2083 905 2138 δί
951 2086 1179 2159 ἡμέτερα
1237 2087 1396 2156 μένει.
1459 2086 1599 2140 Μιᾶς
1664 2076 1772 2130 ἑπι-

183 2182 336 2249 Θυμῶ
387 2174 599 2251 δωρεᾶς,
650 2183 742 2228 τοῦ
803 2176 1054 2247 στεγανου
1102 2181 1194 2233 τῆς
1237 2169 1598 2228 δικαιοσύνηςο
1652 2169 1772 2242 περὶ

178 2274 301 2339 μίαν
351 2263 500 2329 δόξαν
546 2266 828 2339 ἐπτόημαι,
880 2268 974 2322 τὴν
1022 2262 1070 2314 ἓν
1109 2271 1171 2335 τῇ
1208 2259 1457 2334 βασιλείᾳ
1492 2266 1589 2311 τῶν
1619 2255 1772 2330 ούρα-

176 2367 290 2411 νῶν.
342 2356 619 2428 Φιλότιμος
671 2355 777 2427 εἰμι
832 2357 959 2427 πρός
1018 2357 1113 2410 τὴν
1171 2352 1276 2403 ἄνω
1332 2353 1510 2422 τιμήν·
1557 2345 1771 2398 κόλασιν

178 2443 396 2498 δέδοικα
445 2450 539 2502 τὴν
595 2443 644 2495 ἐν
687 2452 748 2515 τῇ
807 2447 1004 2515 γεέννῃ.
1053 2447 1164 2514 Πῦρ
1213 2437 1372 2492 ἄκείνό
1411 2455 1501 2511 μοι
1539 2433 1769 2510 φοϐερόν·

178 2541 231 2588 τό
263 2533 324 2588 δε
348 2536 475 2608 παρ’
516 2535 660 2606 ὑμῶν
692 2532 1054 2605 ἀπειλούμενον
1094 2525 1382 2603 όμόδουλόν
1412 2527 1573 2580 ἔστιν.
1616 2520 1773 2576 Οἶδεν

181 2623 450 2678 αἰδεῖσθαι
468 2627 586 2683 τούς
607 2619 832 2675 εἰδώλων
858 2627 1328 2694 καταφρονοῦντας.
1369 2615 1494 2674 Βίλη
1680 2632 1772 2670 νη-

181 2722 308 2768 πίων
336 2713 620 2785 λογίζομαι
649 2714 738 2772 τὰς
777 2711 981 2782 πληγὰς
1009 2711 1172 2782 ὑμῶν.
1213 2716 1368 2781 Σῶμα
1401 2707 1771 2781 γὰρ’-τύπτεις·

183 2807 324 2877 ἅπερ,
393 2802 480 2854 ἐὰν
549 2805 638 2875 μὶν
709 2800 795 2853 ἐπι
860 2799 1030 2852 πλεῖον
1097 2797 1352 2870 ἀντίσχη,
1420 2795 1775 2868 λαμπρότερον

185 2899 549 2965 στεφανοῦται,
616 2890 701 2941 ἐὰν
768 2886 829 2941 δὲ
892 2889 1074 2940 Θᾶττον
1143 2885 1500 2960 ἀπαγορεύσῃ,
1570 2883 1776 2954 οἴχεται

185 2979 468 3052 ἀπαλλαγὲν
539 2976 807 3032 δικαστῶν
883 2977 1018 3029 ούτῶ
1095 2975 1300 3050 βιαίων,
1375 2971 1452 3040 -οἲ,
1525 2974 1777 3044 σωμάτων

1876 1820 2000 1870 non
2029 1821 2258 1887 queunt
2287 1817 2649 1888 comparari.
2680 1817 2856 1872 Vides
2900 1818 3015 1873 hoc
3047 1819 3267 1877 coelum
3306 1826 3372 1878 ut
3399 1822 3528 1895 pul-

1877 1904 2092 1960 chrum
2122 1910 2392 1977 aspectu,
2418 1910 2481 1962 ut
2501 1921 2792 1976 magnum
2809 1908 2836 1962 ?
2855 1907 3021 1963 vides
3039 1913 3278 1980 terram,
3300 1917 3528 1984 quanta

1880 1993 1972 2055 sit,
2001 1998 2059 2049 et
2087 2009 2224 2066 quae
2259 1994 2321 2050 in
2360 2009 2432 2050 ea
2480 2000 2620 2050 sunt
2651 1995 3039 2052 admirationi
3069 1995 3095 2050 7
3124 1999 3276 2055 Nihil
3305 2001 3524 2058 borum

1879 2081 2165 2153 adaequat
2188 2082 2490 2153 justorum
2533 2082 2968 2140 beatitudinem
3001 2101 3014 2141 :
3068 2086 3367 2158 siquidem
3398 2090 3526 2146 haec

1879 2175 2263 2244 praetereunt,
2308 2177 2514 2229 nostra
2551 2188 2694 2228 vero
2723 2181 2988 2230 manent.
3019 2177 3396 2250 Concupisco
3423 2179 3528 2236 do-

1881 2275 2028 2315 num
2069 2275 2280 2328 unum,
2319 2275 2608 2316 coronam
2644 2261 2923 2332 justitim:
2968 2263 3174 2333 gloriae
3208 2267 3388 2322 unius
3418 2268 3530 2324 im-

1881 2347 2109 2421 potenti
2134 2347 2434 2405 desiderio
2476 2354 2700 2420 teneor,
2733 2350 2884 2421 ejus,
2931 2368 3065 2424 quae
3105 2359 3194 2410 est
3234 2356 3295 2410 in
3342 2371 3531 2426 regno

1891 2439 2060 2510 152
2094 2437 2404 2495 calorum.
2448 2439 2748 2496 Honorem
2786 2457 3118 2513 supernum
3149 2445 3354 2501 ambio
3389 2463 3400 2502 :
3435 2463 3531 2517 ge-

1881 2526 2102 2583 hennae
2121 2533 2326 2584 metuo
2347 2527 2737 2600 supplicium.
2756 2529 2916 2598 Ignis
2935 2530 3030 2585 ille
3047 2532 3531 2589 extimescendus

1883 2616 2030 2671 mihi
2061 2621 2151 2671 est
2181 2634 2194 2672 :
2238 2633 2424 2688 quem
2465 2633 2610 2673 vero
2649 2632 2754 2672 vos
2784 2619 3262 2689 comminamini,
3296 2622 3346 2677 is
3391 2621 3532 2678 'con-

1884 2718 2096 2760 servus
2127 2709 2233 2760 est.
2265 2703 2718 2778 Contemptores
2741 2705 3041 2762 idolorum
3066 2709 3234 2764 novit
3251 2710 3532 2770 revereri.

1880 2792 2086 2848 Jacula
2108 2808 2434 2864 puerorum
2453 2799 2602 2865 puto
2623 2793 2835 2866 plagas
2855 2801 3107 2852 vestras.
3126 2799 3356 2871 Corpus
3373 2799 3534 2856 enim

1886 2881 2307 2953 czedis,_quod,
2342 2882 2391 2936 si
2418 2882 2644 2938 diutius
2673 2884 2967 2948 restiterit,
3009 2901 3297 2944 coronam
3338 2888 3536 2961 splen-

1885 2968 2181 3026 didiorem
2212 2976 2612 3042 consequetur
2645 2989 2658 3040 ;
2687 2971 2776 3026 sin
2803 2979 3006 3029 autem
3037 2974 3206 3030 citius
3232 2975 3532 3050 defecerit,

185 3074 470 3146 ὑπηρεσίαν
518 3067 918 3143 παραλαϐόντες,
963 3069 1039 3119 ἔτι
1083 3070 1174 3118 καὶ
1233 3072 1333 3117 τῶν
1400 3061 1594 3134 ψυχων
1645 3079 1775 3112 κατ-

1889 3058 2570 3129 liberabiturjudicibus
2624 3064 2749 3115 tam
2795 3061 3067 3117 violentis
3096 3063 3221 3134 qui,
3271 3080 3409 3119 cum
3453 3066 3538 3122 fa-

187 3165 362 3234 ἁρχιιν
413 3159 764 3231 φιλονεικεῖ-τε⁹
807 3159 856 3209 οἱ
898 3175 957 3228 γε
998 3156 1040 3208 εἰ
1089 3159 1160 3228 μὴ
1207 3159 1298 3206 καὶ
1334 3160 1424 3205 τοῦ
1456 3159 1589 3204 Θεοῦ
1634 3153 1778 3223 ἡμῶν

185 3251 606 3323 προτιμηθείητε,
640 3250 709 3307 ὡς
755 3248 823 3298 τὰ
864 3247 1075 3316 ἔσχατα
1111 3242 1416 3317 ὑϐρισμένοι
1447 3239 1570 3314 παρ’
1608 3241 1775 3312 ἡμῶν,

186 3339 547 3409 χαλεπαίνετε,
593 3341 684 3388 καί
737 3339 831 3397 τὰς
887 3333 1104 3408 φοϐερὰς
1165 3335 1362 3392 ταύτας
1407 3329 1642 3389 κολάσεις
1697 3328 1782 3380 ἑπ-

186 3429 523 3493 ανατείνεσθε,
568 3425 806 3497 ἔγκλημα
859 3425 984 3495 ἡμῖν
1034 3422 1300 3493 ἐπάγοντες
1351 3425 1445 3478 τὴν
1496 3417 1776 3471 εὐσέϐειαν.

188 3515 341 3569 Ἀλλὰ
383 3519 482 3590 γὰρ
527 3519 587 3567 ού
629 3511 836 3578 δειλοῖς,
880 3509 1005 3565 οὐδὲ
1041 3511 1338 3584 φιλοζώοις,
1384 3505 1502 3560 add“
1554 3507 1780 3560 εύκατα-

187 3603 434 3666 πλήκτοις
499 3603 812 3668 ἐντεύξεσθε,
878 3602 1004 3674 ὑπὲρ
1067 3609 1160 3659 τῆς
1226 3599 1292 3658 εἰς
1359 3600 1480 3650 Θεὸν
1551 3594 1777 3667 ἀγάπης.

188 3691 312 3747 Οἵδε
358 3695 662 3766 ipsR-(26)
700 3697 791 3744 καὶ
833 3691 1202 3766 τροχίζεσοαι,
1253 3691 1344 3739 καὶ
1379 3685 1781 3760 στρεϐλοῦσθαι,

189 3790 268 3836 καί
314 3783 816 3856 καταπίμπρασθαι,
863 3783 952 3831 καὶ
997 3784 1099 3830 πᾶν
1150 3773 1284 3836 εἶδος
1349 3773 1780 3850 βασανιστηρίων

185 3880 375 3945 ἕτοιμοι
403 3868 825 3944 καταδέχεσθαι.

252 3967 303 4018 5.
338 3963 482 4015 Ἐπεὶ
525 3957 582 4013 δε
630 3963 825 4012 τούτων
867 3961 1090 4016 ἤκουσεν
1133 3957 1158 4008 ό
1202 3953 1404 4016 ἀλαζὼν
1455 3953 1636 4015 ἐκεῖνος
1693 3957 1781 4006 καὶ

190 4050 470 4126 ᾔρϐαρος,
523 4051 618 4102 οὐκ
658 4050 870 4120 ἐνεγκὼν
928 4056 1027 4099 τῶν
1084 4041 1285 4119 ἀνδρῶν
1325 4049 1419 4102 τὴν
1459 4042 1778 4118 παρρησίαν,

185 4141 469 4215 ὑπερζέσας
509 4148 580 4209 τῷ
618 4141 784 4211 θυμῷ,
841 4137 1050 4189 ἐσκόπει
1093 4140 1210 4187 τίνα
1248 4133 1308 4184 ἂν
1364 4133 1558 4206 ἐξεύροι
1600 4152 1783 4205 μηχα-

184 4241 288 4302 νήν,
339 4235 478 4286 ὡστε
524 4232 721 4302 μακρόν
760 4245 814 4278 τε
854 4226 1168 4285 αὐτοῖςκαὶ
1213 4225 1398 4293 πικρὸν
1452 4223 1580 4294 όμού
1626 4240 1784 4273 κατα-

188 4329 439 4380 σκευάσαι
489 4325 576 4372 τόν
642 4319 879 4370 Θάνατον.
934 4315 1062 4390 Εὗρε
1116 4311 1183 4372 δὴ
1251 4320 1337 4365 οῦν
1380 4310 1627 4379 ἐπίνοιαν,
1693 4315 1783 4363 καὶ

1887 3146 2182 3202 mulatum
2199 3161 2520 3218 corporum
2538 3146 2712 3224 vobis
2728 3164 2793 3202 su
2805 3148 3122 3220 mpseritis,
3138 3149 3337 3204 adhuc
3357 3149 3537 3205 etiam

1888 3235 2248 3292 contenditis
2270 3235 2488 3290 animis
2511 3235 2814 3292 dominari
2840 3252 2852 3290 :
2895 3237 3020 3309 qui,
3054 3236 3165 3292 nisi
3199 3237 3318 3293 Deo
3335 3244 3537 3294 nostro

1888 3325 2317 3397 praeferamini,
2351 3325 2572 3382 saevitis
2601 3326 2780 3398 quasi
2828 3330 3096 3382 extrema
3131 3326 3467 3397 ignominia
3506 3344 3543 3385 a

1887 3415 2067 3471 nobis
2089 3415 2287 3471 affecti
2315 3433 2327 3483 ;
2352 3419 2532 3487 atque
2553 3415 2857 3471 horrenda
2873 3416 3002 3473 haec
3028 3417 3326 3488 supplicia
3356 3418 3545 3474 inten-

1890 3504 2046 3571 tatis,
2076 3504 2302 3560 crimen
2334 3504 2509 3559 nobis
2537 3505 2911 3575 objectantes
2942 3505 3336 3577 pietatem.At
3359 3508 3544 3563 often-

1889 3593 2042 3648 detis
2073 3609 2196 3649 non
2227 3593 2491 3663 timidos,
2515 3609 2714 3665 neque
2744 3593 2878 3648 vitae
2909 3594 3184 3665 cupidos,
3218 3611 3416 3667 neque
3438 3596 3543 3668 qui

1888 3683 2061 3739 facile
2084 3689 2548 3755 perterreanlur,
2579 3681 2765 3754 idque
2787 3698 2898 3754 pro
2931 3683 3034 3738 Dei
3065 3683 3402 3740 dilectione.
3430 3687 3542 3740 Nos

1889 3772 2052 3828 enim
2081 3777 2138 3826 et
2157 3771 2362 3838 rotari,
2387 3775 2445 3826 et
2469 3771 2732 3843 torqueri
2759 3771 3038 3843 equuleo,
3071 3776 3128 3827 et
3149 3772 3442 3841 comburi,
3485 3778 3543 3830 et

1889 3876 2068 3919 omne
2100 3865 2532 3916 tormentorum
2573 3875 2764 3930 genus
2796 3861 3055 3932 perferre
3087 3863 3276 3932 parati
3307 3879 3540 3918 sumus.

1961 3957 2013 4008 5.
2051 3953 2182 4007 Haec
2231 3955 2433 4006 autem
2465 3966 2602 4006 cum
2656 3950 2928 4006 audisset
2979 3950 3277 4023 superbus
3323 3952 3420 4012 ille
3470 3969 3542 4010 ac

1890 4041 2209 4111 barbarus,
2231 4039 2398 4097 haud
2419 4039 2611 4096 ferens
2631 4039 2898 4096 virorum
2919 4039 3161 4097 dicendi
3182 4041 3540 4100 libertatem.

1889 4131 1980 4188 ira
2027 4131 2157 4202 ejus
2211 4146 2396 4203 supra
2444 4129 2695 4185 modum
2734 4129 3184 4201 effervescente,
3224 4133 3543 4203 reputabat

1891 4236 2099 4276 secum
2129 4219 2441 4292 quodnam
2464 4218 3180 4290 artificiumexcogitaret,
3202 4225 3267 4277 ut
3286 4231 3542 4278 mortem

1895 4313 1953 4365 et
1978 4309 2228 4377 longam
2257 4313 2316 4363 et
2353 4323 2626 4363 amaram
2668 4307 2847 4363 simul
2878 4308 2964 4364 eis
3005 4313 3278 4365 strueret.
3319 4312 3546 4368 invenit

188 4423 421 4470 σκοπεῖτε
466 4415 537 4472 ὡς
575 4407 837 4481 χαλεπήν.
882 4403 1334 4480 Περισκεψάμενος
1362 4399 1462 4474 γὰρ
1503 4405 1596 4460 τὴν
1628 4404 1775 4474 φύσιν

1897 4399 2142 4456 tandem
2173 4397 2473 4468 ejusmodi
2520 4397 2862 4467 artificium,
2895 4398 3002 4454 sed
3042 4399 3328 4456 attendite
3357 4417 3543 4474 quam

184 4515 270 4569 τῆς
313 4512 525 4578 χώρας,
567 4502 649 4551 ὅτι
689 4491 990 4572 κρυμώὂης,
1030 4497 1120 4544 καὶ
1160 4495 1255 4551 τὴν
1309 4493 1446 4564 ὥραν
1490 4498 1580 4544 τοῦ
1621 4492 1781 4558 ἔτους,

184 4597 258 4649 ὅτι
303 4577 604 4668 χειμέριος,
654 4589 817 4640 νύκτα
883 4584 1207 4658 ἐπιτηρήσας
1256 4580 1306 4633 ἐν
1358 4577 1388 4638 ἦ
1441 4580 1672 4654 μάλιστα
1726 4583 1784 4634 τὸ

185 4768 644 4830 discriminatim
691 4779 922 4840 posse,"
935 4778 1010 4819 ex
1039 4761 1204 4834 prius
1231 4758 1407 4840 dictis
1439 4762 1623 4840 patet.
1657 4761 1788 4840 Mox

189 4829 411 4908 ιεὼς..
433 4842 646 4915 quiest
665 4829 870 4894 noster
894 4829 1380 4915 Reg—secundus,
1406 4829 1464 4884 et
1485 4829 1649 4910 Colb.
1680 4836 1790 4915 ter-

189 4921 298 4973 tius
323 4903 585 4983 πρὸξτὴν
612 4913 874 4983 ἐπήρειαν,
907 4903 1165 4983 assultu.
1201 4903 1541 4983 Lectiounon
1561 4903 1786 4983 inepta.

189 4971 290 5044 lilii
319 4971 579 5060 quidam
608 4971 756 5060 mss.
789 4971 1014 5060 et'editi
1042 4979 1167 5060 πρὸς
1197 4978 1290 5032 τὴν
1320 4980 1525 5046 πεῖραν.
1559 4971 1789 5028 Ibidem

193 5055 794 5132 Βεε-’ρτίφμεὲτεεεν
821 5055 975 5130 μέρος
994 5057 1125 5132 ςι
1265 5119 1278 5132 ,
1320 5115 1332 5127 .
1384 5087 1452 5132 π.

258 5119 343 5200 ('23
355 5119 382 5199 )’
395 5128 588 5184 Editio
605 5119 1049 5200 Bas'il._perind_e
1066 5123 1130 5200 ut
1145 5119 1622 5200 nostri‘quinque
1638 5130 1790 5171 mss.

194 5189 546 5267 ἐπανθοῦσαν,
571 5202 750 5252 recte.
781 5189 1180 5269 EditioParis‘.
1205 5189 1566 5269 énavddﬁeav_-
1600 5201 1791 5269 quam

195 5257 406 5330 falsam
433 5257 801 5341 scripturam
827 5268 1068 5341 secutus
1087 5262 1405 5332 interpres,
1427 5259 1508 5315 ita
1528 5257 1790 5341 hunclo-

198 5363 326 5402 cum
383 5334 607 5399 vertit":
650 5336 976 5394 Pecuniam
1026 5334 1106 5390 da
1153 5347 1288 5403 quw
1323 5337 1676 5400 permaneat
1721 5343 1793 5403 ac

197 5399 471 5474 ιῖόγῆίηαο
501 5415 700 5475 duret,
716 5408 980 5484 gloriam
1000 5399 1384 5484 qgw‘s-empegj
1398 5403 1616 5484 ﬂoreat
1644 5415 1668 5458 .·
1686 5399 1794 5484 sed

197 5471 244 5545 ξ
263 5471 450 5560 scopo
479 5471 1026 5560 longeaberravitf
1047 5475 1250 5560 Potius
1275 5471 1466 5546 igitur
1502 5471 1692 5560 velim
1712 5471 1797 5560 ita

195 5543 625 5633 interpretere."
628 5551 933 5612 Pecunias
963 5548 1073 5606 das
1105 5547 1202 5605 hic
1223 5543 1638 5614 rerizansuras,
1668 5543 1797 5615 glo-

1896 4488 2184 4546 acerbum
2215 4491 2272 4543 et
2299 4501 2500 4557 grave.
2535 4488 2680 4543 Cum
2713 4487 2874 4544 enim
2895 4488 3544 4562 considerassetregio-

1896 4578 1990 4635 nis
2018 4581 2323 4644 naturam,
2349 4573 2518 4648 quod
2546 4573 2766 4645 frigida
2793 4581 2974 4647 esset,
3013 4581 3072 4634 et
3112 4580 3255 4654 anni
3285 4584 3545 4654 tempus,

1894 4758 2052 4814 riam
2082 4759 2567 4811 marcescenlem.
2617 4755 2736 4810 Hoc
2779 4759 2887 4820 est,
2928 4755 3055 4812 Das
3073 4757 3384 4830 pecunias,
3417 4773 3548 4830 qua:

1895 4845 1987 4885 me
2015 4844 2136 4884 non
2176 4832 2317 4882 sunt
2351 4832 2644 4898 secutam
2681 4834 2817 4894 post
2847 4834 3118 4896 mortem,
3158 4829 3260 4884 sed
3287 4829 3547 4898 quaa’hic

1896 4898 2336 4965 remanebunt;
2378 4896 2646 4952 similiter
2692 4898 2801 4953 das
2841 4899 3102 4966 gloriam
3142 4896 3398 4969 quidem,
3447 4899 3548 4954 sed

1897 4987 2029 5042 qum
2049 4971 2254 5042 statim
2281 4972 2480 5025 instar
2503 4969 3014 5042 /loris_tvjansibit.

1969 5044 2086 5112 (24)
2113 5041 2316 5115 Codex
2345 5036 2512 5095 unus
2533 5043 2591 5115 pi
2619 5036 2760 5094 editi
2789 5038 3134 5113 μικρολόγων.
3165 5037 3329 5094 Alius
3356 5058 3545 5115 μικρο.

1896 5109 2020 5184 λόγο
2030 5133 2068 5174 ς.
2099 5111 2348 5184 Aliitres
2374 5109 2710 5184 μικρολόγως.

1973 5178 2313 5258 (25)]Ξάἰιίο
2342 5178 2526 5238 Paris.
2561 5178 2709 5252 βῖλη.
2743 5178 2931 5258 Editio
2968 5180 3138 5258 Basil.
3173 5184 3230 5258 et
3260 5197 3362 5258 sex
3401 5199 3547 5258 mss.

1903 5250 2072 5328 βέλος.
2102 5256 2231 5309 Mox
2261 5269 2414 5328 mss,
2449 5250 2572 5328 non
2601 5251 2779 5328 pauci
2815 5252 2948 5328 ⁸ὅπερ
2982 5250 3135 5306 ἐὰν...
3173 5253 3256 5305 ἐὰν
3289 5250 3369 5309 d‘z’.
3402 5257 3551 5316 Editi

1901 5317 1960 5383 δι
1988 5330 2130 5395 Reg.
2156 5325 2362 5380 tertius
2388 5317 2689 5396 5mp_a‘w:...
2718 5317 2879 5396 eludi.

2130 5399 2274 5473 Beg.
2307 5391 2610 5473 secundus
2644 5407 2758 5473 sed
2781 5392 2927 5448 Med.
2969 5394 3070 5448 οἶοι
3110 5398 3278 5472 ἡμεῖς,
3309 5417 3453 5472 non,
3489 5408 3553 5462 ut

1904 5464 2107 5524 scribit
2128 5464 2402 5532 Ducazus,
2430 5464 2531 5516 οἱοί
2562 5481 2614 5516 τε
2635 5464 2801 5534 ἡμεῖς.
