4076 6190
519 303 622 360 315

1912 287 1972 344 S.
2003 277 2256 341 BASILII
2274 278 2495 342 KAGNI

3777 279 3892 335 316

516 425 684 500 quod
714 407 1064 488 hibernum,
1107 416 1424 474 observata
1454 415 1627 470 nocte
1653 412 1717 469 in
1757 426 1882 485 qua
1909 408 2174 500 maxime

2295 401 2462 460 δεινὸν
2512 405 2838 471 ἐπιτείνεται,
2897 403 3057 464 ἄλλως
3115 398 3174 455 δὲ
3225 405 3315 455 καὶ
3366 401 3474 475 (27)
3529 403 3645 458 τότε
3697 400 3893 478 βορεου

521 498 749 574 malum
785 511 1141 580 augebatur,
1175 503 1508 577 praesertim
1540 518 1678 558 cum
1706 501 1923 558 boreas
1955 501 2016 555 in
2038 498 2176 570 ipsa

521 609 666 662 tunc
710 605 983 678 spiraret,
1025 595 1365 656 denudatos
1394 608 1605 650 omnes
1631 591 1811 663 jussit
1839 589 1953 647 sub
1982 587 2083 644 dio
2112 587 2174 643 in

522 694 725 754 media
755 691 986 748 civitate
1031 683 1378 754 congelatos
1408 682 1582 741 mori.
1613 681 1784 739 Scitis
1812 683 2013 737 autem
2043 693 2174 734 om-

519 786 668 842 nino
700 797 824 848 vos,
860 777 963 849 qui
987 775 1250 832 hiemem
1286 771 1516 844 experti
1553 771 1715 840 estis,
1746 785 1933 842 quam
1967 765 2175 824 intole-

520 871 709 930 rabile
741 870 816 927 sit
863 864 1012 922 illud
1053 862 1334 922 tormenti
1379 877 1592 931 genus.
1626 863 1826 931 Neque
1858 857 2016 914 enim
2046 852 2176 911 ﬁeri

516 963 717 1033 potest
737 960 803 1014 ut
826 954 887 1011 id
915 952 1044 1010 aliis
1071 956 1282 1010 notum
1310 950 1403 1015 sit,
1426 949 1542 1006 nisi
1571 948 1796 1021 quibus
1822 945 2174 1019 postipsam

517 1043 948 1118 experientiam
963 1043 1295 1112 suppetunt
1313 1053 1520 1094 eorum
1539 1036 1613 1092 de
1627 1035 1850 1109 quibus
1868 1033 2176 1105 loquimur

520 1132 818 1207 exempla.
845 1135 1072 1202 Corpus
1093 1128 1254 1184 enim
1275 1125 1442 1198 quod
1462 1124 1668 1194 frigori
1689 1123 2029 1196 exponitur,
2060 1121 2176 1193 pri-

521 1241 690 1284 mum
721 1222 970 1295 quidem
1001 1221 1194 1275 totum
1214 1215 1467 1274 lividum
1499 1219 1612 1280 est,
1642 1213 1940 1284 sanguine
1961 1227 2177 1282 conge-

516 1315 679 1373 lato:
714 1310 930 1367 exinde
974 1308 1237 1377 agitatur
1281 1320 1352 1362 ac
1396 1303 1750 1370 effervescit,
1791 1300 2074 1359 dentibus
2112 1301 2175 1357 in

520 1419 584 1458 se
618 1396 1114 1471 impingentibus,
1161 1392 1431 1451 retractis
1474 1391 1694 1460 nervis,
1727 1395 1785 1447 et
1815 1389 1970 1446 mole
2008 1388 2177 1446 omni

517 1493 732 1562 praeter
760 1485 1128 1543 voluntatem
1159 1484 1487 1538 contracta.
1533 1480 1687 1546 Quin
1719 1484 1776 1537 et
1803 1483 2016 1536 acutus
2043 1478 2174 1550 qui-

516 1578 660 1635 dam
678 1575 1004 1638 cruciatus,
1019 1579 1076 1630 et
1091 1570 1694 1629 dolorinenarrabilis
1710 1569 1788 1626 ad
1803 1569 1968 1641 ipsas
1981 1583 2176 1640 usque

519 1665 817 1724 medullas
853 1662 1235 1736 perveniens,
1278 1677 1461 1717 sensu
1499 1658 1865 1716 intolerabili
1908 1658 2176 1727 algentes

2292 496 2455 555 αὐτὴν
2547 495 2891 560 ἐπιπνέοντος,
2963 493 3192 552 ἐκέλευσε
3257 493 3451 554 πάντας
3526 495 3897 567 γυμνωθέντας

2285 587 2389 640 ὑπὸ
2431 588 2491 640 τὸ
2544 587 2744 662 αίθριον
2784 584 2832 639 έν
2889 587 3022 656 μέσῃ
3073 589 3135 654 τῇ
3176 581 3322 637 πόλει
3357 587 3710 656 πηγνυμένόυς
3753 581 3894 638 ἁπο-

2291 677 2479 730 θανεῐν.
2531 677 2740 734 Πάντως
2781 674 2888 744 (28)
2930 669 2988 727 δε
3040 676 3173 739 ἴστε,
3242 674 3290 726 οἱ
3342 677 3712 747 πεπειραμένοι
3767 691 3893 744 χιι·

2286 773 2475 837 μῶνος,
2518 767 2589 827 ὡς
2619 763 2873 838 ἀφόρητόν
2904 762 3018 818 ἐστι
3055 769 3149 834 τῇς
3181 760 3417 834 βασάνου
3447 765 3506 818 τὸ
3547 759 3706 825 εἶδος.
3741 759 3890 819 Ούδὶ

2283 857 2385 928 γὰρ
2431 851 2652 907 δυνατόν
2711 854 2880 914 ἄλλοις
2927 848 3260 914 ἐνδείξασθαι
3319 853 3349 910 ἣ
3415 859 3521 914 τοῖς
3571 856 3888 928 προαποκεί-

2284 963 2413 1017 μενα
2464 946 2683 1014 ἔχουσιν
2749 943 2802 998 ἐκ
2863 950 2958 1004 τῆς
2999 945 3178 1014 πείρας
3224 940 3385 1002 αὐτῆς
3448 950 3548 994 τῶν
3599 941 3887 1015 λεγομένων

2283 1035 2350 1090 τὰ
2379 1030 2766 1106 ὑποδείγματα.
2814 1039 2968 1104 Σῶμα
3007 1033 3107 1104 γὰρ
3147 1033 3293 1105 κρύει
3321 1034 3628 1106 παραπεσὺν
3675 1039 3886 1106 πρῶτον

2284 1126 2376 1196 μεν
2436 1122 2549 1176 ὅλον
2618 1122 2731 1175 ἐστὶ
2786 1117 3048 1187 πελιδνὸν,
3111 1125 3442 1194 πηγνυμένου
3497 1127 3589 1174 τοῦ
3641 1123 3885 1194 αἳματος·

2287 1215 2461 1266 ἔπειτα
2507 1211 2765 1265 κλονεῐται
2819 1214 2909 1264 καὶ
2967 1208 3374 1284 ἀναϐράσσεται,
3437 1207 3659 1266 ὀδόντων
3717 1208 3890 1284 ἀρασ-

2288 1305 2535 1374 σομένων,
2580 1303 2858 1373 σπωμένων
2923 1295 2981 1352 δί
3037 1308 3137 1352 τῶν
3195 1299 3328 1367 ἰνῶν,
3393 1304 3482 1352 καὶ
3547 1303 3735 1360 παντὸς
3784 1307 3888 1352 τοῦ

2287 1393 2444 1462 ὄγκου
2486 1389 2835 1465 ἀπροαιρέτως
2881 1387 3252 1461 συνελκομένου
3297 1384 3492 1447 Ὀδύνη
3540 1384 3599 1442 δέ
3629 1407 3710 1450 τις
3757 1384 3891 1461 δριαο

2285 1487 2425 1554 μεῖα,
2479 1484 2569 1533 καὶ
2621 1483 2774 1539 πόνος
2830 1476 3055 1552 ἆρρητος
3103 1477 3269 1530 αὐτῶν
3327 1479 3729 1550 καθικνούμενος
3785 1486 3894 1530 τῶν

2285 1568 2505 1643 μυελῶν,
2585 1564 2995 1642 δυσφορωτάτην
3069 1575 3296 1621 ποιεῖται
3361 1575 3467 1628 τοῖς
3542 1571 3894 1640 πηγνυμένοις

2285 1663 2378 1718 τὴν
2426 1659 2698 1717 αἴσθησιν.
2757 1655 2975 1711 Ἔπειτα
3022 1656 3476 1732 ἀκρωτηριάζεται
3526 1657 3663 1728 (29),
3709 1659 3888 1731 ὥσπερ

517 1754 722 1812 afﬁcit.
752 1757 894 1811 Tum
921 1751 1252 1816 mutilatur,
1275 1749 1553 1807 extremis
1592 1747 1867 1821 partibus
1892 1747 2071 1820 quasi
2097 1745 2174 1802 ab

2287 1747 2388 1800 ἀπὸ
2441 1750 2620 1821 πυρὸς,
2676 1750 2958 1819 καιομένων
3011 1754 3112 1798 τῶν
3168 1747 3362 1820 ἄκρων.
3434 1741 3890 1819 Ἀποδιωκόμενον

516 1844 656 1914 igne
698 1841 1119 1902 concrematis.
1171 1838 1346 1896 Calor
1375 1839 1537 1896 enim
1586 1838 1666 1895 ab
1698 1836 2176 1895 extremitatibus

518 1932 788 2006 corporis
808 1931 1072 2000 fugatus,
1099 1933 1156 1986 et
1175 1928 1255 1986 ad
1275 1927 1559 1985 interiora
1580 1926 1952 1996 confugiens,
1978 1929 2177 1998 partes

518 2038 554 2080 a
582 2022 806 2095 quibus
832 2019 1125 2089 abscedit,
1152 2016 1439 2090 relinquit
1460 2020 1730 2073 mortuas
1759 2032 1774 2072 :
1803 2031 1906 2074 eas
1938 2029 2077 2070 vero
2097 2013 2177 2070 ad

517 2127 673 2185 quas
715 2109 1093 2168 contruditur
1135 2106 1458 2175 excruciat,
1498 2109 1691 2162 morte
1733 2104 2024 2178 paulatim
2070 2118 2179 2176 per

505 2199 1007 2272 .congelationem
1054 2196 1396 2257 accedente.
1437 2198 1600 2252 Tunc
1631 2194 1806 2265 igitur
1835 2210 1907 2250 ea
1944 2193 2006 2250 in
2043 2192 2179 2249 illos

520 2289 644 2348 lata
673 2288 971 2347 sententia
1017 2291 1127 2355 est,
1167 2290 1234 2342 ut
1280 2285 1399 2342 sub
1429 2284 1530 2341 dio
1559 2287 2004 2356 pernoctarent,
2037 2298 2178 2339 cum

526 2383 835 2450 stagnum,
868 2376 1093 2434 circum
1115 2374 1282 2448 quod
1316 2374 1558 2432 condita
1599 2374 1768 2446 153
1793 2377 1922 2430 erat
1949 2371 2175 2428 civitas.

519 2468 584 2526 in
639 2483 765 2542 qua
797 2467 989 2524 sancti
1027 2462 1441 2522 decertabant.
1483 2467 1641 2518 esset
1689 2465 1850 2518 velut
1894 2460 2178 2534 quaedam

517 2555 796 2630 planities
843 2552 1201 2627 equitabilis,
1245 2550 1439 2622 glacie
1494 2549 1644 2606 illud
1711 2553 2175 2619 transmutante,

518 2661 783 2720 cumque
804 2644 869 2702 id
891 2661 963 2702 ex
983 2643 1204 2714 frigore
1226 2641 1306 2699 ad
1333 2639 1690 2698 continentis
1708 2645 1989 2697 naturam
2009 2639 2178 2696 reda-

525 2741 712 2805 ctum,
762 2750 945 2807 super
983 2740 1240 2790 dorsum
1284 2731 1394 2788 iter
1423 2729 1768 2787 accolarum
1798 2730 2059 2802 pedibus
2094 2735 2179 2786 tu-

522 2829 652 2885 tum
691 2823 1006 2896 praeberet,
1033 2826 1444 2893 praetereaque
1476 2819 1638 2876 ﬂuvii
1663 2821 1768 2892 qui
1787 2819 2006 2891 jugiter
2028 2818 2178 2876 ﬂue~

521 2914 692 2982 bant,
719 2911 908 2982 glacie
925 2909 1253 2977 constricti,
1277 2908 1601 2965 desiissent
1619 2923 1890 2977 manare,
1914 2913 1972 2965 et
1992 2924 2176 2982 aqua-

517 3018 655 3060 rum
679 3005 898 3059 natura
925 2998 1164 3056 mollior
1187 2999 1249 3056 in
1271 2997 1543 3071 lapidum
1571 2996 1854 3054 duritiem
1883 3013 2175 3055 conversa

518 3096 702 3160 esset,
734 3106 874 3148 cum
900 3089 1166 3162 denique
1205 3104 1374 3144 acres
1399 3087 1603 3145 berem
1629 3087 1809 3145 ﬂatus
1841 3087 2174 3146 animantia

515 3180 724 3239 omnia
754 3183 1035 3250 urgerent
1066 3178 1146 3236 ad
1174 3181 1454 3236 mortem.

589 3365 644 3417 6.
673 3362 837 3416 Tunc
875 3356 1057 3428 igitur
1095 3356 1302 3414 audito
1345 3355 1541 3414 edicto
1574 3357 1650 3428 (et
1679 3356 1824 3412 mihi
1853 3356 1952 3413 hic
1979 3355 2171 3412 consiv

518 3450 693 3506 deres
718 3446 898 3504 velim
915 3446 1188 3504 virorum
1213 3445 1685 3518 insuperabilem
1715 3445 2166 3517 constantiam),

517 3537 942 3610 unusquisque
973 3540 1285 3608 postrema
1327 3535 1510 3591 etiam
1539 3535 1740 3592 tunica
1767 3535 1886 3591 late
1912 3534 2168 3606 abjecta,

517 3644 626 3702 per
640 3627 829 3697 frigus
847 3625 927 3682 ad
943 3629 1200 3681 mortem
1222 3624 1738 3696 progrediebatur,
1753 3623 1902 3680 alter
1916 3623 2170 3681 alterum

518 3716 699 3790 quasi
745 3714 826 3772 ad
885 3713 1077 3787 spolia
1128 3713 1474 3787 diripienda
1527 3713 1902 3770 cohortatus.
1968 3716 2171 3786 Neque

588 3860 703 3931 (27)
736 3857 908 3931 Editi
938 3856 1116 3931 esse;
1136 3875 1190 3931 τε
1233 3861 1346 3912 καί.
1372 3855 1646 3931 ‘Antiqui
1674 3855 1969 3931 sexdlibri
2008 3855 2171 3931 άλλως

521 3927 721 3987 dimi.
758 3929 969 3987 Statim
1016 3928 1121 3984 ubi
1169 3928 1231 3983 in
1263 3927 1526 3999 antiquis
1547 3927 1920 3999 ‘editionibus
1956 3927 2173 3997 legitur

519 4001 570 4055 iv
599 4007 732 4076 μέσῃ
774 4009 836 4076 τῇ
868 3999 1013 4076 πόλει
1043 4000 1336 4076 inmediri
1368 3998 1634 4076 civitate,
1667 3998 2172 4076 vir_doctissim_u_s

519 4069 764 4130 Vossius
798 4069 915 4141 legi
955 4075 1231 4142 oportere
1262 4070 1356 4142 ait
1383 4069 1430 4122 ἐν
1471 4073 1604 4142 μέσῃ
1653 4077 1733 4142 τῇ-
1760 4069 1939 4142 λίμνῃ,
1981 4071 2171 4142 medio

519 4147 584 4202 in
624 4139 882 4217 stagno;
903 4139 1312 4217 uti—scriptum
1345 4139 1602 4217 inveniri
1640 4139 1903 4196 affirmat
1925 4140 1992 4217 in
2016 4139 2171 4196 libro

523 4210 948 4289 antiquissimo
973 4231 986 4271 :
1007 4213 1117 4289 sed
1140 4210 1449 4282 vulgatam
1468 4210 1788 4289 lectionem
1807 4211 1995 4268 nostri
2019 4228 2168 4270 mss.

521 4283 736 4342 omniss
751 4299 982 4351 magno
1003 4283 1155 4339 inter
1185 4300 1246 4340 se
1281 4297 1581 4338 consensu
1602 4287 1864 4338 tuentur.

594 4359 710 4427 (28)
740 4356 890 4411 Editi
914 4357 1120 4427 πάντες.
1149 4359 1220 4410 At
1244 4355 1379 4410 libri
1411 4353 1886 4427 antiqui_7_r_c£qu.

566 4423 709 4500 ,(29⁷)
742 4427 929 4500 Editio
953 4425 1137 4500 Paris.
1173 4432 1228 4482 et
1249 4423 1620 4500 Reg.tertius
1645 4424 1880 4500 liberet
1907 4423 2172 4500 optimus

521 4498 578 4572 et
603 4495 1048 4572 vetustissimus
1080 4496 1550 4572 ἀκρωτηριάζεται,
1592 4511 1703 4552 nec
1746 4495 2174 4572 aliter__1egitur

521 4569 587 4640 in
616 4585 723 4625 ora
753 4567 1477 4640 codicumAAn'glicorum.
1497 4568 1568 4622 At
1587 4574 1842 4640 utraque
1866 4567 2046 4640 editio
2076 4569 2174 4640 Ba-

523 4639 614 4694 sil.
646 4645 702 4696 et
730 4638 876 4695 Med.
911 4645 967 4694 et
987 4638 1143 4713 _Qliv.
1185 4638 1832 4713 etalii_quat_uor_m_ss.
1861 4638 2174 4713 uxpornptd-

524 4712 690 4772 ζεται-
724 4726 908 4782 quem
943 4710 1217 4782 ultimam
1249 4709 1552 4765 scribendi
1576 4710 1870 4782 rationem
1895 4709 2174 4782 vitiosam

522 4799 653 4842 esse
679 4780 917 4854 judicat
945 4780 1232 4854 Henricus
1257 4782 1598 4852 Stephanus
1620 4781 1682 4836 in
1710 4783 2033 4838 Thesauro.
2066 4780 2175 4836 lbi-

525 4853 666 4912 dem
684 4853 856 4911 unus
879 4869 990 4910 ms.
1025 4853 1124 4924 ὑπὸ
1154 4855 1340 4924 πυρὸς.

600 4927 715 4996 (30)
749 4924 938 4982 Editio
982 4923 1160 4980 Paris.
1202 4919 1259 4978 et
1305 4921 1485 4996 Angl.
1517 4930 1626 4996 τοῖς
1659 4920 1809 4996 δίνη
1861 4920 2048 4996 ὀδύνας
2087 4919 2174 4975 δί-

525 4991 840 5067 δωσιίΛΙίί
902 5001 1162 5067 quatuor
1211 5010 1356 5050 mss.
1410 4991 1488 5067 ξτοὶ
1542 4991 1601 5046 δὲ
1637 4993 1728 5067 ip,
1784 4994 1908 5050 ἆυ..
1955 4992 2176 5067 ,ὀδύνας

524 5065 744 5134 δίδωσι,
777 5063 968 5125 Editio
999 5065 1172 5122 Basil.
1214 5071 1272 5121 et
1309 5063 1458 5121 Med.
1493 5070 1547 5119 et
1587 5063 1735 5122 Oliv.
1782 5073 1838 5122 et
1869 5066 2034 5123 Colb.
2068 5071 2178 5122 ter-

521 5141 639 5196 tius
675 5146 737 5195 ut
760 5139 824 5194 in
856 5144 1175 5210 contextu:
1199 5137 1278 5193 ad
1299 5137 1571 5210 verbum,
1592 5153 1696 5210 reas
1716 5153 1854 5194 vero
1866 5144 2076 5210 partes
2095 5137 2178 5194 ad

521 5227 670 5282 quas
701 5211 1055 5280 impellitur,
1106 5208 1413 5282 doloribus
1457 5209 1669 5265 tradit.
1701 5210 1839 5265 Mox
1875 5208 2026 5265 mss.
2059 5214 2176 5265 tres

520 5280 848 5354 προσιόντος.
876 5282 1042 5340 Alius
1067 5285 1125 5337 et
1149 5280 1291 5336 editi
1318 5284 1604 5354 προίόντος.

592 5357 729 5424 (31)
759 5353 929 5421 Illud,
983 5357 1110 5405 Τότε
1155 5356 1327 5405 τοίνυν
1355 5351 1568 5424 αἴθριοι,
1629 5354 1766 5416 etc.,
1830 5351 1916 5424 ita
1956 5351 2176 5424 Latine

521 5422 1147 5496 reddiditinterpres:
1179 5425 1381 5494 Igitur
1421 5422 1619 5480 s‘anrti
1647 5425 1757 5480 Dei
1791 5423 1898 5496 sub
1923 5423 2021 5479 dio
2041 5438 2173 5494 per-

523 5499 773 5566 nectare
785 5495 848 5548 in
869 5501 1076 5564 stagno
1102 5497 1360 5565 quodam
1379 5497 1530 5564 iussi
1563 5501 1699 5551 sunt
1728 5495 1886 5566 quod
1905 5511 2019 5564 pro
2040 5511 2175 5553 mce-

523 5563 697 5619 nibus
720 5563 983 5621 civitatis
1004 5563 1154 5622 erat.
1183 5566 1299 5621 Sed
1319 5563 1434 5622 hec
1460 5581 1584 5623 non
1601 5563 1754 5622 dixit
1775 5563 2050 5624 Basilius.
2083 5567 2177 5624 Ait

521 5635 745 5706 solum,
759 5634 969 5694 beatos
983 5636 1095 5695 hos
1110 5641 1410 5709 martyres
1426 5651 1498 5693 ex
1507 5637 1528 5710 j
1539 5637 1731 5696 udicis
1745 5638 2041 5697 sententia
2060 5638 2176 5696 sub

2207 3115 2247 3170 Β

2207 4469 2252 4524 D

2284 1840 2385 1912 γὰρ
2440 1841 2499 1889 τὸ
2543 1839 2728 1910 θερμὸν
2768 1835 2867 1890 ἀπὸ
2913 1845 3012 1889 τῶν
3060 1837 3294 1910 περάτων
3345 1843 3437 1888 τοῦ
3485 1840 3742 1907 σώματος,
3793 1839 3890 1889 καὶ

2289 1935 2583 2000 συμφεῦγον
2623 1926 2706 1979 ἐπὶ
2739 1929 2797 1979 τό
2845 1924 3030 1999 βάθος,
3067 1925 3133 1978 τὰ
3169 1928 3280 1998 μὲν,
3318 1926 3431 1978 ὅθεν
3475 1923 3697 1994 ἀπέστη,
3729 1929 3892 1999 νεκρὰ

2285 2015 2602 2084 καταλείπει,
2657 2017 2723 2068 τὰ
2771 2010 2852 2084 δὲ,
2907 2013 2980 2086 ἐφ’
3048 2012 3082 2065 ἆ
3141 2015 3471 2082 πνωθείται,
3528 2009 3738 2073 ὀδύναις
3798 2011 3890 2066 δί-

2288 2102 2426 2158 δωσι
2457 2106 2592 2176 (30),
2623 2105 2759 2156 κατὰ
2797 2102 2982 2178 μικρὸν
3018 2109 3108 2156 τοῦ
3155 2103 3378 2156 θανάτου
3427 2099 3522 2156 διά
3559 2111 3652 2164 τῆς
3687 2103 3889 2165 πήξεως

2286 2199 2614 2268 προσιόντος.
2675 2195 2801 2245 Τότε
2847 2196 3019 2246 τοίνυν
3065 2193 3260 2267 αἵθριοι
3303 2193 3412 2262 (3i)
3471 2187 3889 2264 διανυκτερεύειν

2285 2281 2771 2351 κατεδικάσθησαν,
2825 2283 2906 2338 ὅτε
2956 2281 3110 2356 λίμνη
3164 2285 3277 2355 μὲν,
3345 2285 3465 2356 περὶ
3531 2281 3593 2340 ἣν
3650 2282 3680 2339 ἡ
3739 2280 3892 2342 πόλις

2288 2381 2638 2446 κατῴκισται,
2680 2372 2729 2424 ἐν
2859 2379 3028 2425 ταῦτα
3070 2368 3320 2430 διήθλουν
3363 2373 3412 2423 οἱ
3456 2371 3621 2442 ἅγιοι,
3671 2370 3778 2424 οἶόν
3834 2389 3891 2424 τε

2285 2461 2467 2517 πεδίον
2540 2461 2828 2522 ἱππήλατον
2904 2459 2987 2530 ἧν,
3049 2465 3495 2535 μεταποιήσαντος
3563 2461 3726 2518 αὐτὴν
3795 2467 3896 2513 τοῦ

2287 2551 2636 2629 κρυστάλλου·
2699 2555 2792 2604 καὶ
2842 2551 3196 2626 ἠπιιρωθεῖσα
3268 2559 3341 2622 τῷ
3410 2551 3578 2625 κρύει,
3647 2547 3896 2622 ἀσφαλῶς

2285 2644 2413 2717 ὑπερ
2487 2650 2647 2695 νῶτον
2720 2640 2951 2700 πεζεύειν
3024 2643 3306 2714 παρείχετο
3393 2647 3500 2701 τοῖς
3580 2643 3892 2711 περιοίκοιςη

2284 2735 2511 2805 ποταμοί
2561 2727 2620 2783 δὴ
2660 2728 2846 2782 ἁένναα
2885 2729 3104 2804 ῥέοντες,
3162 2737 3234 2800 τῷ
3279 2727 3583 2804 κρυστάλλῳ
3637 2724 3890 2792 δεθέντες,

2282 2831 2380 2884 τῶν
2421 2821 2637 2897 ῥείθρων
2682 2821 2930 2880 ἔστησαν*
2983 2822 3013 2878 ἦ
3058 2837 3115 2872 τε
3171 2819 3279 2888 (32)
3331 2816 3500 2877 ἁπαλὴ
3550 2825 3640 2870 τοῦ
3685 2813 3893 2878 ὕδατος

2285 2913 2442 2985 φύσις
2490 2913 2618 2985 πρὸς
2674 2914 2767 2968 τὴν
2813 2917 2914 2962 τῶν
2969 2907 3125 2961 λίθων
3182 2906 3488 2961 ἀντιτυπίαν
3535 2908 3888 2981 μπεποιήθη·

2285 3000 2471 3075 βορέου
2507 2997 2566 3053 δὲ
2615 2995 2853 3075 δριμεῖαι
2898 3003 3055 3052 πνοαὶ
3095 2999 3155 3052 τὸ
3195 2998 3438 3072 ἔμψυχον
3479 2997 3616 3052 ἅπαν
3658 2996 3743 3051 ἐπὶ
3792 2999 3888 3051 τὸυ

2285 3093 2503 3144 θάνατον
2531 3093 2747 3163 ἤπειγον
2776 3089 2911 3161 (33

2349 3364 2400 3416 6.
2437 3363 2565 3414 Τότε
2607 3361 2780 3411 τοίνυν
2819 3355 3140 3420 ἀκούσαντες
3184 3365 3276 3410 τοῦ
3319 3360 3728 3433 προστάγματος
3761 3364 3884 3426 (καὶ

2279 3452 2462 3504 σκόπει
2508 3467 2598 3522 μοι
2641 3449 2864 3501 ἔνταῡθα
2917 3455 3018 3499 τῶν
3067 3443 3270 3521 ἀνδρῶν
3317 3451 3376 3502 τὸ
3435 3444 3735 3518 ἁῆττητον),
3786 3467 3886 3521 με-

2276 3542 2346 3593 τὰ
2381 3544 2554 3614 χαρᾶς
2612 3535 2992 3612 ἀπορρίψαντες
3040 3537 3255 3598 ἕκαστος
3306 3542 3395 3590 καὶ
3446 3539 3536 3590 τὸν
3586 3536 3882 3592 τελευταῖον

2277 3636 2504 3704 χιτῶνα,
2538 3631 2665 3701 πρὸς
2710 3629 2799 3679 τὸν
2843 3622 2938 3679 διὰ
2983 3634 3076 3678 τοῦ
3118 3629 3310 3702 κρύους
3357 3627 3590 3702 ἐχώρουν
3635 3628 3884 3696 θάνατον,

2279 3715 2452 3793 ὥσπερ
2499 3717 2546 3769 ἐν
2610 3715 2810 3770 σκύλων
2861 3711 3132 3788 διαρπαγῆ
3193 3715 3428 3779 ἀλλήλοις
3475 3715 3881 3790 ἐγκελευόμενοι.

2277 3861 2379 3918 dio
2404 3863 2790 3934 pernoctasse
2819 3860 3202 3934 eotempore,
3232 3875 3357 3934 quo
3389 3865 3696 3934 stagnum,
3717 3858 3887 3934 circa

2278 3929 2443 4006 quod
2455 3930 2699 4006 condita
2714 3929 3082 4006 e‘ratcivitas,
3097 3931 3233 4006 gelu
3246 3929 3612 4006 constiterat.
3628 3929 3884 4006 Errandi

2281 3998 2466 4059 causa
2487 4003 2595 4058 fuit
2613 4001 2781 4074 illud,
2822 3998 2870 4052 έν
2898 4020 2926 4074 ῃ
2963 4017 2978 4056 :
3011 3998 3179 4074 quod
3209 4003 3380 4058 multi
3405 4005 3486 4059 ita
3506 4004 3885 4074 interpretati

2280 4079 2441 4142 sunt,
2461 4075 2637 4146 quasi
2654 4072 3049 4130 referendum
3072 4079 3228 4130 esset
3258 4075 3334 4130 ad
3365 4090 3579 4146 vocem
3610 4072 3794 4146 λίμνη,
3829 4074 3885 4126 ἄν

2340 4145 2521 4224 λίμνη,
2554 4148 2617 4201 in
2655 4160 2772 4224 quo
2797 4149 3037 4224 stagno,
3064 4161 3208 4224 cum
3239 4150 3443 4224 tamen
3473 4145 3739 4206 dubitari
3759 4161 3890 4203 me-

2281 4216 2542 4289 rito’nOn
2580 4216 2784 4289 po3sit,
2817 4216 2965 4289 quin
2995 4216 3082 4289 ad
3110 4217 3497 4289 vocemque)“
3527 4233 3713 4289 quam
3741 4232 3886 4288 pro.

2279 4288 2441 4364 xime
2481 4285 2774 4364 seq—gitur,
2805 4285 3010 4364 referri
3048 4287 3284 4357 debeat,
3315 4287 3375 4364 iv
3409 4286 3436 4362 ᾖ
3471 4285 3635 4357 πόλει,
3663 4285 3885 4364 ίη’ᾳιια

2281 4356 2721 4416 civitate.'Scio
2767 4356 3014 4428 quidem
3051 4356 3276 4415 omnes
3307 4356 3426 4416 fere
3461 4356 3886 4416 auctOritafem

2282 4430 2452 4502 sequi
2482 4426 3061 4504 Ephriemi'diaconi,
3091 4431 3197 4504 qui
3225 4431 3728 4504 aitquadraginta
3746 4431 3888 4504 illos

2282 4501 2580 4574 martyres
2599 4501 2662 4558 in
2687 4504 2904 4584 stagno
2934 4501 3488 4584 frigorinexposit‘os
3516 4502 3699 4584 fuisse
3723 4520 3748 4584 τ’
3773 4503 3888 4584 sed

2282 4589 2422 4632 cum
2446 4573 2980 4647 nonexstentipsa
2999 4573 3361 4647 sanctissimi
3389 4574 3546 4634 illius
3569 4573 3889 4647 scriptoris

2282 4643 2604 4718 opera,sed
2620 4643 3148 4718 eorumlduntaxat
3163 4645 3570 4718 interpretatio
3592 4643 3888 4718 quaedam

2282 4714 2407 4789 non
2436 4715 2516 4771 ita
2548 4714 3046 4789 perfectaﬂonge
3083 4714 3335 4789 praestat
3369 4718 3536 4789 sequi
3569 4714 3886 4789 Basilium,

2281 4787 2387 4859 qui
2404 4785 2615 4861 aperte
2627 4785 2787 4861 dicit
2804 4785 3160 4861 fortissimos
3179 4788 3314 4844 illos
3337 4785 3501 4861 viros
3519 4785 3888 4861 martyrium

2282 4857 2483 4941 media
2501 4857 2559 4913 in
2588 4857 2821 4941 civitate
2838 4858 3180 4941 pertulisse,
3202 4860 3407 4941 nonin
3433 4857 3888 4941 stagno.'acc_e-

2282 4875 2483 4940 media
2501 4875 2559 4913 in
2588 4875 2821 4913 ClVltale
2838 4875 3180 4986 pertulisse,
3202 4875 3327 4916 non
3347 4876 3407 4941 in
3433 4875 3670 4941 stagno.
3695 4875 3888 4916 acce-

2282 4929 2369 5010 dit
2397 4935 2604 4999 etiam,
2635 4928 2805 5002 quod
2834 4931 2936 5010 ila
2968 4930 3270 5010 Ερωῳωί
3310 4931 3553 5010 diaconi
3583 4933 3891 5010 sententia

2282 5001 2383 5057 vix
2410 5001 2991 5074 quoque’conciliari
3011 5001 3202 5074 possit
3224 5019 3363 5059 cum
3389 5003 3588 5059 verbis
3609 5003 3890 5072 Gregorii

2283 5071 2744 5147 Nyss'eniitomo
2774 5074 2865 5138 Ill,
2899 5089 2962 5146 p.
2984 5071 3250 5147 5D2,_sub
3276 5075 3481 5144 ﬁnem,
3505 5079 3562 5131 et
3582 5071 3888 5147 pagis“,

2285 5143 2443 5200 circa
2470 5143 2759 5216 medium.
2801 5143 2952 5216 Lege
2981 5144 3413 5204 Praefationem.

2357 5219 2472 5283 (32)
2504 5215 2752 5272 Codices
2779 5214 3058 5273 nonnulli
3087 5222 3146 5273 et
3175 5217 3318 5273 editi
3343 5221 3372 5277 ἡ
3397 5235 3471 5273 τε.
3495 5217 3630 5274 Alii.
3661 5217 3693 5276 ἦ
3725 5214 3808 5274 δέ.

2353 5287 2464 5362 (33)
2491 5287 3280 5362 TyppgrapbiParisienses
3327 5305 3400 5362 ex
3440 5289 3704 5362 fAnglicis
3747 5289 3888 5362 quiT

2282 5355 2551 5432 busdam
2566 5355 2740 5432 libris
2769 5355 3094 5432 ediderunt
3113 5358 3323 5432 ἐπῆγον,
3337 5355 3712 5418 άεάαοὲὺαηι
3733 5377 3746 5417 :
3769 5355 3892 5417 sed

2285 5433 2341 5485 et
2377 5429 2440 5484 in
2482 5429 2744 5487 editione
2768 5429 3101 5490 Basileensi
3139 5429 3294 5488 etin
3332 5432 3568 5490 Gallicis
3605 5448 3711 5488 sex
3732 5448 3888 5491 mss.

2285 5504 2631 5584 constanter
2673 5501 2892 5584 legitur
2936 5505 3169 5584 ἤπειγον,
3197 5505 3495 5577 urgebant
3529 5521 3543 5561 :
3575 5503 3745 5577 quod
3791 5520 3891 5562 ve-

2283 5573 2408 5633 rius
2430 5588 2563 5632 esse
2579 5577 2637 5632 et
2653 5573 2868 5630 melius
2885 5573 3271 5634 arbitramur.
