4076 6190
509 257 616 315 819

1895 243 1953 301 S.
1994 237 2244 299 BASILII
2281 236 2521 299 MAGNI.
2592 260 2593 263 ‘
3737 254 3829 310 ":20

513 381 681 452 ginta
702 388 1084 443 coronemur,
1107 388 1144 429 o
1166 370 1434 428 Domine.
1459 373 1539 427 Ne
1563 383 1724 426 unus
1747 367 1996 443 quidem
2015 364 2170 423 desit

2291 366 2482 416 τάντων
2532 364 2690 437 εύχή.
2747 365 3152 441 Τεσσαράκοντα
3204 364 3510 442 εἰσήλθομεν
3552 369 3614 432 εἰς
3636 374 3689 424 τὸ
3727 377 3842 426 στά-

512 468 655 527 huic
680 480 954 524 numero.
988 459 1358 518 Venerabilis
1384 464 1473 515 est
1514 458 1611 515 hic
1639 472 1952 525 numerus,
1982 469 2169 530 quem

513 556 919 633 quadraginta
946 551 1179 607 dierum
1194 548 1430 620 jejunio
1452 548 1763 605 honorasti
1782 548 1968 619 “,per
1984 559 2170 619 quem

512 646 610 704 lex
625 646 929 715 ingressas
946 644 1034 695 est
1052 639 1113 694 in
1133 637 1668 705 mundum“,Elias
1685 651 1824 693 cum
1846 633 2170 692 Dominum

515 750 622 809 per
644 728 1048 806 quadraginta
1066 725 1193 782 dies
1213 725 1274 781 in
1291 726 1524 797 jejunio
1545 723 2171 809 conquisisset,ipsum

516 808 663 878 vidit
680 822 748 876 ³⁵.
783 820 848 873 Et
867 818 997 872 haec
1025 813 1275 889 quidem
1296 820 1423 872 erat
1440 815 1680 871 illorum
1703 812 2003 887 precatio:
2063 808 2174 867 sed

516 925 674 965 unus
694 924 766 963 ex
787 921 997 962 eorum
1018 919 1273 960 numero
1292 903 1580 960 cruciatui
1594 898 2175 969 succumbens,inef-

516 996 760 1055 fabilem
771 994 1001 1050 luctum
1012 991 1248 1048 deserto
1259 987 2179 1060 ordine,sanctisdereliquit.Ve.

516 1101 654 1143 rum
678 1098 804 1140 non
829 1082 966 1138 sivit
988 1081 1277 1138 Dominus
1313 1094 1522 1136 eorum
1547 1093 1758 1150 preces
1803 1077 1999 1133 irritas
2044 1089 2178 1132 esse

518 1180 698 1247 atque
741 1170 1101 1228 ineﬂicaces.
1152 1172 1299 1225 Nam
1342 1167 1439 1224 cui
1467 1172 1806 1239 martyrum
1833 1164 2180 1222 concredita

519 1262 795 1320 custodia
820 1265 966 1324 erat,
999 1259 1049 1314 is
1079 1273 1204 1314 non
1228 1258 1407 1327 longe
1435 1272 1466 1312 e
1517 1255 1791 1329 quodam
1831 1253 2176 1328 gymnasio,

519 1352 671 1409 dum
692 1365 757 1405 se
786 1347 1160 1413 calefaceret,
1191 1346 1277 1402 rei
1306 1346 1531 1400 exitum
1549 1343 1938 1412 observabat,
1963 1341 2180 1399 milites

520 1457 624 1498 eos
648 1438 756 1513 qui
781 1437 861 1493 ad
888 1437 1091 1509 ipsum
1123 1434 1514 1505 confugerent
1552 1433 1858 1506 suscipere
1907 1436 2179 1505 paratus.

521 1531 673 1585 Nam
697 1531 755 1582 et
781 1526 899 1582 hoc
927 1539 1173 1597 quoque
1202 1523 1610 1592 excogitatum
1635 1520 1853 1590 fuerat,
1877 1525 1941 1577 ut
1962 1519 2026 1577 in
2046 1534 2182 1592 pro-

520 1617 752 1691 pinquo
780 1613 1069 1670 balneum
1098 1617 1273 1679 esset,
1305 1626 1428 1685 quo
1459 1610 1798 1667 remedium
1827 1612 2181 1682 promptum

2280 449 2415 519 διον,
2456 455 2505 506 οἱ
2533 455 2928 529 τεσσαράκοντα
2968 456 3468 530 στρεφανωθείημιεν,
3511 462 3738 515 Δέσποτα.
3767 466 3840 520 Μὴ

2277 539 2428 614 λείψη
2461 550 2535 613 τῷ
2567 540 2773 618 ἀριθμῷ
2803 540 2944 617 μηδε
2963 542 3054 605 εἷς.
3086 547 3273 617 Τίμιός
3316 543 3475 614 ἐστιν,
3518 546 3570 598 ὃν
3608 546 3831 622 ἐτίμησας

2278 636 2341 702 τῇ
2387 635 2606 704 νηστείᾳ
2651 640 2751 684 τῶν
2798 634 3192 707 τεσσαράκοντα
3238 634 3456 708 ἡμερῶν,
3490 631 3559 687 δι’
3613 637 3668 688 οὗ
3705 657 3836 711 νομο-

2282 718 2433 770 θεσία
2485 719 2720 778 εἰσῆλθεν
2783 719 2857 783 εἰς
2891 723 2980 774 τὸν
3027 725 3245 795 κόσμον.
3276 718 3680 797 ’Τεσσαράκοντα
3721 728 3835 799 ἠμέ-

2280 824 2401 882 ραις
2448 806 2497 860 ἐν
2546 813 2764 883 νηστείᾳ
2808 809 2986 873 Ἠλίας
3032 809 3327 873 ἐκζητήσας
3371 814 3455 864 τὸν
3512 815 3689 889 Κύριον
3725 816 3838 890 (id),

2282 904 2375 958 τῆς
2410 899 2523 960 θέας
2565 900 2768 970 ἔτυχεν.
2828 904 2928 953 Καὶ
2975 901 3005 958 ἠ
3062 902 3152 973 μὲν
3209 898 3405 953 ἐκείνων
3444 900 3572 972 εύχή
3609 905 3836 961 τοιαύτη·

2287 987 2353 1047 εἷς
2397 983 2457 1040 δε
2500 993 2593 1039 τοῦ
2651 985 2897 1061 ἀριθμοῦ,
2948 987 3175 1051 ὀκλάσας
3222 992 3348 1064 πρὸς
3388 991 3454 1042 τὰ
3494 987 3652 1058 δεινὰ,
3698 991 3841 1045 λειπο-

2286 1079 2550 1138 τακτήσας
2587 1079 2777 1147 ᾤχετο,
2823 1078 3006 1140 πένθος
3052 1076 3319 1150 ἀμύθητον
3357 1085 3462 1139 τοῖς
3501 1076 3665 1151 ἁγίοις
3699 1099 3841 1133 κατα-

2284 1162 2466 1219 λιπών.
2518 1162 2656 1217 Ἀλλ’
2707 1164 2767 1217 ού
2814 1167 2916 1239 γὰρ
2961 1163 3155 1238 ἀφῆκεν
3201 1166 3370 1219 αὐτῶν
3409 1164 3594 1228 ἀτελεῖς
3631 1171 3843 1239 γενέσθαι

2286 1253 2379 1314 τὰς
2437 1248 2647 1315 δεήσεις
2697 1254 2723 1304 ό
2782 1256 2993 1328 Κύριος.
3050 1252 3108 1306 Ὀ
3159 1256 3259 1331 γὰρ
3306 1260 3402 1314 τὴν
3474 1256 3693 1329 φυλακήν
3759 1266 3842 1310 τῶν

2287 1343 2564 1417 μαρτύρων
2623 1347 3048 1415 πεπιστευμένος,
3122 1341 3335 1416 ἐγγύθεν
3409 1343 3508 1398 ἀπὸ
3582 1364 3710 1407 τινος
3767 1366 3847 1417 γυ-

2287 1434 2514 1503 μνασίου
2620 1426 3052 1504 διαθαλπόμενος,
3145 1431 3435 1487 ἀπεσκόπει
3519 1438 3577 1488 τό
3670 1434 3842 1508 μέλλον,

2289 1520 2494 1593 ἕτοιμος
2548 1517 2949 1596 προσδέχεσθαι
3007 1530 3106 1576 τῶν
3163 1532 3496 1596 στρατιωτῶν
3545 1528 3657 1585 τοὺς
3697 1543 3845 1599 προσ-

2291 1612 2590 1682 φεύγοντας.
2654 1614 2756 1663 Καὶ
2800 1612 2902 1687 γάρ
2952 1607 3017 1663 αὖ
3069 1614 3158 1663 καὶ
3206 1619 3383 1682 τοῦτο,
3470 1611 3673 1687 ἄγγύθεν
3739 1615 3849 1667 εἶναι

523 1705 884 1762 sententiam
928 1700 1305 1758 mutantibus
1343 1700 1822 1757 denuntiaretur.
1870 1697 1986 1754 Sed
2013 1697 2183 1771 quod

2291 1697 2521 1772 λουτρόν,
2578 1697 2850 1768 ἐπενοήθη,
2905 1699 3072 1764 ὀξεῖαν
3125 1705 3214 1761 τὴν
3272 1700 3522 1775 βοήθειαν
3569 1708 3672 1765 τόίς
3712 1720 3851 1777 μετα·

523 1795 789 1865 maligne
818 1792 1181 1851 adversariis
1223 1792 1633 1862 excogitatum
1653 1794 1763 1859 est,
1792 1788 2085 1856 videlicet,
2116 1788 2183 1844 ut

524 1885 710 1943 talem
751 1882 1097 1940 certaminis
1140 1880 1345 1938 locum
1406 1879 1842 1950 adinvenirent,
1911 1877 1976 1934 in
2057 1891 2182 1951 quo

523 1978 806 2046 paratum
830 1972 1110 2029 levamen
1138 1969 1327 2027 robur
1355 1968 1796 2026 decertantium
1828 1971 2012 2040 atque
2040 1980 2183 2023 con-

538 2062 823 2119 stantiam
846 2059 1290 2117 labefacturum
1314 2062 1509 2116 esset:
1550 2057 1667 2115 hoc
1691 2061 2032 2130 martyrum
2079 2070 2185 2128 pa-

536 2151 811 2208 tientiam
833 2148 1302 2221 splendidiorem
1322 2147 1604 2204 reddidit.
1629 2148 1762 2203 Non
1790 2145 1952 2202 enim
1987 2144 2040 2200 is
2086 2146 2185 2204 cui

522 2239 865 2298 necessaria
885 2239 1125 2306 desunt,
1167 2237 1431 2294 tolerans
1456 2241 1550 2293 est
1575 2252 1590 2292 :
1639 2235 1747 2292 sed
1778 2235 1850 2305 is,
1881 2234 1987 2308 qui
2032 2233 2185 2290 inter

528 2330 837 2388 bonorum
872 2326 1271 2384 fruendorum
1313 2326 1555 2399 copiam
1583 2325 1645 2381 in
1691 2323 1869 2381 malis
1919 2322 2183 2380 ferendis

531 2422 897 2493 perseverat.

595 2514 650 2565 7.
683 2510 833 2566 Cum
862 2509 1065 2563 autem
1094 2504 1159 2561 hi
1188 2503 1583 2569 decertarent,
1604 2500 1700 2559 ille
1732 2517 1873 2560 vero
1899 2505 2182 2559 eventum

523 2597 899 2669 observaret,
948 2593 1363 2668 spectaculum
1416 2593 1639 2649 mirum
1690 2591 1858 2661 vidit,
1932 2591 2181 2648 virtutes

525 2686 834 2760 quasdam
888 2700 920 2740 e
972 2682 1136 2740 caelis
1180 2681 1640 2751 descendentes,
1698 2685 1758 2737 et
1784 2680 1951 2737 velut
1977 2696 2015 2739 a
2042 2694 2182 2750 rege

527 2790 782 2831 munera
809 2788 1037 2843 magna
1071 2771 1361 2828 militibus
1390 2769 1846 2827 distribuentes:
1880 2786 2018 2843 quae
2048 2769 2182 2828 aliis

526 2862 777 2935 quidem
829 2861 1110 2918 omnibus
1160 2859 1325 2917 dona
1361 2857 1814 2932 dispertiebant,
1849 2858 1955 2915 sed
1978 2863 2184 2916 tamen

525 2965 719 3009 unum
746 2951 1121 3024 reliquerunt
1148 2965 1270 3006 non
1300 2949 1616 3016 donatum,
1653 2948 1999 3021 judicantes
2026 2948 2184 3005 indi-

528 3057 719 3113 gnum
749 3038 1091 3097 coelestibus
1109 3037 1448 3094 honoribus
1476 3053 1490 3093 :
1531 3038 1636 3111 qui
1658 3039 1859 3095 statim
1879 3038 2085 3096 animo
2104 3038 2183 3095 ob

528 3130 802 3187 dolorem
872 3127 1224 3197 concidens,
1282 3127 1603 3199 transfugit
1648 3126 1730 3183 ad
1778 3127 2178 3185 adversarios.

528 3218 865 3277 Miserabile
889 3217 1303 3291 spectaculum
1330 3217 1528 3288 justis,
1554 3216 1728 3272 miles
1750 3217 2185 3288 transfuga,vir

528 3308 982 3366 strenuissimus
1005 3311 1239 3379 captus,
1269 3306 1503 3379 direpta
1522 3321 1559 3362 a
1595 3307 1736 3379 lupo
1761 3306 1892 3362 ovis
1930 3306 2179 3363 Christi:

532 3403 713 3471 atque
736 3396 878 3452 illud
908 3395 1333 3466 miserabilius,
1367 3394 1535 3468 quod
1566 3400 1623 3451 et
1665 3399 1954 3451 aeternam
1994 3395 2183 3453 vitam

532 3484 752 3555 amisit,
785 3489 842 3540 et
865 3499 940 3541 ne
964 3483 1077 3540 hac
1096 3483 1345 3556 quidem
1376 3482 1592 3539 fruitus
1631 3488 1739 3549 est,
1786 3498 1967 3539 carne
1994 3482 2184 3556 ipsius

530 3575 611 3632 ad
638 3574 854 3631 caloris
881 3588 1195 3631 accessum
1226 3572 1428 3629 statim
1470 3572 1763 3629 exsoluta.
1813 3575 1880 3628 Et
1916 3571 2014 3629 hic
2049 3573 2183 3647 qui-

529 3664 672 3722 dem
696 3664 827 3720 vitae
857 3678 1092 3730 amans,
1121 3661 1342 3718 frustra
1367 3661 1638 3718 admisso
1668 3661 1910 3732 scelere,
1931 3661 2181 3720 cecidit:

530 3753 638 3810 sed
656 3753 829 3810 lictor
855 3757 920 3808 ut
936 3751 1085 3807 vidit
1112 3766 1253 3808 eum
1284 3750 1644 3819 abcessisse,
1674 3756 1732 3807 et
1768 3750 1849 3808 ad
1895 3750 2185 3809 balneum

532 3843 856 3911 accurisse,
890 3845 1083 3899 semet
1107 3839 1412 3896 substituit
1440 3840 1501 3895 in
1530 3839 1732 3897 locum
1768 3840 2104 3913 desertoris,
2130 3847 2188 3900 et

528 3931 902 3989 indumentis
933 3930 1184 4001 abjectis
1210 3946 1272 3985 se
1301 3928 1431 4001 ipse
1456 3928 1636 3986 nudis
1658 3929 2000 3993 admiscuit,
2023 3931 2187 3988 idem

533 4021 700 4096 quod
724 4019 916 4079 sancti
945 4019 1238 4088 clamans,
1273 4019 1655 4076 Christianus
1675 4035 1827 4075 sum.
1869 4025 2061 4092 Atque
2090 4036 2187 4078 re-

533 4111 782 4185 pentina
826 4110 941 4166 hac
986 4107 1316 4164 mutatione
1363 4112 1628 4164 astantes
1679 4107 2186 4181 obstupefaciens,

534 4206 599 4256 ut
642 4214 962 4275 numerum
1008 4195 1350 4269 complevit,
1390 4196 1473 4253 ita
1498 4197 1757 4259 .illorum
1800 4196 1875 4253 de
1923 4198 2189 4256 emollito

533 4288 854 4359 transfuga
910 4301 1235 4343 maerorem
1307 4285 1653 4342 accessione
1720 4301 1831 4342 sua
1900 4287 2188 4359 delinivit,

2292 1786 2616 1861 ϐαλλομένοις
2707 1786 3161 1863 ἕπαγγελλόμενον.
3253 1790 3420 1865 Ὀπερ
3520 1797 3687 1866 μέντοι
3761 1798 3854 1853 τοῖς

2292 1874 2536 1938 ἐναντίοις
2606 1880 2907 1952 κακούργως
2985 1877 3256 1949 ἐπενοήθη,
3341 1889 3576 1936 τοιοῦτον
3661 1880 3854 1957 ἐξευρεῖν

2288 1973 2383 2028 τῆς
2434 1964 2697 2029 ἀθλήσεως
2749 1971 2926 2036 τόπον,
2977 1968 3027 2021 ἐν
3165 1973 3226 2024 τό
3282 1970 3486 2045 ἕτοιμον
3522 1977 3614 2033 τῆς
3647 1989 3858 2046 παραμυ-

2293 2057 2410 2117 θίας
2446 2054 2640 2108 ἐκλύειν
2665 2055 2836 2129 ἔμελλε
2878 2063 2977 2110 τῶν
3025 2055 3420 2133 ἀγωνιζομένων
3464 2065 3556 2120 τὴν
3601 2063 3818 2114 ἔνστασιν
3842 2076 3857 2093 ο

2290 2152 2442 2197 τοῦτο
2495 2143 2853 2221 λαμπροτέραν
2910 2142 3138 2200 ἐδείκνυε
3160 2148 3274 2220 (42)
3325 2153 3423 2209 τὴν
3473 2151 3725 2224 ὑπομονὴν
3773 2154 3857 2200 τῶν

2290 2235 2586 2308 μαρτύρων.
2628 2233 2705 2286 Ού
2751 2236 2853 2308 γὰρ
2901 2236 2929 2288 ὀ
2969 2233 3172 2311 ἀπορῶν
3229 2245 3330 2290 τῶν
3379 2237 3661 2312 ἀναγκαίων
3695 2255 3858 2313 καρτε-

2289 2325 2456 2399 ρικός,
2491 2321 2597 2376 ἀλλ’
2627 2325 2654 2375 ό
2692 2321 2743 2377 ἄν
2789 2322 3010 2399 ἀφθονίᾳ
3055 2334 3153 2391 τῆς
3199 2324 3538 2392 ἀπολαύσεως
3577 2326 3858 2404 ἓγκαρτερῶν

2290 2420 2403 2474 τοίς
2439 2410 2643 2475 δεινοῖς.

2361 2507 2415 2558 ’7.
2464 2501 2547 2564 Ὠς
2604 2498 2663 2556 δὲ
2718 2504 2768 2556 οἱ
2824 2506 2914 2577 μὲν
2964 2504 3300 2577 ἠγωνίζοντο,
3350 2508 3383 2560 ὀ
3433 2504 3494 2562 δε
3543 2506 3763 2582 ἕπετήρει
3808 2506 3858 2559 τὸ

2291 2589 2656 2665 ἐκϐησόμενον,
2703 2589 2811 2646 εἶδε
2860 2595 3028 2667 θέαμα
3083 2595 3239 2664 ξένον,
3319 2593 3573 2672 δυνάμεις
3631 2600 3763 2658 τινὰς
3816 2594 3862 2658 ἐξ

2291 2681 2520 2757 οὐρανῶν
2545 2684 2849 2748 κατιούσας,
2898 2687 2988 2736 καὶ
3028 2686 3133 2737 οἷον
3178 2688 3325 2762 παρά
3389 2686 3642 2761 βασιλέως
3691 2684 3862 2762 δωρεὰς

2292 2770 2514 2844 μεγαλας
2564 2767 2918 2845 διανεμούσας
2958 2780 3065 2835 τοῖς
3105 2781 3473 2849 στρατιώταις.
3540 2779 3596 2830 αἶ
3646 2784 3750 2837 ταῖς
3785 2777 3863 2849 μὶν

2292 2859 2467 2922 ἀλλοις
2512 2866 2649 2914 πᾶσι
2700 2857 2920 2937 διῄρουν
2957 2865 3026 2914 τὰ
3076 2859 3250 2937 δῶμα,
3300 2866 3396 2919 ἕνα
3424 2863 3484 2921 δε
3511 2872 3659 2941 μόνον
3684 2864 3862 2938 ἀφῆκαν

2291 2948 2601 3024 ἀγέραστον,
2662 2949 2868 3014 ἀνάξιον
2921 2955 3171 3027 κρίνασαι
3224 2961 3324 3006 τῶν
3378 2955 3626 3030 οὐρανίων
3676 2961 3822 3028 τιμῶν
3848 2969 3862 2985 ο

2293 3039 2349 3102 ὃς
2400 3038 2566 3105 εὐθὺς,
2618 3042 2746 3115 πρὸς
2793 3043 2911 3101 τοὺς
2962 3044 3151 3119 πόνους
3198 3040 3588 3120 ἀπαγορεύσας,
3620 3048 3743 3119 πρὸς
3764 3044 3865 3101 τοὺς

2291 3128 2546 3191 ἐναντίους
2599 3127 3047 3202 ἁπηυτομόλησεν.
3105 3131 3348 3185 Ἐλεεινόν
3425 3138 3590 3209 θέαμα
3630 3140 3728 3194 τοῖς
3787 3129 3865 3184 δι·-

2290 3223 2458 3280 καίοις
2486 3219 2865 3294 όστρατιώτης
2905 3222 3092 3292 φυγὰς,
3150 3223 3177 3273 ό
3230 3219 3483 3297 ἀριστεὺς
3538 3223 3863 3298 αἰχμάλωτος,

2289 3310 2346 3361 τὸ
2375 3314 2604 3383 χριστοῦ
2633 3305 2892 3380 πρόϐατον
2926 3307 3245 3385 θηριάλωτον
3275 3331 3289 3346 ·
3328 3319 3428 3367 καὶ
3468 3318 3527 3367 τό
3576 3332 3635 3386 γε
3674 3311 3865 3365 ἕλεεινό-

2290 3415 2455 3471 τερον,
2478 3398 2558 3449 ὃτι
2586 3400 2801 3460 καὶτῆς
2837 3396 3048 3451 αἰωνίου
3106 3400 3242 3462 ζωῆς
3294 3397 3578 3479 διήμαρτε,
3625 3405 3712 3456 καὶ
3754 3394 3866 3454 οὐδε

2289 3488 2488 3548 ταύτης
2540 3484 2859 3554 ἀπήλαυσεν,
2919 3488 3071 3550 εὐθὺς
3123 3490 3264 3563 αύτῷ
3320 3501 3419 3555 τῆς
3476 3496 3667 3568 σαρκός
3718 3491 3764 3543 ἐν
3806 3494 3860 3561 τῇ

2291 3573 2555 3650 προσϐολῇ
2586 3583 2682 3638 τῆς
2731 3577 2925 3651 θέρμης
2967 3572 3329 3640 διαλυθείσης.
3395 3587 3497 3636 Καὶ
3543 3583 3570 3634 ό
3615 3584 3702 3654 μεν
3738 3577 3867 3652 φιλό-

2294 3663 2428 3727 ζωος
2475 3667 2649 3718 ἔπεσεν
2688 3662 2957 3738 ἀνομήσας
3005 3662 3287 3730 διακενῆς·
3358 3671 3388 3723 ὁ
3456 3668 3517 3726 δε
3564 3667 3761 3744 δήμιος,
3808 3668 3869 3726 ὡς

2295 3750 2429 3807 εἶδεν
2480 3753 2636 3807 αὐτόν
2679 3752 2997 3822 ἐκκλίναντα,
3047 3760 3138 3810 καὶ
3183 3761 3310 3831 πρὸς
3338 3761 3461 3833 (43)
3512 3763 3570 3814 τὸ
3624 3758 3871 3833 βαλανεῖον

2294 3840 2687 3918 ἆποδραμόντα,
2748 3843 2924 3897 ἑαυτόν
2977 3844 3044 3906 εἰς
3098 3849 3188 3905 τὴν
3239 3855 3332 3901 τοῦ
3392 3849 3871 3909 λειποτακτήσαντος

2294 3938 2478 4006 χώραν
2526 3931 2950 4006 ἀντικατέστησε,
2999 3940 3090 3989 καὶ
3125 3936 3287 4013 ῥίψας
3328 3942 3400 3993 τὰ
3442 3939 3757 4017 περιϐόλαια,
3784 3940 3874 3993 τοῖς

2294 4028 2509 4095 γυμνοῖς
2556 4022 2733 4076 ἑαυτὸν
2778 4021 3099 4097 ἑγκατέμιξε,
3156 4028 3364 4101 κράζων
3406 4034 3502 4090 τὴν
3550 4030 3708 4088 αὐτὴν
3758 4023 3873 4099 βοὴν

2296 4118 2403 4171 τοῖς
2464 4111 2668 4183 ἁγίοις·
2746 4119 3063 4188 Χριστιανός
3114 4115 3244 4189 εἰμι.
3295 4122 3399 4171 Καὶ
3455 4127 3529 4192 τῷ
3592 4117 3756 4193 ἀθρόῳ
3797 4119 3876 4170 τῆς

2297 4199 2580 4273 μεταϐολῆς
2636 4200 2894 4266 ἐκπλήξας
2976 4207 3096 4268 τοὺς
3197 4212 3592 4283 συμπαρόντας,

2299 4288 2519 4365 ἀριθμὸν
2570 4288 2919 4364 ἀνεπλήρωσε,
2974 4297 3065 4345 καὶ
3119 4298 3213 4353 τὴν
3269 4294 3354 4349 ἐπὶ
3402 4306 3477 4369 τῷ
3546 4292 3878 4369 καταμαλακι-

3676 4210 3757 4258 τόν
3829 4217 3877 4253 τε

534 4377 801 4433 imitatus
830 4392 933 4433 eos
962 4375 1068 4448 qui
1092 4374 1153 4430 in
1185 4375 1313 4431 acie
1359 4379 1699 4443 versantur,
1756 4376 1882 4449 qui,
1921 4393 2046 4434 uno
2087 4378 2184 4436 ali-

2303 4382 2475 4433 σθέντι
2527 4379 2695 4439 λύπην
2742 4388 2805 4453 τῇ
2865 4382 2988 4456 παρ’
3035 4381 3220 4438 ἑαυτοῦ
3265 4389 3550 4461 προσθήκῃ
3599 4382 3879 4463 παρεμυθή-

540 4480 665 4539 quo
711 4465 774 4521 in
826 4464 1024 4537 prima
1070 4463 1200 4520 acie
1247 4463 1524 4531 cadente,
1577 4464 1893 4522 confestim
1961 4467 2195 4541 replent

536 4553 926 4627 phalangem,
957 4556 1026 4610 ut
1043 4567 1120 4608 ne
1174 4550 1327 4609 inter
1381 4552 1550 4625 ipsos
1591 4553 1878 4612 ordinum
1926 4555 2195 4616 densitas

532 4642 773 4700 defectu
798 4641 956 4698 illius
993 4640 1487 4714 interrumpatur.
1539 4642 1698 4700 Fecit
1743 4644 1924 4715 igitur
1966 4650 2023 4702 et
2062 4646 2194 4718 ipse

533 4732 830 4806 quiddam
860 4745 986 4787 non
1013 4729 1322 4787 dissimile.
1377 4730 1535 4788 Vidit
1581 4731 1845 4790 coelestia
1875 4735 2191 4806 miracula,

537 4820 784 4895 agnovit
803 4820 1138 4890 veritatem,
1166 4819 1438 4891 confugit
1478 4821 1557 4878 ad
1607 4822 1952 4896 Dominum,
2003 4842 2196 4886 annu-

610 5003 662 5040 ³⁸
692 5001 896 5060 Matth.
924 5015 999 5068 iv,
1032 5004 1089 5056 2.

608 5184 724 5260 (ll)
752 5178 917 5260 Golb.
947 5179 1161 5260 tertius
1188 5175 1484 5260 ἐκζητήσας
1504 5181 1598 5260 τόν
1614 5183 1761 5237 Θεὸν.
1785 5182 1917 5241 Mox
1937 5189 2195 5260 utraque

540 5251 724 5310 editio
750 5252 1065 5328 etAnglic.
1098 5254 1281 5328 πένρος
1320 5251 1728 5328 ᾄπαραμύθητον
1762 5276 1775 5288 ·
1822 5271 2010 5328 quam
2050 5251 2195 5314 scri-

541 5330 785 5407 pturam
818 5327 1072 5407 bucinus
1097 5324 1177 5379 ait
1204 5324 1342 5407 ferri
1366 5324 1578 5407 posse,
1601 5325 1807 5398 sicque
1841 5324 2198 5407 interpreta:

541 5395 1427 5471 tur,_n_2(ole1jabile1_nreliqua.
1476 5395 1728 5471 Veteres
1760 5395 2032 5471 quinque
2059 5400 2199 5457 libri

541 5465 760 5545 _G_allici_
769 5462 1060 5545 ίὶμύθητον,
1082 5462 1308 5545 luctari:
1327 5462 1802 5545 {uenam-nbilam-
1814 5462 2199 5545 Δνιεειὶᾃιιίζιορ-

540 5538 712 5597 time.
739 5535 975 5594 uenere
989 5535 1184 5608 juvat,
1211 5536 1463 5607 Regium
1478 5538 1715 5596 tertium
1736 5535 2199 5625 prima'quide'm

2303 4487 2453 4538 σατο,
2508 4470 2874 4543 μιμησάμενος
2920 4474 3042 4534 τοὺς
3084 4470 3169 4525 ἐπὶ
3234 4475 3597 4550 παρατάξεως,
3674 4473 3740 4541 οἳ,
3796 4474 3878 4523 τοῦ

2299 4560 2433 4612 κατὰ
2475 4562 2571 4618 τὴν
2625 4564 2834 4635 πρώτην
2901 4557 3111 4615 ἀσπίδα
3164 4568 3431 4633 πεσόντος,
3486 4565 3634 4626 εὐθὺς
3663 4560 3881 4617 ἀναπλη-

2300 4654 2456 4723 ροῦσι
2500 4651 2595 4707 τὴν
2645 4648 2904 4722 φάλαγγα,
2963 4652 3034 4714 ὡς
3079 4656 3151 4725 μὴ
3201 4656 3288 4707 τὸν
3328 4658 3697 4728 συνασπισμὸν
3725 4650 3881 4707 αὐτοῖς

2303 4735 2622 4798 διακοπῆναι
2686 4747 2757 4810 τῷ
2813 4739 3057 4798 λείποντι.
3096 4749 3341 4796 Τοιοῦτον
3394 4741 3464 4803 δή
3515 4763 3566 4798 τι
3618 4748 3705 4797 καὶ
3747 4739 3884 4796 αὐτὸς

2302 4827 2560 4889 ἐποίησεν.
2623 4826 2747 4885 Εῖδε
2810 4832 2878 4884 τὰ
2937 4830 3153 4905 οὐράνια
3222 4835 3488 4908 Θαύματα,
3567 4833 3754 4907 ἐπέγνω
3801 4831 3883 4884 τὴν

1167 4998 1216 5035 ³⁸
1248 4998 1436 5057 Exod.
1465 5015 1649 5073 xxxrv,
1681 5005 1772 5060 28.
1850 5003 1897 5042 ³⁵
1932 5009 2001 5063 lIl
2034 5006 2183 5081 Reg.
2211 5024 2326 5078 xxx,
2351 5010 2405 5067 8.

2300 5203 2493 5270 manu
2516 5186 2807 5270 habuisse
2839 5188 3146 5270 ἀμύθητον·
3194 5197 3301 5270 sed
3329 5196 3531 5270 inepte
3568 5194 3887 5270 correctum

2300 5259 2689 5357 futslljgsicpt
2701 5259 2974 5321 nunc'illo
2986 5266 3211 5357 inlibrp
3224 5259 3885 5357 legaturéaafggéﬁnrov-

2521 5333 2769 5420 godices
2791 5351 2917 5420 non
2931 5340 3110 5420 pauci
3134 5333 3365 5420 regem}.
3385 5333 3805 5420 Εόξιξ-έδέίκνυε.
3874 5399 3885 5410 _

2376 5405 2984 5488 (4³)ᾙίξεέιίιμεθάὲἓῐρ
3021 5415 3112 5488 {ei
3149 5416 3244 5488 γὴν
3274 5415 3420 5488 πρὸς.
3474 5411 3632 5488 Librj
3674 5405 3887 5488 arm"?

2306 5478 2561 5557 καὶπρὸς.
2588 5477 2796 5558 statim
2822 5477 3005 5558 editio
3031 5481 3215 5558 Paris.
3249 5477 3667 5557 συνεγκατέμιξε.
3706 5480 3775 5536 Δί
3792 5484 3887 5530 εει

2304 5547 2464 5607 mss.
2482 5547 2833 5621 simpliciter
2855 5548 3176 5628 ἔγκατέμιξι.
