4076 6190
543 205 648 263 523
1913 199 1970 254 S.
2014 196 2265 255 HASILH
2304 199 2546 259 MAGNI.
2838 234 2851 241 τ
3572 206 3579 211 ’
3795 209 3905 263 524

540 327 680 387 dem
708 340 951 383 sursum
977 323 1331 385 emittentes.
1357 321 1466 379 Ubi
1498 321 1622 378 duo
1652 326 1757 379 aut
1783 326 1898 378 tres
1929 336 2150 392 congre

2290 341 2384 396 ρης
2427 327 2552 400 ὑπερ
2597 334 2691 380 σοῦ
2724 323 3075 380 δυσωποῦντα
3101 328 3188 379 τὸν
3217 334 3407 402 Κυριον
3441 344 3454 394 ;
3489 331 3903 404 Τεσσαράκοντοὲ

538 417 694 489 grati
714 416 932 472 suntin
954 412 1199 470 nomine
1221 411 1477 479 Domini,
1516 410 1637 467 illic
1668 416 1758 468 est
1787 410 1848 467 in
1869 410 2071 469 medio
2094 411 2150 483 ip

2293 413 2414 480 εἱσι,
2468 418 2738 488 σύμφωνον
2779 414 3155 487 ἀναπέμποντες
3202 420 3533 492 προσευχήν.
3583 415 3752 471 Ὀπου
3796 415 3900 471 δύο

538 507 819 565 eorum”.
845 503 951 561 Ubi
972 517 1110 559 vero
1130 499 1541 572 quadraginta
1562 500 1799 567 fuerint,
1824 500 1961 572 quis
1982 500 2057 554 de
2082 498 2181 556 Dei

532 595 853 670 prtesentia
873 591 1181 662 ambigat?
1210 589 1319 656 Qui
1341 590 1622 660 angustia
1642 589 1848 662 aliqua
1866 588 2178 663 premitur,

530 687 610 746 ad
656 682 1063 759 quadraginta
1107 684 1405 752 martyres
1438 679 1751 751 confugit;
1782 679 1887 752 qui
1924 678 2178 749 laetatur,

527 773 775 835 recurrit
796 770 879 828 ad
905 768 1196 827 eosdem:
1221 767 1318 825 ille
1339 767 1590 842 quidem
1618 772 1683 824 ut
1710 784 1747 825 a
1776 767 1952 826 malis
1973 767 2181 825 libere-

526 870 622 923 tur
652 883 666 933 ;
693 863 791 920 hic
820 876 987 929 vero,
1029 864 1095 916 ut
1121 875 1217 917 res
1246 859 1360 916 sibi
1403 858 1683 916 secundae
1716 874 1850 916 esse
1887 862 2167 932 pergant.

523 954 627 1013 Hic
665 951 878 1011 mulier
919 950 1023 1023 pia
1058 965 1170 1023 pro
1198 948 1404 1005 liberis
1439 965 1623 1007 orans
1658 947 2127 1021 deprehenditur
2157 964 2172 1005 ε

518 1040 928 1117 peregrinanti
944 1039 1160 1097 marito
1182 1038 1463 1107 reditum,
1478 1038 1721 1095 inﬁrmo
1736 1038 1984 1096 salutem
2003 1037 2171 1111 petit.

518 1132 687 1191 Fiant
702 1147 844 1188 cum
864 1128 1234 1202 martyribus
1259 1144 1465 1201 preces
1488 1132 1724 1186 vestrae.
1751 1127 2171 1185 Adolescentes

517 1222 825 1281 imitentur
843 1218 1107 1293 aequales
1129 1232 1271 1275 suos
1299 1234 1312 1272 :
1336 1222 1535 1290 patres
1558 1215 1766 1275 talium
1787 1215 2046 1274 ﬁliorum
2068 1232 2172 1289 pa-

516 1317 634 1371 tres
660 1328 794 1370 esse
818 1313 1096 1383 exopteut
1124 1327 1137 1365 :
1170 1312 1393 1366 matres
1430 1307 1642 1367 matris
1683 1307 1861 1367 bonae
1901 1306 2172 1366 ediscant

515 1401 883 1476 exemplum.
907 1401 1087 1457 Mater
1107 1397 1286 1455 unius
1310 1397 1549 1456 illorum
1570 1397 1911 1469 beatorum,
1932 1413 2070 1455 cum
2092 1397 2146 1454 vi

2279 1398 2556 1462 ἡλικιώτας
2601 1402 2986 1474 μιμείσθωσαν·
3052 1402 3102 1453 οἱ
3156 1403 3389 1476 πατέρες,
3449 1405 3692 1459 τοιούτων
3748 1400 3886 1459 εἶναι

513 1492 702 1551 disset
740 1490 889 1547 alios
909 1488 1035 1560 iam
1066 1486 1708 1561 frigoreconsumptos,
1732 1503 1911 1544 suum
1940 1502 2083 1543 vero
2103 1485 2144 1542 ﬁ

2276 1486 2483 1544 παίδων
2555 1494 2770 1567 πατέρες
2836 1489 3198 1561 εύχέσθωσαν·
3266 1493 3320 1542 αἱ
3413 1494 3649 1565 μητέρες,
3715 1492 3885 1557 καλῆς

510 1581 659 1640 lium
679 1582 723 1653 ι
739 1580 851 1655 56
867 1577 1067 1634 adhuc
1089 1576 1445 1649 spirantem,
1460 1581 1589 1635 tum
1606 1575 1685 1634 ob
1706 1575 1914 1647 robur,
1937 1581 2064 1632 tum
2086 1574 2150 1633 ol

2276 1581 2477 1653 μητρὸς
2533 1574 2780 1653 διήγημα
2835 1575 3264 1653 διδαχθήτωσαν
3317 1582 3452 1654 (51).
3522 1588 3705 1656 Μήτηρ
3775 1584 3883 1646 ἐνὸς

511 1671 787 1732 animum
816 1668 879 1725 in
898 1665 1163 1727 ferendis
1181 1665 1358 1723 malis
1387 1682 1612 1732 acrem,
1636 1682 1897 1739 cumque
1927 1680 2067 1722 eum
2101 1663 2150 1723 1i

2276 1676 2376 1721 τῶν
2423 1673 2693 1746 μακαρίων
2743 1666 2964 1740 ἐκείνων,
3021 1669 3312 1742 θεασαμένη
3369 1672 3487 1735 τοός
3537 1670 3718 1734 ἄλλους
3764 1670 3877 1735 ἤδη

2294 502 2322 563 ᾖ
2374 510 2506 577 τρεῖς
2546 504 2648 556 εἰσι
2688 509 3004 579 συνηγμένοι
3047 504 3131 558 ἐπὶ
3160 514 3232 577 τῷ
3281 504 3493 579 ὀνόματι
3522 513 3618 559 τοῦ
3669 513 3895 582 Κυρίου,

2291 590 2394 646 ἐκεῖ
2431 592 2571 647 ἕστῑν
2621 594 2669 647 ἐν
2716 598 2861 667 μέσῳ
2908 595 3095 650 αὐτῶν.
3144 593 3313 648 Ὀπου
3364 593 3424 649 δε
3470 600 3895 672 τεσσαράκοντα,

2287 686 2363 744 τίς
2414 682 2719 757 ἀμφιϐάλλει
2770 690 2895 738 Θεοῦ
2943 690 3236 759 παρουσίαν
3287 701 3303 753 ;
3355 685 3414 739 Ὀ
3461 685 3753 760 θλιϐόμενος
3804 687 3893 741 ἐπὶ

2289 774 2406 833 τοὺς
2451 775 2839 847 τεσσαράκοντα
2897 776 3228 847 καταφεύγει,
3278 775 3303 827 6
3361 774 3756 851 εὐφραινόμενος
3809 776 3893 831 ἐπ’

2289 859 2476 925 αὐτούς
2522 861 2802 938 ἀποτρέχει
2859 863 2992 934 (50)·
3036 865 3061 915 6
3111 865 3224 936 μεν,
3267 864 3350 916 ἶνα
3394 863 3546 918 λύσιν
3603 866 3725 941 εὕρῃ
3785 876 3891 921 τῶν

2288 946 2588 1027 δυσχερῶν·
2629 953 2655 1005 6
2697 948 2776 1019 δέ,
2816 950 2900 1005 ἳνα
2943 952 3189 1025 φύλαχθῇ
3241 952 3378 1024 αὐτῷ
3420 954 3485 1006 τά
3525 961 3888 1030 χρηστότερα,

2283 1043 2532 1094 Ἐνταῦθα
2584 1045 2716 1114 γυνὴ
2771 1040 2984 1103 εὐσεϐὴς
3036 1043 3165 1115 ὑπερ
3215 1045 3402 1096 τέκνων
3465 1043 3722 1117 εὐχομένη
3781 1065 3888 1099 κα-

2281 1128 2685 1204 ταλαμϐάνεται,
2736 1126 3095 1204 ἀποδημοῦντι
3150 1128 3305 1207 ἀνδρὶ
3360 1136 3452 1193 τὴν
3502 1131 3751 1188 ἐπάνοδον
3806 1136 3890 1188 αἰ-

2279 1224 2519 1294 τουμένη,
2572 1219 2927 1296 ἀῤῥωστοῡντι
2976 1225 3069 1279 τὴν
3127 1226 3411 1296 σωτηρίαν.
3484 1221 3629 1277 Μετά
3673 1229 3886 1299 μαρτύ-

2279 1330 2379 1385 ρων
2426 1311 2653 1383 γενέσθω
2700 1312 2767 1364 τά
2805 1310 3071 1383 αἰτήματα
3114 1312 3278 1384 ὑμῶν.
3338 1314 3403 1365 Οἱ
3454 1318 3713 1367 νεανίσκοι
3756 1319 3886 1377 τούς

511 1764 726 1827 ctores,
744 1756 914 1831 quod
943 1754 1095 1812 forte
1125 1754 1447 1814 consilium
1468 1759 1703 1813 mutare
1732 1753 2047 1829 potuisset,
2078 1769 2165 1813 re-

508 1846 1018 1924 linquerent,ipsa
1039 1843 1165 1902 suis
1191 1843 1385 1920 ipsius
1408 1843 1699 1905 manibus
1728 1842 2035 1902 sublatum
2057 1843 2165 1901 im-

507 1938 715 2016 posuit
738 1936 959 2009 currui,
992 1936 1056 1994 in
1087 1950 1210 2008 quo
1240 1934 1458 2008 reliqui
1480 1932 1947 2006 simuljacentes
1973 1932 2052 1991 ad
2070 1949 2164 1991 ro-

2274 1768 2348 1832 τῷ
2394 1761 2540 1835 κρύει
2580 1758 2950 1828 τελειωθέντας,
3003 1762 3092 1812 τὸν
3141 1756 3201 1812 δὲ
3241 1759 3421 1823 ἑαυτῆς
3468 1763 3578 1816 υἱὸν
3629 1764 3745 1836 (52)
3801 1766 3883 1818 ἔτι

2275 1848 2556 1924 ἐμπνέοντα
2591 1849 2691 1902 ὑπὸ
2737 1867 2789 1902 τε
2832 1847 3017 1924 ῥώμης
3062 1851 3152 1902 καὶ
3189 1856 3283 1913 τῆς
3311 1853 3438 1926 πρὸς
3474 1853 3539 1903 τά
3573 1847 3720 1906 δεινά
3746 1874 3883 1928 καρ-

2272 1943 2464 2016 τερίας,
2505 1937 2997 2011 καταλιμπανόντων
3043 1937 3197 1991 αὐτὸν
3246 1948 3346 1992 τῶν
3405 1935 3610 2013 δημίων
3653 1944 3718 2004 ὡς
3775 1939 3883 1995 δυο

508 2045 656 2102 gum
690 2027 1059 2094 ferebantur,
1090 2040 1230 2082 vere
1262 2023 1547 2097 martyris
1586 2028 1799 2081 mater.
1842 2026 1970 2081 Non
2000 2023 2163 2081 enim

504 2117 724 2191 ignave
747 2115 929 2184 ﬂevit,
943 2130 1054 2172 nec
1070 2111 1413 2187 quidquam
1428 2112 1677 2181 humile,
1692 2118 1797 2171 aut
1811 2111 1913 2170 illo
1930 2117 2161 2187 tempo-

505 2207 591 2267 ris
612 2204 863 2266 articulo
883 2201 1201 2274 indignum
1220 2201 1424 2260 locuta
1443 2206 1551 2259 est.
1582 2200 1717 2269 Sed,
1740 2200 1875 2271 Abi,
1888 2201 2104 2275 inquit,
2125 2217 2162 2261 ο

506 2296 787 2368 ﬁli,viam
809 2293 1038 2352 bonam
1059 2308 1199 2350 cum
1223 2290 1583 2365 aequalibus,
1606 2307 1744 2349 cum
1766 2294 2161 2349 contuberna-

502 2386 664 2444 libus
689 2401 703 2453 ;
729 2401 806 2443 ne
835 2381 1207 2456 disjungaris
1237 2397 1273 2438 a
1301 2381 1524 2438 chorea
1556 2398 1570 2451 ;
1601 2396 1677 2438 ne
1697 2379 1944 2454 reliquis
1965 2380 2159 2438 serius

504 2475 761 2535 Domino
786 2473 1037 2532 sistaris.
1071 2475 1296 2530 Revera
1318 2470 1535 2528 radicis
1559 2471 1739 2527 bonae
1765 2469 1997 2527 bonum
2025 2485 2158 2541 ger-

504 2582 669 2626 men.
698 2563 966 2624 Ostendit
994 2577 1290 2634 generosa
1313 2565 1529 2632 mater,
1554 2560 1722 2634 quod
1752 2576 1893 2617 eum
1923 2560 2159 2635 pietatis

505 2654 894 2727 dogmatibus
913 2652 1110 2723 magis
1132 2667 1322 2726 quam
1340 2648 1493 2707 lacte
1514 2649 1884 2708 enutriverit.
1898 2653 2089 2724 Atque
2108 2649 2160 2707 is

504 2744 754 2819 quidem
777 2743 861 2799 sic
882 2741 1199 2806 educatus,
1223 2739 1307 2796 sic
1327 2755 1363 2797 a
1383 2739 1485 2812 pia
1504 2743 1696 2796 matre
1716 2737 2016 2796 deductus
2037 2743 2150 2797 est:

2268 2759 2356 2814 τῃ.
2382 2739 2579 2803 Ὀντως
2610 2738 2808 2815 ἀγαθῆς
2835 2741 2988 2815 ῥίζης
3009 2739 3203 2813 ἀγαθὸν
3226 2740 3529 2816 βλάστημα.
3570 2739 3805 2810 Ἕδειξεν
3836 2748 3871 2807 ἠ

509 2831 787 2891 diabolus
809 2846 952 2889 vero
978 2830 1208 2904 pudore
1226 2828 1475 2887 aﬁectus
1496 2826 1664 2886 abiit.
1683 2830 1832 2885 Nam
1852 2832 2150 2886 commota

2268 2832 2478 2901 ’γενναία
2505 2832 2705 2905 μήτηρ,
2738 2832 2813 2881 ὅτι
2840 2824 3104 2901 δόγμασιν
3135 2829 3393 2894 εὐσεϐείας
3423 2829 3687 2907 ἐξέθρεψεν
3709 2834 3874 2888 αὐτὸν

503 2921 567 2981 in
593 2921 727 2979 illos
752 2924 1029 2979 creatura
1051 2918 1240 2988 omni,
1270 2917 1478 2976 omnia
1509 2916 1733 2974 invenit
1757 2915 2048 2975 horumce
2075 2918 2150 2975 vi-

2268 2917 2455 2992 μᾶλλον
2480 2920 2509 2979 ἦ
2543 2918 2783 2991 γάλακτι·
2815 2922 2916 2972 Καὶ
2945 2919 2971 2971 6
3000 2921 3090 2992 μεν
3117 2918 3251 2971 οὕτω
3276 2924 3481 2995 τραφεὶς
3506 2921 3637 2974 οὕτω
3662 2941 3875 2997 προεπ-

502 3026 711 3070 rorum
730 3010 944 3068 virtute
975 3011 1280 3080 superata,
1302 3009 1541 3064 noctem
1570 3010 1750 3065 vento
1771 3005 1942 3076 gravi
1970 3006 2150 3078 agita-

2268 3010 2431 3082 έμφθη
2455 3010 2599 3086 παρά
2619 3011 2817 3083 μητρὸς
2839 3006 3096 3071 εὐσεϐοῦς·
3126 3010 3151 3061 ὁ
3170 3005 3229 3063 δὲ
3251 3006 3287 3063 δ
3292 3008 3495 3076 ιάϐολος
3516 3007 3712 3071 ἀπῆλθε
3729 3033 3875 3068 κατ-

502 3098 965 3171 tam,regionem
987 3095 1291 3168 frigidam,
1308 3099 1729 3169 tempestatem
1757 3095 1922 3167 anni,
1947 3111 2150 3170 corpo-

2268 3103 2627 3172 ησχυμμένος.
2673 3096 2917 3154 Ἀπασαν
2971 3101 3071 3175 γὰρ
3115 3097 3196 3152 ἐπ’
3253 3099 3441 3165 αύτούς
3492 3107 3710 3166 κινήσας
3767 3108 3875 3166 τὴν

501 3206 641 3250 rum
667 3188 1024 3248 nuditatem.
1074 3188 1117 3243 Ο
1157 3185 1381 3243 chorus
1408 3189 1679 3253 sanctus,
1712 3201 1749 3242 ο
1779 3201 1950 3245 sacer
1978 3185 2150 3254 ordo,

2268 3192 2453 3257 κτίσιν,
2503 3188 2671 3241 πάντα
2716 3184 2855 3262 εὗρεν
2902 3189 3170 3261 ἡττώμενα
3203 3196 3300 3252 τῆς
3344 3197 3444 3242 τῶν
3485 3186 3687 3267 ἀνδρῶν
3749 3191 3877 3269 ἀρε·-

503 3296 541 3338 ο
556 3277 1067 3337 confertissimum
1082 3274 1470 3332 etinfractum
1487 3290 1732 3345 agmen,
1744 3289 1781 3332 ο
1798 3290 2150 3334 communes

2268 3283 2373 3343 τῆς,
2422 3280 2582 3333 νύκτα
2629 3274 2945 3351 δυσήνεμον,
2988 3273 3227 3353 πατρίδα
3267 3282 3559 3357 χειμέριον,
3589 3285 3681 3341 τὴν
3722 3283 3876 3359 ὤραν

502 3369 737 3443 generis
754 3365 1012 3425 humani
1031 3364 1332 3436 custodes,
1355 3363 1503 3423 boni
1523 3380 1807 3422 curarum
1833 3363 2001 3434 socii,
2025 3380 2150 3439 pre-

2268 3373 2350 3420 τοῦ
2400 3369 2563 3433 ἔτους,
2617 3376 2714 3421 τῶν
2770 3369 3020 3442 σωμάτων
3081 3372 3176 3428 τὴν
3234 3372 3524 3443 γύμνωσιν.
3584 3369 3652 3424 Ὠ
3696 3376 3878 3449 χορὸς

501 3474 644 3517 cum
670 3458 956 3524 fautores,
986 3454 1168 3525 legati
1191 3454 1622 3527 potentissimi,
1649 3453 1831 3512 stellae
1852 3452 2017 3513 orbis
2044 3458 2150 3513 ter-

2268 3455 2457 3529 αῖγιοςῑ
2501 3456 2541 3510 ὦ
2582 3459 2857 3531 σύνταγμα
2890 3460 3005 3529 (53)
3054 3458 3184 3533 ἱερὸν
3214 3456 3228 3514 l
3261 3458 3302 3510 ὦ
3348 3461 3712 3533 συνασπισμὸς
3763 3459 3878 3538 ἀρ-

496 3563 730 3615 rarum,
748 3544 1151 3603 Ecclesiarum
1170 3543 1348 3599 ﬂores
1370 3543 1384 3599 l
1417 3545 1547 3599 Non
1571 3557 1681 3600 vos
1708 3546 1863 3600 terra
1891 3543 2150 3615 operuit,

2268 3545 2473 3619 ῥαγήςι
2530 3547 2569 3598 ὡ
2619 3551 2783 3600 κοινοὶ
2850 3547 3063 3619 φύλακες
3114 3554 3205 3601 τοῦ
3260 3552 3436 3619 γένους
3498 3556 3597 3601 τῶν
3655 3547 3873 3626 ἀνθρώ-

499 3636 606 3695 sed
632 3635 852 3693 coelum
877 3633 1182 3706 suscepit:
1223 3636 1448 3706 apertae
1492 3636 1636 3688 sunt
1672 3631 2150 3705 vobisfparadisi

2268 3640 2409 3689 πωνι
2466 3634 2650 3709 ἀγαθοὶ
2715 3640 2950 3690 κοινωνοὶ
3016 3632 3316 3712 φροντίδων,
3385 3634 3613 3699 δεήσεως
3671 3657 3876 3716 συνερ-

495 3730 707 3802 ροι-ῑω.
741 3726 998 3797 Dignum
1026 3721 1440 3796 spectaculum
1479 3720 1743 3779 exercitu
1770 3721 2148 3797 angelorum,

2268 3729 2366 3798 γοὶ,
2407 3724 2721 3802 πρεσϐευταὶ
2771 3722 3149 3795 δυνατώτατοι,
3209 3724 3421 3801 ἀστέρες
3467 3734 3564 3791 τῆς
3611 3727 3877 3804 οἰκουμέ-

495 3816 750 3889 dignum
778 3812 1159 3889 patriarchis,
1188 3810 1519 3885 prophetis,
1546 3810 1745 3883 justis,
1781 3811 1912 3875 viri,
1953 3810 2058 3885 qui
2086 3811 2149 3869 in

2268 3833 2365 3882 m;,
2406 3814 2540 3874 οἶτθη
2574 3822 2673 3867 τῶν
2701 3813 3040 3874 Ἐκκλησιῶν.
3069 3813 3224 3888 ’Υμᾶς
3269 3815 3380 3887 (54)
3416 3815 3521 3890 οὐχ
3561 3818 3590 3875 ἡ
3624 3823 3692 3891 γῆ
3728 3837 3878 3873 κατ-

2256 3902 2496 3979 έκρυψεν,
2547 3901 2653 3957 ἀλλ’
2716 3904 2929 3980 οὐρανὸς
2992 3900 3301 3969 ὑπεδέξατου
3372 3903 3658 3978 ἠνοίγησαν
3736 3908 3877 3981 ὑμῖν

2272 2029 2485 2103 νάμενόν
2542 2046 2601 2100 γε
2655 2025 3197 2101 μεταϐουλεύσασθαι,
3284 2027 3411 2089 αὐτὴ
3471 2038 3582 2092 ταῖς
3656 2030 3881 2096 οἰκείαις

2272 2121 2463 2192 χερσὶν
2506 2114 2760 2191 ἀραμένη,
2807 2113 3022 2175 ἐπέθηκε
3064 2124 3128 2193 τῇ
3178 2115 3376 2192 ἀμάξῃ,
3423 2116 3496 2192 ἐφ’
3525 2120 3583 2182 ἧς
3622 2122 3672 2173 οἱ
3700 2120 3880 2176 λοιποὶ

2274 2210 2602 2278 συγκείμενοι
2640 2207 2765 2280 πρὸς
2810 2209 2903 2264 τὴν
2952 2206 3122 2281 πυρὰν
3170 2208 3375 2278 ἤγοντο,
3417 2208 3683 2283 μάρτυρος
3720 2211 3879 2275 ὅντως

2270 2298 2470 2371 μήτηρ.
2555 2294 2630 2348 Ού
2707 2295 2811 2368 γὰρ
2888 2290 3116 2371 δάκρυον
3193 2294 3386 2367 ἀφῆκεν
3462 2294 3676 2369 ἀγεννές⁹
3753 2296 3880 2353 οὐδ’

2271 2382 2551 2458 ἰφθέγξατο
2594 2388 2831 2436 ταπεινόν
2869 2403 2921 2436 τι
2963 2387 3053 2437 καὶ
3093 2381 3298 2447 ἀνάξιον
3346 2393 3438 2438 τοῦ
3482 2395 3690 2462 καιροῡο
3736 2388 3875 2456 ἀλλ’,

2269 2470 2477 2540 Ἄπιθι,
2530 2477 2708 2545 φησιν,
2758 2476 2797 2523 ὤ
2835 2479 2951 2541 παῖ,
2983 2477 3079 2531 τὴν
3128 2470 3331 2546 ἀγαθὴν
3359 2479 3570 2550 πορείαν
3599 2478 3734 2550 μετά
3771 2487 3876 2531 τῶν

2269 2561 2575 2632 ἡλικιωτῶν,
2626 2564 2755 2635 μετά
2804 2570 2904 2614 τῶν
2956 2568 3251 2621 συσκήνωνο
3291 2568 3364 2638 μὴ
3422 2562 3734 2640 ἀπολειφθῇς
3781 2576 3878 2632 τῆς

2268 2655 2500 2726 χορείας·
2532 2654 2605 2724 μὴ
2640 2647 2875 2725 δεύτερος
2904 2658 3001 2705 τῶν
3022 2651 3186 2704 ἄλλων
3217 2652 3541 2728 ἐμφανισθῇς
3569 2662 3641 2725 τῷ
3674 2661 3878 2710 Δεσπό-

492 3907 630 3982 ipso
641 3904 977 3978 juventutis
1007 3902 1153 3961 ﬂore
1185 3906 1535 3974 contempta
1562 3902 1707 3969 vita,
1738 3916 1861 3973 prae
1892 3902 2149 3974 parenti-

490 3997 631 4070 bus,
659 4012 786 4070 ρει
810 3993 1033 4059 liberis,
1064 3992 1387 4049 Dominum
1418 3991 1777 4048 dilexerunt.
1798 3994 2048 4048 Etatem
2072 3990 2146 4049 il-

489 4086 616 4145 lam
653 4085 804 4143 dum
847 4086 1116 4155 agerent,
1146 4081 1207 4139 in
1239 4097 1364 4155 qua
1403 4096 1542 4154 spes
1589 4079 1833 4137 vivendi
1863 4080 2142 4152 habetur,

490 4175 799 4253 aspernati
819 4178 960 4231 sunt
977 4170 1409 4246 temporariam
1428 4172 1635 4241 vitam,
1659 4174 1727 4229 ut
1750 4172 1937 4228 Deum
1960 4170 2145 4241 glori-

486 4266 740 4324 ﬁcarent
765 4263 828 4322 in
871 4262 999 4329 suis
1035 4261 1312 4335 ipsorum
1369 4259 1683 4332 membris,
1725 4259 2141 4335 spectaculum

2254 3989 2582 4067 παραδείσου
2654 3993 2838 4052 πύλαι.
2889 3992 3066 4057 Ἄξιον
3121 3996 3290 4068 θέαμα
3341 4002 3404 4068 τῇ
3476 4001 3706 4074 στρατιᾷ
3756 4005 3877 4052 τῶν

2255 4078 2503 4154 ἀγγέλων,
2562 4082 2706 4146 ἄξιον
2769 4084 3149 4160 πατριάρχαις,
3215 4088 3529 4159 προφήταις,
3603 4081 3875 4155 δικαίοις,

2253 4168 2437 4246 ἄνδρες
2492 4170 2541 4225 ἓν
2590 4171 2731 4245 αύτῷ
2787 4180 2861 4244 τῷ
2920 4173 3065 4227 ἄνθει
3115 4180 3209 4238 τῆς
3258 4177 3517 4243 νεότητος,
3574 4181 3667 4228 τοῦ
3729 4174 3872 4250 βίου

2251 4266 2753 4336 καταφρονήσαντες,
2801 4263 2928 4339 ὑπερ
2985 4269 3172 4336 γονεῖς,
3216 4263 3346 4338 ὑπὲρ
3392 4267 3547 4318 τέκνα
3601 4267 3689 4319 τόν
3743 4267 3870 4321 Κύ-

486 4351 1085 4426 mundoangelisque
1094 4356 1155 4410 et
1168 4349 1521 4408 hominibus
1531 4348 1775 4408 effecti“
1785 4391 1800 4407 .
1814 4352 2142 4410 Erexerunt

2268 4369 2361 4405 nos
2423 4349 2806 4425 ἀγαπήσαντες.
2874 4350 3011 4407 Αὐτὸ
3065 4359 3162 4417 τῆς
3232 4352 3443 4417 ἡλικίας
3508 4353 3730 4427 ἄγοντες
3796 4358 3867 4411 τὸ

556 4530 605 4570 ⁸⁸)
634 4529 846 4590 Matth.
866 4545 1030 4600 xvm,
1053 4531 1144 4588 20.
1220 4529 1266 4567 ³¹
1301 4528 1325 4585 Ι
1351 4527 1486 4590 Cor.
1516 4545 1595 4598 tv,
1619 4532 1673 4589 9.

550 4711 672 4781 (50)
700 4711 866 4782 Unus
893 4707 1086 4782 codex
1114 4711 1458 4782 κατατρέχει.

548 4776 669 4855 (5t)
719 4780 906 4837 Editio
949 4780 1135 4855 Paris.
1173 4776 1603 4855 διδασκέτωσαν,
1643 4780 1917 4837 doceant.
1978 4778 2135 4839 Libri

479 4847 710 4912 veteriss
735 4867 951 4909 omnes
982 4847 1427 4923 διδαχθήτωσαν.
1455 4851 1809 4915 doceantur,
1841 4856 2020 4909 recte.

550 4928 665 4997 (52)
688 4928 948 4997 Utraque
968 4922 1147 4997 editio
1173 4923 1361 4997 ίαντῆς
1381 4923 1513 4977 υἱόν.
1540 4923 1667 4979 Vox
1691 4924 1803 4975 υἱόν
1822 4924 1883 4997 in
1906 4925 2134 4997 nostris

477 4994 765 5055 omnibus
808 4994 955 5051 niss.
1004 4994 1192 5051 deest.
1242 4996 1324 5049 Ea
1360 4999 1573 5065 autem
1614 5009 1750 5065 vox,
1802 4995 1918 5051 nisi
1955 4997 2133 5054 valde

477 5072 675 5139 fallor,
700 5069 763 5125 in
792 5071 1133 5125 contexmm
1158 5064 1395 5139 irrepsit
1418 5081 1449 5122 e
1473 5066 1770 5139 margine,
1803 5065 1908 5139 ubi
1936 5068 2133 5139 posita

477 5137 690 5206 fuerat,
717 5144 783 5197 ut
819 5153 1208 5196 moneremur
1235 5137 1433 5210 ipsam
1457 5137 1955 5194 subaudiendum
1968 5155 2128 5197 esse.

475 5212 648 5282 Quod
672 5212 768 5269 hic
796 5212 877 5269 ait
907 5210 1177 5277 Basilius,
1221 5223 1411 5282 unum
1442 5212 1772 5280 martyrem
1813 5210 2012 5266 adhuc
2041 5226 2130 5267 re-

477 5280 758 5357 spirasse,
787 5300 924 5357 cum
955 5282 1149 5357 creteri
1173 5284 1309 5357 jam
1328 5280 1544 5357 frigore
1566 5282 2131 5357 consumptiessent

474 5351 533 5412 et
551 5355 805 5410 confecti
855 5354 917 5408 id
957 5355 1037 5409 ita
1070 5352 1313 5421 intelligi
1337 5351 1539 5420 debet,
1571 5357 1636 5425 ut
1665 5352 1726 5425 hi
1764 5351 2013 5425 quidem
2038 5369 2131 5410 re-

472 5425 906 5499 spirarent,sed
922 5427 1066 5499 citra
1083 5425 1255 5481 ullam
1279 5439 1440 5496 spem
1454 5424 1727 5480 sanitatis
1741 5424 2101 5499 recipiendae
2114 5468 2127 5491 ,

462 5494 539 5555 ua
570 5509 724 5552 vero
748 5494 858 5564 sic,
882 5501 948 5551 ut
966 5496 1131 5551 vires
1164 5494 1532 5568 recuperare
1556 5511 1736 5569 posse
1757 5494 2121 5555 crederetur.

2242 4708 2525 4791 Alioquin
2568 4708 2730 4791 enim
2778 4707 3034 4791 basilius
3050 4778 3063 4791 ί
3078 4709 3424 4791 pugnantia
3449 4708 3859 4791 loqueretur,

2242 4782 2349 4857 qui
2378 4781 2565 4865 paulo
2596 4787 2736 4865 ante
2778 4781 3267 4865 dixeritsa'netos
3305 4781 3607 4865 martyres
3626 4781 3869 4865 _a_.dhuo

2241 4852 2573 4928 respirasse
2621 4857 2963 4928 tum,_pcum
2999 4852 3203 4928 traditi
3251 4858 3395 4928 sunt
3623 4855 3870 4928 Μαι-εγε-

2242 4924 2566 5008 ᾳυῐξεαῃιξο
2587 4925 2694 5008 qui
2721 4925 2925 4983 adhuc
2959 4924 3295 4999 respirasse
3323 4924 3562 4989 dicitur.
3593 4924 3867 4985 vocatur

2239 5000 2302 5055 in
2332 5000 2494 5054 Actis
2518 5000 2731 5054 Melito.
3821 5046 3834 5054 .

2241 5140 2278 5144 _
2314 5072 2431 5144 (53)
2456 5069 2649 5144 Editio
2675 5067 2855 5127 Basil.
2873 5072 2933 5128 et
2955 5084 3061 5126 sex
3088 5083 3235 5127 mss.
3259 5068 3301 5122 ὦ
3326 5069 3624 5144 σύνταγμα.
3650 5068 3863 5130 Editio

2240 5140 2436 5216 Paris.
2535 5143 2807 5216 σύστημα,

2311 5214 2433 5287 (54),
2450 5214 2682 5287 Veteres
2701 5210 2972 5287 quinque
2994 5211 3132 5287 libri
3147 5217 3211 5287 et
3229 5211 3331 5287 alii
3349 5212 3475 5287 duo
3494 5214 3639 5287 Duc.
3661 5210 3859 5287 ἕκιλῃ-

2242 5292 2367 5336 σιῶν
2410 5282 2568 5357 ὖμᾶς.
2603 5282 2790 5341 Editio
2826 5282 3009 5341 Paris.
3042 5284 3236 5341 fusius
3258 5283 3568 5343 ἄκκλησιῶν.
3613 5282 3854 5357 Ἐγὼδή

2239 5375 2372 5429 φημι
2421 5356 2582 5416 νοητά
2628 5374 2683 5409 τε
2723 5361 2813 5439 καὶ
2852 5357 3084 5439 αἰσθητοὶ
3119 5357 3297 5429 Ὑμᾶς.
3335 5357 3466 5438 ,εθό
3510 5371 3635 5412 non
3662 5356 3855 5439 valde

2238 5428 2578 5501 admodum
2598 5428 2831 5501 dubito,
2846 5444 2999 5501 quin
3029 5427 3388 5487 intermedta
3408 5428 3601 5488 verba
3627 5427 3859 5489 addita

2176 5558 2185 5575 1
2240 5498 2360 5556 sint
2396 5499 2476 5558 ab
2506 5498 2742 5571 Anglic.
