  <div class='ocr_page' id='page_1' title='image "/cluster/home/n/w/nwhite01/storage/ocr_20150623/31/hvd.32044048272629/269.png"; bbox 0 0 4076 6190; ppageno 0'>
   <div class='ocr_carea' id='block_1_1' title="bbox 563 240 669 295">
    <p class='ocr_par' dir='ltr' id='par_1_1' title="bbox 563 240 669 295">
     <span class='ocr_line' id='line_1_1' title="bbox 563 240 669 295; baseline -0.009 0"><span class='ocrx_word' id='word_1_1' title='bbox 563 240 669 295; x_wconf 76' lang='lat'><strong>527</strong></span> 
     </span>
    </p>
   </div>
   <div class='ocr_carea' id='block_1_2' title="bbox 1939 228 2548 289">
    <p class='ocr_par' dir='ltr' id='par_1_2' title="bbox 1939 228 2548 289">
     <span class='ocr_line' id='line_1_2' title="bbox 1939 228 2548 289; baseline 0.003 -2"><span class='ocrx_word' id='word_1_2' title='bbox 1939 230 1996 287; x_wconf 92' lang='lat' dir='ltr'><strong>S.</strong></span> <span class='ocrx_word' id='word_1_3' title='bbox 2038 228 2293 285; x_wconf 79' lang='lat' dir='ltr'><strong>BASlLll</strong></span> <span class='ocrx_word' id='word_1_4' title='bbox 2326 230 2548 289; x_wconf 75' lang='lat' dir='ltr'><strong>MAGNI</strong></span> 
     </span>
    </p>
   </div>
   <div class='ocr_carea' id='block_1_3' title="bbox 3815 246 3924 301">
    <p class='ocr_par' dir='ltr' id='par_1_3' title="bbox 3815 246 3924 301">
     <span class='ocr_line' id='line_1_3' title="bbox 3815 246 3924 301; baseline 0.009 -1"><span class='ocrx_word' id='word_1_5' title='bbox 3815 246 3924 301; x_wconf 79' lang='lat'><strong>528</strong></span> 
     </span>
    </p>
   </div>
   <div class='ocr_carea' id='block_1_4' title="bbox 552 354 2176 442">
    <p class='ocr_par' dir='ltr' id='par_1_4' title="bbox 552 354 2176 442">
     <span class='ocr_line' id='line_1_4' title="bbox 552 354 2176 442; baseline -0.012 -15"><span class='ocrx_word' id='word_1_6' title='bbox 552 370 651 427; x_wconf 89' lang='lat' dir='ltr'><strong>hic</strong></span> <span class='ocrx_word' id='word_1_7' title='bbox 676 374 831 428; x_wconf 90' lang='lat' dir='ltr'><strong>certe</strong></span> <span class='ocrx_word' id='word_1_8' title='bbox 860 367 1035 442; x_wconf 86' lang='lat' dir='ltr'><strong>quasi</strong></span> <span class='ocrx_word' id='word_1_9' title='bbox 1061 366 1397 423; x_wconf 78' lang='lat' dir='ltr'><strong>humanam</strong></span> <span class='ocrx_word' id='word_1_10' title='bbox 1417 361 1697 413; x_wconf 85' lang='lat' dir='ltr'><strong>naturam</strong></span> <span class='ocrx_word' id='word_1_11' title='bbox 1718 354 2176 412; x_wconf 77' lang='lat' dir='ltr'><strong>trancendentes</strong></span> 
     </span>
    </p>
   </div>
   <div class='ocr_carea' id='block_1_5' title="bbox 2290 354 3925 442">
    <p class='ocr_par' dir='ltr' id='par_1_5' title="bbox 2320 355 3925 439">
     <span class='ocr_line' id='line_1_5' title="bbox 2320 355 3925 439; baseline 0.008 -34"><span class='ocrx_word' id='word_1_12' title='bbox 2320 355 2563 427; x_wconf 80' lang='grc' dir='ltr'>μίζουσι,</span> <span class='ocrx_word' id='word_1_13' title='bbox 2595 361 2817 433; x_wconf 79' lang='grc' dir='ltr'>πάτημα</span> <span class='ocrx_word' id='word_1_14' title='bbox 2864 362 2987 422; x_wconf 83' lang='grc' dir='ltr'>τούς</span> <span class='ocrx_word' id='word_1_15' title='bbox 3017 361 3384 435; x_wconf 75' lang='grc' dir='ltr'><strong>ὑποκειμένους</strong></span> <span class='ocrx_word' id='word_1_16' title='bbox 3419 361 3722 439; x_wconf 82' lang='grc' dir='ltr'>ἀνθρωπους</span> <span class='ocrx_word' id='word_1_17' title='bbox 3759 367 3925 437; x_wconf 62' lang='lat'><strong>{570-5-</strong></span> 
     </span>
    </p>
   </div>
   <div class='ocr_carea' id='block_1_6' title="bbox 552 444 2205 529">
    <p class='ocr_par' dir='ltr' id='par_1_6' title="bbox 552 444 2205 529">
     <span class='ocr_line' id='line_1_6' title="bbox 552 444 2205 529; baseline -0.013 -10"><span class='ocrx_word' id='word_1_18' title='bbox 552 463 787 518; x_wconf 89' lang='lat' dir='ltr'><strong>tantum</strong></span> <span class='ocrx_word' id='word_1_19' title='bbox 812 473 934 515; x_wconf 90' lang='lat' dir='ltr'><strong>non</strong></span> <span class='ocrx_word' id='word_1_20' title='bbox 956 455 1105 529; x_wconf 87' lang='lat' dir='ltr'><strong>ipsis</strong></span> <span class='ocrx_word' id='word_1_21' title='bbox 1129 448 1395 509; x_wconf 88' lang='lat' dir='ltr'><strong>nubibus</strong></span> <span class='ocrx_word' id='word_1_22' title='bbox 1416 445 1675 502; x_wconf 82' lang='lat' dir='ltr'><strong>insidere</strong></span> <span class='ocrx_word' id='word_1_23' title='bbox 1724 461 1789 501; x_wconf 90' lang='lat' dir='ltr'><strong>se</strong></span> <span class='ocrx_word' id='word_1_24' title='bbox 1817 444 2205 511; x_wconf 88' lang='lat' dir='ltr'><strong>arbitrantur,</strong></span> 
     </span>
    </p>
   </div>
   <div class='ocr_carea' id='block_1_7' title="bbox 549 534 2209 616">
    <p class='ocr_par' dir='ltr' id='par_1_7' title="bbox 549 534 2209 616">
     <span class='ocr_line' id='line_1_7' title="bbox 549 534 2209 616; baseline -0.012 -8"><span class='ocrx_word' id='word_1_25' title='bbox 549 548 829 607; x_wconf 82' lang='lat' dir='ltr'><strong>homines</strong></span> <span class='ocrx_word' id='word_1_26' title='bbox 856 545 1156 616; x_wconf 81' lang='lat' dir='ltr'><strong>subjectos</strong></span> <span class='ocrx_word' id='word_1_27' title='bbox 1181 553 1293 613; x_wconf 92' lang='lat' dir='ltr'><strong>pro</strong></span> <span class='ocrx_word' id='word_1_28' title='bbox 1321 534 1586 593; x_wconf 80' lang='lat' dir='ltr'><strong>scabello</strong></span> <span class='ocrx_word' id='word_1_29' title='bbox 1605 534 2102 605; x_wconf 88' lang='lat' dir='ltr'><strong>ducentes,seque</strong></span> <span class='ocrx_word' id='word_1_30' title='bbox 2124 535 2209 589; x_wconf 87' lang='lat' dir='ltr'><strong>at-</strong></span> 
     </span>
    </p>
   </div>
   <div class='ocr_carea' id='block_1_8' title="bbox 549 623 2205 706">
    <p class='ocr_par' dir='ltr' id='par_1_8' title="bbox 549 623 2205 706">
     <span class='ocr_line' id='line_1_8' title="bbox 549 623 2205 706; baseline -0.013 -9"><span class='ocrx_word' id='word_1_31' title='bbox 549 639 823 696; x_wconf 83' lang='lat' dir='ltr'><strong>tollentes</strong></span> <span class='ocrx_word' id='word_1_32' title='bbox 860 635 922 692; x_wconf 90' lang='lat' dir='ltr'><strong>in</strong></span> <span class='ocrx_word' id='word_1_33' title='bbox 972 632 1137 706; x_wconf 87' lang='lat' dir='ltr'><strong>ipsos</strong></span> <span class='ocrx_word' id='word_1_34' title='bbox 1165 627 1397 685; x_wconf 64' lang='lat' dir='ltr'><strong>collatas</strong></span> <span class='ocrx_word' id='word_1_35' title='bbox 1429 624 1548 681; x_wconf 85' lang='lat' dir='ltr'><strong>sibi</strong></span> <span class='ocrx_word' id='word_1_36' title='bbox 1572 623 1884 695; x_wconf 77' lang='lat' dir='ltr'><strong>dignitatis</strong></span> <span class='ocrx_word' id='word_1_37' title='bbox 1907 626 2205 688; x_wconf 77' lang='lat' dir='ltr'><strong>auctores,</strong></span> 
     </span>
    </p>
   </div>
   <div class='ocr_carea' id='block_1_9' title="bbox 549 709 2207 792">
    <p class='ocr_par' dir='ltr' id='par_1_9' title="bbox 549 709 2207 792">
     <span class='ocr_line' id='line_1_9' title="bbox 549 709 2207 792; baseline -0.013 -6"><span class='ocrx_word' id='word_1_38' title='bbox 549 733 606 786; x_wconf 84' lang='lat' dir='ltr'><strong>et</strong></span> <span class='ocrx_word' id='word_1_39' title='bbox 632 726 928 785; x_wconf 89' lang='lat' dir='ltr'><strong>adversus</strong></span> <span class='ocrx_word' id='word_1_40' title='bbox 954 737 1078 786; x_wconf 87' lang='lat' dir='ltr'><strong>eos,</strong></span> <span class='ocrx_word' id='word_1_41' title='bbox 1102 732 1364 792; x_wconf 90' lang='lat' dir='ltr'><strong>quorum</strong></span> <span class='ocrx_word' id='word_1_42' title='bbox 1385 729 1570 788; x_wconf 84' lang='lat' dir='ltr'><strong>opera</strong></span> <span class='ocrx_word' id='word_1_43' title='bbox 1591 713 1791 769; x_wconf 83' lang='lat' dir='ltr'><strong>eximii</strong></span> <span class='ocrx_word' id='word_1_44' title='bbox 1820 711 2074 785; x_wconf 92' lang='lat' dir='ltr'><strong>quidam</strong></span> <span class='ocrx_word' id='word_1_45' title='bbox 2094 709 2207 766; x_wconf 89' lang='lat' dir='ltr'><strong>viri</strong></span> 
     </span>
    </p>
   </div>
   <div class='ocr_carea' id='block_1_10' title="bbox 549 799 2204 877">
    <p class='ocr_par' dir='ltr' id='par_1_10' title="bbox 549 799 2204 877">
     <span class='ocr_line' id='line_1_10' title="bbox 549 799 2204 877; baseline -0.011 -3"><span class='ocrx_word' id='word_1_46' title='bbox 549 832 679 874; x_wconf 89' lang='lat' dir='ltr'><strong>esse</strong></span> <span class='ocrx_word' id='word_1_47' title='bbox 707 814 1004 877; x_wconf 89' lang='lat' dir='ltr'><strong>videntur,</strong></span> <span class='ocrx_word' id='word_1_48' title='bbox 1025 807 1477 866; x_wconf 87' lang='lat' dir='ltr'><strong>insolescentes.</strong></span> <span class='ocrx_word' id='word_1_49' title='bbox 1512 806 1712 875; x_wconf 80' lang='lat' dir='ltr'><strong>Agunt</strong></span> <span class='ocrx_word' id='word_1_50' title='bbox 1735 818 1863 859; x_wconf 90' lang='lat' dir='ltr'><strong>rem</strong></span> <span class='ocrx_word' id='word_1_51' title='bbox 1884 799 2204 858; x_wconf 59' lang='lat' dir='ltr'><strong>dementia</strong></span> 
     </span>
    </p>
   </div>
   <div class='ocr_carea' id='block_1_11' title="bbox 544 888 2200 977">
    <p class='ocr_par' dir='ltr' id='par_1_11' title="bbox 544 888 2200 977">
     <span class='ocr_line' id='line_1_11' title="bbox 544 888 2200 977; baseline -0.01 -17"><span class='ocrx_word' id='word_1_52' title='bbox 544 904 810 977; x_wconf 87' lang='lat' dir='ltr'><strong>plenam.</strong></span> <span class='ocrx_word' id='word_1_53' title='bbox 842 916 982 956; x_wconf 91' lang='lat' dir='ltr'><strong>cum</strong></span> <span class='ocrx_word' id='word_1_54' title='bbox 1001 897 1269 954; x_wconf 83' lang='lat' dir='ltr'><strong>habeant</strong></span> <span class='ocrx_word' id='word_1_55' title='bbox 1289 893 1543 965; x_wconf 82' lang='lat' dir='ltr'><strong>gloriam</strong></span> <span class='ocrx_word' id='word_1_56' title='bbox 1568 891 1805 948; x_wconf 90' lang='lat' dir='ltr'><strong>somnio</strong></span> <span class='ocrx_word' id='word_1_57' title='bbox 1825 888 2200 977; x_wconf 88' lang='lat' dir='ltr'><strong>debiliorem,</strong></span> 
     </span>
    </p>
   </div>
   <div class='ocr_carea' id='block_1_12' title="bbox 543 976 2205 1061">
    <p class='ocr_par' dir='ltr' id='par_1_12' title="bbox 543 976 2205 1061">
     <span class='ocr_line' id='line_1_12' title="bbox 543 976 2205 1061; baseline -0.011 -11"><span class='ocrx_word' id='word_1_58' title='bbox 543 976 1116 1061; x_wconf 80' lang='lat' dir='ltr'><strong>circumdenturque</strong></span> <span class='ocrx_word' id='word_1_59' title='bbox 1138 983 1458 1059; x_wconf 89' lang='lat' dir='ltr'><strong>splendore</strong></span> <span class='ocrx_word' id='word_1_60' title='bbox 1479 980 1787 1038; x_wconf 85' lang='lat' dir='ltr'><strong>nocturnis</strong></span> <span class='ocrx_word' id='word_1_61' title='bbox 1809 978 1952 1035; x_wconf 88' lang='lat' dir='ltr'><strong>visis</strong></span> <span class='ocrx_word' id='word_1_62' title='bbox 1975 976 2205 1034; x_wconf 83' lang='lat' dir='ltr'><strong>inanio-</strong></span> 
     </span>
    </p>
   </div>
   <div class='ocr_carea' id='block_1_13' title="bbox 538 1066 2201 1154">
    <p class='ocr_par' dir='ltr' id='par_1_13' title="bbox 538 1066 2201 1154">
     <span class='ocr_line' id='line_1_13' title="bbox 538 1066 2201 1154; baseline -0.01 -17"><span class='ocrx_word' id='word_1_63' title='bbox 538 1079 970 1154; x_wconf 78' lang='lat' dir='ltr'><strong>rezquiscilicet</strong></span> <span class='ocrx_word' id='word_1_64' title='bbox 991 1074 1197 1148; x_wconf 88' lang='lat' dir='ltr'><strong>populi</strong></span> <span class='ocrx_word' id='word_1_65' title='bbox 1211 1077 1359 1129; x_wconf 94' lang='lat' dir='ltr'><strong>nutu</strong></span> <span class='ocrx_word' id='word_1_66' title='bbox 1373 1071 1910 1137; x_wconf 85' lang='lat' dir='ltr'><strong>conﬂetur,etnutu</strong></span> <span class='ocrx_word' id='word_1_67' title='bbox 1928 1066 2201 1138; x_wconf 90' lang='lat' dir='ltr'><strong>ejusdem</strong></span> 
     </span>
    </p>
   </div>
   <div class='ocr_carea' id='block_1_14' title="bbox 537 1154 2198 1236">
    <p class='ocr_par' dir='ltr' id='par_1_14' title="bbox 537 1154 2198 1236">
     <span class='ocr_line' id='line_1_14' title="bbox 537 1154 2198 1236; baseline -0.01 -9"><span class='ocrx_word' id='word_1_68' title='bbox 537 1168 920 1226; x_wconf 80' lang='lat' dir='ltr'><strong>dissolvatur.</strong></span> <span class='ocrx_word' id='word_1_69' title='bbox 950 1161 1261 1236; x_wconf 83' lang='lat' dir='ltr'><strong>Ejusmodi</strong></span> <span class='ocrx_word' id='word_1_70' title='bbox 1282 1162 1411 1217; x_wconf 86' lang='lat' dir='ltr'><strong>erat</strong></span> <span class='ocrx_word' id='word_1_71' title='bbox 1453 1159 1706 1214; x_wconf 88' lang='lat' dir='ltr'><strong>demens</strong></span> <span class='ocrx_word' id='word_1_72' title='bbox 1731 1156 1827 1213; x_wconf 93' lang='lat' dir='ltr'><strong>ille</strong></span> <span class='ocrx_word' id='word_1_73' title='bbox 1858 1154 2198 1213; x_wconf 90' lang='lat' dir='ltr'><strong>Salomonis</strong></span> 
     </span>
    </p>
   </div>
   <div class='ocr_carea' id='block_1_15' title="bbox 536 1244 2199 1326">
    <p class='ocr_par' dir='ltr' id='par_1_15' title="bbox 536 1244 2199 1326">
     <span class='ocr_line' id='line_1_15' title="bbox 536 1244 2199 1326; baseline -0.01 -9"><span class='ocrx_word' id='word_1_74' title='bbox 536 1260 717 1324; x_wconf 84' lang='lat' dir='ltr'><strong>ﬁlius,</strong></span> <span class='ocrx_word' id='word_1_75' title='bbox 764 1261 932 1314; x_wconf 67' lang='lat' dir='ltr'><strong>aetate</strong></span> <span class='ocrx_word' id='word_1_76' title='bbox 951 1252 1224 1326; x_wconf 83' lang='lat' dir='ltr'><strong>juvenis,</strong></span> <span class='ocrx_word' id='word_1_77' title='bbox 1254 1249 1471 1307; x_wconf 88' lang='lat' dir='ltr'><strong>mentis</strong></span> <span class='ocrx_word' id='word_1_78' title='bbox 1500 1246 1823 1322; x_wconf 87' lang='lat' dir='ltr'><strong>prudentia</strong></span> <span class='ocrx_word' id='word_1_79' title='bbox 1836 1246 2060 1317; x_wconf 88' lang='lat' dir='ltr'><strong>junior,</strong></span> <span class='ocrx_word' id='word_1_80' title='bbox 2090 1244 2199 1318; x_wconf 89' lang='lat' dir='ltr'><strong>qui</strong></span> 
     </span>
    </p>
   </div>
   <div class='ocr_carea' id='block_1_16' title="bbox 535 1336 2197 1420">
    <p class='ocr_par' dir='ltr' id='par_1_16' title="bbox 535 1336 2197 1420">
     <span class='ocr_line' id='line_1_16' title="bbox 535 1336 2197 1420; baseline -0.01 -14"><span class='ocrx_word' id='word_1_81' title='bbox 535 1365 677 1407; x_wconf 90' lang='lat' dir='ltr'><strong>cum</strong></span> <span class='ocrx_word' id='word_1_82' title='bbox 706 1346 935 1420; x_wconf 85' lang='lat' dir='ltr'><strong>populo</strong></span> <span class='ocrx_word' id='word_1_83' title='bbox 957 1341 1283 1416; x_wconf 90' lang='lat' dir='ltr'><strong>imperium</strong></span> <span class='ocrx_word' id='word_1_84' title='bbox 1308 1338 1509 1395; x_wconf 87' lang='lat' dir='ltr'><strong>mitius</strong></span> <span class='ocrx_word' id='word_1_85' title='bbox 1541 1336 1762 1411; x_wconf 88' lang='lat' dir='ltr'><strong>petenti</strong></span> <span class='ocrx_word' id='word_1_86' title='bbox 1792 1336 2001 1391; x_wconf 88' lang='lat' dir='ltr'><strong>durius</strong></span> <span class='ocrx_word' id='word_1_87' title='bbox 2032 1350 2197 1391; x_wconf 86' lang='lat' dir='ltr'><strong>com-</strong></span> 
     </span>
    </p>
   </div>
   <div class='ocr_carea' id='block_1_17' title="bbox 531 1424 2197 1505">
    <p class='ocr_par' dir='ltr' id='par_1_17' title="bbox 531 1424 2197 1505">
     <span class='ocr_line' id='line_1_17' title="bbox 531 1424 2197 1505; baseline -0.008 -11"><span class='ocrx_word' id='word_1_88' title='bbox 531 1438 797 1494; x_wconf 87' lang='lat' dir='ltr'><strong>minatus</strong></span> <span class='ocrx_word' id='word_1_89' title='bbox 814 1436 992 1500; x_wconf 86' lang='lat' dir='ltr'><strong>esset,</strong></span> <span class='ocrx_word' id='word_1_90' title='bbox 1017 1437 1073 1488; x_wconf 92' lang='lat' dir='ltr'><strong>et</strong></span> <span class='ocrx_word' id='word_1_91' title='bbox 1089 1446 1198 1505; x_wconf 88' lang='lat' dir='ltr'><strong>per</strong></span> <span class='ocrx_word' id='word_1_92' title='bbox 1214 1428 1412 1486; x_wconf 89' lang='lat' dir='ltr'><strong>minas</strong></span> <span class='ocrx_word' id='word_1_93' title='bbox 1430 1443 1685 1499; x_wconf 86' lang='lat' dir='ltr'><strong>regnum</strong></span> <span class='ocrx_word' id='word_1_94' title='bbox 1707 1424 2197 1493; x_wconf 86' lang='lat' dir='ltr'><strong>amisisset,unde</strong></span> 
     </span>
    </p>
   </div>
   <div class='ocr_carea' id='block_1_18' title="bbox 530 1513 2197 1595">
    <p class='ocr_par' dir='ltr' id='par_1_18' title="bbox 530 1513 2197 1595">
     <span class='ocr_line' id='line_1_18' title="bbox 530 1513 2197 1595; baseline -0.008 -13"><span class='ocrx_word' id='word_1_95' title='bbox 530 1528 924 1595; x_wconf 78' lang='lat' dir='ltr'><strong>regnaturum</strong></span> <span class='ocrx_word' id='word_1_96' title='bbox 944 1536 1008 1576; x_wconf 87' lang='lat' dir='ltr'><strong>se</strong></span> <span class='ocrx_word' id='word_1_97' title='bbox 1028 1519 1344 1590; x_wconf 84' lang='lat' dir='ltr'><strong>augustius</strong></span> <span class='ocrx_word' id='word_1_98' title='bbox 1355 1514 1806 1589; x_wconf 88' lang='lat' dir='ltr'><strong>sperabat,inde</strong></span> <span class='ocrx_word' id='word_1_99' title='bbox 1820 1530 1890 1570; x_wconf 87' lang='lat' dir='ltr'><strong>ex</strong></span> <span class='ocrx_word' id='word_1_100' title='bbox 1904 1513 2197 1585; x_wconf 81' lang='lat' dir='ltr'><strong>dignitate</strong></span> 
     </span>
    </p>
   </div>
   <div class='ocr_carea' id='block_1_19' title="bbox 529 1602 2196 1687">
    <p class='ocr_par' dir='ltr' id='par_1_19' title="bbox 529 1602 2196 1687">
     <span class='ocr_line' id='line_1_19' title="bbox 529 1602 2196 1687; baseline -0.007 -17"><span class='ocrx_word' id='word_1_101' title='bbox 529 1628 718 1687; x_wconf 89' lang='lat' dir='ltr'><strong>quam</strong></span> <span class='ocrx_word' id='word_1_102' title='bbox 733 1610 1022 1675; x_wconf 84' lang='lat' dir='ltr'><strong>habebat,</strong></span> <span class='ocrx_word' id='word_1_103' title='bbox 1055 1609 1324 1680; x_wconf 84' lang='lat' dir='ltr'><strong>dejectus</strong></span> <span class='ocrx_word' id='word_1_104' title='bbox 1344 1610 1433 1665; x_wconf 81' lang='lat' dir='ltr'><strong>est</strong></span> <span class='ocrx_word' id='word_1_105' title='bbox 1446 1607 1514 1662; x_wconf 78' lang='grc'><strong>³³.</strong></span> <span class='ocrx_word' id='word_1_106' title='bbox 1544 1604 1760 1661; x_wconf 84' lang='lat' dir='ltr'><strong>Reddit</strong></span> <span class='ocrx_word' id='word_1_107' title='bbox 1777 1609 1981 1660; x_wconf 89' lang='lat' dir='ltr'><strong>autem</strong></span> <span class='ocrx_word' id='word_1_108' title='bbox 2005 1602 2196 1659; x_wconf 88' lang='lat' dir='ltr'><strong>homi-</strong></span> 
     </span>
    </p>
   </div>
   <div class='ocr_carea' id='block_1_20' title="bbox 2318 446 3925 517">
    <p class='ocr_par' dir='ltr' id='par_1_20' title="bbox 2318 446 3925 517">
     <span class='ocr_line' id='line_1_20' title="bbox 2318 446 3925 517; baseline 0.007 -22"><span class='ocrx_word' id='word_1_109' title='bbox 2318 463 2482 516; x_wconf 82' lang='grc' dir='ltr'>μενοι,</span> <span class='ocrx_word' id='word_1_110' title='bbox 2505 452 2594 500; x_wconf 81' lang='grc' dir='ltr'>καὶ</span> <span class='ocrx_word' id='word_1_111' title='bbox 2632 451 2768 502; x_wconf 86' lang='grc' dir='ltr'><strong>κατά</strong></span> <span class='ocrx_word' id='word_1_112' title='bbox 2790 458 2891 502; x_wconf 84' lang='grc' dir='ltr'>τῶν</span> <span class='ocrx_word' id='word_1_113' title='bbox 2919 454 3014 508; x_wconf 72' lang='grc' dir='ltr'>τὴν</span> <span class='ocrx_word' id='word_1_114' title='bbox 3041 448 3189 513; x_wconf 78' lang='grc' dir='ltr'>ἀξίαν</span> <span class='ocrx_word' id='word_1_115' title='bbox 3231 446 3538 505; x_wconf 76' lang='grc' dir='ltr'><strong>δεδωκότων</strong></span> <span class='ocrx_word' id='word_1_116' title='bbox 3569 453 3742 517; x_wconf 86' lang='grc' dir='ltr'>αύτοῖς</span> <span class='ocrx_word' id='word_1_117' title='bbox 3775 453 3925 507; x_wconf 75' lang='grc' dir='ltr'>ἐπαι-</span> 
     </span>
    </p>
   </div>
   <div class='ocr_carea' id='block_1_21' title="bbox 2316 536 3923 609">
    <p class='ocr_par' dir='ltr' id='par_1_21' title="bbox 2316 536 3923 609">
     <span class='ocr_line' id='line_1_21' title="bbox 2316 536 3923 609; baseline 0.007 -23"><span class='ocrx_word' id='word_1_118' title='bbox 2316 540 2542 608; x_wconf 85' lang='grc' dir='ltr'>ρόμενοι,</span> <span class='ocrx_word' id='word_1_119' title='bbox 2583 544 2671 591; x_wconf 88' lang='grc' dir='ltr'>καὶ</span> <span class='ocrx_word' id='word_1_120' title='bbox 2722 536 2794 592; x_wconf 78' lang='grc' dir='ltr'><strong>δι’</strong></span> <span class='ocrx_word' id='word_1_121' title='bbox 2837 540 2904 591; x_wconf 82' lang='grc' dir='ltr'><strong>ὧν</strong></span> <span class='ocrx_word' id='word_1_122' title='bbox 2954 536 3084 605; x_wconf 82' lang='grc' dir='ltr'>εἶναι</span> <span class='ocrx_word' id='word_1_123' title='bbox 3115 536 3338 594; x_wconf 69' lang='grc' dir='ltr'>δοκοῦσί</span> <span class='ocrx_word' id='word_1_124' title='bbox 3369 561 3520 609; x_wconf 82' lang='grc' dir='ltr'>τινες,</span> <span class='ocrx_word' id='word_1_125' title='bbox 3553 546 3690 596; x_wconf 88' lang='grc' dir='ltr'><strong>κατά</strong></span> <span class='ocrx_word' id='word_1_126' title='bbox 3717 548 3923 598; x_wconf 84' lang='grc' dir='ltr'>τούτων</span> 
     </span>
    </p>
   </div>
   <div class='ocr_carea' id='block_1_22' title="bbox 2318 620 3918 706">
    <p class='ocr_par' dir='ltr' id='par_1_22' title="bbox 2318 620 3918 706">
     <span class='ocr_line' id='line_1_22' title="bbox 2318 620 3918 706; baseline 0.006 -29"><span class='ocrx_word' id='word_1_127' title='bbox 2318 620 2761 701; x_wconf 77' lang='grc' dir='ltr'>ἀλαζονευόμενοιο</span> <span class='ocrx_word' id='word_1_128' title='bbox 2814 635 3036 703; x_wconf 73' lang='grc' dir='ltr'>πρᾶγμα</span> <span class='ocrx_word' id='word_1_129' title='bbox 3079 628 3272 704; x_wconf 82' lang='grc' dir='ltr'>πλῆρες</span> <span class='ocrx_word' id='word_1_130' title='bbox 3337 628 3509 692; x_wconf 86' lang='grc' dir='ltr'>ἀνοίας</span> <span class='ocrx_word' id='word_1_131' title='bbox 3555 632 3918 706; x_wconf 53' lang='grc' dir='ltr'>ὑπομνοντες,</span> 
     </span>
    </p>
   </div>
   <div class='ocr_carea' id='block_1_23' title="bbox 2316 710 3924 797">
    <p class='ocr_par' dir='ltr' id='par_1_23' title="bbox 2316 710 3924 797">
     <span class='ocr_line' id='line_1_23' title="bbox 2316 710 3924 797; baseline 0.007 -33"><span class='ocrx_word' id='word_1_132' title='bbox 2316 710 2513 787; x_wconf 80' lang='grc' dir='ltr'>ὀνείρου</span> <span class='ocrx_word' id='word_1_133' title='bbox 2549 717 2863 791; x_wconf 73' lang='grc' dir='ltr'>σαθροτὶραν</span> <span class='ocrx_word' id='word_1_134' title='bbox 2893 720 3101 789; x_wconf 76' lang='grc' dir='ltr'>ἔχοντες</span> <span class='ocrx_word' id='word_1_135' title='bbox 3131 714 3310 785; x_wconf 79' lang='grc' dir='ltr'>δόξαν,</span> <span class='ocrx_word' id='word_1_136' title='bbox 3343 722 3433 771; x_wconf 85' lang='grc' dir='ltr'><strong>καὶ</strong></span> <span class='ocrx_word' id='word_1_137' title='bbox 3455 725 3801 797; x_wconf 80' lang='grc' dir='ltr'>ματαιοτέραν</span> <span class='ocrx_word' id='word_1_138' title='bbox 3824 743 3924 795; x_wconf 85' lang='grc' dir='ltr'>φα-</span> 
     </span>
    </p>
   </div>
   <div class='ocr_carea' id='block_1_24' title="bbox 2315 803 3923 883">
    <p class='ocr_par' dir='ltr' id='par_1_24' title="bbox 2315 803 3923 883">
     <span class='ocr_line' id='line_1_24' title="bbox 2315 803 3923 883; baseline 0.006 -29"><span class='ocrx_word' id='word_1_139' title='bbox 2315 803 2524 875; x_wconf 83' lang='grc' dir='ltr'>σμάτων</span> <span class='ocrx_word' id='word_1_140' title='bbox 2582 810 2886 879; x_wconf 69' lang='grc' dir='ltr'>νυκτερινῶν</span> <span class='ocrx_word' id='word_1_141' title='bbox 2943 805 3365 881; x_wconf 82' lang='grc' dir='ltr'>περιϐεϐλημένοι</span> <span class='ocrx_word' id='word_1_142' title='bbox 3393 807 3761 883; x_wconf 73' lang='grc' dir='ltr'><strong>λαμπρότητα,</strong></span> <span class='ocrx_word' id='word_1_143' title='bbox 3803 814 3923 864; x_wconf 82' lang='grc' dir='ltr'>νεύ-</span> 
     </span>
    </p>
   </div>
   <div class='ocr_carea' id='block_1_25' title="bbox 2312 890 3920 973">
    <p class='ocr_par' dir='ltr' id='par_1_25' title="bbox 2312 890 3920 973">
     <span class='ocr_line' id='line_1_25' title="bbox 2312 890 3920 973; baseline 0.007 -30"><span class='ocrx_word' id='word_1_144' title='bbox 2312 910 2441 963; x_wconf 87' lang='grc' dir='ltr'>ματι</span> <span class='ocrx_word' id='word_1_145' title='bbox 2494 890 2670 967; x_wconf 70' lang='grc' dir='ltr'>δήμου</span> <span class='ocrx_word' id='word_1_146' title='bbox 2724 900 3125 969; x_wconf 70' lang='grc' dir='ltr'><strong>συνισταμένην,</strong></span> <span class='ocrx_word' id='word_1_147' title='bbox 3159 900 3248 950; x_wconf 77' lang='grc' dir='ltr'>καὶ</span> <span class='ocrx_word' id='word_1_148' title='bbox 3296 900 3511 971; x_wconf 79' lang='grc' dir='ltr'>νεύματι</span> <span class='ocrx_word' id='word_1_149' title='bbox 3543 895 3920 973; x_wconf 74' lang='grc' dir='ltr'><strong>διαλυομένην.</strong></span> 
     </span>
    </p>
   </div>
   <div class='ocr_carea' id='block_1_26' title="bbox 2313 980 3917 1061">
    <p class='ocr_par' dir='ltr' id='par_1_26' title="bbox 2313 980 3917 1061">
     <span class='ocr_line' id='line_1_26' title="bbox 2313 980 3917 1061; baseline 0.006 -27"><span class='ocrx_word' id='word_1_150' title='bbox 2313 980 2433 1043; x_wconf 86' lang='grc' dir='ltr'>Οἶος</span> <span class='ocrx_word' id='word_1_151' title='bbox 2484 984 2545 1042; x_wconf 75' lang='grc' dir='ltr'>ἦν</span> <span class='ocrx_word' id='word_1_152' title='bbox 2596 986 2621 1036; x_wconf 87' lang='grc' dir='ltr'>ὁ</span> <span class='ocrx_word' id='word_1_153' title='bbox 2672 987 2954 1061; x_wconf 87' lang='grc' dir='ltr'>παράφρων</span> <span class='ocrx_word' id='word_1_154' title='bbox 2986 985 3195 1051; x_wconf 83' lang='grc' dir='ltr'>ἐκεῖνος,</span> <span class='ocrx_word' id='word_1_155' title='bbox 3233 988 3259 1039; x_wconf 89' lang='grc' dir='ltr'><strong>ό</strong></span> <span class='ocrx_word' id='word_1_156' title='bbox 3296 996 3386 1040; x_wconf 87' lang='grc' dir='ltr'><strong>τοῦ</strong></span> <span class='ocrx_word' id='word_1_157' title='bbox 3420 988 3744 1061; x_wconf 72' lang='grc' dir='ltr'>Σολομῶντος</span> <span class='ocrx_word' id='word_1_158' title='bbox 3775 989 3917 1060; x_wconf 84' lang='grc' dir='ltr'>υἱὸς,</span> 
     </span>
    </p>
   </div>
   <div class='ocr_carea' id='block_1_27' title="bbox 2311 1073 3917 1152">
    <p class='ocr_par' dir='ltr' id='par_1_27' title="bbox 2311 1073 3917 1152">
     <span class='ocr_line' id='line_1_27' title="bbox 2311 1073 3917 1152; baseline 0.006 -29"><span class='ocrx_word' id='word_1_159' title='bbox 2311 1073 2472 1134; x_wconf 76' lang='grc' dir='ltr'>ὁνέος</span> <span class='ocrx_word' id='word_1_160' title='bbox 2511 1076 2605 1131; x_wconf 77' lang='grc' dir='ltr'>τὴν</span> <span class='ocrx_word' id='word_1_161' title='bbox 2657 1073 2884 1142; x_wconf 74' lang='grc' dir='ltr'>ἡλικίαν,</span> <span class='ocrx_word' id='word_1_162' title='bbox 2943 1078 3033 1130; x_wconf 82' lang='grc' dir='ltr'><strong>καὶ</strong></span> <span class='ocrx_word' id='word_1_163' title='bbox 3081 1078 3170 1136; x_wconf 80' lang='grc' dir='ltr'>τὰς</span> <span class='ocrx_word' id='word_1_164' title='bbox 3217 1079 3400 1152; x_wconf 79' lang='grc' dir='ltr'>φρένας</span> <span class='ocrx_word' id='word_1_165' title='bbox 3458 1083 3719 1152; x_wconf 82' lang='grc' dir='ltr'>νεώτερος,</span> <span class='ocrx_word' id='word_1_166' title='bbox 3769 1080 3796 1132; x_wconf 84' lang='grc' dir='ltr'><strong><em>ὁ</em></strong></span> <span class='ocrx_word' id='word_1_167' title='bbox 3838 1088 3917 1151; x_wconf 82' lang='grc' dir='ltr'>τῷ</span> 
     </span>
    </p>
   </div>
   <div class='ocr_carea' id='block_1_28' title="bbox 2310 1157 3917 1241">
    <p class='ocr_par' dir='ltr' id='par_1_28' title="bbox 2310 1157 3917 1241">
     <span class='ocr_line' id='line_1_28' title="bbox 2310 1157 3917 1241; baseline 0.025 -35"><span class='ocrx_word' id='word_1_168' title='bbox 2310 1157 2465 1234; x_wconf 76' lang='grc' dir='ltr'><strong>δήμῳ</strong></span> <span class='ocrx_word' id='word_1_169' title='bbox 2506 1162 2751 1222; x_wconf 73' lang='grc' dir='ltr'>ζητοῦντι</span> <span class='ocrx_word' id='word_1_170' title='bbox 2786 1168 3076 1240; x_wconf 78' lang='grc' dir='ltr'>πραοτέραν</span> <span class='ocrx_word' id='word_1_171' title='bbox 3142 1166 3422 1238; x_wconf 71' lang='grc' dir='ltr'>ἠγεμονίαν</span> <span class='ocrx_word' id='word_1_172' title='bbox 3450 1165 3738 1229; x_wconf 77' lang='grc' dir='ltr'>ἀπειλήσας</span> <span class='ocrx_word' id='word_1_173' title='bbox 3791 1189 3917 1241; x_wconf 77' lang='grc' dir='ltr'>κα·</span> 
     </span>
    </p>
   </div>
   <div class='ocr_carea' id='block_1_29' title="bbox 2308 1248 3922 1329">
    <p class='ocr_par' dir='ltr' id='par_1_29' title="bbox 2308 1248 3922 1329">
     <span class='ocr_line' id='line_1_29' title="bbox 2308 1248 3922 1329; baseline 0.006 -27"><span class='ocrx_word' id='word_1_174' title='bbox 2308 1248 2609 1327; x_wconf 83' lang='grc' dir='ltr'>λεπωτέραν,</span> <span class='ocrx_word' id='word_1_175' title='bbox 2665 1255 2753 1304; x_wconf 88' lang='grc' dir='ltr'>καὶ</span> <span class='ocrx_word' id='word_1_176' title='bbox 2809 1249 2903 1305; x_wconf 74' lang='grc' dir='ltr'>διὰ</span> <span class='ocrx_word' id='word_1_177' title='bbox 2948 1262 3040 1315; x_wconf 79' lang='grc' dir='ltr'>τῆς</span> <span class='ocrx_word' id='word_1_178' title='bbox 3094 1251 3308 1317; x_wconf 78' lang='grc' dir='ltr'>ἀπειλῆς</span> <span class='ocrx_word' id='word_1_179' title='bbox 3338 1253 3597 1318; x_wconf 79' lang='grc' dir='ltr'>ἀπολέσας</span> <span class='ocrx_word' id='word_1_180' title='bbox 3616 1260 3709 1315; x_wconf 73' lang='grc' dir='ltr'>τὴν</span> <span class='ocrx_word' id='word_1_181' title='bbox 3750 1255 3922 1329; x_wconf 79' lang='grc' dir='ltr'>βασι-</span> 
     </span>
    </p>
   </div>
   <div class='ocr_carea' id='block_1_30' title="bbox 2305 1336 3923 1419">
    <p class='ocr_par' dir='ltr' id='par_1_30' title="bbox 2305 1336 3923 1419">
     <span class='ocr_line' id='line_1_30' title="bbox 2305 1336 3923 1419; baseline 0.006 -29"><span class='ocrx_word' id='word_1_182' title='bbox 2305 1336 2468 1410; x_wconf 90' lang='grc' dir='ltr'>λείαν,</span> <span class='ocrx_word' id='word_1_183' title='bbox 2522 1336 2557 1392; x_wconf 82' lang='grc' dir='ltr'><em>δ</em></span> <span class='ocrx_word' id='word_1_184' title='bbox 2562 1339 2595 1391; x_wconf 83' lang='grc' dir='ltr'>ι’</span> <span class='ocrx_word' id='word_1_185' title='bbox 2625 1340 2655 1398; x_wconf 70' lang='grc' dir='ltr'><em>ἦ</em></span> <span class='ocrx_word' id='word_1_186' title='bbox 2666 1360 2688 1401; x_wconf 91' lang='grc' dir='ltr'>ς</span> <span class='ocrx_word' id='word_1_187' title='bbox 2716 1337 3013 1414; x_wconf 79' lang='grc' dir='ltr'>προσεδόκη</span> <span class='ocrx_word' id='word_1_188' title='bbox 3023 1360 3079 1395; x_wconf 83' lang='grc' dir='ltr'><strong>σε</strong></span> <span class='ocrx_word' id='word_1_189' title='bbox 3114 1339 3528 1419; x_wconf 71' lang='grc' dir='ltr'>βασιλικώτερος</span> <span class='ocrx_word' id='word_1_190' title='bbox 3558 1344 3686 1417; x_wconf 82' lang='grc' dir='ltr'>όφθή</span> <span class='ocrx_word' id='word_1_191' title='bbox 3698 1347 3891 1399; x_wconf 84' lang='grc' dir='ltr'>σεσθαι</span> <span class='ocrx_word' id='word_1_192' title='bbox 3901 1388 3923 1419; x_wconf 82' lang='grc'><strong>,</strong></span> 
     </span>
    </p>
   </div>
   <div class='ocr_carea' id='block_1_31' title="bbox 2306 1424 3921 1509">
    <p class='ocr_par' dir='ltr' id='par_1_31' title="bbox 2306 1424 3921 1509">
     <span class='ocr_line' id='line_1_31' title="bbox 2306 1424 3921 1509; baseline 0.006 -28"><span class='ocrx_word' id='word_1_193' title='bbox 2306 1424 2402 1481; x_wconf 66' lang='grc' dir='ltr'><strong>δ’ιά</strong></span> <span class='ocrx_word' id='word_1_194' title='bbox 2440 1430 2636 1491; x_wconf 81' lang='grc' dir='ltr'>ταύτης</span> <span class='ocrx_word' id='word_1_195' title='bbox 2688 1431 3013 1504; x_wconf 75' lang='grc' dir='ltr'>καθαιρεθεὶς</span> <span class='ocrx_word' id='word_1_196' title='bbox 3058 1432 3122 1493; x_wconf 76' lang='grc' dir='ltr'><strong>ἧς</strong></span> <span class='ocrx_word' id='word_1_197' title='bbox 3153 1428 3293 1503; x_wconf 83' lang='grc' dir='ltr'>εἶχεν</span> <span class='ocrx_word' id='word_1_198' title='bbox 3324 1430 3496 1496; x_wconf 80' lang='grc' dir='ltr'>ἀξίας.</span> <span class='ocrx_word' id='word_1_199' title='bbox 3547 1437 3812 1509; x_wconf 79' lang='grc' dir='ltr'>Θρασύνει</span> <span class='ocrx_word' id='word_1_200' title='bbox 3851 1432 3921 1490; x_wconf 62' lang='grc' dir='ltr'><strong>δὲ</strong></span> 
     </span>
    </p>
   </div>
   <div class='ocr_carea' id='block_1_32' title="bbox 2303 1515 3920 1595">
    <p class='ocr_par' dir='ltr' id='par_1_32' title="bbox 2303 1515 3920 1595">
     <span class='ocr_line' id='line_1_32' title="bbox 2303 1515 3920 1595; baseline 0.006 -26"><span class='ocrx_word' id='word_1_201' title='bbox 2303 1518 2572 1593; x_wconf 80' lang='grc' dir='ltr'>ἄνθρωπον</span> <span class='ocrx_word' id='word_1_202' title='bbox 2627 1522 2717 1571; x_wconf 81' lang='grc' dir='ltr'>καὶ</span> <span class='ocrx_word' id='word_1_203' title='bbox 2764 1528 2959 1595; x_wconf 84' lang='grc' dir='ltr'>χειρῶν</span> <span class='ocrx_word' id='word_1_204' title='bbox 2990 1515 3236 1593; x_wconf 77' lang='grc' dir='ltr'>δύναμις,</span> <span class='ocrx_word' id='word_1_205' title='bbox 3268 1526 3359 1575; x_wconf 81' lang='grc' dir='ltr'>καὶ</span> <span class='ocrx_word' id='word_1_206' title='bbox 3387 1523 3557 1594; x_wconf 83' lang='grc' dir='ltr'>τάχος</span> <span class='ocrx_word' id='word_1_207' title='bbox 3587 1519 3786 1592; x_wconf 75' lang='grc' dir='ltr'>ποδῶν,</span> <span class='ocrx_word' id='word_1_208' title='bbox 3819 1529 3920 1578; x_wconf 82' lang='grc' dir='ltr'>καὶ</span> 
     </span>
    </p>
   </div>
   <div class='ocr_carea' id='block_1_33' title="bbox 2306 1608 3918 1688">
    <p class='ocr_par' dir='ltr' id='par_1_33' title="bbox 2306 1608 3918 1688">
     <span class='ocr_line' id='line_1_33' title="bbox 2306 1608 3918 1688; baseline 0.006 -29"><span class='ocrx_word' id='word_1_209' title='bbox 2306 1612 2547 1679; x_wconf 82' lang='grc' dir='ltr'>σώματος</span> <span class='ocrx_word' id='word_1_210' title='bbox 2602 1608 2875 1683; x_wconf 85' lang='grc' dir='ltr'>εύμορφία·</span> <span class='ocrx_word' id='word_1_211' title='bbox 2923 1614 3087 1662; x_wconf 90' lang='grc' dir='ltr'>νόσων</span> <span class='ocrx_word' id='word_1_212' title='bbox 3152 1611 3598 1686; x_wconf 81' lang='grc' dir='ltr'>παραναλώματα,</span> <span class='ocrx_word' id='word_1_213' title='bbox 3653 1617 3745 1667; x_wconf 85' lang='grc' dir='ltr'>καὶ</span> <span class='ocrx_word' id='word_1_214' title='bbox 3774 1618 3918 1688; x_wconf 83' lang='grc' dir='ltr'>χρό-</span> 
     </span>
    </p>
   </div>
   <div class='ocr_carea' id='block_1_34' title="bbox 527 1692 2176 1770">
    <p class='ocr_par' dir='ltr' id='par_1_34' title="bbox 527 1692 2168 1764">
     <span class='ocr_line' id='line_1_34' title="bbox 527 1692 2168 1764; baseline -0.007 -6"><span class='ocrx_word' id='word_1_215' title='bbox 527 1716 670 1758; x_wconf 91' lang='lat' dir='ltr'><strong>nem</strong></span> <span class='ocrx_word' id='word_1_216' title='bbox 692 1700 1051 1758; x_wconf 88' lang='lat' dir='ltr'><strong>insolentem</strong></span> <span class='ocrx_word' id='word_1_217' title='bbox 1064 1704 1121 1755; x_wconf 91' lang='lat' dir='ltr'><strong>et</strong></span> <span class='ocrx_word' id='word_1_218' title='bbox 1142 1711 1438 1755; x_wconf 89' lang='lat' dir='ltr'><strong>manuum</strong></span> <span class='ocrx_word' id='word_1_219' title='bbox 1453 1695 1561 1762; x_wconf 90' lang='lat' dir='ltr'><strong>vis,</strong></span> <span class='ocrx_word' id='word_1_220' title='bbox 1581 1699 1639 1751; x_wconf 89' lang='lat' dir='ltr'><strong>et</strong></span> <span class='ocrx_word' id='word_1_221' title='bbox 1651 1692 1922 1750; x_wconf 88' lang='lat' dir='ltr'><strong>celeritas</strong></span> <span class='ocrx_word' id='word_1_222' title='bbox 1942 1698 2168 1764; x_wconf 87' lang='lat' dir='ltr'><strong>pedum</strong></span> 
     </span>
    </p>
   </div>
   <div class='ocr_carea' id='block_1_35' title="bbox 2290 1692 3918 1770">
    <p class='ocr_par' dir='ltr' id='par_1_35' title="bbox 2301 1692 3918 1770">
     <span class='ocr_line' id='line_1_35' title="bbox 2301 1692 3918 1770; baseline 0.005 -23"><span class='ocrx_word' id='word_1_223' title='bbox 2301 1713 2390 1748; x_wconf 90' lang='grc' dir='ltr'><strong>νου</strong></span> <span class='ocrx_word' id='word_1_224' title='bbox 2462 1692 2838 1770; x_wconf 74' lang='grc' dir='ltr'>δαπανήματα·</span> <span class='ocrx_word' id='word_1_225' title='bbox 2897 1702 2987 1751; x_wconf 85' lang='grc' dir='ltr'>καὶ</span> <span class='ocrx_word' id='word_1_226' title='bbox 3063 1697 3159 1752; x_wconf 80' lang='grc' dir='ltr'><strong>ούκ</strong></span> <span class='ocrx_word' id='word_1_227' title='bbox 3242 1699 3565 1768; x_wconf 80' lang='grc' dir='ltr'>αἰσθάνεται,</span> <span class='ocrx_word' id='word_1_228' title='bbox 3618 1702 3699 1755; x_wconf 87' lang='grc' dir='ltr'>ὅτι</span> <span class='ocrx_word' id='word_1_229' title='bbox 3748 1708 3918 1756; x_wconf 84' lang='grc' dir='ltr'><strong>Πᾶσα</strong></span> 
     </span>
    </p>
   </div>
   <div class='ocr_carea' id='block_1_36' title="bbox 530 1782 2197 1864">
    <p class='ocr_par' dir='ltr' id='par_1_36' title="bbox 530 1782 2197 1864">
     <span class='ocr_line' id='line_1_36' title="bbox 530 1782 2197 1864; baseline -0.007 -15"><span class='ocrx_word' id='word_1_230' title='bbox 530 1796 587 1848; x_wconf 86' lang='lat' dir='ltr'><strong>et</strong></span> <span class='ocrx_word' id='word_1_231' title='bbox 616 1790 1188 1864; x_wconf 89' lang='lat' dir='ltr'><strong>corporisvenustas</strong></span> <span class='ocrx_word' id='word_1_232' title='bbox 1210 1803 1226 1843; x_wconf 88' lang='lat'><strong>:</strong></span> <span class='ocrx_word' id='word_1_233' title='bbox 1248 1802 1384 1860; x_wconf 70' lang='lat' dir='ltr'><strong>quas</strong></span> <span class='ocrx_word' id='word_1_234' title='bbox 1423 1801 1461 1841; x_wconf 93' lang='lat' dir='ltr'><strong>a</strong></span> <span class='ocrx_word' id='word_1_235' title='bbox 1515 1782 1743 1841; x_wconf 87' lang='lat' dir='ltr'><strong>morbis</strong></span> <span class='ocrx_word' id='word_1_236' title='bbox 1764 1782 2105 1849; x_wconf 84' lang='lat' dir='ltr'><strong>abolentur,</strong></span> <span class='ocrx_word' id='word_1_237' title='bbox 2137 1786 2197 1839; x_wconf 90' lang='lat' dir='ltr'><strong>et</strong></span> 
     </span>
    </p>
   </div>
   <div class='ocr_carea' id='block_1_37' title="bbox 528 1864 2194 1953">
    <p class='ocr_par' dir='ltr' id='par_1_37' title="bbox 528 1864 2194 1953">
     <span class='ocr_line' id='line_1_37' title="bbox 528 1864 2194 1953; baseline -0.005 -16"><span class='ocrx_word' id='word_1_238' title='bbox 528 1885 802 1953; x_wconf 87' lang='lat' dir='ltr'><strong>tempore</strong></span> <span class='ocrx_word' id='word_1_239' title='bbox 819 1864 1362 1945; x_wconf 56' lang='lat' dir='ltr'><strong>absumu‘ntur;nec</strong></span> <span class='ocrx_word' id='word_1_240' title='bbox 1380 1871 1975 1941; x_wconf 87' lang='lat' dir='ltr'><strong>animadvertitquod</strong></span> <span class='ocrx_word' id='word_1_241' title='bbox 1989 1871 2194 1928; x_wconf 85' lang='lat' dir='ltr'><strong>Omnis</strong></span> 
     </span>
    </p>
   </div>
   <div class='ocr_carea' id='block_1_38' title="bbox 526 1962 2189 2040">
    <p class='ocr_par' dir='ltr' id='par_1_38' title="bbox 526 1962 2189 2040">
     <span class='ocr_line' id='line_1_38' title="bbox 526 1962 2189 2040; baseline -0.007 -14"><span class='ocrx_word' id='word_1_242' title='bbox 526 1980 671 2027; x_wconf 76' lang='lat' dir='ltr'><strong>‘caro</strong></span> <span class='ocrx_word' id='word_1_243' title='bbox 696 1970 909 2040; x_wconf 83' lang='lat' dir='ltr'><strong>fenum</strong></span> <span class='ocrx_word' id='word_1_244' title='bbox 938 1968 1038 2038; x_wconf 88' lang='lat' dir='ltr'><strong>sit,</strong></span> <span class='ocrx_word' id='word_1_245' title='bbox 1062 1974 1115 2024; x_wconf 88' lang='lat' dir='ltr'><strong>et</strong></span> <span class='ocrx_word' id='word_1_246' title='bbox 1137 1966 1330 2023; x_wconf 87' lang='lat' dir='ltr'><strong>omnis</strong></span> <span class='ocrx_word' id='word_1_247' title='bbox 1361 1965 1563 2035; x_wconf 81' lang='lat' dir='ltr'><strong>gloria</strong></span> <span class='ocrx_word' id='word_1_248' title='bbox 1592 1962 1869 2029; x_wconf 78' lang='lat' dir='ltr'><strong>hominis,</strong></span> <span class='ocrx_word' id='word_1_249' title='bbox 1897 1962 2055 2017; x_wconf 80' lang='lat' dir='ltr'><strong>sicut</strong></span> <span class='ocrx_word' id='word_1_250' title='bbox 2078 1962 2189 2031; x_wconf 84' lang='lat' dir='ltr'><strong>ﬂos</strong></span> 
     </span>
    </p>
   </div>
   <div class='ocr_carea' id='block_1_39' title="bbox 520 2050 2190 2130">
    <p class='ocr_par' dir='ltr' id='par_1_39' title="bbox 520 2050 2190 2130">
     <span class='ocr_line' id='line_1_39' title="bbox 520 2050 2190 2130; baseline -0.005 -15"><span class='ocrx_word' id='word_1_251' title='bbox 520 2059 674 2130; x_wconf 82' lang='lat' dir='ltr'><strong>feni.</strong></span> <span class='ocrx_word' id='word_1_252' title='bbox 698 2059 884 2114; x_wconf 82' lang='lat' dir='ltr'><strong>Aruit</strong></span> <span class='ocrx_word' id='word_1_253' title='bbox 904 2058 1114 2128; x_wconf 81' lang='lat' dir='ltr'><strong>fenum</strong></span> <span class='ocrx_word' id='word_1_254' title='bbox 1137 2062 1192 2113; x_wconf 87' lang='lat' dir='ltr'><strong>et</strong></span> <span class='ocrx_word' id='word_1_255' title='bbox 1205 2057 1316 2125; x_wconf 85' lang='lat' dir='ltr'><strong>ﬂos</strong></span> <span class='ocrx_word' id='word_1_256' title='bbox 1336 2052 1631 2111; x_wconf 75' lang='lat' dir='ltr'><strong>decidit”.</strong></span> <span class='ocrx_word' id='word_1_257' title='bbox 1655 2050 1811 2108; x_wconf 87' lang='lat' dir='ltr'><strong>Talis</strong></span> <span class='ocrx_word' id='word_1_258' title='bbox 1831 2054 1961 2107; x_wconf 88' lang='lat' dir='ltr'><strong>erat</strong></span> <span class='ocrx_word' id='word_1_259' title='bbox 1980 2050 2190 2121; x_wconf 86' lang='lat' dir='ltr'><strong>gigan-</strong></span> 
     </span>
    </p>
   </div>
   <div class='ocr_carea' id='block_1_40' title="bbox 522 2138 2187 2213">
    <p class='ocr_par' dir='ltr' id='par_1_40' title="bbox 522 2138 2187 2213">
     <span class='ocr_line' id='line_1_40' title="bbox 522 2138 2187 2213; baseline -0.004 -9"><span class='ocrx_word' id='word_1_260' title='bbox 522 2151 655 2205; x_wconf 88' lang='lat' dir='ltr'><strong>tum</strong></span> <span class='ocrx_word' id='word_1_261' title='bbox 686 2146 767 2203; x_wconf 89' lang='lat' dir='ltr'><strong>ob</strong></span> <span class='ocrx_word' id='word_1_262' title='bbox 796 2146 985 2203; x_wconf 86' lang='lat' dir='ltr'><strong>robur</strong></span> <span class='ocrx_word' id='word_1_263' title='bbox 1008 2161 1079 2202; x_wconf 87' lang='lat' dir='ltr'><strong>ac</strong></span> <span class='ocrx_word' id='word_1_264' title='bbox 1099 2144 1256 2200; x_wconf 88' lang='lat' dir='ltr'><strong>vires</strong></span> <span class='ocrx_word' id='word_1_265' title='bbox 1277 2140 1697 2213; x_wconf 69' lang='lat' dir='ltr'><strong>arrogantia“,</strong></span> <span class='ocrx_word' id='word_1_266' title='bbox 1731 2138 1868 2196; x_wconf 88' lang='lat' dir='ltr'><strong>talis</strong></span> <span class='ocrx_word' id='word_1_267' title='bbox 1890 2144 2012 2196; x_wconf 89' lang='lat' dir='ltr'><strong>erat</strong></span> <span class='ocrx_word' id='word_1_268' title='bbox 2039 2154 2187 2212; x_wconf 83' lang='lat' dir='ltr'><strong>quo-</strong></span> 
     </span>
    </p>
   </div>
   <div class='ocr_carea' id='block_1_41' title="bbox 520 2226 2183 2307">
    <p class='ocr_par' dir='ltr' id='par_1_41' title="bbox 520 2226 2183 2307">
     <span class='ocr_line' id='line_1_41' title="bbox 520 2226 2183 2307; baseline -0.004 -16"><span class='ocrx_word' id='word_1_269' title='bbox 520 2249 642 2307; x_wconf 90' lang='lat' dir='ltr'><strong>que</strong></span> <span class='ocrx_word' id='word_1_270' title='bbox 672 2233 875 2290; x_wconf 84' lang='lat' dir='ltr'><strong>stolidi</strong></span> <span class='ocrx_word' id='word_1_271' title='bbox 899 2232 1058 2289; x_wconf 89' lang='lat' dir='ltr'><strong>illius</strong></span> <span class='ocrx_word' id='word_1_272' title='bbox 1086 2230 1318 2288; x_wconf 86' lang='lat' dir='ltr'><strong>Goliath</strong></span> <span class='ocrx_word' id='word_1_273' title='bbox 1347 2228 1635 2301; x_wconf 88' lang='lat' dir='ltr'><strong>superbia</strong></span> <span class='ocrx_word' id='word_1_274' title='bbox 1672 2230 1794 2284; x_wconf 89' lang='lat' dir='ltr'><strong>Deo</strong></span> <span class='ocrx_word' id='word_1_275' title='bbox 1820 2226 2064 2284; x_wconf 84' lang='lat' dir='ltr'><strong>infensa</strong></span> <span class='ocrx_word' id='word_1_276' title='bbox 2109 2228 2183 2285; x_wconf 79' lang='grc'><strong>⁸⁵.</strong></span> 
     </span>
    </p>
   </div>
   <div class='ocr_carea' id='block_1_42' title="bbox 519 2315 2181 2391">
    <p class='ocr_par' dir='ltr' id='par_1_42' title="bbox 519 2315 2181 2391">
     <span class='ocr_line' id='line_1_42' title="bbox 519 2315 2181 2391; baseline -0.002 -15"><span class='ocrx_word' id='word_1_277' title='bbox 519 2320 682 2377; x_wconf 86' lang='lat' dir='ltr'><strong>Talis</strong></span> <span class='ocrx_word' id='word_1_278' title='bbox 700 2326 829 2378; x_wconf 91' lang='lat' dir='ltr'><strong>erat</strong></span> <span class='ocrx_word' id='word_1_279' title='bbox 855 2326 916 2378; x_wconf 88' lang='lat' dir='ltr'><strong>et</strong></span> <span class='ocrx_word' id='word_1_280' title='bbox 939 2319 1207 2377; x_wconf 82' lang='lat' dir='ltr'><strong>Adonias</strong></span> <span class='ocrx_word' id='word_1_281' title='bbox 1233 2318 1310 2375; x_wconf 91' lang='lat' dir='ltr'><strong>de</strong></span> <span class='ocrx_word' id='word_1_282' title='bbox 1340 2316 1786 2391; x_wconf 89' lang='lat' dir='ltr'><strong>pulchritudine</strong></span> <span class='ocrx_word' id='word_1_283' title='bbox 1829 2315 2181 2387; x_wconf 85' lang='lat' dir='ltr'><strong>gloriabun-</strong></span> 
     </span>
    </p>
   </div>
   <div class='ocr_carea' id='block_1_43' title="bbox 515 2403 2176 2482">
    <p class='ocr_par' dir='ltr' id='par_1_43' title="bbox 515 2403 2176 2482">
     <span class='ocr_line' id='line_1_43' title="bbox 515 2403 2176 2482; baseline -0.002 -15"><span class='ocrx_word' id='word_1_284' title='bbox 515 2410 633 2468; x_wconf 89' lang='lat' dir='ltr'><strong>dus</strong></span> <span class='ocrx_word' id='word_1_285' title='bbox 651 2412 722 2481; x_wconf 77' lang='grc'><strong>³⁸,</strong></span> <span class='ocrx_word' id='word_1_286' title='bbox 745 2417 803 2469; x_wconf 93' lang='lat' dir='ltr'><strong>et</strong></span> <span class='ocrx_word' id='word_1_287' title='bbox 830 2410 1118 2468; x_wconf 83' lang='lat' dir='ltr'><strong>Absalom</strong></span> <span class='ocrx_word' id='word_1_288' title='bbox 1146 2406 1486 2482; x_wconf 82' lang='lat' dir='ltr'><strong>prolixitate</strong></span> <span class='ocrx_word' id='word_1_289' title='bbox 1506 2421 1698 2462; x_wconf 73' lang='lat' dir='ltr'><strong>comas</strong></span> <span class='ocrx_word' id='word_1_290' title='bbox 1717 2403 2075 2478; x_wconf 87' lang='lat' dir='ltr'><strong>superbiens</strong></span> <span class='ocrx_word' id='word_1_291' title='bbox 2104 2407 2176 2463; x_wconf 79' lang='grc'><strong>³⁷.</strong></span> 
     </span>
    </p>
   </div>
   <div class='ocr_carea' id='block_1_44' title="bbox 586 2493 2177 2575">
    <p class='ocr_par' dir='ltr' id='par_1_44' title="bbox 586 2493 2177 2575">
     <span class='ocr_line' id='line_1_44' title="bbox 586 2493 2177 2575; baseline -0.003 -20"><span class='ocrx_word' id='word_1_292' title='bbox 586 2504 640 2555; x_wconf 86' lang='lat'><strong>2.</strong></span> <span class='ocrx_word' id='word_1_293' title='bbox 681 2501 810 2557; x_wconf 89' lang='lat' dir='ltr'><strong>Imo</strong></span> <span class='ocrx_word' id='word_1_294' title='bbox 839 2516 981 2557; x_wconf 87' lang='lat' dir='ltr'><strong>vero</strong></span> <span class='ocrx_word' id='word_1_295' title='bbox 996 2498 1164 2575; x_wconf 90' lang='lat' dir='ltr'><strong>quod</strong></span> <span class='ocrx_word' id='word_1_296' title='bbox 1195 2498 1349 2554; x_wconf 82' lang='lat' dir='ltr'><strong>inter</strong></span> <span class='ocrx_word' id='word_1_297' title='bbox 1367 2495 1488 2553; x_wconf 90' lang='lat' dir='ltr'><strong>alia</strong></span> <span class='ocrx_word' id='word_1_298' title='bbox 1514 2493 1860 2551; x_wconf 90' lang='lat' dir='ltr'><strong>mortalium</strong></span> <span class='ocrx_word' id='word_1_299' title='bbox 1895 2493 2063 2550; x_wconf 87' lang='lat' dir='ltr'><strong>bona</strong></span> <span class='ocrx_word' id='word_1_300' title='bbox 2089 2494 2177 2551; x_wconf 87' lang='lat' dir='ltr'><strong>vi-</strong></span> 
     </span>
    </p>
   </div>
   <div class='ocr_carea' id='block_1_45' title="bbox 514 2582 2179 2656">
    <p class='ocr_par' dir='ltr' id='par_1_45' title="bbox 514 2582 2179 2656">
     <span class='ocr_line' id='line_1_45' title="bbox 514 2582 2179 2656; baseline -0.003 -12"><span class='ocrx_word' id='word_1_301' title='bbox 514 2585 689 2646; x_wconf 86' lang='lat' dir='ltr'><strong>detur</strong></span> <span class='ocrx_word' id='word_1_302' title='bbox 710 2590 1046 2646; x_wconf 89' lang='lat' dir='ltr'><strong>maximum</strong></span> <span class='ocrx_word' id='word_1_303' title='bbox 1067 2602 1198 2644; x_wconf 90' lang='lat' dir='ltr'><strong>esse</strong></span> <span class='ocrx_word' id='word_1_304' title='bbox 1227 2601 1299 2644; x_wconf 91' lang='lat' dir='ltr'><strong>ac</strong></span> <span class='ocrx_word' id='word_1_305' title='bbox 1328 2582 1911 2651; x_wconf 88' lang='lat' dir='ltr'><strong>constantissimum,</strong></span> <span class='ocrx_word' id='word_1_306' title='bbox 1939 2582 2179 2656; x_wconf 87' lang='lat' dir='ltr'><strong>sapien-</strong></span> 
     </span>
    </p>
   </div>
   <div class='ocr_carea' id='block_1_46' title="bbox 514 2672 2171 2750">
    <p class='ocr_par' dir='ltr' id='par_1_46' title="bbox 514 2672 2171 2750">
     <span class='ocr_line' id='line_1_46' title="bbox 514 2672 2171 2750; baseline -0.001 -18"><span class='ocrx_word' id='word_1_307' title='bbox 514 2678 597 2733; x_wconf 89' lang='lat' dir='ltr'><strong>tia</strong></span> <span class='ocrx_word' id='word_1_308' title='bbox 643 2683 701 2734; x_wconf 87' lang='lat' dir='ltr'><strong>et</strong></span> <span class='ocrx_word' id='word_1_309' title='bbox 749 2678 1092 2750; x_wconf 88' lang='lat' dir='ltr'><strong>prudentia,</strong></span> <span class='ocrx_word' id='word_1_310' title='bbox 1126 2675 1189 2732; x_wconf 93' lang='lat' dir='ltr'><strong>id</strong></span> <span class='ocrx_word' id='word_1_311' title='bbox 1236 2690 1485 2748; x_wconf 92' lang='lat' dir='ltr'><strong>quoque</strong></span> <span class='ocrx_word' id='word_1_312' title='bbox 1503 2672 1687 2729; x_wconf 84' lang='lat' dir='ltr'><strong>habet</strong></span> <span class='ocrx_word' id='word_1_313' title='bbox 1716 2687 1939 2728; x_wconf 85' lang='lat' dir='ltr'><strong>vanam</strong></span> <span class='ocrx_word' id='word_1_314' title='bbox 1961 2672 2171 2730; x_wconf 84' lang='lat' dir='ltr'><strong>elatio-</strong></span> 
     </span>
    </p>
   </div>
   <div class='ocr_carea' id='block_1_47' title="bbox 511 2762 2171 2838">
    <p class='ocr_par' dir='ltr' id='par_1_47' title="bbox 511 2762 2171 2838">
     <span class='ocr_line' id='line_1_47' title="bbox 511 2762 2171 2838; baseline -0.001 -18"><span class='ocrx_word' id='word_1_315' title='bbox 511 2779 675 2835; x_wconf 86' lang='lat' dir='ltr'><strong>nem,</strong></span> <span class='ocrx_word' id='word_1_316' title='bbox 720 2772 1015 2838; x_wconf 88' lang='lat' dir='ltr'><strong>paratque</strong></span> <span class='ocrx_word' id='word_1_317' title='bbox 1045 2764 1474 2821; x_wconf 84' lang='lat' dir='ltr'><strong>sublimitatem</strong></span> <span class='ocrx_word' id='word_1_318' title='bbox 1514 2777 1641 2819; x_wconf 93' lang='lat' dir='ltr'><strong>non</strong></span> <span class='ocrx_word' id='word_1_319' title='bbox 1667 2777 1876 2819; x_wconf 88' lang='lat' dir='ltr'><strong>veram</strong></span> <span class='ocrx_word' id='word_1_320' title='bbox 1897 2774 2037 2818; x_wconf 86' lang='lat' dir='ltr'><strong>cum</strong></span> <span class='ocrx_word' id='word_1_321' title='bbox 2066 2762 2171 2819; x_wconf 87' lang='lat' dir='ltr'><strong>ha-</strong></span> 
     </span>
    </p>
   </div>
   <div class='ocr_carea' id='block_1_48' title="bbox 508 2850 2169 2920">
    <p class='ocr_par' dir='ltr' id='par_1_48' title="bbox 508 2850 2169 2920">
     <span class='ocr_line' id='line_1_48' title="bbox 508 2850 2169 2920; baseline -0.001 -11"><span class='ocrx_word' id='word_1_322' title='bbox 508 2867 647 2910; x_wconf 86' lang='lat' dir='ltr'><strong>rum</strong></span> <span class='ocrx_word' id='word_1_323' title='bbox 702 2869 906 2911; x_wconf 87' lang='lat' dir='ltr'><strong>rerum</strong></span> <span class='ocrx_word' id='word_1_324' title='bbox 943 2853 1239 2910; x_wconf 88' lang='lat' dir='ltr'><strong>habeatur</strong></span> <span class='ocrx_word' id='word_1_325' title='bbox 1289 2852 1442 2909; x_wconf 88' lang='lat' dir='ltr'><strong>ratio</strong></span> <span class='ocrx_word' id='word_1_326' title='bbox 1463 2850 1652 2920; x_wconf 86' lang='lat' dir='ltr'><strong>nulla,</strong></span> <span class='ocrx_word' id='word_1_327' title='bbox 1685 2850 1735 2906; x_wconf 87' lang='lat' dir='ltr'><strong>si</strong></span> <span class='ocrx_word' id='word_1_328' title='bbox 1767 2850 1867 2907; x_wconf 91' lang='lat' dir='ltr'><strong>Dei</strong></span> <span class='ocrx_word' id='word_1_329' title='bbox 1887 2850 2042 2908; x_wconf 88' lang='lat' dir='ltr'><strong>desit</strong></span> <span class='ocrx_word' id='word_1_330' title='bbox 2069 2866 2169 2908; x_wconf 86' lang='lat' dir='ltr'><strong>sa-</strong></span> 
     </span>
    </p>
   </div>
   <div class='ocr_carea' id='block_1_49' title="bbox 508 2923 2171 3015">
    <p class='ocr_par' dir='ltr' id='par_1_49' title="bbox 508 2923 2171 3015">
     <span class='ocr_line' id='line_1_49' title="bbox 508 2923 2171 3015; baseline 0 -18"><span class='ocrx_word' id='word_1_331' title='bbox 508 2941 764 3014; x_wconf 86' lang='lat' dir='ltr'><strong>pientia.</strong></span> <span class='ocrx_word' id='word_1_332' title='bbox 804 2946 954 3000; x_wconf 88' lang='lat' dir='ltr'><strong>Nam</strong></span> <span class='ocrx_word' id='word_1_333' title='bbox 974 2940 1519 3015; x_wconf 89' lang='lat' dir='ltr'><strong>diaboloipsimale</strong></span> <span class='ocrx_word' id='word_1_334' title='bbox 1544 2940 1720 2997; x_wconf 85' lang='lat' dir='ltr'><strong>cessit</strong></span> <span class='ocrx_word' id='word_1_335' title='bbox 1744 2923 2171 2997; x_wconf 62' lang='lat' dir='ltr'><strong>adhibitum&#39;in</strong></span> 
     </span>
    </p>
   </div>
   <div class='ocr_carea' id='block_1_50' title="bbox 507 3028 2244 3119">
    <p class='ocr_par' dir='ltr' id='par_1_50' title="bbox 507 3028 2244 3119">
     <span class='ocr_line' id='line_1_50' title="bbox 507 3028 2244 3119; baseline 0.002 -33"><span class='ocrx_word' id='word_1_336' title='bbox 507 3028 822 3088; x_wconf 89' lang='lat' dir='ltr'><strong>hominem</strong></span> <span class='ocrx_word' id='word_1_337' title='bbox 837 3032 1157 3088; x_wconf 83' lang='lat' dir='ltr'><strong>artiﬁcium</strong></span> <span class='ocrx_word' id='word_1_338' title='bbox 1183 3034 1270 3099; x_wconf 88' lang='lat' dir='ltr'><strong>;et</strong></span> <span class='ocrx_word' id='word_1_339' title='bbox 1286 3028 1857 3119; x_wconf 81' lang='lat' dir='ltr'><strong>quodmachinatus</strong></span> <span class='ocrx_word' id='word_1_340' title='bbox 1881 3034 1972 3086; x_wconf 89' lang='lat' dir='ltr'><strong>est</strong></span> <span class='ocrx_word' id='word_1_341' title='bbox 1995 3031 2037 3100; x_wconf 83' lang='grc'>1</span> <span class='ocrx_word' id='word_1_342' title='bbox 2053 3029 2170 3102; x_wconf 76' lang='lat'><strong>58</strong></span> <span class='ocrx_word' id='word_1_343' title='bbox 2200 3061 2244 3119; x_wconf 69' lang='grc' dir='ltr'>ο</span> 
     </span>
    </p>
   </div>
   <div class='ocr_carea' id='block_1_51' title="bbox 509 3117 2171 3178">
    <p class='ocr_par' dir='ltr' id='par_1_51' title="bbox 509 3117 2171 3178">
     <span class='ocr_line' id='line_1_51' title="bbox 509 3117 2171 3178; baseline 0.001 -3"><span class='ocrx_word' id='word_1_344' title='bbox 509 3122 723 3178; x_wconf 89' lang='lat' dir='ltr'><strong>contra</strong></span> <span class='ocrx_word' id='word_1_345' title='bbox 770 3119 1173 3177; x_wconf 88' lang='lat' dir='ltr'><strong>hominem.id</strong></span> <span class='ocrx_word' id='word_1_346' title='bbox 1211 3118 1427 3176; x_wconf 79' lang='lat' dir='ltr'><strong>struxit</strong></span> <span class='ocrx_word' id='word_1_347' title='bbox 1451 3117 1713 3175; x_wconf 82' lang='lat' dir='ltr'><strong>insciens</strong></span> <span class='ocrx_word' id='word_1_348' title='bbox 1761 3118 2058 3175; x_wconf 87' lang='lat' dir='ltr'><strong>adversus</strong></span> <span class='ocrx_word' id='word_1_349' title='bbox 2083 3134 2171 3176; x_wconf 86' lang='lat' dir='ltr'><strong>se-</strong></span> 
     </span>
    </p>
   </div>
   <div class='ocr_carea' id='block_1_52' title="bbox 512 3207 2169 3283">
    <p class='ocr_par' dir='ltr' id='par_1_52' title="bbox 512 3207 2169 3283">
     <span class='ocr_line' id='line_1_52' title="bbox 512 3207 2169 3283; baseline 0 -18"><span class='ocrx_word' id='word_1_350' title='bbox 512 3210 842 3283; x_wconf 87' lang='lat' dir='ltr'><strong>metipsum</strong></span> <span class='ocrx_word' id='word_1_351' title='bbox 876 3226 891 3266; x_wconf 88' lang='lat'><strong>:</strong></span> <span class='ocrx_word' id='word_1_352' title='bbox 918 3209 1221 3283; x_wconf 82' lang='lat' dir='ltr'><strong>siquidem</strong></span> <span class='ocrx_word' id='word_1_353' title='bbox 1242 3223 1367 3265; x_wconf 90' lang='lat' dir='ltr'><strong>non</strong></span> <span class='ocrx_word' id='word_1_354' title='bbox 1386 3212 1622 3265; x_wconf 88' lang='lat' dir='ltr'><strong>tantum</strong></span> <span class='ocrx_word' id='word_1_355' title='bbox 1650 3207 1857 3265; x_wconf 87' lang='lat' dir='ltr'><strong>nocuit</strong></span> <span class='ocrx_word' id='word_1_356' title='bbox 1877 3207 1952 3277; x_wconf 90' lang='lat' dir='ltr'><strong>ei,</strong></span> <span class='ocrx_word' id='word_1_357' title='bbox 1983 3223 2169 3282; x_wconf 86' lang='lat' dir='ltr'><strong>quem</strong></span> 
     </span>
    </p>
   </div>
   <div class='ocr_carea' id='block_1_53' title="bbox 507 3297 2171 3370">
    <p class='ocr_par' dir='ltr' id='par_1_53' title="bbox 507 3297 2171 3370">
     <span class='ocr_line' id='line_1_53' title="bbox 507 3297 2171 3370; baseline -0.002 -12"><span class='ocrx_word' id='word_1_358' title='bbox 507 3316 545 3359; x_wconf 89' lang='lat' dir='ltr'><strong>a</strong></span> <span class='ocrx_word' id='word_1_359' title='bbox 568 3303 687 3357; x_wconf 90' lang='lat' dir='ltr'><strong>Deo</strong></span> <span class='ocrx_word' id='word_1_360' title='bbox 718 3304 776 3356; x_wconf 86' lang='lat' dir='ltr'><strong>et</strong></span> <span class='ocrx_word' id='word_1_361' title='bbox 799 3315 836 3356; x_wconf 87' lang='lat' dir='ltr'><strong>a</strong></span> <span class='ocrx_word' id='word_1_362' title='bbox 866 3299 982 3356; x_wconf 89' lang='lat' dir='ltr'><strong>vita</strong></span> <span class='ocrx_word' id='word_1_363' title='bbox 1010 3303 1233 3355; x_wconf 71' lang='lat' dir='ltr'><strong>aeterna</strong></span> <span class='ocrx_word' id='word_1_364' title='bbox 1258 3297 1744 3354; x_wconf 87' lang='lat' dir='ltr'><strong>abalienaturum</strong></span> <span class='ocrx_word' id='word_1_365' title='bbox 1780 3313 1843 3354; x_wconf 90' lang='lat' dir='ltr'><strong>se</strong></span> <span class='ocrx_word' id='word_1_366' title='bbox 1885 3312 2171 3370; x_wconf 87' lang='lat' dir='ltr'><strong>sperave-</strong></span> 
     </span>
    </p>
   </div>
   <div class='ocr_carea' id='block_1_54' title="bbox 508 3386 2168 3462">
    <p class='ocr_par' dir='ltr' id='par_1_54' title="bbox 508 3386 2168 3462">
     <span class='ocr_line' id='line_1_54' title="bbox 508 3386 2168 3462; baseline -0.003 -14"><span class='ocrx_word' id='word_1_367' title='bbox 508 3394 627 3456; x_wconf 83' lang='lat' dir='ltr'><strong>rat,</strong></span> <span class='ocrx_word' id='word_1_368' title='bbox 674 3393 972 3462; x_wconf 87' lang='lat' dir='ltr'><strong>quantum</strong></span> <span class='ocrx_word' id='word_1_369' title='bbox 1033 3403 1098 3444; x_wconf 90' lang='lat' dir='ltr'><strong>se</strong></span> <span class='ocrx_word' id='word_1_370' title='bbox 1154 3387 1284 3460; x_wconf 90' lang='lat' dir='ltr'><strong>ipse</strong></span> <span class='ocrx_word' id='word_1_371' title='bbox 1322 3386 1609 3459; x_wconf 90' lang='lat' dir='ltr'><strong>prodidit,</strong></span> <span class='ocrx_word' id='word_1_372' title='bbox 1643 3386 2020 3457; x_wconf 82' lang='lat' dir='ltr'><strong>transfugaa</strong></span> <span class='ocrx_word' id='word_1_373' title='bbox 2047 3389 2168 3443; x_wconf 88' lang='lat' dir='ltr'><strong>Deo</strong></span> 
     </span>
    </p>
   </div>
   <div class='ocr_carea' id='block_1_55' title="bbox 504 3475 2167 3550">
    <p class='ocr_par' dir='ltr' id='par_1_55' title="bbox 504 3475 2167 3550">
     <span class='ocr_line' id='line_1_55' title="bbox 504 3475 2167 3550; baseline -0.003 -12"><span class='ocrx_word' id='word_1_374' title='bbox 504 3480 725 3549; x_wconf 83' lang='lat' dir='ltr'><strong>factus,</strong></span> <span class='ocrx_word' id='word_1_375' title='bbox 782 3482 840 3534; x_wconf 91' lang='lat' dir='ltr'><strong>et</strong></span> <span class='ocrx_word' id='word_1_376' title='bbox 888 3477 1068 3534; x_wconf 91' lang='lat' dir='ltr'><strong>morti</strong></span> <span class='ocrx_word' id='word_1_377' title='bbox 1128 3482 1369 3534; x_wconf 64' lang='lat' dir='ltr'><strong>aeternae</strong></span> <span class='ocrx_word' id='word_1_378' title='bbox 1399 3475 1702 3534; x_wconf 88' lang='lat' dir='ltr'><strong>addictus.</strong></span> <span class='ocrx_word' id='word_1_379' title='bbox 1728 3479 1920 3550; x_wconf 80' lang='lat' dir='ltr'><strong>Atque</strong></span> <span class='ocrx_word' id='word_1_380' title='bbox 1947 3476 2167 3550; x_wconf 87' lang='lat' dir='ltr'><strong>laqueo</strong></span> 
     </span>
    </p>
   </div>
   <div class='ocr_carea' id='block_1_56' title="bbox 502 3565 2167 3645">
    <p class='ocr_par' dir='ltr' id='par_1_56' title="bbox 502 3565 2167 3645">
     <span class='ocr_line' id='line_1_56' title="bbox 502 3565 2167 3645; baseline -0.003 -18"><span class='ocrx_word' id='word_1_381' title='bbox 502 3584 690 3645; x_wconf 89' lang='lat' dir='ltr'><strong>quem</strong></span> <span class='ocrx_word' id='word_1_382' title='bbox 725 3568 979 3626; x_wconf 89' lang='lat' dir='ltr'><strong>Domino</strong></span> <span class='ocrx_word' id='word_1_383' title='bbox 1008 3567 1243 3636; x_wconf 82' lang='lat' dir='ltr'><strong>struxit,</strong></span> <span class='ocrx_word' id='word_1_384' title='bbox 1272 3571 1486 3640; x_wconf 88' lang='lat' dir='ltr'><strong>captus</strong></span> <span class='ocrx_word' id='word_1_385' title='bbox 1534 3565 1667 3640; x_wconf 89' lang='lat' dir='ltr'><strong>ipse</strong></span> <span class='ocrx_word' id='word_1_386' title='bbox 1695 3571 1809 3635; x_wconf 84' lang='lat' dir='ltr'><strong>est,</strong></span> <span class='ocrx_word' id='word_1_387' title='bbox 1843 3566 2167 3624; x_wconf 85' lang='lat' dir='ltr'><strong>cruciﬁxus</strong></span> 
     </span>
    </p>
   </div>
   <div class='ocr_carea' id='block_1_57' title="bbox 500 3657 2168 3733">
    <p class='ocr_par' dir='ltr' id='par_1_57' title="bbox 500 3657 2168 3733">
     <span class='ocr_line' id='line_1_57' title="bbox 500 3657 2168 3733; baseline -0.002 -14"><span class='ocrx_word' id='word_1_388' title='bbox 500 3661 565 3720; x_wconf 90' lang='lat' dir='ltr'><strong>in</strong></span> <span class='ocrx_word' id='word_1_389' title='bbox 593 3676 667 3719; x_wconf 85' lang='lat' dir='ltr'><strong>ea</strong></span> <span class='ocrx_word' id='word_1_390' title='bbox 695 3675 893 3730; x_wconf 91' lang='lat' dir='ltr'><strong>cruce,</strong></span> <span class='ocrx_word' id='word_1_391' title='bbox 916 3659 978 3715; x_wconf 92' lang='lat' dir='ltr'><strong>in</strong></span> <span class='ocrx_word' id='word_1_392' title='bbox 1006 3674 1129 3733; x_wconf 90' lang='lat' dir='ltr'><strong>qua</strong></span> <span class='ocrx_word' id='word_1_393' title='bbox 1148 3657 1583 3715; x_wconf 86' lang='lat' dir='ltr'><strong>cruciﬁxurum</strong></span> <span class='ocrx_word' id='word_1_394' title='bbox 1609 3672 1674 3714; x_wconf 87' lang='lat' dir='ltr'><strong>se</strong></span> <span class='ocrx_word' id='word_1_395' title='bbox 1699 3657 1947 3714; x_wconf 88' lang='lat' dir='ltr'><strong>rebatur</strong></span> <span class='ocrx_word' id='word_1_396' title='bbox 1971 3676 1986 3727; x_wconf 92' lang='lat'><strong>;</strong></span> <span class='ocrx_word' id='word_1_397' title='bbox 2009 3662 2067 3715; x_wconf 88' lang='lat' dir='ltr'><strong>et</strong></span> <span class='ocrx_word' id='word_1_398' title='bbox 2093 3674 2168 3717; x_wconf 88' lang='lat' dir='ltr'><strong>ea</strong></span> 
     </span>
    </p>
   </div>
   <div class='ocr_carea' id='block_1_58' title="bbox 501 3747 2167 3823">
    <p class='ocr_par' dir='ltr' id='par_1_58' title="bbox 501 3747 2167 3823">
     <span class='ocr_line' id='line_1_58' title="bbox 501 3747 2167 3823; baseline -0.002 -14"><span class='ocrx_word' id='word_1_399' title='bbox 501 3755 695 3809; x_wconf 90' lang='lat' dir='ltr'><strong>morte</strong></span> <span class='ocrx_word' id='word_1_400' title='bbox 741 3754 1020 3807; x_wconf 90' lang='lat' dir='ltr'><strong>mortuus</strong></span> <span class='ocrx_word' id='word_1_401' title='bbox 1049 3765 1173 3823; x_wconf 92' lang='lat' dir='ltr'><strong>qua</strong></span> <span class='ocrx_word' id='word_1_402' title='bbox 1205 3748 1529 3805; x_wconf 88' lang='lat' dir='ltr'><strong>Dominum</strong></span> <span class='ocrx_word' id='word_1_403' title='bbox 1578 3747 1899 3819; x_wconf 87' lang='lat' dir='ltr'><strong>speravita</strong></span> <span class='ocrx_word' id='word_1_404' title='bbox 1924 3764 1988 3806; x_wconf 90' lang='lat' dir='ltr'><strong>se</strong></span> <span class='ocrx_word' id='word_1_405' title='bbox 2012 3749 2167 3806; x_wconf 88' lang='lat' dir='ltr'><strong>occi-</strong></span> 
     </span>
    </p>
   </div>
   <div class='ocr_carea' id='block_1_59' title="bbox 501 3837 2166 3911">
    <p class='ocr_par' dir='ltr' id='par_1_59' title="bbox 501 3837 2166 3911">
     <span class='ocr_line' id='line_1_59' title="bbox 501 3837 2166 3911; baseline -0.001 -14"><span class='ocrx_word' id='word_1_406' title='bbox 501 3852 639 3897; x_wconf 87' lang='lat' dir='ltr'><strong>sum</strong></span> <span class='ocrx_word' id='word_1_407' title='bbox 690 3839 780 3896; x_wconf 91' lang='lat' dir='ltr'><strong>iri.</strong></span> <span class='ocrx_word' id='word_1_408' title='bbox 846 3838 1019 3906; x_wconf 88' lang='lat' dir='ltr'><strong>Quod</strong></span> <span class='ocrx_word' id='word_1_409' title='bbox 1069 3839 1117 3894; x_wconf 89' lang='lat' dir='ltr'><strong>si</strong></span> <span class='ocrx_word' id='word_1_410' title='bbox 1138 3837 1681 3911; x_wconf 89' lang='lat' dir='ltr'><strong>mundiprinceps,</strong></span> <span class='ocrx_word' id='word_1_411' title='bbox 1709 3838 1947 3910; x_wconf 90' lang='lat' dir='ltr'><strong>primus</strong></span> <span class='ocrx_word' id='word_1_412' title='bbox 1977 3838 2076 3896; x_wconf 86' lang='lat' dir='ltr'><strong>ille</strong></span> <span class='ocrx_word' id='word_1_413' title='bbox 2105 3843 2166 3896; x_wconf 87' lang='lat' dir='ltr'><strong>et</strong></span> 
     </span>
    </p>
   </div>
   <div class='ocr_carea' id='block_1_60' title="bbox 498 3926 2164 3999">
    <p class='ocr_par' dir='ltr' id='par_1_60' title="bbox 498 3926 2164 3999">
     <span class='ocr_line' id='line_1_60' title="bbox 498 3926 2164 3999; baseline -0.002 -11"><span class='ocrx_word' id='word_1_414' title='bbox 498 3929 805 3988; x_wconf 89' lang='lat' dir='ltr'><strong>maximus</strong></span> <span class='ocrx_word' id='word_1_415' title='bbox 837 3934 897 3985; x_wconf 90' lang='lat' dir='ltr'><strong>et</strong></span> <span class='ocrx_word' id='word_1_416' title='bbox 923 3926 1242 3983; x_wconf 88' lang='lat' dir='ltr'><strong>invisibilis</strong></span> <span class='ocrx_word' id='word_1_417' title='bbox 1273 3926 1582 3999; x_wconf 72' lang='lat' dir='ltr'><strong>sapientia:</strong></span> <span class='ocrx_word' id='word_1_418' title='bbox 1611 3926 1942 3982; x_wconf 73' lang='lat' dir='ltr'><strong>mundanas</strong></span> <span class='ocrx_word' id='word_1_419' title='bbox 1975 3928 2164 3998; x_wconf 86' lang='lat' dir='ltr'><strong>magi-</strong></span> 
     </span>
    </p>
   </div>
   <div class='ocr_carea' id='block_1_61' title="bbox 497 4014 2164 4092">
    <p class='ocr_par' dir='ltr' id='par_1_61' title="bbox 497 4014 2164 4092">
     <span class='ocr_line' id='line_1_61' title="bbox 497 4014 2164 4092; baseline -0.002 -16"><span class='ocrx_word' id='word_1_420' title='bbox 497 4026 618 4079; x_wconf 89' lang='lat' dir='ltr'><strong>ster</strong></span> <span class='ocrx_word' id='word_1_421' title='bbox 672 4018 909 4092; x_wconf 87' lang='lat' dir='ltr'><strong>capitur</strong></span> <span class='ocrx_word' id='word_1_422' title='bbox 960 4017 1089 4074; x_wconf 86' lang='lat' dir='ltr'><strong>suis</strong></span> <span class='ocrx_word' id='word_1_423' title='bbox 1145 4015 1337 4088; x_wconf 87' lang='lat' dir='ltr'><strong>ipsius</strong></span> <span class='ocrx_word' id='word_1_424' title='bbox 1361 4015 1649 4083; x_wconf 78' lang='lat' dir='ltr'><strong>artiﬁciis,</strong></span> <span class='ocrx_word' id='word_1_425' title='bbox 1671 4020 1731 4072; x_wconf 90' lang='lat' dir='ltr'><strong>et</strong></span> <span class='ocrx_word' id='word_1_426' title='bbox 1777 4014 1858 4072; x_wconf 89' lang='lat' dir='ltr'><strong>ad</strong></span> <span class='ocrx_word' id='word_1_427' title='bbox 1877 4015 2164 4089; x_wconf 90' lang='lat' dir='ltr'><strong>insipien-</strong></span> 
     </span>
    </p>
   </div>
   <div class='ocr_carea' id='block_1_62' title="bbox 496 4104 2163 4176">
    <p class='ocr_par' dir='ltr' id='par_1_62' title="bbox 496 4104 2163 4176">
     <span class='ocr_line' id='line_1_62' title="bbox 496 4104 2163 4176; baseline -0.004 -9"><span class='ocrx_word' id='word_1_428' title='bbox 496 4109 643 4167; x_wconf 89' lang='lat' dir='ltr'><strong>tiam</strong></span> <span class='ocrx_word' id='word_1_429' title='bbox 670 4114 1004 4165; x_wconf 89' lang='lat' dir='ltr'><strong>extremam</strong></span> <span class='ocrx_word' id='word_1_430' title='bbox 1059 4105 1388 4175; x_wconf 90' lang='lat' dir='ltr'><strong>redigitur:</strong></span> <span class='ocrx_word' id='word_1_431' title='bbox 1420 4104 1611 4161; x_wconf 87' lang='lat' dir='ltr'><strong>multo</strong></span> <span class='ocrx_word' id='word_1_432' title='bbox 1652 4105 1852 4176; x_wconf 89' lang='lat' dir='ltr'><strong>magis</strong></span> <span class='ocrx_word' id='word_1_433' title='bbox 1889 4104 2022 4176; x_wconf 89' lang='lat' dir='ltr'><strong>ejus</strong></span> <span class='ocrx_word' id='word_1_434' title='bbox 2076 4105 2163 4162; x_wconf 85' lang='lat' dir='ltr'><strong>di-</strong></span> 
     </span>
    </p>
   </div>
   <div class='ocr_carea' id='block_1_63' title="bbox 496 4193 2160 4271">
    <p class='ocr_par' dir='ltr' id='par_1_63' title="bbox 496 4193 2160 4271">
     <span class='ocr_line' id='line_1_63' title="bbox 496 4193 2160 4271; baseline -0.002 -17"><span class='ocrx_word' id='word_1_435' title='bbox 496 4197 710 4271; x_wconf 90' lang='lat' dir='ltr'><strong>scipuli</strong></span> <span class='ocrx_word' id='word_1_436' title='bbox 740 4202 921 4270; x_wconf 90' lang='lat' dir='ltr'><strong>atque</strong></span> <span class='ocrx_word' id='word_1_437' title='bbox 943 4194 1349 4263; x_wconf 66' lang='lat' dir='ltr'><strong>aemulatores,</strong></span> <span class='ocrx_word' id='word_1_438' title='bbox 1376 4193 1617 4251; x_wconf 90' lang='lat' dir='ltr'><strong>etiamsi</strong></span> <span class='ocrx_word' id='word_1_439' title='bbox 1638 4193 1974 4250; x_wconf 87' lang='lat' dir='ltr'><strong>innumeris</strong></span> <span class='ocrx_word' id='word_1_440' title='bbox 1997 4210 2160 4251; x_wconf 88' lang='lat' dir='ltr'><strong>com-</strong></span> 
     </span>
    </p>
   </div>
   <div class='ocr_carea' id='block_1_64' title="bbox 2314 1783 3918 1864">
    <p class='ocr_par' dir='ltr' id='par_1_64' title="bbox 2314 1783 3918 1864">
     <span class='ocr_line' id='line_1_64' title="bbox 2314 1783 3918 1864; baseline 0.004 -27"><span class='ocrx_word' id='word_1_441' title='bbox 2314 1783 2452 1858; x_wconf 82' lang='grc' dir='ltr'>σὰρξ</span> <span class='ocrx_word' id='word_1_442' title='bbox 2512 1789 2727 1859; x_wconf 80' lang='grc' dir='ltr'>χόρτος,</span> <span class='ocrx_word' id='word_1_443' title='bbox 2792 1791 2883 1839; x_wconf 85' lang='grc' dir='ltr'>καὶ</span> <span class='ocrx_word' id='word_1_444' title='bbox 2938 1793 3086 1840; x_wconf 84' lang='grc' dir='ltr'>πᾶσα</span> <span class='ocrx_word' id='word_1_445' title='bbox 3142 1783 3274 1851; x_wconf 78' lang='grc' dir='ltr'>δόξα</span> <span class='ocrx_word' id='word_1_446' title='bbox 3336 1787 3632 1864; x_wconf 80' lang='grc' dir='ltr'>ἀνθρώπου,</span> <span class='ocrx_word' id='word_1_447' title='bbox 3699 1792 3771 1852; x_wconf 83' lang='grc' dir='ltr'>ὡς</span> <span class='ocrx_word' id='word_1_448' title='bbox 3822 1792 3918 1844; x_wconf 78' lang='grc' dir='ltr'><strong>ἄν·</strong></span> 
     </span>
    </p>
   </div>
   <div class='ocr_carea' id='block_1_65' title="bbox 2306 1874 3917 1952">
    <p class='ocr_par' dir='ltr' id='par_1_65' title="bbox 2306 1874 3917 1952">
     <span class='ocr_line' id='line_1_65' title="bbox 2306 1874 3917 1952; baseline 0.006 -27"><span class='ocrx_word' id='word_1_449' title='bbox 2306 1874 2389 1934; x_wconf 85' lang='grc' dir='ltr'><strong>θος</strong></span> <span class='ocrx_word' id='word_1_450' title='bbox 2453 1878 2675 1949; x_wconf 83' lang='grc' dir='ltr'>χόρτου.</span> <span class='ocrx_word' id='word_1_451' title='bbox 2754 1874 3039 1948; x_wconf 74' lang='grc' dir='ltr'>Ἐξηράνθη</span> <span class='ocrx_word' id='word_1_452' title='bbox 3122 1877 3148 1928; x_wconf 90' lang='grc' dir='ltr'><strong>ό</strong></span> <span class='ocrx_word' id='word_1_453' title='bbox 3204 1880 3423 1952; x_wconf 86' lang='grc' dir='ltr'>χόρτος,</span> <span class='ocrx_word' id='word_1_454' title='bbox 3485 1882 3576 1931; x_wconf 85' lang='grc' dir='ltr'>καὶ</span> <span class='ocrx_word' id='word_1_455' title='bbox 3633 1881 3692 1932; x_wconf 89' lang='grc' dir='ltr'><strong>τό</strong></span> <span class='ocrx_word' id='word_1_456' title='bbox 3747 1881 3917 1945; x_wconf 81' lang='grc' dir='ltr'>ἄνθος</span> 
     </span>
    </p>
   </div>
   <div class='ocr_carea' id='block_1_66' title="bbox 2301 1959 3918 2043">
    <p class='ocr_par' dir='ltr' id='par_1_66' title="bbox 2301 1959 3918 2043">
     <span class='ocr_line' id='line_1_66' title="bbox 2301 1959 3918 2043; baseline 0.006 -30"><span class='ocrx_word' id='word_1_457' title='bbox 2301 1959 2542 2024; x_wconf 74' lang='grc' dir='ltr'>έξέπεσε.</span> <span class='ocrx_word' id='word_1_458' title='bbox 2627 1970 2880 2017; x_wconf 82' lang='grc' dir='ltr'>Τοιαῦται</span> <span class='ocrx_word' id='word_1_459' title='bbox 2951 1966 3212 2043; x_wconf 66' lang='grc' dir='ltr'>γιγάντων</span> <span class='ocrx_word' id='word_1_460' title='bbox 3248 1964 3333 2019; x_wconf 68' lang='grc' dir='ltr'><strong>ἰπὶ</strong></span> <span class='ocrx_word' id='word_1_461' title='bbox 3413 1963 3633 2041; x_wconf 77' lang='grc' dir='ltr'>δυνάμει</span> <span class='ocrx_word' id='word_1_462' title='bbox 3715 1966 3918 2031; x_wconf 59' lang='lat' dir='ltr'><strong>at)an</strong></span> 
     </span>
    </p>
   </div>
   <div class='ocr_carea' id='block_1_67' title="bbox 2296 2052 3917 2130">
    <p class='ocr_par' dir='ltr' id='par_1_67' title="bbox 2296 2052 3917 2130">
     <span class='ocr_line' id='line_1_67' title="bbox 2296 2052 3917 2130; baseline 0.006 -28"><span class='ocrx_word' id='word_1_463' title='bbox 2296 2056 2448 2119; x_wconf 87' lang='grc' dir='ltr'>νεῖαι,</span> <span class='ocrx_word' id='word_1_464' title='bbox 2504 2056 2595 2106; x_wconf 83' lang='grc' dir='ltr'>καὶ</span> <span class='ocrx_word' id='word_1_465' title='bbox 2644 2052 2831 2107; x_wconf 82' lang='grc' dir='ltr'>Γολιὰθ</span> <span class='ocrx_word' id='word_1_466' title='bbox 2889 2052 3110 2114; x_wconf 77' lang='grc' dir='ltr'>ἀνοήτου</span> <span class='ocrx_word' id='word_1_467' title='bbox 3161 2060 3402 2130; x_wconf 86' lang='grc' dir='ltr'>φρόνημα</span> <span class='ocrx_word' id='word_1_468' title='bbox 3454 2057 3737 2129; x_wconf 83' lang='grc' dir='ltr'>θεομάχον,</span> <span class='ocrx_word' id='word_1_469' title='bbox 3818 2062 3917 2113; x_wconf 80' lang='grc' dir='ltr'>καὶ</span> 
     </span>
    </p>
   </div>
   <div class='ocr_carea' id='block_1_68' title="bbox 2297 2140 3913 2221">
    <p class='ocr_par' dir='ltr' id='par_1_68' title="bbox 2297 2140 3913 2221">
     <span class='ocr_line' id='line_1_68' title="bbox 2297 2140 3913 2221; baseline 0.006 -29"><span class='ocrx_word' id='word_1_470' title='bbox 2297 2140 2325 2192; x_wconf 91' lang='grc' dir='ltr'><strong>ό</strong></span> <span class='ocrx_word' id='word_1_471' title='bbox 2372 2140 2548 2194; x_wconf 83' lang='grc' dir='ltr'>κάλλει</span> <span class='ocrx_word' id='word_1_472' title='bbox 2580 2145 2717 2215; x_wconf 73' lang='grc' dir='ltr'>μέγα</span> <span class='ocrx_word' id='word_1_473' title='bbox 2754 2152 2949 2219; x_wconf 84' lang='grc' dir='ltr'>φρονῶν</span> <span class='ocrx_word' id='word_1_474' title='bbox 2999 2140 3273 2212; x_wconf 76' lang='grc' dir='ltr'>’Δδωνίας,</span> <span class='ocrx_word' id='word_1_475' title='bbox 3329 2148 3420 2199; x_wconf 83' lang='grc' dir='ltr'>καὶ</span> <span class='ocrx_word' id='word_1_476' title='bbox 3474 2148 3682 2219; x_wconf 73' lang='grc' dir='ltr'>μεγέθει</span> <span class='ocrx_word' id='word_1_477' title='bbox 3727 2150 3913 2221; x_wconf 88' lang='grc' dir='ltr'>κόμης</span> 
     </span>
    </p>
   </div>
   <div class='ocr_carea' id='block_1_69' title="bbox 2293 2225 3017 2307">
    <p class='ocr_par' dir='ltr' id='par_1_69' title="bbox 2293 2225 3017 2307">
     <span class='ocr_line' id='line_1_69' title="bbox 2293 2225 3017 2307; baseline 0.01 -26"><span class='ocrx_word' id='word_1_478' title='bbox 2293 2225 2624 2306; x_wconf 77' lang='grc' dir='ltr'>ἕπαιρόμενος</span> <span class='ocrx_word' id='word_1_479' title='bbox 2656 2230 3017 2307; x_wconf 84' lang='grc' dir='ltr'>’Δϐεσσαλὼμ.</span> 
     </span>
    </p>
   </div>
   <div class='ocr_carea' id='block_1_70' title="bbox 2357 2492 3900 2581">
    <p class='ocr_par' dir='ltr' id='par_1_70' title="bbox 2357 2492 3900 2581">
     <span class='ocr_line' id='line_1_70' title="bbox 2357 2492 3900 2581; baseline 0.005 -29"><span class='ocrx_word' id='word_1_480' title='bbox 2357 2499 2414 2552; x_wconf 80' lang='lat'><strong>2.</strong></span> <span class='ocrx_word' id='word_1_481' title='bbox 2443 2495 2510 2550; x_wconf 62' lang='lat'><strong>‘0</strong></span> <span class='ocrx_word' id='word_1_482' title='bbox 2554 2492 2616 2551; x_wconf 68' lang='grc' dir='ltr'><strong>δὲ</strong></span> <span class='ocrx_word' id='word_1_483' title='bbox 2663 2493 2814 2552; x_wconf 76' lang='grc' dir='ltr'>δοκεῖ</span> <span class='ocrx_word' id='word_1_484' title='bbox 2853 2506 2957 2552; x_wconf 83' lang='grc' dir='ltr'>τῶν</span> <span class='ocrx_word' id='word_1_485' title='bbox 2983 2497 3147 2553; x_wconf 79' lang='grc' dir='ltr'>ἄλλων</span> <span class='ocrx_word' id='word_1_486' title='bbox 3184 2508 3288 2554; x_wconf 81' lang='grc' dir='ltr'><strong>τῶν</strong></span> <span class='ocrx_word' id='word_1_487' title='bbox 3311 2501 3652 2577; x_wconf 76' lang='grc' dir='ltr'>ὑπαρχόντων</span> <span class='ocrx_word' id='word_1_488' title='bbox 3683 2502 3900 2581; x_wconf 83' lang='grc' dir='ltr'>ἀνθρὼ-</span> 
     </span>
    </p>
   </div>
   <div class='ocr_carea' id='block_1_71' title="bbox 2283 2585 3905 2668">
    <p class='ocr_par' dir='ltr' id='par_1_71' title="bbox 2283 2585 3905 2668">
     <span class='ocr_line' id='line_1_71' title="bbox 2283 2585 3905 2668; baseline 0.007 -31"><span class='ocrx_word' id='word_1_489' title='bbox 2283 2603 2399 2647; x_wconf 89' lang='grc' dir='ltr'>ποις</span> <span class='ocrx_word' id='word_1_490' title='bbox 2446 2585 2613 2639; x_wconf 81' lang='grc' dir='ltr'>καλῶν</span> <span class='ocrx_word' id='word_1_491' title='bbox 2665 2591 2915 2660; x_wconf 79' lang='grc' dir='ltr'>μέγιστον</span> <span class='ocrx_word' id='word_1_492' title='bbox 2950 2586 3081 2643; x_wconf 81' lang='grc' dir='ltr'>εἶναι</span> <span class='ocrx_word' id='word_1_493' title='bbox 3130 2594 3221 2643; x_wconf 80' lang='grc' dir='ltr'><strong>καὶ</strong></span> <span class='ocrx_word' id='word_1_494' title='bbox 3252 2588 3603 2667; x_wconf 80' lang='grc' dir='ltr'>βεϐαιότερον,</span> <span class='ocrx_word' id='word_1_495' title='bbox 3653 2593 3684 2653; x_wconf 75' lang='grc' dir='ltr'>ἡ</span> <span class='ocrx_word' id='word_1_496' title='bbox 3733 2599 3905 2668; x_wconf 78' lang='grc' dir='ltr'>σοφία</span> 
     </span>
    </p>
   </div>
   <div class='ocr_carea' id='block_1_72' title="bbox 2282 2676 3900 2755">
    <p class='ocr_par' dir='ltr' id='par_1_72' title="bbox 2282 2676 3900 2755">
     <span class='ocr_line' id='line_1_72' title="bbox 2282 2676 3900 2755; baseline 0.006 -28"><span class='ocrx_word' id='word_1_497' title='bbox 2282 2678 2374 2727; x_wconf 83' lang='grc' dir='ltr'>καὶ</span> <span class='ocrx_word' id='word_1_498' title='bbox 2395 2676 2424 2733; x_wconf 83' lang='grc' dir='ltr'><strong>ἠ</strong></span> <span class='ocrx_word' id='word_1_499' title='bbox 2459 2676 2577 2747; x_wconf 79' lang='lat'><strong>(58)</strong></span> <span class='ocrx_word' id='word_1_500' title='bbox 2605 2681 2873 2749; x_wconf 89' lang='grc' dir='ltr'>φρόνησις,</span> <span class='ocrx_word' id='word_1_501' title='bbox 2913 2683 3003 2732; x_wconf 78' lang='grc' dir='ltr'>καὶ</span> <span class='ocrx_word' id='word_1_502' title='bbox 3032 2686 3185 2755; x_wconf 71' lang='grc' dir='ltr'>τοῦτο</span> <span class='ocrx_word' id='word_1_503' title='bbox 3213 2689 3437 2753; x_wconf 86' lang='grc' dir='ltr'>ματαῖον</span> <span class='ocrx_word' id='word_1_504' title='bbox 3466 2684 3607 2753; x_wconf 87' lang='lat'><strong>(58.)</strong></span> <span class='ocrx_word' id='word_1_505' title='bbox 3648 2684 3767 2755; x_wconf 74' lang='grc' dir='ltr'>ἔχει</span> <span class='ocrx_word' id='word_1_506' title='bbox 3797 2688 3900 2744; x_wconf 76' lang='grc' dir='ltr'>τὴν</span> 
     </span>
    </p>
   </div>
   <div class='ocr_carea' id='block_1_73' title="bbox 2284 2765 3900 2844">
    <p class='ocr_par' dir='ltr' id='par_1_73' title="bbox 2284 2765 3900 2844">
     <span class='ocr_line' id='line_1_73' title="bbox 2284 2765 3900 2844; baseline 0.006 -29"><span class='ocrx_word' id='word_1_507' title='bbox 2284 2765 2526 2837; x_wconf 78' lang='grc' dir='ltr'>ἔπαρσιν,</span> <span class='ocrx_word' id='word_1_508' title='bbox 2576 2770 2666 2818; x_wconf 86' lang='grc' dir='ltr'>καὶ</span> <span class='ocrx_word' id='word_1_509' title='bbox 2724 2765 2854 2838; x_wconf 70' lang='grc' dir='ltr'>ὕψος</span> <span class='ocrx_word' id='word_1_510' title='bbox 2917 2766 3014 2821; x_wconf 87' lang='grc' dir='ltr'><strong>ούκ</strong></span> <span class='ocrx_word' id='word_1_511' title='bbox 3066 2766 3253 2831; x_wconf 67' lang='grc' dir='ltr'>ἀληθὲς</span> <span class='ocrx_word' id='word_1_512' title='bbox 3321 2772 3733 2844; x_wconf 73' lang='grc' dir='ltr'>παρασκευάζει·</span> <span class='ocrx_word' id='word_1_513' title='bbox 3796 2782 3900 2835; x_wconf 77' lang='grc' dir='ltr'>τῆς</span> 
     </span>
    </p>
   </div>
   <div class='ocr_carea' id='block_1_74' title="bbox 2282 2853 3903 2933">
    <p class='ocr_par' dir='ltr' id='par_1_74' title="bbox 2282 2853 3903 2933">
     <span class='ocr_line' id='line_1_74' title="bbox 2282 2853 3903 2933; baseline 0.006 -28"><span class='ocrx_word' id='word_1_514' title='bbox 2282 2854 2430 2926; x_wconf 85' lang='grc' dir='ltr'><strong>παρά</strong></span> <span class='ocrx_word' id='word_1_515' title='bbox 2463 2862 2596 2907; x_wconf 83' lang='grc' dir='ltr'><strong>Θεοῦ</strong></span> <span class='ocrx_word' id='word_1_516' title='bbox 2630 2859 2812 2931; x_wconf 85' lang='grc' dir='ltr'>σορίας</span> <span class='ocrx_word' id='word_1_517' title='bbox 2855 2853 3115 2926; x_wconf 82' lang='grc' dir='ltr'>ἀπούσης,</span> <span class='ocrx_word' id='word_1_518' title='bbox 3158 2857 3231 2921; x_wconf 83' lang='grc' dir='ltr'><strong>εἰς</strong></span> <span class='ocrx_word' id='word_1_519' title='bbox 3259 2855 3411 2913; x_wconf 72' lang='grc' dir='ltr'>ούδεν</span> <span class='ocrx_word' id='word_1_520' title='bbox 3448 2862 3645 2913; x_wconf 87' lang='grc' dir='ltr'>τούτων</span> <span class='ocrx_word' id='word_1_521' title='bbox 3672 2858 3903 2933; x_wconf 73' lang='grc' dir='ltr'>λογιζο-</span> 
     </span>
    </p>
   </div>
   <div class='ocr_carea' id='block_1_75' title="bbox 2281 2943 3901 3022">
    <p class='ocr_par' dir='ltr' id='par_1_75' title="bbox 2281 2943 3901 3022">
     <span class='ocr_line' id='line_1_75' title="bbox 2281 2943 3901 3022; baseline 0.006 -27"><span class='ocrx_word' id='word_1_522' title='bbox 2281 2947 2471 3016; x_wconf 76' lang='grc' dir='ltr'>μένων.</span> <span class='ocrx_word' id='word_1_523' title='bbox 2533 2948 2811 2998; x_wconf 83' lang='grc' dir='ltr'>Δίαπίπτει</span> <span class='ocrx_word' id='word_1_524' title='bbox 2855 2948 2946 3018; x_wconf 68' lang='grc' dir='ltr'>μὶν</span> <span class='ocrx_word' id='word_1_525' title='bbox 2996 2948 3095 3022; x_wconf 66' lang='grc' dir='ltr'>γὰρ</span> <span class='ocrx_word' id='word_1_526' title='bbox 3124 2945 3265 3019; x_wconf 80' lang='grc' dir='ltr'>αύτῷ</span> <span class='ocrx_word' id='word_1_527' title='bbox 3304 2956 3378 3020; x_wconf 79' lang='grc' dir='ltr'>τῷ</span> <span class='ocrx_word' id='word_1_528' title='bbox 3408 2943 3638 3022; x_wconf 82' lang='grc' dir='ltr'>διαϐόλῳ</span> <span class='ocrx_word' id='word_1_529' title='bbox 3662 2952 3721 3003; x_wconf 85' lang='grc' dir='ltr'>τὸ</span> <span class='ocrx_word' id='word_1_530' title='bbox 3752 2954 3901 3006; x_wconf 80' lang='grc' dir='ltr'>κατὰ</span> 
     </span>
    </p>
   </div>
   <div class='ocr_carea' id='block_1_76' title="bbox 2281 3032 3899 3111">
    <p class='ocr_par' dir='ltr' id='par_1_76' title="bbox 2281 3032 3899 3111">
     <span class='ocr_line' id='line_1_76' title="bbox 2281 3032 3899 3111; baseline 0.005 -26"><span class='ocrx_word' id='word_1_531' title='bbox 2281 3039 2375 3086; x_wconf 85' lang='grc' dir='ltr'><strong>τοῦ</strong></span> <span class='ocrx_word' id='word_1_532' title='bbox 2419 3032 2692 3109; x_wconf 83' lang='grc' dir='ltr'>ἀνθρώπου</span> <span class='ocrx_word' id='word_1_533' title='bbox 2754 3037 3012 3108; x_wconf 87' lang='grc' dir='ltr'>σόφισμα,</span> <span class='ocrx_word' id='word_1_534' title='bbox 3062 3038 3153 3089; x_wconf 79' lang='grc' dir='ltr'><strong>καὶ</strong></span> <span class='ocrx_word' id='word_1_535' title='bbox 3204 3035 3323 3090; x_wconf 81' lang='grc' dir='ltr'>καθ’</span> <span class='ocrx_word' id='word_1_536' title='bbox 3381 3037 3569 3091; x_wconf 79' lang='grc' dir='ltr'>ἑαυτοῦ</span> <span class='ocrx_word' id='word_1_537' title='bbox 3619 3040 3899 3111; x_wconf 80' lang='grc' dir='ltr'>τεχνάσας</span> 
     </span>
    </p>
   </div>
   <div class='ocr_carea' id='block_1_77' title="bbox 2281 3120 3899 3200">
    <p class='ocr_par' dir='ltr' id='par_1_77' title="bbox 2281 3120 3899 3200">
     <span class='ocr_line' id='line_1_77' title="bbox 2281 3120 3899 3200; baseline 0.005 -25"><span class='ocrx_word' id='word_1_538' title='bbox 2281 3120 2457 3177; x_wconf 75' lang='grc' dir='ltr'>ἔλαθεν</span> <span class='ocrx_word' id='word_1_539' title='bbox 2524 3122 2550 3176; x_wconf 85' lang='grc' dir='ltr'>ὁ</span> <span class='ocrx_word' id='word_1_540' title='bbox 2598 3123 2735 3176; x_wconf 87' lang='grc' dir='ltr'><strong>κατά</strong></span> <span class='ocrx_word' id='word_1_541' title='bbox 2774 3131 2868 3177; x_wconf 89' lang='grc' dir='ltr'><strong>τοῦ</strong></span> <span class='ocrx_word' id='word_1_542' title='bbox 2930 3121 3206 3200; x_wconf 83' lang='grc' dir='ltr'>ἀνθρώπου</span> <span class='ocrx_word' id='word_1_543' title='bbox 3251 3128 3652 3200; x_wconf 74' lang='grc' dir='ltr'>μεμηχάνηται,</span> <span class='ocrx_word' id='word_1_544' title='bbox 3732 3125 3899 3184; x_wconf 69' lang='grc' dir='ltr'>ούδὶν</span> 
     </span>
    </p>
   </div>
   <div class='ocr_carea' id='block_1_78' title="bbox 2279 3211 3888 3292">
    <p class='ocr_par' dir='ltr' id='par_1_78' title="bbox 2279 3211 3888 3292">
     <span class='ocr_line' id='line_1_78' title="bbox 2279 3211 3888 3292; baseline 0.004 -28"><span class='ocrx_word' id='word_1_545' title='bbox 2279 3218 2528 3266; x_wconf 85' lang='grc' dir='ltr'>τοσοῦτον</span> <span class='ocrx_word' id='word_1_546' title='bbox 2584 3211 2773 3266; x_wconf 71' lang='grc' dir='ltr'>ἐκεῖνον</span> <span class='ocrx_word' id='word_1_547' title='bbox 2817 3212 3117 3287; x_wconf 77' lang='grc' dir='ltr'>ζημιώσας,</span> <span class='ocrx_word' id='word_1_548' title='bbox 3166 3215 3221 3267; x_wconf 87' lang='grc' dir='ltr'>ὃν</span> <span class='ocrx_word' id='word_1_549' title='bbox 3278 3214 3495 3273; x_wconf 79' lang='grc' dir='ltr'>ἣλπισεν</span> <span class='ocrx_word' id='word_1_550' title='bbox 3523 3215 3888 3292; x_wconf 65' lang='grc' dir='ltr'>ἀπαλλοτριιὶμ</span> 
     </span>
    </p>
   </div>
   <div class='ocr_carea' id='block_1_79' title="bbox 2282 3302 3891 3381">
    <p class='ocr_par' dir='ltr' id='par_1_79' title="bbox 2282 3302 3891 3381">
     <span class='ocr_line' id='line_1_79' title="bbox 2282 3302 3891 3381; baseline 0.004 -27"><span class='ocrx_word' id='word_1_551' title='bbox 2282 3320 2391 3354; x_wconf 91' lang='grc' dir='ltr'>σειν</span> <span class='ocrx_word' id='word_1_552' title='bbox 2448 3307 2574 3356; x_wconf 85' lang='grc' dir='ltr'>Θεοῦ</span> <span class='ocrx_word' id='word_1_553' title='bbox 2618 3307 2709 3355; x_wconf 79' lang='grc' dir='ltr'>καὶ</span> <span class='ocrx_word' id='word_1_554' title='bbox 2757 3302 2900 3365; x_wconf 79' lang='grc' dir='ltr'><strong>ζωῆς</strong></span> <span class='ocrx_word' id='word_1_555' title='bbox 2954 3302 3187 3371; x_wconf 80' lang='grc' dir='ltr'>αἰωνίου,</span> <span class='ocrx_word' id='word_1_556' title='bbox 3248 3305 3369 3358; x_wconf 85' lang='grc' dir='ltr'>ὅσον</span> <span class='ocrx_word' id='word_1_557' title='bbox 3418 3305 3598 3359; x_wconf 85' lang='grc' dir='ltr'>ἑαυτὸν</span> <span class='ocrx_word' id='word_1_558' title='bbox 3628 3303 3891 3381; x_wconf 81' lang='grc' dir='ltr'>προδοὺς,</span> 
     </span>
    </p>
   </div>
   <div class='ocr_carea' id='block_1_80' title="bbox 2279 3389 3895 3467">
    <p class='ocr_par' dir='ltr' id='par_1_80' title="bbox 2279 3389 3895 3467">
     <span class='ocr_line' id='line_1_80' title="bbox 2279 3389 3895 3467; baseline 0.003 -23"><span class='ocrx_word' id='word_1_559' title='bbox 2279 3389 2582 3454; x_wconf 74' lang='grc' dir='ltr'>ἀποστάτης</span> <span class='ocrx_word' id='word_1_560' title='bbox 2629 3399 2764 3445; x_wconf 86' lang='grc' dir='ltr'>Θεοῦ</span> <span class='ocrx_word' id='word_1_561' title='bbox 2826 3396 3063 3464; x_wconf 73' lang='grc' dir='ltr'>γεγονὼς,</span> <span class='ocrx_word' id='word_1_562' title='bbox 3110 3396 3201 3446; x_wconf 80' lang='grc' dir='ltr'>καὶ</span> <span class='ocrx_word' id='word_1_563' title='bbox 3227 3394 3431 3467; x_wconf 82' lang='grc' dir='ltr'>Θανάτῳ</span> <span class='ocrx_word' id='word_1_564' title='bbox 3468 3390 3895 3462; x_wconf 75' lang='grc' dir='ltr'>καταδικασθεὶς</span> 
     </span>
    </p>
   </div>
   <div class='ocr_carea' id='block_1_81' title="bbox 2279 3481 3894 3557">
    <p class='ocr_par' dir='ltr' id='par_1_81' title="bbox 2279 3481 3894 3557">
     <span class='ocr_line' id='line_1_81' title="bbox 2279 3481 3894 3557; baseline 0.002 -23"><span class='ocrx_word' id='word_1_565' title='bbox 2279 3481 2492 3554; x_wconf 81' lang='grc' dir='ltr'>αἰωνίῳ.</span> <span class='ocrx_word' id='word_1_566' title='bbox 2541 3485 2642 3535; x_wconf 79' lang='grc' dir='ltr'><strong>Καὶ</strong></span> <span class='ocrx_word' id='word_1_567' title='bbox 2689 3485 2783 3541; x_wconf 80' lang='grc' dir='ltr'>τὴν</span> <span class='ocrx_word' id='word_1_568' title='bbox 2829 3482 2965 3535; x_wconf 87' lang='grc' dir='ltr'><strong>κατά</strong></span> <span class='ocrx_word' id='word_1_569' title='bbox 3001 3489 3094 3536; x_wconf 89' lang='grc' dir='ltr'><strong>τοῦ</strong></span> <span class='ocrx_word' id='word_1_570' title='bbox 3147 3485 3344 3556; x_wconf 83' lang='grc' dir='ltr'>Κυριόυ</span> <span class='ocrx_word' id='word_1_571' title='bbox 3398 3487 3598 3545; x_wconf 70' lang='grc' dir='ltr'>στήσας</span> <span class='ocrx_word' id='word_1_572' title='bbox 3654 3481 3894 3557; x_wconf 65' lang='grc' dir='ltr'>παγίδα,</span> 
     </span>
    </p>
   </div>
   <div class='ocr_carea' id='block_1_82' title="bbox 2280 3568 3895 3649">
    <p class='ocr_par' dir='ltr' id='par_1_82' title="bbox 2280 3568 3895 3649">
     <span class='ocr_line' id='line_1_82' title="bbox 2280 3568 3895 3649; baseline 0.001 -23"><span class='ocrx_word' id='word_1_573' title='bbox 2280 3568 2377 3626; x_wconf 80' lang='grc' dir='ltr'>διὰ</span> <span class='ocrx_word' id='word_1_574' title='bbox 2425 3573 2623 3633; x_wconf 87' lang='grc' dir='ltr'>ταύτης</span> <span class='ocrx_word' id='word_1_575' title='bbox 2670 3569 2819 3638; x_wconf 78' lang='grc' dir='ltr'>ἑάλω,</span> <span class='ocrx_word' id='word_1_576' title='bbox 2878 3571 3199 3647; x_wconf 79' lang='grc' dir='ltr'>σταυρωθεὶς</span> <span class='ocrx_word' id='word_1_577' title='bbox 3226 3569 3275 3624; x_wconf 77' lang='grc' dir='ltr'>ἓν</span> <span class='ocrx_word' id='word_1_578' title='bbox 3301 3572 3342 3643; x_wconf 80' lang='grc' dir='ltr'><strong><em>ᾧ</em></strong></span> <span class='ocrx_word' id='word_1_579' title='bbox 3369 3579 3694 3648; x_wconf 82' lang='grc' dir='ltr'>σταυρώσειν</span> <span class='ocrx_word' id='word_1_580' title='bbox 3718 3593 3895 3649; x_wconf 87' lang='grc' dir='ltr'>προσ-</span> 
     </span>
    </p>
   </div>
   <div class='ocr_carea' id='block_1_83' title="bbox 2277 3658 3893 3737">
    <p class='ocr_par' dir='ltr' id='par_1_83' title="bbox 2277 3658 3893 3737">
     <span class='ocr_line' id='line_1_83' title="bbox 2277 3658 3893 3737; baseline 0.003 -23"><span class='ocrx_word' id='word_1_581' title='bbox 2277 3658 2525 3729; x_wconf 75' lang='grc' dir='ltr'>εδόκησε,</span> <span class='ocrx_word' id='word_1_582' title='bbox 2576 3664 2668 3713; x_wconf 81' lang='grc' dir='ltr'><strong>καὶ</strong></span> <span class='ocrx_word' id='word_1_583' title='bbox 2733 3658 3004 3713; x_wconf 83' lang='grc' dir='ltr'>ἀποθανὼν</span> <span class='ocrx_word' id='word_1_584' title='bbox 3054 3658 3104 3713; x_wconf 71' lang='grc' dir='ltr'>ἓν</span> <span class='ocrx_word' id='word_1_585' title='bbox 3171 3660 3212 3731; x_wconf 80' lang='grc' dir='ltr'><strong><em>ᾧ</em></strong></span> <span class='ocrx_word' id='word_1_586' title='bbox 3270 3665 3359 3714; x_wconf 88' lang='grc' dir='ltr'><strong>τόν</strong></span> <span class='ocrx_word' id='word_1_587' title='bbox 3417 3664 3606 3737; x_wconf 77' lang='grc' dir='ltr'>Κύριον</span> <span class='ocrx_word' id='word_1_588' title='bbox 3663 3663 3893 3722; x_wconf 82' lang='grc' dir='ltr'>ἤλπισεν</span> 
     </span>
    </p>
   </div>
   <div class='ocr_carea' id='block_1_84' title="bbox 2278 3746 3891 3826">
    <p class='ocr_par' dir='ltr' id='par_1_84' title="bbox 2278 3746 3891 3826">
     <span class='ocr_line' id='line_1_84' title="bbox 2278 3746 3891 3826; baseline 0.001 -22"><span class='ocrx_word' id='word_1_589' title='bbox 2278 3749 2580 3824; x_wconf 77' lang='grc' dir='ltr'>ἀναιρήσειν</span> <span class='ocrx_word' id='word_1_590' title='bbox 2625 3751 2848 3822; x_wconf 82' lang='grc' dir='ltr'>θανάτῳ.</span> <span class='ocrx_word' id='word_1_591' title='bbox 2904 3749 2966 3803; x_wconf 81' lang='grc' dir='ltr'>Εἰ</span> <span class='ocrx_word' id='word_1_592' title='bbox 3012 3746 3072 3803; x_wconf 61' lang='grc' dir='ltr'><strong>ὃὸ</strong></span> <span class='ocrx_word' id='word_1_593' title='bbox 3127 3750 3154 3803; x_wconf 87' lang='grc' dir='ltr'><strong><em>ὁ</em></strong></span> <span class='ocrx_word' id='word_1_594' title='bbox 3195 3757 3289 3804; x_wconf 85' lang='grc' dir='ltr'><strong>τοῦ</strong></span> <span class='ocrx_word' id='word_1_595' title='bbox 3344 3754 3541 3825; x_wconf 89' lang='grc' dir='ltr'>κόσμον</span> <span class='ocrx_word' id='word_1_596' title='bbox 3593 3753 3803 3826; x_wconf 81' lang='grc' dir='ltr'>ἄρχων,</span> <span class='ocrx_word' id='word_1_597' title='bbox 3860 3755 3891 3807; x_wconf 84' lang='grc' dir='ltr'><strong>ὁ</strong></span> 
     </span>
    </p>
   </div>
   <div class='ocr_carea' id='block_1_85' title="bbox 2273 3836 3895 3916">
    <p class='ocr_par' dir='ltr' id='par_1_85' title="bbox 2273 3836 3895 3916">
     <span class='ocr_line' id='line_1_85' title="bbox 2273 3836 3895 3916; baseline 0.001 -22"><span class='ocrx_word' id='word_1_598' title='bbox 2273 3849 2481 3916; x_wconf 81' lang='grc' dir='ltr'>πρῶτος</span> <span class='ocrx_word' id='word_1_599' title='bbox 2526 3844 2615 3893; x_wconf 85' lang='grc' dir='ltr'>καὶ</span> <span class='ocrx_word' id='word_1_600' title='bbox 2648 3842 2899 3913; x_wconf 71' lang='grc' dir='ltr'>μέγιστος</span> <span class='ocrx_word' id='word_1_601' title='bbox 2952 3842 3044 3892; x_wconf 77' lang='grc' dir='ltr'><strong>καὶ</strong></span> <span class='ocrx_word' id='word_1_602' title='bbox 3081 3836 3305 3914; x_wconf 88' lang='grc' dir='ltr'>ἀόρατος</span> <span class='ocrx_word' id='word_1_603' title='bbox 3359 3850 3457 3904; x_wconf 75' lang='grc' dir='ltr'>τῆς</span> <span class='ocrx_word' id='word_1_604' title='bbox 3494 3849 3754 3914; x_wconf 79' lang='grc' dir='ltr'>κοσμικῆς</span> <span class='ocrx_word' id='word_1_605' title='bbox 3795 3859 3895 3896; x_wconf 87' lang='grc' dir='ltr'>σο·</span> 
     </span>
    </p>
   </div>
   <div class='ocr_carea' id='block_1_86' title="bbox 2275 3926 3891 4003">
    <p class='ocr_par' dir='ltr' id='par_1_86' title="bbox 2275 3926 3891 4003">
     <span class='ocr_line' id='line_1_86' title="bbox 2275 3926 3891 4003; baseline 0.001 -20"><span class='ocrx_word' id='word_1_606' title='bbox 2275 3933 2399 4003; x_wconf 86' lang='grc' dir='ltr'>φίας</span> <span class='ocrx_word' id='word_1_607' title='bbox 2430 3933 2706 4002; x_wconf 73' lang='grc' dir='ltr'>σοφιστής,</span> <span class='ocrx_word' id='word_1_608' title='bbox 2737 3926 3005 3981; x_wconf 83' lang='grc' dir='ltr'>ἀλίϐκεται</span> <span class='ocrx_word' id='word_1_609' title='bbox 3040 3935 3146 3990; x_wconf 84' lang='grc' dir='ltr'>τοῖς</span> <span class='ocrx_word' id='word_1_610' title='bbox 3169 3926 3355 3982; x_wconf 74' lang='grc' dir='ltr'>εαυτοῦ</span> <span class='ocrx_word' id='word_1_611' title='bbox 3405 3934 3753 4003; x_wconf 68' lang='grc' dir='ltr'>σοφίσμασιν,</span> <span class='ocrx_word' id='word_1_612' title='bbox 3808 3932 3891 3995; x_wconf 85' lang='grc' dir='ltr'><strong>εἰς</strong></span> 
     </span>
    </p>
   </div>
   <div class='ocr_carea' id='block_1_87' title="bbox 2272 4014 3887 4092">
    <p class='ocr_par' dir='ltr' id='par_1_87' title="bbox 2272 4014 3887 4092">
     <span class='ocr_line' id='line_1_87' title="bbox 2272 4014 3887 4092; baseline 0.011 -26"><span class='ocrx_word' id='word_1_613' title='bbox 2272 4021 2369 4077; x_wconf 71' lang='grc' dir='ltr'>τὴν</span> <span class='ocrx_word' id='word_1_614' title='bbox 2417 4016 2656 4089; x_wconf 72' lang='grc' dir='ltr'>ἐσχάτην</span> <span class='ocrx_word' id='word_1_615' title='bbox 2707 4017 3110 4092; x_wconf 83' lang='grc' dir='ltr'>περιιστάμενος</span> <span class='ocrx_word' id='word_1_616' title='bbox 3157 4014 3474 4092; x_wconf 75' lang='grc' dir='ltr'>ἀφροσύνην,</span> <span class='ocrx_word' id='word_1_617' title='bbox 3519 4017 3691 4090; x_wconf 83' lang='grc' dir='ltr'>πολλῷ</span> <span class='ocrx_word' id='word_1_618' title='bbox 3742 4019 3887 4092; x_wconf 72' lang='grc' dir='ltr'>μάλ-</span> 
     </span>
    </p>
   </div>
   <div class='ocr_carea' id='block_1_88' title="bbox 2272 4096 3891 4182">
    <p class='ocr_par' dir='ltr' id='par_1_88' title="bbox 2272 4096 3891 4182">
     <span class='ocr_line' id='line_1_88' title="bbox 2272 4096 3891 4182; baseline 0.002 -23"><span class='ocrx_word' id='word_1_619' title='bbox 2272 4105 2358 4159; x_wconf 89' lang='grc' dir='ltr'><strong>λον</strong></span> <span class='ocrx_word' id='word_1_620' title='bbox 2410 4108 2460 4159; x_wconf 85' lang='grc' dir='ltr'>οἱ</span> <span class='ocrx_word' id='word_1_621' title='bbox 2506 4104 2699 4159; x_wconf 76' lang='grc' dir='ltr'>ἇκείνου</span> <span class='ocrx_word' id='word_1_622' title='bbox 2751 4108 2991 4179; x_wconf 83' lang='grc' dir='ltr'>μαθηταὶ</span> <span class='ocrx_word' id='word_1_623' title='bbox 3032 4108 3123 4158; x_wconf 80' lang='grc' dir='ltr'>καὶ</span> <span class='ocrx_word' id='word_1_624' title='bbox 3162 4104 3415 4176; x_wconf 79' lang='grc' dir='ltr'>ζηλωταὶ,</span> <span class='ocrx_word' id='word_1_625' title='bbox 3470 4096 3566 4159; x_wconf 73' lang='grc' dir='ltr'><strong>κάν</strong></span> <span class='ocrx_word' id='word_1_626' title='bbox 3602 4127 3770 4182; x_wconf 87' lang='grc' dir='ltr'>μυρια</span> <span class='ocrx_word' id='word_1_627' title='bbox 3797 4128 3891 4164; x_wconf 80' lang='grc' dir='ltr'>σο-</span> 
     </span>
    </p>
   </div>
   <div class='ocr_carea' id='block_1_89' title="bbox 2272 4190 3882 4268">
    <p class='ocr_par' dir='ltr' id='par_1_89' title="bbox 2272 4190 3882 4268">
     <span class='ocr_line' id='line_1_89' title="bbox 2272 4190 3882 4268; baseline 0.001 -20"><span class='ocrx_word' id='word_1_628' title='bbox 2272 4200 2562 4268; x_wconf 90' lang='grc' dir='ltr'>φίσωνται,</span> <span class='ocrx_word' id='word_1_629' title='bbox 2627 4194 2916 4258; x_wconf 73' lang='grc' dir='ltr'>Φάσκοντες</span> <span class='ocrx_word' id='word_1_630' title='bbox 2986 4190 3118 4248; x_wconf 83' lang='grc' dir='ltr'>εἶναι</span> <span class='ocrx_word' id='word_1_631' title='bbox 3190 4198 3370 4267; x_wconf 81' lang='grc' dir='ltr'>σοφοὶ,</span> <span class='ocrx_word' id='word_1_632' title='bbox 3456 4193 3882 4268; x_wconf 77' lang='grc' dir='ltr'>ἐμωράνθησαν.</span> 
     </span>
    </p>
   </div>
   <div class='ocr_carea' id='block_1_90' title="bbox 494 4281 2176 4366">
    <p class='ocr_par' dir='ltr' id='par_1_90' title="bbox 494 4285 2164 4355">
     <span class='ocr_line' id='line_1_90' title="bbox 494 4285 2164 4355; baseline -0.002 -10"><span class='ocrx_word' id='word_1_633' title='bbox 494 4288 714 4345; x_wconf 91' lang='lat' dir='ltr'><strong>mentis</strong></span> <span class='ocrx_word' id='word_1_634' title='bbox 767 4291 1031 4354; x_wconf 88' lang='lat' dir='ltr'><strong>utantur,</strong></span> <span class='ocrx_word' id='word_1_635' title='bbox 1076 4287 1354 4343; x_wconf 75' lang='lat' dir='ltr'><strong>Dic-entes</strong></span> <span class='ocrx_word' id='word_1_636' title='bbox 1406 4299 1469 4341; x_wconf 88' lang='lat' dir='ltr'><strong>se</strong></span> <span class='ocrx_word' id='word_1_637' title='bbox 1495 4299 1618 4341; x_wconf 85' lang='lat' dir='ltr'><strong>esse</strong></span> <span class='ocrx_word' id='word_1_638' title='bbox 1635 4285 1954 4355; x_wconf 80' lang='lat' dir='ltr'><strong>sapientes,</strong></span> <span class='ocrx_word' id='word_1_639' title='bbox 1984 4286 2164 4343; x_wconf 86' lang='lat' dir='ltr'><strong>stulti</strong></span> 
     </span>
    </p>
   </div>
   <div class='ocr_carea' id='block_1_91' title="bbox 2290 4281 3890 4366">
    <p class='ocr_par' dir='ltr' id='par_1_91' title="bbox 2290 4281 3890 4359">
     <span class='ocr_line' id='line_1_91' title="bbox 2290 4281 3890 4359; baseline 0.001 -21"><span class='ocrx_word' id='word_1_640' title='bbox 2290 4284 2695 4357; x_wconf 58' lang='grc' dir='ltr'>Κατασοφίζεται</span> <span class='ocrx_word' id='word_1_641' title='bbox 2737 4287 2923 4358; x_wconf 73' lang='grc' dir='ltr'>Φαραὼ</span> <span class='ocrx_word' id='word_1_642' title='bbox 2977 4284 3092 4356; x_wconf 81' lang='grc'><strong>(59)</strong></span> <span class='ocrx_word' id='word_1_643' title='bbox 3138 4281 3217 4335; x_wconf 69' lang='grc' dir='ltr'><strong>ἐπ’</strong></span> <span class='ocrx_word' id='word_1_644' title='bbox 3275 4283 3466 4359; x_wconf 76' lang='grc' dir='ltr'>ὀλέθρῳ</span> <span class='ocrx_word' id='word_1_645' title='bbox 3495 4282 3731 4358; x_wconf 75' lang='grc' dir='ltr'>Ἰσραὴλ-</span> <span class='ocrx_word' id='word_1_646' title='bbox 3767 4285 3890 4339; x_wconf 81' lang='grc' dir='ltr'>ἀλλ’</span> 
     </span>
    </p>
   </div>
   <div class='ocr_carea' id='block_1_92' title="bbox 489 4373 2160 4447">
    <p class='ocr_par' dir='ltr' id='par_1_92' title="bbox 489 4373 2160 4447">
     <span class='ocr_line' id='line_1_92' title="bbox 489 4373 2160 4447; baseline 0 -14"><span class='ocrx_word' id='word_1_647' title='bbox 489 4378 650 4447; x_wconf 83' lang='lat' dir='ltr'><strong>facti</strong></span> <span class='ocrx_word' id='word_1_648' title='bbox 676 4383 818 4433; x_wconf 84' lang='lat' dir='ltr'><strong>sunt</strong></span> <span class='ocrx_word' id='word_1_649' title='bbox 839 4378 908 4432; x_wconf 81' lang='grc'><strong>³⁸.</strong></span> <span class='ocrx_word' id='word_1_650' title='bbox 933 4375 1190 4432; x_wconf 82' lang='lat' dir='ltr'><strong>Adhibet</strong></span> <span class='ocrx_word' id='word_1_651' title='bbox 1217 4379 1376 4432; x_wconf 82' lang='lat' dir='ltr'><strong>artes</strong></span> <span class='ocrx_word' id='word_1_652' title='bbox 1406 4373 1603 4430; x_wconf 87' lang='lat' dir='ltr'><strong>malas</strong></span> <span class='ocrx_word' id='word_1_653' title='bbox 1632 4373 1864 4431; x_wconf 84' lang='lat' dir='ltr'><strong>Pharao</strong></span> <span class='ocrx_word' id='word_1_654' title='bbox 1884 4375 1965 4432; x_wconf 86' lang='lat' dir='ltr'><strong>ad</strong></span> <span class='ocrx_word' id='word_1_655' title='bbox 1979 4379 2160 4433; x_wconf 85' lang='lat' dir='ltr'><strong>Israe—</strong></span> 
     </span>
    </p>
   </div>
   <div class='ocr_carea' id='block_1_93' title="bbox 489 4464 2155 4539">
    <p class='ocr_par' dir='ltr' id='par_1_93' title="bbox 489 4464 2155 4539">
     <span class='ocr_line' id='line_1_93' title="bbox 489 4464 2155 4539; baseline -0.001 -15"><span class='ocrx_word' id='word_1_656' title='bbox 489 4467 611 4524; x_wconf 88' lang='lat' dir='ltr'><strong>lem</strong></span> <span class='ocrx_word' id='word_1_657' title='bbox 641 4466 1253 4539; x_wconf 79' lang='lat' dir='ltr'><strong>disperdendumzsed</strong></span> <span class='ocrx_word' id='word_1_658' title='bbox 1279 4481 1404 4522; x_wconf 92' lang='lat' dir='ltr'><strong>non</strong></span> <span class='ocrx_word' id='word_1_659' title='bbox 1426 4464 1857 4522; x_wconf 86' lang='lat' dir='ltr'><strong>animadvertit</strong></span> <span class='ocrx_word' id='word_1_660' title='bbox 1906 4466 2049 4523; x_wconf 89' lang='lat' dir='ltr'><strong>inde</strong></span> <span class='ocrx_word' id='word_1_661' title='bbox 2080 4467 2155 4523; x_wconf 90' lang='lat' dir='ltr'><strong>ir-</strong></span> 
     </span>
    </p>
   </div>
   <div class='ocr_carea' id='block_1_94' title="bbox 486 4554 2154 4627">
    <p class='ocr_par' dir='ltr' id='par_1_94' title="bbox 486 4554 2154 4627">
     <span class='ocr_line' id='line_1_94' title="bbox 486 4554 2154 4627; baseline 0.001 -14"><span class='ocrx_word' id='word_1_662' title='bbox 486 4555 668 4613; x_wconf 85' lang='lat' dir='ltr'><strong>ritam</strong></span> <span class='ocrx_word' id='word_1_663' title='bbox 697 4555 824 4612; x_wconf 88' lang='lat' dir='ltr'><strong>fore</strong></span> <span class='ocrx_word' id='word_1_664' title='bbox 847 4572 1023 4612; x_wconf 89' lang='lat' dir='ltr'><strong>suam</strong></span> <span class='ocrx_word' id='word_1_665' title='bbox 1055 4555 1363 4622; x_wconf 87' lang='lat' dir='ltr'><strong>astutiam,</strong></span> <span class='ocrx_word' id='word_1_666' title='bbox 1398 4554 1562 4611; x_wconf 92' lang='lat' dir='ltr'><strong>unde</strong></span> <span class='ocrx_word' id='word_1_667' title='bbox 1607 4554 1757 4611; x_wconf 90' lang='lat' dir='ltr'><strong>nihil</strong></span> <span class='ocrx_word' id='word_1_668' title='bbox 1797 4555 2154 4627; x_wconf 87' lang='lat' dir='ltr'><strong>hujusmodi</strong></span> 
     </span>
    </p>
   </div>
   <div class='ocr_carea' id='block_1_95' title="bbox 489 4644 2152 4720">
    <p class='ocr_par' dir='ltr' id='par_1_95' title="bbox 489 4644 2152 4720">
     <span class='ocr_line' id='line_1_95' title="bbox 489 4644 2152 4720; baseline 0 -17"><span class='ocrx_word' id='word_1_669' title='bbox 489 4645 869 4720; x_wconf 88' lang='lat' dir='ltr'><strong>expectabat.</strong></span> <span class='ocrx_word' id='word_1_670' title='bbox 903 4648 970 4702; x_wconf 85' lang='lat' dir='ltr'><strong>Et</strong></span> <span class='ocrx_word' id='word_1_671' title='bbox 990 4644 1191 4701; x_wconf 85' lang='lat' dir='ltr'><strong>infans</strong></span> <span class='ocrx_word' id='word_1_672' title='bbox 1214 4645 1347 4716; x_wconf 90' lang='lat' dir='ltr'><strong>ejus</strong></span> <span class='ocrx_word' id='word_1_673' title='bbox 1361 4644 1542 4716; x_wconf 90' lang='lat' dir='ltr'><strong>jussu</strong></span> <span class='ocrx_word' id='word_1_674' title='bbox 1566 4644 1646 4701; x_wconf 89' lang='lat' dir='ltr'><strong>ad</strong></span> <span class='ocrx_word' id='word_1_675' title='bbox 1674 4648 1929 4701; x_wconf 90' lang='lat' dir='ltr'><strong>mortem</strong></span> <span class='ocrx_word' id='word_1_676' title='bbox 1960 4661 2152 4717; x_wconf 86' lang='lat' dir='ltr'><strong>expo-</strong></span> 
     </span>
    </p>
   </div>
   <div class='ocr_carea' id='block_1_96' title="bbox 486 4732 2150 4808">
    <p class='ocr_par' dir='ltr' id='par_1_96' title="bbox 486 4732 2150 4808">
     <span class='ocr_line' id='line_1_96' title="bbox 486 4732 2150 4808; baseline -0.002 -14"><span class='ocrx_word' id='word_1_677' title='bbox 486 4736 658 4808; x_wconf 77' lang='lat' dir='ltr'><strong>situs,</strong></span> <span class='ocrx_word' id='word_1_678' title='bbox 688 4733 848 4793; x_wconf 86' lang='lat' dir='ltr'><strong>clam</strong></span> <span class='ocrx_word' id='word_1_679' title='bbox 868 4734 933 4792; x_wconf 92' lang='lat' dir='ltr'><strong>in</strong></span> <span class='ocrx_word' id='word_1_680' title='bbox 953 4733 1140 4791; x_wconf 91' lang='lat' dir='ltr'><strong>domo</strong></span> <span class='ocrx_word' id='word_1_681' title='bbox 1164 4732 1333 4805; x_wconf 84' lang='lat' dir='ltr'><strong>regia</strong></span> <span class='ocrx_word' id='word_1_682' title='bbox 1358 4733 1621 4791; x_wconf 89' lang='lat' dir='ltr'><strong>nutritur</strong></span> <span class='ocrx_word' id='word_1_683' title='bbox 1647 4734 1696 4770; x_wconf 72' lang='grc'>⁸⁸</span> <span class='ocrx_word' id='word_1_684' title='bbox 1720 4748 1736 4788; x_wconf 90' lang='lat'><strong>:</strong></span> <span class='ocrx_word' id='word_1_685' title='bbox 1760 4732 1867 4808; x_wconf 89' lang='lat' dir='ltr'><strong>qui</strong></span> <span class='ocrx_word' id='word_1_686' title='bbox 1907 4738 1968 4791; x_wconf 89' lang='lat' dir='ltr'><strong>et</strong></span> <span class='ocrx_word' id='word_1_687' title='bbox 1989 4733 2150 4792; x_wconf 87' lang='lat' dir='ltr'><strong>illius</strong></span> 
     </span>
    </p>
   </div>
   <div class='ocr_carea' id='block_1_97' title="bbox 556 4929 1803 5042">
    <p class='ocr_par' dir='ltr' id='par_1_97' title="bbox 556 4929 1803 5042">
     <span class='ocr_line' id='line_1_97' title="bbox 556 4929 1803 5042; baseline -0.002 -51"><span class='ocrx_word' id='word_1_688' title='bbox 556 4932 606 4972; x_wconf 72' lang='lat'><strong>&quot;</strong></span> <span class='ocrx_word' id='word_1_689' title='bbox 636 4933 712 4991; x_wconf 84' lang='lat' dir='ltr'><strong>Ill</strong></span> <span class='ocrx_word' id='word_1_690' title='bbox 738 4935 879 5042; x_wconf 51' lang='lat' dir='ltr'><strong>Reg:</strong></span> <span class='ocrx_word' id='word_1_691' title='bbox 910 4945 1015 4998; x_wconf 84' lang='lat' dir='ltr'><strong>xu,</strong></span> <span class='ocrx_word' id='word_1_692' title='bbox 1043 4933 1100 5002; x_wconf 68' lang='grc'>4,</span> <span class='ocrx_word' id='word_1_693' title='bbox 1132 4932 1222 4989; x_wconf 61' lang='lat' dir='ltr'><strong>tt.</strong></span> <span class='ocrx_word' id='word_1_694' title='bbox 1304 4929 1354 4967; x_wconf 81' lang='grc'><strong>⁸³</strong></span> <span class='ocrx_word' id='word_1_695' title='bbox 1380 4929 1493 4988; x_wconf 88' lang='lat' dir='ltr'><strong>lsa.</strong></span> <span class='ocrx_word' id='word_1_696' title='bbox 1519 4946 1608 4999; x_wconf 82' lang='lat' dir='ltr'><strong>xL,</strong></span> <span class='ocrx_word' id='word_1_697' title='bbox 1651 4934 1706 4999; x_wconf 91' lang='lat'><strong>6,</strong></span> <span class='ocrx_word' id='word_1_698' title='bbox 1745 4935 1803 4988; x_wconf 89' lang='lat'><strong>7.</strong></span> 
     </span>
     <span class='ocr_line' id='line_1_98' title="bbox 558 5002 1794 5042; baseline 0 0"><span class='ocrx_word' id='word_1_699' title='bbox 558 5010 727 5042; x_wconf 72' lang='grc' dir='ltr'>καηη</span> <span class='ocrx_word' id='word_1_700' title='bbox 854 5020 866 5042; x_wconf 78' lang='grc' dir='ltr'><strong>ε</strong></span> <span class='ocrx_word' id='word_1_701' title='bbox 911 5004 1107 5042; x_wconf 63' lang='lat' dir='ltr'><strong>&quot;non</strong></span> <span class='ocrx_word' id='word_1_702' title='bbox 1159 5018 1259 5042; x_wconf 72' lang='grc' dir='ltr'>τευ</span> <span class='ocrx_word' id='word_1_703' title='bbox 1310 5005 1382 5042; x_wconf 68' lang='grc' dir='ltr'>θα</span> <span class='ocrx_word' id='word_1_704' title='bbox 1480 5002 1528 5039; x_wconf 75' lang='grc'><strong>88</strong></span> <span class='ocrx_word' id='word_1_705' title='bbox 1570 5005 1716 5042; x_wconf 74' lang='lat' dir='ltr'><strong>an</strong></span> <span class='ocrx_word' id='word_1_706' title='bbox 1777 5016 1794 5042; x_wconf 78' lang='grc' dir='ltr'><strong>ι</strong></span> 
     </span>
    </p>
   </div>
   <div class='ocr_carea' id='block_1_98' title="bbox 482 5010 749 5082">
    <p class='ocr_par' dir='ltr' id='par_1_98' title="bbox 482 5010 749 5082">
     <span class='ocr_line' id='line_1_99' title="bbox 482 5010 749 5082; baseline 0.011 -20"><span class='ocrx_word' id='word_1_707' title='bbox 482 5022 527 5077; x_wconf 85' lang='grc' dir='ltr'><strong>ι,</strong></span> <span class='ocrx_word' id='word_1_708' title='bbox 557 5010 590 5065; x_wconf 80' lang='lat'><strong>5</strong></span> <span class='ocrx_word' id='word_1_709' title='bbox 612 5022 749 5082; x_wconf 88' lang='lat' dir='ltr'><strong>sqq.</strong></span> 
     </span>
    </p>
   </div>
   <div class='ocr_carea' id='block_1_99' title="bbox 910 4932 1222 5002">
    <p class='ocr_par' dir='ltr' id='par_1_99' title="bbox 910 4932 1222 5002">
     <span class='ocr_line' id='line_1_100' title="bbox 910 4932 1222 5002; baseline -0.003 -13"><span class='ocrx_word' id='word_1_710' title='bbox 910 4945 1015 4998; x_wconf 84' lang='lat' dir='ltr'><strong>xu,</strong></span> <span class='ocrx_word' id='word_1_711' title='bbox 1043 4933 1100 5002; x_wconf 68' lang='grc'>4,</span> <span class='ocrx_word' id='word_1_712' title='bbox 1132 4932 1222 4989; x_wconf 61' lang='lat' dir='ltr'><strong>tt.</strong></span> 
     </span>
    </p>
   </div>
   <div class='ocr_carea' id='block_1_100' title="bbox 478 5197 2131 5277">
    <p class='ocr_par' dir='ltr' id='par_1_100' title="bbox 478 5197 2131 5277">
     <span class='ocr_line' id='line_1_101' title="bbox 478 5197 2131 5277; baseline -0.001 -20"><span class='ocrx_word' id='word_1_713' title='bbox 478 5199 565 5257; x_wconf 73' lang='grc' dir='ltr'><strong>επὶ</strong></span> <span class='ocrx_word' id='word_1_714' title='bbox 592 5203 823 5277; x_wconf 68' lang='grc' dir='ltr'>νεφελῶν·</span> <span class='ocrx_word' id='word_1_715' title='bbox 859 5202 966 5261; x_wconf 91' lang='lat' dir='ltr'><strong>ubi</strong></span> <span class='ocrx_word' id='word_1_716' title='bbox 1017 5202 1157 5276; x_wconf 90' lang='lat' dir='ltr'><strong>post</strong></span> <span class='ocrx_word' id='word_1_717' title='bbox 1217 5198 1502 5277; x_wconf 85' lang='lat' dir='ltr'><strong>voculam</strong></span> <span class='ocrx_word' id='word_1_718' title='bbox 1560 5203 1655 5258; x_wconf 76' lang='grc' dir='ltr'>τὴν</span> <span class='ocrx_word' id='word_1_719' title='bbox 1714 5197 2131 5277; x_wconf 78' lang='lat' dir='ltr'><strong>supplendum</strong></span> 
     </span>
    </p>
   </div>
   <div class='ocr_carea' id='block_1_101' title="bbox 476 5271 2131 5349">
    <p class='ocr_par' dir='ltr' id='par_1_101' title="bbox 476 5271 2131 5349">
     <span class='ocr_line' id='line_1_102' title="bbox 476 5271 2131 5349; baseline 0.001 -21"><span class='ocrx_word' id='word_1_720' title='bbox 476 5277 567 5349; x_wconf 74' lang='lat' dir='ltr'><strong>est</strong></span> <span class='ocrx_word' id='word_1_721' title='bbox 589 5271 759 5349; x_wconf 75' lang='lat' dir='ltr'><strong>illud,</strong></span> <span class='ocrx_word' id='word_1_722' title='bbox 786 5274 982 5349; x_wconf 58' lang='grc' dir='ltr'>ἑαυτῶν</span> <span class='ocrx_word' id='word_1_723' title='bbox 1007 5271 1183 5349; x_wconf 70' lang='grc' dir='ltr'>φύσιν,</span> <span class='ocrx_word' id='word_1_724' title='bbox 1206 5287 1377 5330; x_wconf 84' lang='lat' dir='ltr'><strong>suam</strong></span> <span class='ocrx_word' id='word_1_725' title='bbox 1401 5272 1670 5343; x_wconf 81' lang='lat' dir='ltr'><strong>ipsorum</strong></span> <span class='ocrx_word' id='word_1_726' title='bbox 1699 5271 1990 5328; x_wconf 78' lang='lat' dir='ltr'><strong>naturam</strong></span> <span class='ocrx_word' id='word_1_727' title='bbox 2010 5271 2131 5329; x_wconf 78' lang='lat' dir='ltr'><strong>col-</strong></span> 
     </span>
    </p>
   </div>
   <div class='ocr_carea' id='block_1_102' title="bbox 478 5341 1253 5410">
    <p class='ocr_par' dir='ltr' id='par_1_102' title="bbox 478 5341 1253 5410">
     <span class='ocr_line' id='line_1_103' title="bbox 478 5341 1253 5410; baseline 0.004 -12"><span class='ocrx_word' id='word_1_728' title='bbox 478 5341 691 5410; x_wconf 75' lang='lat' dir='ltr'><strong>locari,</strong></span> <span class='ocrx_word' id='word_1_729' title='bbox 725 5341 833 5402; x_wconf 82' lang='lat' dir='ltr'><strong>seu</strong></span> <span class='ocrx_word' id='word_1_730' title='bbox 862 5341 1156 5403; x_wconf 80' lang='lat' dir='ltr'><strong>collocari</strong></span> <span class='ocrx_word' id='word_1_731' title='bbox 1172 5359 1253 5401; x_wconf 86' lang='lat' dir='ltr'><strong>se.</strong></span> 
     </span>
    </p>
   </div>
   <div class='ocr_carea' id='block_1_103' title="bbox 571 5412 2125 5501">
    <p class='ocr_par' dir='ltr' id='par_1_103' title="bbox 571 5412 2125 5501">
     <span class='ocr_line' id='line_1_104' title="bbox 571 5412 2125 5501; baseline -0.001 -30"><span class='ocrx_word' id='word_1_732' title='bbox 571 5416 957 5501; x_wconf 43' lang='lat' dir='ltr'><strong>68)..An’tiqui</strong></span> <span class='ocrx_word' id='word_1_733' title='bbox 1012 5415 1302 5501; x_wconf 68' lang='lat' dir='ltr'><strong>duolibri</strong></span> <span class='ocrx_word' id='word_1_734' title='bbox 1356 5412 2125 5501; x_wconf 40' lang='lat' dir='ltr'><strong>sai-{3.Qeestarticulusin</strong></span> 
     </span>
    </p>
   </div>
   <div class='ocr_carea' id='block_1_104' title="bbox 470 5484 2126 5633">
    <p class='ocr_par' dir='ltr' id='par_1_104' title="bbox 470 5484 2126 5633">
     <span class='ocr_line' id='line_1_105' title="bbox 470 5484 2123 5557; baseline 0.001 -16"><span class='ocrx_word' id='word_1_735' title='bbox 470 5484 755 5556; x_wconf 85' lang='lat' dir='ltr'><strong>vulgatis,</strong></span> <span class='ocrx_word' id='word_1_736' title='bbox 781 5484 1095 5556; x_wconf 62' lang='lat' dir='ltr'><strong>Sapientia</strong></span> <span class='ocrx_word' id='word_1_737' title='bbox 1124 5492 1180 5545; x_wconf 89' lang='lat' dir='ltr'><strong>et</strong></span> <span class='ocrx_word' id='word_1_738' title='bbox 1206 5488 1534 5557; x_wconf 82' lang='lat' dir='ltr'><strong>prudentia</strong></span> <span class='ocrx_word' id='word_1_739' title='bbox 1574 5486 1851 5544; x_wconf 84' lang='lat' dir='ltr'><strong>humana</strong></span> <span class='ocrx_word' id='word_1_740' title='bbox 1878 5484 2123 5543; x_wconf 88' lang='lat' dir='ltr'><strong>scilicet.</strong></span> 
     </span>
     <span class='ocr_line' id='line_1_106' title="bbox 543 5556 2126 5633; baseline 0.001 -19"><span class='ocrx_word' id='word_1_741' title='bbox 543 5557 659 5631; x_wconf 84' lang='lat'><strong>(58)</strong></span> <span class='ocrx_word' id='word_1_742' title='bbox 716 5557 820 5612; x_wconf 81' lang='grc' dir='ltr'><strong>Καὶ</strong></span> <span class='ocrx_word' id='word_1_743' title='bbox 871 5564 1023 5611; x_wconf 79' lang='grc' dir='ltr'>τοῦτο</span> <span class='ocrx_word' id='word_1_744' title='bbox 1080 5567 1321 5633; x_wconf 84' lang='grc' dir='ltr'>ματαῐον.</span> <span class='ocrx_word' id='word_1_745' title='bbox 1378 5558 1485 5615; x_wconf 86' lang='lat' dir='ltr'><strong>Ed.</strong></span> <span class='ocrx_word' id='word_1_746' title='bbox 1538 5558 1719 5616; x_wconf 85' lang='lat' dir='ltr'><strong>Paris.</strong></span> <span class='ocrx_word' id='word_1_747' title='bbox 1792 5560 1931 5616; x_wconf 69' lang='lat'><strong>{839</strong></span> <span class='ocrx_word' id='word_1_748' title='bbox 1980 5556 2126 5632; x_wconf 88' lang='lat' dir='ltr'><strong>legit</strong></span> 
     </span>
    </p>
   </div>
   <div class='ocr_carea' id='block_1_105' title="bbox 1880 4931 2803 5005">
    <p class='ocr_par' dir='ltr' id='par_1_105' title="bbox 1880 4931 2803 5005">
     <span class='ocr_line' id='line_1_107' title="bbox 1880 4931 2803 5005; baseline 0 -15"><span class='ocrx_word' id='word_1_749' title='bbox 1880 4931 1930 4970; x_wconf 73' lang='lat'>&quot;</span> <span class='ocrx_word' id='word_1_750' title='bbox 1968 4932 2115 5005; x_wconf 81' lang='lat' dir='ltr'><strong>Gen.</strong></span> <span class='ocrx_word' id='word_1_751' title='bbox 2154 4948 2237 5005; x_wconf 77' lang='lat' dir='ltr'><strong>vi,</strong></span> <span class='ocrx_word' id='word_1_752' title='bbox 2273 4934 2309 4990; x_wconf 74' lang='grc' dir='ltr'><strong>ε</strong></span> <span class='ocrx_word' id='word_1_753' title='bbox 2352 4949 2368 5004; x_wconf 91' lang='lat'><strong>;</strong></span> <span class='ocrx_word' id='word_1_754' title='bbox 2405 4932 2548 5005; x_wconf 87' lang='lat' dir='ltr'><strong>Sap.</strong></span> <span class='ocrx_word' id='word_1_755' title='bbox 2587 4946 2707 5004; x_wconf 77' lang='lat' dir='ltr'><strong>xiv,</strong></span> <span class='ocrx_word' id='word_1_756' title='bbox 2747 4932 2803 4990; x_wconf 88' lang='lat'><strong>6.</strong></span> 
     </span>
    </p>
   </div>
   <div class='ocr_carea' id='block_1_106' title="bbox 911 5002 2609 5079">
    <p class='ocr_par' dir='ltr' id='par_1_106' title="bbox 911 5002 2609 5079">
     <span class='ocr_line' id='line_1_108' title="bbox 911 5002 2609 5079; baseline 0 -19"><span class='ocrx_word' id='word_1_757' title='bbox 911 5004 957 5060; x_wconf 85' lang='lat' dir='ltr'><strong>It</strong></span> <span class='ocrx_word' id='word_1_758' title='bbox 978 5004 1125 5076; x_wconf 82' lang='lat' dir='ltr'><strong>Reg.</strong></span> <span class='ocrx_word' id='word_1_759' title='bbox 1159 5018 1281 5075; x_wconf 74' lang='lat' dir='ltr'><strong>xxv,</strong></span> <span class='ocrx_word' id='word_1_760' title='bbox 1310 5005 1404 5061; x_wconf 80' lang='lat'><strong>26.</strong></span> <span class='ocrx_word' id='word_1_761' title='bbox 1480 5002 1528 5039; x_wconf 81' lang='grc'>⁸⁸</span> <span class='ocrx_word' id='word_1_762' title='bbox 1568 5005 1747 5061; x_wconf 80' lang='lat' dir='ltr'><strong>Rom.</strong></span> <span class='ocrx_word' id='word_1_763' title='bbox 1775 5016 1819 5077; x_wconf 80' lang='grc' dir='ltr'><strong>ι,</strong></span> <span class='ocrx_word' id='word_1_764' title='bbox 1850 5006 1945 5063; x_wconf 78' lang='grc'><strong>22.</strong></span> <span class='ocrx_word' id='word_1_765' title='bbox 2019 5002 2227 5064; x_wconf 69' lang='lat' dir='ltr'><strong>&quot;iud.</strong></span> <span class='ocrx_word' id='word_1_766' title='bbox 2262 5002 2399 5078; x_wconf 45' lang='lat' dir='ltr'><strong>1x,&#39;t</strong></span> <span class='ocrx_word' id='word_1_767' title='bbox 2433 5002 2609 5079; x_wconf 80' lang='lat' dir='ltr'><strong>seqq.</strong></span> 
     </span>
    </p>
   </div>
   <div class='ocr_carea' id='block_1_107' title="bbox 2269 4369 3890 4449">
    <p class='ocr_par' dir='ltr' id='par_1_107' title="bbox 2269 4369 3890 4449">
     <span class='ocr_line' id='line_1_109' title="bbox 2269 4369 3890 4449; baseline -0.004 -20"><span class='ocrx_word' id='word_1_768' title='bbox 2269 4375 2442 4429; x_wconf 70' lang='grc' dir='ltr'>ἔλαθεν</span> <span class='ocrx_word' id='word_1_769' title='bbox 2472 4376 2499 4426; x_wconf 89' lang='grc' dir='ltr'><strong>ό</strong></span> <span class='ocrx_word' id='word_1_770' title='bbox 2528 4374 2929 4447; x_wconf 80' lang='grc' dir='ltr'>κατασοφισμός</span> <span class='ocrx_word' id='word_1_771' title='bbox 2960 4372 3099 4443; x_wconf 85' lang='grc' dir='ltr'>αύτῷ</span> <span class='ocrx_word' id='word_1_772' title='bbox 3154 4369 3441 4439; x_wconf 78' lang='grc' dir='ltr'>διαλυθεὶς,</span> <span class='ocrx_word' id='word_1_773' title='bbox 3470 4372 3582 4427; x_wconf 80' lang='grc' dir='ltr'>ὅθεν</span> <span class='ocrx_word' id='word_1_774' title='bbox 3612 4374 3671 4428; x_wconf 78' lang='grc' dir='ltr'><strong>ού</strong></span> <span class='ocrx_word' id='word_1_775' title='bbox 3694 4396 3890 4449; x_wconf 79' lang='grc' dir='ltr'>προσ.</span> 
     </span>
    </p>
   </div>
   <div class='ocr_carea' id='block_1_108' title="bbox 2268 4458 3883 4538">
    <p class='ocr_par' dir='ltr' id='par_1_108' title="bbox 2268 4458 3883 4538">
     <span class='ocr_line' id='line_1_110' title="bbox 2268 4458 3883 4538; baseline 0 -18"><span class='ocrx_word' id='word_1_776' title='bbox 2268 4462 2512 4524; x_wconf 69' lang='grc' dir='ltr'>εὸόκησε.</span> <span class='ocrx_word' id='word_1_777' title='bbox 2550 4468 2650 4518; x_wconf 79' lang='grc' dir='ltr'><strong>Καὶ</strong></span> <span class='ocrx_word' id='word_1_778' title='bbox 2679 4461 2869 4537; x_wconf 77' lang='grc' dir='ltr'>βρέφος</span> <span class='ocrx_word' id='word_1_779' title='bbox 2898 4460 3094 4516; x_wconf 67' lang='grc' dir='ltr'>ἐκτεθὲν</span> <span class='ocrx_word' id='word_1_780' title='bbox 3148 4458 3243 4516; x_wconf 75' lang='grc' dir='ltr'><strong>διὰ</strong></span> <span class='ocrx_word' id='word_1_781' title='bbox 3275 4466 3334 4516; x_wconf 90' lang='grc' dir='ltr'>τὸ</span> <span class='ocrx_word' id='word_1_782' title='bbox 3364 4467 3681 4538; x_wconf 75' lang='grc' dir='ltr'>πρόσταγμα</span> <span class='ocrx_word' id='word_1_783' title='bbox 3705 4466 3883 4521; x_wconf 72' lang='grc' dir='ltr'>αὐτοῦ</span> 
     </span>
    </p>
   </div>
   <div class='ocr_carea' id='block_1_109' title="bbox 2267 4551 3882 4627">
    <p class='ocr_par' dir='ltr' id='par_1_109' title="bbox 2267 4551 3882 4627">
     <span class='ocr_line' id='line_1_111' title="bbox 2267 4551 3882 4627; baseline -0.001 -18"><span class='ocrx_word' id='word_1_784' title='bbox 2267 4556 2339 4617; x_wconf 87' lang='grc' dir='ltr'><strong>εἰς</strong></span> <span class='ocrx_word' id='word_1_785' title='bbox 2405 4556 2620 4609; x_wconf 87' lang='grc' dir='ltr'>θάνατον</span> <span class='ocrx_word' id='word_1_786' title='bbox 2674 4552 2914 4607; x_wconf 86' lang='grc' dir='ltr'>λανθάνει</span> <span class='ocrx_word' id='word_1_787' title='bbox 2953 4556 3261 4627; x_wconf 81' lang='grc' dir='ltr'>τρεφόμενον</span> <span class='ocrx_word' id='word_1_788' title='bbox 3308 4551 3394 4607; x_wconf 71' lang='grc' dir='ltr'><strong>ἰπὶ</strong></span> <span class='ocrx_word' id='word_1_789' title='bbox 3438 4562 3533 4617; x_wconf 81' lang='grc' dir='ltr'>τῆς</span> <span class='ocrx_word' id='word_1_790' title='bbox 3577 4554 3748 4619; x_wconf 78' lang='grc' dir='ltr'>οἰκίας</span> <span class='ocrx_word' id='word_1_791' title='bbox 3776 4566 3882 4621; x_wconf 72' lang='grc' dir='ltr'>τῆς</span> 
     </span>
    </p>
   </div>
   <div class='ocr_carea' id='block_1_110' title="bbox 2266 4639 3879 4718">
    <p class='ocr_par' dir='ltr' id='par_1_110' title="bbox 2266 4639 3879 4718">
     <span class='ocr_line' id='line_1_112' title="bbox 2266 4639 3879 4718; baseline 0.001 -20"><span class='ocrx_word' id='word_1_792' title='bbox 2266 4643 2572 4718; x_wconf 82' lang='grc' dir='ltr'>βασιλικῆς.</span> <span class='ocrx_word' id='word_1_793' title='bbox 2621 4648 2713 4696; x_wconf 78' lang='grc' dir='ltr'>καὶ</span> <span class='ocrx_word' id='word_1_794' title='bbox 2754 4644 3037 4718; x_wconf 86' lang='grc' dir='ltr'>καθαιροῦν</span> <span class='ocrx_word' id='word_1_795' title='bbox 3093 4647 3188 4701; x_wconf 78' lang='grc' dir='ltr'>τὴν</span> <span class='ocrx_word' id='word_1_796' title='bbox 3245 4640 3436 4696; x_wconf 73' lang='grc' dir='ltr'>ὶκείνου</span> <span class='ocrx_word' id='word_1_797' title='bbox 3507 4639 3731 4716; x_wconf 76' lang='grc' dir='ltr'>δύναμιν</span> <span class='ocrx_word' id='word_1_798' title='bbox 3779 4652 3879 4701; x_wconf 78' lang='grc' dir='ltr'>καὶ</span> 
     </span>
    </p>
   </div>
   <div class='ocr_carea' id='block_1_111' title="bbox 2263 4729 3878 4809">
    <p class='ocr_par' dir='ltr' id='par_1_111' title="bbox 2263 4729 3878 4809">
     <span class='ocr_line' id='line_1_113' title="bbox 2263 4729 3878 4809; baseline 0 -20"><span class='ocrx_word' id='word_1_799' title='bbox 2263 4738 2359 4795; x_wconf 77' lang='grc' dir='ltr'>τὴν</span> <span class='ocrx_word' id='word_1_800' title='bbox 2398 4742 2490 4790; x_wconf 83' lang='grc' dir='ltr'><strong>τοῦ</strong></span> <span class='ocrx_word' id='word_1_801' title='bbox 2533 4735 2727 4797; x_wconf 78' lang='grc' dir='ltr'>παντὸς</span> <span class='ocrx_word' id='word_1_802' title='bbox 2772 4730 2971 4802; x_wconf 71' lang='grc' dir='ltr'>ἔθνους,</span> <span class='ocrx_word' id='word_1_803' title='bbox 3029 4734 3122 4785; x_wconf 81' lang='grc' dir='ltr'>καὶ</span> <span class='ocrx_word' id='word_1_804' title='bbox 3170 4732 3259 4786; x_wconf 88' lang='grc' dir='ltr'>τὸν</span> <span class='ocrx_word' id='word_1_805' title='bbox 3307 4729 3521 4809; x_wconf 65' lang='grc' dir='ltr'>Ἰσραὴλ</span> <span class='ocrx_word' id='word_1_806' title='bbox 3581 4731 3767 4806; x_wconf 68' lang='grc' dir='ltr'>ἐξάγον</span> <span class='ocrx_word' id='word_1_807' title='bbox 3792 4735 3878 4803; x_wconf 84' lang='grc' dir='ltr'><strong>εἰς</strong></span> 
     </span>
    </p>
   </div>
   <div class='ocr_carea' id='block_1_112' title="bbox 2878 4928 3869 5005">
    <p class='ocr_par' dir='ltr' id='par_1_112' title="bbox 2878 4928 3869 5005">
     <span class='ocr_line' id='line_1_114' title="bbox 2878 4928 3869 5005; baseline 0.003 -19"><span class='ocrx_word' id='word_1_808' title='bbox 2878 4930 2929 4968; x_wconf 73' lang='grc'><strong>³³</strong></span> <span class='ocrx_word' id='word_1_809' title='bbox 2966 4928 2990 4985; x_wconf 82' lang='grc' dir='ltr'><strong>ι</strong></span> <span class='ocrx_word' id='word_1_810' title='bbox 3027 4930 3171 5002; x_wconf 80' lang='lat' dir='ltr'><strong>Reg.</strong></span> <span class='ocrx_word' id='word_1_811' title='bbox 3212 4944 3353 5001; x_wconf 83' lang='lat' dir='ltr'><strong>xvn,</strong></span> <span class='ocrx_word' id='word_1_812' title='bbox 3393 4931 3448 4988; x_wconf 71' lang='grc'>4.</span> <span class='ocrx_word' id='word_1_813' title='bbox 3524 4929 3688 5003; x_wconf 74' lang='lat' dir='ltr'><strong>“Ill,</strong></span> <span class='ocrx_word' id='word_1_814' title='bbox 3712 4932 3869 5005; x_wconf 78' lang='lat' dir='ltr'><strong>Reg.</strong></span> 
     </span>
    </p>
   </div>
   <div class='ocr_carea' id='block_1_113' title="bbox 2238 5199 2952 5275">
    <p class='ocr_par' dir='ltr' id='par_1_113' title="bbox 2238 5199 2952 5275">
     <span class='ocr_line' id='line_1_115' title="bbox 2238 5199 2952 5275; baseline 0.001 -21"><span class='ocrx_word' id='word_1_815' title='bbox 2238 5204 2492 5275; x_wconf 80' lang='grc' dir='ltr'>ματαίαν,</span> <span class='ocrx_word' id='word_1_816' title='bbox 2508 5199 2762 5275; x_wconf 82' lang='lat' dir='ltr'><strong>rectius.</strong></span> <span class='ocrx_word' id='word_1_817' title='bbox 2796 5201 2952 5256; x_wconf 81' lang='lat' dir='ltr'><strong>Enrr.</strong></span> 
     </span>
    </p>
   </div>
   <div class='ocr_carea' id='block_1_114' title="bbox 2310 5268 3863 5346">
    <p class='ocr_par' dir='ltr' id='par_1_114' title="bbox 2310 5268 3863 5346">
     <span class='ocr_line' id='line_1_116' title="bbox 2310 5268 3863 5346; baseline 0.001 -18"><span class='ocrx_word' id='word_1_818' title='bbox 2310 5273 2422 5346; x_wconf 76' lang='lat'><strong>(59)</strong></span> <span class='ocrx_word' id='word_1_819' title='bbox 2461 5274 2600 5346; x_wconf 72' lang='lat' dir='ltr'><strong>_Yox</strong></span> <span class='ocrx_word' id='word_1_820' title='bbox 2630 5276 2817 5346; x_wconf 73' lang='grc' dir='ltr'>Φαραώ</span> <span class='ocrx_word' id='word_1_821' title='bbox 2845 5269 3141 5346; x_wconf 80' lang='lat' dir='ltr'><strong>reperitur</strong></span> <span class='ocrx_word' id='word_1_822' title='bbox 3167 5270 3236 5346; x_wconf 72' lang='lat' dir='ltr'><strong>in</strong></span> <span class='ocrx_word' id='word_1_823' title='bbox 3273 5268 3441 5328; x_wconf 89' lang='lat' dir='ltr'><strong>Colb.</strong></span> <span class='ocrx_word' id='word_1_824' title='bbox 3473 5269 3758 5346; x_wconf 77' lang='lat' dir='ltr'><strong>primoet</strong></span> <span class='ocrx_word' id='word_1_825' title='bbox 3789 5271 3863 5330; x_wconf 89' lang='lat' dir='ltr'><strong>in</strong></span> 
     </span>
    </p>
   </div>
   <div class='ocr_carea' id='block_1_115' title="bbox 2235 5340 3863 5418">
    <p class='ocr_par' dir='ltr' id='par_1_115' title="bbox 2235 5340 3863 5418">
     <span class='ocr_line' id='line_1_117' title="bbox 2235 5340 3863 5418; baseline -0.002 -19"><span class='ocrx_word' id='word_1_826' title='bbox 2235 5343 2377 5413; x_wconf 84' lang='lat' dir='ltr'><strong>Reg.</strong></span> <span class='ocrx_word' id='word_1_827' title='bbox 2404 5340 2618 5418; x_wconf 74' lang='lat' dir='ltr'><strong>itidem</strong></span> <span class='ocrx_word' id='word_1_828' title='bbox 2646 5340 2867 5418; x_wconf 77' lang='lat' dir='ltr'><strong>primo.</strong></span> <span class='ocrx_word' id='word_1_829' title='bbox 2891 5340 3254 5418; x_wconf 66' lang='lat' dir='ltr'><strong>haemodo,</strong></span> <span class='ocrx_word' id='word_1_830' title='bbox 3305 5340 3495 5418; x_wconf 69' lang='grc' dir='ltr'>Φαραῶ</span> <span class='ocrx_word' id='word_1_831' title='bbox 3522 5340 3601 5393; x_wconf 74' lang='grc' dir='ltr'><strong>ἐπ’</strong></span> <span class='ocrx_word' id='word_1_832' title='bbox 3656 5341 3863 5418; x_wconf 65' lang='grc' dir='ltr'>ᾆλεθρῳ</span> 
     </span>
    </p>
   </div>
   <div class='ocr_carea' id='block_1_116' title="bbox 2234 5413 3858 5485">
    <p class='ocr_par' dir='ltr' id='par_1_116' title="bbox 2234 5413 3858 5485">
     <span class='ocr_line' id='line_1_118' title="bbox 2234 5413 3858 5485; baseline 0.003 -18"><span class='ocrx_word' id='word_1_833' title='bbox 2234 5420 2442 5485; x_wconf 70' lang='grc' dir='ltr'>Φαραὼ,</span> <span class='ocrx_word' id='word_1_834' title='bbox 2460 5413 2705 5471; x_wconf 80' lang='lat' dir='ltr'><strong>Pharao</strong></span> <span class='ocrx_word' id='word_1_835' title='bbox 2723 5414 2785 5470; x_wconf 87' lang='lat' dir='ltr'><strong>in</strong></span> <span class='ocrx_word' id='word_1_836' title='bbox 2805 5413 2902 5485; x_wconf 75' lang='lat' dir='ltr'><strong>sui</strong></span> <span class='ocrx_word' id='word_1_837' title='bbox 2920 5414 3111 5485; x_wconf 75' lang='lat' dir='ltr'><strong>ipsius</strong></span> <span class='ocrx_word' id='word_1_838' title='bbox 3128 5413 3470 5471; x_wconf 82' lang='lat' dir='ltr'><strong>Pharaonis</strong></span> <span class='ocrx_word' id='word_1_839' title='bbox 3484 5413 3858 5483; x_wconf 69' lang='lat' dir='ltr'><strong>perniciem.</strong></span> 
     </span>
    </p>
   </div>
   <div class='ocr_carea' id='block_1_117' title="bbox 2233 5470 3500 5558">
    <p class='ocr_par' dir='ltr' id='par_1_117' title="bbox 2233 5470 3500 5558">
     <span class='ocr_line' id='line_1_119' title="bbox 2233 5470 3500 5558; baseline 0.001 -16"><span class='ocrx_word' id='word_1_840' title='bbox 2233 5470 2387 5543; x_wconf 78' lang='lat' dir='ltr'><strong>Editi</strong></span> <span class='ocrx_word' id='word_1_841' title='bbox 2413 5470 2474 5545; x_wconf 61' lang='lat' dir='ltr'><strong>e&#39;t</strong></span> <span class='ocrx_word' id='word_1_842' title='bbox 2502 5470 2642 5558; x_wconf 80' lang='lat' dir='ltr'><strong>Reg.</strong></span> <span class='ocrx_word' id='word_1_843' title='bbox 2676 5470 2986 5544; x_wconf 79' lang='lat' dir='ltr'><strong>secundtis</strong></span> <span class='ocrx_word' id='word_1_844' title='bbox 3011 5488 3078 5543; x_wconf 88' lang='lat' dir='ltr'><strong>ut</strong></span> <span class='ocrx_word' id='word_1_845' title='bbox 3098 5484 3164 5543; x_wconf 88' lang='lat' dir='ltr'><strong>in</strong></span> <span class='ocrx_word' id='word_1_846' title='bbox 3191 5470 3500 5545; x_wconf 64' lang='lat' dir='ltr'><strong>contextu:</strong></span> 
     </span>
    </p>
   </div>
  </div>
