4076 6190
529 285 629 341 53!
1905 277 1962 331 S.
2003 271 2260 332 BASILII
2309 276 2528 335 MAG-Nl
3797 277 3907 332 532

528 407 804 465 relictum
833 408 923 462 est
945 405 1071 473 tibi,
1095 419 1131 460 o
1161 404 1368 471 homo,
1401 402 1576 474 cujus
1607 401 1882 459 videlicet
1911 399 2183 472 gloriatio

2318 404 2392 459 ’ὴν
2441 401 2496 455 ἐκ
2538 410 2747 476 νεκρῶν.
2807 401 3062 456 Ἐνταῦθα
3105 403 3342 455 πέπτωκε
3383 404 3484 454 πᾶν
3531 400 3664 471 ὕψος
3712 402 3910 477 ύπερητ

532 514 604 555 ac
634 513 774 571 spes
801 496 914 552 sita
945 496 1005 550 in
1051 510 1120 549 eo
1171 494 1265 560 sit,
1316 498 1380 548 ut
1432 493 1759 548 mortiﬁces
1805 496 1910 548 tua
1960 489 2183 559 omnia,

2318 497 2502 556 νανίας.
2565 489 2732 545 Ούδεν
2777 491 3134 545 ύπολέλειπταί
3189 510 3273 544 σοι
3320 493 3450 565 πρὸς
3499 489 3820 559 ἀλαζονείαν,
3863 489 3903 546 ὦ

531 601 890 662 quaerasque
936 584 1201 640 futuram
1230 583 1292 638 in
1325 582 1555 638 Christo
1593 585 1814 638 vitam:
1848 581 2022 653 cujus
2050 595 2183 636 cum

2318 581 2553 656 ἔνθρωπε,
2690 585 2748 635 τὸ
2778 584 3040 653 καύχημα
3075 583 3167 633 καὶ
3196 580 3226 638 ἡ
3263 578 3406 641 ἐλπὶς
3441 578 3490 632 ἐν
3529 587 3600 650 τῷ
3644 589 3907 654 νεκρώσαι

528 677 868 735 habeamus
893 672 1214 746 primitias,
1243 673 1373 744 jam
1403 672 1464 728 in
1487 672 1574 728 his
1596 687 1828 737 sumus,
1853 670 2105 728 omnino
2128 669 2183 726 in

2318 672 2389 722 ιεν
2427 672 2597 723 πάντα
2641 672 2709 724 τὰ
2757 676 3000 737 σεαυτοῦ,
3034 669 3266 730 ζητῆσαι
3304 664 3364 722 δι
3407 673 3501 729 τὴν
3525 669 3637 740 (65)
3681 669 3733 724 ἕν
3765 678 3907 746 Χριη

531 767 723 839 gratia
746 779 817 820 ac
856 763 1020 819 dono
1053 763 1153 819 Dei
1183 761 1472 818 viventes.
1505 764 1572 818 Et
1609 765 1765 818 Deus
1793 761 2042 835 quidem
2082 763 2183 828 est,

2318 768 2408 831 ετῷ
2441 760 2580 820 ζωὴν
2610 763 2722 830 ξτην
2766 760 3072 834 μέλλουσαν·
3123 760 3186 820 ἧς
3233 757 3480 834 ἀπαρχὰς
3527 762 3755 832 ἔχοντες,
3791 758 3904 820 ἤδη

533 857 650 925 Qui
670 859 960 924 operatur
988 854 1052 909 in
1078 853 1248 909 nobis
1273 859 1328 909 et
1359 853 1512 910 velle
1537 859 1593 910 et
1623 855 1878 924 efﬁcere,
1905 868 2017 923 pro
2040 853 2183 910 bona

2318 853 2348 900 Iv
2377 852 2576 910 τούτοις
2605 849 2776 922 ἐσμεν,
2825 853 2884 902 τὸ
2915 849 3026 904 ὅλον
3075 848 3123 902 ἕν
3157 849 3346 924 χάριτι
3395 849 3580 910 ζῶντες
3617 854 3708 903 καὶ
3734 847 3911 924 δωρεᾷ

531 945 844 1002 voluntate
867 943 932 998 ⁸⁸.
980 945 1200 998 Rursus
1233 945 1386 998 Deus
1417 942 1775 1015 sapientiam
1803 957 1978 998 suam
2005 956 2183 1014 quam

2318 946 2454 993 θεοῦ.
2512 943 2611 992 Καὶ
2658 943 2784 1000 Θεὸς
2831 943 2923 1012 μέν
2961 937 3120 1007 ἐστιν,
3175 937 3232 990 '0
3282 936 3490 1012 ἐνεργῶν
3539 937 3589 991 ἐν
3637 940 3762 1013 ἡμῖν
3815 945 3909 996 καὶ

530 1033 591 1089 in
611 1036 884 1088 nostram
909 1031 1160 1101 gloriam
1183 1031 1635 1104 predestinavit,
1667 1030 1895 1087 revelat
1921 1046 2029 1102 per
2059 1029 2183 1102 Spi-

2318 1032 2358 1081 τὸ
2415 1028 2569 1082 θέλειν
2619 1033 2709 1082 καὶ
2765 1031 2824 1081 τὸ
2874 1027 3089 1101 ἐνεργεῖν
3138 1028 3263 1101 ὑπὲρ
3313 1035 3408 1090 τῆς
3463 1024 3721 1089 εύδοκίαςσ
3773 1031 3911 1092 Θεὸς

530 1123 715 1180 ritum
741 1138 920 1178 suum
937 1123 1004 1176 ‘7.
1037 1124 1282 1178 Praestat
1309 1124 1463 1177 Deus
1495 1122 1649 1176 vires
1681 1137 1752 1177 ae
1779 1119 1968 1176 robur
2004 1120 2067 1175 in
2104 1119 2183 1176 la-

2318 1114 2362 1171 ιι
2418 1123 2511 1177 τὴν
2558 1118 2738 1172 ἑαυτοῦ
2787 1122 2972 1190 σοφίαν
3028 1121 3124 1176 τὴν
3180 1120 3575 1192 προωρισμένην
3624 1118 3689 1180 εἰς
3745 1115 3910 1182 δόξαν

530 1212 804 1270 boribus.
847 1211 1280 1268 Abundantius
1331 1212 1604 1267 omnibus
1658 1212 1956 1276 laboravi,
1999 1209 2183 1283 inquit

2318 1209 2447 1280 ὴμῶν
2479 1206 2826 1261 ἀποκαλύπτει
2866 1204 2960 1260 διὰ
2990 1214 3082 1260 τοῦ
3120 1203 3258 1260 ἰδίου
3287 1196 3628 1280 ’Πνεύματοςο
3675 1211 3806 1269 Θεὸς
3845 1205 3913 1268 δὲ

533 1301 785 1368 Paulus;
813 1317 934 1356 non
960 1316 1065 1371 ego
1087 1307 1308 1368 autem,
1332 1301 1437 1357 sed
1454 1301 1656 1371 gratia
1678 1301 1809 1370 Dei,
1823 1315 1956 1372 qua:
1976 1305 2060 1356 est
2079 1314 2183 1356 me-

2318 1301 2396 1356 την
2453 1297 2502 1350 ἐν
2541 1301 2716 1361 πόνοις
2774 1293 2973 1350 δίδωσι
3027 1293 3290 1369 δύναμιν.
3341 1301 3715 1371 Περισσότερον
3763 1299 3912 1352 ποίν-

539 1407 672 1449 cum
699 1393 766 1448 ‘3.
824 1390 1039 1447 Eximit
1071 1394 1225 1448 Deus
1263 1391 1338 1447 de
1383 1391 1664 1464 periculis
1706 1395 1920 1463 praeter
1949 1405 2183 1446 omnem

2318 1406 2402 1441 rm
2431 1385 2710 1456 ἐκοπίασα,
2743 1391 2874 1459 φησὶ
2901 1385 3120 1448 Παῦλος·
3154 1386 3250 1439 ούκ
3279 1384 3379 1458 ἐγὼ
3411 1383 3491 1455 δι,
3523 1385 3630 1440 ἀλλ’
3670 1388 3700 1445 ἡ
3741 1389 3916 1462 χάρις

537 1480 875 1536 humanam
907 1495 1100 1551 spem.
1133 1480 1279 1549 Ipsi,
1313 1479 1530 1551 inquit,
1558 1480 1621 1535 in
1653 1479 2091 1548 nobismetipsis
2112 1492 2183 1534 re

2318 1483 2396 1530 τοῦ
2449 1482 2582 1529 Θεοῦ
2625 1478 2654 1534 ἠ
2719 1479 2812 1529 σὺν
2863 1474 2995 1548 ἐμοί.
3045 1478 3177 1537 Θεὸς
3225 1472 3284 1528 δὲ
3332 1475 3609 1549 ἐξαιρεῖται
3651 1472 3912 1534 κινδύνων

538 1584 821 1639 sponsum
843 1571 1056 1625 mortis
1079 1569 1400 1626 habuimus
1421 1575 1488 1624 ut
1509 1584 1628 1625 non
1651 1570 1833 1624 simus
1861 1568 2111 1637 ﬁdentes
2134 1569 2198 1623 in

539 1657 732 1729 nobis,
777 1657 881 1714 sed
924 1659 989 1713 in
1035 1659 1180 1723 Deo,
1228 1659 1337 1730 qui
1374 1659 1623 1714 suscitat
1650 1664 1957 1714 mortuos:
1995 1656 2102 1729 qui
2126 1671 2202 1714 ex

541 1753 716 1805 tanta
736 1753 929 1804 morte
947 1763 1057 1804 nos
1086 1749 1332 1818 eripuit,
1365 1753 1420 1804 et
1442 1749 1664 1818 eripit:
1711 1749 1772 1802 in
1799 1761 1971 1819 quem
1999 1760 2183 1816 speras

2318 1748 2608 1808 πεποιθότες
2661 1743 2792 1819 ὦμεν
2841 1744 2915 1818 ἔφ’
2969 1745 3184 1812 ἑαυτοῖς,
3233 1744 3341 1798 ἀλλ’
3407 1744 3492 1800 ἐπὶ
3549 1754 3621 1818 τῷ
3672 1753 3787 1815 Θεῷ
3835 1754 3919 1816 τῷ

541 1852 673 1893 mus
702 1837 988 1909 quoniam
1020 1843 1076 1894 et
1101 1837 1302 1894 adhuc
1330 1838 1544 1908 eripiet
1557 1838 1628 1890 ‘9.

2318 1835 2554 1912 ἱγείροντι
2598 1839 2717 1898 τοὺς
2752 1839 2982 1911 νεκρούςο
3023 1835 3080 1899 ὃς
3126 1835 3184 1890 ἐκ
3226 1835 3535 1896 τηλικούτου
3570 1836 3792 1890 Θανάτου
3834 1833 3922 1910 ἆῤ-

539 1925 738 2002 ῥύσατο
759 1927 921 2000 ἡμᾶς,
950 1930 1040 1979 καὶ
1063 1927 1243 2002 ῥύεται
1273 1926 1412 1998 (66),
1439 1926 1519 1989 εἰς
1562 1927 1616 1979 ὅν
1663 1924 1974 1999 ἠλπίκαμεν,
2019 1927 2101 1978 ὅτι
2129 1927 2220 1978 καὶ
2251 1929 2327 1980 ἔτι
2354 1925 2590 2002 ῥύσεται.
3672 1924 3676 1928 ’

614 2020 667 2071 4.
701 2015 854 2082 Quid
889 2015 1092 2086 igitur,
1126 2016 1222 2072 dic
1246 2032 1474 2088 quaeso,
1506 2019 1561 2072 te
1589 2016 1719 2089 ipse
1761 2015 1940 2088 quasi
1969 2014 2046 2071 de
2082 2013 2183 2070 tui:

2377 2019 2432 2073 4.
2464 2020 2527 2070 Τί
2567 2013 2653 2069 οὖν
2697 2016 2942 2091 ἐπαίρεις,
2985 2017 3094 2071 εἰπέ
3133 2036 3242 2090 μοι,
3286 2018 3478 2073 σαυτὸν
3508 2019 3579 2078 ὡς
3607 2016 3691 2071 ἐπὶ
3732 2014 3922 2080 καλοῖς

540 2104 732 2179 ipsius
756 2105 937 2163 bonis
966 2105 1162 2175 effers,
1213 2121 1352 2162 cum
1383 2106 1636 2162 deberes
1666 2121 1776 2176 pro
1806 2106 2068 2178 acceptis
2094 2104 2183 2160 dot

2318 2102 2486 2173 ἰδίοις,
2515 2104 2629 2159 ἀντὶ
2659 2113 2751 2159 τοῦ
2795 2109 2956 2182 χάριν
3005 2107 3089 2160 ἐπὶ
3115 2113 3226 2169 τοῖς
3285 2103 3474 2182 δώροις
3528 2105 3796 2180 ὁμολογεῖν
3839 2114 3921 2176 τῷ

446 2269 452 2274 ,
543 2196 637 2253 nis
683 2196 939 2265 gratiam
986 2195 1253 2266 largitori
1290 2195 1563 2252 habere?
1612 2196 1765 2256 Quid
1793 2197 1950 2251 enim
1997 2193 2183 2250 habes.

2318 2191 2609 2262 δεδωκότα
2648 2200 2712 2250 Τί
2756 2197 2857 2268 γὰρ
2902 2199 3059 2268 ἔχεις,
3105 2195 3131 2248 ὃ
3187 2195 3280 2250 οὐκ
3336 2194 3546 2261 ἔλαϐεςς
3595 2195 3655 2250 Εἰ
3713 2192 3773 2250 δε
3825 2198 3922 2254 καὶ

544 2285 705 2357 quod
734 2299 853 2341 non
880 2286 1209 2354 accepisti?
1239 2285 1410 2352 Quod
1437 2285 1492 2341 si
1519 2287 1698 2341 etiam
1721 2284 2026 2353 accepisti,
2053 2283 2183 2353 quia

2318 2283 2500 2351 ἔλαϐες,
2554 2288 2609 2338 τί
2659 2291 2938 2356 καυχᾶσαι
2984 2289 3055 2348 ὡς
3105 2290 3176 2358 μὴ
3244 2285 3454 2353 luem;
3524 2285 3600 2338 Οὐ
3655 2288 3722 2340 σὺ
3779 2288 3919 2338 Θεὸν

541 2374 833 2447 gloriaris
859 2376 1034 2446 quasi
1056 2389 1178 2430 non
1208 2375 1512 2444 acceperis
1525 2375 1615 2430 5°?
1643 2377 1772 2429 Non
1801 2376 1865 2428 tu
1893 2375 2080 2428 Deum
2099 2385 2183 2427 co-

2318 2375 2460 2446 ἔγνως
2483 2371 2576 2427 διὰ
2606 2370 2972 2442 δικαιοσύνης,
3017 2373 3146 2428 ἀλλά
3188 2379 3318 2438 Θεός
3345 2394 3404 2430 σε
3443 2371 3539 2430 διὰ
3561 2377 3921 2449 χρηστότητα
3949 2408 3954 2410 ~

545 2465 804 2536 gnovisti
829 2479 938 2538 per
957 2469 1125 2521 tuam
1149 2463 1482 2536 justitiam:
1514 2463 1622 2520 sed
1653 2466 1814 2519 Deus
1832 2462 2117 2532 cognovit
2145 2466 2183 2518 tt

2318 2463 2484 2533 ἴγνω..
2519 2467 2756 2530 Γνόντες,
2813 2468 2983 2536 φησὶ,
3041 2467 3200 2531 Θεὸν,
3268 2463 3458 2537 μᾶλλον
3521 2461 3578 2517 δε
3642 2465 3918 2536 γνωσθέν-

541 2558 788 2630 propter
816 2568 994 2610 suam
1020 2553 1368 2611 bonitatem.
1401 2555 1551 2611 Cum
1578 2553 1972 2624 eognoveritis
1989 2553 2183 2607 Deum.

2318 2569 2386 2611 τες
2431 2552 2529 2604 ύπὸ
2579 2559 2734 2608 Θεοῦ.
2785 2551 2861 2604 Ού
2920 2555 2985 2606 σὺ
3032 2555 3263 2628 Χριστὸν
3319 2553 3630 2626 κατείληφας
3683 2549 3778 2606 διὰ
3815 2559 3917 2615 τῆς

541 2643 761 2718 inquit,
788 2645 934 2717 quin
973 2647 1179 2716 potius
1218 2646 1446 2716 cogniti
1484 2645 1614 2700 sitis
1653 2659 1691 2701 a
1730 2643 1940 2698 Deo“.
1982 2644 2111 2701 Non
2136 2645 2183 2696 tt

2318 2637 2514 2715 ἀρετῆς,
2546 2640 2676 2693 ἀλλά
2725 2645 2958 2716 Χριστός
2989 2661 3046 2696 σε
3095 2638 3189 2695 διὰ
3238 2651 3335 2705 τῆς
3385 2647 3680 2716 παρουσίας
3725 2645 3916 2696 κατεί-

543 2734 994 2808 apprehendisti
1043 2734 1343 2791 Christum
1387 2749 1495 2807 per
1538 2734 1843 2800 virtutem,
1894 2731 1997 2788 sed
2040 2731 2183 2787 Chri'

2318 2732 2450 2802 ληφε.
2504 2736 2703 2796 Διώκω,
2759 2735 2937 2804 φησὶν,
2989 2731 3030 2784 εἰ
3077 2736 3167 2784 καὶ
3223 2731 3520 2798 καταλάϐω,
3589 2730 3663 2804 ἐφ’
3816 2735 3916 2786 καὶ

543 2827 668 2880 stus
685 2829 738 2880 te
758 2840 867 2896 per
887 2839 1068 2880 suum
1091 2824 1420 2881 adventum
1441 2823 1864 2898 apprehendit.
1889 2824 2183 2894 Insequar,

2318 2819 2632 2892 ιατελήφθην
2697 2822 2797 2874 ὑπὸ
2863 2827 3143 2894 Χριστοῦ.
3211 2821 3334 2894 Ούχ
3394 2823 3541 2894 ὑμεῖς
3605 2839 3669 2894 με
3741 2820 3918 2883 ἐξελέ-

541 2911 756 2986 inquit,
776 2913 833 2968 si
849 2914 1028 2971 etiam
1051 2915 1529 2984 apprehendam,
1555 2915 1619 2969 in
1640 2929 1756 2985 quo
1785 2918 1840 2969 et
1865 2911 2183 2982 apprehen‘

2318 2910 2486 2977 ξασθι,
2542 2910 2698 2982 φησίν
2741 2911 2766 2962 ό
2816 2913 3024 2981 Κύριος,
3071 2909 3178 2964 ἁλλ’
3239 2911 3337 2982 ἐγώ
3396 2909 3695 2983 ἐξελεξάμην
3747 2911 3917 2984 ὑμᾶς.

540 3016 640 3057 sus
668 3016 800 3058 sum
827 3016 865 3058 a
898 3001 1136 3059 Christo
1157 3003 1228 3059 ³³.
1273 3003 1408 3060 Νοη
1447 3016 1546 3059 vos
1577 3017 1667 3058 me
1696 3002 1971 3072 elegistis,
2001 2999 2183 3072 inquit

2318 2997 2438 3050 Ἀλλ’
2485 3000 2566 3050 ὅτι
2616 3004 2915 3071 τετίμησαι,
2983 3003 3118 3072 μέγα
3175 3007 3388 3074 φρονεῖς,
3461 3005 3551 3054 καὶ
3621 3001 3710 3052 τὸν
3772 2997 3919 3054 ἔλεον

541 3089 855 3156 Dominus,
877 3090 983 3147 sed
1005 3107 1111 3163 ego
1140 3093 1297 3163 elegi
1318 3108 1417 3149 vos
1431 3094 1501 3148 ⁵³.
1534 3097 1622 3147 An
1653 3091 1947 3164 quoniam
1967 3090 2183 3145 honore

2318 3093 2564 3160 ’πρόφασιν
2615 3089 2967 3162 ὑπερηφανίας
3008 3087 3326 3160 lugebas;
3391 3092 3490 3142 Καὶ
3557 3091 3671 3142 τότε
3726 3093 3917 3160 γνώσῃ

542 3180 795 3237 affectus
819 3195 902 3247 es,
926 3179 1206 3251 gloriaris
1229 3185 1286 3238 et
1310 3180 1792 3237 misericordiam
1812 3177 2183 3236 occasionem

2318 3181 2522 3231 γεαυτὸν
2553 3176 2670 3248 (67)
2734 3197 2862 3240 στις
2923 3176 2988 3245 εἰ,
3043 3179 3111 3240 ὡς
3162 3175 3337 3250 Ἀδὰμ
3393 3177 3652 3239 ἐκϐληθείς
3708 3177 3764 3232 ἐκ
3817 3184 3921 3230 τοῦ

473 3271 475 3274 ⁴
541 3269 761 3342 arripis
792 3269 1182 3342 superbiendi
1202 3273 1231 3327 ?
1276 3273 1342 3327 Et
1369 3276 1510 3327 tunc
1542 3284 1883 3339 cognoscas
1913 3269 2183 3340 teipsum,

2318 3263 2652 3342 ταραδείσου,
2712 3268 2777 3327 ὡς
2825 3267 2988 3319 Σαοὺλ
3044 3267 3400 3340 καταλειφθείς
3451 3270 3551 3321 ὑπὸ
3610 3271 3920 3340 Πνεύματος

539 3359 677 3432 quis
707 3357 808 3425 sis,
858 3359 1016 3417 velut
1056 3359 1249 3417 Adam
1279 3362 1504 3434 ejectus
1545 3378 1576 3416 ο
1613 3358 1898 3431 paradiso
1920 3360 1991 3428 ⁸⁸,
2040 3356 2183 3412 velut

2318 3363 2459 3423 Θεοῦ,
2505 3358 2569 3415 ὡς
2609 3354 2823 3429 Ἰσραὴλ
2878 3363 2970 3415 τῆς
3026 3355 3183 3427 ἁγίας
3230 3356 3388 3430 ῥίζης
3443 3354 3781 3429 ἀποτμηθείς.
3831 3363 3915 3429 Τῇ

540 3447 682 3504 Saul
701 3447 975 3505 desertus
1006 3465 1041 3505 a
1069 3450 1291 3522 Spiritu
1323 3451 1505 3518 Dei”,
1537 3449 1701 3505 velut
1721 3446 1904 3504 Israel
1935 3462 1971 3503 θ,
1994 3445 2183 3503 radice

2318 3449 2516 3510 τίστει,
2586 3449 2783 3516 φησὶν,
2850 3446 3114 3506 ἕστηκαςο
3173 3449 3244 3517 μὴ
3316 3444 3698 3518 ὑψηλοφρονει,
3780 3444 3920 3498 ἀλλὰ

539 3541 749 3594 sancta
766 3542 1056 3595 resectus.
1083 3539 1252 3607 Fide,
1286 3539 1496 3613 inquit,
1531 3545 1690 3596 stas:
1739 3537 2081 3594 nolialtum
2099 3551 2183 3592 sa-

2318 3533 2482 3606 ροϐοῦ.
2528 3537 2710 3606 Κρίσις
2753 3532 2927 3586 ἓπεται
2973 3535 3182 3607 χάριτι,
3214 3537 3303 3586 καὶ
3350 3537 3488 3597 ὅπως
3532 3535 3749 3607 ἐχρήσω
3797 3542 3919 3597 τοῖς

535 3641 698 3698 pere,
728 3626 832 3684 sed
878 3629 1018 3684 time
1037 3630 1108 3684 ⁵⁸.
1153 3629 1455 3686 Judicium
1501 3629 1768 3701 sequitur
1794 3627 2091 3696 gratiam;
2139 3627 2183 3681 et

2318 3623 2665 3698 ζαρισθεῖσιν,
2693 3624 2718 3674 ὀ
2743 3627 2924 3695 κριτὴς
2950 3623 3196 3686 ἐξετάσει.
3223 3623 3302 3677 Ἐἰ
3332 3620 3391 3677 δὲ
3414 3620 3553 3696 μηδέ
3595 3631 3748 3678 τοῦτο
3778 3624 3917 3678 αύτό

539 3715 851 3789 quomodo
882 3716 1038 3774 datis
1064 3733 1214 3774 usus
1246 3718 1450 3786 fueris,
1482 3716 1996 3791 expenditludex.
2023 3713 2183 3780 Quod

2318 3718 2456 3785 τυνίη
2469 3732 2508 3779 ς,
2539 3713 2619 3763 ὅτι
2647 3713 2868 3784 χάριτος
2897 3715 3217 3782 τετύχηκας,
3255 3711 3362 3765 ἀλλ’
3390 3709 3528 3766 ἴδιον
3557 3721 3680 3787 ποιῇ
3708 3718 3917 3786 κατόρ-

538 3807 586 3862 si
612 3821 687 3862 ne
714 3805 829 3863 hoc
860 3806 1109 3880 quidem
1141 3809 1445 3879 intelligis,
1478 3809 1659 3865 fuisse
1683 3812 1736 3863 te
1767 3807 2026 3877 gratiam
2055 3819 2183 3860 con-

2318 3804 2455 3875 Ξωμα
2492 3805 2584 3859 τὴν
2637 3803 2798 3874 χάριν
2843 3799 3095 3875 ὑπερϐολῇ
3153 3811 3250 3864 τῆς
3295 3804 3664 3870 ἀναισθησίας,
3723 3803 3821 3856 οὐκ
3872 3801 3924 3858 εἶ

536 3899 829 3962 secutum,
865 3900 966 3952 aut
997 3896 1042 3951 si
1072 3913 1194 3968 prae
1220 3898 1409 3953 nimia
1429 3896 1777 3970 stupiditate
1808 3900 1976 3950 tuam
2007 3891 2183 3964 ipsius

2318 3899 2394 3944 τοῦ
2441 3894 2700 3964 μακαρίου
2749 3895 3054 3965 τιμιώτερος
3118 3889 3412 3945 ἀποστόλου
3480 3896 3696 3966 Πέτρου.
3765 3889 3920 3948 Ούδὶ

532 3983 812 4041 virtutem
838 3984 1149 4041 existimas
1182 3986 1437 4055 gratiam
1460 4001 1611 4052 esse,
1646 3998 1770 4039 non
1791 3999 1856 4038 es
1887 3982 2065 4037 beato
2098 3983 2183 4036 Pe

2318 3983 2403 4053 γὰρ
2437 3978 2610 4052 ἀγάπη
2645 3988 2707 4052 τῇ
2741 3983 2873 4055 πρὸς
2912 3983 2998 4032 τὸν
3039 3982 3229 4054 Κύριον
3272 3980 3655 4056 ὑπερϐαλέσθαι
3695 3977 3917 4055 δυνήσῃ

533 4077 624 4131 tro
636 4074 914 4146 apostolo
931 4075 1328 4147 prtestantior.
1348 4077 1463 4132 Nec
1475 4075 1634 4131 enim
1648 4073 1972 4130 Dominum
1988 4086 2183 4128 amore

2318 4071 2388 4120 τὸν
2441 4068 2576 4120 οὕτω
2624 4064 2866 4141 σφοδρῶς
2913 4066 3218 4138 ἀγαπῶντα,
3273 4071 3342 4132 ὡς
3390 4074 3479 4122 καὶ
3536 4071 3920 4143 ύπεραποθνὴ-

533 4163 749 4235 majori
793 4165 1082 4238 prosequi
1119 4165 1363 4236 poteris,
1392 4181 1580 4238 quam
1625 4163 1729 4236 qui
1760 4163 1843 4218 ita
1873 4161 2183 4216 vehemen-

2318 4177 2446 4211 τκειν
2513 4157 2732 4212 ἑθελειν.
2804 4155 2935 4208 Ἀλλ’
3002 4158 3083 4210 ὅτι
3138 4157 3668 4233 μεγαλοφρονέστερον
3728 4159 3920 4232 ἐφθέγ-

534 4257 623 4311 ter
647 4253 852 4310 dilexit
881 4258 947 4310 ut
997 4255 1178 4310 etiam
1219 4255 1475 4312 voluerit
1519 4271 1630 4328 pro
1669 4255 1803 4327 ipso
1850 4251 2024 4309 mori.
2077 4250 2183 4308 Sed

2318 4248 2447 4314 Ξατο,
2503 4245 2681 4317 λέγων,
2740 4245 2802 4299 Εἰ
2857 4251 2946 4298 καὶ
3003 4249 3191 4309 πάντες
3245 4245 3800 4306 σκανδαλισθήσονται
3862 4249 3918 4302 ἐν

533 4342 828 4415 quoniam
859 4343 1063 4400 animo
1105 4345 1351 4402 elatiore
1401 4346 1634 4402 locutus
1668 4349 1778 4416 est,
1815 4359 1956 4398 cum
2002 4340 2183 4396 dixit:

2318 4342 2426 4404 rei,
2494 4335 2598 4388 ἀλλ’
2667 4335 2766 4407 ἐγὼ
2831 4332 3082 4389 οὐδέποτε
3151 4335 3691 4411 σκανδαλισθήσομαι
3725 4377 3741 4402 ,
3805 4359 3920 4394 πα-

532 4433 612 4488 Et
661 4433 713 4488 si
741 4449 940 4491 omnes
968 4436 1375 4492 scandalizcti
1391 4439 1619 4508 fuerint
1649 4437 1712 4492 in
1741 4441 1817 4505 te,
1858 4449 1962 4503 ego
1993 4438 2183 4487 tamen

2318 4423 2492 4484 ιεδόθη
2532 4433 2594 4498 τῇ
2641 4423 2933 4498 ἀνθρωπίνῃ
2990 4423 3177 4499 δειλίᾳ,
3237 4433 3326 4480 καὶ
3377 4432 3641 4481 πέπτωκεν
3691 4427 3765 4490 εἰς
3812 4431 3917 4505 οῖρ-

533 4537 846 4595 nunquam
871 4525 1156 4582 scandali
1173 4527 1328 4582 abor
1350 4529 1418 4594 ⁵⁷,
1443 4527 1744 4583 timiditati
1769 4525 2053 4580 humanae
2079 4525 2183 4578 tra-

2318 4535 2448 4574 νησιν
2482 4558 2498 4584 ,
2565 4515 3006 4589 σωφρονιζόμενος
3071 4524 3144 4586 τῷ
3208 4517 3472 4590 σφάλματι
3538 4521 3665 4593 πρὸς
3727 4518 3915 4572 εύλα-

534 4609 698 4669 ditus
734 4617 848 4680 est,
887 4614 1217 4689 ceciditque
1245 4615 1308 4672 in
1347 4616 1797 4682 inticiationem,
1841 4613 2021 4686 lapsu
2063 4625 2183 4669 eru-

2318 4604 2438 4658 ῗειαν
2471 4607 2605 4674 (68),
2640 4608 2728 4655 καὶ
2769 4600 3151 4678 διδασκόμενος
3181 4603 3454 4678 φείδεσθαι
3488 4615 3588 4659 τῶν
3624 4605 3914 4661 ἀσθενούν-

609 4737 656 4774 “
696 4737 906 4812 Philip.
940 4755 1002 4810 ιι,
1038 4744 1126 4797 13.
1205 4741 1248 4778 ⁸⁷
1293 4741 1315 4797 Ι
1345 4741 1474 4798 Cor.
1508 4758 1568 4810 ιι,
1601 4744 1748 4810 7,1Ο.
1847 4739 1894 4774 ⁸⁸
1935 4738 1956 4791 Ι
1989 4739 2118 4794 Cor.
2153 4750 2183 4790 ι

2321 4735 2374 4787 Ο.
2476 4731 2522 4764 ⁸ο
2566 4731 2609 4784 ll
2641 4730 2775 4785 Cor.
2809 4747 2843 4797 ι,
2876 4735 2931 4800 9,
2964 4733 3048 4786 10.
3143 4733 3191 4766 ³ο
3231 4731 3408 4788 ICor.
3438 4747 3512 4796 ιν,
3541 4739 3594 4788 7.
3689 4734 3735 4768 ⁵¹
3782 4735 3912 4791 Ga-

531 4825 636 4885 lat.
673 4843 750 4896 1v,
777 4833 830 4886 9.
924 4830 973 4868 ⁸³
1010 4829 1265 4906 Philipp.
1297 4845 1378 4901 ιιι,
1416 4836 1501 4890 12.
1579 4831 1627 4868 ⁵³
1662 4833 1834 4887 Joan.
1861 4844 1956 4900 xv,
1996 4830 2081 4884 16.
2175 4825 2183 4861 ⁵

2318 4835 2404 4876 en.
2437 4833 2514 4888 ιιι,
2547 4821 2636 4880 24.
2714 4819 2762 4855 ⁵⁵
2804 4822 2823 4875 1
2853 4822 2994 4892 Reg.
3026 4837 3150 4890 xvx,
3182 4821 3268 4877 14.
3371 4822 3420 4858 ⁵⁸
3451 4824 3619 4878 Rom.
3673 4838 3754 4895 ιιι,
3805 4828 3907 4882 20.

533 4919 579 4958 ⁸⁷
621 4918 827 4979 Matth.
852 4935 1006 4991 χιιι,
1030 4925 1120 4979 33.

2304 1568 2450 1643 παρά
2504 1573 2677 1620 πᾶσαν
2725 1565 3052 1641 ἀνθρωπίνην
3110 1563 3317 1623 ἐλπίδα.
3377 1567 3558 1634 Αὐτοὶ,
3617 1571 3798 1640 φησὶν,
3856 1566 3915 1622 ἄν

2308 1656 2506 1718 ἑαυτοῖς
2543 1659 2602 1708 τὸ
2633 1654 2901 1730 ἀπόκριμα
2941 1664 3034 1710 τοῦ
3076 1657 3298 1708 θανάτου
3329 1655 3655 1729 ἐσχήκαμεν,
3702 1658 3786 1710 ἱνα
3831 1660 3912 1729 μὴ

607 5046 718 5115 (65)
751 5043 939 5120 Editio
971 5044 1158 5120 Paris.
1196 5048 1365 5120 πάντα
1393 5048 1460 5099 τὰ
1485 5046 1670 5120 ἑαυτοῦ
1698 5044 1984 5120 θελήματα,
2020 5042 2185 5120 ζῆσαι

537 5111 734 5175 affuit.
789 5118 930 5187 Reg.
981 5117 1188 5172 tertius
1244 5119 1414 5171 πάντα
1459 5121 1525 5171 τὰ
1577 5119 1783 5187 ἑαυτοῦ,
1823 5111 2014 5179 ζῆσαι.
2075 5111 2184 5168 Alii

533 5189 654 5242 tres
694 5203 840 5242 mss.
891 5203 1030 5244 cum
1072 5187 1330 5244 editione
1381 5190 1698 5247 Basileensi
1742 5191 1843 5255 ita,
1888 5193 1951 5242 ut
1998 5194 2182 5240 eden-

535 5255 684 5313 dum
721 5259 1090 5317 curavimus.
1129 5261 1282 5316 Satis
1323 5267 1524 5318 autem
1554 5262 1699 5317 mihi
1736 5257 2055 5316 verisimile
2095 5256 2180 5323 tit,

531 5343 748 5406 vocem
797 5330 1073 5406 Gel-epam
1101 5348 1138 5389 a
1176 5333 1572 5406 typographis
1618 5333 1918 5406 adjectam
1976 5328 2178 5384 fuisse.

535 5397 884 5480 Quodnioa
904 5397 1500 5480 sequiturfé'igSoro‘t;
1528 5397 1714 5478 ἑσμένξ
1727 5407 1789 5459 in
1831 5404 1922 5480 his
1949 5415 2178 5480 sumus,

530 5469 887 5551 itaintelligi
934 5469 1198 5546 oportet:
1259 5477 1492 5551 Nostra
1531 5469 1901 5551 conversatio
1935 5477 2081 5551 jam_
2113 5473 2178 5527 in

532 5539 1100 5622 caelis_est,jam'que
1129 5560 1443 5622 versamur
1471 5549 1533 5603 in
1567 5549 1732 5622 bonis
1770 5539 2000 5616 futufaz
2023 5549 2174 5603 vitm.

600 5609 714 5686 (66)
739 5609 1130 5696 Antiqui'tres
1157 5617 1291 5674 libri
1323 5621 1460 5694 ἡμᾶς
1489 5623 1578 5672 καὶ
1606 5609 1916 5696 pacat-acu...
1948 5623 2034 5674 καὶ
2067 5623 2174 5677 ἔτι-

2295 5034 2756 5111 ῥύεταιηῌιιιξξιιε
2786 5035 2900 5092 hoc
2925 5034 3057 5108 ipso
3086 5035 3148 5092 in
3173 5035 3309 5093 loco
3336 5040 3455 5094 tres
3482 5052 3629 5094 mss.
3662 5037 3906 5097 ἠλπίκα-

2295 5106 2405 5180 μεν.
2444 5107 2593 5180 Editi
2609 5106 2936 5180 ἠλπίσαμεν.
2949 5106 2964 5108 ”
3189 5145 3194 5148 -

2367 5183 2482 5248 (67)
2514 5177 2714 5252 EditiQ
2737 5177 2921 5233 Paris.
2955 5183 3070 5232 τότε
3099 5189 3234 5252 γνῷς
3279 5185 3510 5233 σεαυτόν.
3550 5181 3745 5238 Editio
3779 5184 3904 5240 Ba-

2295 5249 2388 5304 sil.
2420 5253 2628 5322 γνὼσης
2656 5250 2830 5324 αὐτόν.
2860 5253 3018 5305 Unus
3040 5266 3070 5305 e
3094 5249 3552 5307 Co‘mbefisianis
3573 5261 3752 5324 γνώσῃ
3781 5257 3903 5309 ἑαυ-

2293 5326 2399 5377 τὸν,
2427 5315 2579 5397 ᾘθεί
2601 5322 2831 5397 primus
2861 5328 3037 5397 γνώσῃ
3073 5327 3308 5379 σεαυτόν.
3347 5315 3609 5397 Denique
3638 5315 3781 5397 Reg.
3810 5345 3902 5385 se-

2293 5383 2617 5447 cunduset
2636 5392 2802 5465 Colb.
2831 5383 3064 5464 primus
3091 5403 3246 5465 γνῷς.

2364 5465 2666 5541 (βΒῌΙιιιιε
2695 5463 2886 5541 code}
2935 5463 3254 5541 Regfupé;
3300 5465 3578 5522 εὐσέϐειαν.
3634 5467 3789 5527 Editi
3839 5475 3900 5531 et

2289 5534 2500 5614 reliqui
2530 5550 2676 5590 mss.
2710 5534 2992 5596 εὐλάϐειαν,
