4076 6190
229 273 341 328 533

1479 263 1770 323 HOMILIA
1808 261 1900 318 DE
1938 259 2373 324 HUMILITATE

3496 264 3604 326 53L

232 417 361 462 των,
416 400 494 466 τῷ
550 398 642 448 καὶ
690 395 784 453 τὴν
832 393 1013 447 ἑαυτοῦ
1064 393 1383 467 καταμαθεῖν
1427 390 1714 457 ἀσθένειαν,
1752 407 1815 442 κα

1953 386 2213 445 diendus
2265 391 2342 446 ad
2373 393 2601 447 metum
2634 394 2815 463 atque
2845 390 2924 447 ad
2955 391 3322 461 cautionem,
3349 391 3603 449 edocen-

232 493 436 559 γνῶναι
500 493 699 558 σαφῶς,
734 484 815 536 ὅτι
860 485 1090 558 καθάπερ
1139 480 1188 536 ἐν
1233 490 1307 554 τῷ
1352 482 1560 554 πελάγει
1588 490 1843 534 καταπον-

235 576 532 647 τιζόμενος,
586 572 870 645 ἐκουφίσθη
930 579 992 632 τῆ
1041 578 1133 625 τοῦ
1173 577 1405 645 χριστοῦ
1455 567 1622 642 δεξιᾷ,
1678 569 1844 633 οὕτως

233 664 282 718 ἐν
327 672 405 734 τῷ
445 659 677 716 κλύδωνι
705 669 797 715 τοῦ
838 659 1234 737 σκανδαλισμοῦ
1289 657 1632 723 κινδυνεύσας
1662 654 1843 713 ἀπο).εό

236 755 369 809 σθαι
395 749 471 806 δι’
503 752 776 821 ἀπιστίας,
810 751 1081 825 ἐφυλάχθη
1114 748 1334 825 δυνάμει
1365 756 1619 826 Χριστοῦ,
1653 748 1709 812 ὃς
1749 752 1840 802 καὶ

231 850 478 921 προεῖπεν
522 842 664 913 αύτῷ
708 845 766 895 τό
828 841 1242 915 συμϐησόμενον,
1293 840 1472 912 λέγων·
1524 843 1713 912 Σίμων,
1746 843 1839 892 Σί-

231 953 367 1007 μων,
405 929 524 985 ἰδού
573 932 599 985 6
652 936 881 995 Σατανᾶς
935 929 1226 1004 ἐξῃτήσατο
1276 936 1369 983 τοῦ
1422 930 1660 982 σινιάσαι
1702 929 1837 1001 ὑμᾶς

232 1024 304 1086 ὡς
331 1025 424 1077 τόν
456 1021 621 1078 σῖτον.
657 1020 812 1093 Κάγὼ
851 1017 1071 1095 ἐδεηθην
1100 1023 1218 1096 περὶ
1267 1024 1381 1086 σοῦ,
1417 1021 1499 1070 ἵνα
1524 1021 1594 1091 μὴ
1629 1015 1833 1091 ἐκλείπῃ

231 1113 348 1184 (69)
374 1113 405 1172 ἡ
461 1130 641 1174 πιστις
672 1128 790 1178 σου,
819 1113 911 1165 καὶ
955 1110 1019 1163 σύ
1062 1128 1184 1162 ποτε
1237 1107 1556 1181 ἐπιστρίψας
1592 1104 1837 1181 στήριξον

228 1206 354 1263 τοῦς
400 1198 659 1274 ἀδελφούς
692 1218 808 1255 σου.
846 1204 949 1254 Καὶ
979 1201 1171 1273 Πέτρος
1210 1197 1303 1272 μὲν
1334 1198 1501 1260 οὕτως
1542 1195 1830 1270 ἐλεγχθεὶς,

228 1288 462 1353 δικαίως
532 1288 820 1353 teneam,
874 1292 1005 1363 πρὸς
1078 1286 1326 1341 ἀπόθεσιν
1383 1284 1682 1348 ἀλαζονείας
1743 1289 1834 1362 καὶ

227 1377 393 1455 ρειδὼ
449 1386 550 1434 τῶν
598 1377 949 1433 ἀσθενούντων
1003 1373 1447 1451 ἐκπαιδευόμενος·
1494 1376 1520 1428 6
1566 1372 1625 1428 δέ
1667 1381 1832 1451 Φαρι-

228 1479 382 1533 σαῖος
434 1466 645 1537 ἐκεῖνος,
678 1468 705 1522 6
764 1466 931 1543 βαρύς
987 1471 1077 1521 καὶ
1129 1468 1249 1521 καθ’
1296 1464 1583 1543 ὑπερϐολὴν
1631 1466 1831 1539 ύπερήο

226 1579 404 1636 ρανος,
457 1560 483 1612 6
538 1563 612 1635 μὴ
672 1563 825 1633 μόνον
891 1555 968 1631 ἐφ’
1028 1557 1189 1630 ἐαυτῷ
1249 1560 1645 1634 θρασυνόμενος,
1703 1552 1831 1607 ἀλλὰ

222 1657 314 1705 καί
358 1654 448 1705 τόν
504 1647 723 1707 τελώνην
777 1645 858 1701 ἐπὶ
908 1652 1041 1700 Θεοῦ
1108 1644 1396 1722 διασύρων,
1456 1644 1689 1699 ἀπώλεσε
1736 1650 1830 1717 τῇς

1952 478 2187 554 dusque
2215 481 2474 538 inﬁrmis
2500 497 2746 555 parcere
2771 485 2830 538 et
2865 483 3038 554 160
3085 483 3409 555 debilibus,
3432 482 3603 556 quod

1950 573 2006 625 et
2028 585 2200 627 suam
2243 572 2524 642 cognovit
2552 571 2984 635 inﬁrmitatem,
3007 575 3066 628 et
3091 572 3407 645 perspicue
3432 571 3606 629 intel-

1948 657 2266 733 lexitquod
2287 660 2978 734 quemadmodum,cum
2993 661 3052 717 in
3068 660 3283 733 pelago
3305 675 3605 732 mergere.

1948 751 2064 819 tur,
2096 764 2203 822 per
2243 749 2462 806 Christi
2499 750 2811 807 dexteram
2841 754 3043 806 erutus
3082 753 3192 817 est,
3222 750 3307 807 ita
3325 750 3389 806 in
3419 765 3600 807 scan-

1947 837 2068 894 dali
2090 838 2350 911 procella
2370 839 2450 896 ob
2471 838 2950 896 incredulitatem
2970 838 3032 895 in
3053 838 3345 911 pereundi
3365 838 3600 912 pericu-

1944 927 2073 985 lum
2119 928 2389 995 veniens,
2434 929 2650 987 Christi
2693 929 2910 985 virtute
2957 933 3231 986 servatus
3264 929 3371 986 sit:
3408 926 3517 1001 qui
3539 928 3597 989 ei

1944 1017 2127 1073 etiam
2158 1018 2518 1089 praedixerat
2541 1019 2706 1091 quod
2748 1022 2876 1080 erat
2902 1018 3195 1085 futurum,
3225 1017 3321 1075 his
3347 1015 3592 1074 verbis:

1942 1107 2170 1176 Simon,
2200 1106 2448 1165 Simon:
2476 1125 2607 1166 ecce
2622 1109 2885 1166 Satanas
2908 1109 3214 1179 expetivit,
3241 1113 3310 1165 ut
3328 1107 3595 1165 cribaret

1944 1211 2044 1253 vos
2072 1199 2226 1254 sicut
2249 1199 2537 1255 triticum.
2566 1200 2649 1255 Et
2676 1215 2781 1270 ego
2802 1199 3013 1269 rogavi
3028 1213 3140 1268 pro
3160 1202 3237 1267 te,
3263 1203 3329 1253 ut
3349 1212 3470 1253 non
3493 1196 3594 1254 de-

1938 1287 2105 1357 ﬁciat
2123 1287 2272 1357 ﬁdes
2303 1294 2452 1345 tua:
2489 1294 2545 1347 et
2572 1295 2636 1345 tu
2657 1289 2990 1363 aliquando
3013 1301 3351 1354 conversus,
3373 1287 3593 1355 conﬁr-

1939 1391 2045 1449 ma,
2058 1379 2290 1449 fratres
2319 1384 2449 1436 tuos
2472 1381 2540 1434 ⁵⁸.
2560 1382 2642 1436 Ac
2667 1383 2872 1436 Petrus
2895 1376 3142 1452 quidem
3171 1378 3256 1433 sic
3270 1375 3592 1449 reprehen-

1940 1484 2063 1533 sus,
2097 1468 2330 1542 accepit
2371 1486 2553 1544 opem
2581 1470 2816 1538 merito,
2840 1474 2899 1527 et
2930 1467 3241 1538 auxilium,
3272 1468 3340 1523 ut
3362 1465 3590 1523 fastum

1937 1559 2261 1632 deponere,
2280 1565 2337 1618 et
2354 1559 2611 1617 inﬁrmis
2630 1576 2877 1634 parcere
2889 1560 3170 1617 disceret.
3199 1560 3428 1615 Rursus
3441 1556 3592 1614 Pha-

1936 1649 2146 1707 risaens
2176 1648 2294 1722 ille,
2326 1649 2654 1725 impudens
2684 1655 2741 1708 et
2761 1665 2952 1724 supra
2975 1648 3232 1707 modum
3261 1645 3587 1721 superbus,

224 1738 575 1802 δικαιοσύνης
637 1740 696 1792 τό
748 1739 1011 1811 καύχημα
1068 1732 1161 1792 διὰ
1215 1739 1274 1791 τὸ
1324 1745 1420 1799 τῆς
1478 1736 1815 1811 ὑπερηφανίας

1934 1756 2059 1798 non
2076 1743 2139 1799 in
2162 1741 2361 1817 seipso
2385 1741 2583 1799 solum
2597 1739 3045 1808 conﬁdens,sed
3057 1738 3385 1813 publicano
3404 1736 3589 1796 etiam

222 1830 487 1904 ἐγκλημα.
558 1830 659 1882 Καὶ
725 1827 979 1887 κατῆλθεν
1045 1828 1071 1881 6
1135 1824 1356 1889 τελώνης
1422 1822 1829 1899 δεδικαιωμένος

220 1923 350 1996 ὑπὲρ
405 1919 584 1984 αὐτόν,
634 1918 715 1971 ὅτι
762 1920 850 1971 τόν
899 1915 1047 1990 ἅγιον
1100 1912 1319 1981 ἐδόξαζε
1370 1917 1520 1984 Θεὸν,
1565 1919 1657 1969 καὶ
1703 1911 1829 1970 οῦδέ

223 2009 526 2064 ἀναϐλέπειν
584 2006 795 2081 ἐτόλμα,
825 2002 932 2059 ἀλλ’
992 2004 1211 2081 ἱλασμόν
1275 2004 1442 2067 ἐζήτει
1488 2006 1663 2081 μόνον,
1703 2024 1826 2059 κατ-

226 2104 428 2175 ήγορος
459 2099 524 2150 ὧν
558 2096 745 2151 ἑαυτοῦ
774 2101 865 2151 καὶ
918 2105 989 2169 τῷ
1022 2100 1267 2170 σχήματι
1300 2097 1392 2149 καὶ
1429 2101 1493 2169 τῇ
1524 2097 1660 2149 κατὰ
1691 2097 1825 2154 στη-

229 2191 357 2251 θονς
382 2188 570 2263 πληγῇ,
620 2190 712 2241 καὶ
741 2194 813 2260 τῷ
844 2187 1018 2250 ζητεῖν
1064 2182 1215 2240 οὐδέν
1253 2184 1377 2239 ἄλλο
1405 2184 1540 2246 πλὴν
1584 2183 1823 2258 ἱλασμὸν·

219 2278 357 2355 Ὅρα
384 2274 453 2339 δὴ
487 2270 574 2331 οὖν
604 2280 695 2331 καὶ
730 2276 989 2351 φυλάττου
1020 2278 1078 2330 τό
1104 2271 1443 2350 παράδειγμα
1464 2284 1559 2341 τῆς
1586 2273 1826 2348 χαλεπῆς

221 2364 298 2422 δι’
325 2370 681 2444 ὑπερηφανίαν
733 2368 949 2441 ζημίας.
1004 2364 1307 2440 Ἐζημιώθη
1340 2368 1434 2425 τὴν
1480 2360 1824 2425 δικαιοσύνην

218 2458 800 2533 ὑπερηφανεύσάμενος,
845 2452 1076 2511 ἀπώλεσε
1121 2457 1209 2508 τόν
1259 2456 1447 2530 μισθόν
1495 2455 1823 2529 θρασυνόμε-

216 2568 320 2611 νος·
350 2548 630 2608 ἠλαττώθη
680 2550 775 2600 τοῦ
805 2553 1048 2601 ταπεινοῦ
1097 2547 1189 2600 καὶ
1228 2543 1559 2621 ἁμαρτωλοῦ,
1589 2543 1821 2618 μεγαλύ-

216 2658 306 2704 νας
337 2638 526 2692 ἑαυτὸν
565 2638 694 2711 ύπέρ
738 2635 945 2703 ἐκεῖνον,
985 2639 1076 2689 καὶ
1123 2635 1217 2689 οῦκ
1261 2634 1532 2709 ἀναμείνας
1560 2638 1656 2693 τὴν
1676 2633 1820 2709 παρά

218 2733 349 2781 Θεοῦ
397 2729 599 2802 κρίσιν,
622 2722 752 2778 ἀλλὰ
800 2726 893 2784 τὴν
931 2725 1076 2800 παρά
1123 2724 1282 2778 αὑτοῦ
1312 2722 1601 2796 ἐξενεγκὼν.
1644 2726 1713 2777 Σὺ
1758 2718 1819 2777 δέ

214 2816 328 2870 κατ’
382 2812 601 2877 οὐδενός
652 2811 925 2890 ἐπαρθήσῃ
983 2815 1129 2881 ποτε,
1171 2809 1296 2867 ούδέ
1345 2813 1482 2866 κατὰ
1530 2819 1632 2866 τῶν
1683 2812 1816 2885 ἄγαν

216 2905 558 2986 ἁμαρτωλῶν.
607 2903 808 2959 Ῥύεται
857 2900 1100 2966 πολλάκις
1145 2905 1176 2965 ἡ
1236 2904 1677 2977 ταπεινοφροσύνη
1726 2905 1815 2956 τόν

214 2996 567 3072 ἡμαρτηκότα
611 2992 778 3049 πολλὰ
822 2998 912 3049 καὶ
950 2992 1170 3068 μεγάλα.
1210 2997 1297 3053 Μὴ
1349 2989 1436 3046 οὖν
1467 2994 1681 3047 σεαυτόν
1733 2987 1815 3046 δι-

1936 1847 2141 1888 coram
2176 1834 2295 1889 Deo
2347 1831 2742 1902 conviciatus,
2784 1829 3031 1903 justitite
3082 1829 3341 1901 gloriam
3369 1827 3452 1885 ob
3487 1842 3586 1884 su-

1933 1921 2158 1996 perbiae
2190 1922 2416 1979 crimen
2467 1921 2686 1978 amisit.
2730 1921 2845 1979 Sed
2882 1918 3198 1977 descendit
3221 1917 3586 1992 publicanus

1929 2011 2294 2084 justiﬁcatus
2312 2027 2437 2085 prae
2450 2027 2543 2081 eo,
2557 2009 2724 2085 quod
2746 2009 3000 2081 gloriam
3017 2010 3137 2066 Deo
3157 2012 3368 2065 sancto
3385 2006 3582 2076 daret,

1935 2106 1990 2158 et
2016 2101 2360 2159 neattollere
2381 2100 2629 2175 quidem
2646 2099 2898 2157 auderet
2925 2096 3272 2168 oculos,sed
3292 2096 3588 2172 propitia-

1933 2191 2158 2251 tionem
2209 2190 2407 2249 solum
2461 2194 2850 2266 exposceret:
2899 2188 3127 2264 quippe
3174 2190 3232 2245 et
3256 2186 3493 2251 habitu,
3524 2188 3583 2245 et

1932 2280 2322 2357 percutiendo
2370 2285 2635 2358 pectore,
2675 2283 2733 2338 et
2761 2280 2879 2338 alia
2905 2277 3076 2336 nulla
3104 2293 3170 2335 re
3200 2280 3416 2353 praeter
3441 2290 3585 2350 pro-

1931 2372 2302 2447 pitiationem
2328 2371 2584 2446 quaesita
2615 2386 2678 2427 se
2697 2370 2825 2445 ipse
2850 2368 3182 2427 accusabat
3209 2364 3445 2448 ".Vide
3472 2364 3586 2436 igi-

1931 2465 2026 2519 tur
2076 2466 2133 2519 et
2182 2477 2330 2519 cave
2377 2461 2725 2534 exemplum
2769 2459 2968 2531 gravis
2999 2456 3231 2525 damni;
3260 2456 3341 2514 ob
3370 2469 3584 2528 super-

1930 2550 2117 2609 biam.
2148 2550 2396 2609 Iustitiae
2421 2549 2559 2608 fecit
2577 2550 2902 2623 jacturam,
2933 2547 3102 2622 quod
3140 2545 3295 2603 ultra
3322 2542 3580 2600 modum

1928 2641 2291 2715 superbiret;
2312 2640 2890 2710 amisitmercedem,
2903 2637 3070 2712 quod
3088 2635 3300 2693 ﬁderet
3315 2631 3431 2689 sibi
3441 2631 3581 2704 plus

1927 2747 2103 2805 aaquo
2127 2747 2141 2799 ;
2173 2731 2387 2789 humili
2417 2730 2788 2806 postpositus
2803 2733 2891 2786 est
2912 2730 2968 2786 et
2986 2723 3308 2801 peccatori,
3325 2719 3497 2796 quod
3514 2736 3582 2778 se

1924 2821 2117 2895 pluris
2138 2837 2327 2897 quam
2355 2820 2524 2879 illum
2553 2821 2795 2889 faceret,
2827 2835 2939 2877 nec
2960 2817 3062 2876 Dei
3091 2814 3465 2890 exspectaret
3483 2810 3584 2884 ju-

1924 2911 2171 2981 dicium,
2222 2910 2329 2967 sed
2374 2927 2555 2967 suum
2599 2909 2793 2984 ipsius
2818 2908 3143 2984 proferret.
3196 2908 3281 2963 Tu
3308 2916 3454 2960 vero
3478 2899 3587 2959 ad-

1922 3017 2134 3059 versus
2158 3003 2467 3059 nominem
2508 3015 2784 3073 unquam
2814 3006 2869 3057 te
2891 2998 3129 3060 eﬁ'eras,
3161 2999 3220 3052 et
3262 3009 3338 3050 ne
3363 2990 3585 3073 adver-_

210 3090 447 3160 καιώσης
493 3087 625 3162 ὑπὲρ
684 3084 872 3162 ἕτερον,
922 3089 1140 3158 μήποτε,
1196 3078 1493 3145 δικαιωθεὶς
1536 3090 1598 3155 τῇ
1652 3100 1812 3136 σεαυ-

1928 3110 2025 3151 sus
2052 3108 2155 3150 eos
2202 3090 2451 3169 quidem
2492 3091 2598 3165 qui
2621 3065 2839 3159 'magni
2892 3091 3034 3143 sunt
3059 3086 3431 3159 peccatores.
3465 3065 3584 3147 Qui

208 3182 299 3228 τοῦ
327 3176 515 3250 ψήφῳ,
546 3182 612 3248 τῇ
658 3180 750 3227 τοῦ
805 3180 938 3227 Θεοῦ
985 3173 1329 3248 κατακριθῇς.
1376 3171 1486 3225 Ούκ
1533 3172 1808 3248 ἀνακρίνω,

212 3270 389 3339 φησὶν,
424 3264 668 3339 ἐμαυτὸν,
700 3266 726 3317 6
749 3263 971 3327 Παῦλος.
994 3257 1162 3317 Ούδέν
1198 3264 1299 3338 γάρ
1331 3260 1537 3338 ἐμαυτῷ
1568 3258 1807 3317 σύνοιδα·

209 3352 315 3407 ἀλλ’
356 3355 453 3409 οῦκ
501 3353 555 3408 ἐν
601 3355 769 3429 τούτῳ
814 3349 1186 3429 δεδικαίωμαι.
1214 3352 1272 3407 Ὀ
1304 3349 1366 3407 δὲ
1410 3351 1694 3427 ἀνακρίνων
1723 3369 1807 3427 με,

210 3446 408 3522 Κύριός
431 3443 596 3500 ἐστιν.
1044 3454 1047 3463 ’

270 3718 326 3772 5.
375 3716 495 3770 Οἴει
548 3714 854 3788 κατορθοῦν
912 3710 1141 3782 ἀλαθόνς
1195 3711 1520 3787 Εὐχαρίστει
1574 3721 1647 3786 τῷ
1692 3719 1807 3788 Θεῷ

194 3808 268 3881 μή
320 3805 615 3867 κατακτοῦ
643 3801 866 3861 πλησίον
905 3801 1145 3878 ἐπαίρου.
1175 3807 1246 3857 Τό
1272 3805 1420 3876 ἔργον
1452 3801 1636 3856 ἑαυτοῦ
1663 3805 1803 3875 (70),

195 3899 353 3968 fuci,
416 3890 753 3965 δοκιμαζέτω
823 3892 1060 3959 ἕκαστος,
1137 3896 1228 3945 καὶ
1292 3897 1408 3947 τότε
1481 3897 1554 3955 εὶς
1624 3892 1805 3947 ἑαυτὸν

194 3990 355 4061 μόνον
402 3988 465 4038 τὸ
523 3985 788 4057 καύχημα
837 3982 956 4050 ἔξει,
1005 3988 1095 4036 καὶ
1138 3982 1231 4036 ούκ
1274 3983 1349 4047 εἰς
1376 3985 1462 4037 τόν
1500 3983 1694 4060 ἕτερον.
1741 3988 1806 4039 Τί

191 4076 297 4153 γὰρ
357 4078 575 4135 ὤνησας
620 4076 708 4127 τὸν
758 4070 1000 4141 πλησίον,
1062 4074 1142 4126 ὅτι
1207 4077 1387 4127 πίστιν
1439 4072 1797 4149 ὡμολόγησας,

192 4172 223 4224 ἦ
295 4168 470 4241 φυγὴν
514 4163 794 4237 ὑπέμεινας
844 4156 937 4216 διά
990 4166 1150 4237 ὄνομα
1196 4170 1455 4240 Χριστοῦ,
1483 4168 1514 4224 ἦ
1567 4172 1679 4229 τοῖς
1714 4186 1803 4227 νη-

194 4259 376 4317 στείας
422 4252 831 4328 ἑνεκαρτίρησας
878 4256 1084 4323 πόνοιςς
1137 4253 1260 4325 Ούχ
1290 4254 1461 4329 ἐτέρου
1499 4260 1558 4310 τό
1594 4255 1796 4333 κέρδος,

194 4340 324 4395 ἀλλά
376 4346 490 4397 σόν.
535 4340 804 4401 Φοϐήθητι
850 4350 945 4407 τῆς
975 4350 1068 4397 τοῦ
1123 4340 1371 4398 διαϐόλου
1414 4350 1661 4412 πτώσεως
1705 4354 1798 4410 τὴν

1922 3183 2514 3253 multismagnisque
2528 3177 2792 3254 peccatis
2812 3175 3116 3234 obnoxius
3137 3176 3250 3237 est,
3264 3185 3406 3227 cum
3418 3183 3577 3241 sape

1921 3271 2142 3331 liberat
2157 3269 2483 3327 humilitas.
2494 3272 2699 3341 Itaque
2714 3281 2791 3322 ne
2812 3268 2868 3323 te
2880 3265 3009 3340 ipse
3024 3279 3148 3337 prae
3161 3260 3350 3319 altero
3361 3260 3382 3332 j
3393 3257 3579 3315 ustiﬁ‘

1920 3360 2174 3429 caveris;
2187 3359 2514 3437 nequando
2528 3358 2627 3413 Dei
2639 3353 3068 3422 sententia,etsi
3083 3358 3185 3410 tua
3190 3349 3574 3424 iustiﬁcatus,

1931 3451 2356 3509 condemnere.
2390 3449 2527 3506 Non
2556 3446 2769 3519 judico
2784 3441 3306 3520 meipsum,inquit
3325 3437 3571 3496 Paulus.

1915 3540 2093 3601 Nihil
2115 3541 2270 3599 enim
2301 3540 2455 3597 mihi
2477 3539 2744 3596 conscius
2773 3551 2902 3592 sum
2928 3549 2953 3593 .'
2970 3533 3073 3591 sed
3098 3531 3303 3589 nonin
3321 3527 3572 3600 hocius-

1917 3633 2180 3706 tiﬁcatus
2201 3646 2328 3688 sum
2340 3671 2354 3686 .
2372 3630 2486 3699 Qui
2504 3633 2701 3686 autem
2713 3626 2958 3698 judicat
2975 3638 3070 3681 me
3087 3621 3379 3679 Dominus
3393 3622 3479 3675 est
3492 3616 3565 3673 ⁸ο.

1988 3725 2040 3778 5.
2081 3723 2465 3794 Perpetrasse
2510 3720 2567 3775 te
2598 3715 2743 3773 boni
2776 3711 3005 3788 aliquid
3043 3707 3354 3768 arbitraris
3377 3706 3407 3762 ‘2
3439 3707 3567 3775 Age

1916 3810 2143 3885 gratias
2171 3811 2310 3879 Deo,
2341 3824 2417 3866 ne
2447 3806 2661 3863 extolle
2683 3809 2737 3863 te
2767 3809 2977 3861 contra
3002 3799 3370 3876 proximum.
3401 3796 3565 3866 Opus

1912 3917 2107 3969 suum,
2136 3899 2348 3975 inquit,
2367 3898 2577 3969 probet
2598 3895 3020 3969 unusquisque,
3036 3897 3092 3950 et
3113 3896 3240 3948 tum
3259 3888 3323 3945 in
3343 3891 3564 3975 semet-

1912 3993 2040 4063 ipso
2058 3973 2295 4048 tantum
2308 3990 2566 4062 gloriam
2591 3984 2849 4052 habebit,
2874 3989 2927 4041 et
2949 3996 3068 4039 non
3089 3981 3154 4038 in
3171 3979 3293 4038 alio
3309 3979 3355 4015 ⁸³
3368 4018 3381 4033 .
3404 3973 3560 4043 Quid

1911 4082 2072 4140 enim
2101 4080 2448 4156 proximum
2465 4073 2875 4151 juvisti,quod
2901 4073 3085 4129 ﬁdem
3122 4084 3187 4127 es
3217 4066 3555 4135 confessus,

1912 4177 2015 4231 aut
2044 4169 2320 4241 exsilium
2346 4182 2677 4243 perpessus
2707 4164 2786 4221 ob
2817 4161 3031 4220 Christi
3060 4174 3304 4229 nomen,
3338 4162 3443 4215 aut
3463 4158 3557 4230 je-

1902 4261 2058 4334 junii
2086 4259 2326 4317 labores
2355 4259 2701 4314 constanter
2723 4250 3065 4327 pertulisti?
3103 4251 3361 4306 Lucrum
3381 4250 3556 4305 tuum

1907 4354 2016 4420 est,
2033 4364 2157 4406 non
2180 4346 2441 4405 alterius.
2457 4344 2620 4401 Time
2635 4359 2710 4400 ne
2732 4340 3000 4398 similiter
3019 4338 3202 4396 cadas
3221 4342 3404 4411 atque
3422 4336 3555 4395 dia-

195 4430 472 4507 ὁμοίωσιν·
526 4431 604 4499 ὃς,
647 4430 887 4506 ἐπαρθεὶς
932 4434 1068 4486 κατά
1114 4438 1207 4486 τοῦ
1257 4431 1550 4509 ἀνθρώπου,
1596 4440 1797 4516 πέπτῳο

1928 4438 2107 4509 )olus,
2130 4437 2235 4512 qui
2256 4422 2446 4493 elatus
2467 4436 2678 4490 contra
2695 4430 3025 4502 hominem,
3048 4429 3128 4487 ab
3147 4427 3395 4486 homine
3414 4443 3557 4503 pro-

192 4540 275 4576 κεν
301 4519 389 4574 ὑπ’
432 4519 710 4597 ἀνθρώπου
741 4522 878 4590 (71),
917 4526 1007 4574 καὶ
1046 4517 1412 4597 παραδέδοται
1458 4525 1677 4601 πάτημα
1723 4538 1796 4604 τῷ

1928 4532 2133 4586 stratus
2158 4530 2268 4598 est,
2295 4530 2350 4581 et
2368 4524 2497 4581 vice
2519 4521 2770 4580 scabelli
2791 4520 3042 4578 traditus
3066 4523 3154 4577 est
3178 4517 3551 4577 conculcato.

193 4612 563 4685 πεπατημίνῷ.
611 4611 841 4669 Τοιαύτη
896 4614 985 4664 καὶ
1037 4618 1137 4664 τῶν
1198 4611 1535 4686 Ἰσραηλιτῶν
1583 4619 1613 4679 ἦ
1659 4626 1796 4672 πτῶ-

197 4717 295 4762 σις.
352 4700 723 4773 ἐπαιρόμενοι
772 4700 873 4773 γὰρ
957 4700 1095 4753 κατά
1144 4707 1245 4752 τῶν
1297 4699 1472 4771 ἐθνῶν,
1533 4705 1603 4767 ὡς
1667 4704 1794 4761 ἁχα-

196 4790 413 4863 Θείρτων,
465 4787 755 4863 ἀκάθαρτοι
824 4793 1098 4861 γεγόνασιν
1156 4787 1375 4853 ἀληθῶς·
1425 4793 1493 4846 τά
1559 4789 1619 4848 δὲ
1670 4797 1788 4859 ἔθνη

1902 4617 2055 4678 Talis
2085 4621 2177 4675 est
2206 4619 2264 4673 et
2285 4614 2684 4672 lsraelitarum
2717 4628 2914 4670 casus.
2947 4614 3095 4670 Cum
3133 4609 3296 4667 enim
3335 4607 3551 4667 adver-

1903 4725 2006 4766 sus
2036 4711 2241 4779 gentes
2269 4705 2431 4763 velut
2476 4702 2825 4762 immundas
2854 4701 3227 4771 efferrentur,
3261 4715 3398 4758 vere
3442 4698 3550 4756 im-

1901 4797 2115 4856 mundi
2132 4797 2275 4855 facti
2294 4800 2464 4854 sunt:
2491 4799 2696 4879 gentes
2716 4810 2857 4852 vero
2878 4792 3101 4851 effecta:
3121 4795 3261 4848 sunt
3278 4789 3545 4847 mundae.

259 4932 306 4968 ⁵⁸
345 4933 489 4990 Luc.
521 4932 663 5001 xxii,
717 4930 807 5003 31,
842 4933 933 4990 32.
1008 4932 1058 4968 ⁵³
1099 4934 1238 4990 Luc.
1271 4949 1429 5008 XVIII,
1460 4935 1652 4995 11-14.
1730 4941 1779 4978 ⁶⁰

1928 4957 2001 5000 π.
2033 4958 2111 5012 Iv,
2142 4945 2196 4999 3.
2225 4943 2282 4999 4.
2357 4941 2402 4978 σί
2446 4938 2633 4998 Galat.
2664 4954 2745 5010 γι,
2771 4939 2825 4995 4.

255 5076 367 5159 (ορ)
414 5073 667 5159 Codices
704 5072 938 5159 aliquot
985 5072 1217 5149 ἐκλείπῃ.
1247 5075 1398 5159 Editi
1427 5077 1632 5159 ἐκλίπῃ.
1659 5084 1789 5159 qu

1928 5100 2046 5141 tum
2068 5085 2335 5159 σινιάσαι,
2354 5084 2509 5141 Ecce
2528 5078 3125 5152 Satanasﬂxpetivit,
3150 5081 3215 5133 ut
3242 5074 3545 5139 cribraret

193 5142 322 5227 editi
346 5142 483 5227 ’ποτε
522 5142 828 5227 καιέπιστξ
850 5148 943 5227 ‘At
996 5142 1303 5227 mss._:1ro_r‘s
1333 5142 1668 5227 ἐπιστρέψας.
1727 5157 1791 5212 In

197 5216 438 5290 Vulgata
458 5217 747 5290 voxﬁui;
770 5215 1005 5273 videtur
1024 5218 1223 5290 posita
1241 5215 1524 5290 locognoh
1545 5215 1675 5281 suo.
1704 5229 1793 5284 Ita

199 5287 343 5364 enim
372 5287 435 5344 in
473 5303 549 5364 ea
586 5287 851 5357 legitur:
898 5287 1085 5364 Σίμων,
1120 5296 1308 5364 Σίμων,
1349 5289 1465 5346 ἰδοὺ
1495 5295 1521 5346 ό
1562 5302 1790 5362 Σατανᾶς

201 5355 469 5441 igni-auro
520 5355 679 5441 ύμᾶὲ]
704 5366 815 5441 Δϊοῦ
842 5355 1189 5441 σινιὲίσαιιὼς¹
1222 5355 1309 5415 τόν
1365 5371 1529 5433 σῖτον,
1560 5355 1788 5440 Simon;

201 5430 406 5502 Simon,
438 5430 575 5488 ecce
605 5430 871 5502 Satanas
897 5434 1185 5501 expetivit
1232 5449 1352 5501 vos,
1380 5441 1446 5492 ut
1492 5430 1792 5498 cribraret

204 5504 338 5585 sicut
366 5500 667 5585 triticum.
696 5500 1074 5585 Sed_m_elius,
1108 5500 1453 5585 _ut_videtu_r,
1484 5510 1649 5585 apud
1682 5514 1788 5568 Ba-

203 5574 399 5647 siliam,
422 5575 489 5635 in
510 5588 644 5652 quo
659 5588 786 5633 vox
804 5574 943 5650 ὑμᾶς
965 5574 1165 5637 locata
1182 5574 1484 5637 invenitur
1500 5574 1640 5656 post
1660 5586 1792 5642 ver-

1898 5172 1998 5215 vos
2022 5158 2178 5215 sicut
2201 5157 2489 5214 triticum.

1987 5232 2079 5295 70)
2120 5227 2363 5301 Antiqui
2394 5232 2510 5283 tres
2543 5223 2677 5301 libri
2709 5223 2914 5301 ἑαυτοῦ,
2942 5220 3091 5301 ELditi
3119 5219 3299 5301 αὑτοῦ.

1988 5290 2079 5359 71)
2118 5290 2309 5355 Editio
2336 5301 2590 5359 utraque
2628 5298 2686 5352 et
2733 5290 3162 5349 Combeﬂsiani
3213 5290 3338 5350 duo
3386 5308 3539 5355 mss.

1967 5313 2079 5369 (7t)
2118 5313 2309 5355 humo
2336 5313 2467 5353 utra
2518 5313 2590 5353 ue
2628 5313 2686 5352 et
2733 5313 3162 5349 unmnensmm
3213 5313 3338 5350 ιιυο
3386 5313 3539 5355 mss.

1897 5385 2055 5447 cum
2075 5369 2206 5426 aliis
2225 5313 2684 5447 duobuscliegiis
2715 5370 2844 5447 aut“
2867 5366 2953 5447 615’
2979 5361 3286 5447 ἀνθρώπου,
3307 5371 3413 5424 aut
3437 5367 3539 5447 ὑπὸ

1897 5438 2192 5516 ἀνθρώπου,
2220 5439 2298 5496 ad
2328 5434 2602 5516 verbum:
2634 5437 2845 5516 cecidit
2873 5434 2949 5516 ρο
2993 5434 3247 5516 homine,
3270 5435 3536 5516 hocest.

1893 5504 2239 5587 prgistratus
2269 5508 2456 5587 es_t_ab
2487 5508 2743 5587 homine.
2776 5513 2846 5587 At
2874 5504 3018 5583 Reg.
3060 5508 3294 5587 primus
3322 5511 3423 5566 ὑπὸ
3451 5504 3538 5572 τόν

1895 5580 2186 5659 ἄνθρωπον,
2216 5581 2428 5641 cecidit
2459 5580 2662 5641 subter
2686 5580 3004 5645 hominem.
