4076 6190
505 267 606 322 535

497 387 582 440 Ac
599 383 840 438 illorum
853 381 1103 453 quidem
1114 382 1349 452 justitia
1371 385 1521 440 sicut
1532 400 1771 458 pannus
1795 389 2132 441 menstrua-

497 476 567 527 ιω
596 471 754 526 facta
782 476 871 527 est
901 490 913 527 :
945 476 992 507 ⁶²
1023 474 1295 542 gentium
1340 491 1483 530 vero
1521 475 1808 547 iniquitas
1838 475 2142 548 impietas-

494 577 611 634 que
641 560 837 616 deleta
879 568 970 618 est
1019 578 1125 634 per
1163 563 1374 620 fidem.
1414 568 1477 620 In
1505 581 1766 634 summa,
1799 566 2147 622 memineris

491 650 646 706 illius
668 651 988 722 proverbii.
1015 653 1304 722 Superbi:
1349 656 1506 710 Deus
1546 657 1788 722 resistit,
1814 655 2143 711 humilibus

494 755 632 797 vero
653 740 760 798 dat
789 743 1054 811 gratiam
1076 744 1145 798 ⁸³.
1189 742 1353 798 Habe
1381 744 1441 798 in
1474 750 1761 816 promptu
1788 744 2149 800 sententiam

495 829 733 886 Domini
765 848 778 887 :
813 833 1015 888 Omnis
1041 833 1150 904 qui
1194 848 1253 888 se
1295 832 1602 900 humiliat,
1632 835 2041 900 exaltabitur;
2095 839 2150 890 et

497 922 602 992 qui
620 937 680 979 se
705 924 959 990 exultat,
989 923 1504 978 humiliabitur“.
1539 927 1618 980 Ne
1667 924 1754 978 tui
1800 923 1993 994 ipsius
2033 922 2148 980 ﬁas

492 1011 683 1082 judex
713 1013 981 1085 iniquus,
1023 1028 1218 1084 neque
1249 1013 1327 1066 ad
1361 1013 1616 1082 gratiam
1647 1012 1957 1083 expende:
1992 1012 2040 1068 si
2073 1012 2151 1067 vi-

497 1100 680 1157 deare
701 1102 804 1157 tibi
825 1102 1162 1174 quidquam
1183 1101 1328 1156 boni
1350 1101 1598 1170 habere,
1613 1106 1930 1157 numerata
1948 1101 2049 1156 illa
2062 1117 2147 1171 re,

499 1191 855 1263 delictisque
883 1191 1174 1246 oblivioni
1197 1191 1350 1246 ultro
1375 1191 1630 1261 traditis,
1649 1207 1844 1263 neque
1879 1191 1957 1246 ob
1991 1196 2150 1246 recte

499 1281 658 1338 facta
711 1281 1005 1336 hodierna
1060 1279 1416 1342 insolescas,
1459 1296 1660 1354 neque
1684 1280 2017 1337 recentium
2049 1283 2154 1336 aut

498 1375 769 1426 veterum
808 1369 1267 1425 maletactorum
1305 1371 1470 1442 161
1511 1369 1617 1425 tibi
1663 1370 1905 1426 veniam
1935 1384 2152 1425 conce-

498 1460 644 1515 das:
679 1459 782 1515 sed
811 1475 950 1514 cum
977 1475 1245 1532 praesens
1300 1459 1628 1516 reddiderit
1682 1466 1738 1516 te
1789 1459 2032 1530 elatum,
2065 1473 2157 1514 re-

498 1563 648 1604 voca
667 1548 725 1604 in
751 1548 1111 1604 memoriam
1133 1549 1448 1622 antiquam
1471 1549 1691 1620 agendi
1712 1549 2030 1614 rationem,
2048 1547 2155 1603 sic-

497 1655 614 1712 que
642 1637 894 1694 stolidus
929 1642 1069 1694 tuus
1091 1643 1292 1694 tumor
1313 1639 1591 1694 cessabit.
1617 1642 1703 1704 Et,
1725 1639 1775 1694 si
1804 1641 2154 1711 proximum

1853 261 1911 317 S.
1953 257 2201 316 BASILII
2257 261 2500 318 MAGNI.

3751 272 3858 325 536

2254 389 2590 462 κεκάθαρται.
2652 393 2753 442 Καὶ
2804 397 2902 443 τῶν
2960 393 3050 464 μὲν
3093 393 3122 450 ἡ
3169 389 3482 451 δικαιοσύνη
3533 396 3738 465 γέγονεν
3782 396 3860 460 ὦς

2253 477 2412 550 ῥάκος
2470 477 2884 551 ἀποκαθημένης,
2935 489 3032 532 τῶν
3093 478 3151 534 δι
3205 480 3356 534 ἐθνῶν
3427 485 3452 540 ἡ
3510 483 3698 555 ανομια
3764 491 3858 539 καὶ

2256 569 2285 624 ἡ
2334 566 2545 620 ἀσέϐεια
2574 565 2668 620 διὰ
2713 573 2938 631 πίστεως
2986 568 3299 633 ἐξηλειπται.
3361 571 3592 624 Καθόλου
3648 576 3857 647 μέμνη-

2259 675 2320 710 σο
2375 665 2469 718 τῆς
2518 655 2742 720 ἀληθοῦς
2791 663 3092 734 παροιμίας.
3159 659 3529 733 ’Υπερηφάνοις
3581 665 3713 725 Θεὸς
3757 662 3857 715 αν-

2255 748 2584 813 τιτάσσεται,
2634 755 2894 810 ταπεινοῖς
2966 745 3025 801 δὲ
3081 745 3281 802 δίδωσι
3332 751 3515 825 χάρίν.
3576 751 3710 823 Ἔχε
3758 761 3857 806 τοῦ

2261 841 2454 911 Κυρίου
2505 840 2564 889 τό
2606 837 2752 910 ῥῆμα
2798 841 3099 911 πρόχειρον·
3153 845 3263 900 Πᾶς
3317 840 3343 890 ό
3419 849 3668 893 ταπεινῶν
3737 843 3859 895 ἐαυυ

2256 929 2365 992 τόν,
2426 925 2784 996 ὑψωθήσεταιο
2840 932 2930 978 καὶ
2993 931 3018 979 ό
3066 927 3179 997 (7'2)
3235 927 3379 998 ὑψῶν
3432 927 3632 996 ἑαυτὸν,
3683 951 3864 984 ταπει-

2257 1017 2567 1073 νωθήσεται.
2613 1020 2696 1074 Μὴ
2751 1020 2897 1087 γίνου
2937 1021 3124 1089 κριτὴς
3175 1018 3356 1079 ἄνισος
3407 1026 3649 1085 σεαυτοῦ,
3714 1019 3861 1094 μηδὲ

2259 1107 2384 1177 πρὸς
2429 1107 2592 1178 χάριν
2651 1103 2871 1168 ἐξέταζεο
2922 1105 2965 1158 εἰ
3010 1109 3102 1179 μέν
3158 1126 3212 1158 τι
3269 1103 3438 1167 δοκεῖς
3497 1111 3636 1179 ἔχειν
3675 1109 3859 1182 καλόν,

2259 1200 2412 1245 τοῦτο
2477 1192 2527 1246 ἐν
2587 1193 2744 1266 ψήφῳ
2799 1194 2978 1262 τιθεὶς,
3037 1203 3136 1246 τῶν
3205 1191 3262 1248 δὲ
3324 1198 3670 1269 πταισμάτων
3729 1199 3862 1252 ἑκὼν

2259 1279 2729 1355 ἐπιλανθανόμενος,
2797 1279 2936 1356 μηδέ
2988 1281 3062 1356 ἐφ’
3116 1280 3193 1345 οἷς
3254 1287 3343 1357 μὲν
3406 1289 3624 1361 σὴμιρον
3671 1307 3862 1363 κατορ-

2263 1373 2372 1432 θοῖς
2427 1371 2852 1445 μεγαλυνόμενος,
2907 1370 2980 1445 ἐφ’
3039 1372 3117 1433 οἷς
3191 1368 3250 1425 δὲ
3305 1378 3484 1446 πρώην
3545 1379 3636 1428 καὶ
3697 1377 3864 1432 πάλαι

2262 1468 2430 1520 κακῶς
2486 1461 2732 1533 εἰργάσω,
2795 1465 3146 1533 συγχώρησιν
3213 1470 3414 1534 σεαυτῷ
3478 1459 3686 1527 διδούς·
3745 1464 3863 1519 ἀλλ’

2262 1552 2383 1602 ὅταν
2437 1569 2494 1602 σε
2531 1552 2589 1602 τό
2640 1552 2805 1624 παρόν
2853 1549 3128 1624 ἐπάρῃ,τό
3176 1550 3396 1604 παλαιόν
3445 1552 3517 1615 εἰς
3559 1551 3860 1628 ἀνάμνησιν

2263 1637 2449 1710 ἀγέτω,
2488 1643 2579 1692 καὶ
2629 1642 2807 1712 παύση
2865 1648 2960 1702 τῆς
3017 1637 3337 1698 ἀναισθητου
3403 1641 3704 1716 φλεγμονῆς.
3757 1649 3864 1698 Καὶ

497 1733 853 1801 peccantem
867 1727 1260 1797 videris,cave
1273 1729 2154 1800 consideresipsiuspeccatum

2272 1729 2306 1780 εἰ
2347 1730 2432 1780 τόν
2471 1727 2622 1789 πέλας
2660 1729 3020 1801 ἁμαρτάνοντα
3068 1731 3342 1804 θεωρήσεις
3397 1735 3532 1803 (73),
3578 1735 3650 1804 μὴ
3702 1741 3864 1786 τοῦτο

501 1817 699 1875 solum
723 1837 735 1874 :
765 1817 872 1874 sed
898 1818 1077 1874 etiam
1098 1834 1235 1891 quae
1263 1818 1402 1874 fecit
1429 1822 1534 1876 aut
1564 1817 1705 1874 facit
1734 1819 2151 1888 recte,cogita;

498 1913 557 1965 et
581 1923 741 1979 saepe
764 1924 902 1964 cum
923 1907 1342 1980 deprehendes
1370 1908 1560 1981 teipso
1582 1907 1916 1975 meliorem,
1939 1923 2156 1981 expen-

499 1997 580 2054 sis
608 1997 790 2055 rebus
821 1997 1128 2069 omnibus,
1162 2013 1286 2054 non
1316 2013 1442 2053 una
1495 1998 1793 2054 duntaxat
1821 2003 1991 2066 parte
2020 2015 2158 2055 exa-

497 2086 753 2144 minata.
792 2091 995 2159 Neque
1027 2087 1187 2142 enim
1213 2089 1370 2142 Deus
1401 2087 1716 2143 hominem
1746 2088 1808 2143 in
1849 2093 2018 2160 parte
2049 2105 2156 2144 ex-

496 2177 743 2250 pendit:
802 2179 932 2248 Ego
972 2177 1156 2244 enim,
1188 2176 1402 2248 inquit,
1436 2191 1621 2245 opera
1662 2183 1718 2233 et
1765 2179 2154 2247 cogitationes

497 2283 702 2324 eorum
725 2267 894 2323 venio
915 2272 1396 2337 congregatur-us
1424 2268 1492 2323 ⁸⁵.
1523 2268 1675 2332 Quin
1702 2268 1882 2323 etiam
1903 2284 2043 2323 cum
2063 2271 2156 2324 Jo-

499 2356 720 2429 saphat
750 2354 1085 2427 aliquando
1118 2354 1196 2409 ob
1223 2370 1492 2426 praesens
1523 2360 1840 2427 peccatum
1883 2356 2156 2430 increpa-

496 2444 901 2514 ret,.’meminit
923 2459 1173 2517 quoque
1197 2447 1354 2499 recte
1367 2443 1664 2500 factorum
1685 2445 2008 2517 ipsius,his
2028 2463 2156 2503 ver-

497 2536 592 2595 bis
618 2553 632 2592 :
673 2537 1090 2611 Verumtamen
1117 2535 1296 2590 verba
1317 2535 1470 2591 bona
1490 2536 1733 2595 inventa
1753 2541 1895 2592 sunt
1916 2537 1978 2592 in
2007 2542 2062 2594 te
2083 2538 2152 2593 ⁸⁸.

571 2717 626 2771 6.
649 2715 782 2770 Haec
807 2717 865 2769 et
889 2710 1108 2767 similia
1130 2711 1424 2768 adversus
1454 2712 1805 2785 superbiam
1828 2713 2156 2772 nobismet-
2205 2714 2212 2719 ’

498 2802 646 2874 ipsis
676 2817 917 2874 semper
944 2801 1318 2870 accinamus,
1350 2801 1730 2858 demittentes
1754 2819 1868 2859 nos
1893 2819 2060 2876 ipsos
2091 2808 2155 2859 ut

501 2889 857 2956 exaltemur,
907 2876 1209 2946 imitantes
1259 2891 1607 2961 Dominum,
1655 2893 1761 2964 qui
1804 2891 1879 2948 de
1911 2892 2061 2948 ccelo
2093 2891 2155 2948 in

502 2983 831 3036 extremam
853 2979 1251 3035 humilitatem
1281 2980 1617 3049 descendit,
1638 2986 1696 3036 et
1721 2982 1845 3037 vice
1868 2997 2038 3038 versa
2059 2997 2156 3038 ex-

500 3069 836 3126 humilitate
867 3069 946 3125 ad
977 3069 1292 3126 decentem
1324 3069 1708 3127 altitudinem
1753 3076 1996 3137 evectus
2044 3077 2152 3128 est.
2195 3097 2237 3154 ο

506 3159 923 3232 Comperimus
980 3159 1143 3214 enim
1195 3160 1430 3216 Domini
1479 3165 1648 3230 gesta
1683 3161 1892 3217 omnia
1940 3177 2053 3217 nos
2080 3163 2158 3218 ad

505 3249 905 3306 humilitatem
928 3248 1243 3304 instruere.
1276 3249 1480 3305 Infans
1509 3266 1649 3305 cum
1679 3255 1852 3317 esset,
1877 3250 2077 3307 statim
2100 3251 2160 3306 in

508 3337 823 3410 spelunca,
855 3342 914 3392 et
957 3353 1033 3392 ne
1072 3337 1132 3393 in
1163 3338 1315 3394 lecto
1347 3338 1617 3411 quidem,
1653 3339 1758 3394 sed
1797 3339 1860 3394 in
1904 3339 2163 3413 przesepi

505 3427 714 3499 jacuit.
746 3429 810 3482 In
832 3425 1017 3482 domo
1046 3425 1155 3482 fuit
1174 3426 1329 3482 fabri
1359 3427 1596 3497 lignarii
1630 3431 1684 3483 et
1707 3428 1916 3485 matris
1941 3444 2166 3502 panpe-

509 3515 610 3587 ris,
631 3516 809 3572 matri
827 3515 1111 3572 subditus
1133 3520 1192 3572 et
1211 3516 1370 3572 illius
1397 3533 1628 3588 sponso
1651 3535 1663 3573 :
1689 3517 2042 3589 docebatur,
2057 3535 2166 3575 au~

511 3607 953 3678 diebatquibus
976 3605 1088 3661 sibi
1113 3623 1268 3679 opus
1289 3623 1412 3663 non
1432 3612 1586 3664 erat:
1610 3607 2042 3678 interrogabat,
2062 3612 2168 3666 sed

511 3696 594 3754 ita
624 3701 846 3761 tamen,
869 3700 933 3752 ut
961 3696 1340 3766 interrogans
1374 3701 1530 3752 esset
1555 3697 1943 3755 admirationi
1974 3700 2053 3756 ob
2077 3717 2170 3758 sa-

515 3786 824 3858 pientiam.
855 3786 1240 3843 Subdebatur
1267 3787 1508 3852 Joanni,
1533 3792 1588 3842 et
1622 3788 1911 3844 Dominus
1933 3806 1970 3846 a
1995 3807 2170 3847 servo

513 3875 822 3948 baptisma
843 3875 1205 3948 accipiebat:
1229 3875 1673 3945 insurgentium
1694 3877 1754 3932 in
1779 3893 1841 3933 se
1856 3878 2174 3936 resistebat

517 3964 892 4037 nulli,neque
914 3968 1271 4036 potestatem
1313 3964 1706 4030 ineﬂ’abilem,
1740 3981 1864 4037 qua
1885 3967 2172 4038 praeditus

518 4059 666 4124 erat,
697 4054 1050 4110 exercebat:
1078 4054 1185 4109 sed
1227 4054 1603 4110 concedebat
1629 4056 1808 4127 quasi
1829 4056 2174 4127 potentiori-

517 4145 656 4213 bus,
688 4149 744 4201 et
773 4142 1152 4215 temporariae
1187 4144 1473 4214 potestati
1503 4144 1838 4215 potentiam
1871 4145 1925 4201 ei
1953 4161 2173 4203 conve-

519 4234 784 4292 nientem
808 4231 1209 4304 permittebat.
1245 4231 1577 4288 Sistebatur
1598 4233 1988 4306 pontiﬁcibus
2009 4234 2069 4291 in
2090 4235 2176 4292 rei

520 4322 736 4379 habitu
759 4339 772 4376 :
795 4320 1130 4377 ducebatur
1147 4321 1225 4376 ad
1252 4321 1595 4394 praesidem,
1613 4327 1670 4379 et
1687 4323 1985 4394 judicium
2015 4325 2175 4382 subi-

2261 1823 2414 1893 μόνον
2467 1820 2626 1872 αὑτοῦ
2674 1825 2969 1893 exorno-xv
3024 1817 3348 1894 ἐνθυμήθητι
3404 1818 3464 1875 δε
3514 1826 3600 1874 καὶ
3641 1825 3742 1876 ὅσα
3772 1828 3867 1877 πέ-

2261 1929 2466 1984 πραχεν
2525 1909 2553 1969 ἦ
2615 1911 2832 1984 πράττει
2887 1909 3071 1978 καλῶς,
3129 1914 3216 1962 καὶ
3289 1909 3538 1974 πολλάκις
3619 1914 3867 1985 εὑρήσεις

2264 1999 2418 2052 αὑτὸν
2463 1997 2704 2072 ἀμείνονα
2747 2005 2990 2067 σεαυτοῦ,
3041 1995 3136 2052 διὰ
3181 2001 3385 2052 πάντων
3444 1999 3719 2070 ἐξετάζων,
3769 2009 3867 2056 καὶ

2262 2095 2334 2162 μὴ
2369 2091 2558 2161 μερικὰ
2583 2088 2936 2162 ψηφιζόμενος
2973 2090 3101 2161 (74).
3136 2085 3276 2142 Οὑδε
3311 2091 3414 2165 γὰρ
3461 2093 3588 2153 Θεὸς
3633 2100 3868 2164 μερικῶς

2264 2177 2488 2241 ἐξετάζει
2540 2180 2628 2230 τόν
2681 2179 2968 2251 ἄνθρωπον·
3027 2177 3158 2250 Ἐγὼ
3222 2181 3348 2253 γὰρ,
3401 2198 3552 2251 φησι,
3610 2183 3678 2233 τὰ
3732 2183 3870 2254 ἔργα

2263 2272 2353 2320 καὶ
2419 2271 2536 2328 τοὺς
2613 2271 2900 2340 λογισμούς
2967 2271 3133 2320 αὐτῶν
3225 2271 3454 2342 ἔρχομαι
3523 2277 3863 2341 συναγαγεῖν.

2266 2362 2366 2411 Καὶ
2419 2365 2490 2428 τῷ
2544 2355 2802 2430 Ἰωσαφὰτ
2855 2356 3170 2430 ἐπιτιμήσας
3222 2360 3348 2412 ποτὶ
3402 2355 3496 2412 διὰ
3541 2363 3636 2418 τὴν
3683 2379 3870 2433 παρα-

2613 2266 2900 2340 λογισμούς
2967 2266 3133 2320 αὑτῶν

2261 2443 2430 2507 πόδας
2488 2445 2768 2521 ἁμαρτίαν,
2819 2444 3052 2519 ἐμνήσθη
3123 2451 3213 2500 καὶ
3276 2455 3378 2499 τῶν
3441 2451 3871 2522 κατωρθωμένων

2264 2535 2426 2606 αύτῷ,
2484 2535 2663 2608 λέγων·
2718 2535 2856 2595 Πλὴν
2915 2533 3045 2588 ἀλλὰ
3098 2533 3246 2608 λόγοι
3314 2534 3505 2609 ἀγαθοὶ
3574 2539 3871 2610 εὑρέθησαν

2267 2625 2314 2677 ἐν
2339 2629 2444 2680 σοί.

2338 2720 2389 2771 6.
2430 2721 2610 2767 Ταῦτα
2656 2718 2747 2768 καὶ
2798 2717 2863 2768 τὰ
2909 2722 3128 2768 τοιαῦτα
3182 2717 3313 2788 πρὸς
3363 2718 3456 2774 τὴν
3505 2715 3870 2790 ὑπερηφανίαν

2266 2801 2537 2877 ἐπᾴδωμεν
2611 2803 2814 2867 ἑαυτοῖς
2878 2805 3145 2872 ἑκάστοτε,
3213 2806 3581 2880 καθαιροῦντες
3650 2805 3872 2869 ἑαυτούς

2267 2894 2328 2944 ἶν’
2388 2893 2694 2967 ὑψωθώμεν,
2753 2896 3063 2968 μιμούμενοι
3108 2897 3195 2947 τόν
3240 2893 3294 2958 ἐξ
3331 2895 3552 2970 ούρανοῦ
3599 2894 3871 2947 καταϐάν-

2265 3002 2330 3034 τα
2380 2985 2569 3056 Κύριον
2620 2985 2746 3058 πρὸς
2791 2988 2885 3041 την
2934 2981 3170 3055 ἐσχάτην
3207 2988 3574 3051 ταπεινότητα,
3611 2987 3701 3036 καὶ
3744 2985 3874 3036 τού-

2265 3075 2464 3125 ναντίον
2513 3069 2568 3124 ἐκ
2615 3076 2985 3134 ταπεινότητος
3049 3073 3116 3133 εἰς
3156 3072 3284 3145 ὑψος
3333 3076 3504 3126 αἴσιον
3551 3071 3878 3146 ἐξογκούμε-

2266 3182 2345 3215 νοι
2559 3163 2735 3214 Πάντα
2772 3164 2872 3235 γὰρ
2935 3157 3001 3220 δὴ
3054 3166 3182 3238 πρὸς
3222 3165 3698 3239 ταπεινοφροσύνην
3745 3183 3881 3216 παι-

2273 3247 2491 3303 δεύοντα
2555 3253 2621 3302 τὰ
2688 3258 2777 3303 τοῦ
2850 3255 3044 3324 Κυρίου
3127 3253 3454 3325 εὑρίσκομεν.
3512 3257 3693 3327 Βρέφος
3778 3253 3880 3322 ὢν,

2273 3340 2424 3401 εὐθὺς
2480 3337 2528 3390 ἐν
2577 3339 2840 3411 σπηλαίῳ,
2908 3345 2999 3392 καὶ
3073 3337 3196 3394 οὑδὲ
3253 3340 3338 3394 ἐπὶ
3393 3341 3592 3412 κλίνης,
3625 3340 3732 3393 ἀλλ’
3788 3340 3882 3394 ἐπὶ

2274 3431 2481 3502 φάτνης·
2534 3427 2582 3480 ἐν
2630 3432 2754 3500 οἴκῳ
2798 3447 3030 3490 τεκτονος
3077 3435 3168 3483 καὶ
3197 3433 3400 3504 μητρὸς
3436 3437 3713 3504 πενιχρᾶς,
3746 3432 3884 3484 ὑποε-

2275 3523 2594 3591 τασσόμενος
2648 3527 2710 3592 τῇ
2773 3524 2934 3592 μητρὶ
3011 3525 3100 3572 καὶ
3168 3529 3241 3592 τῷ
3323 3523 3518 3582 ταύτης
3582 3529 3883 3595 μνηστῆριο

2279 3605 2685 3682 διδασκόμενος,
2749 3607 2947 3661 ἀκούων
3005 3610 3072 3660 ὧν
3129 3609 3224 3662 οὐκ
3277 3605 3462 3677 ἐδεῖτο,
3505 3607 3772 3683 ἐπερωτῶν
3817 3605 3886 3664 δέ

2279 3699 2435 3772 ὅμως,
2463 3703 2554 3751 καὶ
2605 3695 2639 3750 δ
2647 3700 2700 3750 ιὰ
2744 3705 2834 3758 τῆς
2885 3697 3184 3771 ἐρωτήσεως
3231 3697 3314 3750 ἐπὶ
3351 3706 3414 3772 τῇ
3470 3703 3624 3772 σοφίᾳ
3669 3700 3887 3773 θαυμα-

2280 3790 2511 3861 ζόμενος·
2595 3789 3010 3861 ὑποτασσόμενος
3103 3787 3336 3855 Ἰωάννη,
3422 3793 3512 3840 καὶ
3592 3787 3890 3862 βάπτισμα

2280 3898 2424 3952 παρα
2473 3886 2563 3931 τοῦ
2613 3875 2802 3930 δούλου
2848 3874 3127 3950 δεχόμενος
3180 3879 3205 3930 ὁ
3233 3881 3528 3940 Δεσπότης·
3570 3873 3744 3930 οὐδενὶ
3777 3887 3887 3930 τῶν

2281 3967 2696 4041 ἐπανισταμένων
2745 3966 3138 4040 ἀνθιστάμενος,
3187 3963 3310 4020 οὐδὲ
3369 3970 3462 4026 τὴν
3496 3969 3692 4040 ἄφατον
3737 3965 3892 4030 ἐξου-

2284 4062 2425 4127 σίαν,
2475 4059 2537 4132 ᾖν
2588 4055 2750 4129 εἶχεν,
2782 4056 3246 4130 ἐπανατεινόμενος
3299 4055 3408 4108 ἀλλ’
3460 4059 3530 4120 ὡς
3583 4052 3894 4110 δυνατωτέ-

2279 4168 2388 4224 ροις
2445 4149 2754 4222 ὑποχωρῶν,
2801 4151 2890 4200 καὶ
2917 4155 2979 4220 τῇ
3023 4151 3328 4222 προσκαίρῳ
3383 4144 3594 4218 ἐξουσίᾳ
3649 4147 3895 4215 rixari"

2284 4239 2442 4297 αὐτὴν
2472 4239 2694 4312 ἰσχυρόν
2741 4237 3044 4312 ἐπιτρέπων·
3102 4235 3186 4289 ἐπὶ
3236 4244 3335 4289 τῶν
3384 4233 3670 4310 ἀρχιερέων
3722 4236 3896 4288 ἱστά-

2283 4348 2430 4402 μενος
2469 4327 2518 4380 ἐν
2566 4333 2812 4400 σχήματι
2859 4324 3227 4400 δικαζομένου,
3287 4328 3504 4398 ἡγεμόνι
3554 4330 3896 4400 προσαγόμε-

521 4410 711 4475 bat,et
737 4425 878 4465 cum
904 4409 1200 4481 potuisset
1221 4409 1688 4468 calumniatores
1709 4413 2162 4484 redarguere,si'

2283 4438 2368 4480 νος
2421 4422 2512 4469 καὶ
2562 4421 2736 4490 κρίσιν
2793 4417 3078 4492 ὑποφέρων,
3136 4418 3227 4468 καὶ
3277 4417 3442 4488 παρὸν
3499 4412 3730 4486 ἐλέγχειν
3763 4418 3898 4477 τοὺς

523 4498 706 4554 lentio
733 4498 958 4556 ferebat
983 4499 1341 4558 calumnias.
1355 4502 1814 4574 Conspuebatur
1834 4519 1869 4560 a
1887 4504 2072 4560 servis
2095 4505 2177 4561 vi-

525 4587 891 4660 lissimisque
904 4588 1431 4659 mancipiis,morti
1446 4591 1994 4666 tradebatur,eique
2013 4594 2179 4666 apud

527 4677 804 4737 homines
833 4678 1218 4750 turpissimae.
1252 4680 1344 4736 Sic
1375 4681 1584 4738 omnia
1613 4682 1692 4738 ab
1722 4686 1856 4740 ortu
1884 4683 1964 4740 ad
1991 4683 2176 4742 fidem

2289 4513 2754 4579 συκοφαντοῦντας,
2837 4513 3005 4577 σιωπῇ
3091 4508 3250 4579 φέρων
3334 4505 3427 4566 τὰς
3510 4521 3893 4574 συκοειναντιας⁹

2288 4595 2636 4670 ἐμπτυόμενος
2685 4597 2784 4647 ὑπὸ
2836 4591 3033 4646 δούλων
3080 4597 3170 4645 καὶ
3217 4588 3516 4667 παιδαρίων
3575 4590 3896 4644 εὐτελεστά-

2286 4707 2408 4754 των,
2469 4687 2669 4758 θανάτῳ
2716 4680 3160 4761 παραδιδόμενος,
3223 4686 3314 4735 καὶ
3365 4683 3566 4754 θανάτῳ
3623 4688 3696 4753 τῷ
3736 4684 3894 4756 παρὰ

602 4888 649 4962 9?
688 4887 802 4946 Isa.
834 4903 990 4957 an,
1030 4891 1083 4946 6.
1141 4888 1191 4926 ⁸³
1229 4887 1404 4948 Prov.
1432 4904 1516 4959 iu,
1542 4891 1796 4961 3t;Jac.
1826 4905 1910 4951 IV.
1941 4894 2010 4962 6;
2039 4908 2056 4947 ι
2083 4893 2156 4950 Pe

2272 4908 2321 4962 v,
2353 4896 2408 4949 5.
2470 4890 2520 4928 “
2561 4891 2701 4950 Luc.
2730 4905 2844 4961 xw,
2871 4889 2956 4946 tt.
3022 4889 3070 4926 ⁸⁵
3111 4890 3226 4946 lsa.
3253 4902 3407 4956 LXVI,
3452 4888 3541 4944 18.
3609 4887 3658 4923 ⁶⁶
3690 4885 3739 4942 II
3766 4887 3893 4944 Pa-

529 4959 705 5034 ralip.
746 4976 861 5033 xxx,
907 4967 960 5017 3.

601 5138 714 5210 (72)
753 5141 917 5196 Unus
940 5137 1105 5196 Colb.
1141 5139 1167 5192 ὁ
1199 5135 1278 5209 δὲ,
1310 5139 1529 5196 vocula
1557 5144 1647 5194 καὶ
1669 5140 1918 5198 omissa.

601 5213 714 5282 (73)
757 5212 850 5267 Sic
879 5211 1344 5284 rescribendum
1385 5212 1674 5284 duximus
1705 5229 1814 5284 pro
1867 5212 2028 5284 edito
2066 5213 2187 5265 0m-

527 5287 719 5355 ρήσῃς,
751 5282 919 5402 quod
949 5283 1027 5338 ad
1048 5289 1362 5355 poetarum
1393 5282 1719 5340 dialectuni
1740 5283 2009 5356 pertinet.
2033 5284 2188 5339 Emr.

603 5354 712 5402 {7M
755 5355 771 5402 1
803 5370 916 5402 nus
944 5357 1083 5402 Rea-
1121 5358 1280 5402 μικοά
1309 5354 1728 5402 ώηλαωιζὸαενος

603 5354 712 5420 (74)
739 5354 916 5428 _l_lnus
944 5354 1084 5423 Reg)
1116 5358 1280 5428 μικρᾷ
1309 5354 1728 5426 ψηλαφιζόμενος

601 5428 714 5490 (75)
730 5426 974 5498 Veteres
997 5432 1112 5480 tres
1135 5426 1271 5498 libri
1291 5443 1427 5482 cum
1454 5433 1705 5498 utraque
1725 5426 1986 5498 editione
2009 5429 2198 5478 αἶσιον-

528 5492 911 5571 ἐξογκοὺμενοι.
965 5499 1044 5571 ﬁt
1100 5497 1265 5552 Colb.
1326 5499 1560 5571 primus
1607 5492 1783 5571 αἶσιον
1837 5497 2175 5571 ἐξελκόμενοι.

530 5565 756 5645 Sensus
785 5566 1046 5638 postulat
1077 5572 1142 5624 ut
1179 5583 1290 5641 pro
1321 5565 1678 5642 ἐξογκούμςνοι
1720 5565 2177 5642 Ιθεᾶωιι8’κξογ-

2293 5143 2835 5218 κούμενον,ευϐςεωη
2853 5137 3200 5218 Dominum.
3229 5139 3586 5218 Erratumne
3613 5135 3688 5193 sit
3709 5135 3894 5218 libra-

2295 5209 2555 5281 riorum,
2571 5229 2650 5269 an
2682 5213 2796 5268 hoc
2833 5212 3062 5267 dictum
3103 5211 3177 5266 sit
3205 5226 3312 5282 per
3335 5209 3778 5282 attractionem,
3804 5209 3892 5282 vi-

2296 5279 2536 5340 debunt'
2554 5285 2672 5340 alii.
2707 5287 2922 5339 Vocem
2949 5288 3150 5338 autem
3193 5279 3365 5333 αἶσιον
3394 5281 3475 5336 ita
3506 5280 3708 5336 Latine
3755 5279 3894 5335 red-

2295 5356 2445 5411 didit
2477 5356 2896 5422 Combetisius,
2928 5354 3009 5410 ad
3055 5354 3336 5410 eximiam
3391 5368 3462 5408 ac
3506 5351 3885 5420 singularem

2293 5428 2704 5483 celsitudinem
2730 5428 3036 5495 provexit.
3069 5424 3182 5482 Sed
3203 5425 3248 5478 si
3272 5423 3888 5495 semelrecedendum

2295 5499 2370 5579 sit
2397 5498 2475 5554 ab
2497 5515 2569 5554 ea
2588 5493 2775 5579 quam
2797 5513 2909 5579 vox
2942 5500 3114 5579 «toto;
3136 5496 3352 5551 usitate
3373 5493 3556 5579 habet
3575 5493 3890 5579 signiﬁca—

2291 5569 2468 5642 tione,
2496 5565 2702 5626 malim
2731 5574 2978 5635 vertere,
3009 5568 3093 5625 ad
3120 5582 3409 5624 summam
3439 5565 3894 5624 celsitudinem.
