4076 6190
181 293 281 346 537

1417 279 1714 339 HOMILIA
1752 280 1850 336 DE
1892 281 2333 340 HUMILITATE.

3453 287 3557 343 538

182 411 464 487 ἀνθρώποις
522 409 814 481 αἰσχίστω.
865 407 1016 461 Οὕτω
1066 409 1154 460 τὸν
1206 397 1476 482 ἄνθρωπον
1541 402 1783 468 διεξῆλθε

1903 421 2092 478 usque
2122 410 2360 464 aetatem
2389 406 2653 464 hominis
2675 405 3078 480 absumpsere
3102 426 3115 465 :
3139 408 3247 465 sed
3276 411 3414 481 post
3433 412 3560 466 tan-

183 505 346 556 πάντα
411 502 478 552 τὰ
535 498 635 551 ἀπὸ
685 499 804 568 ('76)
849 501 1088 569 γενέσεως
1147 497 1213 558 εἰς
1263 497 1402 558 τέλος
1435 517 1447 530 ο
1507 500 1597 548 καὶ
1654 497 1784 568 μετὰ

182 593 433 646 τοσαύτην
478 589 950 662 ταπεινοφροσύνην
1006 587 1220 662 ὕστερον
1277 591 1372 645 τήν
1421 582 1580 648 δόξαν
1610 583 1786 657 ἐκφαί-

181 700 267 746 νει,
317 671 654 741 συνδοξάζων
704 677 868 747 ἑαυτῷ
899 678 1015 737 τοὺς
1065 672 1552 739 συναδοξήσαντας.
1586 674 1693 726 Ὧν
1737 674 1786 726 οἰ

183 771 432 843 μακάριοι
486 769 745 840 μαθηταὶ,
796 775 1014 842 πρῶτοι,
1063 770 1273 826 πένητες
1323 769 1412 818 καὶ
1458 768 1646 838 γυμνοὶ
1688 768 1786 822 την

185 861 482 932 οἰκουμένην
524 854 924 932 διαδραμόντες,
953 856 1047 908 οὐκ
1095 854 1142 908 ἓν
1185 859 1343 928 σοφίᾳ
1391 855 1569 926 λόγου,
1603 853 1698 906 οῦκ
1737 852 1786 905 ἐν

185 949 471 1002 ἀκολούθων
527 947 728 1012 πλήθει,
789 950 956 1018 μόνοι,
1019 947 1110 996 καὶ
1167 943 1376 1010 ἀλῆται,
1435 947 1526 996 καὶ
1578 945 1784 1016 ἔρημοι,

183 1047 276 1110 γῆν
334 1055 392 1090 τε
455 1039 546 1088 καὶ
615 1035 870 1088 θάλατταν
934 1032 1318 1106 ἕξαμείϐοντες,
1384 1033 1784 1105 μαστιζόμενοι,

182 1126 630 1198 λιθοϐολούμενοι,
728 1121 1078 1196 διωκόμενοι,
1172 1122 1315 1184 τιΰιος
1401 1122 1782 1198 ἀναιρούμενοι.

182 1223 351 1270 Ταῦτα
392 1217 518 1287 ἡμῖν
565 1221 784 1288 πατρῷα
834 1217 923 1264 καὶ
973 1213 1085 1264 θεῖα
1139 1208 1483 1284 παιδεέματα.
1518 1213 1655 1285 Πρὸς
1693 1213 1785 1269 τὴν

184 1309 371 1360 τούτων
425 1304 646 1376 ἔλθωμεν
703 1308 949 1375 μίμησιν,
1003 1301 1066 1352 ἶν’
1130 1300 1256 1374 ἡμῖν
1294 1301 1349 1354 ἐκ
1401 1309 1494 1364 τῆς
1542 1305 1787 1354 ταπεινό-

184 1414 332 1457 τητος
381 1392 619 1466 hanc?!)
681 1389 814 1455 δόξα
857 1391 1077 1459 αἰώνιος,
1139 1391 1170 1449 ἡ
1229 1389 1396 1444 τελεία
1443 1393 1534 1444 καὶ
1587 1389 1789 1454 ἀληθὴς

183 1492 417 1560 Χριστοῦ
454 1480 648 1558 δωρεά.

246 1582 300 1632 7.
333 1583 448 1636 Πῶς
475 1570 565 1626 οὖν
618 1573 689 1636 εἰς
727 1576 815 1631 τὴν
848 1576 1105 1648 σωτήριον
1155 1572 1632 1647 ταπεινοφροσύνην
1681 1590 1785 1624 κα·-

180 1665 536 1738 ταϐησόμεθα,
604 1666 692 1715 τόν
767 1662 994 1738 ὀλέθριον
1063 1665 1216 1733 ὄγκον
1275 1669 1368 1722 τῆς
1432 1662 1786 1736 ὑπερηφανίας

1897 500 2022 552 tam
2052 497 2475 565 humilitatem,
2507 497 2760 567 gloriam
2793 497 3038 554 tandem
3067 499 3348 565 ostendit,
3389 498 3558 569 igno-

1895 585 2097 641 miniae
2128 587 2321 642 socios
2352 586 2413 642 in
2439 586 2786 642 societatem
2818 586 3020 656 glorise
3051 605 3178 644 suae
3210 588 3555 645 admittens.

1898 677 2165 742 Quorum
2186 675 2364 748 primi
2390 680 2530 731 sunt
2551 675 2709 732 beati
2731 675 3028 747 discipuli,
3043 677 3147 748 qui
3173 693 3474 750 pauperes
3501 681 3560 734 et

1895 763 2043 820 nudi
2073 764 2283 821 orbem
2305 770 2598 820 terrarum
2622 768 3067 836 percurrerunt,
3087 765 3294 820 nonin
3320 766 3558 838 sapien-

1895 853 1980 910 tia
2011 853 2459 921 sermonis,non
2481 869 2620 909 cum
2644 857 3012 909 sectatorum
3034 853 3392 926 frequentia,
3419 854 3554 924 soli,

1895 942 2034 1011 vagi
2065 958 2136 998 ac
2165 941 2433 1011 desolati,
2468 945 2689 998 terram
2721 957 2792 997 ac
2813 958 2978 998 mare
3009 948 3419 1014 peragrantes,
3446 942 3552 998 ﬂa-

1897 1031 2019 1101 gris
2043 1029 2202 1099 caesi,
2233 1029 2538 1102 lapidibus
2561 1031 2744 1102 petiti,
2768 1030 3050 1094 divexati,
3067 1031 3250 1088 occisi
3269 1031 3554 1104 denique.

1897 1123 2030 1177 Haec
2052 1120 2230 1177 nobis
2263 1125 2402 1176 sunt
2421 1125 2674 1192 paterna
2703 1121 3070 1178 documenta
3096 1126 3154 1177 et
3182 1121 3403 1178 divina.
3422 1124 3555 1178 Haec

1896 1209 2301 1274 imitemur,ut
2324 1208 2501 1265 nobis
2530 1225 2638 1281 per
2664 1209 3065 1265 humilitatem
3098 1209 3347 1265 accedat
3362 1209 3552 1280 gloria

1897 1304 2142 1368 zeterna,
2171 1299 2506 1372 perfectum
2535 1298 2682 1355 illud
2713 1314 2784 1356 ac
2815 1315 3026 1356 verum
3057 1299 3268 1356 Christi
3298 1298 3551 1356 donum.

1967 1574 2022 1624 7.
2057 1566 2371 1632 Quomodo
2399 1581 2542 1636 ergo
2563 1565 2642 1623 ad
2665 1566 2994 1623 salutarem
3018 1565 3417 1623 humilitatem
3449 1565 3559 1623 de-

1897 1659 2234 1725 veniemus,
2274 1657 2528 1712 exitioso
2550 1656 2850 1728 superbiae
2873 1659 3107 1712 tumore
3134 1655 3414 1712 derelicto
3433 1655 3460 1710 ?
3502 1656 3559 1713 Si

179 1755 584 1819 καταλιπόντες;
615 1751 734 1806 Ἐὰν
793 1748 888 1805 διὰ
931 1754 1136 1804 πάντων
1178 1749 1418 1822 ἀσκῶμεν
1453 1754 1514 1804 τό
1557 1758 1786 1827 τοιοῦτο⁹

1903 1747 2045 1820 quid
2063 1745 2363 1817 ejusmodi
2385 1745 2754 1801 exercuerim
2765 1761 2832 1800 us
2853 1745 2915 1800 in
2945 1744 3368 1815 omnibus,nec
3387 1744 3560 1817 quid-

179 1851 263 1898 καὶ
314 1840 485 1917 μηδὲν
531 1850 838 1915 παρορῶμεν
893 1843 958 1902 ὡς
1010 1840 1070 1893 οὐ
1117 1842 1262 1914 παρὰ
1309 1847 1462 1893 τοῦτο
1518 1839 1788 1913 βλαϐησό-

181 1953 338 2009 μενοι.
381 1938 506 1993 Τοῖς
539 1933 641 2004 γὰρ
695 1926 1108 2002 ἐπιτηδεύμασιν
1156 1929 1430 2003 ὁμοιοῦται
1473 1928 1654 2002 ψυχὴ,
1694 1933 1784 1983 καὶ

180 2027 308 2096 πρὸς
334 2022 370 2073 ἃ
400 2022 637 2095 πράττει,
669 2027 945 2086 τυποῦται,
1000 2023 1088 2072 καὶ
1134 2021 1262 2094 πρὸς
1291 2025 1459 2073 ταῦτα
1505 2023 1787 2092 σχηματί-

185 2113 348 2173 ζεται.
378 2109 552 2164 Ἐστω
605 2128 688 2162 σοι
725 2113 814 2161 καὶ
863 2117 1075 2181 σχῆμα,
1123 2112 1214 2162 καὶ
1262 2109 1486 2181 ἱμάτιον,
1534 2113 1626 2161 καὶ
1679 2106 1788 2181 βά-

188 2195 379 2272 δισμα,
430 2203 522 2252 καὶ
578 2193 837 2272 καθέδρα,
894 2202 985 2251 καὶ
1041 2206 1237 2270 τροφῆς
1291 2198 1638 2264 κατάστασις,
1697 2201 1790 2250 καὶ

186 2297 456 2363 στρωμνῆς
509 2291 845 2361 παρασκευὴ,
907 2290 997 2339 καὶ
1062 2283 1218 2353 οἶκος,
1280 2288 1368 2339 καὶ
1421 2287 1488 2339 τὰ
1552 2285 1602 2338 ἐν
1663 2285 1788 2338 οἰκω

183 2381 343 2436 σκεύη
403 2379 575 2430 πάντα
610 2379 744 2451 πρὸς
796 2375 1048 2429 εὐτέλειαν
1100 2376 1375 2449 ἠσκημένα
1405 2394 1420 2410 ·
1475 2379 1568 2428 καὶ
1613 2375 1786 2446 λόγος,

179 2471 267 2520 καὶ
294 2463 434 2538 ᾠδὴ,
462 2469 554 2519 καὶ
593 2469 624 2525 ἡ
673 2472 766 2519 τοῦ
795 2464 1019 2524 πλησίον
1058 2465 1296 2532 ἔντευξις,
1336 2468 1428 2518 καὶ
1463 2471 1630 2517 ταῦτα
1657 2466 1788 2538 πρὸς

179 2562 498 2630 μετριότητα
555 2554 746 2629 μᾶλλον
812 2556 842 2614 ᾖ
897 2557 1029 2630 πρὸς
1084 2559 1239 2627 ὄγκον
1306 2555 1495 2629 ὁράτω.
1562 2556 1648 2613 Μὴ
1700 2573 1790 2627 μοι

180 2652 414 2720 κόμπους
459 2644 511 2698 ἓν
552 2644 692 2718 λόγῳ
734 2647 1090 2717 σοφιστικοῦς,
1145 2641 1284 2717 μηδὲ
1336 2642 1385 2697 ἓν
1432 2639 1599 2707 ὦδαῖς
1644 2639 1787 2703 ἠδυ-

181 2741 371 2808 φωνίας
431 2733 883 2809 ὑπερϐαγλοῦσας,
931 2731 1072 2806 μηδὲ
1126 2730 1382 2798 διαλέξεις
1430 2735 1789 2807 ὑπερηφάνους

181 2830 267 2878 καὶ
296 2824 521 2898 βαρείας
548 2845 561 2857 ·
619 2821 724 2875 ἀλλ’
753 2821 802 2875 ἐν
855 2822 1052 2876 ἅπασιν
1109 2823 1318 2898 ὑφαίρει
1364 2831 1456 2878 τοῦ
1495 2825 1784 2897 μεφέθουςο

181 2917 423 2987 χρηστός
479 2916 607 2986 πρὸς
661 2911 750 2965 τόν
807 2911 972 2985 φίλον,
1023 2916 1178 2976 ἤπιος
1233 2915 1360 2986 πρός
1411 2915 1498 2966 τὸν
1561 2912 1784 2980 οἰκέτην,

183 3002 484 3066 ἐσεξίκακος
545 3005 676 3075 πρὸς
738 3005 859 3064 τοὺς
924 3003 1163 3075 θρασεῖς,
1229 3000 1586 3076 φιλάνθρωπος
1659 3005 1791 3076 πρὸς

1898 1853 2085 1911 quam
2100 1835 2542 1906 neglexerimus
2557 1841 2847 1908 tanquam
2859 1833 3096 1890 nullum
3109 1834 3247 1890 inde
3262 1835 3560 1892 damnum

1896 1923 2264 1998 perpessuri.
2306 1924 2515 1980 Anima
2549 1924 2708 1980 enim
2741 1923 2955 1979 studiis
3003 1923 3218 1979 similis
3263 1923 3330 1980 ﬁt
3375 1929 3557 1996 atque

1897 2013 2443 2083 exercitationibus,
2461 2017 2520 2069 et
2539 2013 2615 2068 ad
2648 2028 2720 2068 ea
2748 2029 2884 2086 quas
2907 2011 3104 2080 efﬁcit,
3126 2011 3421 2069 formatur
3443 2013 3555 2068 ﬁn-

1897 2105 2195 2177 giturque.
2243 2104 2369 2160 Tibi
2395 2108 2455 2159 et
2481 2103 2747 2169 habitus,
2781 2106 2840 2158 et
2864 2103 3140 2171 vestitus,
3172 2106 3230 2158 et
3258 2102 3555 2172 incessus,

1897 2199 1955 2252 et
1983 2194 2196 2264 sessio,
2227 2197 2284 2250 et
2313 2194 2502 2250 victus
2529 2192 2683 2249 ratio
2713 2197 2770 2247 et
2796 2190 2933 2248 lecti
2963 2196 3312 2265 apparatus,
3347 2198 3404 2250 et
3440 2193 3562 2270 do-l

1898 2299 2054 2355 mus,
2083 2285 2142 2339 et
2166 2282 2366 2340 omnis
2401 2283 2571 2354 162
2604 2281 2829 2338 mdium
2859 2281 3128 2354 supellex
3167 2281 3458 2339 instructa
3485 2288 3560 2340 sit

1898 2372 1977 2430 ad
2000 2373 2528 2438 tenuitatem.Quin
2548 2376 2605 2428 et
2627 2375 2909 2434 sermo,et
2934 2375 3168 2441 cantus,
3197 2377 3254 2427 et
3277 2387 3559 2442 congres-

1899 2479 2002 2518 sus
2027 2478 2168 2519 cum
2196 2462 2496 2534 proximo,
2529 2465 2586 2517 et
2619 2460 2750 2517 haec
2770 2475 3016 2533 quoque
3063 2460 3145 2516 ad
3192 2460 3556 2518 modestiam

1899 2552 2095 2622 magis
2119 2567 2308 2624 quam
2341 2551 2420 2607 ad
2450 2549 2670 2616 fastum
2698 2549 3034 2620 composita
3055 2565 3189 2604 esse
3217 2548 3556 2608 videantur.

1901 2643 1982 2698 Ne
2010 2640 2160 2698 mihi
2185 2640 2248 2697 in
2279 2656 2556 2696 sermone
2606 2638 2993 2712 sophisticam
3037 2637 3413 2709 jactantiam,
3455 2641 3560 2695 aut

1898 2730 1961 2787 in
1988 2729 2302 2787 cantilenis
2328 2728 2582 2785 nimiam
2606 2728 2768 2785 vocis
2801 2727 3178 2791 suavitatem,
3202 2730 3305 2783 aut
3347 2742 3558 2800 super-

1897 2819 2043 2878 bam
2059 2836 2131 2878 ac
2151 2835 2400 2892 gravem
2419 2817 2790 2891 disceptandi
2810 2817 3106 2873 rationem
3123 2815 3432 2873 ostendas:
3453 2815 3560 2874 sed

1899 2908 1993 2966 fac
2012 2925 2246 2966 reseces
2265 2908 2327 2963 in
2349 2907 2632 2964 omnibus
2648 2906 3108 2979 amplitudinem
3127 2911 3306 2978 atque
3327 2904 3560 2976 magni-

1899 2998 2225 3060 ﬁcentiam,
2257 2995 2567 3051 ofﬁciosus
2597 2995 2657 3050 in
2680 2996 2969 3063 amicum,
2997 2994 3159 3050 mitis
3203 3010 3348 3064 erga
3367 2995 3560 3050 famu-

181 3100 297 3157 τοὺς
347 3095 647 3156 ταπεινοὺς,
691 3100 1004 3166 παρηγορῶν
1060 3094 1431 3164 κακουμένους,
1474 3090 1789 3145 ἐπισκεπτό-

1903 3087 2048 3159 lum,
2071 3086 2307 3159 patiens
2335 3100 2478 3153 erga
2503 3083 3173 3156 petulantes,humanus
3203 3098 3346 3151 erga
3365 3082 3558 3136 humi-

178 3202 326 3255 μενος
389 3186 508 3243 τοὺς
565 3179 616 3233 ἓν
668 3179 896 3248 ὀδύναις,
948 3177 1154 3254 μηδένα
1201 3181 1447 3244 καθάπαξ
1503 3182 1792 3261 ὑπερορῶν,

177 3273 374 3343 γλνκῦς
410 3271 460 3325 ἐν
491 3275 847 3348 προσηγορόᾳ,
882 3267 1106 3345 φαιδρός
1151 3269 1202 3323 ἓν
1255 3268 1560 3346 ἀποκρίσει,
1592 3268 1792 3342 δεξιός,

181 3363 490 3436 εὐπρόσιτος
545 3361 737 3426 ἅπασι,
803 3365 934 3433 μήτε
993 3367 1214 3413 σεαυτοῦ
1269 3357 1472 3424 διεξιὼν
1533 3360 1793 3434 ὶγκώμια,

177 3448 317 3522 μηδὲ
383 3452 590 3525 ἑτέρους
661 3449 826 3522 λέγειν
899 3449 1355 3525 παρασκευάζων,
1425 3445 1566 3524 μηδὲ
1641 3450 1794 3523 λόγον

179 3540 404 3613 ἄσεμνον
475 3536 905 3612 ἀποδεχόμενος,
983 3538 1341 3592 ἔπίκαλύπτων
1403 3539 1506 3593 ὅσα
1569 3536 1792 3593 δυνατὸν

179 3635 286 3679 τῶν
340 3637 558 3682 σεωτοῦ
608 3627 1063 3700 πλεονεκτημάτων
1097 3649 1110 3662 ·
1160 3627 1245 3682 ἐπὶ
1296 3625 1355 3683 δὲ
1402 3635 1512 3691 τοῖς
1560 3628 1793 3704 ἀμαρτή-

174 3737 313 3789 μασι
394 3725 704 3792 κατηγορῶν
781 3724 1021 3784 σεαυτοῦ,
1098 3721 1188 3769 καί
1262 3722 1334 3791 μὴ
1411 3722 1536 3781 τοὺς
1610 3718 1790 3794 ἑτέρων

175 3805 426 3878 ἕλέγχους
477 3805 756 3879 ἀναμένων,
802 3807 886 3858 ἵνα
934 3809 1054 3880 γένη
1115 3807 1252 3859 κατὰ
1300 3810 1388 3860 τόν
1445 3805 1652 3862 δίκαιον
1704 3812 1791 3862 τόν

177 3896 365 3949 ἑαυτοῦ
412 3901 710 3969 κατήγορον
767 3893 815 3947 ἐν
864 3894 1209 3969 πρωτολογίᾳ,
1263 3898 1346 3950 ἵνα
1397 3894 1461 3970 ᾖς
1510 3901 1644 3951 κατὰ
1700 3899 1790 3950 τὸν

176 3985 318 4050 πε,
362 3986 416 4047 ὃς
464 3985 525 4036 οῦ
585 3981 841 4058 διετράπη
889 3983 1210 4057 πολυοχλίαν
1247 3985 1462 4054 πόλεως,
1504 3986 1582 4040 ἔπ’
1621 3986 1791 4040 αὐτῶν

175 4073 530 4150 ἐξαγορεῦσαι
559 4076 617 4126 τό
667 4071 723 4126 ῖδ
729 4093 803 4126 ιον
841 4080 1101 4147 πταῖσμα.
1135 4078 1220 4133 Μὴ
1256 4073 1427 4147 βαρὺς
1462 4073 1511 4127 ἓν
1541 4074 1789 4149 ἐπιτιμή-

176 4185 297 4219 σεσι
347 4168 537 4238 γίνου,
574 4159 712 4236 μηδι
759 4166 983 4234 ταχέως,
1029 4159 1169 4236 μηδέ
1213 4162 1451 4237 ἓμπαθῶς
1507 4163 1790 4237 ἐξελέγχων

175 4251 431 4324 (αἰθαδες
482 4254 584 4327 γὰρ
633 4255 691 4306 τό
739 4255 1016 4323 τοιοῦτον),
1048 4249 1189 4326 μηδὲ
1236 4252 1320 4306 ἐπὶ
1366 4253 1576 4327 μικροῖς
1621 4273 1790 4307 κατα-

181 4342 440 4411 δικάζω,
503 4346 576 4405 ὡς
629 4339 1024 4418 ἁκριϐοδίκαιος
1081 4343 1197 4413 (77)
1265 4342 1423 4405 αὐτὸς
1486 4344 1786 4418 ὑπάρχων·

1903 3177 2010 3245 les,
2039 3176 2362 3233 consolans
2415 3173 2688 3232 afﬂictos.
2719 3173 2984 3229 invisens
3032 3171 3240 3227 dolore
3289 3171 3557 3240 affectos,

1904 3266 2208 3323 neminem
2234 3264 2484 3322 omnino
2514 3266 2932 3328 contemnens,
2962 3260 3164 3316 suavis
3190 3260 3252 3316 in
3295 3259 3558 3332 compel-

1901 3355 2110 3423 lando,
2158 3354 2363 3411 hilaris
2399 3354 2461 3409 in
2518 3350 2967 3425 respondendo,
3024 3349 3238 3416 comis,
3276 3349 3556 3422 praebens

1902 3447 2188 3505 omnibus
2207 3445 2444 3502 facilem
2476 3459 2808 3510 accessum,
2835 3457 3032 3515 neque
3057 3455 3318 3497 narrans
3347 3441 3558 3497 laudes

1901 3541 2271 3608 tuas,neque
2291 3535 2438 3590 alios
2466 3532 2544 3589 ad
2566 3531 2939 3588 narrandum
2961 3530 3331 3600 subornans,
3360 3545 3558 3602 neque

1900 3625 2223 3684 admittens
2242 3623 2633 3679 inhonestum
2658 3620 3284 3682 sermonem,eximias
3298 3625 3434 3674 tuas
3453 3619 3558 3674 do-

1899 3718 2011 3783 tes,
2039 3713 2246 3787 quoad
2295 3713 2424 3783 ejus
2449 3711 2576 3767 ﬁeri
2604 3711 2841 3784 poterit,
2875 3709 3186 3780 obtegens.
3221 3711 3438 3766 Contra
3475 3707 3556 3763 ob

1898 3809 2152 3879 peccata
2181 3807 2235 3859 te
2261 3803 2389 3875 ipse
2418 3818 2640 3859 accusa
2661 3802 2703 3836 ⁸⁷
2725 3818 2739 3868 ;
2764 3805 2822 3856 et
2850 3815 2924 3856 ne
2954 3803 3267 3872 exspectes
3301 3797 3555 3855 aliorum

1897 3893 2520 3968 reprehensionem,ut
2532 3893 2762 3964 justum
2783 3890 2951 3946 initio
2972 3889 3267 3946 sermonis
3287 3888 3556 3959 seipsum

1898 3988 2288 4043 accusantem
2319 3983 2569 4052 imitere,
2597 3985 2663 4037 ut
2706 3981 2858 4036 Jobo
2903 3979 3114 4036 similis
3162 3978 3244 4034 sis
3261 3979 3330 4047 ⁸⁸,
3371 3993 3555 4050 quem

1897 4089 2020 4131 non
2043 4071 2261 4146 puduit
2288 4071 2420 4143 ejus
2441 4087 2577 4143 qua:
2608 4069 2668 4125 in
2689 4069 2924 4125 civitate
2954 4072 3082 4124 erat
3115 4065 3512 4123 multitudinis
3536 4083 3550 4122 :

1899 4163 2010 4220 sed
2040 4167 2302 4219 erratum
2333 4177 2512 4217 suum
2531 4175 2735 4216 coram
2758 4158 2906 4231 ipsis
2926 4157 3248 4228 evulgavit.
3283 4159 3363 4211 Ne
3386 4155 3466 4210 sis
3492 4155 3554 4210 in

1897 4251 2284 4324 objurgando
2306 4249 2528 4322 gravis,
2550 4263 2749 4321 neque
2779 4247 2916 4316 cito,
2938 4261 3132 4318 neque
3154 4245 3359 4301 animo
3389 4261 3553 4300 com-

1900 4346 2066 4399 moto
2111 4340 2444 4410 redarguas
2491 4338 2628 4408 (hoc
2683 4337 2845 4392 enim
2895 4335 3098 4407 resipit
3143 4333 3556 4405 arrogantiam

182 4442 299 4494 τοῦς
356 4432 408 4487 ἓν
467 4434 857 4506 παράπτὼματι
911 4431 1454 4506 προσλαμϐανόμενος,
1495 4436 1582 4485 καὶ
1641 4453 1789 4486 πνευ-

1903 4429 2280 4504 quamdam),
2310 4442 2505 4500 neque
2536 4425 2616 4482 ob
2641 4442 2736 4481 res
2765 4425 2934 4498 parvi
2987 4424 3276 4480 momenti
3325 4423 3555 4479 conde-

183 4531 421 4594 μπικῶς
477 4522 809 4595 καταρτίζων
865 4520 1071 4588 αὐτοὺς,
1127 4524 1197 4584 ὡς
1255 4523 1280 4574 ό
1327 4521 1642 4585 Ἀπόστολος
1695 4542 1794 4576 πα-

185 4620 353 4685 ραινεῖ
380 4634 395 4647 ·

187 4705 454 4760 τοσαύτην
489 4702 798 4772 ποιούμενος
856 4695 1095 4759 σπουδὴν
1145 4703 1217 4773 μὴ
1278 4695 1600 4764 δοξάζεσθαι
1653 4703 1797 4775 παρὰ

191 4788 502 4867 ἀνθρώποις,
557 4789 689 4848 ὅσην
736 4791 894 4863 ἕτεροι
938 4793 1058 4864 περὶ
1103 4796 1194 4844 τοῦ
1251 4786 1596 4862 δοξάζεσθαι,
1641 4793 1685 4844 εἶ
1737 4809 1798 4863 γε

464 4618 675 4665 Σκοπῶν
733 4613 966 4677 σεαυτόν,
1034 4615 1106 4684 μὴ
1177 4615 1268 4664 καὶ
1332 4613 1397 4664 σὺ
1453 4613 1746 4687 πειρασθῇς
1775 4632 1790 4646 ⁸

257 4945 304 4980 ⁸⁸³
338 4947 523 5002 Prov.
559 4957 718 5010 mu,
745 4945 834 5000 17.
907 4942 956 4978 ⁵⁸
986 4941 1098 5000 Job
1127 4957 1281 5010 xxxx,
1311 4943 1406 5000 34.

277 5096 368 5166 76)
398 5096 664 5166 Utraque
703 5091 884 5166 editio
911 5093 1085 5166 πάντα
1108 5101 1208 5146 τῶν
1245 5091 1370 5166 ἀπό.
1403 5095 1474 5166 At
1505 5092 1801 5150 Combeﬁ.

191 5163 613 5224 siani'codice's
643 5165 814 5238 πάντα
841 5169 927 5238 τόν
954 5163 1103 5238 απὸ-ο
1135 5164 1417 5238 quodita
1444 5165 1797 5238 interpreta-

190 5244 284 5294 tur
301 5241 400 5295 via
416 5236 806 5293 doctissimus
831 5235 1520 5307 Combeﬁsius,Sic,qua3
1537 5235 1675 5291 su‘nt
1699 5235 1798 5292 Ιιο-

192 5313 365 5366 minis
397 5310 696 5376 transegit
717 5309 918 5362 omnia
941 5307 1017 5362 ab
1036 5313 1176 5362 orm
1195 5308 1484 5364 nativatis
1514 5309 1574 5363 in
1594 5308 1794 5375 ﬁnem.

193 5387 259 5437 At
287 5382 455 5438 Colb.
476 5381 716 5454 primus
737 5381 906 5454 πάντα
935 5381 1001 5430 τὰ
1182 5378 1270 5434 Ad
1291 5378 1568 5454 verbum,
1585 5379 1798 5454 omnia

194 5469 320 5525 qua
342 5449 677 5525 evenerunt
701 5449 780 5506 ab
809 5456 904 5525 011
911 5465 947 5504 ιι
977 5450 1060 5505 ad
1073 5451 1250 5525 ﬁnem
1274 5465 1477 5525 usque,
1495 5449 1797 5525 flaminem

194 5520 274 5596 Sic
305 5524 827 5596 perit-ansierint}2
857 5521 981 5577 Hoc
1022 5525 1133 5596 est,
1183 5520 1452 5596 Christus
1495 5520 1682 5596 homo
1713 5521 1800 5576 sic

193 5595 252 5653 in
279 5591 570 5672 operibus
589 5591 928 5651 humilibus
955 5595 1146 5650 totam
1175 5593 1362 5650 vitam
1381 5592 1692 5662 transegit.

1902 4524 2395 4591 mnes,tanquam
2409 4517 2456 4572 si
2469 4516 2598 4589 ipse
2612 4515 2868 4588 perfecte
2885 4516 3083 4585 justus
3106 4515 3378 4571 exsistas.
3389 4517 3558 4571 Com-

1904 4610 2159 4683 plectere
2213 4607 2652 4680 delinquentes,
2707 4620 2778 4660 ac
2831 4603 3216 4677 spiritualiter
3253 4604 3417 4676 ipsos
3465 4604 3556 4659 in-

1906 4703 2132 4767 staura,
2153 4696 2236 4752 uti
2259 4699 2462 4751 monet
2480 4693 2825 4766 Apostolus:
2851 4694 3255 4750 Considerans
3277 4694 3552 4762 teipsu-m,

1905 4803 1979 4846 ne
2004 4792 2058 4846 et
2101 4792 2168 4844 tu
2207 4786 2448 4844 tenterz's
2472 4786 2544 4840 ⁸9.
2570 4787 2826 4840 Tantum
2856 4783 3037 4840 studii
3065 4783 3126 4839 in
3148 4797 3218 4838 eo
3242 4782 3452 4856 ponito
3491 4783 3558 4836 ut

1491 4942 1540 4978 ”
1572 4941 1760 5001 Galat.
1789 4957 1872 5014 γι,
1899 4945 1948 4999 t.

1999 5091 2086 5160 77)
2116 5087 2388 5162 Illud
2437 5083 2845 5162 ἀκριϐοδίκαιος,
2896 5083 2946 5139 si
2983 5081 3197 5162 mavis,
3242 5080 3324 5162 ita
3349 5080 3555 5162 _iuter-

1904 5153 2239 5235 preta'bere,
2258 5153 2664 5235 Velutsu'mmo
2674 5160 2820 5235 jure
2833 5170 3019 5235 agens
3043 5160 3222 5235 atque
3239 5153 3560 5235 inclemen:

1907 5224 2052 5290 tius.
2084 5224 2392 5290 νοκοιύτός
2421 5230 2480 5284 in
2526 5224 2715 5283 causa
2764 5226 2891 5288 fuit,
2923 5241 3031 5280 cur
3075 5225 3157 5278 ita
3187 5224 3558 5294 interpretati

1908 5307 2122 5369 simus,
2157 5305 2466 5386 Tanquam
2492 5301 2558 5380 ,εί
2583 5297 3552 5386 ipsaperfecle‘juslus‘efrsistas.

1907 5379 2057 5432 Nam
2086 5364 2202 5430 vox
2245 5364 2400 5433 αὖτός
2450 5369 2546 5424 vix
2593 5364 2751 5432 sinit,
2798 5371 2860 5420 ut
2887 5366 2978 5421 hic
3007 5364 3175 5422 lOcus
3215 5364 3384 5421 aliter
3410 5370 3576 5425 verti.

1951 5449 2113 5502 ossit.
2150 5444 2322 5510 Quod
2353 5457 2495 5496 mox
2541 5439 2828 5511 sequitur.
2870 5439 3196 5511 καταρτίζων
3238 5437 3446 5501 αὑτούς,
3475 5439 3558 5496 ita

1951 5463 2113 5502 OSSlL
2150 5463 2322 5510 υυοίι
2353 5463 2495 5496 mox
2541 5463 2828 5509 sequitur.
2871 5463 3196 5511 xzrapn,wv
3238 5463 3446 5501 αυτους,

1906 5463 2108 5575 Eatine
2130 5514 2301 5572 reddi
2329 5514 2524 5586 potest
2551 5525 2624 5565 ex
2648 5509 2918 5581 Vulgata,
2950 5512 3254 5568 instruens
3285 5511 3462 5582 ipsos.
