4076 6190
238 284 338 342 541
995 283 1234 342 HOMIL.
1285 282 1476 350 QUOD
1535 276 1898 338 MUNDANIS

1952 280 2459 339 ADHERENDUM
2513 281 2655 338 NON
2717 279 2851 337 SIT.
3492 279 3597 339 ειν

238 429 378 489 ρεσις
417 408 472 462 ἑκ
510 417 612 462 τῶν
655 407 933 484 ἀλλοτρίων
975 408 1231 477 πλουτεῖν,
1267 404 1492 480 δύναμις
1531 402 1590 459 δε
1621 405 1680 458 ού
1710 405 1835 480 πάρ·

1953 406 2475 478 quemadmodum
2487 405 2748 478 improbi
2765 404 3042 461 homines
3056 408 3235 478 atque
3251 404 3438 472 avari,
3453 419 3603 476 quo-

243 519 378 552 εστιν
447 501 581 552 ὥστε
627 502 761 571 μετὰ
824 498 1119 573 παρρησίας
1179 497 1484 571 βιάζεσθαι,
1517 503 1630 558 ταῖς
1698 491 1844 556 ὁδοῖς

242 586 526 664 ἐφεδρεύειν
576 589 814 643 εἰώθασιο
860 594 956 642 παὶ
997 589 1041 642 εἰ
1078 585 1240 642 ἴδωσί
1282 608 1334 641 τι
1362 592 1559 664 χωρίον
1589 590 1707 660 περὶ
1749 584 1843 640 αύρ

241 681 350 744 τὰς,
401 680 432 740 ἠ
493 678 723 754 φάραγξι
771 677 1014 752 βαθείαις
1062 674 1364 755 διερρωγὸς,
1416 678 1444 740 ἦ
1517 684 1685 750 φυτῶν
1733 697 1838 730 πυρ

240 773 452 826 κνότητι
483 772 723 836 σύσκιον,
786 768 858 830 εἰς
905 777 1057 822 τοῦτο
1096 765 1498 842 καταδυόμενοι,
1527 772 1618 823 καὶ
1648 770 1742 826 τὴν
1783 766 1838 820 ἐκ

241 858 428 912 πολλοῦ
472 857 698 934 πρόοψιν
749 865 851 910 τῶν
900 854 1309 934 ὁδοιπορούντων
1359 860 1618 920 τοιούτοις
1659 858 1838 910 ὑποτε-

239 953 481 1021 μνόμενοι
517 947 977 1022 προκαλύμμασιν,
1035 945 1221 1022 ἁθρόον
1270 943 1601 1005 ἐπιπηδῶσίν
1641 946 1835 1014 αὐτοῖς,

239 1039 359 1100 ὦςτε
387 1040 462 1109 μὴ
505 1041 748 1111 πρότερον
802 1033 1092 1098 δυνηθῆναί
1142 1055 1258 1090 τινα
1302 1039 1423 1099 τοὺς
1471 1028 1562 1089 τοῦ
1593 1031 1837 1088 κινδύνου

240 1125 480 1200 βρόχους
529 1121 661 1179 ἰδεῖν
703 1131 826 1200 πρὶν
866 1126 936 1190 εὶς
970 1128 1176 1186 τούτους
1219 1132 1413 1179 πεσεῖν’
1448 1123 1611 1195 οὕτως
1640 1127 1665 1178 ὁ
1700 1121 1838 1177 δυσ-

238 1221 392 1288 μενὴς
447 1216 637 1268 ἄνωθεν
695 1217 822 1288 ἡμῖν
887 1220 976 1268 καὶ
1027 1214 1272 1288 πολέμιος
1335 1217 1430 1277 τὰς
1477 1223 1578 1266 τῶν
1644 1233 1838 1287 κοσμι-

240 1313 337 1358 κῶν
364 1303 597 1378 τέρψεων
637 1305 942 1378 ὑποτρέχων
976 1307 1148 1372 σκιάς,
1183 1303 1237 1357 αἱ
1290 1309 1408 1379 περὶ
1445 1308 1540 1364 τὴν
1586 1300 1708 1357 όδὸν
1747 1311 1838 1364 τοῦ

239 1392 360 1466 βιόν
391 1396 582 1448 τούτου
613 1397 877 1466 πεφύκασι
928 1390 1095 1447 δειναὶ
1124 1393 1328 1469 κρῦψαι
1359 1393 1580 1466 λῃστὴν,
1632 1397 1722 1446 καὶ
1751 1395 1839 1445 τόν

240 1481 637 1536 ἐπιϐουλεύοντα
696 1491 918 1542 ποιῆσαι
977 1483 1184 1552 λαθεῖν,
1242 1482 1466 1536 ἐντεῦθεν
1533 1481 1841 1557 ἁπροόπτῳς

237 1575 322 1634 τὰς
375 1580 475 1635 τῆς
547 1570 805 1635 ἀπωλείας
872 1573 1178 1646 ὑποσπείρει
1240 1569 1488 1644 παγίδασ
1550 1574 1696 1645 ἡμῖν.
1757 1579 1841 1626 Δεῖ

234 1666 407 1716 τοίνυν
440 1665 600 1735 ἡμᾶς,
649 1665 792 1738 εἴπερ
832 1661 1086 1735 ἐθέλοιμεν
1132 1663 1246 1732 (81)
1299 1660 1542 1734 ἀσφαλῶς
1587 1666 1680 1720 τὴν
1712 1663 1837 1714 ὐπο-

1953 511 2088 553 rum
2110 511 2294 568 opera
2323 512 2391 552 ac
2421 495 2801 570 propositum
2840 500 2928 551 est
2957 511 3029 551 ex
3059 495 3267 550 alienis
3297 495 3603 564 ditescere,

1951 586 2058 641 sed
2113 587 2337 661 quibus
2378 601 2502 643 non
2551 586 2815 659 suppetit
2865 585 3132 658 potentia
3164 589 3227 640 ut
3256 583 3604 646 violentiam

1949 679 2221 747 apertam
2237 679 2572 743 exerceant,
2587 675 2713 731 vias
2737 674 3024 731 insidiose
3039 667 3344 748 occupare
3386 672 3604 744 solent,

1951 765 2008 816 et
2031 761 2081 816 si
2100 761 2357 818 viderint
2377 761 2437 817 in
2463 760 2549 816 eis
2576 760 2776 816 locum
2812 759 3187 834 quempiam,
3212 762 3316 814 aut
3343 757 3605 815 vallibus

1948 851 2267 924 profundis
2297 852 2660 923 diifractum,
2703 856 2806 908 aut
2837 851 3125 907 arborum
3148 849 3443 906 densitate
3474 865 3604 906 um-

1948 943 2220 1014 brosum,
2253 960 2320 999 eo
2345 943 2698 1015 recipientes
2730 959 2812 1006 se,
2841 946 2899 998 et
2917 941 3092 1011 longe
3122 944 3261 997 ante
3300 938 3604 1012 ejusmodi

1949 1034 2324 1104 tegumentis,
2361 1034 2688 1106 quominus
2715 1033 2972 1089 viatores
3002 1031 3394 1104 praevideant,
3415 1030 3605 1103 impe-

1948 1123 2201 1190 dientes,
2225 1123 2539 1180 confertim
2560 1126 2617 1178 et
2633 1139 2706 1180 ex
2724 1121 3044 1195 improviso
3064 1121 3125 1178 in
3144 1120 3275 1178 illos
3307 1120 3603 1189 insiliunt,

1947 1228 2022 1272 ne
2043 1214 2368 1286 quisquam
2399 1213 2646 1288 periculi
2673 1212 2925 1287 laqueos
2974 1212 3326 1286 priusquam
3364 1211 3426 1267 in
3467 1210 3603 1268 illos

1947 1301 2240 1371 inciderit,
2267 1303 2461 1377 possit
2481 1301 2682 1358 videre
2707 1319 2720 1358 :
2749 1302 2834 1358 sic
2863 1301 2958 1358 ille
2988 1301 3093 1374 qui
3121 1300 3298 1358 nobis
3327 1299 3406 1358 ab
3433 1299 3601 1358 initio

1945 1391 2216 1449 infensus
2246 1399 2337 1450 est
2381 1399 2438 1450 et
2479 1393 2698 1462 hostis,
2739 1391 3118 1464 voluptatum
3149 1390 3602 1448 mundanarum

1948 1482 2196 1538 umbras
2227 1482 2492 1555 subiens,
2520 1498 2657 1558 quae
2684 1481 2745 1537 in
2775 1483 2960 1553 hujus
2991 1483 3124 1539 vitae
3153 1481 3253 1538 via
3280 1479 3362 1538 ad
3407 1478 3604 1536 occul-

1948 1572 2201 1628 tandum
2230 1572 2581 1645 praedonem
2630 1578 2687 1631 et
2728 1573 2805 1630 ad
2835 1572 3070 1628 dandas
3107 1569 3441 1628 insidiatori
3461 1568 3604 1626 late-

1946 1661 2088 1718 bras
2134 1662 2366 1718 idoneze
2397 1678 2530 1718 esse
2561 1663 2774 1730 solent,
2806 1663 2944 1718 inde
2973 1661 3287 1735 inopinato
3328 1659 3603 1716 interitus

233 1756 475 1824 κειμένην
509 1749 635 1806 ὁδὸν
681 1760 774 1806 τοῦ
830 1750 951 1825 βίου
995 1748 1332 1826 διαδραμεῖν,
1365 1756 1453 1804 καὶ
1492 1760 1835 1825 παραστῆσαι

1944 1750 2195 1824 laqueos
2220 1751 2394 1808 nobis
2416 1752 2546 1823 subj
2556 1751 2672 1808 icit.
2694 1753 2898 1825 Itaque
2919 1751 2968 1806 si
2989 1750 3172 1808 modo
3192 1749 3448 1807 velimus
3467 1746 3605 1804 sub-

235 1849 455 1916 Χριστῷ
513 1844 607 1900 τὴν
656 1841 843 1914 ψυχην
891 1860 946 1894 τε
976 1843 1105 1914 ὁμοῦ
1137 1861 1227 1894 και
1257 1845 1314 1894 τὸ
1343 1849 1494 1914 σῶμα
1522 1849 1612 1902 τῆς
1652 1841 1706 1893 ἐκ
1736 1850 1835 1894 τῶν

234 1931 554 2003 τραυμάτων
613 1929 879 2002 αἰσχύνης
911 1928 1168 2005 ἐλεύθερα,
1202 1934 1292 1992 καὶ
1333 1934 1454 1994 τοὺς
1486 1929 1568 1984 ἐπὶ
1605 1937 1669 2003 τῇ
1716 1949 1830 2003 νικῃ

232 2021 522 2091 στεφάνους
579 2017 771 2087 λαϐεῖν,
814 2017 1160 2095 ἐγρηγορότας
1187 2021 1450 2093 περιάγειν
1500 2018 1578 2074 ἀεὶ
1633 2039 1834 2072 πανταυ

239 2113 372 2181 χόσε
423 2109 543 2171 τούς
599 2117 696 2171 τῆς
741 2108 927 2181 ψυχῆς
989 2109 1283 2183 ὀφθαλμοὺς
1338 2115 1425 2164 καὶ
1475 2113 1643 2163 πάντα
1701 2112 1835 2163 ὑπο-

239 2200 441 2250 πτεύειν
494 2199 598 2251 ὅσα
656 2201 866 2272 τερπνά,
930 2203 1021 2252 καὶ,
1085 2203 1436 2273 παρατρέχειν
1504 2199 1674 2267 εὐθὺς,
1745 2204 1835 2252 καὶ

231 2283 425 2362 μηδενὶ
487 2283 848 2363 προσερείδειν
905 2292 999 2346 τὴν
1060 2290 1273 2356 ἔννοιαν,
1333 2285 1472 2361 μηδὲ
1530 2288 1574 2341 εἰ
1629 2291 1836 2362 χρυσὸς

232 2380 468 2450 φαίνοιτο
535 2372 716 2448 χύδην
783 2381 1134 2451 προκείμενος,
1193 2378 1396 2450 ἕτοιμος
1462 2377 1534 2440 εἰς
1590 2379 1685 2441 τὰς
1734 2385 1834 2430 τῶν

234 2464 566 2538 βουλομένων
613 2473 801 2538 χεῖρας
855 2465 1011 2518 ἐλθεῖν
1060 2465 1306 2536 (Πλοῦτος
1355 2469 1482 2542 γὰρ,
1535 2471 1713 2540 φησὶν,
1748 2465 1833 2520 ἐὰν

231 2556 345 2629 ῥέῃ,
406 2558 480 2628 μὴ
543 2556 894 2629 προστίθεσθε
951 2551 1150 2629 καρδίᾳ
1214 2555 1385 2627 [82]
1455 2553 1595 2628 μηδὲ
1657 2557 1700 2609 εἱ
1763 2565 1831 2628 γῆ

233 2644 618 2718 ﬂigatisque“
687 2651 864 2699 πᾶσαν
944 2649 1160 2721 τρυφὴν,
1210 2651 1300 2700 καὶ
1364 2646 1656 2713 πολυτελεῖς
1721 2643 1835 2700 δει-

231 2739 469 2789 κνύουσα
524 2737 720 2798 σκηνὰς
777 2735 965 2808 (Ἡμῶν
1021 2738 1122 2812 γὰρ
1177 2741 1234 2789 τό
1291 2735 1579 2810 πολίτευμα
1633 2735 1682 2788 ἐν
1739 2734 1834 2789 ού-

229 2833 396 2898 ρανῷ,
453 2822 510 2886 ἐξ
573 2823 633 2876 οὗ
679 2827 769 2876 καὶ
839 2831 1054 2897 Σωτῆρα
1104 2821 1508 2898 ἀπεκδεχόμεθα
1563 2824 1832 2898 Χριστόν)·

226 2911 372 2987 μηδὲ
411 2913 457 2966 εἰ
481 2920 716 2987 χορεῖαι,
753 2917 843 2966 καὶ
876 2921 1063 2986 κῶμοι,
1095 2919 1185 2968 καὶ
1213 2917 1388 2987 μέθαι,
1422 2919 1512 2968 καὶ.
1550 2913 1836 2968 καταυλού-

229 3023 382 3076 μεναι
432 3002 695 3077 τράπεζαι
745 3004 1075 3073 (Ματαιότής
1129 3003 1253 3080 γὰρ,
1302 3010 1481 3078 φησὶν,
1537 3009 1834 3078 ματαιοτήο

1945 1846 2192 1897 stratam
2223 1841 2356 1897 vitae
2377 1843 2542 1898 viam
2571 1845 2697 1898 tuto
2719 1856 3088 1915 percurrere,
3120 1845 3302 1913 atque
3328 1839 3602 1896 animam

1945 1929 2124 1988 simul
2143 1935 2199 1986 et
2219 1946 2440 2004 corpus
2474 1931 2785 1988 vulnerum
2809 1930 3176 2003 turpitudine
3195 1929 3493 1988 immunia
3518 1927 3603 1985 of-

1943 2017 2095 2075 ferre
2145 2019 2393 2088 Christo,
2442 2034 2822 2092 coronasque
2850 2018 2930 2075 ob
2959 2018 3270 2074 victoriam
3301 2017 3598 2090 accipere,

1943 2111 2177 2180 oportet
2205 2123 2316 2163 nos
2357 2108 2542 2164 animi
2567 2107 2776 2164 oculos
2810 2122 3050 2179 semper
3078 2106 3487 2177 undecunque
3516 2104 3600 2160 vi-

1943 2197 2196 2271 gilantes
2226 2197 2654 2270 circumagere,
2697 2202 2754 2254 et
2777 2212 2873 2254 res
2903 2212 3115 2254 omnes
3159 2194 3468 2268 jucundas
3499 2193 3602 2250 ha-

1945 2287 2085 2344 bere
2114 2291 2444 2360 suspectas,
2475 2303 2548 2343 ac
2589 2287 2792 2344 statim
2821 2286 3148 2361 praeterire,
3171 2290 3229 2343 et
3257 2285 3336 2342 ad
3366 2283 3596 2341 nullam

1944 2376 2220 2436 animum
2251 2376 2570 2450 appellere,
2605 2393 2681 2434 ne
2729 2379 2777 2431 si
2808 2393 3026 2433 aurum
3050 2375 3299 2448 quidem
3325 2374 3599 2432 videatur

1944 2466 2072 2524 fuse
2111 2483 2416 2540 sparsum,
2445 2468 2612 2541 quod
2645 2469 2706 2525 in
2747 2467 3116 2540 cupientium
3148 2482 3365 2524 manus
3397 2464 3596 2522 venire

1944 2561 2224 2630 paratum
2249 2558 2327 2614 sit
2355 2559 2612 2630 (Divitiae
2641 2557 2824 2626 enim,
2857 2551 3069 2630 inquit,
3099 2558 3153 2612 si
3185 2557 3472 2626 afﬂuant,
3493 2568 3598 2610 no-

1945 2647 2050 2704 lite
2068 2662 2173 2704 cor
2189 2648 2616 2718 apponere”);
2657 2663 2855 2720 neque
2884 2646 2935 2702 si
2963 2645 3225 2719 proferat
3251 2648 3412 2702 terra
3455 2642 3597 2700 deli-

1941 2737 2069 2794 cias
2095 2753 2308 2794 omnes
2333 2755 2404 2795 ac
2435 2743 2792 2812 sumptuosa
2831 2736 3222 2796 tabernacula
3243 2737 3414 2807 (nam
3440 2736 3596 2792 Νοει-

1943 2833 2043 2884 tra
2067 2829 2440 2886 conversatio
2459 2830 2516 2884 in
2541 2830 2687 2887 caelo
2708 2835 2814 2898 est,
2836 2829 2997 2886 unde
3023 2831 3202 2886 etiam
3222 2827 3597 2884 Salvatorem

1952 2916 2124 2990 164
2141 2924 2549 2986 exspectamus
2569 2919 2878 2974 Christum
2898 2920 2998 2988 77);
3030 2933 3227 2990 neque
3258 2916 3309 2973 si
3338 2917 3595 2987 choreae,

1941 3010 2000 3062 et
2023 3006 2518 3074 comessationes,
2550 3011 2607 3064 et
2625 3006 3039 3070 ebrietates,et
3063 3022 3288 3063 mensae
3310 3005 3595 3062 tibiarum

231 3111 350 3160 των,
399 3093 468 3146 τὰ
515 3094 689 3146 πάντα
730 3096 1060 3166 ματαιότης)·
1109 3090 1249 3166 μηδὲ
1292 3094 1337 3148 εἰ
1385 3097 1639 3167 σωμάτων
1670 3093 1832 3154 κάλλη

1943 3095 2202 3152 modulis
2239 3099 2588 3152 resonantes
2631 3101 3049 3168 proponantur
3095 3098 3112 3156 t
3131 3097 3376 3153 Vanitas
3405 3094 3590 3160 enim,

231 3185 554 3256 προτείνοιτο
587 3223 604 3249 ,
691 3183 836 3256 παρὰ
916 3190 1152 3256 πονηρῶν
1231 3181 1422 3256 ψυχῶν
1508 3182 1835 3255 ἐνοικούμενα

230 3270 400 3334 (Ἃπὸ
459 3273 740 3343 προσώπον
786 3268 888 3344 γὰρ
940 3274 1188 3342 γυναικός
1257 3275 1324 3335 ὡς
1395 3270 1496 3325 ἀπό
1554 3277 1832 3348 προσώπον

231 3360 388 3430 ὁρεως
428 3367 585 3432 φεῦγε
633 3362 763 3430 (83),
813 3364 970 3432 φησὶν
1026 3361 1052 3412 ὁ
1108 3365 1306 3432 Σοφός)·
1347 3358 1489 3434 μηδὲ
1527 3362 1571 3414 εἱ
1625 3358 1830 3414 δυνασ-

231 3456 367 3501 τεῖαι
393 3454 484 3502 καὶ
521 3445 843 3523 τυραννιδες,
892 3453 981 3501 καὶ
1022 3445 1288 3524 δορυφόων
1320 3452 1350 3509 ἠ
1396 3449 1625 3503 κολάκων
1655 3449 1827 3523 ἑσμοί⁹

235 3533 378 3610 μηδε
439 3557 482 3591 ει
555 3541 731 3613 θρόνος
798 3537 998 3610 ὑψηλός
1062 3544 1151 3590 καὶ
1209 3538 1464 3614 λαμπρὸς,
1543 3539 1832 3604 ὑποζεύξας

231 3628 350 3684 ἔθνη
398 3633 490 3680 καὶ
538 3626 715 3687 πόλεις
771 3627 839 3689 εἰς
897 3623 1133 3680 δουλείαν
1197 3620 1428 3681 ἑκούσιον
1495 3634 1673 3696 (Πᾶσα
1726 3630 1828 3704 γὰρ

229 3717 365 3791 σὰρξ
409 3721 478 3778 ὡς
505 3720 724 3792 χόρτος,
771 3721 863 3769 καὶ
919 3724 1067 3770 πᾶσα
1113 3713 1244 3781 δόξα
1289 3716 1561 3791 ἀνθρώπου
1591 3721 1656 3782 ὡς
1682 3721 1829 3781 ανθος

223 3812 440 3882 χόρτον·
494 3805 750 3880 ἐξηράνθη
797 3808 823 3860 ὁ
871 3811 1086 3881 χόρτος,
1132 3811 1222 3860 καὶ
1275 3810 1334 3860 τὸ
1379 3809 1534 3871 ἄνθος
1580 3809 1825 3880 ἐξέπεσε).

221 3901 440 3959 Τούτοις
490 3899 596 3971 γὰρ
647 3893 712 3955 δὴ
765 3901 900 3950 πᾶσι
948 3903 1058 3960 τοῖς
1110 3895 1244 3950 οὕτω
1295 3906 1529 3972 τερπνοῖς
1581 3899 1607 3952 ὁ
1659 3901 1831 3961 κοινὸς

221 3985 560 4045 ύποκάθηταε
607 3983 893 4058 δυσμενὴς,
951 3984 1209 4059 ἀναμένων
1269 3990 1315 4040 εἴ
1369 4006 1490 4041 ποτε
1543 3989 1677 4058 (84),
1724 3995 1829 4050 τοῖς

219 4078 500 4150 ὁρωμένοις
581 4071 972 4142 δελεασθέντες,
1052 4083 1145 4138 τῆς
1209 4079 1299 4149 μὲν
1375 4076 1570 4138 εὐθείας
1638 4076 1828 4152 ἐκτρα-

220 4176 396 4239 πῶμεν
455 4162 610 4233 ὁδού,
669 4169 800 4241 πρὸς
853 4161 913 4218 δε
973 4169 1060 4219 τόν
1126 4164 1320 4219 ἐκείνου
1387 4165 1547 4239 λόχςν
1613 4168 1829 4232 ἑαυτούς

222 4255 602 4329 «Ξιποκλίνεειμεν⁸
637 4260 738 4308 Καὶ
789 4251 901 4316 δέος
946 4255 1076 4309 πολὺ
1118 4260 1190 4329 μή
1222 4274 1366 4324 ποτε,
1399 4254 1828 4333 προσδραμόντες

220 4344 531 4418 ἆγνλάκτως
610 4345 806 4412 αὐτοῖς,
880 4351 970 4398 καὶ
1037 4350 1128 4406 τὴς
1206 4345 1262 4398 ἐκ
1336 4353 1433 4409 τῆς
1499 4347 1828 4410 ἁπολούσεως

221 4437 405 4510 τέρψιν
467 4431 622 4489 οὐδεν
687 4435 1011 4508 ἡγησάμενοι
1075 4433 1349 4510 βλαϐερὸν,
1419 4435 1827 4512 ἐγκεκρυμμένον
1857 4467 1901 4528 D

221 4534 284 4598 τῇ
343 4531 529 4601 πρώτῃ
576 4527 754 4596 γεύσει
802 4528 862 4576 τὸ
904 4532 995 4578 τοῦ
1045 4521 1200 4578 δόλου
1250 4531 1582 4599 καταπίωμεν
1635 4529 1825 4598 ἀγκισ-

223 4634 361 4691 τρον·
395 4613 511 4668 εἶτα
541 4615 642 4667 ύπό
673 4616 856 4667 τούτου
897 4616 964 4667 τὰ
991 4617 1081 4687 μὲν
1126 4614 1342 4685 ἱκόννες,
1380 4617 1448 4668 τὰ
1491 4613 1550 4670 δι
1592 4618 1822 4687 ἄκοντες,

223 4702 598 4781 προσδεθῶμεν
671 4703 872 4766 αὐτοῖς.
947 4709 1036 4756 καὶ
1109 4708 1258 4780 πρὸς,
1330 4707 1389 4758 τὸ
1455 4704 1667 4781 φοϐερὸν
1731 4715 1824 4760 τοῦ

220 4794 416 4870 λῃστοῦ
463 4800 795 4868 καταγώγιον
827 4797 915 4852 τὸν
967 4796 1180 4850 θάνατον
1228 4794 1460 4870 λάθωμεν
1499 4796 1823 4861 ελκυσθέντες

222 4885 321 4939 ὑπὸ
358 4892 463 4939 τῶν
492 4879 719 4944 ἡδονῶν.

288 5084 337 5120 τι
374 5081 541 5140 Psal.
569 5096 684 5150 ιιι,
712 5085 797 5137 tt.
871 5081 921 5119 ⁷⁷
960 5080 1169 5155 Philip.
1198 5096 1279 5148 ιιι,
1313 5081 1403 5138 20.
1478 5083 1528 5120 ’³⁸
1570 5082 1759 5144 Eccle.
1789 5099 1827 5154 ι,
1859 5091 1914 5143 2.

291 5183 400 5250 (8t)
443 5183 680 5256 Veteres
725 5179 846 5256 duo
872 5179 1011 5256 libri
1053 5181 1303 5256 ἐθέλομεν.
1333 5181 1500 5237 Alius
1550 5182 1816 5256 ἐθέλωμεν,

221 5253 378 5328 Alius
409 5267 553 5306 cum
581 5253 840 5328 vulgatis
862 5252 1133 5324 ἐθέλοιμεν.
1156 5252 1480 5328 aliquanto
1503 5259 1640 5328 post
1661 5252 1818 5310 unus

222 5323 408 5379 codex
433 5329 492 5379 et
532 5321 676 5378 editi
723 5321 808 5376 ἐπὶ
836 5331 898 5396 τῇ
944 5321 1082 5395 νίκῃ.
1117 5325 1205 5380 Ali
1247 5321 1365 5381 tres
1395 5321 1577 5382 mass.
1615 5325 1699 5378 ἐπί
1725 5335 1818 5388 τῆς

221 5415 330 5452 mn
342 5415 384 5452 ς.

287 5415 400 5532 (ἒξ)
429 5464 609 5544 Editi
627 5467 683 5519 et
711 5464 843 5544 duo.
864 5481 1010 5520 mss.
1038 5463 1253 5544 καρδίᾳ.
1289 5467 1671 5544 (ζοιζθχ-υιιιιε
1692 5488 1816 5544 καρέ

224 5533 358 5618 δίαν.
387 5543 523 5623 ξιιῖι
569 5537 712 5618 Reg.
757 5537 1003 5623 prim_us'
1021 5533 1222 5623 τρυφὴν
1247 5543 1338 5591 καὶ
1387 5537 1694 5612 ἀπόλαυσιν,
1723 5533 1812 5592 καὶ

225 5609 601 5673 πολυτελεῖς....
633 5609 681 5661 ἐν
719 5609 955 5681 οὐρανοῖς
982 5609 1232 5682 ὑπάρχει.

1939 3185 2155 3258 inquit,
2188 3186 2546 3252 vanitatum,
2579 3186 2782 3242 omnia
2811 3187 3047 3241 vanitas
3067 3185 3164 3254 78);
3199 3199 3396 3255 neque
3429 3183 3478 3239 si
3507 3181 3593 3239 of-

1939 3275 2209 3333 ferantur
2233 3290 2490 3348 corpora
2509 3275 2796 3346 formosa,
2817 3275 2877 3331 in
2898 3275 3121 3346 quibus
3152 3275 3370 3330 animae
3391 3289 3594 3347 prave

1938 3364 2277 3422 inhabitent
2317 3366 2390 3435 (A
2422 3366 2581 3436 facie
2632 3365 2794 3422 enim
2843 3366 3112 3422 mulieris
3161 3366 3324 3422 velut
3355 3379 3393 3420 a
3433 3365 3596 3434 facie

1939 3457 2227 3525 serpentis
2252 3457 2420 3526 fuge.
2443 3455 2640 3528 inquit
2670 3456 2921 3528 Sapiens
2942 3456 3054 3522 7');
3082 3471 3278 3527 neque
3309 3455 3356 3510 si
3389 3460 3594 3527 poten-
3653 3521 3664 3526 Α

1937 3547 2099 3600 tatus
2127 3543 2618 3616 dominatusque,
2641 3559 2712 3600 ac
2743 3543 3063 3600 satellitum
3086 3548 3192 3600 aut
3210 3542 3592 3599 adulatorum

1938 3636 2172 3690 turmas
2228 3637 2578 3705 exspectare
2625 3632 2824 3702 liceat,
2882 3648 3080 3705 neque
3133 3632 3182 3687 si
3215 3631 3596 3703 promittatur

1938 3722 2093 3780 altus
2122 3723 2375 3780 thronus
2395 3728 2576 3795 atque
2599 3722 2975 3795 splendidus,
3006 3726 3212 3792 gentes
3234 3737 3304 3777 ac
3327 3720 3595 3777 civitates

1937 3813 2289 3871 voluntariae
2316 3813 2588 3870 servituti
2616 3813 2946 3885 subjiciens
2992 3813 3220 3884 (Omnis
3253 3812 3414 3868 enim
3450 3825 3593 3868 caro

1935 3907 2165 3976 fenum,
2205 3909 2259 3960 et
2306 3904 2495 3960 omnis
2519 3903 2715 3974 gloria
2763 3903 3018 3959 hominis
3069 3903 3247 3974 quasi
3286 3903 3395 3972 ﬂos
3419 3902 3590 3972 feni;

1937 3996 2105 4052 aruit
2154 3995 2386 4064 fenum,
2418 3999 2472 4050 et
2521 3994 2632 4063 ﬂos
2688 3993 2899 4050 cecidit
2917 3993 3012 4064 ⁸ο).
3058 3991 3287 4048 Etenim
3335 3989 3449 4046 sub
3497 3989 3592 4046 his

1936 4083 2222 4141 omnibus
2249 4083 2402 4140 adeo
2428 4082 2714 4156 jucundis
2744 4082 3086 4139 communis
3115 4081 3210 4138 ille
3244 4081 3433 4138 hostis
3463 4080 3594 4136 lati-

1935 4179 2045 4244 tat,
2076 4179 2434 4246 exspectans
2475 4189 2623 4228 num
2667 4172 2916 4245 quando
2941 4173 3125 4228 rebus
3151 4170 3496 4243 conspectis
3525 4168 3590 4226 il-

1935 4262 2096 4330 lecti,
2143 4262 2242 4318 via
2271 4267 2434 4318 recta
2471 4260 2779 4331 derelicta,
2810 4277 2924 4317 nos
2963 4261 3129 4334 ipsos
3161 4261 3220 4316 in
3249 4259 3409 4315 illius
3448 4258 3593 4315 insi-

1936 4353 2067 4409 dias
2115 4352 2532 4423 conjiciamus.
2566 4351 2719 4417 Quin
2749 4353 2932 4407 etiam
2970 4350 3367 4407 metuendum
3413 4349 3590 4406 valde

1937 4445 2045 4512 est,
2085 4440 2412 4513 nequando
2443 4441 2522 4496 ad
2551 4441 2682 4496 hinc
2712 4441 2951 4496 incaute
2982 4445 3384 4506 accurrentes,
3415 4439 3592 4495 nihil-

1936 4547 2054 4604 que
2083 4530 2246 4587 noxii
2281 4530 2345 4585 in
2374 4529 2632 4586 fruenda
2671 4529 2772 4586 illa
2793 4529 3168 4601 jucunditate
3216 4531 3411 4586 inesse
3455 4529 3588 4598 rati,

1935 4623 2060 4680 doli
2084 4623 2336 4678 hamum
2362 4619 2771 4691 deglutiamus
2799 4621 2861 4677 in
2891 4621 3088 4694 primo
3118 4625 3299 4692 gustu
3329 4619 3590 4676 occulta-

1935 4716 2063 4770 tum
2092 4729 2105 4768 :
2133 4710 2373 4779 deinde,
2414 4726 2489 4767 ne
2537 4711 2616 4768 ab
2663 4711 2778 4768 hoc
2807 4711 2996 4781 tracti,
3049 4711 3267 4784 partim
3309 4709 3586 4776 libentes,

1932 4803 2098 4860 inviti
2122 4802 2214 4859 his
2241 4802 2424 4860 rebus
2453 4801 2787 4874 alligemur,
2834 4803 3277 4876 inscientesque
3311 4816 3348 4857 a
3379 4799 3591 4870 volup-

1934 4895 2156 4953 tatibus
2191 4893 2271 4951 ad
2301 4893 2676 4951 horrendum
2712 4893 2963 4951 latronis
3006 4891 3337 4965 hospitium
3382 4889 3586 4946 traha-

1933 5001 2090 5054 mur,
2117 4983 2197 5041 ad
2221 4987 2479 5040 mortem
2509 4983 2760 5040 scilicet.

1989 5084 2038 5121 ⁷³
2079 5082 2270 5139 Eccle.
2301 5097 2412 5153 XXI,
2446 5086 2502 5139 2.
2579 5082 2626 5118 ³ο
2666 5083 2781 5136 Isa.
2813 5095 2900 5150 ιιι,
2933 5082 2987 5146 ϐ,
3017 5083 3070 5133 ’7.

1996 5186 2106 5261 (8.3)
2144 5181 2321 5261 Apud
2354 5183 2478 5261 LXX
2523 5179 2706 5261 paulo
2761 5178 2932 5261 aliter
2979 5176 3200 5261 legitur
3240 5174 3581 5261 Ec.cle._xx1,

1928 5259 1960 5310 2
1990 5249 2102 5316 :‘a;
2156 5249 2256 5306 ἀπο
2295 5249 2576 5326 προσώπου
2609 5256 2781 5326 ὄφεως,
2817 5258 2967 5320 φεῦγε
2994 5249 3582 5326 ἀπό-ἡμαρτίαςλιᾳη-

1928 5341 2107 5397 quam
2139 5341 2176 5380 a
2203 5319 2367 5393 facie
2395 5319 2652 5397 colubri,
2676 5319 2879 5397 [aged
2908 5319 3146 5390 peccato
3172 5337 3184 5374 :
3207 5319 3388 5391 aqua
3409 5319 3584 5376 inter-

1925 5391 2262 5468 pretatione
2283 5409 2411 5468 non
2433 5392 2656 5468 recedit
2681 5391 2961 5468 Vulgata.

1997 5470 2105 5536 (8's)
2150 5466 2334 5521 Editio
2383 5465 2565 5536 Paris.
2603 5461 2860 5536 ἀναμένων
2893 5462 2934 5514 εἰ
2958 5465 3098 5536 πότε.
3150 5462 3378 5519 Vocula.
3411 5462 3454 5516 εἰ
3481 5479 3579 5521 ne.

1920 5533 2040 5619 que
2135 5537 2393 5619 editione
2410 5533 2583 5598 Basil.
2599 5533 2794 5612 neque
2811 5533 2871 5591 in
2889 5534 3111 5592 nostris
3139 5540 3402 5611 quatuor
3431 5551 3580 5597 mss.

1919 5616 2246 5670 invenitur.
