4076 6190
375 301 478 359 543
1778 295 1838 353 S.
1877 289 1985 349 BA!

2163 285 2385 346 MAGNI
3635 291 3748 347 544

446 430 501 482 2.
549 424 746 491 Quare
776 416 1189 479 necessarium
1223 421 1311 477 est
1331 422 1387 477 et
1414 418 1559 476 utile
1581 416 1889 483 omnibus,
1920 414 2032 471 fra-

2216 416 2269 469 2.
2313 411 2476 467 Ὠστε
2506 411 2783 487 ἀναγκαῖον
2821 415 2911 466 καὶ
2958 411 3214 473 λυσιτελὶς
3259 411 3476 481 ἅπασιν,
3505 409 3746 487 ἀδελφοὶ,

375 520 518 582 tres,
548 530 662 571 nos
687 528 855 570 more
884 512 1182 567 viatorum
1207 515 1310 568 aut
1330 526 1643 568 cursorum
1675 507 1985 565 succincte

2144 504 2378 577 καθάπερ
2427 500 2742 580 ὁδοιπόρους
2796 504 2825 563 ἢ
2880 500 3102 577 δρομέας
3157 502 3519 576 στειλαμένους
3568 505 3744 577 ἡμᾶς,

379 609 436 663 et
454 603 762 661 undelibet
779 601 1081 657 levitatem
1102 600 1428 657 animabus
1448 599 1668 657 nostris
1691 598 1767 655 ad
1790 610 1989 654 cursu:

2144 595 2236 645 καὶ
2262 595 2592 666 πανταχόθεν
2630 597 2689 646 τὸ
2719 600 2907 666 κοῦφον
2936 600 3047 653 ταῖς
3085 590 3293 663 ⁸,ιουχοιῖς
3333 595 3465 665 πρός
3504 595 3593 644 τόν
3621 589 3658 645 δ
3659 612 3747 667 ρο-

377 694 544 750 hunc
602 689 1041 765 perﬁciendum
1098 689 1506 756 conciliantes,
1566 687 1644 745 ad
1691 687 1801 743 vias
1850 685 1987 740 ﬁne:

2146 701 2242 756 μον
2294 689 2476 735 τοῦτον
2534 681 2930 752 ἐπινοήσαντας,
2988 680 3419 755 ἀμεταστρεπτως
3487 682 3602 753 (85)
3661 681 3746 735 ἐπὶ

378 787 543 840 recta
563 766 866 837 festinare.
899 781 1014 835 Nec
1045 778 1374 852 quisquam
1404 778 1632 849 ﬁngere
1662 792 1757 833 me
1786 772 1988 831 nomin

2143 774 2205 824 τό
2255 779 2352 835 τῆς
2389 768 2517 826 ὁδοῦ
2564 778 2723 848 πέρας
2767 770 3082 845 ἐπείγεσθαι.
3133 775 3234 824 Καί
3279 790 3344 844 με
3388 766 3575 844 μηδεὶς
3616 790 3747 825 υπο-

379 887 542 929 nova
561 869 915 943 suspicetur,
933 869 1100 941 quod
1121 869 1457 926 humanam
1478 869 1662 925 vitam
1688 867 1851 923 viam
1875 879 1989 920 nun

2145 858 2296 913 λάϐοι
2352 869 2540 914 καινῶν
2589 862 2850 935 ὀνομάτων
2920 862 3160 934 γίνεσθαι
3213 863 3460 930 ποιητὴν,
3513 862 3592 913 ὅτι
3650 864 3744 920 τὴν

379 959 596 1017 vocavi
626 977 639 1025 ;
681 974 820 1014 cum
853 963 911 1015 et
961 958 1145 1015 David
1170 959 1468 1032 propheta
1499 957 1582 1014 sic
1610 957 1798 1013 vitam
1847 969 1989 1010 nom

2151 948 2479 1024 ἀνθρωπίνην
2527 952 2664 1013 ζωὴν
2708 947 2831 1004 ὁδόν
2888 950 3111 1004 ἐκάλεσα
3161 956 3271 1006 νῦν.
3326 948 3434 1003 ἐπεὶ
3459 953 3547 1002 καὶ
3577 946 3746 1003 Δαϐὶδ

381 1049 654 1107 naverit:
684 1050 789 1122 qui
833 1064 997 1104 nunc
1026 1048 1276 1121 quidem
1319 1048 1539 1105 alicubi
1572 1048 1653 1105 ita
1674 1046 1833 1117 dicit,
1862 1046 1987 1101 Bea

2149 1040 2176 1091 ὁ
2225 1046 2497 1114 προφήτης
2550 1040 2685 1093 οῦτω
2735 1044 2823 1093 τόν
2883 1038 3000 1114 βίον
3058 1039 3314 1113 ὠνόμασε·
3367 1046 3456 1091 νῦν
3494 1042 3587 1112 μὶν
3640 1035 3747 1093 ὧδέ

380 1138 765 1197 immaculati
788 1138 853 1194 in
874 1140 994 1203 via,
1011 1139 1121 1210 qui
1137 1140 1532 1194 ambulantin
1558 1139 1685 1208 lege
1703 1135 1946 1192 Domini
1957 1136 1990 1169 ⁸⁵

2148 1148 2222 1188 πη
2276 1129 2457 1202 λέγων’
2504 1132 2770 1206 Μακάριοι
2823 1131 2873 1183 οἱ
2913 1130 3122 1203 ἄμωμοι
3174 1128 3222 1182 ἐν
3268 1125 3400 1201 ὁδῷ,
3430 1130 3479 1182 οἱ
3523 1133 3746 1205 πορευό-

382 1245 547 1286 nunc
574 1244 719 1283 vero
750 1226 827 1283 ad
859 1227 1182 1282 Dominum
1227 1243 1405 1282 suum
1436 1226 1680 1295 clamat,
1736 1227 1898 1281 Viam
1926 1224 1990 1279 in

2147 1235 2290 1290 μενοι
2354 1216 2404 1270 έν
2458 1222 2598 1292 νόμῳ
2652 1222 2868 1293 Κυρίου·
2936 1225 3026 1270 νῦν
3096 1214 3156 1271 δέ
3226 1219 3357 1291 πρός
3407 1219 3495 1270 τὸν
3563 1218 3746 1271 ἑαυτοῦ

384 1318 634 1390 quitalis
679 1331 886 1372 amove
922 1331 961 1372 a
1004 1331 1117 1386 me,
1151 1331 1189 1372 a
1219 1317 1348 1388 lege
1379 1323 1483 1373 tua
1511 1318 1791 1373 miserere
1828 1329 1944 1370 me:
1965 1314 1994 1348 ⁸⁵

2148 1310 2382 1366 Δεσπότη
2439 1306 2596 1381 βοῶν.
2631 1303 2788 1360 Ὀδόν
2836 1302 3047 1367 ἀδικίας
3090 1304 3392 1364 ἀπόστησον
3440 1304 3528 1359 ἀπ’
3595 1304 3745 1381 ἐμοῦΙ

384 1409 609 1464 Rursus
648 1404 871 1461 alicubi
902 1405 1003 1461 Dei
1053 1405 1377 1463 adversum
1408 1422 1513 1462 eos
1542 1406 1649 1480 qui
1699 1404 1815 1460 sibi
1844 1402 1993 1460 infes

2146 1400 2238 1448 καὶ
2282 1402 2356 1467 τῷ
2402 1400 2543 1470 νόμῷ
2598 1416 2693 1449 σου
2745 1395 2953 1455 ἐλέησόν
3007 1415 3088 1471 με.
3144 1397 3275 1449 Ποτὶ
3317 1392 3378 1448 δε
3433 1396 3604 1468 ύμνών
3653 1399 3749 1455 τὴν

384 1499 574 1562 erant,
620 1494 874 1551 celerem
919 1509 1099 1567 opem
1139 1494 1496 1552 collaudans
1521 1499 1579 1550 et
1619 1494 1696 1550 ad
1726 1493 1926 1565 lyram
1953 1490 1993 1547 h

2150 1485 2318 1548 ὀξεῖαν
2364 1486 2457 1538 τοῦ
2516 1492 2650 1539 Θεοῦ
2698 1487 2835 1538 κατά
2886 1493 2987 1538 τῶν
3037 1485 3421 1559 έπηρεαξόντων
3475 1483 3748 1558 βοήθειαν,

383 1584 508 1640 lare
534 1588 776 1656 aptans,
805 1583 1046 1640 dicebat
1078 1601 1091 1639 :
1124 1585 1203 1641 Et
1252 1586 1380 1656 quis
1420 1586 1573 1641 Deus
1601 1588 1827 1654 praeter
1851 1583 1993 1638 Dem

2150 1580 2242 1629 καὶ
2288 1582 2351 1648 τῇ
2409 1575 2542 1649 λύρᾳ
2591 1577 2872 1650 προσάγων
2921 1578 3036 1646 (86)
3085 1574 3195 1648 μεθ’
3253 1572 3466 1637 ἡδονῆς,
3512 1577 3617 1627 Καὶ
3671 1577 3750 1636 τίς

383 1679 653 1729 nostrum
675 1677 703 1729 ?
740 1674 902 1729 Deus
952 1674 1059 1745 qui
1094 1675 1417 1745 praecingit
1447 1688 1541 1731 me
1569 1675 1812 1739 virtute,
1855 1678 1910 1727 et
1934 1686 1993 1741 p4

2153 1667 2280 1727 Θεός
2346 1664 2474 1723 πλὴν
2537 1671 2631 1718 τοῦ
2699 1670 2833 1718 Θεοῦ
2906 1666 3092 1737 ἡμῶνς
3150 1663 3335 1737 ἔλεγεν·
3408 1662 3469 1716 Ὀ
3534 1665 3665 1726 θεὸς
3722 1661 3748 1715 ό

385 1764 507 1818 suit
550 1764 1006 1820 immaculatum
1037 1764 1198 1820 viam
1227 1763 1530 1820 meam":
1574 1768 1763 1828 ratus,
1786 1776 1899 1817 nec
1928 1760 1995 1816 in

2148 1755 2506 1829 περιζωννύων
2574 1774 2637 1827 με
2707 1750 2952 1828 δύναμιν,
3018 1758 3109 1807 καὶ
3173 1755 3314 1807 ἔθετο
3382 1754 3597 1827 ἄμωμον
3653 1757 3750 1813 τὴν

387 1851 622 1915 merito,
651 1851 835 1908 vitam
858 1868 1045 1925 quam
1065 1852 1346 1908 homines
1372 1851 1722 1924 ubicunque
1747 1855 1997 1907 terraru:

2151 1840 2273 1897 ὀδόν
2329 1863 2451 1917 μου·
2521 1850 2799 1917 πανταχοῦ
2847 1847 2944 1902 την
3000 1840 3084 1897 ἐπὶ
3145 1852 3246 1916 γῆς
3314 1850 3416 1895 τῶν
3467 1841 3752 1917 ἀνθρώπων

387 1938 633 2011 degunt,
669 1940 793 1995 sive
843 1941 1167 2014 egregiam,
1197 1940 1320 1997 sive
1350 1956 1629 2013 pravam,
1656 1943 1739 1997 ita
1776 1955 1908 1996 esse
1937 1953 1997 2011 αι

2152 1929 2455 2007 διατριϐὴν,
2524 1933 2554 1993 ἣ
2631 1932 3031 2006 θαυμαζομένην
3091 1932 3121 1992 ἦ
3179 1931 3399 2005 φαύλην,
3447 1931 3582 1985 οὕτω
3640 1928 3751 1985 δεῖν

387 2028 757 2102 pellandam.
791 2029 1321 2096 Quemadmodum
1343 2030 1502 2086 enim
1531 2029 1637 2102 qui
1667 2026 1997 2102 aliquodite

2148 2024 2554 2099 προσαγορεύειν
2628 2023 2910 2096 ἡγούμενος
2970 2022 3194 2083 εἰκότως.
3264 2020 3464 2097 Ὠσπερ
3525 2022 3625 2097 γάρ
3702 2021 3756 2076 οῖ

388 2118 557 2175 haud
606 2119 858 2175 remisse
886 2124 1239 2193 susceptum
1282 2120 1630 2187 conﬁciunt,
1665 2135 1912 2191 gressus
1941 2133 1998 2192 p4

2148 2131 2267 2166 τινα
2319 2116 2696 2186 συντεταμένην
2745 2116 2957 2188 πορείαν
3007 2109 3261 2180 ἀνύοντες,
3312 2110 3396 2164 ἐπὶ
3445 2112 3514 2163 τὰ
3563 2113 3753 2187 πρόσω

388 2207 538 2263 dum
580 2208 660 2264 ad
708 2224 956 2265 cursum
1002 2208 1418 2280 peragendum
1468 2209 1741 2264 certatim
1793 2208 1998 2264 ulteriu

2147 2204 2240 2265 τὰς
2295 2211 2396 2259 τῶν
2447 2199 2624 2256 ποδῶν
2679 2200 2862 2276 βάσεις
2932 2200 3283 2275 ἁμιλλωμένας
3360 2199 3602 2262 ἀλλήλαις
3681 2205 3753 2262 είς

389 2303 841 2369 promoventes,
898 2295 1242 2369 jugiterque
1308 2312 1582 2367 gressum
1653 2296 1823 2352 humi
1873 2296 1999 2370 priu

2151 2289 2347 2369 δρόμον
2403 2290 2719 2365 ἀμείϐοντες,
2770 2294 2862 2344 καὶ
2917 2295 3011 2350 τὴν
3081 2289 3160 2344 ἀεὶ
3215 2292 3466 2366 προτέραν
3522 2289 3606 2343 ἐπὶ
3658 2298 3752 2351 τῆς

388 2386 581 2442 ﬁxum
596 2385 787 2442 veloci
812 2385 1055 2442 alterius
1077 2385 1468 2442 translatione
1496 2385 1891 2458 posteriorem
1909 2386 1998 2442 rec

2149 2390 2251 2455 γῆς
2312 2380 2632 2455 ἐρασθεῖσαν
2700 2377 2947 2456 δευτέραν
3008 2376 3402 2442 ἀποδεικνύντες
3446 2381 3510 2453 τῇ
3554 2382 3754 2452 ταχείᾳ

388 2474 624 2543 dentes,
665 2474 1013 2548 pertingant
1033 2474 1208 2531 facile
1238 2475 1317 2531 ad
1344 2475 1456 2531 viae
1476 2474 1662 2530 ﬁnem
1694 2491 1708 2530 :
1737 2474 1821 2532 ita
1849 2475 1953 2548 qui
1980 2475 1998 2530 i

2152 2473 2424 2545 μεταθέσει
2461 2478 2558 2532 τῆς
2601 2468 2780 2541 ἄλλης,
2829 2465 3030 2545 ῥᾳδίως
3068 2468 3152 2522 ἐπὶ
3192 2472 3253 2522 τὸ
3286 2477 3377 2531 τῆς
3419 2465 3548 2522 ὁδοῦ
3585 2473 3754 2544 τέρμα

388 2561 576 2617 vitam
607 2579 643 2620 a
686 2563 996 2619 conditore
1037 2563 1362 2621 introducti
1390 2568 1550 2633 sunt,
1582 2563 1784 2620 statim
1814 2563 1875 2619 in
1910 2564 1998 2637 ips

2153 2567 2444 2635 χωροῦσιν·
2489 2560 2656 2621 οὕτως
2711 2562 2762 2612 οἱ
2808 2562 2940 2635 πρὸς
2992 2563 3053 2612 τό
3105 2559 3202 2633 ζῇν
3254 2558 3611 2635 παραχθέντες
3647 2559 3752 2612 ύπὸ

392 2649 565 2707 initio
586 2651 913 2723 particulas
941 2652 1230 2725 temporis
1254 2651 1755 2724 ingredientes,ac
1784 2652 2002 2725 priore:

2153 2657 2244 2703 τοῦ
2313 2654 2610 2721 κτίσαντος,
2668 2648 2819 2712 εὐθὺς
2894 2647 2942 2700 ἐν
3000 2646 3142 2721 ἀρχῆ
3200 2655 3294 2701 τοῦ
3353 2652 3550 2723 χρόνου
3619 2650 3757 2722 τμῆ·

394 2753 641 2810 semper
680 2739 1076 2811 posteriorem
1114 2740 1545 2813 relinquentes,
1577 2740 1658 2796 ad
1686 2740 1821 2797 vitm
1850 2745 1999 2797 term

2157 2758 2319 2815 μασιν
2362 2737 2772 2812 ἐπεμϐαίνοντες,
2825 2742 2916 2791 καὶ
2962 2740 3023 2791 τὸ
3073 2741 3318 2814 πρότερον
3371 2736 3461 2791 ἀεῖ
3502 2736 3757 2810 καταλιμ-

391 2841 540 2881 num
573 2827 945 2898 perveniunt.
984 2832 1193 2884 Annon
1224 2830 1407 2885 etiam
1427 2844 1697 2901 praesens
1725 2829 1850 2886 vita
1872 2828 2001 2885 vob:

2157 2831 2401 2889 πάνοντες
2443 2829 2683 2903 ὕστερον,
2725 2828 2809 2880 ἐπὶ
2862 2828 2923 2880 τό
2971 2831 3132 2901 πέρας
3160 2829 3416 2900 φθάνουσι
3452 2834 3544 2888 τῆς
3588 2828 3755 2888 ζωῆς.

392 2914 631 2971 videtur
661 2917 941 2974 continua
981 2918 1266 2990 quasdam
1296 2923 1353 2974 et
1380 2923 1659 2991 porrecta
1686 2920 1781 2975 via
1809 2934 1961 2987 esse,
1994 2936 2002 2972 ι

2156 2917 2223 2971 Ἦ
2254 2918 2385 2990 οὐχὶ
2408 2922 2499 2970 καὶ
2529 2918 2650 2990 ύμῖν
2680 2912 2827 2970 δοκεῖ
2855 2935 3081 2989 συνεχῃς
3122 2935 3200 2976 τις
3250 2912 3370 2978 ὁδός
3407 2914 3761 2989 ὑφηπλῶσθαι

391 3004 503 3061 iter
528 3006 805 3061 aetatibus
833 3006 1010 3078 quasi
1042 3007 1413 3080 quibusdam
1430 3008 1853 3065 mansionibus
1872 3009 2001 3065 inte:

2159 3008 2191 3066 ἠ
2245 3014 2491 3083 παροῦσα
2530 3007 2663 3076 ζωὴ,
2720 3008 2811 3059 καὶ
2857 3010 3042 3080 πορεὶα
3084 3002 3424 3079 διειλημμένη
3469 3013 3586 3069 ταῖς
3644 3005 3754 3064 ἡλια

394 3094 728 3151 stinctum?
766 3095 932 3166 quod
962 3099 1028 3151 ut
1072 3095 1462 3169 profectionis
1515 3096 1751 3153 initium
1808 3103 2004 3171 partu:

2160 3102 2304 3160 κίαις
2379 3098 2614 3170 καθάπερ
2679 3096 2956 3168 σταθμοῖς,
3007 3094 3182 3171 ἀρχὴν
3246 3099 3336 3169 μὲν
3398 3095 3600 3169 ἑκάστῳ
3660 3104 3761 3160 τῆς

395 3188 739 3241 maternum
780 3185 1107 3258 unicuique
1164 3187 1426 3257 exhibet,
1479 3187 1562 3244 ita
1612 3203 1828 3243 cursus
1866 3186 2005 3243 ﬁne:

2161 3183 2464 3261 ὁδοιπορίας
2531 3187 2848 3259 παρέχουσα
2909 3186 3005 3246 τὰς
3081 3192 3182 3236 τῶν
3248 3192 3458 3260 μητρῶν
3537 3180 3757 3255 ὠδῖνας,

394 3274 650 3330 tentoria
680 3273 1099 3346 sepulcrorum
1128 3275 1412 3342 ostendit,
1452 3281 1635 3349 atque
1676 3277 1797 3332 huc
1837 3291 2004 3332 omne

2158 3280 2323 3350 τέρμα
2369 3269 2430 3326 δι
2481 3268 2839 3325 ύποδεικνῦσα
2882 3279 2976 3326 τοῦ
3029 3269 3230 3347 δρόμου
3286 3274 3376 3333 τὰς
3427 3278 3529 3325 τῶν
3582 3272 3759 3343 τάφων

397 3358 701 3425 conducit,
743 3358 894 3414 alios
933 3359 1128 3427 citius,
1151 3359 1341 3415 serius
1372 3359 1520 3416 alios
1565 3363 1624 3416 et
1659 3360 1771 3416 hos
1800 3360 2007 3432 quide:

2163 3365 2380 3431 σκηνὰς,
2412 3366 2502 3414 καὶ
2549 3364 2681 3437 πρὸς
2718 3360 2912 3423 έκεὶνας
2949 3361 3182 3424 ἅπαντας
3224 3363 3451 3433 ἄγουσα,
3499 3362 3619 3421 τούς
3665 3360 3758 3433 μὶν

394 3460 503 3518 per
521 3446 729 3502 omnia
759 3448 1043 3520 temporis
1071 3448 1388 3505 intervalla
1414 3448 1733 3523 profectos,
1751 3449 1884 3505 illos
1908 3465 2004 3505 ver

2163 3455 2366 3520 θᾶττον,
2394 3453 2544 3513 »τοὺς
2587 3447 2647 3503 δὲ
2699 3446 3046 3524 βραδύτερον,
3081 3455 3170 3504 καὶ
3205 3455 3323 3512 τοὺς
3359 3453 3449 3523 μὲν
3492 3445 3587 3503 διὰ
3631 3450 3759 3502 ποίν-

395 3549 471 3591 ne
511 3534 573 3591 in
612 3536 825 3608 primis
864 3535 1113 3609 quidem
1142 3538 1277 3594 vitae
1321 3538 1683 3594 stationibus
1717 3554 2005 3596 commor:

2158 3562 2258 3596 των
2309 3547 2410 3594 τῶν
2461 3546 2554 3593 τοῦ
2601 3543 2797 3613 χρόνου
2855 3537 3230 3613 διαστημάτων
3268 3536 3608 3606 όδςύσαντας,
3637 3541 3762 3600 τοὺς

393 3629 507 3681 tos.
541 3627 608 3680 Et
635 3624 786 3681 alias
817 3625 1062 3698 quidem
1103 3626 1235 3683 vias
1265 3642 1400 3699 quae
1440 3643 1511 3683 ex
1542 3628 1691 3684 urbe
1716 3627 1793 3684 ad
1834 3628 2003 3685 urbe:

2164 3629 2225 3686 δε
2271 3627 2397 3684 οὐδε
2444 3637 2549 3691 τοῖς
2602 3634 2829 3702 πρώτοις
2882 3627 3273 3692 έναυλισθέντας
3313 3635 3406 3682 τοῦ
3456 3626 3581 3702 βίου
3638 3647 3763 3681 στα-

395 3712 647 3781 ducunt,
676 3712 815 3770 licet
837 3714 1160 3781 declinare,
1187 3719 1245 3771 et
1274 3730 1381 3787 per
1409 3730 1513 3771 eas
1538 3731 1660 3772 non
1702 3717 1873 3789 165
1915 3732 2005 3789 ρει

2164 3723 2353 3794 θμοῖς;
2393 3722 2500 3780 ra;
2545 3720 2634 3792 μὲν
2683 3715 2772 3771 οὖν
2802 3718 2959 3780 ἄλλοις
2998 3715 3175 3787 ὁδούς,
3202 3721 3325 3773 ὅσαι
3370 3722 3501 3794 πρός
3529 3717 3678 3772 πόλιν
3710 3716 3768 3770 έκ

394 3802 603 3870 ﬁcisci,
630 3802 680 3858 si
708 3803 847 3876 quis
866 3804 948 3861 ita
975 3804 1165 3861 volet:
1190 3804 1319 3860 haec
1348 3821 1513 3871 vero,
1546 3805 1781 3861 etiamsi
1809 3821 1922 3861 nos
1941 3806 2003 3862 di

2163 3810 2357 3871 πόλεως
2404 3810 2643 3881 ἄγουσιν,
2672 3809 2814 3860 ἔστιν
2867 3806 3116 3877 ἐκκλῖναι,
3165 3814 3256 3861 καὶ
3302 3812 3373 3881 μὴ
3415 3804 3639 3861 ὁδεῦσαι
3679 3809 3770 3859 τὸν

302 3884 305 3885 ⁷
395 3890 548 3949 ferre
579 3909 823 3950 cursum
876 3892 1266 3956 voluerimus,
1303 3910 1406 3950 eos
1434 3894 1540 3968 qui
1579 3894 1640 3950 in
1672 3911 1737 3949 se
1764 3895 1912 3950 incet

2164 3903 2236 3972 μὴ
2298 3897 2628 3971 βουλόμενον·
2691 3896 2821 3954 αὕτη
2887 3893 2970 3963 δὴ,
3021 3896 3117 3949 κάν
3173 3898 3327 3970 ἡμεῖς
3391 3894 3774 3951 όιναϐιὶλλεσθαι

396 3980 671 4037 viatores
694 3981 985 4039 violenter
1016 3984 1429 4055 apprehensos
1487 3983 1563 4038 ad
1613 3982 1977 4040 destinatam

2167 3986 2503 4060 βουληθῶμεν
2536 3988 2624 4038 τόν
2676 3981 2893 4059 δρόμον,
2943 3985 3299 4060 περιλαϐοῦσα
3344 3989 3472 4061 πρὸς
3508 3984 3654 4059 βίαν,
3685 3985 3775 4041 ἐπὶ

399 4071 656 4127 Domino
698 4078 928 4128 metam
959 4072 1168 4139 trahit;
1217 4086 1328 4127 nec
1366 4072 1491 4127 ﬁeri
1542 4076 1762 4144 potest,
1795 4072 2009 4128 dilecti:

2166 4079 2224 4128 τό
2274 4078 2584 4147 τεταγμένον
2632 4073 2734 4127 ὑπὸ
2781 4081 2874 4126 τοῦ
2937 4079 3199 4128 Δεσπότου
3261 4080 3421 4147 πέρας
3464 4075 3597 4129 ἕλκει
3647 4080 3776 4140 τοὺς

399 4159 555 4229 simi,
579 4164 643 4217 ut
671 4159 723 4216 is
759 4160 864 4233 qui
885 4159 1072 4216 semel
1097 4164 1270 4217 extra
1296 4165 1537 4232 portam
1568 4160 1650 4215 ad
1677 4160 1836 4217 hanc
1864 4161 2009 4218 vita:

2166 4164 2243 4218 ἔπ’
2289 4165 2469 4224 αὐτῆς·
2519 4163 2610 4215 καί
2653 4162 2747 4215 οὐκ
2787 4166 2951 4230 ἔστιν,
2993 4162 3283 4237 ἀγαπητοὶ,
3313 4170 3401 4218 τόν
3446 4166 3586 4229 ἅπαξ
3616 4166 3776 4219 ύπεκο

398 4248 825 4306 deducendum
867 4264 1149 4319 egressus
1204 4254 1294 4306 est
1337 4249 1523 4323 idque
1570 4249 1680 4307 iter
1706 4249 1898 4317 inivit,
1928 4266 2008 4307 no

2167 4251 2436 4327 δραμόντα
2503 4257 2595 4311 τὴν
2658 4251 2741 4305 ἐπὶ
2786 4249 2938 4306 τόνδε
2974 4256 3060 4306 τόν
3120 4253 3237 4327 βίον
3282 4258 3539 4328 φέρουσαν
3575 4254 3773 4328 πύλην,

400 4337 581 4394 etiam
612 4337 692 4394 ad
739 4338 898 4394 illius
946 4339 1268 4395 terminum
1313 4339 1672 4411 perveniat:
1719 4339 1829 4396 sed
1874 4356 2010 4397 unus

2165 4348 2255 4397 καὶ
2292 4351 2382 4403 τῆς
2419 4338 2547 4395 ὀδοῦ
2587 4344 2785 4404 ταύτης
2810 4342 3082 4412 ἐπιϐάντα,
3122 4348 3194 4416 μὴ
3224 4348 3313 4396 καὶ
3350 4347 3475 4418 πρὸς
3518 4348 3579 4397 τὸ
3631 4345 3773 4407 τέλος

399 4425 660 4498 quisque
689 4433 967 4484 nostrum
1014 4427 1114 4484 ubi
1151 4443 1182 4484 e
1230 4433 1507 4484 materno
1537 4429 1674 4485 sinu
1705 4429 1902 4494 exivit,
1942 4435 2009 4487 st:

2165 4435 2361 4494 ταύτης
2399 4431 2579 4484 ἐλθεῖν·
2630 4432 2849 4494 ἕκαστος
2898 4428 2958 4485 δε
3001 4433 3167 4505 ἡμῶν,
3213 4436 3342 4506 μετά
3396 4437 3455 4486 τὸ
3503 4434 3617 4506 (87}
3646 4439 3773 4498 τοὺς

399 4514 506 4572 tim
555 4516 844 4588 temporis
884 4515 1115 4574 ﬂuento
1160 4517 1423 4587 illigatus
1466 4519 1720 4590 rapitur,
1753 4535 1993 4592 semper

2168 4529 2447 4597 μητρῷους
2496 4520 2720 4583 κόλπους
2772 4517 3078 4594 ἀποφυγεῖν,
3121 4522 3268 4583 εὐθὺς
3324 4530 3430 4583 τοῖς
3489 4530 3580 4576 τοῦ
3635 4528 3773 4597 χρό-

400 4609 567 4676 tergo
596 4603 758 4660 diem
778 4621 969 4677 quam
995 4606 1137 4663 vixit
1154 4606 1652 4679 relinquens,nec
1681 4624 1956 4681 unquam
1976 4625 2010 4665 a

2166 4630 2254 4664 νου
2319 4611 2574 4685 ῥεύμασιν
2631 4606 2853 4671 ἐνδεθεὶς
2890 4612 3232 4685 ὑποσύρεται,
3270 4616 3487 4665 κατόπιν
3536 4611 3617 4666 ἀεὶ
3670 4619 3771 4674 τὴν

399 4692 764 4761 hesternam,
788 4694 1023 4750 etiamsi
1044 4694 1203 4764 velit,
1225 4695 1444 4752 reverti
1462 4695 1695 4752 valens.
1713 4699 1831 4753 Nos
1852 4702 2009 4754 autc:

2170 4699 2492 4775 βεϐιωμένην
2538 4700 2733 4774 ἡμέραν
2784 4698 2897 4762 ἑῶν,
2942 4704 3033 4752 καὶ
3080 4704 3212 4776 πρὸς
3238 4706 3333 4759 τὴν
3386 4704 3514 4774 χθὲς
3562 4703 3774 4756 ἐπανελ-

399 4782 678 4840 lzetamur
706 4799 847 4841 cum
876 4784 1301 4857 progredimur
1322 4784 1590 4853 ulterius,
1622 4790 1681 4842 et
1715 4792 2009 4859 permutat

2171 4792 2273 4843 θεῖν
2333 4785 2601 4855 ούδέποτε,
2668 4788 2764 4841 κᾶν
2840 4788 3071 4855 θελήσοι,
3134 4787 3432 4862 δυνάμενος.
3482 4790 3655 4865 Ἡμεῖς
3708 4790 3774 4848 δὶ

402 4877 575 4930 atate
603 4872 784 4946 quasi
812 4889 938 4931 non
957 4873 1108 4931 nihil
1150 4874 1548 4947 acquirentes,
1576 4876 1959 4948 gaudemus;
1987 4894 2012 4934 a

2168 4875 2407 4952 ἡδόμεθα
2450 4882 2539 4951 μεν
2583 4879 2666 4931 ἐπὶ
2720 4880 2789 4931 τά
2838 4882 3019 4953 πρόσω
3063 4882 3350 4954 φερόμενοι,
3380 4883 3470 4933 καὶ
3516 4884 3612 4943 τὰς
3662 4881 3774 4940 ἠλι-

403 4961 650 5019 beatum
677 4962 974 5036 quiddam
1003 4963 1307 5032 ducimus,
1321 4980 1463 5020 cum
1483 4965 1622 5037 quis
1641 4982 1712 5022 ex
1735 4980 1927 5038 puero
1944 4966 2013 5023 Vi]

2168 4971 2288 5029 κίας
2353 4964 2670 5040 ἀμείϐοντες,
2718 4968 2783 5027 ὦς
2831 4985 2884 5018 τι
2929 4965 3432 5040 προσλαμϐάνοντες,
3485 4973 3770 5044 χαίρομεν·

404 5057 543 5109 etex
568 5052 692 5109 viro
707 5069 892 5109 senex
904 5052 1100 5110 factus
1122 5053 1353 5110 est.Sed
1373 5053 1525 5125 fugit
1544 5071 1656 5110 nos
1674 5056 2014 5112 tantumvitz

2168 5060 2260 5110 καὶ
2284 5057 2541 5130 μακάριον
2582 5059 2841 5130 κρίνομεν,
2874 5056 2996 5108 ὅταν
3027 5055 3085 5109 ἐκ
3131 5052 3326 5119 παιδός
3372 5059 3462 5130 μὲν
3510 5057 3665 5132 ἀνὴρ,
3716 5058 3774 5113 ἐκ

475 5159 521 5214 δι
563 5176 715 5235 Psal.
746 5193 932 5245 cxvm,
964 5182 1011 5235 l.
1090 5178 1138 5214 ”
1177 5176 1324 5234 ibid.
1355 5182 1448 5260 29.
1524 5178 1573 5214 ⁸³
1612 5178 1767 5235 Psal.
1796 5195 1938 5250 xvu,
1971 5183 2060 5250 32,
2092 5183 2184 5239 33.

476 5301 604 5381 (§5_)A
649 5304 812 5381 Unus
869 5320 981 5360 ms.
1048 5302 1457 5381 (East-argivae:
1521 5306 1650 5361 Mox
1714 5320 1863 5360 mss.
1922 5303 2045 5361 duo
2172 5309 2310 5381 tuor
2328 5307 2774 5381 mss,grp9a-at7m_
2797 5305 3098 5381 adigi-am
3122 5312 3771 5381 aptans,eomponens.

405 5370 665 5454 ὐποξιξὶϐλςζζ
691 5374 1020 5454 fil-iuseum
1050 5370 1520 5454 ςόίιίδύπολᾴϐοι.
1629 5448 1643 5454 _
1700 5448 1713 5454 -

2173 5377 2404 5434 Ibidem
2434 5370 2619 5433 e'di'tio
2648 5370 2833 5434 Paris.
2862 5378 2891 5436 ἢ
2926 5370 3022 5438 τίς.
3056 5370 3208 5433 Editi
3237 5382 3296 5434 et
3336 5370 3480 5435 mss.
3505 5370 3778 5454 quatuor

472 5446 587 5514 (86)
618 5444 818 5520 ’liditio
848 5447 1032 5501 Paris.
1064 5446 1197 5520 λύρᾳ
1223 5445 1437 5520 προγσᾴδ
1442 5469 1528 5514 ων,
1692 5448 1890 5517 lyram
1943 5462 2044 5505 ca-

776 5460 818 5500 vo
848 5447 1032 5501 Paris.
1064 5446 1197 5520 λύρᾳ
1223 5445 1528 5520 προσᾴδων,
1692 5448 1890 5517 lyram
1943 5462 2044 5505 ca-
2170 5454 2259 5501 καὶ
2285 5454 2386 5511 τίς.

405 5497 584 5583 nens;
618 5497 1047 5585 Mimas.
1068 5497 2046 5592 suam;astrifnki’gthqiE.
2173 5497 2543 5592 ""(8—77Editi
2571 5522 2702 5600 μετὰ
2728 5525 2843 5586 τοῦ,
2878 5518 3034 5589 Libri
3061 5520 3291 5609 antiqui
3321 5523 3454 5594 μετά
3478 5526 3558 5593 τό,
