4076 6190
204 173 293 226 5,5
979 158 1217 216 HOMIL.
1256 157 1450 226 QUOD
1489 152 1851 213 MUNDANIS
1888 153 2395 218 ADHIERENDUM
2434 163 2577 221 NON
2619 166 2746 223 SIT.

3445 173 3554 230 546

202 289 254 346 δι
278 288 465 367 ἀνδρὸς
501 289 714 361 γένηταί
755 304 838 347 τις
882 281 1181 359 πρεσϐύτης
1206 304 1220 318 ·
1255 281 1536 357 ἀγνοοῦμεν
1576 276 1635 333 δε
1661 279 1786 353 ἄρα,

1911 282 2160 351 spatium
2189 300 2227 342 a
2250 285 2426 343 nobis
2453 286 2665 360 amitti,
2690 294 2988 363 quantum
3024 290 3306 361 viximus,
3352 293 3556 368 sicque

200 389 436 435 τοσοῦτον
476 376 778 436 απολλύντες
824 374 1072 427 ἑκάστοτε
1102 382 1195 434 τῆς
1226 372 1381 439 ζωῆς,
1424 373 1545 423 ὅσον
1585 367 1788 430 ἐζήσα-

200 490 297 544 μεν,
358 473 450 522 καὶ
501 466 597 521 οὐκ
652 465 1008 537 αἰσθανόμεθα
1061 458 1433 535 δαπανωμένου
1490 466 1581 511 τοῦ
1642 455 1786 531 βίον,

200 542 421 631 καίτοιγε
484 555 564 609 ἀεὶ
614 561 919 629 μετροῦντες
980 551 1135 605 αὐτὸν
1202 549 1302 604 ἀπὸ
1360 557 1450 603 τοῦ
1506 542 1790 623 παραδρα-

201 655 370 725 μόντος
421 651 511 699 καὶ
563 643 1043 720 παραῤῥεύσαντος,
1080 636 1206 694 οὐδε
1254 638 1534 712 ἐννοοῦμεν,
1576 639 1642 698 ὡς
1688 637 1792 709 οἰρα

202 723 388 797 ἄδηλον
416 738 607 789 ὁπόσον
636 735 663 786 ὁ
684 736 816 807 πρὸς
844 736 937 791 τὴν
958 727 1264 807 ὁδοιπορίαν
1294 732 1489 789 ταύτην
1529 723 1792 799 ἐκπέμψας

202 832 325 902 ἡμᾶς
391 822 630 879 ἐνδοῦναι
684 831 757 895 τῷ
824 817 1004 896 δρόμῳ
1064 825 1255 894 χρόνον
1312 817 1653 902 βουλήσεται,
1702 819 1793 868 καὶ

200 923 314 971 πότε
364 915 570 986 ἑκάστῳ
622 920 722 966 τῶν
781 907 1011 985 δρομέων
1070 908 1256 972 ἀνοίξει
1311 895 1655 970 τῆςείσόδου
1704 907 1793 966 τὰς

201 1006 374 1071 πύλας,
433 1008 526 1056 καὶ
586 1005 666 1055 ὃτι
732 997 814 1053 δεῖ
878 1003 1399 1074 παρεσκευασμένους
1462 995 1537 1069 ἐφ’
1598 997 1793 1071 ἡμέραν

201 1097 319 1149 εἶναι
359 1096 489 1168 πρὸς
517 1098 612 1151 την
643 1089 867 1143 ἐντεῦθεν
923 1085 1227 1162 ἀποδημίαν
1273 1089 1432 1161 ἡμᾶς,
1463 1089 1553 1138 καὶ
1595 1088 1653 1136 τὸ
1702 1089 1793 1137 τοῦ

200 1188 454 1239 Δεσπότου
510 1187 675 1253 νεῦμα
732 1181 1020 1251 περιμένειν
1070 1176 1263 1230 ἑστῶσι
1310 1181 1417 1238 τοῖς
1476 1173 1783 1247 ὀφθαλμοῖς.

198 1273 469 1327 Ἔστωσαν
534 1273 660 1344 γὰρ,
726 1272 905 1341 φησὶν,
974 1268 1030 1318 αἱ
1097 1265 1286 1339 ὀσφύες
1345 1265 1485 1338 ὑμῶν
1549 1262 1795 1337 περιεζω-

198 1368 401 1437 σμέναι,
451 1363 541 1413 καὶ
578 1360 628 1412 οἱ
682 1358 873 1430 λύχνοι
927 1360 1229 1429 καιόμενοι*
1288 1358 1378 1406 καὶ
1429 1353 1575 1425 ὑμεῖς
1626 1353 1795 1426 ὅμοιοι

196 1451 481 1527 ἀνθρώποις
536 1443 989 1523 προσδεχομένοις
1036 1449 1125 1497 τὸν
1172 1445 1348 1519 κύριον
1401 1441 1613 1509 ἑαυτῶν,
1672 1446 1796 1494 πότε

194 1542 439 1594 ἄναλύσει
464 1538 523 1592 ἐκ
569 1546 670 1590 τῶν
707 1538 909 1609 γάμων,
951 1536 1052 1606 ἵνα,
1082 1533 1316 1595 ἐλθόντος
1340 1536 1431 1585 καὶ
1451 1533 1793 1608 κρούσαντος,

194 1632 375 1694 εὐθέως
403 1627 492 1682 ἁνο
500 1628 678 1692 ίξῶσιν
710 1625 871 1697 αύτῷ.

255 1723 311 1778 3,
355 1714 502 1771 Οῦδὶ
541 1716 772 1789 έθςῦιομεν
818 1720 1027 1768 σκοπεῖν
1058 1711 1306 1788 ἀκριϐῶς,
1338 1717 1466 1765 ποῖα
1500 1711 1591 1784 μὶν
1629 1716 1798 1782 κοῦφα

191 1813 378 1885 φορτία
407 1809 543 1882 πρὸς
578 1808 665 1859 τὸν
722 1812 953 1858 τοιοῦτον
994 1799 1189 1877 δρόμον
1229 1802 1355 1876 ἡμῖν
1396 1805 1486 1854 καὶ
1536 1800 1797 1873 συμμεθί-

193 1899 426 1962 στασθαι
484 1892 712 1948 δύναται
766 1901 877 1955 τοῖς
926 1891 1223 1961 συλλέξασι,
1283 1895 1372 1944 καὶ
1419 1893 1506 1943 τόν
1563 1886 1667 1940 ἐκεῖ
1704 1906 1798 1940 πε-

186 1995 388 2063 ριχαρῆ
415 1991 556 2038 ποιεῖ
574 1982 694 2057 βίον
719 1985 866 2056 ἡμῖν,
900 1978 1018 2035 ἴδια
1035 1982 1143 2054 (88)
1166 1988 1265 2034 τῶν
1295 1981 1633 2053 κτησαμένων
1661 1980 1801 2049 γινό-

190 2095 358 2149 μενα·
407 2080 535 2126 ποῖα
583 2068 644 2125 δε
697 2069 866 2147 βαρέα
892 2074 982 2124 καὶ
1022 2066 1264 2146 δυσχερῆ
1300 2072 1384 2123 καὶ
1423 2068 1803 2144 προσηλωμένα

193 2171 259 2236 τῇ
303 2170 395 2235 γῇ,
422 2165 512 2215 καὶ
550 2160 612 2214 ού
660 2163 928 2233 πεφυκότα
977 2166 1086 2221 τοῖς
1125 2157 1418 2233 ἀνθρώποις
1477 2157 1801 2212 οἰκειοῦσθαι

187 2252 455 2319 καθάπαξ,
498 2246 625 2304 ούδὲ
668 2251 1088 2323 συγχωρούμενα
1141 2244 1236 2300 διὰ
1281 2256 1378 2311 τῆς
1433 2255 1617 2310 στενῆς
1663 2246 1798 2300 ἑκεί-

186 2362 280 2405 n;
336 2340 513 2402 πύλης
564 2338 924 2397 ἀκολουθῆσαι
961 2344 1071 2400 τοῖς
1110 2339 1346 2410 ἔχουσιν.
1394 2334 1530 2391 Ἀλλ’
1574 2338 1674 2390 ὅσα
1709 2338 1799 2410 μὲν

190 2431 458 2504 συλλέγειν
490 2427 679 2505 ἐχρῆν,
730 2427 1066 2501 κατελίπομεν
1096 2447 1110 2461 ο
1152 2426 1221 2478 ὧν
1268 2422 1327 2479 δὲ
1356 2427 1611 2502 ὑπερορᾴν
1640 2444 1802 2501 προσ-

188 2524 325 2593 iam,
390 2527 563 2572 ταῦτα
602 2516 915 2591 συλλέγομεν
948 2537 962 2550 ·
1022 2520 1113 2569 καὶ
1154 2514 1191 2569 ἃ
1216 2518 1307 2589 μεν
1353 2517 1479 2588 ἡμῖν
1528 2514 1798 2584 meam,

186 2616 278 2663 καὶ
306 2614 517 2682 κόσμος
546 2611 705 2669 ὅντως
750 2607 993 2679 γενέσθαι
1031 2602 1254 2658 δύναται
1293 2608 1533 2678 συμφυὴς
1561 2603 1716 2677 ψυχῇ
1748 2622 1803 2657 τε

185 2704 277 2752 καὶ
307 2704 545 2772 σώματι,
576 2700 780 2758 τούτοις
827 2691 952 2749 add”:
997 2698 1327 2771 προσέχομεν
1353 2714 1365 2727 ο
1398 2692 1433 2745 ἃ
1458 2689 1517 2746 δὲ
1561 2690 1804 2770 ἀλλότρια

185 2793 326 2862 μένει
393 2784 685 2853 διηνεκῶς,
762 2789 924 2858 μόνην
997 2786 1121 2859 ἡμῖν
1187 2782 1641 2857 ἕναποματτόμενα
1711 2787 1802 2841 τὸν

185 2878 486 2951 αἰσχύνην,
536 2882 707 2929 ταῦτα
743 2872 1004 2948 ἁθροίζειν
1048 2872 1433 2948 ἐπιχειροῦμεν,
1478 2873 1804 2947 μοχθοῦντες

1896 369 2289 431 inscientibus
2307 376 2484 433 nobis
2502 378 2619 435 vita
2654 380 3012 450 absumitur,
3031 399 3388 456 quanquam
3408 400 3560 440 sem-
3634 432 3638 437 .

1898 476 2008 534 per
2050 462 2247 536 ipsam
2274 482 2343 522 ex
2386 483 2457 524 eo
2505 469 2671 542 quod
2708 474 2846 526 ante
2892 476 3092 529 actum
3125 478 3236 543 est,
3270 473 3558 546 quodque

1894 548 2026 622 jam
2071 554 2477 629 praeterﬂuxit,
2536 557 2857 615 metiamur
2900 576 2913 615 :
2972 574 3170 634 neque
3222 562 3560 631 cogitamus

1899 656 2086 712 quam
2114 642 2407 701 incertum
2454 645 2546 714 sit,
2587 652 2884 720 quantum
2934 648 3111 705 nobis
3147 651 3431 723 temporis
3479 650 3560 708 ad

1900 728 2062 785 hunc
2101 747 2346 789 cursum
2392 733 2695 808 impertire
2725 736 2865 793 velit
2890 737 2998 809 qui
3043 754 3154 793 nos
3183 738 3262 795 ad
3300 739 3415 796 hoc
3449 740 3559 796 iter

1900 818 2335 890 perficiendum
2362 822 2543 889 misit,
2575 829 2631 880 et
2654 825 2902 898 quando
2936 825 3179 882 cuilibet
3212 827 3443 884 cursori
3484 827 3560 885 sit

1900 904 2177 964 introitus
2207 916 2415 982 portas
2444 919 2781 985 aperturus,
2821 919 2879 971 et
2913 914 3082 987 quod
3128 920 3405 989 oporteat
3445 932 3557 973 nos

1902 996 2171 1069 quotidie
2202 999 2282 1055 ad
2311 1000 2741 1072 profectionem
2774 1003 2913 1059 hinc
2936 1004 3274 1061 faciendam
3314 1021 3560 1078 praepa-

1902 1091 2066 1142 ratos
2116 1103 2272 1160 esse,
2303 1096 2362 1146 et
2407 1091 2643 1147 Domini
2671 1097 2888 1149 nutum
2935 1093 3123 1150 oculis
3166 1094 3300 1150 ﬁxis
3336 1111 3557 1168 exspe-

1903 1177 2245 1235 ctare.Sint
2263 1178 2443 1250 enim,
2476 1179 2691 1252 inquit,
2717 1182 2906 1238 lumbi
2934 1184 3117 1239 vestri
3131 1184 3465 1256 praecincti,
3503 1188 3561 1241 et

1905 1264 2168 1322 lucernae
2214 1268 2492 1325 ardentes
2518 1285 2543 1325 .·
2587 1276 2642 1326 et
2695 1285 2793 1326 vos
2840 1271 3061 1328 similes
3092 1270 3428 1329 hominibus
3454 1288 3557 1329 ex-

1902 1357 2310 1424 spectantibus
2336 1359 2646 1415 dominum
2671 1374 2865 1424 suum,
2884 1360 3127 1432 quando
3160 1366 3500 1417 revertatur
3519 1376 3559 1419 α

1905 1447 2152 1515 nuptiis,
2189 1452 2273 1515 ut,
2315 1462 2447 1504 cum
2475 1449 2726 1518 venerit,
2761 1455 2816 1507 et
2851 1450 3215 1522 pulsaverit,
3246 1450 3561 1521 confestim

1906 1536 2184 1607 aperiant
2216 1538 2272 1593 ei
2289 1537 2359 1593 8‘.

1980 1720 2032 1772 3.
2076 1716 2276 1789 Neque
2306 1715 2619 1789 diligenter
2649 1716 3034 1776 considerare
3080 1719 3386 1791 volumus,
3425 1732 3563 1794 quas

1908 1804 2159 1861 sarcina:
2188 1804 2351 1862 leves
2380 1806 2498 1863 sint
2521 1807 2696 1863 nobis
2723 1808 2803 1864 ad
2823 1808 2986 1865 hunc
3009 1825 3274 1879 cursum,
3306 1815 3366 1867 et
3392 1808 3562 1882 tales,

1909 1898 1975 1951 ut
2003 1911 2141 1951 cum
2189 1893 2609 1968 colligentibus
2637 1898 2945 1955 transferri
2970 1898 3222 1972 possint,
3269 1900 3564 1957 reddant-

1908 2001 2048 2059 que,
2073 2002 2211 2042 cum
2240 1986 2681 2060 possidentium
2720 1987 2836 2045 sint
2883 1990 3163 2062 propriae,
3188 1989 3452 2046 futuram
3482 1975 3565 2046 vi-

1908 2078 2035 2133 tam
2074 2091 2369 2148 perquam
2413 2074 2668 2133 hilarem
2701 2094 2715 2133 :
2748 2094 2885 2150 quae
2928 2094 3065 2134 vero
3097 2095 3310 2150 graves
3359 2078 3479 2134 sint
3507 2084 3565 2136 et

1908 2162 2196 2233 molestae,
2225 2170 2405 2238 atque
2433 2165 2605 2222 humi
2640 2164 2875 2235 deﬁxae,
2898 2171 2954 2224 et
2975 2167 3296 2239 ejusmodi,
3333 2173 3398 2224 ut
3427 2184 3562 2224 sua-

1908 2258 2009 2327 pte
2046 2259 2266 2310 natura
2293 2254 2613 2310 hominum
2642 2255 2902 2329 propriae
2928 2272 3242 2329 nunquam
3270 2272 3401 2313 esse
3428 2272 3568 2329 pos-

1911 2342 2051 2413 sint,
2073 2358 2182 2399 nec
2204 2359 2593 2416 possessores
2613 2360 2755 2400 suos
2771 2360 2880 2418 per
2901 2350 3222 2415 angustam
3241 2345 3407 2403 illam
3430 2359 3567 2418 por-

1909 2434 2035 2489 tam
2056 2431 2343 2504 subsequi
2374 2433 2813 2504 permittantur.
2836 2434 2950 2491 Sed
2977 2438 3179 2491 tamen
3208 2434 3564 2507 reliquimus
3651 2435 3655 2438 ’

1909 2535 2047 2593 quae
2086 2519 2422 2590 colligenda
2448 2526 2618 2578 erant
2649 2539 2663 2577 :
2705 2538 2841 2595 quae
2867 2538 3009 2579 vero
3038 2528 3421 2580 contemnere
3450 2535 3565 2594 par

1910 2608 2124 2677 fuerat,
2175 2609 2543 2681 collegimus.
2603 2613 2671 2668 Et
2719 2627 2857 2685 quae
2904 2612 3225 2669 nobiscum
3268 2609 3562 2685 copulari,

1911 2714 2173 2772 vereque
2203 2715 2334 2755 esse
2376 2705 2631 2772 possunt
2677 2706 3105 2759 ornamentum
3138 2701 3356 2758 animae
3386 2697 3566 2757 simul

1912 2792 1970 2845 et
1989 2788 2228 2862 corpori
2256 2789 2641 2857 conveniens,
2663 2791 2758 2847 his
2782 2806 2858 2848 ne
2889 2791 3254 2848 attendimus
3281 2790 3564 2863 quidem:

1911 2893 2049 2950 quae
2070 2893 2212 2935 vero
2234 2883 2524 2951 perpetuo
2549 2878 2744 2936 aliena
2774 2885 3041 2942 manent,
3066 2879 3258 2937 solam
3283 2879 3460 2936 nobis
3480 2879 3568 2934 in-

187 2964 470 3032 διακενῆς,
538 2968 631 3018 καὶ
690 2981 964 3026 πονουντες
1029 2967 1201 3031 πόνον,
1243 2964 1397 3015 οἱονεί
1467 2981 1549 3026 τις
1622 2961 1798 3014 ἑαυτὸν

1911 2965 2166 3023 famiam
2189 2966 2508 3033 inurentia,
2530 2983 2603 3024 ea
2620 2984 2978 3026 coacervare
3002 2968 3251 3025 nitimur
3275 2986 3288 3036 ;
3319 2968 3568 3023 inanem

188 3055 436 3122 ἄπατῶν,
509 3053 581 3118 εἰς
653 3056 960 3128 τετρημένον
1034 3053 1187 3106 πίθον
1253 3049 1447 3105 ἀντλεῖν
1523 3048 1799 3109 ἐθελήσειε.

186 3151 350 3199 Τοῦτο
388 3148 493 3219 γὰρ
527 3140 705 3203 δήπου
742 3148 1002 3218 γνώριμον
1049 3140 1198 3215 οἶμαὶ
1244 3145 1334 3194 καὶ
1371 3142 1579 3203 νηπίοις
1617 3145 1800 3206 πᾶσιν,

189 3236 261 3297 ὡς
309 3232 467 3288 οὐδὲν
517 3241 618 3287 τῶν
674 3231 722 3285 έν
778 3240 852 3304 τῷ
905 3228 1008 3305 βίῳ
1039 3230 1155 3305 (89)
1202 3238 1448 3305 τερπνῶν,
1481 3229 1560 3303 ἐφ’
1607 3229 1703 3292 οἷς·
1755 3230 1804 3282 οἱ

191 3324 397 3386 πλείους
443 3327 765 3398 μεμὴνασιν,
807 3323 1054 3398 ἡμέτερον
1092 3324 1250 3382 ὅντως
1289 3318 1452 3389 έστὶν,
1487 3323 1517 3380 ἧ
1568 3321 1805 3392 γίνεσθαι

192 3420 413 3489 πέφυκεν
438 3457 453 3471 .
485 3413 601 3468 ἀλλ’
629 3415 825 3487 ὁμοίως
862 3412 1099 3466 ἁπάντων
1131 3408 1377 3487 ἀλλότρια
1419 3414 1672 3484 φαίνεται,
1704 3419 1803 3463 τῶν

192 3524 252 3558 τε
306 3504 581 3558 ἂπολαῦειν
641 3500 956 3571 δοκούντων,
1013 3510 1112 3558 τῶν
1166 3520 1222 3554 τε
1282 3504 1401 3554 οὔτε
1460 3499 1806 3575 προσελαζόν-

192 3598 302 3647 τῶν
349 3594 547 3658 αὐτοῖς.
601 3589 746 3646 Ούδε
797 3594 898 3667 γὰρ
949 3591 993 3644 εἰ
1035 3595 1241 3666 χρυσόν
1297 3608 1431 3653 τινες
1485 3588 1534 3642 ἐν
1589 3598 1663 3661 τῷ
1703 3588 1806 3662 βίῳ

195 3688 545 3757 συναγάγοιεν
597 3681 837 3753 ἄπλετον,
884 3677 1023 3743 ’ίδιος
1069 3679 1238 3734 αὐτῶν
1297 3683 1436 3754 μένει
1503 3675 1756 3740 διηνεκῶς
1786 3698 1802 3712 ο

195 3770 304 3826 ἀλλ’
350 3775 381 3834 ἣ
425 3774 633 3836 ζῶντας
674 3773 749 3825 έτι
797 3772 1127 3843 πανταχόθεν
1176 3769 1333 3822 αὐτὸν
1367 3773 1804 3843 περισφίγγοντας

194 3860 618 3940 ἑποδιδροίσκει,
674 3864 802 3936 πρὸς
856 3864 977 3923 τοὺς
1035 3856 1426 3935 δυνατωτέρους
1475 3857 1801 3934 μεταρρυεὶς,

192 3953 223 4012 ἦ
272 3956 411 4029 πρὸς
447 3961 523 4025 τῷ
578 3953 782 4023 θανάτῳ
819 3953 1184 4023 γεγενημένους
1235 3944 1343 4007 ἤδη
1402 3947 1800 4022 καταλιμπάνει,

189 4048 281 4096 καὶ
337 4044 439 4097 οὐκ
500 4040 659 4095 ἐθέλει
710 4048 821 4103 τοῖς
857 4042 1205 4113 κτησαμένοις
1255 4034 1619 4111 συνεκδημεῖν.
1667 4034 1800 4090 Ἀλλ’

190 4136 239 4185 οἱ
402 4134 511 4185 ὑπὸ
540 4138 635 4184 τοῦ
681 4133 813 4205 πρὸς
860 4127 985 4204 βίαν
1013 4128 1340 4203 χωρίζοντος
1362 4130 1458 4190 τὰς
1499 4126 1682 4199 ψυχὰς
1709 4133 1804 4200 τῇς

188 4222 535 4299 ταλαιπώρου
609 4222 805 4284 ταύτης
897 4223 1089 4293 σαρκός
1163 4217 1425 4291 ἑλκόμενοι
1505 4215 1655 4291 πρὸς
1708 4220 1803 4274 τὴν

192 4310 491 4384 ἀναγκαίαν
554 4305 702 4378 ὁδὸν,
776 4311 947 4362 πυκνά
1005 4311 1475 4382 μεταστρεφόμενοι
1548 4308 1679 4381 πρὸς
1739 4308 1805 4359 τὰ

188 4407 481 4476 χρήματα,
518 4403 645 4462 τούς
698 4396 752 4450 έκ
778 4402 1010 4459 νεότητος
1062 4396 1139 4451 ἐπ’
1170 4396 1344 4458 αὐτοῖς
1396 4392 1620 4471 ἱδρῶτας
1673 4393 1803 4450 ἁπο-

192 4487 525 4565 δακρύουσιν
550 4510 565 4525 ·
601 4489 626 4541 ὁ
656 4486 876 4549 πλοῦτος
921 4483 980 4540 δε
1019 4485 1091 4550 εἰς
1120 4486 1299 4563 ἐτέρων
1339 4493 1527 4560 χεῖρας
1565 4487 1680 4560 ὁρᾷ,
1712 4489 1804 4559 μό-

190 4599 274 4632 νον
303 4578 519 4641 ἐκείνοις
566 4580 655 4632 τόν
704 4575 788 4631 έπὶ
824 4584 885 4650 τῇ
945 4576 1168 4650 συλλογῇ
1226 4578 1430 4650 μόχθον
1470 4579 1561 4629 καὶ
1606 4578 1666 4629 τὸ
1712 4583 1803 4637 τῆς

194 4669 490 4734 πλεονεξίας
520 4667 758 4741 ἔγκλημα
799 4665 1272 4743 προστριψάμενος.
1316 4668 1450 4719 Οὔτε
1492 4665 1537 4720 εἰ
1566 4663 1650 4718 ἐπὶ
1688 4666 1805 4737 (90)

195 4767 288 4829 τὶς
340 4759 543 4833 πλέθρα
597 4758 855 4814 κτήσαιτό
904 4774 985 4817 τις
1028 4759 1213 4829 μυρία,
1263 4759 1353 4808 καὶ
1394 4752 1803 4829 μεγαλοπρεπεῖς

197 4847 386 4917 οἰκίας,
431 4851 528 4900 καὶ
580 4849 724 4909 ζώων
773 4842 956 4916 ἀγέλας
984 4840 1354 4910 παντοδαπῶν,
1381 4847 1472 4897 καὶ
1508 4846 1603 4903 τήν
1634 4841 1683 4895 ἓν
1710 4840 1803 4895 ἁν-

201 4935 428 5012 θρῶποις
492 4935 707 4990 ἅπασαν
760 4932 1091 5011 περιϐάλοιτο
1156 4928 1489 5004 δυναστείαν,
1558 4930 1805 4987 ἀπολαύει

264 5142 318 5182 ⁸⁸
346 5145 491 5202 Luc.
520 5158 619 5215 xu,
658 5145 751 5213 35,
781 5144 873 5201 36.

270 5361 377 5428 (88)
407 5359 512 5416 Hic
551 5357 809 5416 virtutes
848 5371 921 5430 ac
963 5360 1121 5414 recte
1171 5356 1334 5430 facta
1370 5354 1802 5430 intelliguntur,

200 5443 335 5503 qua:
362 5430 615 5561 premi-ia
642 5435 787 5487 sunt
804 5428 1095 5516 pietatem
1124 5429 1469 5513 colentium.
1566 5428 1597 5513 ὀ
1766 5499 1778 5512 ι

267 5503 388 5561 (89)
528 5506 568 5560 t.
593 5500 700 5561 βίω
727 5518 917 5561 τουτω.
950 5502 1078 5560 Vox
1098 5498 1309 5560 ultima
1325 5516 1389 5560 ιιι
1416 5498 1720 5561 veteribus
1740 5498 1778 5559 ll

267 5498 388 5574 (89)
414 5498 568 5561 Edit.
592 5500 700 5578 βιῳ
727 5498 917 5575 τούτῳ.
950 5502 1078 5560 Vox
1098 5498 1309 5560 ultima
1325 5499 1389 5560 in
1416 5498 1720 5561 veteribus
1740 5498 1806 5559 li~

1912 3072 2163 3129 operam
2194 3061 2521 3125 sumentes,
2536 3061 2715 3129 atque
2742 3057 3042 3128 ejusmodi
3063 3056 3458 3129 suscipientes
3486 3057 3569 3113 la-

1914 3145 2407 3220 borem,perinde
2438 3151 2503 3203 ut
2527 3146 2576 3202 si
2600 3145 2907 3220 quispiam
2930 3162 2992 3202 se
3023 3146 3222 3233 ipsum
3245 3145 3565 3215 seducens,

1912 3235 1977 3293 in
2027 3242 2339 3310 pertusum
2386 3235 2618 3293 dolium
2668 3234 2985 3292 infundere
3025 3234 3297 3293 voluerit.
3347 3238 3568 3292 Notum

1915 3325 2076 3385 enim
2107 3342 2178 3383 ac
2199 3331 2581 3400 perspectum
2613 3324 2703 3382 vel
2724 3326 2925 3399 pueris
2949 3324 3233 3381 omnibus
3270 3339 3403 3380 esse
3433 3323 3569 3397 opi-

1913 3431 2050 3483 nor,
2080 3414 2228 3472 nihil
2274 3431 2485 3472 eorum
2543 3431 2678 3489 quae
2724 3414 2785 3470 in
2830 3414 2950 3472 vita
2991 3413 3268 3487 jucunda
3313 3417 3474 3477 sunt,
3513 3416 3572 3470 et

1913 3521 2176 3579 quorum
2209 3504 2400 3577 gratia
2436 3504 2705 3578 plerique
2751 3504 3082 3575 insaniunt,
3112 3520 3249 3559 vere
3274 3505 3597 3586 lnostrum_

1915 3609 2069 3661 esse,
2101 3599 2205 3651 aut
2228 3609 2303 3649 ex
2328 3609 2390 3650 se
2412 3609 2543 3649 esse
2572 3609 2752 3667 posse
2780 3612 2793 3650 :
2825 3593 2934 3650 sed
2954 3597 3248 3659 constare,
3280 3590 3415 3664 ipsa
3444 3604 3572 3646 om-

1914 3682 2097 3740 nibus
2144 3682 2365 3756 pariter
2408 3666 2694 3739 extranea
2734 3699 2889 3752 esse,
2918 3686 3043 3739 tum
3076 3681 3147 3736 iis
3186 3680 3292 3753 qui
3338 3679 3423 3735 eis
3453 3666 3595 3735 frui‘

1914 3771 2213 3842 videntur,
2246 3776 2373 3828 tum
2428 3772 2501 3827 iis
2544 3771 2649 3844 qui
2687 3788 2762 3829 ne
2808 3770 2910 3828 illa
2955 3769 3207 3844 quidem
3247 3768 3569 3839 attingunt.

1913 3861 2035 3919 Nec
2072 3863 2236 3918 enim
2267 3860 2318 3918 si
2348 3860 2451 3935 qui
2479 3860 2543 3916 in
2572 3861 2693 3919 vita
2721 3859 3052 3934 plurimum
3079 3859 3211 3916 auri
3243 3873 3569 3929 congesse-

1910 3951 2052 4016 rint,
2083 3948 2144 4009 id
2173 3952 2445 4025 ipsorum
2474 3951 2789 4027 preprium
2824 3954 3118 4024 perpetuo
3164 3952 3368 4005 manet
3398 3962 3415 4006 :
3465 3946 3573 4004 sed

1913 4042 2024 4099 etsi
2048 4042 2452 4116 undecunque
2482 4040 2896 4111 constrictum,
2927 4043 3032 4097 aut
3059 4039 3209 4111 fugit
3246 4055 3283 4095 a
3321 4036 3573 4094 viventi-

1913 4131 2030 4189 bus
2062 4133 2282 4200 adhuc,
2300 4133 2598 4190 transiens
2627 4130 2706 4189 ad
2726 4130 3113 4205 potentiores,
3142 4134 3246 4185 aut
3261 4127 3391 4200 jam
3416 4142 3574 4184 mor-

1914 4222 1959 4278 ti
2002 4223 2313 4295 proximos
2348 4223 2603 4286 .deserit,
2636 4238 2747 4279 nec
2779 4220 2907 4278 vult
2941 4218 3114 4292 168
3148 4234 3271 4277 una
3313 4235 3451 4275 cum
3500 4217 3571 4275 iis

1835 4333 1881 4388 ι)
1912 4311 2020 4384 qui
2044 4311 2247 4385 ipsum
2268 4316 2722 4386 compararunt,
2752 4326 3002 4385 peregre
3024 4308 3348 4382 proficisci.
3374 4308 3489 4367 Sed
3510 4305 3573 4363 hi

1913 4400 2161 4475 quidem
2191 4401 2269 4458 ab
2299 4417 2391 4470 eo,
2415 4402 2520 4475 qui
2548 4401 2603 4459 vi
2644 4401 2883 4458 animas
2912 4416 2950 4457 ει
2999 4400 3218 4456 misera
3246 4398 3362 4455 hac
3393 4412 3573 4455 carne

1914 4494 2177 4565 separat,
2207 4490 2287 4548 ad
2318 4490 2760 4547 ineluctabilem
2788 4488 3209 4562 migrationem
3241 4487 3431 4555 tracti,
3458 4486 3569 4543 fre-

1912 4586 2164 4656 quenter
2191 4585 2610 4638 eonvertentes
2635 4598 2696 4638 se
2719 4580 2796 4639 ad
2817 4580 3127 4653 pecunias,
3144 4579 3395 4635 sudores
3415 4593 3573 4651 quos

1913 4687 1951 4728 a
1962 4671 2273 4744 juventute
2297 4671 2377 4727 ob
2407 4686 2509 4728 eas
2534 4668 3155 4743 emisere,deplorant:
3181 4667 3404 4724 divitias
3429 4681 3574 4722 vero

1911 4760 1976 4817 in
1993 4760 2220 4818 alienas
2245 4776 2462 4817 manus
2492 4758 2916 4831 commigrant,
2937 4765 3344 4832 posteaquam
3375 4754 3573 4811 solum

1911 4849 2028 4907 illis
2054 4850 2373 4923 colligendi
2391 4848 2667 4907 laborem
2693 4854 2875 4923 atque
2901 4848 3168 4905 avaritiae.
3211 4846 3438 4902 crimen
3470 4840 3576 4899 ad-

1913 4939 2210 4999 sciverint.
2250 4943 2456 5015 Neque
2495 4940 2548 4997 si
2592 4936 2731 5014 quis
2774 4936 3096 4996 innumera
3142 4939 3314 4994 terra:
3354 4932 3575 5005 jugera

1913 5348 2041 5408 bris
2066 5365 2191 5406 non
2220 5343 2457 5419 legitur.

1983 5423 2097 5494 (90)
2127 5407 2422 5479 Voculam
2452 5415 2536 5470 ἐπί
2565 5428 2635 5472 ex
2667 5412 2931 5488 antiquis
2957 5412 3129 5473 libris
3149 5407 3531 5474 addidimus.
