4100 6196
558 254 663 313 547

556 372 880 449 possideat,
904 370 961 424 et
985 366 1341 436 magniﬁcas
1370 367 1554 433 aedes,
1582 370 1637 425 et
1662 366 2059 426 animantium
2083 381 2209 439 gre-

556 481 659 536 ges
689 457 887 517 omnis
909 456 1165 528 generis,
1183 456 1479 531 fueritque
1508 458 1778 513 humano
1804 456 1969 512 omni
1998 462 2209 530 poten-

552 556 679 610 tatu
701 551 929 623 sepius,
970 545 1064 603 bis
1095 550 1384 620 perpetuo
1422 545 1657 616 fruitur,
1690 544 1795 605 sed
1824 545 1903 602 ab
1944 544 2091 619 ipsis
2130 543 2209 603 ad

549 636 732 695 breve
770 641 1015 709 tempus
1050 640 1299 707 accepto
1327 636 1593 706 nomine,
1634 634 1764 692 aliis
1806 635 2023 692 iterum
2060 648 2208 707 opes

458 792 467 801 θ
549 725 938 800 cedit,ipsum
961 740 1103 781 vero
1124 724 1342 797 exigua
1361 724 1531 781 tellus
1552 724 1840 783 recondit.
1867 724 1996 782 Imo
2025 723 2208 781 etiam

550 833 711 893 saepe
733 821 873 872 ante
903 815 1296 888 sepulturam,
1330 819 1387 870 et
1406 818 1733 888 antequam
1753 813 1892 871 hinc
1912 813 2203 880 discedat,

548 905 780 965 videbit
819 921 933 961 sua
969 903 1134 963 bona
1166 902 1247 960 ad
1280 904 1451 975 alios,
1482 919 1706 979 eosque
1731 904 1981 960 fortasse
2006 900 2207 958 inimi-

550 1014 680 1066 cos,
731 995 1004 1053 transire.
1054 993 1141 1048 An
1201 994 1557 1065 ignoramus
1603 1007 1791 1066 quam
1839 990 2010 1049 multi
2056 989 2205 1063 agri,

548 1103 738 1162 quam
782 1083 987 1142 multas
1016 1081 1199 1145 aedes,
1230 1096 1419 1155 quam
1446 1081 1650 1138 multas
1688 1086 1894 1152 gentes
1919 1094 1991 1137 ac
2010 1079 2206 1137 civita-

550 1181 659 1243 tes,
698 1174 879 1232 etiam
927 1170 1126 1229 adhuc
1167 1169 1508 1227 viventibus
1536 1171 1642 1243 qui
1685 1186 1757 1228 ea
1782 1168 2202 1245 possederant,

549 1266 804 1331 aliorum
818 1263 1203 1321 dominorum
1216 1260 1467 1318 nomina
1479 1260 1782 1335 prioribus
1795 1259 1989 1316 exutis
1999 1256 2207 1315 indue-

546 1358 665 1417 rint
682 1357 710 1412 ?
731 1360 788 1413 et
824 1351 1345 1427 quemadmodum
1368 1350 1408 1407 ii
1435 1351 1543 1425 qui
1570 1350 1714 1408 olim
1735 1349 2007 1409 servituti
2036 1347 2211 1406 addi-

546 1446 860 1516 cebantur,
885 1442 1348 1501 conscenderint
1372 1440 1745 1515 principatus
1765 1439 2071 1509 thronum,
2102 1442 2207 1512 qui

542 1554 682 1596 vero
703 1534 934 1594 domini
954 1535 1204 1608 herique
1232 1533 1635 1602 vocabantur,
1670 1532 1716 1589 si
1763 1528 1903 1591 cum
1950 1529 2205 1588 subditis

1960 242 2015 313 s,
2061 238 2284 298 BASILI
2321 240 2544 297 MAGNI

3808 250 3911 305 548

2237 364 2286 420 Α
2317 361 2391 418 δι’
2431 366 2613 428 αἰῶνος
2644 368 2811 420 αὐτῶν
2834 388 2847 403 ·
2899 367 2974 423 ἐπ’
3006 368 3173 443 ὀλίγον
3222 365 3283 423 δὲ
3330 366 3430 423 ἀπὸ
3468 374 3663 424 τούτων
3716 371 3910 445 ὄνομα-

2319 456 2480 523 σθεὶς,
2535 456 2709 518 ἀλλοις
2756 457 2908 510 πάλιν
2963 468 3057 521 τῆς
3105 459 3351 534 εὐπορίας
3396 458 3726 524 ἔκστησεται,
3771 460 3910 537 βρα-

2316 552 2469 616 χεῖαν
2505 553 2604 616 γῆν
2644 546 2801 610 αὐτὸς
2829 543 3049 613 ὑποδὺς,
3088 547 3335 609 πολλάκις
3365 543 3424 601 δὲ
3448 552 3537 602 καὶ
3574 551 3675 625 πρὸ
3705 558 3798 602 τοῦ
3824 553 3912 603 τάς

2317 653 2433 708 φοῦ,
2482 638 2571 687 καὶ
2631 639 2731 708 πρὸ
2783 645 2878 697 τῆς
2924 635 3147 690 ἐντεῦθεν
3194 635 3622 706 ἀπαναστάσεως,
3674 638 3747 703 εἰς
3798 638 3910 693 ἐτί-

2314 742 2455 800 ρους,
2518 729 2608 777 καὶ
2664 723 2940 798 πολεμίους
2994 728 3179 799 τυχὸν,
3238 732 3331 786 τὴν
3389 727 3676 802 εὐπραγίαν
3728 727 3912 800 ὄψεται

2315 811 2750 886 μεταϐαίνουσαν,
2784 815 2850 869 Ἢ
2898 815 2992 868 οῦκ
3030 818 3179 889 ἴσμεν
3219 818 3403 870 ὀπόσοι
3456 818 3545 890 μὶν
3599 815 3770 893 ἀγροὶ,
3809 822 3911 871 πόα

2319 921 2411 955 σαι
2457 898 2514 956 δὲ
2567 903 2750 976 οἰκίαι,
2782 909 2925 958 πόσα
2955 900 3017 957 δέ
3062 907 3180 964 ἔθνη
3224 911 3314 960 καὶ
3362 911 3555 973 πόλεις,
3589 911 3677 960 καὶ
3708 908 3911 969 ζώντων

2316 994 2391 1043 ἔτι
2440 1000 2539 1044 τῶν
2586 998 2941 1068 κτησαμένων,
2977 994 3157 1069 ἐτέρων
3201 993 3428 1069 ὀνόματα
3480 997 3910 1069 μετημφιάσαντο

2318 1077 2627 1151 δεσποτῶν;
2676 1087 2765 1136 καὶ
2790 1086 2859 1146 ὡς
2906 1086 2954 1137 οἱ
2999 1088 3090 1157 μὲν
3114 1082 3279 1138 πάλαι
3328 1080 3654 1149 δουλεύοντες
3692 1084 3779 1139 ἐπὶ
3824 1088 3909 1141 τὸν

2314 1177 2412 1233 τῆς
2442 1168 2619 1246 ἀρχῆς
2658 1174 2835 1250 θρόνον
2865 1170 3141 1241 ἀνέϐησαν,
3183 1177 3233 1228 οἰ
3281 1169 3341 1229 δὲ
3390 1178 3564 1251 κύριοι
3591 1179 3681 1229 καὶ
3711 1172 3912 1230 δεσπό-

2314 1279 2402 1313 ται
2429 1260 2735 1335 καλούμενοι
2790 1271 2976 1323 στῆναι
3005 1266 3134 1338 μετά
3190 1272 3289 1317 τῶν
3342 1262 3644 1340 ἀρχομένων
3695 1266 3912 1339 ἠγάπη-

2317 1368 2434 1423 σαν,
2474 1355 2564 1404 καὶ
2615 1359 2724 1415 τοῖς
2777 1353 2971 1407 ἑαυτῶν
3025 1350 3233 1418 δούλοις
3289 1353 3580 1428 ὑπέκυψαν,
3640 1357 3811 1430 ὥσπερ
3858 1354 3910 1409 ἕν

2315 1441 2485 1494 κύϐων
2522 1451 2879 1519 περιτροπαῖς,
2906 1446 3266 1520 μεταχθέντων
3296 1446 3407 1518 (91)
3430 1446 3571 1519 ἄφνω
3598 1453 3697 1500 τῶν
3735 1463 3913 1521 πραγσ-

2315 1532 2491 1605 μάτων
2522 1532 2698 1598 αὐτοῖς
2721 1551 2734 1602 ;

542 1627 823 1692 sederint,
853 1626 1010 1682 bene
1040 1639 1247 1681 secum
1274 1627 1476 1681 actum
1507 1621 1776 1679 arbitrati
1805 1620 1943 1689 sint,
1966 1636 2036 1677 ac
2067 1619 2498 1681 succubuerint
2522 1621 2649 1679 suis
2678 1623 2951 1696 ipsorum
2983 1624 3193 1697 servis,
3223 1623 3427 1697 rebus,
3447 1622 3610 1683 velut
3637 1624 3700 1682 in
3732 1629 3913 1684 tesse-

539 1732 748 1775 rarum
776 1716 1164 1782 circumactu,
1197 1712 1521 1786 derepente
1546 1709 1998 1769 transmutans?

612 1806 827 1865 4.41am
855 1820 1000 1862 vero
1046 1820 1116 1861 ea
1140 1820 1275 1877 quae
1305 1802 1483 1860 nobis
1515 1802 1594 1859 ad
1633 1802 1837 1858 cibum
1884 1817 1955 1857 ac
1987 1805 2200 1873 potum

542 1895 879 1967 excogitata
909 1898 1066 1965 sunt,
1090 1898 1147 1950 et
1166 1891 1465 1967 quidquid
1487 1890 1823 1967 petulantes
1851 1889 2069 1946 divitia:
2109 1888 2201 1947 ul-

541 1990 632 2044 tra
678 1984 1097 2042 necessitatem
1145 1982 1225 2039 ad
1262 1982 1484 2053 ingrati
1529 1980 1797 2055 nihilque
1845 1978 2201 2037 continentis

540 2075 763 2135 ventris
788 2074 1134 2148 obsequum
1156 2070 1798 2146 adinvenere,quando
1814 2073 2020 2127 nostra
2039 2073 2199 2140 sunt,

543 2164 778 2225 etiamsi
798 2165 1089 2237 perpetuo
1104 2161 1516 2219 infunduntur
1530 2161 1558 2216 ?
1580 2163 1721 2228 Quae
1743 2159 1847 2217 ubi
1872 2163 2119 2230 gustum
2139 2157 2201 2214 in

538 2254 794 2313 transitu
822 2251 1118 2308 duntaxat
1146 2250 1389 2307 modica
1421 2250 1690 2324 quadam
1718 2247 2027 2322 voluptate
2057 2246 2198 2304 affe-

536 2344 747 2417 cerint,
794 2358 938 2400 mox
976 2344 1273 2414 tanquam
1313 2339 1566 2397 molesta
1611 2355 1682 2395 ac
1714 2337 2021 2412 superﬂua
2040 2352 2199 2409 aegre

536 2433 807 2503 ferimus,
828 2429 1299 2503 festinanterque
1328 2426 1494 2486 foras
1528 2427 1822 2501 ejicimus,
1855 2433 1917 2484 ut
1955 2427 2015 2483 in
2039 2441 2200 2482 sum-

537 2540 709 2583 mum
754 2521 891 2579 vitae
934 2518 1260 2576 discrimen
1304 2518 1633 2588 venientes,
1665 2518 1714 2573 si
1759 2516 1823 2573 in
1870 2515 2199 2573 visceribus

536 2612 644 2671 diu
672 2615 1117 2686 permanerent.
1140 2611 1383 2665 Mortem
1414 2608 1575 2664 enim
1606 2622 1730 2662 non
1760 2606 1972 2680 paucis
2003 2606 2200 2665 intulit

538 2702 805 2768 satietas,
840 2700 1071 2771 fuitque
1125 2698 1185 2753 in
1220 2713 1431 2767 causa,
1474 2713 1580 2753 cur
1626 2695 1772 2752 nihil
1797 2695 2061 2767 amplius
2093 2695 2198 2750 de-

538 2786 1128 2862 gustarent.Lasciva
1147 2785 1409 2858 denique
1431 2784 2020 2858 cubilia,impurique
2037 2799 2197 2840 com-

533 2879 770 2956 plexus,
798 2883 856 2936 et
882 2877 1090 2934 omnia
1121 2874 1371 2932 rabiosae
1404 2880 1585 2948 atque
1607 2873 1958 2931 insanientis
1977 2872 2196 2929 animas

537 2984 743 3043 opera,
766 2982 970 3025 nonne
990 2969 1211 3022 natura
1250 2968 1388 3021 sunt
1416 2964 1843 3021 detrimentum
1875 2963 2055 3039 plane
2084 2960 2197 3020 evi-

532 3056 710 3125 dens,
732 3060 790 3114 et
818 3054 1117 3130 pernicies
1149 3051 1333 3123 clara,
1348 3058 1404 3110 et
1423 3052 1635 3109 dotum
1657 3068 1795 3126 quas
1822 3052 2040 3125 cuique
2062 3066 2195 3108 vere

533 3146 794 3223 proprias
833 3148 973 3202 sunt
993 3142 1358 3201 abalienatio
1389 3160 1459 3201 ac
1482 3141 1849 3208 imminutio,
1889 3158 2028 3199 cum
2066 3157 2195 3199 cor-

531 3201 941 3313 pusttenuetur
955 3235 1017 3290 in
1038 3232 1545 3307 complexibus,et
1561 3231 1846 3290 alimento
1864 3247 2195 3303 congruen-
2224 3201 2263 3257 C

533 3327 765 3387 tissimo
794 3329 978 3398 atque
1004 3324 1082 3380 ad
1113 3323 1527 3381 conservanda
1547 3321 1825 3379 membra
1849 3334 2194 3378 accommo-

530 3414 848 3475 datissimo
870 3411 1197 3488 spoliatur?
1214 3415 1419 3486 Itaque
1438 3426 1938 3486 unumquemque
1955 3409 2194 3467 illorum

529 3503 637 3580 qui
661 3501 962 3561 cubilibus
991 3500 1316 3576 impudicis
1341 3500 1710 3571 volutantur,
1734 3500 1935 3557 statim
1956 3502 2094 3574 post
2112 3498 2195 3555 fa-

539 3592 734 3661 cinus,
767 3606 906 3648 cum
936 3594 1187 3647 oestrum
1218 3587 1488 3660 elanguit
1506 3589 1722 3659 carnis,
1749 3603 2064 3662 mensque,
2095 3586 2195 3644 de-

531 3680 795 3743 testabili
820 3680 940 3737 ﬁne
979 3678 1224 3736 obtento
1258 3694 1468 3735 eorum
1497 3694 1633 3754 qua:
1660 3678 1923 3748 tentavit,
1955 3676 2194 3735 recolle-

532 3771 617 3843 git
636 3786 766 3828 sese
786 3774 1081 3845 tanquam
1103 3785 1177 3825 ex
1205 3767 1488 3825 ebrietate
1527 3772 1632 3825 aut
1654 3772 2007 3841 tempestate
2043 3780 2191 3840 qua-

529 3859 694 3930 dam,
714 3863 792 3931 et,
812 3859 1065 3917 ubinam
1095 3857 1189 3929 sit,
1213 3856 1643 3914 considerandi
1663 3856 1854 3915 otium
1885 3861 2066 3914 nacta
2086 3861 2188 3913 est

524 3947 977 4019 incontinentiae
1011 3963 1136 4003 suae
1157 3944 1334 4002 valde
1359 3944 1695 4002 admodum
1739 3946 2005 4021 poenitet.
2040 3949 2186 4003 Sen-

524 4037 593 4096 tit
621 4038 783 4095 enim
813 4053 1035 4109 corpus
1059 4039 1117 4092 et
1157 4033 1516 4091 imbecillius
1563 4033 1788 4090 factum
1842 4049 1990 4103 esse,
2024 4037 2081 4091 et
2109 4034 2187 4090 ad

523 4143 780 4184 munera
802 4123 1146 4183 necessaria
1166 4122 1451 4180 obeunda
1474 4121 1712 4196 pigrum
1736 4138 1808 4179 ac
1825 4136 2072 4194 prorsus
2089 4122 2189 4182 de.

522 4215 662 4274 bile.
696 4214 1014 4286 Hocigitur
1035 4228 1173 4273 cum
1204 4212 1319 4286 ipsi
1339 4226 1585 4285 quoque
1605 4210 1957 4286 pmdotribee
1980 4211 2188 4268 intelli-

522 4308 752 4378 gerent,
785 4301 1165 4360 continentiae
1195 4299 1391 4371 legem
1414 4300 1476 4357 in
1508 4301 1803 4377 palaestris
1837 4305 2184 4371 sanxerunt,

523 4391 1001 4450 adolescentium
1026 4405 1285 4465 corpora
1305 4404 1342 4446 a
1365 4389 1782 4466 voluptatibus
1800 4395 1929 4448 tuta
1951 4404 2187 4448 servan-

521 4479 878 4553 tem,eisque
894 4477 1260 4536 certantibus
1291 4492 1367 4534 ne
1394 4477 1663 4552 aspicere
1683 4479 1932 4553 quidem
1950 4478 2188 4550 elegan-

2379 1799 2432 1854 4.
2473 1798 2551 1852 Τά
2595 1817 2655 1872 γε
2704 1805 2808 1874 μην
2867 1801 2938 1864 εἰς
2995 1772 3195 1879 βρωσιν
3252 1803 3378 1877 ἡμῖν
3416 1801 3779 1877 ἐπινενοημένα
3824 1775 3915 1857 καἰ

2307 1888 2481 1954 πόσιν,
2531 1893 2621 1942 καὶ
2672 1891 2862 1963 πάντα,
2916 1892 3017 1946 ὅσα
3069 1897 3203 1967 πέρα
3239 1899 3335 1955 τῆς
3387 1897 3568 1969 χρείας
3619 1894 3646 1946 6
3694 1892 3914 1956 πλοῦτος

2309 1975 2535 2052 ὑϐρίζων
2592 1978 2970 2055 ὶμηχανήσατο
3040 1986 3166 2059 πρὸς
3231 1985 3501 2061 θεραπείαν
3555 1991 3653 2047 τῆς
3710 1983 3911 2058 ἀχαρί-

2311 2087 2436 2121 στου
2478 2072 2566 2122 καὶ
2618 2067 2784 2146 μηδὲν
2836 2075 3127 2146 στεγούσης
3158 2077 3411 2151 γαστρὸς,
3450 2073 3565 2130 πότ’
3595 2073 3656 2126 ἂν
3685 2077 3913 2149 ἡμέτερα

2306 2161 2525 2230 γένοιτο,
2574 2159 2668 2213 κᾶν
2709 2158 3022 2223 ἐπαντλῆται
3066 2160 3346 2232 ὃιηνεκῶςς
3375 2162 3438 2218 *Α
3469 2183 3528 2237 γε
3564 2167 3756 2243 μικράν
3793 2183 3912 2218 τινα

2306 2254 2369 2320 τῇ
2410 2251 2583 2321 γεύσει
2619 2255 2773 2324 μόνον
2804 2249 3147 2327 ἐναποθέμενα
3174 2255 3310 2306 κατά
3354 2258 3448 2314 τὴν
3496 2249 3729 2331 πάροδον
3771 2250 3909 2313 ἡδο..

2306 2340 2416 2404 νην,
2474 2338 2623 2402 εὐθὺς
2675 2343 2743 2403 ὡς
2799 2339 3009 2416 ὀχληρά
3054 2346 3144 2395 καὶ
3193 2345 3411 2421 περιττά
3467 2340 3906 2425 δυσχεραίνομεν³

2305 2430 2395 2478 καὶ
2450 2430 2585 2501 μετά
2640 2427 2877 2492 σπουδῆς
2943 2430 3038 2496 ἔξω
3098 2451 3189 2486 ποι
3251 2432 3526 2508 βάλλομεν,
3586 2437 3650 2494 ως
3703 2438 3746 2486 εὶ
3801 2440 3908 2489 τοῖς

2309 2514 2639 2589 σπλάγχνοις
2668 2517 2993 2593 ἐγχρονίσοι,
3041 2522 3107 2574 τά
3153 2526 3378 2595 μέγιστα
3407 2526 3523 2600 περὶ
3550 2532 3641 2576 τοῦ
3674 2523 3770 2595 ζῇν
3800 2543 3909 2575 κιν-

2307 2600 2634 2668 δυνεύσοντες
2658 2611 2797 2680 (9'2).
2844 2608 3057 2673 Πολλοῖς
3092 2610 3217 2684 γοῦν
3267 2613 3292 2664 ὁ
3334 2616 3486 2688 κόρος
3524 2614 3691 2685 ἤγαγε
3742 2613 3906 2664 θάνα-

2304 2711 2410 2760 τον,
2460 2700 2549 2747 καὶ
2602 2703 2695 2749 τοῦ
2747 2693 2972 2769 μηδενὸς
3017 2696 3292 2754 ἀπολαύειν
3331 2703 3404 2754 ἔτι
3461 2699 3731 2775 γελένηται
3778 2706 3907 2776 πρό-

2306 2781 2458 2845 ξενος.
2521 2791 2704 2838 Κοῖται
2762 2782 2821 2840 δὲ·
2874 2786 3124 2863 ἀσελγεῖς,
3170 2794 3259 2843 καὶ
3316 2789 3530 2865 βέϐηλοι
3579 2789 3904 2864 συμπλοκαὶ,

2303 2877 2393 2925 καὶ
2439 2874 2609 2927 πάντα
2652 2876 2750 2928 ὅσα
2786 2875 3058 2941 λυττώσης
3087 2881 3216 2955 ἔργα
3243 2885 3333 2934 καὶ
3356 2884 3661 2956 παραφόρου
3691 2879 3848 2952 ψυχῆ
3860 2901 3901 2948 ς,

2303 2962 2432 3035 οὐχὶ
2491 2961 2757 3037 πρόδηλος
2792 2968 2960 3026 πάντη
3033 2968 3148 3045 (93)
3215 2968 3384 3045 ζημία
3445 2976 3507 3045 τῇ
3578 2971 3749 3042 φύσει,
3812 2973 3905 3026 καὶ

2304 3047 2476 3124 βλάϐη
2507 3058 2812 3129 περιφανὴς,
2838 3059 2929 3109 καὶ
2958 3064 3056 3111 τῶν
3106 3053 3254 3111 ἰδίων
3285 3062 3441 3121 ὄντως
3488 3058 3709 3112 ἑκάστου
3765 3056 3904 3133 μάλ-

2301 3138 2385 3193 λον
2453 3138 2789 3216 ἀλλοτρίωσίς
2849 3164 2903 3199 τε
2957 3146 3048 3201 καὶ
3110 3152 3348 3220 μείωσις,
3390 3146 3759 3224 ἐλαττουμένου
3807 3155 3903 3201 τοῦ

2305 3234 2547 3305 σώματος
2598 3228 2647 3283 ἓν
2705 3239 2817 3295 ταῖς
2871 3234 3065 3310 μίξεσι,
3120 3240 3210 3291 καὶ
3261 3246 3352 3299 τῆς
3406 3238 3770 3310 γνησιωτάτης
3811 3243 3904 3290 καὶ

2304 3323 2752 3386 συνεκτικωτάτης
2814 3332 2912 3376 τῶν
2977 3325 3138 3400 μελῶν
3207 3326 3611 3403 ἀποσυλωμένου
3668 3334 3901 3402 τροᾳοῆς

2297 3408 2583 3481 Τοιγαροῦν
2641 3405 2862 3462 ἑκάστου
2929 3418 3028 3464 τῶν
3083 3419 3195 3473 ταῖς
3252 3410 3524 3484 ἀσελγέσιν
3586 3406 3907 3484 έγκαλινδη-

2301 3493 2483 3546 θέντων
2536 3495 2725 3565 εὐναῖς,
2770 3500 2902 3572 μετά
2952 3503 3047 3559 τὴν
3102 3500 3291 3575 πρᾶξιν
3332 3500 3500 3570 εὐθὺς,
3553 3502 3673 3554 ὅταν
3726 3502 3752 3553 ὁ
3809 3504 3902 3574 μεθ

2298 3590 2394 3648 τῆς
2428 3589 2619 3662 σαρκὸς
2655 3584 2860 3667 οἶστρος
2914 3588 3269 3669 ἆπολαρανθῇ,
3301 3595 3427 3668 πρὸς
3451 3596 3510 3646 τὸ
3542 3587 3800 3668 βδελυρὸν
3843 3586 3905 3644 δὲ

2299 3673 2369 3725 ὧν
2416 3672 2718 3752 ἐνεχείρησε
2752 3682 2909 3754 πέρας
2960 3678 3115 3734 ἐλθὼν
3165 3683 3191 3733 ὁ
3246 3690 3386 3749 νοῦς,
3418 3683 3591 3759 ὥσπερ
3632 3679 3686 3733 ἔκ
3733 3681 3905 3754 μέθης

2299 3762 2330 3821 ἣ
2384 3772 2646 3839 χειμῶνός
2697 3786 2848 3842 τινος,
2908 3776 2999 3823 τοῦ
3054 3770 3393 3844 λογίσασθαι,
3434 3779 3525 3825 ποῖ
3578 3771 3704 3824 ποτέ
3762 3767 3900 3826 ἐστι.

2297 3852 2448 3908 λάϐοι
2492 3856 2714 3930 σχολὴν,
2758 3854 2989 3936 σφοδρός
3037 3879 3114 3921 τις
3156 3860 3456 3936 εἰσέρχεται
3502 3868 3599 3923 τῆς
3643 3859 3906 3937 ἀκρασίας

2298 3945 2600 4021 μετάμελος.
2634 3943 3045 4027 Ἀδρανεστέρου
3092 3968 3148 4003 τε
3192 3954 3294 4028 γὰρ
3348 3952 3653 4006 αἰσθάνεταί
3687 3971 3904 4026 γεγενη-

2297 4039 2450 4108 μένου
2502 4044 2595 4089 τοῦ
2655 4044 2917 4113 σώματος,
2972 4042 3064 4094 καὶ
3119 4043 3246 4117 πρὸς
3300 4046 3395 4101 την
3449 4050 3549 4095 τῶν
3602 4040 3906 4116 ἀναγκαίων

2299 4124 2549 4204 ἐργασίαν
2604 4131 2823 4206 νωθροῦ,
2883 4135 2973 4185 καὶ
3028 4135 3362 4189 παντάπασιν
3416 4133 3684 4199 ἀσθενοῦς.
3732 4141 3906 4190 Τοῦτο

2300 4212 2367 4275 δὴ
2423 4218 2528 4294 ἄρα
2584 4224 2674 4273 καὶ
2728 4227 2832 4282 τοῖς
2882 4216 3256 4299 παιδοτρίϐαις
3310 4228 3699 4285 κατανοήσασιν
3737 4224 3763 4277 ὁ
3803 4230 3907 4289 τῆς

2300 4311 2638 4385 σωφροσύνης
2721 4306 2769 4361 ἓν
2852 4318 2965 4372 ταῖς
3041 4311 3389 4390 παλαίστραις
3457 4317 3751 4390 γέγραπται
3818 4318 3909 4369 νό-

2297 4416 2388 4470 μος
2437 4399 2575 4471 (94),
2622 4396 2797 4452 ἄσυλα
2839 4401 2986 4474 παρά
3038 4408 3139 4454 τῶν
3187 4398 3389 4461 ἡδονῶν
3443 4410 3551 4466 τοῖς
3605 4406 3911 4468 νεανίσκοις

2299 4485 2567 4561 φυλάττων
2610 4489 2678 4543 τά
2734 4492 2974 4564 σώματα,
3024 4495 3115 4546 καὶ
3165 4492 3261 4546 οῦκ
3308 4492 3591 4572 ἐπιτρέπων
3645 4492 3912 4569 ἀγωνιζο-

2230 1852 2270 1907 Β

520 4574 611 4628 tes
638 4551 866 4660 formas
888 4568 1354 4643 permittentem,
1378 4567 1428 4625 si
1450 4551 1664 4626 vellent
1704 4551 1911 4644 capita
1940 4585 2049 4627 sua
2090 4585 2189 4628 co-

2304 4579 2464 4649 μένοις
2516 4575 2713 4650 αὐτοῖς,
2761 4575 2887 4634 οὐδὲ
2945 4582 3067 4636 ὅσον
3114 4551 3443 4659 προσϐλέψαλ
3497 4590 3614 4647 ταῖς
3663 4551 3908 4660 λαμπούο

521 4657 688 4716 ronis
721 4673 1034 4729 exornare,
1065 4656 1234 4731 quod
1267 4657 1700 4715 incontinentia
1748 4658 1938 4716 risum
1966 4659 2028 4716 in
2058 4658 2186 4717 luc-

524 4747 749 4806 tatione
774 4747 1003 4819 afferat,
1026 4761 1489 4808 non~coronam.

594 4933 647 4990 ὅ.
680 4930 814 4987 Haec
842 4927 1090 5004 quidem
1122 4931 1415 5003 tanquam
1458 4928 1655 4987 aliena
1702 4929 1953 4989 omnino
2000 4935 2184 5008 atque

518 5019 745 5092 inania,
770 5022 827 5076 et
849 5034 985 5092 quas
1016 5017 1240 5074 nullius
1270 5018 1515 5091 propria
1540 5034 1675 5076 esse
1706 5021 1964 5093 possint,
1983 5037 2182 5095 operae

518 5110 782 5184 pretium
811 5112 904 5165 est
932 5107 1154 5165 clausis
1181 5107 1371 5163 oculis
1400 5108 1705 5181 pmierire
1736 5127 1749 5165 :
1782 5126 1996 5168 eorum
2042 5128 2181 5170 vero

518 5214 655 5273 qua
680 5214 822 5256 vere
842 5202 1049 5256 nostra
1080 5202 1244 5269 sunt,
1267 5198 1548 5255 convenit
1580 5198 1746 5272 167
1776 5217 1988 5259 curam
2024 5201 2177 5258 mul-

587 5443 703 5520 (θῇ)
733 5442 878 5520 Reg,
915 5444 1151 5520 primus
1170 5452 1534 5520 ,περιτροπαῖς
1558 5448 1949 5519 μετατεθέντων.

590 5512 706 5592 (92)
735 5512 1121 5592 Antiqui-tres
1168 5512 1756 5592 libriikwdwsi'aov‘rsg.
1913 5523 2053 5592 Reg,
2088 5540 2176 5581 se-

517 5583 757 5642 cundus
805 5589 863 5642 et
896 5583 1050 5642 editi
1099 5583 1534 5651 κινδυνεύσοντας.
1568 5592 1719 5648 Mox.
1748 5591 1915 5649 Colb.
1945 5583 2176 5667 primus

2299 4685 2415 4728 σαις
2460 4674 2702 4744 μορφαῖς,
2751 4672 2856 4744 εἴγε
2898 4669 3111 4726 ἐθέλοιεν
3161 4675 3554 4748 στεφανωθῆναι
3598 4674 3694 4734 τήν
3746 4694 3909 4750 κεφα-

2295 4754 2409 4826 λὴν,
2437 4759 2507 4820 ὡς
2533 4765 2623 4821 τῆς
2652 4756 2909 4835 ἀκρασίας
2931 4761 3133 4836 γέλωτα
3160 4759 3398 4835 ἀγούσης
3421 4761 3469 4816 ἐν
3516 4772 3590 4838 τῷ
3636 4764 3906 4835 παλαίειν,

2295 4846 2354 4901 ού
2388 4851 2655 4925 σνέφανον.

2368 4943 2420 4996 5.
2446 4945 2626 4994 Ταῦτα
2666 4943 2757 5017 μὲν
2795 4940 2861 5005 ὡς
2890 4940 3133 5020 ἀλλότρια
3168 4941 3336 5004 πάντη
3389 4947 3479 5000 καὶ
3515 4946 3753 5024 περιττὰ,
3808 4948 3907 5002 καὶ

2293 5024 2505 5091 οὐδενὸς
2558 5026 2675 5083 ἴδια
2701 5032 2943 5104 γενέσθαι
2991 5029 3275 5107 δυνάμενα,
3323 5039 3678 5111 παρατρέχειν
3717 5035 3908 5104 καλὸν,

2290 5121 2411 5181 τοὺς
2449 5118 2742 5195 ὀφθαλμούς
2780 5121 3172 5196 ίπιμύσανταςε
3212 5132 3314 5178 τῶν
3345 5121 3406 5178 δέ
3435 5130 3593 5188 ὅντως
3635 5128 3907 5207 ἡμετέρων

2290 5212 2535 5286 πρόνοιαν
2602 5216 2862 5285 προσήκει
2914 5214 3184 5268 ποιεῖσθαι
3237 5213 3448 5295 πολλὴν.
3497 5218 3563 5270 Τί
3622 5211 3686 5270 δὴ
3717 5220 3910 5279 ’ὄντως

2291 5452 2474 5504 Κοῖται
2505 5442 2564 5506 δέ
2592 5452 2704 5510 καί.

2360 5523 2475 5667 itii
2503 5525 2655 5667 ἓξὲ
2678 5528 3335 5667 iustissimis;

2385 5596 2475 5667 94)
2503 5597 2654 5667 Lege
2686 5599 2974 5657 Ducaeum
2991 5598 3056 5657 in
3079 5596 3249 5669 illud,
3281 5601 3577 5673 γέγραπται
3600 5600 3779 5675 νόμος.
