4100 6196
199 249 296 303 549

989 243 1230 300 HOMIL.
1271 238 1464 308 QUOD
1505 243 1871 299 MUNDANIS
1906 245 2415 305 ADHIERENDUM
2453 248 2592 305 NON
2637 249 2764 304 SIT.

3453 258 3560 313 550

197 373 479 445 ἡμέτερονς
532 371 690 439 Ψυχή
742 385 816 433 τε,
949 367 1137 438 ζῶμεν,
1177 366 1332 424 λεπτὴ
1391 385 1471 427 τις
1519 363 1652 418 οὖσα
1703 369 1794 418 καὶ

1928 384 2033 424 ηοω
2059 369 2303 428 habere.
2327 372 2478 438 Quid
2502 377 2702 428 autem
2727 387 2859 429 vere
2888 378 3164 432 nostrum
3188 380 3276 430 est
3293 376 3320 430 ‘l
3344 376 3560 433 Anima

196 463 359 534 νοερὰ,
392 464 482 511 καὶ
514 454 663 510 οὐδὲ)
698 453 912 528 δεομένη
960 463 1060 506 τῶν
1093 455 1422 530 βαρυνόντων
1451 477 1465 490 ·
1498 460 1588 507 καί
1620 464 1792 527 σῶμα,

196 554 252 602 τὸ
295 553 460 621 ταύτῃ
506 543 658 600 δοθὲν
702 550 889 618 ὄχημα
929 548 1056 618 πρὸς
1084 548 1171 596 τὸν
1213 543 1331 618 βίον
1368 547 1513 620 παρά
1555 552 1646 596 τοῦ
1689 563 1798 595 κτι·

201 657 402 699 σαντος.
435 644 599 692 Τοῦτο
627 637 730 708 γὰρ
776 636 1045 710 ἅνθρωπος
1070 655 1083 668 ο
1110 641 1229 696 νοῦς
1268 630 1596 707 ἐνδεδεμένος
1635 651 1799 706 προσ-

199 736 334 801 γόρῳ
381 733 472 780 καὶ
528 727 797 799 πρεπούσῃ
862 728 1034 796 σαρκί.
1091 732 1245 776 τοῦτο
1297 725 1396 776 ὑπὸ
1458 731 1549 776 τοῦ
1606 725 1799 775 πανσό-

200 837 294 891 you
337 820 579 889 τεχνίτου
609 823 711 867 τῶν
741 814 868 866 ὅλων
908 813 956 866 ἐν
1003 821 1113 874 τοῖς
1153 818 1417 886 μητρῴοις
1465 815 1610 884 ἡμῶν
1642 811 1800 864 πλάτ-

196 925 339 961 τεται
386 906 613 966 κόλποις.
658 911 824 958 Τοῦτο
873 903 942 964 εἰς
987 912 1093 976 φῶς
1141 901 1195 955 ίκ
1225 912 1324 954 τῶν
1374 921 1646 955 σκοτεινων
1676 901 1800 954 ἐκεί-

197 1019 292 1050 νων
342 997 582 1067 Θαλάμων
626 995 654 1046 ό
700 1001 801 1046 τῶν
850 990 1050 1045 ὠδίνων
1098 993 1216 1064 ἄγει
1264 996 1463 1068 καιρός.
1496 999 1660 1045 Τοῦτο
1711 992 1800 1065 ἄρ-

197 1103 314 1159 χειν
360 1085 565 1156 ἐτάχθη
620 1091 720 1136 τῶν
767 1081 853 1135 ίπί
889 1091 1006 1154 γῆς.
1047 1084 1228 1154 Τούτῳ
1273 1083 1562 1154 γυμνάσιον
1618 1079 1801 1153 ἀρετῆς

196 1179 227 1234 ἡ
280 1180 454 1237 κτίσις
492 1172 822 1246 ὑφήπλωται.
873 1175 1052 1242 Τούτῳ
1097 1179 1268 1224 κεῖται
1309 1175 1482 1244 νόμος,
1525 1170 1802 1243 μιμεῖσθαι

198 1268 282 1319 τόν
319 1265 558 1320 πλάστην
597 1262 669 1323 εἰς
717 1257 960 1333 δύναμιν,
987 1264 1078 1312 καὶ
1117 1264 1211 1318 τὴν
1261 1259 1310 1312 ἐν
1359 1259 1598 1334 οὐρανοῖς
1646 1258 1802 1310 ιὺτα..

197 1356 308 1420 ξίαν
345 1359 688 1428 σκιαγραφεῖν
727 1349 814 1403 ίπὶ
870 1357 990 1421 γῆς.
1038 1356 1224 1415 Τοῦτο,
1280 1349 1508 1402 ἐντεῦθεν
1554 1347 1802 1420 καλούμε-

194 1464 298 1512 νον,
336 1443 715 1496 ἀπανίσταται.
747 1446 912 1494 Τοῦτο
953 1446 1028 1509 τῷ
1057 1446 1149 1492 τοῦ
1187 1438 1485 1511 πίμψαντος
1510 1445 1643 1492 Θεοῦ
1672 1455 1805 1510 παρ-

199 1538 413 1588 ίσταται
445 1531 672 1605 βήματι.
705 1537 870 1584 Τοῦτο
901 1528 1168 1581 εὐθύνεται
1191 1548 1205 1562 ·
1246 1536 1400 1580 τοῦτο
1449 1524 1665 1599 δέχεται
1709 1531 1803 1584 τὴν

196 1631 295 1676 τῶν
375 1622 599 1676 ἐνταῦθα
670 1618 1108 1691 πεπολιτευμένων
1170 1614 1462 1673 ἀντίδοσιν.
1542 1622 1641 1670 Καὶ
1715 1618 1804 1677 τὰς

199 1712 380 1785 ἀρετὰς
437 1709 498 1766 0"":
545 1713 770 1783 ἡμέτερα
821 1713 1065 1780 κτήματα
1113 1711 1358 1780 γινόμενα
1404 1706 1544 1780 εὖροι
1586 1725 1670 1769 τις
1719 1705 1801 1773 ἄν,

197 1805 316 1855 ὃταν
366 1802 424 1865 ίξ
475 1799 761 1873 ἐπιμελείας
809 1799 1179 1870 συνυφανθῶσι
1221 1805 1282 1869 τῇ
1335 1799 1524 1869 φύσειο
1555 1800 1646 1849 καὶ
1687 1795 1806 1848 οὒτε

197 1891 278 1945 ἐπὶ
336 1901 437 1963 γῆς
494 1891 830 1963 μοχθοῦντας
887 1889 1026 1959 ἡμᾶς
1082 1885 1455 1958 ἀπολιμπάνειν
1521 1885 1802 1954 ἐθέλουσιν,

197 1983 259 2040 ἣν
306 1985 378 2055 μὴ
434 1984 568 2053 πρὸς
621 1977 744 2050 βίαν
794 1976 954 2038 αὐτάς
1012 1976 1209 2037 ἑκόντες
1264 1971 1634 2048 ἀποδιωξωμεν
1691 1983 1808 2036 ταῖς

196 2079 296 2123 τῶν
346 2075 601 2143 χειρόνων
650 2066 952 2138 ἕπαγωγαίς
979 2086 993 2099 ·
1028 2064 1196 2118 ἐκείσί
1231 2084 1285 2117 τε
1315 2064 1652 2137 ἐπειγομένων
1681 2085 1807 2138 προ-

198 2165 495 2234 τρίχουσι,
565 2162 657 2212 καὶ
721 2163 832 2216 τοῖς
898 2153 1138 2227 ἀγγελοις
1191 2157 1280 2206 τὸν
1335 2157 1659 2226 κτησάμενον
1699 2157 1806 2226 (95)

201 2251 580 2319 συντάττουσι,
630 2252 720 2300 καὶ
774 2245 1044 2318 λάμπουσι
1094 2242 1166 2298 δι’
1204 2244 1386 2307 αἰῶνος
1430 2246 1530 2297 ὑπὸ
1568 2251 1679 2307 τοῖς
1716 2252 1808 2297 τοῦ

191 2345 480 2399 κτίσαντος
539 2337 845 2410 ὀφθαλμοῖς.
903 2334 1128 2395 Πλοῦτος
1185 2330 1278 2402 δε,
1331 2337 1422 2386 καὶ
1483 2329 1807 2402 δυναστεία,

189 2435 281 2483 καὶ
348 2429 693 2503 περιφάνεια,
747 2431 837 2478 καὶ
901 2428 1070 2498 τρυφὴ
1097 2464 1112 2491 ,
1166 2428 1256 2476 καί
1316 2430 1420 2484 πᾶς
1480 2424 1507 2475 ό
1575 2431 1812 2486 τοιοῦτος

190 2519 380 2591 ὄχλος,
406 2519 432 2570 ό
485 2515 606 2570 καθ’
659 2518 855 2589 ἡμέραν
913 2513 972 2566 ίκ
1019 2521 1117 2576 τῆς
1155 2515 1404 2586 ἡμετέρας
1441 2511 1619 2574 ἀνοίας
1656 2512 1814 2575 αὔξαις

187 2616 430 2680 νόμενος,
483 2610 604 2659 οὔτε
648 2603 984 2680 συμπροῆλθε
1032 2605 1160 2677 πρὸς
1201 2605 1289 2654 τὸν
1339 2600 1456 2675 βίον
1499 2604 1652 2674 ἡμῖν,
1697 2606 1813 2655 οὔτε

194 2697 510 2756 συναπήλθί
548 2714 708 2762 τισιν,
743 2692 872 2747 ἀλλά
917 2695 977 2746 τὸ
1020 2699 1093 2762 τῷ
1121 2687 1314 2763 δικαίῳ
1340 2692 1501 2744 πάλαι
1529 2693 1682 2766 ῥηθὲν
1728 2690 1811 2744 ἐπὶ

195 2792 387 2847 παντὸς
471 2785 748 2860 ἀνθρώπου
834 2785 1032 2852 πέπηγε
1112 2784 1203 2833 καὶ
1287 2788 1468 2855 κρατεῖ
1517 2801 1530 2814 ο
1620 2783 1814 2852 Γυμνός

196 2875 418 2939 ἑξῆλθσν
481 2873 539 2927 ἑκ
589 2873 790 2934 κοιλίας
853 2873 1051 2945 μητρός
1106 2888 1247 2942 μου,
1301 2872 1497 2942 γυμνός
1562 2873 1652 2922 καὶ
1709 2866 1814 2921 ἀπ·-

200 2966 512 3039 ελεύσομαι.

273 3148 328 3201 6.
368 3142 430 3197 ’0
606 3137 696 3194 οὖν
738 3141 934 3215 ἄριστα
964 3134 1350 3210 βουλευόμενος,
1386 3143 1480 3197 τῆς
1509 3134 1698 3208 ψυχῆς
1735 3135 1815 3188 ὅτι

205 3233 437 3306 μαλιστα
489 3235 773 3306 φροντίσει,
823 3231 914 3282 καί
967 3233 1122 3280 τοῦτο
1171 3222 1265 3278 διὰ
1314 3227 1517 3278 πάντων
1565 3227 1815 3299 πειράσε-

207 3342 294 3376 ται
347 3323 542 3384 σώζειν
593 3321 860 3394 εἰλικρινές
906 3336 960 3370 τε
1015 3320 1106 3368 καὶ
1152 3319 1370 3387 γνήσιον
1403 3334 1416 3349 ο
1471 3321 1566 3376 τῆς
1622 3318 1819 3388 σαρκὸς

212 3409 270 3466 ἴε
318 3415 347 3473 ᾖ
404 3412 544 3484 λιμῷ
591 3413 921 3483 τηκομένης,
979 3407 1007 3465 ἦ
1060 3412 1244 3479 κρυμῷ
1289 3408 1378 3456 καὶ
1425 3403 1604 3457 θάλπει
1656 3423 1819 3480 προσ·

209 3490 561 3564 παλαιούσης,
604 3501 633 3559 ἣ
689 3504 866 3560 νόσοις
909 3495 1278 3568 ἀλγυνομίνης,
1335 3495 1364 3552 ἦ
1411 3496 1732 3566 πασχούσης
1767 3513 1820 3548 τι

214 3594 365 3665 παρά
400 3609 543 3642 τινων
591 3588 768 3662 βίαιον
801 3591 934 3658 (96),
968 3585 1139 3656 ὀλίγον
1184 3586 1465 3642 ποιήσεταί
1508 3587 1595 3635 τόν
1646 3583 1818 3656 λόγον,

211 3684 272 3733 τὸ
330 3687 424 3733 τοῦ
471 3678 683 3732 Παύλου
731 3684 905 3749 φωνῶν
953 3674 1026 3746 ἐφ’
1081 3673 1304 3726 ἑκάστου
1365 3680 1462 3725 τῶν
1516 3669 1818 3748 δυσχερῶν,

213 3777 302 3821 καί
350 3771 700 3842 φθεγγόμενος
729 3787 741 3801 ·
795 3766 855 3818 Εἰ
908 3769 998 3816 καὶ
1049 3763 1075 3814 ὁ
1123 3763 1303 3825 ἔξωθεν
1359 3763 1505 3834 ἡμῶν
1558 3763 1824 3837 ἄνθρωπος

217 3862 500 3933 φθείρεται,
549 3855 658 3907 ἀλλ’
704 3856 731 3908 ὁ
785 3854 971 3906 ἔσωθεν
1029 3850 1399 3904 ἀνακαινοῦται
1453 3850 1650 3924 ἡμέραν
1711 3848 1825 3903 καθ’

217 3949 435 4022 igitur.
502 3950 606 3999 Καὶ
668 3946 786 3996 οῦτε
848 3945 972 4004 τοὺς
1036 3942 1164 4014 ὑπερ
1228 3947 1322 3993 τοῦ
1390 3939 1486 4012 ζῇν
1551 3935 1826 4002 κινδύνους

217 4045 498 4111 spicata;
543 4037 698 4107 ὁρῶν,
744 4037 1031 4104 φανήσεται
1073 4025 1284 4092 δεδιὼς,
1325 4026 1432 4081 ἀλλ’
1478 4027 1646 4100 ίαυτῷ
1697 4027 1828 4091 λέξει

521 4119 775 4194 Οἴδαμεν,
825 4123 926 4187 ὅτι,
981 4118 1066 4172 ίὰν
1119 4119 1152 4176 ἠ
1211 4117 1439 4190 ὶπίγειος
1489 4119 1634 4190 ἡμῶν
1687 4118 1830 4170 οἰκία

218 4223 308 4269 τοῦ
377 4220 611 4274 σκήνους
671 4210 980 4282 καταλυθῇ,
1041 4203 1326 4280 οἰκοδομὴν
1396 4205 1450 4260 ίκ
1512 4215 1646 4262 Θεοῦ
1710 4210 1831 4280 ἔχου

222 4324 346 4374 αν,
405 4305 585 4358 οἰκίαν
642 4300 1086 4375 ἀχειροποίητον,
1146 4297 1349 4351 αἰώνιον
1407 4297 1458 4350 ἐν
1518 4305 1627 4360 τοῖς
1679 4296 1832 4372 ούρα-

1909 473 2030 529 qua
2061 460 2329 529 vivimus,
2352 478 2489 534 quas
2520 463 2715 518 tenuis
2743 468 2832 518 est
2861 478 2930 518 ac
2960 464 3320 534 intelligens,
3343 465 3560 537 cuique

1909 545 2057 601 nihil
2081 563 2293 603 eorum
2317 565 2453 620 quae
2477 555 2733 619 gravant
2757 566 2914 622 opus
2943 557 3052 618 est,
3077 558 3135 610 et
3155 569 3376 625 corpus
3396 553 3562 626 quod

1910 635 1963 690 ei
2013 651 2120 706 pro
2149 637 2426 694 vehiculo
2455 639 2533 696 ad
2583 639 3036 709 transigendam
3066 642 3250 698 vitam
3282 657 3318 698 a
3348 642 3564 698 condi-

1910 727 2037 781 tore
2062 725 2273 782 datum
2303 733 2411 784 est.
2448 731 2566 784 Hoc
2592 729 2752 784 enim
2776 729 2958 786 homo
2989 736 3095 801 est,
3123 747 3296 787 mens
3317 748 3562 789 accom-

1914 814 2111 870 modas
2141 831 2212 871 ac
2243 819 2597 886 congruenti
2624 818 2794 874 carni
2820 819 3069 890 illigata.
3101 824 3219 876 Hoc
3251 836 3288 877 a
3319 822 3561 894 sapien-

1913 903 2149 960 tissimo
2179 905 2589 962 universorum
2621 907 2835 980 opiﬁce
2855 909 2914 964 in
2936 914 3105 966 utero
3135 914 3409 966 materno
3436 910 3561 966 {or-

1913 996 2132 1049 matur.
2184 996 2301 1050 Hoc
2333 995 2394 1050 in
2439 995 2636 1052 lucem
2667 1012 2737 1052 ex
2770 997 3104 1054 tenebrosis
3135 999 3248 1056 illis
3280 998 3562 1055 thalamis

1913 1081 2114 1138 educit
2139 1083 2414 1153 pariendi
2444 1089 2702 1158 tempus.
2729 1089 2869 1154 lloc,
2891 1087 3072 1142 rebus
3096 1089 3347 1144 terrenis
3368 1093 3437 1144 ut
3453 1088 3566 1143 im-

1914 1176 2172 1244 peraret,
2205 1175 2594 1230 constitutum
2636 1179 2744 1230 est.
2777 1175 2922 1231 Huic
2952 1176 3261 1234 substrata
3288 1181 3563 1234 creatura.

1915 1265 2003 1317 est
2038 1261 2117 1318 ad
2149 1261 2378 1318 virtutis
2409 1264 2777 1320 exercitium.
2809 1265 2951 1320 Huic
2982 1266 3179 1337 posita
3226 1266 3322 1322 lex
3361 1271 3470 1332 est,
3495 1269 3563 1322 ut

1912 1365 2022 1423 pro
2056 1350 2288 1406 viribus
2337 1352 2597 1408 imitetur
2643 1353 3038 1422 conditorem,
3072 1358 3252 1427 atque
3299 1354 3563 1426 discipli-

1913 1455 2059 1494 nam
2102 1439 2407 1496 caelestem
2436 1441 2497 1496 in
2529 1441 2702 1497 terris
2744 1442 3087 1499 adumbret.
3123 1447 3241 1499 Hoc
3271 1442 3563 1512 abscedit,

1913 1527 2054 1583 hinc
2085 1533 2424 1585 evocatum.
2472 1533 2592 1586 Hoc
2622 1531 2698 1588 ad
2732 1531 2830 1587 Dei
2859 1532 2966 1604 qui
3003 1532 3209 1603 ipsum
3256 1532 3438 1600 misit,
3468 1531 3568 1588 tri-

1913 1616 2103 1673 bunal
2125 1617 2374 1674 sistitur:
2398 1619 2514 1675 hoc
2533 1620 2592 1674 in
2611 1620 2908 1690 judicium
2931 1625 3206 1678 vocatur:
3227 1621 3342 1677 hoc
3357 1636 3567 1676 eorum

1846 1725 1884 1778 B
1916 1721 2053 1778 qua:
2092 1721 2199 1777 per
2238 1709 2421 1764 vitam
2448 1709 2711 1780 patravit
2750 1709 3020 1765 debitam
3052 1709 3395 1768 mercedem
3421 1710 3570 1767 reci-

1916 1794 2020 1866 pit.
2061 1800 2252 1866 Atque
2291 1797 2540 1852 virtutes
2587 1813 2831 1870 quoque
2872 1799 3294 1871 possessiones
3328 1803 3565 1856 nostras

1915 1883 2043 1938 ﬁeri
2072 1883 2539 1956 deprehenderit
2565 1887 2722 1958 quis,
2755 1886 2858 1942 ubi
2906 1887 3128 1944 fuerint
3164 1905 3304 1944 cum
3351 1892 3570 1944 natura

1917 1972 2231 2042 diligenter
2271 1979 2558 2031 contextae
2585 1993 2598 2043 ;
2629 1979 2686 2032 et
2730 1991 2925 2049 neque
2972 1977 3322 2034 laborantes
3354 1993 3468 2034 nos
3507 1977 3569 2034 in

1917 2066 2074 2118 terra
2116 2062 2323 2119 volunt
2370 2064 2663 2134 deserere,
2711 2065 2826 2121 nisi
2865 2065 3023 2122 vitiis
3069 2066 3424 2123 introductis
3469 2081 3572 2122 eas

1917 2166 2025 2222 per
2048 2151 2171 2207 vim
2195 2156 2411 2224 sponte
2440 2153 2876 2224 fugaverimus,
2903 2159 2958 2212 et
2989 2155 3068 2212 ad
3093 2157 3360 2213 futuram
3389 2156 3571 2212 vitam

1918 2239 2271 2296 festinantes
2294 2247 2693 2314 praecurrunt,
2723 2247 2784 2300 et
2808 2243 3107 2301 collocant
3133 2245 3288 2302 inter
3324 2243 3576 2314 angelos

1921 2345 2101 2386 suum
2123 2346 2560 2402 possessorem,
2589 2336 2647 2389 et
2675 2332 2790 2388 sub
2820 2333 3149 2390 conditoris
3184 2334 3376 2391 oculis
3405 2339 3576 2391 eter-

1920 2436 2069 2476 num
2105 2419 2354 2488 fulgent.
2383 2420 2605 2476 Divitias
2637 2438 2800 2488 vero,
2829 2427 2886 2478 et
2922 2428 3290 2496 potentatus,
3321 2428 3382 2480 et
3407 2421 3576 2478 clari-

1924 2510 2090 2573 tudo,
2118 2515 2175 2566 et
2197 2508 2446 2574 deliciis,
2470 2515 2529 2566 et
2552 2511 2750 2566 omnis
2774 2512 3077 2582 ejusmodi
3108 2512 3287 2568 turba
3304 2511 3576 2584 quotidie

1922 2614 2029 2672 per
2058 2602 2325 2654 nostram
2357 2598 2767 2671 insipientiam
2791 2616 3124 2671 augescens
3151 2616 3348 2673 neque
3367 2598 3574 2656 introi-

1921 2686 2005 2742 vit
2044 2685 2363 2742 nobiscum
2412 2687 2472 2742 in
2502 2688 2708 2754 vitam,
2741 2705 2941 2762 neque
2984 2705 3123 2744 cum
3155 2689 3270 2745 illis
3301 2703 3575 2761 unquam

1924 2775 2074 2832 abiit
2105 2793 2117 2831 :
2151 2775 2254 2832 scd
2287 2776 2347 2832 in
2398 2793 2770 2852 unoquoque
2799 2779 3047 2836 homine
3071 2779 3261 2835 ﬁxum
3294 2783 3351 2835 et
3375 2782 3576 2835 ratum

1925 2869 2149 2930 manet,
2195 2864 2362 2936 quod
2411 2865 2554 2923 olim
2605 2881 2641 2923 a
2676 2868 2842 2937 justo
2887 2867 3116 2925 dictum
3164 2874 3255 2925 est
3298 2883 3312 2923 :
3362 2868 3580 2924 Nudus

1925 2968 2188 3024 egressus
2223 2967 2356 3010 sum
2385 2969 2462 3011 ea:
2507 2959 2680 3011 utero
2709 2957 2923 3012 matris
2961 2972 3129 3026 mele,
3170 2957 3369 3015 nudus
3399 2957 3580 3014 etiam

1855 3077 1895 3134 ο
1925 3048 2200 3132 revertar
2222 3043 2291 3098 ³³.

1999 3136 2050 3188 6.
2093 3136 2300 3204 Itaque
2328 3131 2434 3204 qui
2460 3131 2573 3188 sibi
2617 3132 2843 3205 optime
2871 3133 3152 3202 consulit,
3184 3133 3420 3190 curabit
3456 3132 3583 3190 ani-

1926 3237 2092 3278 mam
2111 3237 2298 3294 quam
2314 3221 2600 3292 maxime,
2615 3222 2853 3297 hocque
2869 3223 3068 3280 modis
3085 3223 3374 3282 omnibus
3393 3227 3453 3280 et
3465 3222 3583 3280 sin-

1927 3328 2134 3370 cerum
2156 3316 2214 3368 et
2233 3313 2566 3382 genuinum
2589 3328 2827 3370 servare
2849 3313 3193 3371 conabitur:
3217 3313 3417 3372 carnis
3443 3328 3585 3371 vero

1929 3403 2052 3460 sive
2090 3403 2252 3459 fame
2295 3402 2670 3470 conﬁciatur,
2693 3404 2813 3460 sive
2839 3421 2976 3461 cum
3007 3405 3227 3476 frigore
3253 3411 3356 3463 aut
3386 3406 3586 3462 calore

1926 3493 2203 3560 luctetur,
2226 3492 2346 3548 sive
2376 3509 2412 3548 a
2441 3492 2672 3548 morbis
2701 3495 3232 3561 excrucietur,sive
3255 3494 3587 3552 violentum

1929 3583 2077 3656 quid
2107 3582 2188 3639 ab
2233 3581 2540 3654 aliquibus
2572 3583 2960 3656 perpetietur,
2995 3584 3291 3641 rationem
3336 3599 3586 3657 parvam

1929 3671 2200 3738 habebit,
2222 3670 2370 3726 illud
2395 3671 2556 3728 Pauli
2587 3672 2646 3727 in
2678 3671 2931 3742 singulis
2957 3673 3426 3730 adversitatibus
3449 3687 3586 3745 pro-

1932 3761 2151 3829 ferens,
2180 3777 2252 3818 ac
2278 3760 2527 3817 dicens:
2562 3763 2720 3818 Licet
2749 3763 3018 3820 exterior
3046 3764 3220 3820 homo
3242 3768 3444 3820 noster
3464 3778 3587 3820 cor-

1932 3856 2280 3920 rumpatur,
2329 3851 2588 3907 interior
2645 3856 2846 3908 tamen
2888 3859 3221 3909 renovatur
3265 3853 3339 3910 de
3381 3852 3479 3909 die
3523 3853 3586 3907 in

1935 3943 2089 3999 diem
2103 3943 2171 3997 3°.
2201 3945 2265 3999 Et
2292 3941 2398 3998 ubi
2422 3942 2625 3998 venire
2647 3957 2712 3998 se
2741 3943 2803 3998 in
2823 3943 2959 3999 vites
2989 3943 3324 4016 periculum
3351 3941 3587 4010 viderit,

1935 4032 2424 4106 haudquaquam
2472 4032 2795 4106 apparebit
2830 4033 3118 4090 timidus:
3153 4033 3262 4088 sed
3306 4031 3421 4088 sibi
3462 4032 3591 4104 ipse

1938 4121 2312 4180 conﬁdenter
2331 4121 2602 4179 dicturus
2631 4128 2750 4179 est:
2773 4124 3007 4179 Scimus
3033 4123 3194 4194 quod
3216 4123 3271 4178 si
3288 4121 3591 4178 terrestris

1940 4216 2147 4268 nostra
2171 4213 2383 4269 domus
2409 4212 2593 4282 hujus
2615 4213 2999 4270 tabernaculi
3026 4212 3416 4282 dissolvatur,
3446 4211 3592 4267 mdi-

1939 4301 2279 4371 ﬁcationem
2317 4316 2394 4357 ex
2436 4303 2557 4357 Deo
2604 4302 2930 4358 habemus:
2953 4301 3193 4358 domum
3223 4316 3344 4356 non
3383 4315 3592 4357 manu-

221 4403 346 4458 νοῖς.
393 4395 455 4448 εἰ
506 4389 569 4447 δ⁴ε
616 4410 698 4452 τις
752 4388 915 4442 ίθίλοι
964 4384 1236 4461 φείδεσθαι
1280 4391 1372 4440 καὶ
1416 4394 1511 4440 τοῦ
1565 4391 1815 4460 σώματος

1939 4391 2191 4461 factam,
2214 4396 2501 4448 aeternam
2525 4392 2590 4447 in
2611 4391 2859 4447 caelis".
2877 4391 2934 4447 Si
2955 4390 3092 4463 quis
3115 4394 3318 4448 tamen
3339 4390 3598 4447 voluerit

225 4489 290 4548 ὣς
335 4489 503 4558 μόνου
532 4486 806 4554 κτήματος
851 4476 1135 4550 ἀναγκαίου
1175 4475 1358 4549 ψυχῇ,
1386 4480 1478 4530 καὶ
1517 4483 1830 4550 συνεργοῦν-

225 4593 310 4638 τος
355 4574 494 4645 αύτῇ
535 4573 671 4647 πρὸς
714 4572 774 4623 τὸ
813 4568 912 4640 ζῇν
954 4565 1038 4620 ἐπὶ
1075 4573 1198 4639 γῆς,
1237 4566 1404 4639 μικρὰ
1438 4568 1570 4640 πρὸς
1591 4567 1688 4629 τὰς
1713 4567 1834 4620 τού.

227 4681 316 4718 του
358 4665 554 4736 χρείας
599 4659 1071 4733 ἐπιστραφήσεται,
1101 4660 1193 4708 καὶ
1243 4657 1378 4708 ὥστε
1410 4657 1651 4728 συνέχειν
1679 4659 1834 4728 μόνον

231 4753 373 4819 αὐτὸ,
407 4756 500 4804 και
546 4757 612 4822 τῇ
659 4757 756 4811 τῆς
805 4747 989 4820 ψυχῆς
1033 4746 1298 4821 ὑπηρεσίᾳ
1338 4740 1434 4798 διὰ
1479 4747 1690 4820 μετρίας
1727 4743 1837 4799 ἔπι·

231 4843 433 4916 μελείας
500 4839 785 4916 ίῤῥωμίνον
852 4845 1059 4914 τηρεῖν,
1111 4840 1184 4910 μὴ
1257 4839 1493 4909 μέντοιγε
1547 4834 1836 4910 ίπιτρέπειν

235 4934 329 4985 ὑπὸ
365 4938 529 5006 κόρου
563 4935 801 5004 σκιρτᾷν.
836 4929 897 4981 Εἰ
937 4924 996 4980 3's
1033 4922 1146 4980 ἴδοι
1167 4929 1290 4979 ποτε
1332 4932 1449 4987 ταῖς
1485 4932 1578 4978 τοῦ
1605 4924 1839 4990 πλείονος

236 5029 318 5074 ut
369 5027 506 5093 πέρα
559 5027 651 5072 τοῦ
705 5017 1094 5078 λυσιτελοῦντος
1150 5014 1453 5087 ἕπιθυμίαις
1509 5013 1834 5088 φλεγόμενον,

241 5109 423 5183 βοήσει
464 5113 596 5186 πρὸς
636 5107 763 5161 αὖτό
803 5110 862 5160 τό
900 5114 990 5159 του
1053 5105 1260 5159 Παύλου
1300 5105 1587 5176 νομοθετῶν
1611 5123 1625 5139 ο
1669 5102 1837 5158 Οὐδὲν

306 5225 353 5261 ⁸³
382 5225 494 5283 Job
526 5241 544 5281 ι
580 5229 666 5281 ll.
747 5223 794 5259 ⁸⁸
829 5225 872 5278 ll
905 5223 1035 5280 Cor.
1068 5237 1142 5292 iv,
1179 5222 1266 5276 16.
1336 5219 1380 5254 ⁸⁷
1416 5223 1458 5275 ll
1491 5221 1623 5276 Cor.
1655 5235 1712 5288 v,
1744 5225 1792 5275 1.

309 5337 419 5390 ίῦῦὶ
459 5333 650 5387 Εάὶῑὶο
692 5329 868 5385 Basil.
903 5333 958 5382 et
1007 5325 1172 5383 COIb.
1203 5327 1436 5400 primus
1467 5325 1706 5398 ἀγγέλοις
1748 5335 1840 5380 τοῦ

243 5410 570 5478 minuma,
594 5417 810 5478 eosque
843 5401 949 5470 qui
964 5401 1431 5478 festinaverunt,
1454 5414 1588 5453 cum
1611 5401 1841 5478 angelis

242 5471 559 5534 conditoris
579 5471 910 5532 collocant.
936 5471 1043 5525 Alii
1063 5474 1182 5527 tres
1204 5487 1347 5527 mss.
1373 5478 1466 5524 τοῦ
1485 5474 1838 5542 κτησαμένου.

247 5547 429 5605 Editio
462 5548 650 5605 Paris.
682 5547 773 5597 τὸν
803 5544 1146 5614 κτησάμενον.

1941 4494 2163 4552 corpus
2200 4479 2382 4536 etiam
2429 4480 2868 4547 commiserari,
2908 4484 3208 4554 tanquam
3254 4479 3422 4555 quod
3469 4495 3598 4538 una

1943 4569 2245 4643 possessio
2269 4568 2368 4636 sit,
2389 4583 2526 4642 quas
2554 4568 2774 4625 animas
2800 4570 3146 4627 necessaria
3173 4575 3288 4642 est,
3311 4571 3486 4643 eique
3515 4570 3594 4627 ad

1941 4658 2129 4716 vitam
2157 4659 2220 4714 in
2245 4662 2402 4714 terra
2431 4658 2776 4729 degendam
2807 4660 3120 4734 suppetias
3148 4661 3278 4732 fert,
3314 4661 3596 4732 exiguam

1943 4747 2373 4804 necessitatum
2404 4747 2536 4819 ejus
2557 4763 2769 4805 curam
2794 4750 3104 4824 suscipiet,
3132 4755 3196 4806 ut
3213 4749 3360 4805 illud
3381 4754 3439 4806 et
3460 4763 3602 4806 cono

1943 4835 2131 4893 tineat
2168 4839 2426 4905 tantum,
2463 4840 2521 4892 et
2563 4852 2672 4909 per
2713 4838 3080 4894 mediocrem
3118 4853 3328 4894 curam
3377 4851 3597 4892 sanum

1945 4929 2262 4981 conservet
2284 4925 2362 4981 ad
2384 4924 2602 4981 animai
2623 4926 3046 4993 ministerium,
3063 4941 3185 4981 non
3205 4925 3288 4979 ita
3307 4927 3506 4979 autem
3535 4925 3601 4978 ut

1945 5014 2147 5086 ipsum
2168 5014 2436 5071 satietate
2455 5014 2727 5071 lascivire
2746 5016 2924 5072 sinat.
2947 5014 3120 5079 Quod
3143 5013 3193 5068 si
3221 5011 3434 5067 viderit
3452 5009 3600 5066 illud

1945 5103 2212 5178 plurium
2223 5103 2520 5161 desiderio
2533 5103 2792 5173 incendi,
2806 5104 2989 5175 idque
3001 5103 3147 5169 citra
3158 5101 3598 5172 necessitatem,

2021 5326 2137 5395 (96)
2179 5325 2344 5382 Colb.
2397 5325 2831 5397 primus_‘rtvmv
2881 5320 3098 5395 βιαίων,
3149 5338 3210 5397 a_
3243 5325 3600 5397 quibusdam

1951 5399 2248 5453 violentis.
2283 5395 2510 5451 Nec'ita
2539 5395 2729 5451 multo
2757 5403 2893 5467 post
2924 5399 3060 5464 Reg.
3088 5395 3291 5452 tertius
3325 5396 3600 5460 κινδύνους

1950 5487 2285 5542 προσιόντας.
