  <div class='ocr_page' id='page_1' title='image "/cluster/home/n/w/nwhite01/storage/ocr_20150623/31/hvd.32044048272629/281.png"; bbox 0 0 4100 6196; ppageno 0'>
   <div class='ocr_carea' id='block_1_1' title="bbox 442 223 3811 296">
    <p class='ocr_par' dir='ltr' id='par_1_1' title="bbox 442 223 3811 296">
     <span class='ocr_line' id='line_1_1' title="bbox 442 223 3811 296; baseline -0.006 -1"><span class='ocrx_word' id='word_1_1' title='bbox 442 241 543 296; x_wconf 71' lang='grc'><strong>551</strong></span> <span class='ocrx_word' id='word_1_2' title='bbox 1812 226 1873 283; x_wconf 88' lang='lat' dir='ltr'><strong>S.</strong></span> <span class='ocrx_word' id='word_1_3' title='bbox 1911 223 2163 281; x_wconf 77' lang='lat' dir='ltr'><strong>BASlLll</strong></span> <span class='ocrx_word' id='word_1_4' title='bbox 2200 223 2420 279; x_wconf 70' lang='lat' dir='ltr'><strong>MAGNI</strong></span> <span class='ocrx_word' id='word_1_5' title='bbox 2936 230 2943 235; x_wconf 84' lang='lat'>&#39;</span> <span class='ocrx_word' id='word_1_6' title='bbox 3702 223 3811 276; x_wconf 75' lang='lat'><strong>552</strong></span> 
     </span>
    </p>
   </div>
   <div class='ocr_carea' id='block_1_2' title="bbox 434 338 2090 428">
    <p class='ocr_par' dir='ltr' id='par_1_2' title="bbox 434 338 2090 428">
     <span class='ocr_line' id='line_1_2' title="bbox 434 338 2090 428; baseline -0.009 -10"><span class='ocrx_word' id='word_1_7' title='bbox 434 338 495 419; x_wconf 82' lang='lat' dir='ltr'><strong>ei</strong></span> <span class='ocrx_word' id='word_1_8' title='bbox 512 354 884 423; x_wconf 88' lang='lat' dir='ltr'><strong>reclamabit,</strong></span> <span class='ocrx_word' id='word_1_9' title='bbox 907 350 1304 428; x_wconf 69' lang='lat' dir='ltr'><strong>praescribens</strong></span> <span class='ocrx_word' id='word_1_10' title='bbox 1324 349 1471 407; x_wconf 91' lang='lat' dir='ltr'><strong>illud</strong></span> <span class='ocrx_word' id='word_1_11' title='bbox 1504 349 1700 408; x_wconf 85' lang='lat' dir='ltr'><strong>Pauli:</strong></span> <span class='ocrx_word' id='word_1_12' title='bbox 1728 350 1907 408; x_wconf 73' lang='lat' dir='ltr'><strong>Nihil</strong></span> <span class='ocrx_word' id='word_1_13' title='bbox 1935 349 2090 405; x_wconf 81' lang='lat' dir='ltr'><strong>intu-</strong></span> 
     </span>
    </p>
   </div>
   <div class='ocr_carea' id='block_1_3' title="bbox 2199 338 3813 428">
    <p class='ocr_par' dir='ltr' id='par_1_3' title="bbox 2209 338 3813 419">
     <span class='ocr_line' id='line_1_3' title="bbox 2209 338 3813 419; baseline -0.001 -20"><span class='ocrx_word' id='word_1_14' title='bbox 2209 346 2575 419; x_wconf 73' lang='grc' dir='ltr'><strong>εἰσηνέγκαμεν</strong></span> <span class='ocrx_word' id='word_1_15' title='bbox 2639 343 2709 407; x_wconf 83' lang='grc' dir='ltr'><strong>εἰς</strong></span> <span class='ocrx_word' id='word_1_16' title='bbox 2771 344 2858 396; x_wconf 83' lang='grc' dir='ltr'>τὸν</span> <span class='ocrx_word' id='word_1_17' title='bbox 2916 345 3113 416; x_wconf 78' lang='grc' dir='ltr'><strong>κόσμον</strong></span> <span class='ocrx_word' id='word_1_18' title='bbox 3176 348 3358 395; x_wconf 89' lang='grc' dir='ltr'>τοῦτον</span> <span class='ocrx_word' id='word_1_19' title='bbox 3390 362 3404 376; x_wconf 77' lang='grc' dir='ltr'><strong><em>ο</em></strong></span> <span class='ocrx_word' id='word_1_20' title='bbox 3477 338 3657 411; x_wconf 84' lang='grc' dir='ltr'>δῆλον,</span> <span class='ocrx_word' id='word_1_21' title='bbox 3728 346 3813 397; x_wconf 83' lang='grc' dir='ltr'>ὅτι</span> 
     </span>
    </p>
   </div>
   <div class='ocr_carea' id='block_1_4' title="bbox 445 439 2096 513">
    <p class='ocr_par' dir='ltr' id='par_1_4' title="bbox 445 439 2096 513">
     <span class='ocr_line' id='line_1_4' title="bbox 445 439 2096 513; baseline -0.006 -8"><span class='ocrx_word' id='word_1_22' title='bbox 445 450 620 505; x_wconf 75' lang='lat' dir='ltr'><strong>limus</strong></span> <span class='ocrx_word' id='word_1_23' title='bbox 643 449 705 505; x_wconf 81' lang='lat' dir='ltr'><strong>in</strong></span> <span class='ocrx_word' id='word_1_24' title='bbox 738 448 901 504; x_wconf 85' lang='lat' dir='ltr'><strong><em>hunc</em></strong></span> <span class='ocrx_word' id='word_1_25' title='bbox 920 442 1253 513; x_wconf 87' lang='lat' dir='ltr'><strong>mundum;</strong></span> <span class='ocrx_word' id='word_1_26' title='bbox 1273 442 1660 512; x_wconf 79' lang='lat' dir='ltr'><strong>conspicuum</strong></span> <span class='ocrx_word' id='word_1_27' title='bbox 1689 446 1798 510; x_wconf 85' lang='lat' dir='ltr'><strong>est,</strong></span> <span class='ocrx_word' id='word_1_28' title='bbox 1818 439 1980 512; x_wconf 83' lang='lat' dir='ltr'><strong>quod</strong></span> <span class='ocrx_word' id='word_1_29' title='bbox 1996 454 2096 496; x_wconf 85' lang='lat' dir='ltr'><strong>ne-</strong></span> 
     </span>
    </p>
   </div>
   <div class='ocr_carea' id='block_1_5' title="bbox 441 530 2097 610">
    <p class='ocr_par' dir='ltr' id='par_1_5' title="bbox 441 530 2097 610">
     <span class='ocr_line' id='line_1_5' title="bbox 441 530 2097 610; baseline -0.006 -16"><span class='ocrx_word' id='word_1_30' title='bbox 441 552 555 610; x_wconf 84' lang='lat' dir='ltr'><strong>que</strong></span> <span class='ocrx_word' id='word_1_31' title='bbox 586 537 834 607; x_wconf 84' lang='lat' dir='ltr'><strong>auferre</strong></span> <span class='ocrx_word' id='word_1_32' title='bbox 859 533 1188 606; x_wconf 82' lang='lat' dir='ltr'><strong>quidquam</strong></span> <span class='ocrx_word' id='word_1_33' title='bbox 1206 547 1539 602; x_wconf 77' lang='lat' dir='ltr'><strong>possumus.</strong></span> <span class='ocrx_word' id='word_1_34' title='bbox 1570 530 1876 587; x_wconf 79' lang='lat' dir='ltr'><strong>Habentes</strong></span> <span class='ocrx_word' id='word_1_35' title='bbox 1895 534 2097 586; x_wconf 82' lang='lat' dir='ltr'><strong>autem</strong></span> 
     </span>
    </p>
   </div>
   <div class='ocr_carea' id='block_1_6' title="bbox 440 615 2102 693">
    <p class='ocr_par' dir='ltr' id='par_1_6' title="bbox 440 615 2102 693">
     <span class='ocr_line' id='line_1_6' title="bbox 440 615 2102 693; baseline -0.007 -10"><span class='ocrx_word' id='word_1_36' title='bbox 440 627 755 691; x_wconf 79' lang='lat' dir='ltr'><strong>alimenta,</strong></span> <span class='ocrx_word' id='word_1_37' title='bbox 788 629 842 680; x_wconf 80' lang='lat' dir='ltr'><strong>et</strong></span> <span class='ocrx_word' id='word_1_38' title='bbox 881 621 1098 693; x_wconf 84' lang='lat' dir='ltr'><strong>quibus</strong></span> <span class='ocrx_word' id='word_1_39' title='bbox 1138 625 1435 691; x_wconf 80' lang='lat' dir='ltr'><strong>tegamur,</strong></span> <span class='ocrx_word' id='word_1_40' title='bbox 1475 618 1648 690; x_wconf 75' lang='lat'><strong>168</strong></span> <span class='ocrx_word' id='word_1_41' title='bbox 1694 618 1787 673; x_wconf 79' lang='lat' dir='ltr'><strong>his</strong></span> <span class='ocrx_word' id='word_1_42' title='bbox 1833 615 2102 674; x_wconf 74' lang='lat' dir='ltr'><strong>contenti</strong></span> 
     </span>
    </p>
   </div>
   <div class='ocr_carea' id='block_1_7' title="bbox 441 705 2096 781">
    <p class='ocr_par' dir='ltr' id='par_1_7' title="bbox 441 705 2096 781">
     <span class='ocr_line' id='line_1_7' title="bbox 441 705 2096 781; baseline -0.007 -9"><span class='ocrx_word' id='word_1_43' title='bbox 441 717 662 773; x_wconf 80' lang='lat' dir='ltr'><strong>erimus</strong></span> <span class='ocrx_word' id='word_1_44' title='bbox 683 714 751 769; x_wconf 78' lang='grc'><strong>⁸⁸.</strong></span> <span class='ocrx_word' id='word_1_45' title='bbox 776 710 1009 768; x_wconf 79' lang='lat' dir='ltr'><strong>Etenim</strong></span> <span class='ocrx_word' id='word_1_46' title='bbox 1031 710 1079 765; x_wconf 90' lang='lat' dir='ltr'><strong>si</strong></span> <span class='ocrx_word' id='word_1_47' title='bbox 1100 710 1230 766; x_wconf 63' lang='lat' dir='ltr'><strong>hinc</strong></span> <span class='ocrx_word' id='word_1_48' title='bbox 1250 712 1543 781; x_wconf 84' lang='lat' dir='ltr'><strong>perpetuo</strong></span> <span class='ocrx_word' id='word_1_49' title='bbox 1571 705 1811 780; x_wconf 82' lang='lat' dir='ltr'><strong>corpori</strong></span> <span class='ocrx_word' id='word_1_50' title='bbox 1836 705 2096 773; x_wconf 88' lang='lat' dir='ltr'><strong>occinat,</strong></span> 
     </span>
    </p>
   </div>
   <div class='ocr_carea' id='block_1_8' title="bbox 443 795 2098 875">
    <p class='ocr_par' dir='ltr' id='par_1_8' title="bbox 443 795 2098 875">
     <span class='ocr_line' id='line_1_8' title="bbox 443 795 2098 875; baseline -0.005 -15"><span class='ocrx_word' id='word_1_51' title='bbox 443 804 871 875; x_wconf 88' lang='lat' dir='ltr'><strong>inclametque,</strong></span> <span class='ocrx_word' id='word_1_52' title='bbox 915 798 1068 857; x_wconf 91' lang='lat' dir='ltr'><strong>illud</strong></span> <span class='ocrx_word' id='word_1_53' title='bbox 1113 803 1171 855; x_wconf 90' lang='lat' dir='ltr'><strong>et</strong></span> <span class='ocrx_word' id='word_1_54' title='bbox 1217 798 1589 868; x_wconf 82' lang='lat' dir='ltr'><strong>morigerum</strong></span> <span class='ocrx_word' id='word_1_55' title='bbox 1636 800 1694 853; x_wconf 90' lang='lat' dir='ltr'><strong>et</strong></span> <span class='ocrx_word' id='word_1_56' title='bbox 1732 811 1973 869; x_wconf 87' lang='lat' dir='ltr'><strong>semper</strong></span> <span class='ocrx_word' id='word_1_57' title='bbox 2018 795 2098 852; x_wconf 87' lang='lat' dir='ltr'><strong>ad</strong></span> 
     </span>
    </p>
   </div>
   <div class='ocr_carea' id='block_1_9' title="bbox 441 884 2097 965">
    <p class='ocr_par' dir='ltr' id='par_1_9' title="bbox 441 884 2097 965">
     <span class='ocr_line' id='line_1_9' title="bbox 441 884 2097 965; baseline -0.005 -16"><span class='ocrx_word' id='word_1_58' title='bbox 441 892 880 965; x_wconf 83' lang='lat' dir='ltr'><strong>profectionem</strong></span> <span class='ocrx_word' id='word_1_59' title='bbox 906 888 1210 946; x_wconf 66' lang='lat' dir='ltr'><strong>caelestem</strong></span> <span class='ocrx_word' id='word_1_60' title='bbox 1240 886 1590 960; x_wconf 87' lang='lat' dir='ltr'><strong>expeditum</strong></span> <span class='ocrx_word' id='word_1_61' title='bbox 1615 884 1847 951; x_wconf 85' lang='lat' dir='ltr'><strong>reddet,</strong></span> <span class='ocrx_word' id='word_1_62' title='bbox 1869 884 2097 957; x_wconf 85' lang='lat' dir='ltr'><strong>eritque</strong></span> 
     </span>
    </p>
   </div>
   <div class='ocr_carea' id='block_1_10' title="bbox 442 973 2098 1051">
    <p class='ocr_par' dir='ltr' id='par_1_10' title="bbox 442 973 2098 1051">
     <span class='ocr_line' id='line_1_10' title="bbox 442 973 2098 1051; baseline -0.005 -12"><span class='ocrx_word' id='word_1_63' title='bbox 442 981 666 1039; x_wconf 82' lang='lat' dir='ltr'><strong>auxilio</strong></span> <span class='ocrx_word' id='word_1_64' title='bbox 687 978 901 1051; x_wconf 87' lang='lat' dir='ltr'><strong>majori</strong></span> <span class='ocrx_word' id='word_1_65' title='bbox 935 977 1013 1035; x_wconf 89' lang='lat' dir='ltr'><strong>ad</strong></span> <span class='ocrx_word' id='word_1_66' title='bbox 1039 994 1111 1033; x_wconf 90' lang='lat' dir='ltr'><strong>ea</strong></span> <span class='ocrx_word' id='word_1_67' title='bbox 1129 993 1267 1050; x_wconf 72' lang='lat' dir='ltr'><strong>quas</strong></span> <span class='ocrx_word' id='word_1_68' title='bbox 1302 977 1619 1050; x_wconf 90' lang='lat' dir='ltr'><strong>proposita</strong></span> <span class='ocrx_word' id='word_1_69' title='bbox 1645 979 1785 1032; x_wconf 90' lang='lat' dir='ltr'><strong>sunt</strong></span> <span class='ocrx_word' id='word_1_70' title='bbox 1810 973 2098 1031; x_wconf 89' lang='lat' dir='ltr'><strong>obeunda</strong></span> 
     </span>
    </p>
   </div>
   <div class='ocr_carea' id='block_1_11' title="bbox 440 1065 2097 1138">
    <p class='ocr_par' dir='ltr' id='par_1_11' title="bbox 440 1065 2097 1138">
     <span class='ocr_line' id='line_1_11' title="bbox 440 1065 2097 1138; baseline -0.004 -12"><span class='ocrx_word' id='word_1_71' title='bbox 440 1070 652 1126; x_wconf 88' lang='lat' dir='ltr'><strong>munia</strong></span> <span class='ocrx_word' id='word_1_72' title='bbox 675 1085 689 1124; x_wconf 90' lang='lat'><strong>:</strong></span> <span class='ocrx_word' id='word_1_73' title='bbox 718 1068 810 1124; x_wconf 90' lang='lat' dir='ltr'><strong>sin</strong></span> <span class='ocrx_word' id='word_1_74' title='bbox 832 1072 1033 1124; x_wconf 86' lang='lat' dir='ltr'><strong>autem</strong></span> <span class='ocrx_word' id='word_1_75' title='bbox 1052 1065 1320 1122; x_wconf 89' lang='lat' dir='ltr'><strong>insolens</strong></span> <span class='ocrx_word' id='word_1_76' title='bbox 1340 1082 1413 1121; x_wconf 89' lang='lat' dir='ltr'><strong>ac</strong></span> <span class='ocrx_word' id='word_1_77' title='bbox 1434 1070 1785 1138; x_wconf 84' lang='lat' dir='ltr'><strong>protervum</strong></span> <span class='ocrx_word' id='word_1_78' title='bbox 1810 1078 1941 1120; x_wconf 90' lang='lat' dir='ltr'><strong>esse</strong></span> <span class='ocrx_word' id='word_1_79' title='bbox 1965 1079 2097 1135; x_wconf 88' lang='lat' dir='ltr'><strong>per-</strong></span> 
     </span>
    </p>
   </div>
   <div class='ocr_carea' id='block_1_12' title="bbox 442 1153 2103 1230">
    <p class='ocr_par' dir='ltr' id='par_1_12' title="bbox 442 1153 2103 1230">
     <span class='ocr_line' id='line_1_12' title="bbox 442 1153 2103 1230; baseline -0.005 -12"><span class='ocrx_word' id='word_1_80' title='bbox 442 1160 691 1228; x_wconf 82' lang='lat' dir='ltr'><strong>miserit,</strong></span> <span class='ocrx_word' id='word_1_81' title='bbox 714 1163 772 1215; x_wconf 88' lang='lat' dir='ltr'><strong>et</strong></span> <span class='ocrx_word' id='word_1_82' title='bbox 792 1156 1108 1230; x_wconf 86' lang='lat' dir='ltr'><strong>quibusvis</strong></span> <span class='ocrx_word' id='word_1_83' title='bbox 1137 1154 1404 1227; x_wconf 83' lang='lat' dir='ltr'><strong>quotidie</strong></span> <span class='ocrx_word' id='word_1_84' title='bbox 1433 1160 1729 1227; x_wconf 87' lang='lat' dir='ltr'><strong>tanquam</strong></span> <span class='ocrx_word' id='word_1_85' title='bbox 1759 1153 2103 1217; x_wconf 53' lang='lat' dir='ltr'><strong>immanem,</strong></span> 
     </span>
    </p>
   </div>
   <div class='ocr_carea' id='block_1_13' title="bbox 438 1242 2098 1322">
    <p class='ocr_par' dir='ltr' id='par_1_13' title="bbox 438 1242 2098 1322">
     <span class='ocr_line' id='line_1_13' title="bbox 438 1242 2098 1322; baseline -0.005 -16"><span class='ocrx_word' id='word_1_86' title='bbox 438 1247 664 1322; x_wconf 85' lang='lat' dir='ltr'><strong>quamd</strong></span> <span class='ocrx_word' id='word_1_87' title='bbox 676 1263 776 1303; x_wconf 91' lang='lat' dir='ltr'><strong>am</strong></span> <span class='ocrx_word' id='word_1_88' title='bbox 794 1244 1045 1300; x_wconf 88' lang='lat' dir='ltr'><strong>bestiam</strong></span> <span class='ocrx_word' id='word_1_89' title='bbox 1063 1242 1314 1315; x_wconf 89' lang='lat' dir='ltr'><strong>oppleri,</strong></span> <span class='ocrx_word' id='word_1_90' title='bbox 1330 1248 1460 1299; x_wconf 89' lang='lat' dir='ltr'><strong>tum</strong></span> <span class='ocrx_word' id='word_1_91' title='bbox 1476 1242 1725 1299; x_wconf 90' lang='lat' dir='ltr'><strong>demum</strong></span> <span class='ocrx_word' id='word_1_92' title='bbox 1743 1242 1932 1315; x_wconf 80' lang='lat' dir='ltr'><strong>ipsius</strong></span> <span class='ocrx_word' id='word_1_93' title='bbox 1947 1257 2098 1314; x_wconf 88' lang='lat' dir='ltr'><strong>pon-</strong></span> 
     </span>
    </p>
   </div>
   <div class='ocr_carea' id='block_1_14' title="bbox 438 1329 2097 1402">
    <p class='ocr_par' dir='ltr' id='par_1_14' title="bbox 438 1329 2097 1402">
     <span class='ocr_line' id='line_1_14' title="bbox 438 1329 2097 1402; baseline -0.004 -9"><span class='ocrx_word' id='word_1_94' title='bbox 438 1337 579 1393; x_wconf 86' lang='lat' dir='ltr'><strong>dere</strong></span> <span class='ocrx_word' id='word_1_95' title='bbox 601 1335 679 1393; x_wconf 89' lang='lat' dir='ltr'><strong>ad</strong></span> <span class='ocrx_word' id='word_1_96' title='bbox 700 1340 921 1390; x_wconf 90' lang='lat' dir='ltr'><strong>terram</strong></span> <span class='ocrx_word' id='word_1_97' title='bbox 942 1331 1232 1388; x_wconf 83' lang='lat' dir='ltr'><strong>violenter</strong></span> <span class='ocrx_word' id='word_1_98' title='bbox 1245 1336 1527 1402; x_wconf 82' lang='lat' dir='ltr'><strong>vergente</strong></span> <span class='ocrx_word' id='word_1_99' title='bbox 1549 1329 2097 1402; x_wconf 84' lang='lat' dir='ltr'><strong>attractus.jacebit</strong></span> 
     </span>
    </p>
   </div>
   <div class='ocr_carea' id='block_1_15' title="bbox 436 1418 2096 1491">
    <p class='ocr_par' dir='ltr' id='par_1_15' title="bbox 436 1418 2096 1491">
     <span class='ocr_line' id='line_1_15' title="bbox 436 1418 2096 1491; baseline -0.004 -10"><span class='ocrx_word' id='word_1_100' title='bbox 436 1423 694 1481; x_wconf 86' lang='lat' dir='ltr'><strong>inaniter</strong></span> <span class='ocrx_word' id='word_1_101' title='bbox 723 1420 1146 1491; x_wconf 85' lang='lat' dir='ltr'><strong>ingemiscens.</strong></span> <span class='ocrx_word' id='word_1_102' title='bbox 1176 1418 1328 1485; x_wconf 87' lang='lat' dir='ltr'><strong>Quin</strong></span> <span class='ocrx_word' id='word_1_103' title='bbox 1358 1424 1415 1476; x_wconf 90' lang='lat' dir='ltr'><strong>et</strong></span> <span class='ocrx_word' id='word_1_104' title='bbox 1443 1419 1529 1475; x_wconf 87' lang='lat' dir='ltr'><strong>ad</strong></span> <span class='ocrx_word' id='word_1_105' title='bbox 1554 1420 1876 1477; x_wconf 86' lang='lat' dir='ltr'><strong>Dominum</strong></span> <span class='ocrx_word' id='word_1_106' title='bbox 1906 1418 2096 1475; x_wconf 90' lang='lat' dir='ltr'><strong>addu-</strong></span> 
     </span>
    </p>
   </div>
   <div class='ocr_carea' id='block_1_16' title="bbox 438 1507 2094 1578">
    <p class='ocr_par' dir='ltr' id='par_1_16' title="bbox 438 1507 2094 1578">
     <span class='ocr_line' id='line_1_16' title="bbox 438 1507 2094 1578; baseline -0.003 -9"><span class='ocrx_word' id='word_1_107' title='bbox 438 1518 586 1578; x_wconf 90' lang='lat' dir='ltr'><strong>ctus,</strong></span> <span class='ocrx_word' id='word_1_108' title='bbox 605 1515 662 1567; x_wconf 88' lang='lat' dir='ltr'><strong>et</strong></span> <span class='ocrx_word' id='word_1_109' title='bbox 683 1508 897 1567; x_wconf 89' lang='lat' dir='ltr'><strong>terreni</strong></span> <span class='ocrx_word' id='word_1_110' title='bbox 926 1509 1086 1565; x_wconf 90' lang='lat' dir='ltr'><strong>illius</strong></span> <span class='ocrx_word' id='word_1_111' title='bbox 1106 1507 1338 1564; x_wconf 87' lang='lat' dir='ltr'><strong>itineris</strong></span> <span class='ocrx_word' id='word_1_112' title='bbox 1359 1508 1474 1564; x_wconf 90' lang='lat' dir='ltr'><strong>sibi</strong></span> <span class='ocrx_word' id='word_1_113' title='bbox 1493 1507 1810 1565; x_wconf 86' lang='lat' dir='ltr'><strong>commissi</strong></span> <span class='ocrx_word' id='word_1_114' title='bbox 1828 1507 2094 1564; x_wconf 83' lang='lat' dir='ltr'><strong>fructum</strong></span> 
     </span>
    </p>
   </div>
   <div class='ocr_carea' id='block_1_17' title="bbox 434 1595 2097 1671">
    <p class='ocr_par' dir='ltr' id='par_1_17' title="bbox 434 1595 2097 1671">
     <span class='ocr_line' id='line_1_17' title="bbox 434 1595 2097 1671; baseline -0.003 -14"><span class='ocrx_word' id='word_1_115' title='bbox 434 1605 707 1671; x_wconf 82' lang='lat' dir='ltr'><strong>rogatus,</strong></span> <span class='ocrx_word' id='word_1_116' title='bbox 728 1615 839 1656; x_wconf 94' lang='lat' dir='ltr'><strong>nec</strong></span> <span class='ocrx_word' id='word_1_117' title='bbox 865 1597 1118 1655; x_wconf 89' lang='lat' dir='ltr'><strong>reddere</strong></span> <span class='ocrx_word' id='word_1_118' title='bbox 1137 1597 1365 1668; x_wconf 88' lang='lat' dir='ltr'><strong>valens,</strong></span> <span class='ocrx_word' id='word_1_119' title='bbox 1388 1596 1721 1670; x_wconf 89' lang='lat' dir='ltr'><strong>plurimum</strong></span> <span class='ocrx_word' id='word_1_120' title='bbox 1739 1595 2097 1654; x_wconf 87' lang='lat' dir='ltr'><strong>lamentabi-</strong></span> 
     </span>
    </p>
   </div>
   <div class='ocr_carea' id='block_1_18' title="bbox 438 1685 2090 1760">
    <p class='ocr_par' dir='ltr' id='par_1_18' title="bbox 438 1685 2090 1760">
     <span class='ocr_line' id='line_1_18' title="bbox 438 1685 2090 1760; baseline -0.002 -14"><span class='ocrx_word' id='word_1_121' title='bbox 438 1695 552 1757; x_wconf 91' lang='lat' dir='ltr'><strong>tur,</strong></span> <span class='ocrx_word' id='word_1_122' title='bbox 585 1689 806 1746; x_wconf 88' lang='lat' dir='ltr'><strong>etenim</strong></span> <span class='ocrx_word' id='word_1_123' title='bbox 836 1686 1141 1760; x_wconf 86' lang='lat' dir='ltr'><strong>perpetuis</strong></span> <span class='ocrx_word' id='word_1_124' title='bbox 1178 1686 1444 1744; x_wconf 84' lang='lat' dir='ltr'><strong>tenebris</strong></span> <span class='ocrx_word' id='word_1_125' title='bbox 1474 1686 1793 1755; x_wconf 89' lang='lat' dir='ltr'><strong>habitabit,</strong></span> <span class='ocrx_word' id='word_1_126' title='bbox 1821 1685 2090 1754; x_wconf 78' lang='lat' dir='ltr'><strong>delicias,</strong></span> 
     </span>
    </p>
   </div>
   <div class='ocr_carea' id='block_1_19' title="bbox 435 1776 2091 1852">
    <p class='ocr_par' dir='ltr' id='par_1_19' title="bbox 435 1776 2091 1852">
     <span class='ocr_line' id='line_1_19' title="bbox 435 1776 2091 1852; baseline -0.002 -16"><span class='ocrx_word' id='word_1_127' title='bbox 435 1795 769 1852; x_wconf 90' lang='lat' dir='ltr'><strong>eorumque</strong></span> <span class='ocrx_word' id='word_1_128' title='bbox 798 1777 1101 1836; x_wconf 83' lang='lat' dir='ltr'><strong>fallaciam</strong></span> <span class='ocrx_word' id='word_1_129' title='bbox 1128 1793 1255 1835; x_wconf 91' lang='lat' dir='ltr'><strong>non</strong></span> <span class='ocrx_word' id='word_1_130' title='bbox 1280 1793 1500 1851; x_wconf 87' lang='lat' dir='ltr'><strong>parum</strong></span> <span class='ocrx_word' id='word_1_131' title='bbox 1531 1777 1843 1847; x_wconf 88' lang='lat' dir='ltr'><strong>incusans,</strong></span> <span class='ocrx_word' id='word_1_132' title='bbox 1864 1776 2091 1849; x_wconf 88' lang='lat' dir='ltr'><strong>quibus</strong></span> 
     </span>
    </p>
   </div>
   <div class='ocr_carea' id='block_1_20' title="bbox 436 1865 2094 1941">
    <p class='ocr_par' dir='ltr' id='par_1_20' title="bbox 436 1865 2094 1941">
     <span class='ocr_line' id='line_1_20' title="bbox 436 1865 2094 1941; baseline -0.002 -15"><span class='ocrx_word' id='word_1_133' title='bbox 436 1868 646 1925; x_wconf 86' lang='lat' dir='ltr'><strong>salutis</strong></span> <span class='ocrx_word' id='word_1_134' title='bbox 674 1873 912 1941; x_wconf 89' lang='lat' dir='ltr'><strong>tempus</strong></span> <span class='ocrx_word' id='word_1_135' title='bbox 942 1866 1057 1924; x_wconf 88' lang='lat' dir='ltr'><strong>sibi</strong></span> <span class='ocrx_word' id='word_1_136' title='bbox 1089 1866 1449 1940; x_wconf 88' lang='lat' dir='ltr'><strong>ademptum</strong></span> <span class='ocrx_word' id='word_1_137' title='bbox 1474 1871 1582 1923; x_wconf 88' lang='lat' dir='ltr'><strong>est.</strong></span> <span class='ocrx_word' id='word_1_138' title='bbox 1614 1865 1730 1923; x_wconf 92' lang='lat' dir='ltr'><strong>Sed</strong></span> <span class='ocrx_word' id='word_1_139' title='bbox 1752 1865 1904 1923; x_wconf 90' lang='lat' dir='ltr'><strong>nihil</strong></span> <span class='ocrx_word' id='word_1_140' title='bbox 1949 1870 2094 1923; x_wconf 90' lang='lat' dir='ltr'><strong>tunc</strong></span> 
     </span>
    </p>
   </div>
   <div class='ocr_carea' id='block_1_21' title="bbox 436 1954 2093 2029">
    <p class='ocr_par' dir='ltr' id='par_1_21' title="bbox 436 1954 2093 2029">
     <span class='ocr_line' id='line_1_21' title="bbox 436 1954 2093 2029; baseline -0.002 -15"><span class='ocrx_word' id='word_1_141' title='bbox 436 1957 708 2015; x_wconf 84' lang='lat' dir='ltr'><strong>utilitatis</strong></span> <span class='ocrx_word' id='word_1_142' title='bbox 734 1956 1126 2029; x_wconf 73' lang='lat' dir='ltr'><strong>exlacrymis</strong></span> <span class='ocrx_word' id='word_1_143' title='bbox 1156 1954 1370 2029; x_wconf 88' lang='lat' dir='ltr'><strong>capiet.</strong></span> <span class='ocrx_word' id='word_1_144' title='bbox 1404 1956 1477 2011; x_wconf 83' lang='lat' dir='ltr'><em>In</em></span> <span class='ocrx_word' id='word_1_145' title='bbox 1504 1956 1746 2027; x_wconf 80' lang='lat' dir='ltr'><strong>inferno</strong></span> <span class='ocrx_word' id='word_1_146' title='bbox 1774 1954 1937 2011; x_wconf 90' lang='lat' dir='ltr'><strong>enim</strong></span> <span class='ocrx_word' id='word_1_147' title='bbox 1957 1955 2093 2028; x_wconf 81' lang='lat' dir='ltr'><strong>quis</strong></span> 
     </span>
    </p>
   </div>
   <div class='ocr_carea' id='block_1_22' title="bbox 436 2044 1621 2118">
    <p class='ocr_par' dir='ltr' id='par_1_22' title="bbox 436 2044 1621 2118">
     <span class='ocr_line' id='line_1_22' title="bbox 436 2044 1621 2118; baseline -0.001 -16"><span class='ocrx_word' id='word_1_148' title='bbox 436 2046 546 2104; x_wconf 78' lang='lat' dir='ltr'><strong>tibi</strong></span> <span class='ocrx_word' id='word_1_149' title='bbox 571 2047 955 2116; x_wconf 79' lang='lat' dir='ltr'><strong>conﬁtebitur</strong></span> <span class='ocrx_word' id='word_1_150' title='bbox 978 2050 1003 2100; x_wconf 73' lang='lat'><strong>.9</strong></span> <span class='ocrx_word' id='word_1_151' title='bbox 1026 2046 1220 2118; x_wconf 87' lang='lat' dir='ltr'><strong>inquit</strong></span> <span class='ocrx_word' id='word_1_152' title='bbox 1250 2044 1441 2102; x_wconf 90' lang='lat' dir='ltr'><strong>David</strong></span> <span class='ocrx_word' id='word_1_153' title='bbox 1461 2046 1531 2102; x_wconf 72' lang='grc' dir='ltr'><strong>δ’.</strong></span> <span class='ocrx_word' id='word_1_154' title='bbox 1618 2080 1621 2085; x_wconf 93' lang='grc'><strong>-</strong></span> 
     </span>
    </p>
   </div>
   <div class='ocr_carea' id='block_1_23' title="bbox 439 2132 2091 2208">
    <p class='ocr_par' dir='ltr' id='par_1_23' title="bbox 439 2132 2091 2208">
     <span class='ocr_line' id='line_1_23' title="bbox 439 2132 2091 2208; baseline -0.002 -15"><span class='ocrx_word' id='word_1_155' title='bbox 439 2200 447 2208; x_wconf 52' lang='grc'><strong>,</strong></span> <span class='ocrx_word' id='word_1_156' title='bbox 503 2142 557 2192; x_wconf 88' lang='grc'><strong>7.</strong></span> <span class='ocrx_word' id='word_1_157' title='bbox 600 2139 937 2193; x_wconf 82' lang='lat' dir='ltr'><strong>Caveamus</strong></span> <span class='ocrx_word' id='word_1_158' title='bbox 960 2134 1142 2204; x_wconf 83' lang='lat' dir='ltr'><strong>igitur</strong></span> <span class='ocrx_word' id='word_1_159' title='bbox 1160 2150 1350 2205; x_wconf 88' lang='lat' dir='ltr'><strong>quam</strong></span> <span class='ocrx_word' id='word_1_160' title='bbox 1370 2132 1678 2190; x_wconf 87' lang='lat' dir='ltr'><strong>celerrime</strong></span> <span class='ocrx_word' id='word_1_161' title='bbox 1703 2133 1833 2190; x_wconf 89' lang='lat' dir='ltr'><strong>ﬁeri</strong></span> <span class='ocrx_word' id='word_1_162' title='bbox 1850 2133 2091 2207; x_wconf 90' lang='lat' dir='ltr'><strong>poterit,</strong></span> 
     </span>
    </p>
   </div>
   <div class='ocr_carea' id='block_1_24' title="bbox 433 2222 2093 2296">
    <p class='ocr_par' dir='ltr' id='par_1_24' title="bbox 433 2222 2093 2296">
     <span class='ocr_line' id='line_1_24' title="bbox 433 2222 2093 2296; baseline -0.001 -15"><span class='ocrx_word' id='word_1_163' title='bbox 433 2240 510 2282; x_wconf 90' lang='lat' dir='ltr'><strong>ne</strong></span> <span class='ocrx_word' id='word_1_164' title='bbox 537 2241 652 2281; x_wconf 86' lang='lat' dir='ltr'><strong>nos</strong></span> <span class='ocrx_word' id='word_1_165' title='bbox 683 2224 801 2296; x_wconf 87' lang='lat' dir='ltr'><strong>ipsi</strong></span> <span class='ocrx_word' id='word_1_166' title='bbox 829 2228 1044 2296; x_wconf 88' lang='lat' dir='ltr'><strong>sponte</strong></span> <span class='ocrx_word' id='word_1_167' title='bbox 1069 2222 1458 2279; x_wconf 82' lang='lat' dir='ltr'><strong>suifocemus.</strong></span> <span class='ocrx_word' id='word_1_168' title='bbox 1494 2222 1666 2288; x_wconf 89' lang='lat' dir='ltr'><strong>Quod</strong></span> <span class='ocrx_word' id='word_1_169' title='bbox 1698 2223 1752 2278; x_wconf 90' lang='lat' dir='ltr'><strong>si</strong></span> <span class='ocrx_word' id='word_1_170' title='bbox 1784 2222 2093 2296; x_wconf 88' lang='lat' dir='ltr'><strong>quispiam</strong></span> 
     </span>
    </p>
   </div>
   <div class='ocr_carea' id='block_1_25' title="bbox 428 2311 2093 2385">
    <p class='ocr_par' dir='ltr' id='par_1_25' title="bbox 428 2311 2093 2385">
     <span class='ocr_line' id='line_1_25' title="bbox 428 2311 2093 2385; baseline -0.002 -15"><span class='ocrx_word' id='word_1_171' title='bbox 428 2312 561 2385; x_wconf 85' lang='lat' dir='ltr'><strong>jam</strong></span> <span class='ocrx_word' id='word_1_172' title='bbox 590 2313 737 2370; x_wconf 89' lang='lat' dir='ltr'><strong>olim</strong></span> <span class='ocrx_word' id='word_1_173' title='bbox 763 2313 1086 2381; x_wconf 87' lang='lat' dir='ltr'><strong>inescatus,</strong></span> <span class='ocrx_word' id='word_1_174' title='bbox 1122 2316 1225 2368; x_wconf 90' lang='lat' dir='ltr'><strong>aut</strong></span> <span class='ocrx_word' id='word_1_175' title='bbox 1253 2311 1599 2368; x_wconf 89' lang='lat' dir='ltr'><strong>divitiarum</strong></span> <span class='ocrx_word' id='word_1_176' title='bbox 1629 2311 1941 2384; x_wconf 90' lang='lat' dir='ltr'><strong>pulverem</strong></span> <span class='ocrx_word' id='word_1_177' title='bbox 1982 2311 2093 2368; x_wconf 90' lang='lat' dir='ltr'><strong>ini-</strong></span> 
     </span>
    </p>
   </div>
   <div class='ocr_carea' id='block_1_26' title="bbox 434 2399 2092 2476">
    <p class='ocr_par' dir='ltr' id='par_1_26' title="bbox 434 2399 2092 2476">
     <span class='ocr_line' id='line_1_26' title="bbox 434 2399 2092 2476; baseline -0.001 -17"><span class='ocrx_word' id='word_1_178' title='bbox 434 2418 554 2476; x_wconf 86' lang='lat' dir='ltr'><strong>que</strong></span> <span class='ocrx_word' id='word_1_179' title='bbox 584 2401 751 2475; x_wconf 88' lang='lat' dir='ltr'><strong>apud</strong></span> <span class='ocrx_word' id='word_1_180' title='bbox 779 2418 843 2458; x_wconf 91' lang='lat' dir='ltr'><strong>se</strong></span> <span class='ocrx_word' id='word_1_181' title='bbox 873 2399 1272 2466; x_wconf 88' lang='lat' dir='ltr'><strong>coacervavit,</strong></span> <span class='ocrx_word' id='word_1_182' title='bbox 1304 2415 1637 2472; x_wconf 83' lang='lat' dir='ltr'><strong>earumque</strong></span> <span class='ocrx_word' id='word_1_183' title='bbox 1658 2400 1817 2456; x_wconf 78' lang='lat' dir='ltr'><strong>curis</strong></span> <span class='ocrx_word' id='word_1_184' title='bbox 1838 2399 2092 2471; x_wconf 84' lang='lat' dir='ltr'><strong>illigavit</strong></span> 
     </span>
    </p>
   </div>
   <div class='ocr_carea' id='block_1_27' title="bbox 434 2488 2089 2563">
    <p class='ocr_par' dir='ltr' id='par_1_27' title="bbox 434 2488 2089 2563">
     <span class='ocr_line' id='line_1_27' title="bbox 434 2488 2089 2563; baseline -0.002 -14"><span class='ocrx_word' id='word_1_185' title='bbox 434 2492 732 2562; x_wconf 87' lang='lat' dir='ltr'><strong>animum,</strong></span> <span class='ocrx_word' id='word_1_186' title='bbox 762 2496 867 2549; x_wconf 89' lang='lat' dir='ltr'><strong>aut</strong></span> <span class='ocrx_word' id='word_1_187' title='bbox 895 2489 1160 2547; x_wconf 70' lang='lat' dir='ltr'><strong>lascivias</strong></span> <span class='ocrx_word' id='word_1_188' title='bbox 1186 2488 1383 2546; x_wconf 89' lang='lat' dir='ltr'><strong>scelus</strong></span> <span class='ocrx_word' id='word_1_189' title='bbox 1410 2490 1577 2561; x_wconf 91' lang='lat' dir='ltr'><strong>quod</strong></span> <span class='ocrx_word' id='word_1_190' title='bbox 1601 2489 1697 2546; x_wconf 81' lang='lat' dir='ltr'><strong>vix</strong></span> <span class='ocrx_word' id='word_1_191' title='bbox 1723 2488 1841 2546; x_wconf 88' lang='lat' dir='ltr'><strong>elui</strong></span> <span class='ocrx_word' id='word_1_192' title='bbox 1870 2494 2089 2563; x_wconf 87' lang='lat' dir='ltr'><strong>potest,</strong></span> 
     </span>
    </p>
   </div>
   <div class='ocr_carea' id='block_1_28' title="bbox 433 2578 2091 2653">
    <p class='ocr_par' dir='ltr' id='par_1_28' title="bbox 433 2578 2091 2653">
     <span class='ocr_line' id='line_1_28' title="bbox 433 2578 2091 2653; baseline -0.001 -15"><span class='ocrx_word' id='word_1_193' title='bbox 433 2586 665 2638; x_wconf 68' lang='lat' dir='ltr'><strong>natura:</strong></span> <span class='ocrx_word' id='word_1_194' title='bbox 696 2580 998 2653; x_wconf 81' lang='lat' dir='ltr'><strong>adjunxit,</strong></span> <span class='ocrx_word' id='word_1_195' title='bbox 1020 2584 1125 2637; x_wconf 88' lang='lat' dir='ltr'><strong>aut</strong></span> <span class='ocrx_word' id='word_1_196' title='bbox 1154 2578 1506 2636; x_wconf 89' lang='lat' dir='ltr'><strong>criminibus</strong></span> <span class='ocrx_word' id='word_1_197' title='bbox 1535 2578 1667 2635; x_wconf 88' lang='lat' dir='ltr'><strong>aliis</strong></span> <span class='ocrx_word' id='word_1_198' title='bbox 1705 2584 1895 2637; x_wconf 86' lang='lat' dir='ltr'><strong>semet</strong></span> <span class='ocrx_word' id='word_1_199' title='bbox 1921 2595 2091 2637; x_wconf 79' lang='lat' dir='ltr'><strong>exsa-</strong></span> 
     </span>
    </p>
   </div>
   <div class='ocr_carea' id='block_1_29' title="bbox 434 2667 2089 2743">
    <p class='ocr_par' dir='ltr' id='par_1_29' title="bbox 434 2667 2089 2743">
     <span class='ocr_line' id='line_1_29' title="bbox 434 2667 2089 2743; baseline -0.001 -17"><span class='ocrx_word' id='word_1_200' title='bbox 434 2668 637 2727; x_wconf 88' lang='lat' dir='ltr'><strong>tiavit:</strong></span> <span class='ocrx_word' id='word_1_201' title='bbox 670 2670 743 2743; x_wconf 88' lang='lat' dir='ltr'><strong>is,</strong></span> <span class='ocrx_word' id='word_1_202' title='bbox 779 2669 928 2725; x_wconf 89' lang='lat' dir='ltr'><strong>dum</strong></span> <span class='ocrx_word' id='word_1_203' title='bbox 967 2668 1170 2725; x_wconf 88' lang='lat' dir='ltr'><strong>adhuc</strong></span> <span class='ocrx_word' id='word_1_204' title='bbox 1205 2673 1444 2740; x_wconf 88' lang='lat' dir='ltr'><strong>tempus</strong></span> <span class='ocrx_word' id='word_1_205' title='bbox 1481 2672 1592 2737; x_wconf 90' lang='lat' dir='ltr'><strong>est,</strong></span> <span class='ocrx_word' id='word_1_206' title='bbox 1634 2672 1965 2742; x_wconf 85' lang='lat' dir='ltr'><strong>antequam</strong></span> <span class='ocrx_word' id='word_1_207' title='bbox 2008 2667 2089 2725; x_wconf 90' lang='lat' dir='ltr'><strong>ad</strong></span> 
     </span>
    </p>
   </div>
   <div class='ocr_carea' id='block_1_30' title="bbox 432 2756 2088 2832">
    <p class='ocr_par' dir='ltr' id='par_1_30' title="bbox 432 2756 2088 2832">
     <span class='ocr_line' id='line_1_30' title="bbox 432 2756 2088 2832; baseline 0.001 -19"><span class='ocrx_word' id='word_1_208' title='bbox 432 2757 733 2828; x_wconf 87' lang='lat' dir='ltr'><strong>integrum</strong></span> <span class='ocrx_word' id='word_1_209' title='bbox 794 2757 1041 2814; x_wconf 81' lang='lat' dir='ltr'><strong>exitium</strong></span> <span class='ocrx_word' id='word_1_210' title='bbox 1092 2756 1435 2829; x_wconf 89' lang='lat' dir='ltr'><strong>perveniat,</strong></span> <span class='ocrx_word' id='word_1_211' title='bbox 1478 2756 1743 2830; x_wconf 88' lang='lat' dir='ltr'><strong>deponat</strong></span> <span class='ocrx_word' id='word_1_212' title='bbox 1791 2759 2088 2832; x_wconf 89' lang='lat' dir='ltr'><strong>majorem</strong></span> 
     </span>
    </p>
   </div>
   <div class='ocr_carea' id='block_1_31' title="bbox 434 2845 2091 2919">
    <p class='ocr_par' dir='ltr' id='par_1_31' title="bbox 434 2845 2091 2919">
     <span class='ocr_line' id='line_1_31' title="bbox 434 2845 2091 2919; baseline 0.001 -17"><span class='ocrx_word' id='word_1_213' title='bbox 434 2845 810 2902; x_wconf 87' lang='lat' dir='ltr'><strong>sarcinarum</strong></span> <span class='ocrx_word' id='word_1_214' title='bbox 847 2852 1105 2919; x_wconf 90' lang='lat' dir='ltr'><strong>partem,</strong></span> <span class='ocrx_word' id='word_1_215' title='bbox 1138 2850 1197 2902; x_wconf 89' lang='lat' dir='ltr'><strong>et</strong></span> <span class='ocrx_word' id='word_1_216' title='bbox 1225 2845 1585 2919; x_wconf 88' lang='lat' dir='ltr'><strong>priusquam</strong></span> <span class='ocrx_word' id='word_1_217' title='bbox 1610 2846 1785 2903; x_wconf 89' lang='lat' dir='ltr'><strong>navis</strong></span> <span class='ocrx_word' id='word_1_218' title='bbox 1808 2846 2091 2905; x_wconf 83' lang='lat' dir='ltr'><strong>submer-</strong></span> 
     </span>
    </p>
   </div>
   <div class='ocr_carea' id='block_1_32' title="bbox 434 2934 2091 3009">
    <p class='ocr_par' dir='ltr' id='par_1_32' title="bbox 434 2934 2091 3009">
     <span class='ocr_line' id='line_1_32' title="bbox 434 2934 2091 3009; baseline 0.002 -19"><span class='ocrx_word' id='word_1_219' title='bbox 434 2939 630 3007; x_wconf 90' lang='lat' dir='ltr'><strong>gatur,</strong></span> <span class='ocrx_word' id='word_1_220' title='bbox 645 2934 938 2991; x_wconf 88' lang='lat' dir='ltr'><strong>mercium</strong></span> <span class='ocrx_word' id='word_1_221' title='bbox 958 2935 1241 2991; x_wconf 89' lang='lat' dir='ltr'><strong>indecore</strong></span> <span class='ocrx_word' id='word_1_222' title='bbox 1261 2940 1689 3006; x_wconf 84' lang='lat' dir='ltr'><strong>congestarum</strong></span> <span class='ocrx_word' id='word_1_223' title='bbox 1706 2935 1888 2993; x_wconf 82' lang='lat' dir='ltr'><strong>faciat</strong></span> <span class='ocrx_word' id='word_1_224' title='bbox 1899 2934 2091 3009; x_wconf 90' lang='lat' dir='ltr'><strong>jactu-</strong></span> 
     </span>
    </p>
   </div>
   <div class='ocr_carea' id='block_1_33' title="bbox 2207 428 3814 507">
    <p class='ocr_par' dir='ltr' id='par_1_33' title="bbox 2207 428 3814 507">
     <span class='ocr_line' id='line_1_33' title="bbox 2207 428 3814 507; baseline -0.002 -18"><span class='ocrx_word' id='word_1_225' title='bbox 2207 432 2333 489; x_wconf 71' lang='grc' dir='ltr'>ούὸε</span> <span class='ocrx_word' id='word_1_226' title='bbox 2371 433 2645 507; x_wconf 72' lang='grc' dir='ltr'><strong>ἐξενεγκεῖν</strong></span> <span class='ocrx_word' id='word_1_227' title='bbox 2682 453 2736 486; x_wconf 87' lang='grc' dir='ltr'><strong>τι</strong></span> <span class='ocrx_word' id='word_1_228' title='bbox 2767 429 3089 505; x_wconf 79' lang='grc' dir='ltr'>δύνφάμεθα.</span> <span class='ocrx_word' id='word_1_229' title='bbox 3118 432 3367 504; x_wconf 80' lang='grc' dir='ltr'>Ἔχοντες</span> <span class='ocrx_word' id='word_1_230' title='bbox 3413 428 3474 485; x_wconf 67' lang='lat' dir='ltr'><strong>ei&quot;:</strong></span> <span class='ocrx_word' id='word_1_231' title='bbox 3521 429 3814 506; x_wconf 80' lang='grc' dir='ltr'>διατροφὰς</span> 
     </span>
    </p>
   </div>
   <div class='ocr_carea' id='block_1_34' title="bbox 2206 519 3815 596">
    <p class='ocr_par' dir='ltr' id='par_1_34' title="bbox 2206 519 3815 596">
     <span class='ocr_line' id='line_1_34' title="bbox 2206 519 3815 596; baseline -0.001 -19"><span class='ocrx_word' id='word_1_232' title='bbox 2206 529 2298 577; x_wconf 78' lang='grc' dir='ltr'><strong>καὶ</strong></span> <span class='ocrx_word' id='word_1_233' title='bbox 2365 524 2750 596; x_wconf 86' lang='grc' dir='ltr'>σκεπάσματα,</span> <span class='ocrx_word' id='word_1_234' title='bbox 2817 524 3018 584; x_wconf 86' lang='grc' dir='ltr'>τούτοις</span> <span class='ocrx_word' id='word_1_235' title='bbox 3084 519 3557 596; x_wconf 73' lang='grc' dir='ltr'><strong>ἀρκεσθησόμεθα.</strong></span> <span class='ocrx_word' id='word_1_236' title='bbox 3630 529 3815 576; x_wconf 85' lang='grc' dir='ltr'>Ταῦτα</span> 
     </span>
    </p>
   </div>
   <div class='ocr_carea' id='block_1_35' title="bbox 2206 608 3812 689">
    <p class='ocr_par' dir='ltr' id='par_1_35' title="bbox 2206 608 3812 689">
     <span class='ocr_line' id='line_1_35' title="bbox 2206 608 3812 689; baseline -0.002 -22"><span class='ocrx_word' id='word_1_237' title='bbox 2206 617 2298 687; x_wconf 66' lang='grc' dir='ltr'><strong>μὲν</strong></span> <span class='ocrx_word' id='word_1_238' title='bbox 2343 615 2446 689; x_wconf 75' lang='grc' dir='ltr'><strong>γὰρ</strong></span> <span class='ocrx_word' id='word_1_239' title='bbox 2497 608 2707 686; x_wconf 71' lang='grc' dir='ltr'>ἐπᾴδων</span> <span class='ocrx_word' id='word_1_240' title='bbox 2765 611 2905 683; x_wconf 81' lang='grc' dir='ltr'>αύτῷ</span> <span class='ocrx_word' id='word_1_241' title='bbox 2956 617 3191 682; x_wconf 82' lang='grc' dir='ltr'>συνεχῶς</span> <span class='ocrx_word' id='word_1_242' title='bbox 3239 614 3332 662; x_wconf 85' lang='grc' dir='ltr'>καὶ</span> <span class='ocrx_word' id='word_1_243' title='bbox 3390 608 3557 683; x_wconf 79' lang='grc' dir='ltr'>βοῶν,</span> <span class='ocrx_word' id='word_1_244' title='bbox 3608 616 3812 670; x_wconf 76' lang='grc' dir='ltr'>ενήνιόν</span> 
     </span>
    </p>
   </div>
   <div class='ocr_carea' id='block_1_36' title="bbox 2206 697 3812 775">
    <p class='ocr_par' dir='ltr' id='par_1_36' title="bbox 2206 697 3812 775">
     <span class='ocr_line' id='line_1_36' title="bbox 2206 697 3812 775; baseline -0.001 -19"><span class='ocrx_word' id='word_1_245' title='bbox 2206 722 2262 756; x_wconf 84' lang='grc' dir='ltr'><strong>τε</strong></span> <span class='ocrx_word' id='word_1_246' title='bbox 2303 702 2432 755; x_wconf 88' lang='grc' dir='ltr'>αύτὸ</span> <span class='ocrx_word' id='word_1_247' title='bbox 2478 706 2569 755; x_wconf 83' lang='grc' dir='ltr'>καὶ</span> <span class='ocrx_word' id='word_1_248' title='bbox 2614 708 2805 774; x_wconf 88' lang='grc' dir='ltr'>κοῦφον</span> <span class='ocrx_word' id='word_1_249' title='bbox 2852 699 2931 753; x_wconf 74' lang='grc' dir='ltr'>ἀεὶ</span> <span class='ocrx_word' id='word_1_250' title='bbox 2985 703 3116 774; x_wconf 84' lang='grc' dir='ltr'>πρὸς</span> <span class='ocrx_word' id='word_1_251' title='bbox 3156 703 3250 758; x_wconf 75' lang='grc' dir='ltr'><strong>τὴν</strong></span> <span class='ocrx_word' id='word_1_252' title='bbox 3302 699 3538 775; x_wconf 74' lang='grc' dir='ltr'>οὐράνιον</span> <span class='ocrx_word' id='word_1_253' title='bbox 3585 697 3812 755; x_wconf 80' lang='grc' dir='ltr'>ὁδοιπο-</span> 
     </span>
    </p>
   </div>
   <div class='ocr_carea' id='block_1_37' title="bbox 2206 788 3812 868">
    <p class='ocr_par' dir='ltr' id='par_1_37' title="bbox 2206 788 3812 868">
     <span class='ocr_line' id='line_1_37' title="bbox 2206 788 3812 868; baseline 0 -24"><span class='ocrx_word' id='word_1_254' title='bbox 2206 796 2324 868; x_wconf 88' lang='grc' dir='ltr'>ρίαν</span> <span class='ocrx_word' id='word_1_255' title='bbox 2390 790 2668 866; x_wconf 80' lang='grc' dir='ltr'>ἐργάσεται</span> <span class='ocrx_word' id='word_1_256' title='bbox 2700 832 2715 860; x_wconf 90' lang='grc'><strong>,</strong></span> <span class='ocrx_word' id='word_1_257' title='bbox 2774 794 2865 844; x_wconf 80' lang='grc' dir='ltr'>καὶ</span> <span class='ocrx_word' id='word_1_258' title='bbox 2937 788 3129 863; x_wconf 80' lang='grc' dir='ltr'>μᾶλλον</span> <span class='ocrx_word' id='word_1_259' title='bbox 3208 788 3282 851; x_wconf 78' lang='grc' dir='ltr'>εἰς</span> <span class='ocrx_word' id='word_1_260' title='bbox 3356 791 3425 842; x_wconf 77' lang='grc' dir='ltr'>τὰ</span> <span class='ocrx_word' id='word_1_261' title='bbox 3494 795 3812 864; x_wconf 74' lang='grc' dir='ltr'><strong>προκείμενα</strong></span> 
     </span>
    </p>
   </div>
   <div class='ocr_carea' id='block_1_38' title="bbox 2207 875 3810 955">
    <p class='ocr_par' dir='ltr' id='par_1_38' title="bbox 2207 875 3810 955">
     <span class='ocr_line' id='line_1_38' title="bbox 2207 875 3810 955; baseline -0.002 -20"><span class='ocrx_word' id='word_1_262' title='bbox 2207 886 2461 941; x_wconf 74' lang='grc' dir='ltr'><strong>κτήσεται</strong></span> <span class='ocrx_word' id='word_1_263' title='bbox 2544 883 2790 955; x_wconf 74' lang='grc' dir='ltr'>συνεργόν</span> <span class='ocrx_word' id='word_1_264' title='bbox 2818 899 2834 914; x_wconf 76' lang='grc' dir='ltr'><strong><em>ο</em></strong></span> <span class='ocrx_word' id='word_1_265' title='bbox 2902 878 2947 932; x_wconf 88' lang='grc' dir='ltr'><strong>εί</strong></span> <span class='ocrx_word' id='word_1_266' title='bbox 3021 875 3083 931; x_wconf 66' lang='grc' dir='ltr'><em>ὃὲ</em></span> <span class='ocrx_word' id='word_1_267' title='bbox 3155 877 3384 953; x_wconf 79' lang='grc' dir='ltr'>ὑϐρίζειν</span> <span class='ocrx_word' id='word_1_268' title='bbox 3465 879 3592 933; x_wconf 86' lang='grc' dir='ltr'>αύτό</span> <span class='ocrx_word' id='word_1_269' title='bbox 3669 899 3810 953; x_wconf 75' lang='grc' dir='ltr'><strong>συγ-</strong></span> 
     </span>
    </p>
   </div>
   <div class='ocr_carea' id='block_1_39' title="bbox 2205 965 3810 1048">
    <p class='ocr_par' dir='ltr' id='par_1_39' title="bbox 2205 965 3810 1048">
     <span class='ocr_line' id='line_1_39' title="bbox 2205 965 3810 1048; baseline -0.001 -25"><span class='ocrx_word' id='word_1_270' title='bbox 2205 974 2472 1048; x_wconf 79' lang='grc' dir='ltr'>χωρήσοι,</span> <span class='ocrx_word' id='word_1_271' title='bbox 2514 976 2605 1023; x_wconf 80' lang='grc' dir='ltr'><strong>καὶ</strong></span> <span class='ocrx_word' id='word_1_272' title='bbox 2646 971 2851 1022; x_wconf 85' lang='grc' dir='ltr'>πάντων</span> <span class='ocrx_word' id='word_1_273' title='bbox 2891 966 2966 1041; x_wconf 86' lang='grc' dir='ltr'>ἐφ’</span> <span class='ocrx_word' id='word_1_274' title='bbox 3012 969 3207 1043; x_wconf 73' lang='grc' dir='ltr'>ἡμέραν</span> <span class='ocrx_word' id='word_1_275' title='bbox 3250 965 3629 1040; x_wconf 75' lang='grc' dir='ltr'><strong>ἐμπίπλασθαι,</strong></span> <span class='ocrx_word' id='word_1_276' title='bbox 3668 969 3810 1022; x_wconf 87' lang='grc' dir='ltr'>καθ-</span> 
     </span>
    </p>
   </div>
   <div class='ocr_carea' id='block_1_40' title="bbox 2205 1055 3810 1133">
    <p class='ocr_par' dir='ltr' id='par_1_40' title="bbox 2205 1055 3810 1133">
     <span class='ocr_line' id='line_1_40' title="bbox 2205 1055 3810 1133; baseline -0.001 -21"><span class='ocrx_word' id='word_1_277' title='bbox 2205 1062 2336 1133; x_wconf 87' lang='grc' dir='ltr'>άπερ</span> <span class='ocrx_word' id='word_1_278' title='bbox 2366 1079 2420 1112; x_wconf 89' lang='grc' dir='ltr'><strong>τι</strong></span> <span class='ocrx_word' id='word_1_279' title='bbox 2452 1060 2631 1133; x_wconf 73' lang='grc' dir='ltr'>θηρίον</span> <span class='ocrx_word' id='word_1_280' title='bbox 2675 1057 2949 1131; x_wconf 79' lang='grc' dir='ltr'>ἀνήμερον,</span> <span class='ocrx_word' id='word_1_281' title='bbox 2977 1057 3194 1131; x_wconf 79' lang='grc' dir='ltr'>ὕστερον</span> <span class='ocrx_word' id='word_1_282' title='bbox 3232 1064 3349 1119; x_wconf 82' lang='grc' dir='ltr'>ταῖς</span> <span class='ocrx_word' id='word_1_283' title='bbox 3397 1055 3596 1129; x_wconf 80' lang='grc' dir='ltr'>βιαίοις</span> <span class='ocrx_word' id='word_1_284' title='bbox 3644 1057 3810 1110; x_wconf 74' lang='grc' dir='ltr'>αὐτοῦ</span> 
     </span>
    </p>
   </div>
   <div class='ocr_carea' id='block_1_41' title="bbox 2204 1146 3813 1222">
    <p class='ocr_par' dir='ltr' id='par_1_41' title="bbox 2204 1146 3813 1222">
     <span class='ocr_line' id='line_1_41' title="bbox 2204 1146 3813 1222; baseline -0.001 -21"><span class='ocrx_word' id='word_1_285' title='bbox 2204 1150 2335 1222; x_wconf 86' lang='grc' dir='ltr'>πρὸς</span> <span class='ocrx_word' id='word_1_286' title='bbox 2388 1156 2486 1220; x_wconf 69' lang='grc' dir='ltr'><strong>γῆν</strong></span> <span class='ocrx_word' id='word_1_287' title='bbox 2543 1146 2818 1208; x_wconf 87' lang='grc' dir='ltr'>ἀνθολκαίς</span> <span class='ocrx_word' id='word_1_288' title='bbox 2876 1147 3351 1213; x_wconf 82' lang='grc' dir='ltr'>συνεπισπασθεὶς,</span> <span class='ocrx_word' id='word_1_289' title='bbox 3410 1151 3641 1199; x_wconf 82' lang='grc' dir='ltr'>κείσεται</span> <span class='ocrx_word' id='word_1_290' title='bbox 3694 1150 3813 1200; x_wconf 81' lang='grc' dir='ltr'>στέ-</span> 
     </span>
    </p>
   </div>
   <div class='ocr_carea' id='block_1_42' title="bbox 2203 1234 3807 1310">
    <p class='ocr_par' dir='ltr' id='par_1_42' title="bbox 2203 1234 3807 1310">
     <span class='ocr_line' id='line_1_42' title="bbox 2203 1234 3807 1310; baseline 0 -21"><span class='ocrx_word' id='word_1_291' title='bbox 2203 1257 2302 1289; x_wconf 89' lang='grc' dir='ltr'><strong>νων</strong></span> <span class='ocrx_word' id='word_1_292' title='bbox 2352 1235 2577 1296; x_wconf 76' lang='grc' dir='ltr'>ἀνόνητα</span> <span class='ocrx_word' id='word_1_293' title='bbox 2618 1237 2750 1307; x_wconf 80' lang='lat'><strong>(97).</strong></span> <span class='ocrx_word' id='word_1_294' title='bbox 2812 1238 2913 1289; x_wconf 84' lang='grc' dir='ltr'><strong>Καὶ</strong></span> <span class='ocrx_word' id='word_1_295' title='bbox 2958 1238 3086 1310; x_wconf 89' lang='grc' dir='ltr'>πρὸς</span> <span class='ocrx_word' id='word_1_296' title='bbox 3135 1238 3223 1288; x_wconf 86' lang='grc' dir='ltr'>τὸν</span> <span class='ocrx_word' id='word_1_297' title='bbox 3279 1240 3544 1294; x_wconf 76' lang='grc' dir='ltr'>Δεσπότην</span> <span class='ocrx_word' id='word_1_298' title='bbox 3599 1234 3807 1307; x_wconf 75' lang='grc' dir='ltr'>ἀχθεὶς,</span> 
     </span>
    </p>
   </div>
   <div class='ocr_carea' id='block_1_43' title="bbox 2203 1321 3808 1402">
    <p class='ocr_par' dir='ltr' id='par_1_43' title="bbox 2203 1321 3808 1402">
     <span class='ocr_line' id='line_1_43' title="bbox 2203 1321 3808 1402; baseline -0.001 -22"><span class='ocrx_word' id='word_1_299' title='bbox 2203 1331 2294 1380; x_wconf 80' lang='grc' dir='ltr'>καὶ</span> <span class='ocrx_word' id='word_1_300' title='bbox 2348 1335 2446 1390; x_wconf 78' lang='grc' dir='ltr'>τῆς</span> <span class='ocrx_word' id='word_1_301' title='bbox 2501 1326 2587 1380; x_wconf 79' lang='grc' dir='ltr'>ἐπὶ</span> <span class='ocrx_word' id='word_1_302' title='bbox 2636 1334 2739 1398; x_wconf 71' lang='grc' dir='ltr'><strong>γῆς</strong></span> <span class='ocrx_word' id='word_1_303' title='bbox 2781 1330 2995 1402; x_wconf 79' lang='grc' dir='ltr'>πορείας</span> <span class='ocrx_word' id='word_1_304' title='bbox 3039 1332 3136 1387; x_wconf 77' lang='grc' dir='ltr'>τῆς</span> <span class='ocrx_word' id='word_1_305' title='bbox 3188 1321 3491 1387; x_wconf 77' lang='grc' dir='ltr'>ἐνδοθείσης</span> <span class='ocrx_word' id='word_1_306' title='bbox 3541 1325 3681 1397; x_wconf 79' lang='grc' dir='ltr'>αύτῷ</span> <span class='ocrx_word' id='word_1_307' title='bbox 3718 1328 3808 1378; x_wconf 83' lang='grc' dir='ltr'><strong>τόν</strong></span> 
     </span>
    </p>
   </div>
   <div class='ocr_carea' id='block_1_44' title="bbox 2203 1410 3812 1491">
    <p class='ocr_par' dir='ltr' id='par_1_44' title="bbox 2203 1410 3812 1491">
     <span class='ocr_line' id='line_1_44' title="bbox 2203 1410 3812 1491; baseline -0.001 -23"><span class='ocrx_word' id='word_1_308' title='bbox 2203 1417 2402 1491; x_wconf 86' lang='grc' dir='ltr'>καρπόν</span> <span class='ocrx_word' id='word_1_309' title='bbox 2445 1412 2841 1488; x_wconf 87' lang='grc' dir='ltr'>ἀπαιτούμενος,</span> <span class='ocrx_word' id='word_1_310' title='bbox 2889 1412 3001 1467; x_wconf 85' lang='grc' dir='ltr'>εἶτα</span> <span class='ocrx_word' id='word_1_311' title='bbox 3036 1413 3130 1466; x_wconf 76' lang='grc' dir='ltr'><strong>οῦκ</strong></span> <span class='ocrx_word' id='word_1_312' title='bbox 3178 1416 3313 1486; x_wconf 76' lang='grc' dir='ltr'>ἔχων</span> <span class='ocrx_word' id='word_1_313' title='bbox 3362 1410 3564 1481; x_wconf 73' lang='grc' dir='ltr'>δοῦναι,</span> <span class='ocrx_word' id='word_1_314' title='bbox 3616 1416 3812 1488; x_wconf 72' lang='grc' dir='ltr'>θρηνή-</span> 
     </span>
    </p>
   </div>
   <div class='ocr_carea' id='block_1_45' title="bbox 2205 1499 3806 1580">
    <p class='ocr_par' dir='ltr' id='par_1_45' title="bbox 2205 1499 3806 1580">
     <span class='ocr_line' id='line_1_45' title="bbox 2205 1499 3806 1580; baseline -0.001 -23"><span class='ocrx_word' id='word_1_315' title='bbox 2205 1523 2287 1558; x_wconf 80' lang='grc' dir='ltr'><strong>σει</strong></span> <span class='ocrx_word' id='word_1_316' title='bbox 2332 1506 2531 1580; x_wconf 84' lang='grc' dir='ltr'>μακρὰ,</span> <span class='ocrx_word' id='word_1_317' title='bbox 2584 1508 2674 1557; x_wconf 84' lang='grc' dir='ltr'>καὶ</span> <span class='ocrx_word' id='word_1_318' title='bbox 2717 1508 2905 1566; x_wconf 80' lang='grc' dir='ltr'><strong>σκότος</strong></span> <span class='ocrx_word' id='word_1_319' title='bbox 2951 1503 3155 1561; x_wconf 82' lang='grc' dir='ltr'>οἰκήσει</span> <span class='ocrx_word' id='word_1_320' title='bbox 3212 1499 3466 1570; x_wconf 74' lang='grc' dir='ltr'>διηνεκὶς,</span> <span class='ocrx_word' id='word_1_321' title='bbox 3520 1502 3685 1557; x_wconf 84' lang='grc' dir='ltr'>πολλὰ</span> <span class='ocrx_word' id='word_1_322' title='bbox 3738 1510 3806 1576; x_wconf 70' lang='grc' dir='ltr'><strong>τῇ</strong></span> 
     </span>
    </p>
   </div>
   <div class='ocr_carea' id='block_1_46' title="bbox 2203 1590 3809 1667">
    <p class='ocr_par' dir='ltr' id='par_1_46' title="bbox 2203 1590 3809 1667">
     <span class='ocr_line' id='line_1_46' title="bbox 2203 1590 3809 1667; baseline -0.002 -20"><span class='ocrx_word' id='word_1_323' title='bbox 2203 1600 2371 1667; x_wconf 76' lang='grc' dir='ltr'>τρυφῇ</span> <span class='ocrx_word' id='word_1_324' title='bbox 2422 1597 2513 1647; x_wconf 69' lang='grc' dir='ltr'><strong>καὶ⁹</strong></span> <span class='ocrx_word' id='word_1_325' title='bbox 2548 1601 2612 1666; x_wconf 73' lang='grc' dir='ltr'><strong>τῇ</strong></span> <span class='ocrx_word' id='word_1_326' title='bbox 2662 1595 2856 1654; x_wconf 78' lang='grc' dir='ltr'><strong>ταύτης</strong></span> <span class='ocrx_word' id='word_1_327' title='bbox 2900 1590 3066 1665; x_wconf 77' lang='grc' dir='ltr'>πλάνῃ</span> <span class='ocrx_word' id='word_1_328' title='bbox 3111 1596 3454 1666; x_wconf 79' lang='grc' dir='ltr'>μεμφόμενος,</span> <span class='ocrx_word' id='word_1_329' title='bbox 3500 1591 3584 1664; x_wconf 75' lang='grc' dir='ltr'><strong>ὑφ’</strong></span> <span class='ocrx_word' id='word_1_330' title='bbox 3616 1591 3680 1654; x_wconf 77' lang='grc' dir='ltr'>ἧς</span> <span class='ocrx_word' id='word_1_331' title='bbox 3717 1593 3809 1644; x_wconf 88' lang='grc' dir='ltr'><strong>τὸν</strong></span> 
     </span>
    </p>
   </div>
   <div class='ocr_carea' id='block_1_47' title="bbox 2202 1677 3809 1758">
    <p class='ocr_par' dir='ltr' id='par_1_47' title="bbox 2202 1677 3809 1758">
     <span class='ocr_line' id='line_1_47' title="bbox 2202 1677 3809 1758; baseline -0.001 -23"><span class='ocrx_word' id='word_1_332' title='bbox 2202 1689 2301 1745; x_wconf 82' lang='grc' dir='ltr'>τῆς</span> <span class='ocrx_word' id='word_1_333' title='bbox 2343 1685 2607 1758; x_wconf 67' lang='grc' dir='ltr'>σωτηρίας</span> <span class='ocrx_word' id='word_1_334' title='bbox 2656 1681 2885 1741; x_wconf 77' lang='grc' dir='ltr'>ἐσυλήθη</span> <span class='ocrx_word' id='word_1_335' title='bbox 2934 1685 3115 1758; x_wconf 87' lang='grc' dir='ltr'>καιρὸν</span> <span class='ocrx_word' id='word_1_336' title='bbox 3139 1702 3152 1715; x_wconf 90' lang='grc'><strong>·</strong></span> <span class='ocrx_word' id='word_1_337' title='bbox 3184 1677 3337 1735; x_wconf 64' lang='grc' dir='ltr'>οὐδὲν</span> <span class='ocrx_word' id='word_1_338' title='bbox 3373 1677 3434 1734; x_wconf 69' lang='grc' dir='ltr'>δι</span> <span class='ocrx_word' id='word_1_339' title='bbox 3480 1679 3534 1733; x_wconf 84' lang='grc' dir='ltr'><strong>ἐκ</strong></span> <span class='ocrx_word' id='word_1_340' title='bbox 3571 1690 3672 1734; x_wconf 86' lang='grc' dir='ltr'>τῶν</span> <span class='ocrx_word' id='word_1_341' title='bbox 3698 1677 3809 1734; x_wconf 79' lang='grc' dir='ltr'><strong>δα-</strong></span> 
     </span>
    </p>
   </div>
   <div class='ocr_carea' id='block_1_48' title="bbox 2200 1766 3815 1848">
    <p class='ocr_par' dir='ltr' id='par_1_48' title="bbox 2200 1766 3815 1848">
     <span class='ocr_line' id='line_1_48' title="bbox 2200 1766 3815 1848; baseline 0.001 -25"><span class='ocrx_word' id='word_1_342' title='bbox 2200 1773 2371 1846; x_wconf 86' lang='grc' dir='ltr'>κρύων</span> <span class='ocrx_word' id='word_1_343' title='bbox 2418 1774 2496 1825; x_wconf 77' lang='grc' dir='ltr'>ἲτι</span> <span class='ocrx_word' id='word_1_344' title='bbox 2540 1767 2848 1848; x_wconf 72' lang='grc' dir='ltr'>κερδαίνων.</span> <span class='ocrx_word' id='word_1_345' title='bbox 2895 1769 2975 1826; x_wconf 88' lang='grc' dir='ltr'>Ἐν</span> <span class='ocrx_word' id='word_1_346' title='bbox 3021 1772 3121 1846; x_wconf 75' lang='grc' dir='ltr'>γὰρ</span> <span class='ocrx_word' id='word_1_347' title='bbox 3169 1778 3241 1842; x_wconf 82' lang='grc' dir='ltr'>τῷ</span> <span class='ocrx_word' id='word_1_348' title='bbox 3290 1766 3395 1844; x_wconf 67' lang='grc' dir='ltr'><strong>ᾅδῃ</strong></span> <span class='ocrx_word' id='word_1_349' title='bbox 3445 1773 3531 1833; x_wconf 89' lang='grc' dir='ltr'><strong>τίς</strong></span> <span class='ocrx_word' id='word_1_350' title='bbox 3567 1768 3815 1844; x_wconf 76' lang='grc' dir='ltr'>ἐξομολο-</span> 
     </span>
    </p>
   </div>
   <div class='ocr_carea' id='block_1_49' title="bbox 2200 1856 3033 1935">
    <p class='ocr_par' dir='ltr' id='par_1_49' title="bbox 2200 1856 3033 1935">
     <span class='ocr_line' id='line_1_49' title="bbox 2200 1856 3033 1935; baseline -0.002 -15"><span class='ocrx_word' id='word_1_351' title='bbox 2200 1865 2423 1934; x_wconf 66' lang='grc' dir='ltr'>γήσεταί</span> <span class='ocrx_word' id='word_1_352' title='bbox 2453 1880 2536 1915; x_wconf 88' lang='grc' dir='ltr'><strong>σοι</strong></span> <span class='ocrx_word' id='word_1_353' title='bbox 2559 1878 2574 1931; x_wconf 83' lang='lat'><strong>;</strong></span> <span class='ocrx_word' id='word_1_354' title='bbox 2607 1866 2765 1935; x_wconf 77' lang='grc' dir='ltr'>φησὶν</span> <span class='ocrx_word' id='word_1_355' title='bbox 2789 1862 2817 1914; x_wconf 89' lang='grc' dir='ltr'><strong><em>ὁ</em></strong></span> <span class='ocrx_word' id='word_1_356' title='bbox 2844 1856 3033 1918; x_wconf 80' lang='grc' dir='ltr'>Δαϐίδ.</span> 
     </span>
    </p>
   </div>
   <div class='ocr_carea' id='block_1_50' title="bbox 2270 2127 3808 2205">
    <p class='ocr_par' dir='ltr' id='par_1_50' title="bbox 2270 2127 3808 2205">
     <span class='ocr_line' id='line_1_50' title="bbox 2270 2127 3808 2205; baseline -0.002 -18"><span class='ocrx_word' id='word_1_357' title='bbox 2270 2134 2325 2187; x_wconf 88' lang='grc'><strong>7.</strong></span> <span class='ocrx_word' id='word_1_358' title='bbox 2375 2133 2619 2205; x_wconf 72' lang='grc' dir='ltr'>Φύγωμεν</span> <span class='ocrx_word' id='word_1_359' title='bbox 2674 2127 2764 2185; x_wconf 81' lang='grc' dir='ltr'>οὖν</span> <span class='ocrx_word' id='word_1_360' title='bbox 2825 2132 2964 2194; x_wconf 85' lang='grc' dir='ltr'>ὅπως</span> <span class='ocrx_word' id='word_1_361' title='bbox 3026 2132 3100 2185; x_wconf 76' lang='grc' dir='ltr'>ἔνι</span> <span class='ocrx_word' id='word_1_362' title='bbox 3156 2133 3397 2204; x_wconf 82' lang='grc' dir='ltr'>τάχους,</span> <span class='ocrx_word' id='word_1_363' title='bbox 3453 2135 3525 2205; x_wconf 74' lang='grc' dir='ltr'>μὴ</span> <span class='ocrx_word' id='word_1_364' title='bbox 3589 2129 3808 2195; x_wconf 80' lang='grc' dir='ltr'>ἐαυτούς</span> 
     </span>
    </p>
   </div>
   <div class='ocr_carea' id='block_1_51' title="bbox 2202 2217 3807 2296">
    <p class='ocr_par' dir='ltr' id='par_1_51' title="bbox 2202 2217 3807 2296">
     <span class='ocr_line' id='line_1_51' title="bbox 2202 2217 3807 2296; baseline 0.001 -23"><span class='ocrx_word' id='word_1_365' title='bbox 2202 2217 2400 2284; x_wconf 71' lang='grc' dir='ltr'>ἑκόντες</span> <span class='ocrx_word' id='word_1_366' title='bbox 2448 2220 2835 2295; x_wconf 79' lang='grc' dir='ltr'>συμπνίξωμεν.</span> <span class='ocrx_word' id='word_1_367' title='bbox 2880 2220 2942 2275; x_wconf 80' lang='grc' dir='ltr'><strong>Εἰ</strong></span> <span class='ocrx_word' id='word_1_368' title='bbox 2985 2217 3036 2275; x_wconf 80' lang='grc' dir='ltr'><strong>δ’</strong></span> <span class='ocrx_word' id='word_1_369' title='bbox 3085 2223 3190 2296; x_wconf 81' lang='grc' dir='ltr'>ἄρα</span> <span class='ocrx_word' id='word_1_370' title='bbox 3232 2241 3315 2283; x_wconf 90' lang='grc' dir='ltr'><strong>τις</strong></span> <span class='ocrx_word' id='word_1_371' title='bbox 3362 2224 3451 2274; x_wconf 76' lang='grc' dir='ltr'>καὶ</span> <span class='ocrx_word' id='word_1_372' title='bbox 3496 2220 3662 2275; x_wconf 84' lang='grc' dir='ltr'>πάλαι</span> <span class='ocrx_word' id='word_1_373' title='bbox 3710 2217 3807 2274; x_wconf 81' lang='grc' dir='ltr'><strong>δε-</strong></span> 
     </span>
    </p>
   </div>
   <div class='ocr_carea' id='block_1_52' title="bbox 2200 2306 3806 2383">
    <p class='ocr_par' dir='ltr' id='par_1_52' title="bbox 2200 2306 3806 2383">
     <span class='ocr_line' id='line_1_52' title="bbox 2200 2306 3806 2383; baseline 0.002 -23"><span class='ocrx_word' id='word_1_374' title='bbox 2200 2306 2433 2371; x_wconf 76' lang='grc' dir='ltr'>λεασθεὶς</span> <span class='ocrx_word' id='word_1_375' title='bbox 2455 2351 2468 2377; x_wconf 94' lang='grc'><strong>,</strong></span> <span class='ocrx_word' id='word_1_376' title='bbox 2529 2310 2559 2369; x_wconf 73' lang='grc' dir='ltr'><strong><em>ἦ</em></strong></span> <span class='ocrx_word' id='word_1_377' title='bbox 2619 2309 2845 2364; x_wconf 83' lang='grc' dir='ltr'>πλούτου</span> <span class='ocrx_word' id='word_1_378' title='bbox 2901 2314 3042 2365; x_wconf 89' lang='grc' dir='ltr'>κόνιν</span> <span class='ocrx_word' id='word_1_379' title='bbox 3106 2310 3160 2374; x_wconf 80' lang='grc' dir='ltr'>ἐξ</span> <span class='ocrx_word' id='word_1_380' title='bbox 3213 2307 3425 2372; x_wconf 76' lang='grc' dir='ltr'>ἀδικίας</span> <span class='ocrx_word' id='word_1_381' title='bbox 3479 2308 3557 2383; x_wconf 83' lang='grc' dir='ltr'>ἐφ’</span> <span class='ocrx_word' id='word_1_382' title='bbox 3620 2310 3806 2363; x_wconf 77' lang='grc' dir='ltr'>ἑαυτὸν</span> 
     </span>
    </p>
   </div>
   <div class='ocr_carea' id='block_1_53' title="bbox 2202 2399 3808 2474">
    <p class='ocr_par' dir='ltr' id='par_1_53' title="bbox 2202 2399 3808 2474">
     <span class='ocr_line' id='line_1_53' title="bbox 2202 2399 3808 2474; baseline 0.001 -23"><span class='ocrx_word' id='word_1_383' title='bbox 2202 2402 2522 2472; x_wconf 76' lang='grc' dir='ltr'>συνεφόρησε</span> <span class='ocrx_word' id='word_1_384' title='bbox 2548 2399 2689 2471; x_wconf 85' lang='grc'>(98),</span> <span class='ocrx_word' id='word_1_385' title='bbox 2727 2402 2818 2452; x_wconf 69' lang='grc' dir='ltr'><strong>καὶ⁵</strong></span> <span class='ocrx_word' id='word_1_386' title='bbox 2863 2401 2951 2454; x_wconf 84' lang='grc' dir='ltr'>τὸν</span> <span class='ocrx_word' id='word_1_387' title='bbox 3001 2407 3119 2453; x_wconf 86' lang='grc' dir='ltr'>νοῦν</span> <span class='ocrx_word' id='word_1_388' title='bbox 3148 2406 3260 2461; x_wconf 84' lang='grc' dir='ltr'>ταῖς</span> <span class='ocrx_word' id='word_1_389' title='bbox 3298 2402 3484 2453; x_wconf 84' lang='grc' dir='ltr'>τούτου</span> <span class='ocrx_word' id='word_1_390' title='bbox 3529 2403 3808 2474; x_wconf 74' lang='grc' dir='ltr'>μερίμναις</span> 
     </span>
    </p>
   </div>
   <div class='ocr_carea' id='block_1_54' title="bbox 2198 2483 3807 2564">
    <p class='ocr_par' dir='ltr' id='par_1_54' title="bbox 2198 2483 3807 2564">
     <span class='ocr_line' id='line_1_54' title="bbox 2198 2483 3807 2564; baseline 0.002 -26"><span class='ocrx_word' id='word_1_391' title='bbox 2198 2483 2509 2555; x_wconf 79' lang='grc' dir='ltr'>κατέδησεν,</span> <span class='ocrx_word' id='word_1_392' title='bbox 2563 2487 2593 2546; x_wconf 76' lang='grc' dir='ltr'>ἢ</span> <span class='ocrx_word' id='word_1_393' title='bbox 2653 2490 2819 2560; x_wconf 86' lang='grc' dir='ltr'>μύσος</span> <span class='ocrx_word' id='word_1_394' title='bbox 2884 2486 3150 2560; x_wconf 73' lang='grc' dir='ltr'>ἀσελγείας</span> <span class='ocrx_word' id='word_1_395' title='bbox 3207 2487 3453 2564; x_wconf 69' lang='grc' dir='ltr'>προσῆψε</span> <span class='ocrx_word' id='word_1_396' title='bbox 3514 2495 3579 2560; x_wconf 71' lang='grc' dir='ltr'>τῇ</span> <span class='ocrx_word' id='word_1_397' title='bbox 3649 2489 3807 2559; x_wconf 88' lang='grc' dir='ltr'>φύσει</span> 
     </span>
    </p>
   </div>
   <div class='ocr_carea' id='block_1_55' title="bbox 2201 2572 3804 2651">
    <p class='ocr_par' dir='ltr' id='par_1_55' title="bbox 2201 2572 3804 2651">
     <span class='ocr_line' id='line_1_55' title="bbox 2201 2572 3804 2651; baseline 0.001 -21"><span class='ocrx_word' id='word_1_398' title='bbox 2201 2572 2544 2630; x_wconf 76' lang='grc' dir='ltr'>δυσέκνιπτον</span> <span class='ocrx_word' id='word_1_399' title='bbox 2567 2617 2583 2645; x_wconf 86' lang='grc'><strong>,</strong></span> <span class='ocrx_word' id='word_1_400' title='bbox 2642 2577 2673 2636; x_wconf 75' lang='grc' dir='ltr'><em>ἣ</em></span> <span class='ocrx_word' id='word_1_401' title='bbox 2731 2585 2833 2630; x_wconf 83' lang='grc' dir='ltr'>τῶν</span> <span class='ocrx_word' id='word_1_402' title='bbox 2889 2576 3052 2630; x_wconf 80' lang='grc' dir='ltr'>ἄλλων</span> <span class='ocrx_word' id='word_1_403' title='bbox 3108 2576 3444 2651; x_wconf 74' lang='grc' dir='ltr'><strong>ἐγκλημάτων</strong></span> <span class='ocrx_word' id='word_1_404' title='bbox 3504 2575 3804 2650; x_wconf 75' lang='grc' dir='ltr'>ἐπλήρωσεν</span> 
     </span>
    </p>
   </div>
   <div class='ocr_carea' id='block_1_56' title="bbox 2198 2663 3808 2742">
    <p class='ocr_par' dir='ltr' id='par_1_56' title="bbox 2198 2663 3808 2742">
     <span class='ocr_line' id='line_1_56' title="bbox 2198 2663 3808 2742; baseline -0.001 -22"><span class='ocrx_word' id='word_1_405' title='bbox 2198 2663 2417 2720; x_wconf 78' lang='grc' dir='ltr'>ἐαυτόνο</span> <span class='ocrx_word' id='word_1_406' title='bbox 2471 2665 2643 2734; x_wconf 79' lang='grc' dir='ltr'>οὗτος,</span> <span class='ocrx_word' id='word_1_407' title='bbox 2698 2668 2769 2728; x_wconf 80' lang='grc' dir='ltr'>ὡς</span> <span class='ocrx_word' id='word_1_408' title='bbox 2824 2668 2901 2719; x_wconf 77' lang='grc' dir='ltr'>ἔτι</span> <span class='ocrx_word' id='word_1_409' title='bbox 2954 2670 3151 2742; x_wconf 87' lang='grc' dir='ltr'>καιρὸς,</span> <span class='ocrx_word' id='word_1_410' title='bbox 3197 2671 3317 2742; x_wconf 83' lang='grc' dir='ltr'>πρὶν</span> <span class='ocrx_word' id='word_1_411' title='bbox 3373 2665 3531 2720; x_wconf 77' lang='grc' dir='ltr'>ἐλθεῖν</span> <span class='ocrx_word' id='word_1_412' title='bbox 3594 2666 3669 2727; x_wconf 83' lang='grc' dir='ltr'><strong>εἰς</strong></span> <span class='ocrx_word' id='word_1_413' title='bbox 3723 2684 3808 2719; x_wconf 80' lang='grc' dir='ltr'>τε-</span> 
     </span>
    </p>
   </div>
   <div class='ocr_carea' id='block_1_57' title="bbox 2196 2752 3803 2830">
    <p class='ocr_par' dir='ltr' id='par_1_57' title="bbox 2196 2752 3803 2830">
     <span class='ocr_line' id='line_1_57' title="bbox 2196 2752 3803 2830; baseline 0.001 -23"><span class='ocrx_word' id='word_1_414' title='bbox 2196 2752 2334 2807; x_wconf 88' lang='grc' dir='ltr'>λείαν</span> <span class='ocrx_word' id='word_1_415' title='bbox 2382 2753 2657 2823; x_wconf 82' lang='grc' dir='ltr'>ἀπώλειαν,</span> <span class='ocrx_word' id='word_1_416' title='bbox 2701 2753 2976 2809; x_wconf 75' lang='grc' dir='ltr'>ἀποθέσθω</span> <span class='ocrx_word' id='word_1_417' title='bbox 3022 2765 3123 2809; x_wconf 85' lang='grc' dir='ltr'>τῶν</span> <span class='ocrx_word' id='word_1_418' title='bbox 3172 2760 3391 2830; x_wconf 75' lang='grc' dir='ltr'>φορτίων</span> <span class='ocrx_word' id='word_1_419' title='bbox 3447 2758 3515 2809; x_wconf 77' lang='grc' dir='ltr'>τὰ</span> <span class='ocrx_word' id='word_1_420' title='bbox 3569 2754 3803 2825; x_wconf 75' lang='grc' dir='ltr'>πλείονα,</span> 
     </span>
    </p>
   </div>
   <div class='ocr_carea' id='block_1_58' title="bbox 2196 2842 3806 2919">
    <p class='ocr_par' dir='ltr' id='par_1_58' title="bbox 2196 2842 3806 2919">
     <span class='ocr_line' id='line_1_58' title="bbox 2196 2842 3806 2919; baseline 0.001 -24"><span class='ocrx_word' id='word_1_421' title='bbox 2196 2847 2288 2896; x_wconf 78' lang='grc' dir='ltr'>καὶ</span> <span class='ocrx_word' id='word_1_422' title='bbox 2341 2847 2464 2918; x_wconf 87' lang='grc' dir='ltr'>πρὶν</span> <span class='ocrx_word' id='word_1_423' title='bbox 2522 2843 2852 2919; x_wconf 78' lang='grc' dir='ltr'>ὑποϐρύχιον</span> <span class='ocrx_word' id='word_1_424' title='bbox 2900 2847 3144 2918; x_wconf 74' lang='grc' dir='ltr'>γενέσθαι</span> <span class='ocrx_word' id='word_1_425' title='bbox 3196 2848 3255 2898; x_wconf 73' lang='grc' dir='ltr'>τὸ</span> <span class='ocrx_word' id='word_1_426' title='bbox 3314 2846 3533 2918; x_wconf 88' lang='grc' dir='ltr'>σκάφος,</span> <span class='ocrx_word' id='word_1_427' title='bbox 3586 2842 3806 2903; x_wconf 76' lang='grc' dir='ltr'>ἐκϐολὴν</span> 
     </span>
    </p>
   </div>
   <div class='ocr_carea' id='block_1_59' title="bbox 2196 2931 3803 3008">
    <p class='ocr_par' dir='ltr' id='par_1_59' title="bbox 2196 2931 3803 3008">
     <span class='ocr_line' id='line_1_59' title="bbox 2196 2931 3803 3008; baseline 0 -21"><span class='ocrx_word' id='word_1_428' title='bbox 2196 2934 2514 2992; x_wconf 74' lang='grc' dir='ltr'>ποιησάσθω</span> <span class='ocrx_word' id='word_1_429' title='bbox 2560 2942 2662 2988; x_wconf 87' lang='grc' dir='ltr'>τῶν</span> <span class='ocrx_word' id='word_1_430' title='bbox 2715 2932 3017 3008; x_wconf 71' lang='grc' dir='ltr'>ἀγωγιμων,</span> <span class='ocrx_word' id='word_1_431' title='bbox 3050 2934 3086 2987; x_wconf 75' lang='grc' dir='ltr'><strong>ά</strong></span> <span class='ocrx_word' id='word_1_432' title='bbox 3135 2938 3208 3008; x_wconf 80' lang='grc' dir='ltr'>μὴ</span> <span class='ocrx_word' id='word_1_433' title='bbox 3268 2931 3490 2997; x_wconf 73' lang='grc' dir='ltr'>δεόντως</span> <span class='ocrx_word' id='word_1_434' title='bbox 3549 2933 3803 3000; x_wconf 79' lang='grc' dir='ltr'>συνέλεξε,</span> 
     </span>
    </p>
   </div>
   <div class='ocr_carea' id='block_1_60' title="bbox 433 3022 2090 3102">
    <p class='ocr_par' dir='ltr' id='par_1_60' title="bbox 433 3023 2086 3098">
     <span class='ocr_line' id='line_1_60' title="bbox 433 3023 2086 3098; baseline 0.002 -18"><span class='ocrx_word' id='word_1_435' title='bbox 433 3039 588 3094; x_wconf 89' lang='lat' dir='ltr'><strong>ram,</strong></span> <span class='ocrx_word' id='word_1_436' title='bbox 619 3029 801 3097; x_wconf 89' lang='lat' dir='ltr'><strong>atque</strong></span> <span class='ocrx_word' id='word_1_437' title='bbox 831 3023 1144 3097; x_wconf 89' lang='lat' dir='ltr'><strong>operarios</strong></span> <span class='ocrx_word' id='word_1_438' title='bbox 1173 3024 1441 3081; x_wconf 89' lang='lat' dir='ltr'><strong>marinos</strong></span> <span class='ocrx_word' id='word_1_439' title='bbox 1470 3024 1752 3082; x_wconf 86' lang='lat' dir='ltr'><strong>imitetur.</strong></span> <span class='ocrx_word' id='word_1_440' title='bbox 1785 3025 1875 3083; x_wconf 92' lang='lat' dir='ltr'><strong>Illi</strong></span> <span class='ocrx_word' id='word_1_441' title='bbox 1903 3026 2086 3098; x_wconf 90' lang='lat' dir='ltr'><strong>enim,</strong></span> 
     </span>
    </p>
   </div>
   <div class='ocr_carea' id='block_1_61' title="bbox 2199 3022 3807 3102">
    <p class='ocr_par' dir='ltr' id='par_1_61' title="bbox 2199 3022 3807 3099">
     <span class='ocr_line' id='line_1_61' title="bbox 2199 3022 3807 3099; baseline 0 -23"><span class='ocrx_word' id='word_1_442' title='bbox 2199 3026 2288 3076; x_wconf 87' lang='grc' dir='ltr'><strong>καί</strong></span> <span class='ocrx_word' id='word_1_443' title='bbox 2332 3024 2660 3097; x_wconf 81' lang='grc' dir='ltr'>μιμησάσθω</span> <span class='ocrx_word' id='word_1_444' title='bbox 2710 3027 2835 3087; x_wconf 85' lang='grc' dir='ltr'>τούς</span> <span class='ocrx_word' id='word_1_445' title='bbox 2884 3032 2977 3085; x_wconf 79' lang='grc' dir='ltr'>τῆς</span> <span class='ocrx_word' id='word_1_446' title='bbox 3032 3023 3294 3087; x_wconf 73' lang='grc' dir='ltr'>θαλάττης</span> <span class='ocrx_word' id='word_1_447' title='bbox 3349 3022 3586 3099; x_wconf 72' lang='grc' dir='ltr'>ἐργάτας.</span> <span class='ocrx_word' id='word_1_448' title='bbox 3636 3023 3807 3077; x_wconf 84' lang='grc' dir='ltr'>Ἐκεῖ-</span> 
     </span>
    </p>
   </div>
   <div class='ocr_carea' id='block_1_62' title="bbox 432 3112 2090 3187">
    <p class='ocr_par' dir='ltr' id='par_1_62' title="bbox 432 3112 2090 3187">
     <span class='ocr_line' id='line_1_62' title="bbox 432 3112 2090 3187; baseline 0.002 -16"><span class='ocrx_word' id='word_1_449' title='bbox 432 3112 672 3171; x_wconf 89' lang='lat' dir='ltr'><strong>etiamsi</strong></span> <span class='ocrx_word' id='word_1_450' title='bbox 699 3113 1184 3171; x_wconf 91' lang='lat' dir='ltr'><strong>necessariorum</strong></span> <span class='ocrx_word' id='word_1_451' title='bbox 1212 3113 1448 3187; x_wconf 87' lang='lat' dir='ltr'><strong>aliquid</strong></span> <span class='ocrx_word' id='word_1_452' title='bbox 1472 3113 1538 3171; x_wconf 90' lang='lat' dir='ltr'><strong>in</strong></span> <span class='ocrx_word' id='word_1_453' title='bbox 1561 3115 1706 3172; x_wconf 90' lang='lat' dir='ltr'><strong>navi</strong></span> <span class='ocrx_word' id='word_1_454' title='bbox 1728 3116 1974 3187; x_wconf 84' lang='lat' dir='ltr'><strong>vehant,</strong></span> <span class='ocrx_word' id='word_1_455' title='bbox 2002 3121 2090 3175; x_wconf 88' lang='lat' dir='ltr'><strong>ta-</strong></span> 
     </span>
    </p>
   </div>
   <div class='ocr_carea' id='block_1_63' title="bbox 434 3202 2090 3279">
    <p class='ocr_par' dir='ltr' id='par_1_63' title="bbox 434 3202 2090 3279">
     <span class='ocr_line' id='line_1_63' title="bbox 434 3202 2090 3279; baseline 0.002 -19"><span class='ocrx_word' id='word_1_456' title='bbox 434 3219 574 3260; x_wconf 89' lang='lat' dir='ltr'><strong>men</strong></span> <span class='ocrx_word' id='word_1_457' title='bbox 604 3202 654 3259; x_wconf 88' lang='lat' dir='ltr'><strong>si</strong></span> <span class='ocrx_word' id='word_1_458' title='bbox 684 3218 755 3258; x_wconf 82' lang='lat' dir='ltr'><strong>ex</strong></span> <span class='ocrx_word' id='word_1_459' title='bbox 788 3202 1005 3275; x_wconf 87' lang='lat' dir='ltr'><strong>pelago</strong></span> <span class='ocrx_word' id='word_1_460' title='bbox 1033 3203 1308 3274; x_wconf 84' lang='lat' dir='ltr'><strong>insurgat</strong></span> <span class='ocrx_word' id='word_1_461' title='bbox 1327 3204 1390 3260; x_wconf 92' lang='lat' dir='ltr'><strong>in</strong></span> <span class='ocrx_word' id='word_1_462' title='bbox 1420 3220 1483 3260; x_wconf 88' lang='lat' dir='ltr'><strong>se</strong></span> <span class='ocrx_word' id='word_1_463' title='bbox 1504 3204 1905 3263; x_wconf 74' lang='lat' dir='ltr'><strong>effervescens</strong></span> <span class='ocrx_word' id='word_1_464' title='bbox 1929 3222 2090 3279; x_wconf 71' lang='lat' dir='ltr'><strong>quas-</strong></span> 
     </span>
    </p>
   </div>
   <div class='ocr_carea' id='block_1_64' title="bbox 433 3292 2092 3367">
    <p class='ocr_par' dir='ltr' id='par_1_64' title="bbox 433 3292 2092 3367">
     <span class='ocr_line' id='line_1_64' title="bbox 433 3292 2092 3367; baseline 0.003 -19"><span class='ocrx_word' id='word_1_465' title='bbox 433 3292 578 3349; x_wconf 87' lang='lat' dir='ltr'><strong>dam</strong></span> <span class='ocrx_word' id='word_1_466' title='bbox 607 3296 955 3364; x_wconf 88' lang='lat' dir='ltr'><strong>tempestas,</strong></span> <span class='ocrx_word' id='word_1_467' title='bbox 977 3298 1035 3350; x_wconf 91' lang='lat' dir='ltr'><strong>et</strong></span> <span class='ocrx_word' id='word_1_468' title='bbox 1061 3309 1279 3350; x_wconf 90' lang='lat' dir='ltr'><strong>navem</strong></span> <span class='ocrx_word' id='word_1_469' title='bbox 1300 3293 1569 3366; x_wconf 89' lang='lat' dir='ltr'><strong>pondere</strong></span> <span class='ocrx_word' id='word_1_470' title='bbox 1599 3310 1874 3367; x_wconf 86' lang='lat' dir='ltr'><strong>pressam</strong></span> <span class='ocrx_word' id='word_1_471' title='bbox 1902 3295 2092 3353; x_wconf 88' lang='lat' dir='ltr'><strong>mine-</strong></span> 
     </span>
    </p>
   </div>
   <div class='ocr_carea' id='block_1_65' title="bbox 432 3380 2090 3456">
    <p class='ocr_par' dir='ltr' id='par_1_65' title="bbox 432 3380 2090 3456">
     <span class='ocr_line' id='line_1_65' title="bbox 432 3380 2090 3456; baseline 0.003 -19"><span class='ocrx_word' id='word_1_472' title='bbox 432 3384 530 3438; x_wconf 85' lang='lat' dir='ltr'><strong>tur</strong></span> <span class='ocrx_word' id='word_1_473' title='bbox 585 3380 865 3452; x_wconf 90' lang='lat' dir='ltr'><strong>obruere,</strong></span> <span class='ocrx_word' id='word_1_474' title='bbox 921 3396 1110 3454; x_wconf 90' lang='lat' dir='ltr'><strong>quam</strong></span> <span class='ocrx_word' id='word_1_475' title='bbox 1170 3382 1545 3440; x_wconf 88' lang='lat' dir='ltr'><strong>velocissime</strong></span> <span class='ocrx_word' id='word_1_476' title='bbox 1598 3388 1875 3456; x_wconf 88' lang='lat' dir='ltr'><strong>possunt,</strong></span> <span class='ocrx_word' id='word_1_477' title='bbox 1932 3400 2090 3442; x_wconf 90' lang='lat' dir='ltr'><strong>onus</strong></span> 
     </span>
    </p>
   </div>
   <div class='ocr_carea' id='block_1_66' title="bbox 432 3471 2089 3543">
    <p class='ocr_par' dir='ltr' id='par_1_66' title="bbox 432 3471 2089 3543">
     <span class='ocr_line' id='line_1_66' title="bbox 432 3471 2089 3543; baseline 0.003 -16"><span class='ocrx_word' id='word_1_478' title='bbox 432 3485 663 3541; x_wconf 90' lang='lat' dir='ltr'><strong>magna</strong></span> <span class='ocrx_word' id='word_1_479' title='bbox 691 3485 765 3526; x_wconf 84' lang='lat' dir='ltr'><strong>ex</strong></span> <span class='ocrx_word' id='word_1_480' title='bbox 789 3474 961 3543; x_wconf 88' lang='lat' dir='ltr'><strong>parte</strong></span> <span class='ocrx_word' id='word_1_481' title='bbox 990 3471 1271 3539; x_wconf 88' lang='lat' dir='ltr'><strong>allevant,</strong></span> <span class='ocrx_word' id='word_1_482' title='bbox 1294 3488 1365 3528; x_wconf 88' lang='lat' dir='ltr'><strong>ac</strong></span> <span class='ocrx_word' id='word_1_483' title='bbox 1387 3488 1619 3529; x_wconf 87' lang='lat' dir='ltr'><strong>merces</strong></span> <span class='ocrx_word' id='word_1_484' title='bbox 1646 3472 2089 3532; x_wconf 88' lang='lat' dir='ltr'><strong>indiserimina-</strong></span> 
     </span>
    </p>
   </div>
   <div class='ocr_carea' id='block_1_67' title="bbox 432 3558 2089 3632">
    <p class='ocr_par' dir='ltr' id='par_1_67' title="bbox 432 3558 2089 3632">
     <span class='ocr_line' id='line_1_67' title="bbox 432 3558 2089 3632; baseline 0.002 -15"><span class='ocrx_word' id='word_1_485' title='bbox 432 3558 539 3617; x_wconf 88' lang='lat' dir='ltr'><strong>tim</strong></span> <span class='ocrx_word' id='word_1_486' title='bbox 573 3558 810 3631; x_wconf 88' lang='lat' dir='ltr'><strong>jaciunt</strong></span> <span class='ocrx_word' id='word_1_487' title='bbox 837 3559 901 3616; x_wconf 90' lang='lat' dir='ltr'><strong>in</strong></span> <span class='ocrx_word' id='word_1_488' title='bbox 944 3576 1134 3632; x_wconf 90' lang='lat' dir='ltr'><strong>mare,</strong></span> <span class='ocrx_word' id='word_1_489' title='bbox 1166 3565 1233 3617; x_wconf 91' lang='lat' dir='ltr'><strong>ut</strong></span> <span class='ocrx_word' id='word_1_490' title='bbox 1259 3560 1467 3618; x_wconf 88' lang='lat' dir='ltr'><strong>navim</strong></span> <span class='ocrx_word' id='word_1_491' title='bbox 1498 3561 1759 3618; x_wconf 85' lang='lat' dir='ltr'><strong>reddant</strong></span> <span class='ocrx_word' id='word_1_492' title='bbox 1804 3562 2089 3620; x_wconf 87' lang='lat' dir='ltr'><strong>ﬂuctibus</strong></span> 
     </span>
    </p>
   </div>
   <div class='ocr_carea' id='block_1_68' title="bbox 435 3648 2087 3725">
    <p class='ocr_par' dir='ltr' id='par_1_68' title="bbox 435 3648 2087 3725">
     <span class='ocr_line' id='line_1_68' title="bbox 435 3648 2087 3725; baseline 0.003 -20"><span class='ocrx_word' id='word_1_493' title='bbox 435 3648 833 3722; x_wconf 88' lang='lat' dir='ltr'><strong>superiorem,</strong></span> <span class='ocrx_word' id='word_1_494' title='bbox 864 3653 923 3706; x_wconf 90' lang='lat' dir='ltr'><strong>et</strong></span> <span class='ocrx_word' id='word_1_495' title='bbox 963 3649 1290 3706; x_wconf 87' lang='lat' dir='ltr'><strong>animabus</strong></span> <span class='ocrx_word' id='word_1_496' title='bbox 1318 3649 1460 3707; x_wconf 83' lang='lat' dir='ltr'><strong>solis</strong></span> <span class='ocrx_word' id='word_1_497' title='bbox 1493 3655 1677 3724; x_wconf 88' lang='lat' dir='ltr'><strong>atque</strong></span> <span class='ocrx_word' id='word_1_498' title='bbox 1707 3652 2087 3725; x_wconf 84' lang='lat' dir='ltr'><strong>corporibus,</strong></span> 
     </span>
    </p>
   </div>
   <div class='ocr_carea' id='block_1_69' title="bbox 431 3736 2089 3815">
    <p class='ocr_par' dir='ltr' id='par_1_69' title="bbox 431 3736 2089 3815">
     <span class='ocr_line' id='line_1_69' title="bbox 431 3736 2089 3815; baseline 0.003 -22"><span class='ocrx_word' id='word_1_499' title='bbox 431 3736 481 3794; x_wconf 87' lang='lat' dir='ltr'><strong>si</strong></span> <span class='ocrx_word' id='word_1_500' title='bbox 518 3736 704 3794; x_wconf 89' lang='lat' dir='ltr'><strong>modo</strong></span> <span class='ocrx_word' id='word_1_501' title='bbox 745 3737 873 3794; x_wconf 83' lang='lat' dir='ltr'><strong>ﬁeri</strong></span> <span class='ocrx_word' id='word_1_502' title='bbox 903 3737 1116 3811; x_wconf 90' lang='lat' dir='ltr'><strong>possit,</strong></span> <span class='ocrx_word' id='word_1_503' title='bbox 1144 3738 1377 3795; x_wconf 89' lang='lat' dir='ltr'><strong>vitandi</strong></span> <span class='ocrx_word' id='word_1_504' title='bbox 1418 3740 1667 3813; x_wconf 89' lang='lat' dir='ltr'><strong>periculi</strong></span> <span class='ocrx_word' id='word_1_505' title='bbox 1701 3740 1908 3798; x_wconf 89' lang='lat' dir='ltr'><strong>locum</strong></span> <span class='ocrx_word' id='word_1_506' title='bbox 1933 3757 2089 3815; x_wconf 67' lang='lat' dir='ltr'><strong>prm-</strong></span> 
     </span>
    </p>
   </div>
   <div class='ocr_carea' id='block_1_70' title="bbox 430 3824 2090 3901">
    <p class='ocr_par' dir='ltr' id='par_1_70' title="bbox 430 3824 2090 3901">
     <span class='ocr_line' id='line_1_70' title="bbox 430 3824 2090 3901; baseline 0.004 -19"><span class='ocrx_word' id='word_1_507' title='bbox 430 3824 636 3883; x_wconf 90' lang='lat' dir='ltr'><strong>beant.</strong></span> <span class='ocrx_word' id='word_1_508' title='bbox 659 3829 786 3883; x_wconf 90' lang='lat' dir='ltr'><strong>Imo</strong></span> <span class='ocrx_word' id='word_1_509' title='bbox 806 3827 987 3884; x_wconf 84' lang='lat' dir='ltr'><strong>etiam</strong></span> <span class='ocrx_word' id='word_1_510' title='bbox 1006 3827 1135 3884; x_wconf 67' lang='lat' dir='ltr'><strong>haec</strong></span> <span class='ocrx_word' id='word_1_511' title='bbox 1157 3827 1324 3901; x_wconf 90' lang='lat' dir='ltr'><strong>apud</strong></span> <span class='ocrx_word' id='word_1_512' title='bbox 1348 3844 1461 3885; x_wconf 89' lang='lat' dir='ltr'><strong>nos</strong></span> <span class='ocrx_word' id='word_1_513' title='bbox 1489 3835 1548 3886; x_wconf 91' lang='lat' dir='ltr'><strong>et</strong></span> <span class='ocrx_word' id='word_1_514' title='bbox 1567 3835 1828 3891; x_wconf 79' lang='lat' dir='ltr'><strong>statuere</strong></span> <span class='ocrx_word' id='word_1_515' title='bbox 1848 3834 1906 3887; x_wconf 89' lang='lat' dir='ltr'><strong>et</strong></span> <span class='ocrx_word' id='word_1_516' title='bbox 1927 3847 2090 3889; x_wconf 81' lang='lat' dir='ltr'><strong>exse-</strong></span> 
     </span>
    </p>
   </div>
   <div class='ocr_carea' id='block_1_71' title="bbox 430 3914 2088 3989">
    <p class='ocr_par' dir='ltr' id='par_1_71' title="bbox 430 3914 2088 3989">
     <span class='ocr_line' id='line_1_71' title="bbox 430 3914 2088 3989; baseline 0.004 -19"><span class='ocrx_word' id='word_1_517' title='bbox 430 3914 538 3987; x_wconf 91' lang='lat' dir='ltr'><strong>qui</strong></span> <span class='ocrx_word' id='word_1_518' title='bbox 555 3914 736 3987; x_wconf 88' lang='lat' dir='ltr'><strong>longe</strong></span> <span class='ocrx_word' id='word_1_519' title='bbox 755 3917 952 3987; x_wconf 88' lang='lat' dir='ltr'><strong>magis</strong></span> <span class='ocrx_word' id='word_1_520' title='bbox 972 3917 1150 3973; x_wconf 90' lang='lat' dir='ltr'><strong>nobis</strong></span> <span class='ocrx_word' id='word_1_521' title='bbox 1166 3933 1351 3989; x_wconf 89' lang='lat' dir='ltr'><strong>quam</strong></span> <span class='ocrx_word' id='word_1_522' title='bbox 1369 3918 1483 3980; x_wconf 80' lang='lat' dir='ltr'><strong>illis</strong></span> <span class='ocrx_word' id='word_1_523' title='bbox 1505 3919 1801 3977; x_wconf 90' lang='lat' dir='ltr'><strong>convenit.</strong></span> <span class='ocrx_word' id='word_1_524' title='bbox 1820 3919 1904 3977; x_wconf 84' lang='lat' dir='ltr'><strong>illi</strong></span> <span class='ocrx_word' id='word_1_525' title='bbox 1925 3920 2088 3977; x_wconf 88' lang='lat' dir='ltr'><strong>enim</strong></span> 
     </span>
    </p>
   </div>
   <div class='ocr_carea' id='block_1_72' title="bbox 431 4003 2087 4077">
    <p class='ocr_par' dir='ltr' id='par_1_72' title="bbox 431 4003 2087 4077">
     <span class='ocr_line' id='line_1_72' title="bbox 431 4003 2087 4077; baseline 0.004 -18"><span class='ocrx_word' id='word_1_526' title='bbox 431 4003 731 4076; x_wconf 89' lang='lat' dir='ltr'><strong>quidquid</strong></span> <span class='ocrx_word' id='word_1_527' title='bbox 761 4005 1008 4062; x_wconf 86' lang='lat' dir='ltr'><strong>tandem</strong></span> <span class='ocrx_word' id='word_1_528' title='bbox 1054 4005 1361 4077; x_wconf 87' lang='lat' dir='ltr'><strong>ejecerint,</strong></span> <span class='ocrx_word' id='word_1_529' title='bbox 1391 4007 1551 4064; x_wconf 89' lang='lat' dir='ltr'><strong>illico</strong></span> <span class='ocrx_word' id='word_1_530' title='bbox 1593 4008 1895 4077; x_wconf 87' lang='lat' dir='ltr'><strong>amittunt,</strong></span> <span class='ocrx_word' id='word_1_531' title='bbox 1925 4013 1983 4066; x_wconf 91' lang='lat' dir='ltr'><strong>et</strong></span> <span class='ocrx_word' id='word_1_532' title='bbox 2011 4008 2087 4066; x_wconf 91' lang='lat' dir='ltr'><strong>de</strong></span> 
     </span>
    </p>
   </div>
   <div class='ocr_carea' id='block_1_73' title="bbox 429 4093 2087 4171">
    <p class='ocr_par' dir='ltr' id='par_1_73' title="bbox 429 4093 2087 4171">
     <span class='ocr_line' id='line_1_73' title="bbox 429 4093 2087 4171; baseline 0.004 -22"><span class='ocrx_word' id='word_1_533' title='bbox 429 4098 642 4150; x_wconf 64' lang='lat' dir='ltr'><strong>caetero</strong></span> <span class='ocrx_word' id='word_1_534' title='bbox 686 4093 960 4151; x_wconf 89' lang='lat' dir='ltr'><strong>incidunt</strong></span> <span class='ocrx_word' id='word_1_535' title='bbox 1004 4093 1174 4151; x_wconf 90' lang='lat' dir='ltr'><strong>inviti</strong></span> <span class='ocrx_word' id='word_1_536' title='bbox 1211 4095 1274 4151; x_wconf 92' lang='lat' dir='ltr'><strong>in</strong></span> <span class='ocrx_word' id='word_1_537' title='bbox 1320 4101 1761 4169; x_wconf 85' lang='lat' dir='ltr'><strong>paupertatem,</strong></span> <span class='ocrx_word' id='word_1_538' title='bbox 1791 4099 2087 4171; x_wconf 74' lang='lat' dir='ltr'><strong>nosjvero</strong></span> 
     </span>
    </p>
   </div>
   <div class='ocr_carea' id='block_1_74' title="bbox 428 4182 2087 4258">
    <p class='ocr_par' dir='ltr' id='par_1_74' title="bbox 428 4182 2087 4258">
     <span class='ocr_line' id='line_1_74' title="bbox 428 4182 2087 4258; baseline 0.005 -20"><span class='ocrx_word' id='word_1_539' title='bbox 428 4198 552 4256; x_wconf 92' lang='lat' dir='ltr'><strong>quo</strong></span> <span class='ocrx_word' id='word_1_540' title='bbox 580 4182 754 4239; x_wconf 90' lang='lat' dir='ltr'><strong>citius</strong></span> <span class='ocrx_word' id='word_1_541' title='bbox 787 4199 1044 4257; x_wconf 89' lang='lat' dir='ltr'><strong>parvum</strong></span> <span class='ocrx_word' id='word_1_542' title='bbox 1068 4184 1185 4241; x_wconf 88' lang='lat' dir='ltr'><strong>hoc</strong></span> <span class='ocrx_word' id='word_1_543' title='bbox 1210 4201 1366 4241; x_wconf 89' lang='lat' dir='ltr'><strong>onus</strong></span> <span class='ocrx_word' id='word_1_544' title='bbox 1390 4186 1841 4258; x_wconf 89' lang='lat' dir='ltr'><strong>projeeerimus,</strong></span> <span class='ocrx_word' id='word_1_545' title='bbox 1863 4203 1936 4245; x_wconf 91' lang='lat' dir='ltr'><strong>eo</strong></span> <span class='ocrx_word' id='word_1_546' title='bbox 1960 4204 2087 4246; x_wconf 87' lang='lat' dir='ltr'><strong>am-</strong></span> 
     </span>
    </p>
   </div>
   <div class='ocr_carea' id='block_1_75' title="bbox 432 4270 2088 4348">
    <p class='ocr_par' dir='ltr' id='par_1_75' title="bbox 432 4270 2088 4348">
     <span class='ocr_line' id='line_1_75' title="bbox 432 4270 2088 4348; baseline 0.005 -22"><span class='ocrx_word' id='word_1_547' title='bbox 432 4270 651 4343; x_wconf 88' lang='lat' dir='ltr'><strong>pliores</strong></span> <span class='ocrx_word' id='word_1_548' title='bbox 672 4273 1242 4348; x_wconf 68' lang='lat' dir='ltr'><strong>prmstantioresque</strong></span> <span class='ocrx_word' id='word_1_549' title='bbox 1257 4275 1497 4332; x_wconf 87' lang='lat' dir='ltr'><strong>divitias</strong></span> <span class='ocrx_word' id='word_1_550' title='bbox 1520 4275 1847 4334; x_wconf 86' lang='lat' dir='ltr'><strong>animabus</strong></span> <span class='ocrx_word' id='word_1_551' title='bbox 1861 4278 2088 4335; x_wconf 87' lang='lat' dir='ltr'><strong>nostris</strong></span> 
     </span>
    </p>
   </div>
   <div class='ocr_carea' id='block_1_76' title="bbox 429 4361 2160 4454">
    <p class='ocr_par' dir='ltr' id='par_1_76' title="bbox 429 4361 2160 4454">
     <span class='ocr_line' id='line_1_76' title="bbox 429 4361 2160 4454; baseline 0.008 -40"><span class='ocrx_word' id='word_1_552' title='bbox 429 4361 980 4454; x_wconf 36' lang='lat' dir='ltr'><strong>ac-cumuiabimus.</strong></span> <span class='ocrx_word' id='word_1_553' title='bbox 1004 4364 1295 4422; x_wconf 90' lang='lat' dir='ltr'><strong>Scortatio</strong></span> <span class='ocrx_word' id='word_1_554' title='bbox 1313 4381 1604 4440; x_wconf 89' lang='lat' dir='ltr'><strong>namque,</strong></span> <span class='ocrx_word' id='word_1_555' title='bbox 1625 4371 1683 4424; x_wconf 86' lang='lat' dir='ltr'><strong>et</strong></span> <span class='ocrx_word' id='word_1_556' title='bbox 1705 4383 2087 4443; x_wconf 59' lang='lat' dir='ltr'><strong>quacunque</strong></span> <span class='ocrx_word' id='word_1_557' title='bbox 2116 4398 2160 4454; x_wconf 72' lang='grc' dir='ltr'>ο</span> 
     </span>
    </p>
   </div>
   <div class='ocr_carea' id='block_1_77' title="bbox 429 4448 2085 4527">
    <p class='ocr_par' dir='ltr' id='par_1_77' title="bbox 429 4448 2085 4527">
     <span class='ocr_line' id='line_1_77' title="bbox 429 4448 2085 4527; baseline 0.007 -23"><span class='ocrx_word' id='word_1_558' title='bbox 429 4448 576 4506; x_wconf 85' lang='lat' dir='ltr'><strong>talia</strong></span> <span class='ocrx_word' id='word_1_559' title='bbox 617 4455 781 4514; x_wconf 89' lang='lat' dir='ltr'><strong>sunt.</strong></span> <span class='ocrx_word' id='word_1_560' title='bbox 809 4452 998 4524; x_wconf 89' lang='lat' dir='ltr'><strong>ejecta</strong></span> <span class='ocrx_word' id='word_1_561' title='bbox 1036 4460 1317 4527; x_wconf 88' lang='lat' dir='ltr'><strong>pereunt,</strong></span> <span class='ocrx_word' id='word_1_562' title='bbox 1356 4460 1414 4513; x_wconf 90' lang='lat' dir='ltr'><strong>et</strong></span> <span class='ocrx_word' id='word_1_563' title='bbox 1455 4471 1530 4512; x_wconf 91' lang='lat' dir='ltr'><strong>eo</strong></span> <span class='ocrx_word' id='word_1_564' title='bbox 1556 4456 1882 4515; x_wconf 90' lang='lat' dir='ltr'><strong>deveniunt</strong></span> <span class='ocrx_word' id='word_1_565' title='bbox 1916 4463 1983 4516; x_wconf 90' lang='lat' dir='ltr'><strong>ut</strong></span> <span class='ocrx_word' id='word_1_566' title='bbox 2009 4474 2085 4516; x_wconf 90' lang='lat' dir='ltr'><strong>ne</strong></span> 
     </span>
    </p>
   </div>
   <div class='ocr_carea' id='block_1_78' title="bbox 429 4538 2081 4619">
    <p class='ocr_par' dir='ltr' id='par_1_78' title="bbox 429 4538 2081 4619">
     <span class='ocr_line' id='line_1_78' title="bbox 429 4538 2081 4619; baseline 0.008 -25"><span class='ocrx_word' id='word_1_567' title='bbox 429 4538 552 4596; x_wconf 90' lang='lat' dir='ltr'><strong>sint</strong></span> <span class='ocrx_word' id='word_1_568' title='bbox 592 4539 843 4613; x_wconf 89' lang='lat' dir='ltr'><strong>quidem</strong></span> <span class='ocrx_word' id='word_1_569' title='bbox 887 4543 1172 4616; x_wconf 91' lang='lat' dir='ltr'><strong>amplius,</strong></span> <span class='ocrx_word' id='word_1_570' title='bbox 1217 4561 1356 4602; x_wconf 91' lang='lat' dir='ltr'><strong>eum</strong></span> <span class='ocrx_word' id='word_1_571' title='bbox 1400 4545 1688 4619; x_wconf 88' lang='lat' dir='ltr'><strong>laerymis</strong></span> <span class='ocrx_word' id='word_1_572' title='bbox 1729 4547 2081 4607; x_wconf 86' lang='lat' dir='ltr'><strong>deleantur:</strong></span> 
     </span>
    </p>
   </div>
   <div class='ocr_carea' id='block_1_79' title="bbox 430 4623 2085 4705">
    <p class='ocr_par' dir='ltr' id='par_1_79' title="bbox 430 4623 2085 4705">
     <span class='ocr_line' id='line_1_79' title="bbox 430 4623 2085 4705; baseline 0.007 -25"><span class='ocrx_word' id='word_1_573' title='bbox 430 4623 838 4683; x_wconf 85' lang='lat' dir='ltr'><strong>sanctimonia</strong></span> <span class='ocrx_word' id='word_1_574' title='bbox 865 4643 1004 4685; x_wconf 91' lang='lat' dir='ltr'><strong>vero</strong></span> <span class='ocrx_word' id='word_1_575' title='bbox 1032 4633 1090 4686; x_wconf 89' lang='lat' dir='ltr'><strong>et</strong></span> <span class='ocrx_word' id='word_1_576' title='bbox 1112 4629 1344 4701; x_wconf 87' lang='lat' dir='ltr'><strong>justitia</strong></span> <span class='ocrx_word' id='word_1_577' title='bbox 1374 4630 1437 4687; x_wconf 92' lang='lat' dir='ltr'><strong>in</strong></span> <span class='ocrx_word' id='word_1_578' title='bbox 1464 4630 1709 4689; x_wconf 86' lang='lat' dir='ltr'><strong>illorum</strong></span> <span class='ocrx_word' id='word_1_579' title='bbox 1742 4638 1956 4705; x_wconf 89' lang='lat' dir='ltr'><strong>postea</strong></span> <span class='ocrx_word' id='word_1_580' title='bbox 1993 4633 2085 4691; x_wconf 85' lang='lat' dir='ltr'><strong>lo-</strong></span> 
     </span>
    </p>
   </div>
   <div class='ocr_carea' id='block_1_80' title="bbox 426 4716 2084 4792">
    <p class='ocr_par' dir='ltr' id='par_1_80' title="bbox 426 4716 2084 4792">
     <span class='ocr_line' id='line_1_80' title="bbox 426 4716 2084 4792; baseline 0.007 -24"><span class='ocrx_word' id='word_1_581' title='bbox 426 4727 567 4769; x_wconf 90' lang='lat' dir='ltr'><strong>cum</strong></span> <span class='ocrx_word' id='word_1_582' title='bbox 597 4716 938 4786; x_wconf 90' lang='lat' dir='ltr'><strong>transeunt,</strong></span> <span class='ocrx_word' id='word_1_583' title='bbox 969 4732 1065 4774; x_wconf 90' lang='lat' dir='ltr'><strong>res</strong></span> <span class='ocrx_word' id='word_1_584' title='bbox 1106 4717 1288 4786; x_wconf 88' lang='lat' dir='ltr'><strong>leves,</strong></span> <span class='ocrx_word' id='word_1_585' title='bbox 1325 4723 1383 4775; x_wconf 89' lang='lat' dir='ltr'><strong>et</strong></span> <span class='ocrx_word' id='word_1_586' title='bbox 1411 4735 1545 4792; x_wconf 71' lang='lat' dir='ltr'><strong>quin</strong></span> <span class='ocrx_word' id='word_1_587' title='bbox 1586 4720 1871 4779; x_wconf 87' lang='lat' dir='ltr'><strong>ﬂuctibus</strong></span> <span class='ocrx_word' id='word_1_588' title='bbox 1902 4722 2084 4780; x_wconf 87' lang='lat' dir='ltr'><strong>nullis</strong></span> 
     </span>
    </p>
   </div>
   <div class='ocr_carea' id='block_1_81' title="bbox 427 4801 2084 4884">
    <p class='ocr_par' dir='ltr' id='par_1_81' title="bbox 427 4801 2084 4884">
     <span class='ocr_line' id='line_1_81' title="bbox 427 4801 2084 4884; baseline 0.008 -27"><span class='ocrx_word' id='word_1_589' title='bbox 427 4806 657 4875; x_wconf 88' lang='lat' dir='ltr'><strong>queant</strong></span> <span class='ocrx_word' id='word_1_590' title='bbox 674 4801 946 4861; x_wconf 86' lang='lat' dir='ltr'><strong>obvolvi.</strong></span> <span class='ocrx_word' id='word_1_591' title='bbox 981 4808 1185 4879; x_wconf 83' lang='lat' dir='ltr'><strong>Neque</strong></span> <span class='ocrx_word' id='word_1_592' title='bbox 1205 4822 1346 4864; x_wconf 90' lang='lat' dir='ltr'><strong>vero</strong></span> <span class='ocrx_word' id='word_1_593' title='bbox 1367 4810 1640 4881; x_wconf 75' lang='lat' dir='ltr'><strong>pecuniae</strong></span> <span class='ocrx_word' id='word_1_594' title='bbox 1664 4810 1852 4882; x_wconf 89' lang='lat' dir='ltr'><strong>probe</strong></span> <span class='ocrx_word' id='word_1_595' title='bbox 1881 4812 2084 4884; x_wconf 61' lang='lat' dir='ltr'><strong>ejecta:</strong></span> 
     </span>
    </p>
   </div>
   <div class='ocr_carea' id='block_1_82' title="bbox 426 4891 2081 4975">
    <p class='ocr_par' dir='ltr' id='par_1_82' title="bbox 426 4891 2081 4975">
     <span class='ocr_line' id='line_1_82' title="bbox 426 4891 2081 4975; baseline 0.007 -28"><span class='ocrx_word' id='word_1_596' title='bbox 426 4895 679 4965; x_wconf 86' lang='lat' dir='ltr'><strong>pereunt</strong></span> <span class='ocrx_word' id='word_1_597' title='bbox 698 4891 1152 4952; x_wconf 84' lang='lat' dir='ltr'><strong>effundentibus</strong></span> <span class='ocrx_word' id='word_1_598' title='bbox 1172 4912 1246 4954; x_wconf 93' lang='lat' dir='ltr'><strong>ac</strong></span> <span class='ocrx_word' id='word_1_599' title='bbox 1266 4897 1753 4970; x_wconf 82' lang='lat' dir='ltr'><strong>projicientibus:</strong></span> <span class='ocrx_word' id='word_1_600' title='bbox 1778 4899 1886 4958; x_wconf 90' lang='lat' dir='ltr'><strong>sed</strong></span> <span class='ocrx_word' id='word_1_601' title='bbox 1904 4901 2081 4975; x_wconf 85' lang='lat' dir='ltr'><strong>quasi</strong></span> 
     </span>
    </p>
   </div>
   <div class='ocr_carea' id='block_1_83' title="bbox 424 4978 2082 5066">
    <p class='ocr_par' dir='ltr' id='par_1_83' title="bbox 424 4978 2082 5066">
     <span class='ocr_line' id='line_1_83' title="bbox 424 4978 2082 5066; baseline 0.008 -29"><span class='ocrx_word' id='word_1_602' title='bbox 424 4978 489 5038; x_wconf 91' lang='lat' dir='ltr'><strong>in</strong></span> <span class='ocrx_word' id='word_1_603' title='bbox 506 4979 659 5039; x_wconf 85' lang='lat' dir='ltr'><strong>alias</strong></span> <span class='ocrx_word' id='word_1_604' title='bbox 681 4982 989 5057; x_wconf 85' lang='lat' dir='ltr'><strong>quasdam</strong></span> <span class='ocrx_word' id='word_1_605' title='bbox 1008 4985 1318 5045; x_wconf 88' lang='lat' dir='ltr'><strong>onerarias</strong></span> <span class='ocrx_word' id='word_1_606' title='bbox 1344 5003 1530 5045; x_wconf 88' lang='lat' dir='ltr'><strong>naves</strong></span> <span class='ocrx_word' id='word_1_607' title='bbox 1559 4990 2082 5066; x_wconf 76' lang='lat' dir='ltr'><strong>tutiores,‘paupe-</strong></span> 
     </span>
    </p>
   </div>
   <div class='ocr_carea' id='block_1_84' title="bbox 496 5140 1645 5220">
    <p class='ocr_par' dir='ltr' id='par_1_84' title="bbox 496 5140 1645 5220">
     <span class='ocr_line' id='line_1_84' title="bbox 496 5140 1645 5220; baseline 0.009 -22"><span class='ocrx_word' id='word_1_608' title='bbox 496 5140 546 5179; x_wconf 79' lang='grc'><strong>⁸⁸</strong></span> <span class='ocrx_word' id='word_1_609' title='bbox 589 5144 611 5200; x_wconf 85' lang='grc' dir='ltr'><strong>ι</strong></span> <span class='ocrx_word' id='word_1_610' title='bbox 649 5141 808 5200; x_wconf 92' lang='lat' dir='ltr'><strong>Tim.</strong></span> <span class='ocrx_word' id='word_1_611' title='bbox 846 5160 924 5219; x_wconf 77' lang='lat' dir='ltr'><strong>vi,</strong></span> <span class='ocrx_word' id='word_1_612' title='bbox 961 5149 1019 5216; x_wconf 88' lang='lat'><strong>7,</strong></span> <span class='ocrx_word' id='word_1_613' title='bbox 1060 5148 1114 5204; x_wconf 91' lang='lat'><strong>8.</strong></span> <span class='ocrx_word' id='word_1_614' title='bbox 1190 5148 1239 5185; x_wconf 72' lang='lat'><strong>‘9</strong></span> <span class='ocrx_word' id='word_1_615' title='bbox 1278 5148 1432 5207; x_wconf 88' lang='lat' dir='ltr'><strong>Psal.</strong></span> <span class='ocrx_word' id='word_1_616' title='bbox 1474 5166 1550 5220; x_wconf 76' lang='lat' dir='ltr'><strong>vi,</strong></span> <span class='ocrx_word' id='word_1_617' title='bbox 1591 5154 1645 5209; x_wconf 84' lang='lat'><strong>6.</strong></span> 
     </span>
    </p>
   </div>
   <div class='ocr_carea' id='block_1_85' title="bbox 428 5284 2081 5370">
    <p class='ocr_par' dir='ltr' id='par_1_85' title="bbox 428 5284 2081 5370">
     <span class='ocr_line' id='line_1_85' title="bbox 428 5284 2081 5370; baseline 0.004 -27"><span class='ocrx_word' id='word_1_618' title='bbox 428 5348 464 5370; x_wconf 37' lang='grc' dir='ltr'>ᾖ</span> <span class='ocrx_word' id='word_1_619' title='bbox 495 5284 614 5370; x_wconf 63' lang='grc' dir='ltr'><strong>(ρἹ)</strong></span> <span class='ocrx_word' id='word_1_620' title='bbox 653 5285 809 5370; x_wconf 79' lang='lat' dir='ltr'><strong>Editi</strong></span> <span class='ocrx_word' id='word_1_621' title='bbox 858 5286 1101 5370; x_wconf 75' lang='grc' dir='ltr'>ἀνόνητα.</span> <span class='ocrx_word' id='word_1_622' title='bbox 1151 5292 1396 5366; x_wconf 80' lang='lat' dir='ltr'><strong>Antiqui</strong></span> <span class='ocrx_word' id='word_1_623' title='bbox 1443 5296 1562 5350; x_wconf 82' lang='lat' dir='ltr'><strong>tres</strong></span> <span class='ocrx_word' id='word_1_624' title='bbox 1595 5292 1734 5351; x_wconf 85' lang='lat' dir='ltr'><strong>libri</strong></span> <span class='ocrx_word' id='word_1_625' title='bbox 1776 5292 1990 5365; x_wconf 79' lang='grc' dir='ltr'>ἀνόητα,</span> <span class='ocrx_word' id='word_1_626' title='bbox 2022 5299 2081 5354; x_wconf 86' lang='lat' dir='ltr'><strong>et</strong></span> 
     </span>
    </p>
   </div>
   <div class='ocr_carea' id='block_1_86' title="bbox 422 5354 1105 5427">
    <p class='ocr_par' dir='ltr' id='par_1_86' title="bbox 422 5354 1105 5427">
     <span class='ocr_line' id='line_1_86' title="bbox 422 5354 1105 5427; baseline 0.013 -19"><span class='ocrx_word' id='word_1_627' title='bbox 422 5354 509 5427; x_wconf 76' lang='lat' dir='ltr'><strong>ita</strong></span> <span class='ocrx_word' id='word_1_628' title='bbox 537 5354 768 5427; x_wconf 80' lang='lat' dir='ltr'><strong>legerat</strong></span> <span class='ocrx_word' id='word_1_629' title='bbox 791 5359 1105 5427; x_wconf 88' lang='lat' dir='ltr'><strong>interpres.</strong></span> 
     </span>
    </p>
   </div>
   <div class='ocr_carea' id='block_1_87' title="bbox 422 5424 2076 5556">
    <p class='ocr_par' dir='ltr' id='par_1_87' title="bbox 422 5424 2076 5554">
     <span class='ocr_line' id='line_1_87' title="bbox 422 5424 2076 5554; baseline -0.022 -22"><span class='ocrx_word' id='word_1_630' title='bbox 422 5424 819 5554; x_wconf 49' lang='grc' dir='ltr'><strong>άέέξῗέηξξηυδ</strong></span> <span class='ocrx_word' id='word_1_631' title='bbox 850 5424 1019 5491; x_wconf 56' lang='grc' dir='ltr'><strong>(δοηλ</strong></span> <span class='ocrx_word' id='word_1_632' title='bbox 1051 5430 1126 5505; x_wconf 63' lang='grc' dir='ltr'><strong>ἐφ’</strong></span> <span class='ocrx_word' id='word_1_633' title='bbox 1150 5432 1331 5488; x_wconf 61' lang='grc' dir='ltr'>ἔαυτόν</span> <span class='ocrx_word' id='word_1_634' title='bbox 1363 5434 1672 5509; x_wconf 68' lang='grc' dir='ltr'>συνήγαγεν,</span> <span class='ocrx_word' id='word_1_635' title='bbox 1697 5453 1883 5495; x_wconf 90' lang='lat' dir='ltr'><strong>sensu</strong></span> <span class='ocrx_word' id='word_1_636' title='bbox 1910 5439 2076 5498; x_wconf 86' lang='lat' dir='ltr'><strong>haud</strong></span> 
     </span>
    </p>
   </div>
   <div class='ocr_carea' id='block_1_88' title="bbox 2197 3111 3811 3188">
    <p class='ocr_par' dir='ltr' id='par_1_88' title="bbox 2197 3111 3811 3188">
     <span class='ocr_line' id='line_1_88' title="bbox 2197 3111 3811 3188; baseline -0.001 -23"><span class='ocrx_word' id='word_1_637' title='bbox 2197 3131 2272 3166; x_wconf 79' lang='grc' dir='ltr'><strong>νοι</strong></span> <span class='ocrx_word' id='word_1_638' title='bbox 2304 3115 2426 3188; x_wconf 68' lang='grc' dir='ltr'>γὰρ,</span> <span class='ocrx_word' id='word_1_639' title='bbox 2460 3111 2503 3166; x_wconf 83' lang='grc' dir='ltr'><strong>εί</strong></span> <span class='ocrx_word' id='word_1_640' title='bbox 2548 3116 2638 3166; x_wconf 89' lang='grc' dir='ltr'><strong>καί</strong></span> <span class='ocrx_word' id='word_1_641' title='bbox 2674 3133 2728 3166; x_wconf 87' lang='grc' dir='ltr'><strong>τι</strong></span> <span class='ocrx_word' id='word_1_642' title='bbox 2774 3121 2875 3167; x_wconf 86' lang='grc' dir='ltr'>τῶν</span> <span class='ocrx_word' id='word_1_643' title='bbox 2906 3112 3199 3186; x_wconf 74' lang='grc' dir='ltr'>ἀναγκαίων</span> <span class='ocrx_word' id='word_1_644' title='bbox 3242 3112 3328 3167; x_wconf 79' lang='grc' dir='ltr'><strong>ἐπί</strong></span> <span class='ocrx_word' id='word_1_645' title='bbox 3368 3121 3459 3175; x_wconf 75' lang='grc' dir='ltr'>τῆς</span> <span class='ocrx_word' id='word_1_646' title='bbox 3494 3117 3615 3174; x_wconf 82' lang='grc' dir='ltr'><strong>νηὸς</strong></span> <span class='ocrx_word' id='word_1_647' title='bbox 3654 3114 3811 3184; x_wconf 71' lang='grc' dir='ltr'>ἆγον·-</span> 
     </span>
    </p>
   </div>
   <div class='ocr_carea' id='block_1_89' title="bbox 2196 3198 3809 3276">
    <p class='ocr_par' dir='ltr' id='par_1_89' title="bbox 2196 3198 3809 3276">
     <span class='ocr_line' id='line_1_89' title="bbox 2196 3198 3809 3276; baseline -0.001 -21"><span class='ocrx_word' id='word_1_648' title='bbox 2196 3220 2281 3263; x_wconf 90' lang='grc' dir='ltr'><strong>τες</strong></span> <span class='ocrx_word' id='word_1_649' title='bbox 2307 3205 2542 3274; x_wconf 84' lang='grc' dir='ltr'>τύχοιεν,</span> <span class='ocrx_word' id='word_1_650' title='bbox 2581 3198 2789 3256; x_wconf 73' lang='grc' dir='ltr'>κλύδων</span> <span class='ocrx_word' id='word_1_651' title='bbox 2833 3198 2894 3256; x_wconf 73' lang='grc' dir='ltr'>δε</span> <span class='ocrx_word' id='word_1_652' title='bbox 2935 3201 3199 3276; x_wconf 74' lang='grc' dir='ltr'>ἐπαναστῇ</span> <span class='ocrx_word' id='word_1_653' title='bbox 3230 3203 3355 3265; x_wconf 74' lang='grc' dir='ltr'><strong>ζέων</strong></span> <span class='ocrx_word' id='word_1_654' title='bbox 3404 3201 3458 3256; x_wconf 90' lang='grc' dir='ltr'><strong>ἐκ</strong></span> <span class='ocrx_word' id='word_1_655' title='bbox 3505 3222 3597 3256; x_wconf 83' lang='grc' dir='ltr'><strong>τον</strong></span> <span class='ocrx_word' id='word_1_656' title='bbox 3645 3201 3809 3256; x_wconf 90' lang='grc' dir='ltr'>πελά-</span> 
     </span>
    </p>
   </div>
   <div class='ocr_carea' id='block_1_90' title="bbox 2195 3291 3810 3367">
    <p class='ocr_par' dir='ltr' id='par_1_90' title="bbox 2195 3291 3810 3367">
     <span class='ocr_line' id='line_1_90' title="bbox 2195 3291 3810 3367; baseline -0.001 -22"><span class='ocrx_word' id='word_1_657' title='bbox 2195 3310 2322 3364; x_wconf 68' lang='grc' dir='ltr'>γους</span> <span class='ocrx_word' id='word_1_658' title='bbox 2366 3291 2564 3359; x_wconf 81' lang='grc' dir='ltr'>αύτοῖς,</span> <span class='ocrx_word' id='word_1_659' title='bbox 2613 3295 2706 3346; x_wconf 79' lang='grc' dir='ltr'>καὶ</span> <span class='ocrx_word' id='word_1_660' title='bbox 2759 3292 3034 3347; x_wconf 80' lang='grc' dir='ltr'>καλύπτειν</span> <span class='ocrx_word' id='word_1_661' title='bbox 3079 3291 3335 3367; x_wconf 72' lang='grc' dir='ltr'>ἀπειλήσῃ</span> <span class='ocrx_word' id='word_1_662' title='bbox 3362 3295 3477 3364; x_wconf 83' lang='grc'>(99)</span> <span class='ocrx_word' id='word_1_663' title='bbox 3525 3295 3810 3365; x_wconf 82' lang='grc' dir='ltr'>πεπιεσμέ-</span> 
     </span>
    </p>
   </div>
   <div class='ocr_carea' id='block_1_91' title="bbox 2195 3383 3805 3456">
    <p class='ocr_par' dir='ltr' id='par_1_91' title="bbox 2195 3383 3805 3456">
     <span class='ocr_line' id='line_1_91' title="bbox 2195 3383 3805 3456; baseline 0.001 -22"><span class='ocrx_word' id='word_1_664' title='bbox 2195 3401 2287 3440; x_wconf 80' lang='grc' dir='ltr'><strong>νην</strong></span> <span class='ocrx_word' id='word_1_665' title='bbox 2334 3390 2408 3454; x_wconf 82' lang='grc' dir='ltr'>τῷ</span> <span class='ocrx_word' id='word_1_666' title='bbox 2460 3386 2632 3456; x_wconf 83' lang='grc' dir='ltr'>φόρτῳ</span> <span class='ocrx_word' id='word_1_667' title='bbox 2683 3387 2779 3442; x_wconf 74' lang='grc' dir='ltr'><strong>τὴν</strong></span> <span class='ocrx_word' id='word_1_668' title='bbox 2829 3391 2975 3452; x_wconf 83' lang='grc' dir='ltr'>ναῦν,</span> <span class='ocrx_word' id='word_1_669' title='bbox 3026 3385 3163 3446; x_wconf 83' lang='grc' dir='ltr'>ὅπως</span> <span class='ocrx_word' id='word_1_670' title='bbox 3219 3385 3411 3456; x_wconf 75' lang='grc' dir='ltr'>ἔχουσι</span> <span class='ocrx_word' id='word_1_671' title='bbox 3460 3383 3681 3455; x_wconf 79' lang='grc' dir='ltr'>τάχους,</span> <span class='ocrx_word' id='word_1_672' title='bbox 3741 3385 3805 3436; x_wconf 83' lang='grc' dir='ltr'>τὸ</span> 
     </span>
    </p>
   </div>
   <div class='ocr_carea' id='block_1_92' title="bbox 2194 3469 3804 3545">
    <p class='ocr_par' dir='ltr' id='par_1_92' title="bbox 2194 3469 3804 3545">
     <span class='ocr_line' id='line_1_92' title="bbox 2194 3469 3804 3545; baseline 0.001 -21"><span class='ocrx_word' id='word_1_673' title='bbox 2194 3469 2326 3525; x_wconf 79' lang='grc' dir='ltr'>πολὺ</span> <span class='ocrx_word' id='word_1_674' title='bbox 2373 3478 2467 3525; x_wconf 88' lang='grc' dir='ltr'><strong>τοῦ</strong></span> <span class='ocrx_word' id='word_1_675' title='bbox 2517 3470 2713 3545; x_wconf 84' lang='grc' dir='ltr'>βάρους</span> <span class='ocrx_word' id='word_1_676' title='bbox 2762 3470 3209 3539; x_wconf 80' lang='grc' dir='ltr'>ἀποσκευάζούσι,</span> <span class='ocrx_word' id='word_1_677' title='bbox 3256 3471 3348 3525; x_wconf 86' lang='grc' dir='ltr'>καί</span> <span class='ocrx_word' id='word_1_678' title='bbox 3397 3475 3492 3532; x_wconf 73' lang='grc' dir='ltr'><strong>τὴν</strong></span> <span class='ocrx_word' id='word_1_679' title='bbox 3547 3470 3804 3544; x_wconf 75' lang='grc' dir='ltr'>ἐμπορίαν</span> 
     </span>
    </p>
   </div>
   <div class='ocr_carea' id='block_1_93' title="bbox 2197 3555 3804 3636">
    <p class='ocr_par' dir='ltr' id='par_1_93' title="bbox 2197 3555 3804 3636">
     <span class='ocr_line' id='line_1_93' title="bbox 2197 3555 3804 3636; baseline 0.001 -24"><span class='ocrx_word' id='word_1_680' title='bbox 2197 3555 2421 3633; x_wconf 75' lang='grc' dir='ltr'>ἀφειδῶς</span> <span class='ocrx_word' id='word_1_681' title='bbox 2476 3558 2751 3615; x_wconf 85' lang='grc' dir='ltr'>ἀντλοῦσιν</span> <span class='ocrx_word' id='word_1_682' title='bbox 2801 3561 2875 3624; x_wconf 86' lang='grc' dir='ltr'><strong>εἰς</strong></span> <span class='ocrx_word' id='word_1_683' title='bbox 2930 3561 3223 3629; x_wconf 86' lang='grc' dir='ltr'>θάλασσαν,</span> <span class='ocrx_word' id='word_1_684' title='bbox 3280 3564 3416 3620; x_wconf 76' lang='grc' dir='ltr'>ὥστε</span> <span class='ocrx_word' id='word_1_685' title='bbox 3475 3559 3804 3636; x_wconf 72' lang='grc' dir='ltr'>ὑψηλοτέραν</span> 
     </span>
    </p>
   </div>
   <div class='ocr_carea' id='block_1_94' title="bbox 2195 3648 3807 3725">
    <p class='ocr_par' dir='ltr' id='par_1_94' title="bbox 2195 3648 3807 3725">
     <span class='ocr_line' id='line_1_94' title="bbox 2195 3648 3807 3725; baseline -0.001 -21"><span class='ocrx_word' id='word_1_686' title='bbox 2195 3657 2421 3710; x_wconf 79' lang='grc' dir='ltr'>ποιῆσαι</span> <span class='ocrx_word' id='word_1_687' title='bbox 2459 3653 2552 3710; x_wconf 74' lang='grc' dir='ltr'>τὴν</span> <span class='ocrx_word' id='word_1_688' title='bbox 2596 3657 2721 3704; x_wconf 85' lang='grc' dir='ltr'>ναῦν</span> <span class='ocrx_word' id='word_1_689' title='bbox 2762 3658 2857 3704; x_wconf 88' lang='grc' dir='ltr'><strong>τοῦ</strong></span> <span class='ocrx_word' id='word_1_690' title='bbox 2902 3652 3155 3725; x_wconf 84' lang='grc' dir='ltr'>κύματος,</span> <span class='ocrx_word' id='word_1_691' title='bbox 3186 3654 3278 3704; x_wconf 90' lang='grc' dir='ltr'><strong>καί</strong></span> <span class='ocrx_word' id='word_1_692' title='bbox 3313 3655 3493 3724; x_wconf 83' lang='grc' dir='ltr'>μόναις</span> <span class='ocrx_word' id='word_1_693' title='bbox 3541 3657 3655 3721; x_wconf 82' lang='grc' dir='ltr'>ταῖς</span> <span class='ocrx_word' id='word_1_694' title='bbox 3699 3648 3807 3722; x_wconf 70' lang='grc' dir='ltr'><strong>ψυ-</strong></span> 
     </span>
    </p>
   </div>
   <div class='ocr_carea' id='block_1_95' title="bbox 2195 3737 3805 3815">
    <p class='ocr_par' dir='ltr' id='par_1_95' title="bbox 2195 3737 3805 3815">
     <span class='ocr_line' id='line_1_95' title="bbox 2195 3737 3805 3815; baseline 0.001 -23"><span class='ocrx_word' id='word_1_695' title='bbox 2195 3742 2341 3812; x_wconf 85' lang='grc' dir='ltr'>χαῖς,</span> <span class='ocrx_word' id='word_1_696' title='bbox 2393 3742 2532 3815; x_wconf 80' lang='grc' dir='ltr'>εἰπερ</span> <span class='ocrx_word' id='word_1_697' title='bbox 2589 3740 2696 3793; x_wconf 77' lang='grc' dir='ltr'>οἶόν</span> <span class='ocrx_word' id='word_1_698' title='bbox 2739 3758 2812 3806; x_wconf 90' lang='grc' dir='ltr'><strong>τε,</strong></span> <span class='ocrx_word' id='word_1_699' title='bbox 2853 3743 2944 3793; x_wconf 83' lang='grc' dir='ltr'><strong>καὶ</strong></span> <span class='ocrx_word' id='word_1_700' title='bbox 2988 3747 3097 3804; x_wconf 83' lang='grc' dir='ltr'>τοῖς</span> <span class='ocrx_word' id='word_1_701' title='bbox 3150 3745 3389 3813; x_wconf 84' lang='grc' dir='ltr'>σώμασιν</span> <span class='ocrx_word' id='word_1_702' title='bbox 3443 3737 3492 3792; x_wconf 84' lang='grc' dir='ltr'>ἐν</span> <span class='ocrx_word' id='word_1_703' title='bbox 3544 3746 3638 3793; x_wconf 85' lang='grc' dir='ltr'><strong>τοῦ</strong></span> <span class='ocrx_word' id='word_1_704' title='bbox 3690 3758 3805 3793; x_wconf 81' lang='grc' dir='ltr'>κιν-</span> 
     </span>
    </p>
   </div>
   <div class='ocr_carea' id='block_1_96' title="bbox 2197 3823 3801 3903">
    <p class='ocr_par' dir='ltr' id='par_1_96' title="bbox 2197 3823 3801 3903">
     <span class='ocr_line' id='line_1_96' title="bbox 2197 3823 3801 3903; baseline 0.001 -22"><span class='ocrx_word' id='word_1_705' title='bbox 2197 3823 2357 3882; x_wconf 83' lang='grc' dir='ltr'>δύνον</span> <span class='ocrx_word' id='word_1_706' title='bbox 2417 3824 2603 3883; x_wconf 78' lang='grc' dir='ltr'>δοῦναι</span> <span class='ocrx_word' id='word_1_707' title='bbox 2654 3832 2823 3903; x_wconf 76' lang='grc' dir='ltr'>φυγήν</span> <span class='ocrx_word' id='word_1_708' title='bbox 2870 3829 2948 3901; x_wconf 76' lang='grc'><strong>(1)</strong></span> <span class='ocrx_word' id='word_1_709' title='bbox 3006 3828 3184 3901; x_wconf 81' lang='grc' dir='ltr'>Πολλῷ</span> <span class='ocrx_word' id='word_1_710' title='bbox 3237 3826 3298 3883; x_wconf 67' lang='grc' dir='ltr'>δε</span> <span class='ocrx_word' id='word_1_711' title='bbox 3357 3828 3560 3882; x_wconf 87' lang='grc' dir='ltr'>ἐκείνων</span> <span class='ocrx_word' id='word_1_712' title='bbox 3620 3824 3801 3888; x_wconf 73' lang='grc' dir='ltr'>δήπου</span> 
     </span>
    </p>
   </div>
   <div class='ocr_carea' id='block_1_97' title="bbox 2194 3915 3801 3994">
    <p class='ocr_par' dir='ltr' id='par_1_97' title="bbox 2194 3915 3801 3994">
     <span class='ocr_line' id='line_1_97' title="bbox 2194 3915 3801 3994; baseline 0.001 -23"><span class='ocrx_word' id='word_1_713' title='bbox 2194 3917 2385 3991; x_wconf 83' lang='grc' dir='ltr'>μᾶλλον</span> <span class='ocrx_word' id='word_1_714' title='bbox 2436 3926 2606 3971; x_wconf 85' lang='grc' dir='ltr'>ταῦτα</span> <span class='ocrx_word' id='word_1_715' title='bbox 2664 3915 2806 3992; x_wconf 75' lang='grc' dir='ltr'>ἡμᾶς</span> <span class='ocrx_word' id='word_1_716' title='bbox 2872 3916 3220 3991; x_wconf 82' lang='grc' dir='ltr'>βουλεύεσθαί</span> <span class='ocrx_word' id='word_1_717' title='bbox 3269 3937 3326 3973; x_wconf 87' lang='grc' dir='ltr'><strong>τε</strong></span> <span class='ocrx_word' id='word_1_718' title='bbox 3387 3922 3643 3994; x_wconf 79' lang='grc' dir='ltr'>πρρσήκει</span> <span class='ocrx_word' id='word_1_719' title='bbox 3704 3923 3801 3972; x_wconf 76' lang='grc' dir='ltr'><strong>καί</strong></span> 
     </span>
    </p>
   </div>
   <div class='ocr_carea' id='block_1_98' title="bbox 2193 4006 3799 4084">
    <p class='ocr_par' dir='ltr' id='par_1_98' title="bbox 2193 4006 3799 4084">
     <span class='ocr_line' id='line_1_98' title="bbox 2193 4006 3799 4084; baseline -0.001 -23"><span class='ocrx_word' id='word_1_720' title='bbox 2193 4008 2460 4082; x_wconf 86' lang='grc' dir='ltr'>πράττειν.</span> <span class='ocrx_word' id='word_1_721' title='bbox 2514 4006 2726 4062; x_wconf 86' lang='grc' dir='ltr'>Ἐκεῖνοι</span> <span class='ocrx_word' id='word_1_722' title='bbox 2784 4008 2877 4081; x_wconf 72' lang='grc' dir='ltr'>μὶν</span> <span class='ocrx_word' id='word_1_723' title='bbox 2929 4009 3032 4084; x_wconf 73' lang='grc' dir='ltr'>γὰρ</span> <span class='ocrx_word' id='word_1_724' title='bbox 3095 4010 3217 4083; x_wconf 86' lang='grc' dir='ltr'>ὅπερ</span> <span class='ocrx_word' id='word_1_725' title='bbox 3283 4006 3344 4059; x_wconf 82' lang='grc' dir='ltr'>ἂν</span> <span class='ocrx_word' id='word_1_726' title='bbox 3410 4006 3799 4082; x_wconf 73' lang='grc' dir='ltr'>ἀπορρίψωσιν,</span> 
     </span>
    </p>
   </div>
   <div class='ocr_carea' id='block_1_99' title="bbox 2195 4094 3803 4170">
    <p class='ocr_par' dir='ltr' id='par_1_99' title="bbox 2195 4094 3803 4170">
     <span class='ocr_line' id='line_1_99' title="bbox 2195 4094 3803 4170; baseline -0.001 -21"><span class='ocrx_word' id='word_1_727' title='bbox 2195 4094 2376 4159; x_wconf 78' lang='grc' dir='ltr'>εὐθέως</span> <span class='ocrx_word' id='word_1_728' title='bbox 2412 4094 2706 4165; x_wconf 84' lang='grc' dir='ltr'>ἀπώλεσαν,</span> <span class='ocrx_word' id='word_1_729' title='bbox 2733 4101 2824 4151; x_wconf 79' lang='grc' dir='ltr'><strong>καὶ</strong></span> <span class='ocrx_word' id='word_1_730' title='bbox 2865 4101 3203 4170; x_wconf 84' lang='grc' dir='ltr'>περιίσταται</span> <span class='ocrx_word' id='word_1_731' title='bbox 3244 4095 3425 4150; x_wconf 86' lang='grc' dir='ltr'>λοιπόν</span> <span class='ocrx_word' id='word_1_732' title='bbox 3474 4094 3572 4169; x_wconf 88' lang='grc' dir='ltr'><strong>βία</strong></span> <span class='ocrx_word' id='word_1_733' title='bbox 3617 4099 3803 4159; x_wconf 86' lang='grc' dir='ltr'>πενίας</span> 
     </span>
    </p>
   </div>
   <div class='ocr_carea' id='block_1_100' title="bbox 2195 4182 3802 4261">
    <p class='ocr_par' dir='ltr' id='par_1_100' title="bbox 2195 4182 3802 4261">
     <span class='ocr_line' id='line_1_100' title="bbox 2195 4182 3802 4261; baseline -0.001 -23"><span class='ocrx_word' id='word_1_734' title='bbox 2195 4184 2391 4247; x_wconf 76' lang='grc' dir='ltr'>αὐτοῖς·</span> <span class='ocrx_word' id='word_1_735' title='bbox 2446 4187 2598 4259; x_wconf 78' lang='grc' dir='ltr'>ἡμεῖς</span> <span class='ocrx_word' id='word_1_736' title='bbox 2643 4182 2703 4239; x_wconf 56' lang='grc' dir='ltr'>δε</span> <span class='ocrx_word' id='word_1_737' title='bbox 2741 4184 2817 4258; x_wconf 86' lang='grc' dir='ltr'>ἐφ’</span> <span class='ocrx_word' id='word_1_738' title='bbox 2865 4187 2989 4239; x_wconf 83' lang='grc' dir='ltr'>ὅσον</span> <span class='ocrx_word' id='word_1_739' title='bbox 3036 4185 3096 4239; x_wconf 77' lang='grc' dir='ltr'>ἂν</span> <span class='ocrx_word' id='word_1_740' title='bbox 3142 4189 3231 4240; x_wconf 84' lang='grc' dir='ltr'><strong>τὸν</strong></span> <span class='ocrx_word' id='word_1_741' title='bbox 3275 4187 3500 4261; x_wconf 78' lang='grc' dir='ltr'>πονηρὸν</span> <span class='ocrx_word' id='word_1_742' title='bbox 3548 4182 3802 4247; x_wconf 67' lang='grc' dir='ltr'>ἐξαντλῆ-</span> 
     </span>
    </p>
   </div>
   <div class='ocr_carea' id='block_1_101' title="bbox 2196 4272 3803 4350">
    <p class='ocr_par' dir='ltr' id='par_1_101' title="bbox 2196 4272 3803 4350">
     <span class='ocr_line' id='line_1_101' title="bbox 2196 4272 3803 4350; baseline -0.001 -23"><span class='ocrx_word' id='word_1_743' title='bbox 2196 4293 2367 4349; x_wconf 83' lang='grc' dir='ltr'>σωμεν</span> <span class='ocrx_word' id='word_1_744' title='bbox 2433 4280 2640 4350; x_wconf 83' lang='grc' dir='ltr'>φόρτον,</span> <span class='ocrx_word' id='word_1_745' title='bbox 2687 4275 2899 4330; x_wconf 85' lang='grc' dir='ltr'>πλείονα</span> <span class='ocrx_word' id='word_1_746' title='bbox 2957 4279 3048 4329; x_wconf 86' lang='grc' dir='ltr'>καὶ</span> <span class='ocrx_word' id='word_1_747' title='bbox 3113 4273 3352 4349; x_wconf 85' lang='grc' dir='ltr'>βελτίονα</span> <span class='ocrx_word' id='word_1_748' title='bbox 3409 4281 3527 4336; x_wconf 87' lang='grc' dir='ltr'>ταῖς</span> <span class='ocrx_word' id='word_1_749' title='bbox 3587 4272 3803 4346; x_wconf 73' lang='grc' dir='ltr'>ψυχαῖς</span> 
     </span>
    </p>
   </div>
   <div class='ocr_carea' id='block_1_102' title="bbox 2194 4362 3805 4440">
    <p class='ocr_par' dir='ltr' id='par_1_102' title="bbox 2194 4362 3805 4440">
     <span class='ocr_line' id='line_1_102' title="bbox 2194 4362 3805 4440; baseline -0.001 -22"><span class='ocrx_word' id='word_1_750' title='bbox 2194 4362 2415 4418; x_wconf 87' lang='grc' dir='ltr'>πλοῦτον</span> <span class='ocrx_word' id='word_1_751' title='bbox 2472 4363 2914 4439; x_wconf 86' lang='grc' dir='ltr'>ἐπισωρεύσομεν.</span> <span class='ocrx_word' id='word_1_752' title='bbox 2970 4369 3191 4439; x_wconf 88' lang='grc' dir='ltr'>Πορνεία</span> <span class='ocrx_word' id='word_1_753' title='bbox 3239 4367 3329 4437; x_wconf 68' lang='grc' dir='ltr'>μὶν</span> <span class='ocrx_word' id='word_1_754' title='bbox 3379 4365 3502 4440; x_wconf 71' lang='grc' dir='ltr'>γὰρ,</span> <span class='ocrx_word' id='word_1_755' title='bbox 3557 4366 3648 4415; x_wconf 87' lang='grc' dir='ltr'><strong>καί</strong></span> <span class='ocrx_word' id='word_1_756' title='bbox 3694 4365 3805 4418; x_wconf 85' lang='grc' dir='ltr'>ὅσα</span> 
     </span>
    </p>
   </div>
   <div class='ocr_carea' id='block_1_103' title="bbox 2190 4448 3804 4530">
    <p class='ocr_par' dir='ltr' id='par_1_103' title="bbox 2190 4448 3804 4530">
     <span class='ocr_line' id='line_1_103' title="bbox 2190 4448 3804 4530; baseline -0.001 -23"><span class='ocrx_word' id='word_1_757' title='bbox 2190 4460 2430 4522; x_wconf 88' lang='grc' dir='ltr'>τοιαῦτα,</span> <span class='ocrx_word' id='word_1_758' title='bbox 2479 4453 2694 4529; x_wconf 78' lang='grc' dir='ltr'>ῥιφέντα</span> <span class='ocrx_word' id='word_1_759' title='bbox 2736 4450 3029 4523; x_wconf 72' lang='grc' dir='ltr'>διόλλυται,</span> <span class='ocrx_word' id='word_1_760' title='bbox 3067 4459 3158 4508; x_wconf 83' lang='grc' dir='ltr'>καὶ</span> <span class='ocrx_word' id='word_1_761' title='bbox 3204 4457 3336 4530; x_wconf 86' lang='grc' dir='ltr'>πρὸς</span> <span class='ocrx_word' id='word_1_762' title='bbox 3380 4456 3440 4507; x_wconf 88' lang='grc' dir='ltr'>τὸ</span> <span class='ocrx_word' id='word_1_763' title='bbox 3487 4448 3629 4526; x_wconf 74' lang='grc' dir='ltr'><strong>μηδέ</strong></span> <span class='ocrx_word' id='word_1_764' title='bbox 3665 4449 3804 4507; x_wconf 81' lang='grc' dir='ltr'>εἶναι</span> 
     </span>
    </p>
   </div>
   <div class='ocr_carea' id='block_1_104' title="bbox 2190 4538 3805 4619">
    <p class='ocr_par' dir='ltr' id='par_1_104' title="bbox 2190 4538 3805 4619">
     <span class='ocr_line' id='line_1_104' title="bbox 2190 4538 3805 4619; baseline 0 -24"><span class='ocrx_word' id='word_1_765' title='bbox 2190 4548 2378 4619; x_wconf 79' lang='grc' dir='ltr'>χωρεῖ,</span> <span class='ocrx_word' id='word_1_766' title='bbox 2424 4541 2645 4597; x_wconf 85' lang='grc' dir='ltr'>λυθέντα</span> <span class='ocrx_word' id='word_1_767' title='bbox 2688 4549 2798 4606; x_wconf 88' lang='grc' dir='ltr'>τοῖς</span> <span class='ocrx_word' id='word_1_768' title='bbox 2848 4540 3107 4619; x_wconf 74' lang='grc' dir='ltr'>δάκρυσιν</span> <span class='ocrx_word' id='word_1_769' title='bbox 3132 4563 3147 4578; x_wconf 76' lang='grc' dir='ltr'><strong>ο</strong></span> <span class='ocrx_word' id='word_1_770' title='bbox 3187 4542 3405 4617; x_wconf 74' lang='grc' dir='ltr'>ἀγιότης</span> <span class='ocrx_word' id='word_1_771' title='bbox 3455 4538 3516 4596; x_wconf 65' lang='grc' dir='ltr'>δε</span> <span class='ocrx_word' id='word_1_772' title='bbox 3566 4546 3658 4596; x_wconf 79' lang='grc' dir='ltr'><strong>καί</strong></span> <span class='ocrx_word' id='word_1_773' title='bbox 3717 4538 3805 4596; x_wconf 80' lang='grc' dir='ltr'><strong>δι-</strong></span> 
     </span>
    </p>
   </div>
   <div class='ocr_carea' id='block_1_105' title="bbox 2189 4631 3798 4707">
    <p class='ocr_par' dir='ltr' id='par_1_105' title="bbox 2189 4631 3798 4707">
     <span class='ocr_line' id='line_1_105' title="bbox 2189 4631 3798 4707; baseline 0 -21"><span class='ocrx_word' id='word_1_774' title='bbox 2189 4633 2444 4693; x_wconf 78' lang='grc' dir='ltr'>καιοσύνη</span> <span class='ocrx_word' id='word_1_775' title='bbox 2494 4631 2673 4687; x_wconf 85' lang='grc' dir='ltr'>λοιπόν</span> <span class='ocrx_word' id='word_1_776' title='bbox 2731 4631 2804 4694; x_wconf 79' lang='grc' dir='ltr'><strong>εἰς</strong></span> <span class='ocrx_word' id='word_1_777' title='bbox 2853 4636 2941 4687; x_wconf 89' lang='grc' dir='ltr'>τὸν</span> <span class='ocrx_word' id='word_1_778' title='bbox 2985 4631 3185 4687; x_wconf 87' lang='grc' dir='ltr'>ἐκείνων</span> <span class='ocrx_word' id='word_1_779' title='bbox 3232 4634 3546 4706; x_wconf 85' lang='grc' dir='ltr'>μεθίσταται</span> <span class='ocrx_word' id='word_1_780' title='bbox 3590 4640 3798 4707; x_wconf 79' lang='grc' dir='ltr'>χῶρον,</span> 
     </span>
    </p>
   </div>
   <div class='ocr_carea' id='block_1_106' title="bbox 2189 4719 3802 4798">
    <p class='ocr_par' dir='ltr' id='par_1_106' title="bbox 2189 4719 3802 4798">
     <span class='ocr_line' id='line_1_106' title="bbox 2189 4719 3802 4798; baseline -0.001 -21"><span class='ocrx_word' id='word_1_781' title='bbox 2189 4724 2480 4798; x_wconf 75' lang='grc' dir='ltr'>πράγματα</span> <span class='ocrx_word' id='word_1_782' title='bbox 2519 4730 2708 4797; x_wconf 86' lang='grc' dir='ltr'>κοῦφα,</span> <span class='ocrx_word' id='word_1_783' title='bbox 2760 4727 2852 4777; x_wconf 81' lang='grc' dir='ltr'>καὶ</span> <span class='ocrx_word' id='word_1_784' title='bbox 2895 4722 2992 4777; x_wconf 86' lang='grc' dir='ltr'><strong>ούκ</strong></span> <span class='ocrx_word' id='word_1_785' title='bbox 3035 4719 3215 4777; x_wconf 75' lang='grc' dir='ltr'>εἰδότα</span> <span class='ocrx_word' id='word_1_786' title='bbox 3259 4724 3463 4797; x_wconf 81' lang='grc' dir='ltr'>κύμασι</span> <span class='ocrx_word' id='word_1_787' title='bbox 3517 4721 3802 4795; x_wconf 75' lang='grc' dir='ltr'>καλυφθῆ-</span> 
     </span>
    </p>
   </div>
   <div class='ocr_carea' id='block_1_107' title="bbox 2189 4811 3796 4889">
    <p class='ocr_par' dir='ltr' id='par_1_107' title="bbox 2189 4811 3796 4889">
     <span class='ocr_line' id='line_1_107' title="bbox 2189 4811 3796 4889; baseline 0.006 -22"><span class='ocrx_word' id='word_1_788' title='bbox 2189 4817 2275 4867; x_wconf 90' lang='grc' dir='ltr'><strong>ναί</strong></span> <span class='ocrx_word' id='word_1_789' title='bbox 2324 4833 2459 4868; x_wconf 86' lang='grc' dir='ltr'>τισι.</span> <span class='ocrx_word' id='word_1_790' title='bbox 2510 4815 2588 4868; x_wconf 84' lang='grc' dir='ltr'><strong>Τὰ</strong></span> <span class='ocrx_word' id='word_1_791' title='bbox 2640 4815 2900 4889; x_wconf 74' lang='grc' dir='ltr'>χρήματά</span> <span class='ocrx_word' id='word_1_792' title='bbox 2952 4834 3014 4886; x_wconf 72' lang='grc' dir='ltr'>γε</span> <span class='ocrx_word' id='word_1_793' title='bbox 3063 4818 3186 4888; x_wconf 71' lang='grc' dir='ltr'>μὴν,</span> <span class='ocrx_word' id='word_1_794' title='bbox 3240 4813 3553 4872; x_wconf 73' lang='grc' dir='ltr'>ἐκϐληθέντα</span> <span class='ocrx_word' id='word_1_795' title='bbox 3602 4811 3796 4880; x_wconf 79' lang='grc' dir='ltr'>καλῶς,</span> 
     </span>
    </p>
   </div>
   <div class='ocr_carea' id='block_1_108' title="bbox 2191 4900 3797 4978">
    <p class='ocr_par' dir='ltr' id='par_1_108' title="bbox 2191 4900 3797 4978">
     <span class='ocr_line' id='line_1_108' title="bbox 2191 4900 3797 4978; baseline -0.002 -21"><span class='ocrx_word' id='word_1_796' title='bbox 2191 4907 2307 4958; x_wconf 77' lang='grc' dir='ltr'>οὔτε</span> <span class='ocrx_word' id='word_1_797' title='bbox 2366 4902 2652 4957; x_wconf 83' lang='grc' dir='ltr'>ἀπόλλυται</span> <span class='ocrx_word' id='word_1_798' title='bbox 2708 4911 2815 4965; x_wconf 87' lang='grc' dir='ltr'>τοῖς</span> <span class='ocrx_word' id='word_1_799' title='bbox 2874 4902 3153 4957; x_wconf 77' lang='grc' dir='ltr'>ἐκϐαλοῦσι</span> <span class='ocrx_word' id='word_1_800' title='bbox 3211 4908 3301 4956; x_wconf 83' lang='grc' dir='ltr'>καὶ</span> <span class='ocrx_word' id='word_1_801' title='bbox 3355 4902 3576 4978; x_wconf 65' lang='grc' dir='ltr'>ῥίψασιν</span> <span class='ocrx_word' id='word_1_802' title='bbox 3604 4922 3617 4936; x_wconf 94' lang='grc'><strong>·</strong></span> <span class='ocrx_word' id='word_1_803' title='bbox 3684 4900 3797 4954; x_wconf 83' lang='grc' dir='ltr'>ἀλλ’</span> 
     </span>
    </p>
   </div>
   <div class='ocr_carea' id='block_1_109' title="bbox 2189 4990 3801 5070">
    <p class='ocr_par' dir='ltr' id='par_1_109' title="bbox 2189 4990 3801 5070">
     <span class='ocr_line' id='line_1_109' title="bbox 2189 4990 3801 5070; baseline -0.002 -22"><span class='ocrx_word' id='word_1_804' title='bbox 2189 4994 2363 5069; x_wconf 77' lang='grc' dir='ltr'>ὥσπερ</span> <span class='ocrx_word' id='word_1_805' title='bbox 2421 4998 2496 5058; x_wconf 80' lang='grc' dir='ltr'>εὶς</span> <span class='ocrx_word' id='word_1_806' title='bbox 2546 4990 2777 5058; x_wconf 80' lang='grc' dir='ltr'>ὁλκάδας</span> <span class='ocrx_word' id='word_1_807' title='bbox 2821 4992 2982 5057; x_wconf 76' lang='grc' dir='ltr'>ἄλλας</span> <span class='ocrx_word' id='word_1_808' title='bbox 3036 4992 3423 5070; x_wconf 77' lang='grc' dir='ltr'>ἀσφαλεστέρας</span> <span class='ocrx_word' id='word_1_809' title='bbox 3476 4993 3653 5061; x_wconf 76' lang='grc' dir='ltr'>τινὰς,</span> <span class='ocrx_word' id='word_1_810' title='bbox 3703 4993 3801 5053; x_wconf 76' lang='grc' dir='ltr'><strong>τὰς</strong></span> 
     </span>
    </p>
   </div>
   <div class='ocr_carea' id='block_1_110' title="bbox 2260 5290 3501 5369">
    <p class='ocr_par' dir='ltr' id='par_1_110' title="bbox 2260 5290 3501 5369">
     <span class='ocr_line' id='line_1_110' title="bbox 2260 5290 3501 5369; baseline -0.005 -15"><span class='ocrx_word' id='word_1_811' title='bbox 2260 5294 2372 5369; x_wconf 83' lang='grc'>(99)</span> <span class='ocrx_word' id='word_1_812' title='bbox 2416 5295 2568 5369; x_wconf 72' lang='grc' dir='ltr'>Εᾷίίί</span> <span class='ocrx_word' id='word_1_813' title='bbox 2596 5291 2774 5355; x_wconf 83' lang='grc' dir='ltr'>ἀπειλὴ</span> <span class='ocrx_word' id='word_1_814' title='bbox 2785 5312 2885 5355; x_wconf 81' lang='grc' dir='ltr'>σει.</span> <span class='ocrx_word' id='word_1_815' title='bbox 2906 5298 2978 5352; x_wconf 78' lang='lat' dir='ltr'><strong>At</strong></span> <span class='ocrx_word' id='word_1_816' title='bbox 3000 5309 3186 5369; x_wconf 79' lang='lat' dir='ltr'><strong>mass.</strong></span> <span class='ocrx_word' id='word_1_817' title='bbox 3220 5290 3501 5369; x_wconf 48' lang='grc' dir='ltr'>ἀπειλήσει.</span> 
     </span>
    </p>
   </div>
   <div class='ocr_carea' id='block_1_111' title="bbox 2259 5361 3795 5440">
    <p class='ocr_par' dir='ltr' id='par_1_111' title="bbox 2259 5361 3795 5440">
     <span class='ocr_line' id='line_1_111' title="bbox 2259 5361 3795 5440; baseline -0.003 -15"><span class='ocrx_word' id='word_1_818' title='bbox 2259 5361 2535 5440; x_wconf 66' lang='grc' dir='ltr'><strong>(1)Ἐάἱιί</strong></span> <span class='ocrx_word' id='word_1_819' title='bbox 2579 5372 2638 5425; x_wconf 88' lang='lat' dir='ltr'><strong>et</strong></span> <span class='ocrx_word' id='word_1_820' title='bbox 2680 5370 2823 5439; x_wconf 82' lang='lat' dir='ltr'><strong>Reg.</strong></span> <span class='ocrx_word' id='word_1_821' title='bbox 2867 5366 3175 5425; x_wconf 88' lang='lat' dir='ltr'><strong>secundus</strong></span> <span class='ocrx_word' id='word_1_822' title='bbox 3222 5361 3408 5421; x_wconf 75' lang='grc' dir='ltr'>δοῦναι</span> <span class='ocrx_word' id='word_1_823' title='bbox 3681 5362 3795 5423; x_wconf 78' lang='lat' dir='ltr'><strong>Alii</strong></span> 
     </span>
    </p>
   </div>
   <div class='ocr_carea' id='block_1_112' title="bbox 2188 5442 2720 5512">
    <p class='ocr_par' dir='ltr' id='par_1_112' title="bbox 2188 5442 2720 5512">
     <span class='ocr_line' id='line_1_112' title="bbox 2188 5442 2720 5512; baseline -0.008 -13"><span class='ocrx_word' id='word_1_824' title='bbox 2188 5442 2306 5499; x_wconf 85' lang='lat' dir='ltr'><strong>tres</strong></span> <span class='ocrx_word' id='word_1_825' title='bbox 2333 5456 2482 5499; x_wconf 87' lang='lat' dir='ltr'><strong>mss.</strong></span> <span class='ocrx_word' id='word_1_826' title='bbox 2514 5446 2720 5512; x_wconf 67' lang='grc' dir='ltr'>φυγεῖν.</span> 
     </span>
    </p>
   </div>
  </div>
