4100 6196
501 270 601 321 559
1863 257 1920 313 S.
1963 254 2218 312 BASlLll
2254 253 2485 313 MAGNI
3745 259 3856 314 560

493 386 658 443 enim
684 382 850 456 prior
877 379 1115 436 cladem
1164 378 1434 454 aliquam
1473 381 1675 438 adhuc
1733 379 2104 438 annuntiarel

2256 382 2357 454 γὰρ
2415 388 2506 433 τοῦ
2562 399 2811 455 πρθτερου
2868 385 2962 440 τὴν
3023 377 3231 434 τοιάνδε
3288 383 3557 454 συμφορὰν
3611 380 3853 453 egw/7,7,-

491 474 731 532 nentius
759 471 907 528 alter
931 486 1134 527 rerum
1164 469 1528 527 deteriorum
1552 471 1853 528 tristitiam
1876 470 2102 526 afferen

2254 468 2447 536 λοντος,
2515 471 2680 545 ἔτερος
2742 469 2954 542 ἄγγελος
3009 474 3222 543 ἤρχετο,
3293 473 3543 544 χεὶρόνων
3600 474 3853 544 πραγμά-

491 562 790 630 veniebat,
817 561 1102 632 malaque
1135 561 1649 617 connectebantur
1668 562 1820 617 inter
1840 575 1902 616 se
1923 564 1978 616 et
1999 558 2104 616 cal:

2255 577 2353 610 των
2420 563 2580 632 φέρων
2625 565 2926 631 κατήφειαν·
2981 559 3215 620 ἀλλήλοις
3258 577 3312 611 τε
3365 557 3747 616 ἔπισυνήπτετο
3790 563 3856 612 τὰ

493 652 732 709 mitates
779 652 1089 707 undarum
1143 650 1456 706 incursum
1503 649 1920 715 imitabantur,
1966 654 2104 722 atqu

2255 643 2420 714 δεινὰ,
2470 652 2560 700 καὶ
2599 652 2692 706 τὴν
2745 657 2845 700 τῶν
2910 650 3152 720 κυμάτων
3193 644 3486 722 ἐπιδρομὴν
3542 647 3759 709 ἐζήλουν
3798 651 3854 702 αἱ

491 742 854 814 priusquam
877 738 1106 812 priores
1135 738 1418 811 lacrymre
1468 739 1842 808 sedarentur,
1890 738 2104 795 aliarur

2257 741 2542 813 συμφοραὶ,
2610 742 2700 790 καὶ
2746 742 2868 812 πρίν
2935 739 2962 795 ἦ
3033 739 3297 796 παυθῆναι
3344 741 3402 790 τό
3458 743 3708 813 πρότερον
3750 736 3856 792 δά-

492 829 1122 888 afferebaturoccasio.
1159 828 1272 886 Sed
1285 831 1488 899 justus
1506 829 1878 904 tempestatis
1899 831 2104 900 except

2253 845 2429 902 κρυον,
2493 826 2663 902 ἑτέρου
2720 832 3007 901 προσήγετο
3071 831 3353 902 πρόφασις.
3404 827 3460 880 Ὀ
3530 825 3742 890 δίκαιος
3797 825 3857 882 δ⁹ε

491 919 744 992 impetu,
793 925 851 976 et
896 918 1200 974 undarum
1256 918 1312 973 vi
1342 918 1402 973 in
1433 933 1720 991 spumam
1752 921 2104 974 commutat:

2255 917 2428 990 ὥσπερ
2504 935 2584 977 τις
2647 915 2900 990 πρόϐολος
2965 915 3214 982 εἱστήκει,
3282 919 3376 978 τὰς
3427 925 3520 970 τοῦ
3598 927 3857 991 χειμῶνος

493 1011 658 1066 velut
687 1009 975 1082 scopulus
1001 1007 1217 1073 stabat,
1249 1007 1681 1080 emittebatque
1711 1008 1788 1064 ad
1822 1006 2104 1063 Dominur

2254 1002 2644 1078 ὑποδεχόμενος
2708 1005 3025 1080 προσϐολὰς,
3093 1011 3182 1058 καὶ
3258 1004 3472 1059 ἀλλοιῶν
3558 1007 3626 1068 εἰς
3693 1006 3856 1082 ἀφρόν

494 1105 730 1170 gratam
778 1099 943 1154 illam
993 1112 1198 1152 vocem
1225 1112 1248 1155 .'
1281 1098 1573 1152 Dominus
1610 1097 1797 1163 dedit,
1861 1097 2104 1152 Domina

2253 1103 2354 1145 τῶν
2417 1097 2659 1168 κυμάτων
2707 1100 2802 1153 την
2863 1094 3006 1168 βίαν,
3061 1099 3150 1148 καὶ
3224 1099 3320 1154 την
3379 1095 3674 1168 εὐγνώμονα
3726 1099 3858 1170 πρὸς

494 1191 744 1247 abstulit
771 1191 798 1244 7
817 1188 971 1244 sicut
995 1188 1252 1243 Domino
1278 1188 1535 1256 placuit,
1575 1187 1663 1244 ita
1683 1193 1740 1243 et
1770 1187 2005 1257 factum
2036 1201 2104 1241 es.

2253 1184 2341 1236 τόν
2425 1188 2690 1242 Δεσπότην
2750 1188 2892 1256 ἠφίει
2942 1190 3130 1257 φωνην·
3188 1183 3246 1237 ’0
3301 1187 3494 1259 Κύριος
3549 1183 3755 1257 ἔδωκεν,
3831 1187 3859 1238 ό

493 1297 606 1336 nec
633 1278 975 1351 quidquam
1001 1292 1211 1332 eorum
1241 1292 1378 1349 quae
1434 1276 1812 1343 accidebant,
1858 1275 2104 1347 lacrymi

2257 1273 2445 1346 Κύριος
2511 1273 2763 1345 ἀφείλετο·
2825 1275 2895 1336 ὡς
2941 1283 3012 1344 τῷ
3063 1278 3234 1348 Κυρίῳ
3293 1270 3486 1339 ἔδοξεν,
3557 1275 3686 1326 οὕτω
3761 1280 3860 1326 καὶ

493 1371 746 1438 dignum
763 1367 952 1422 duxit.
973 1366 1086 1422 Ubi
1109 1382 1250 1423 vero
1268 1367 1512 1422 advenit
1527 1367 1632 1440 qui
1648 1371 1921 1423 narraret
1937 1382 2104 1438 quer!

2253 1359 2466 1432 ἐγένετοο
2554 1367 2644 1414 καὶ
2720 1359 2872 1414 οὐδὲν
2955 1371 3054 1414 τῶν
3149 1362 3536 1436 συμϐαινόντων
3612 1360 3859 1438 δακρύων

491 1456 825 1514 admodum
856 1455 992 1511 ﬁliis
1017 1461 1073 1511 et
1107 1456 1348 1511 ﬁliabus
1369 1455 1830 1512 convivantibus
1848 1455 2104 1511 violentu

2253 1450 2491 1513 ἠξίωσεν.
2544 1448 2756 1510 Ἐπειδὴ
2805 1449 2865 1504 δὲ
2908 1452 3001 1510 ἧκέ
3029 1471 3104 1512 τις
3131 1450 3407 1523 ἀγγέλλων,
3442 1454 3508 1514 ὡς
3540 1460 3649 1514 τοῖς
3697 1457 3859 1505 παισὶ

489 1545 742 1618 quidam
755 1550 973 1600 ventus
987 1543 1403 1601 oblectationis
1415 1545 1669 1601 domum
1682 1560 2104 1617 conquassass:

2251 1543 2342 1591 καὶ
2388 1546 2502 1601 ταῖς
2551 1542 2867 1615 θυγατράσιν
2919 1540 3301 1612 εὐωχουμένοις
3361 1540 3621 1604 ἑπετίναξε
3651 1544 3858 1614 πνεῦμά

488 1641 632 1692 tunc
663 1634 858 1690 solum
882 1634 1058 1691 scidit
1087 1639 1334 1705 vestem,
1364 1635 1690 1691 ostendens
1721 1634 2104 1690 condoienter

2251 1647 2302 1681 τι
2333 1627 2508 1702 βίαιον
2534 1634 2610 1697 (9)
2650 1633 2708 1683 τὸ
2740 1638 2830 1690 τῆς
2861 1629 3183 1704 εὐφροσύνης
3233 1627 3518 1704 δωμάτιον,
3577 1636 3694 1684 τότε
3749 1636 3857 1704 μό-

488 1730 794 1793 naturam,
830 1728 1012 1796 atque
1043 1724 1112 1779 iis
1142 1723 1394 1794 agendis
1421 1723 1736 1781 declarans
1762 1729 1995 1797 patrem
2013 1740 2104 1780 ess

2249 1736 2333 1770 νον
2383 1721 2478 1776 τὴν
2534 1717 2731 1777 ἐσθῆτα
2788 1715 3046 1792 διέρρηξε,
3104 1721 3162 1772 τὸ
3228 1726 3325 1780 τῆς
3389 1723 3592 1791 φύσεως
3647 1717 3856 1773 ἐπιδει-

487 1831 550 1870 se
574 1815 904 1870 liberorum
926 1818 1257 1870 amantem.
1281 1818 1558 1871 Attamen
1589 1814 1770 1870 etiam
1789 1819 2104 1870 tuncterm;

2250 1809 2494 1880 κνύμενος
2548 1808 2838 1878 συμπαθὲς,
2906 1813 2996 1860 καὶ
3047 1809 3128 1859 ότι
3209 1814 3384 1881 πατὴρ
3440 1811 3516 1866 εἴη
3582 1808 3859 1881 φιλόστορ-

485 1919 634 1961 num
666 1920 736 1960 ac
758 1902 1010 1960 modum
1035 1903 1355 1975 imponens
1372 1903 1590 1967 dolori,
1623 1909 1680 1960 et
1711 1904 1823 1975 piis
1845 1903 1960 1959 illis
1984 1919 2104 1960 voc:

2247 1915 2340 1968 γος
2419 1897 2496 1958 οἷς
2570 1898 2788 1971 ἔπραττε
2857 1900 3263 1971 μαρτυρόμενος.
3341 1897 3480 1955 Πλὴν
3571 1903 3661 1950 καὶ
3733 1903 3857 1950 τότε

483 1991 604 2050 bus
625 1992 788 2065 quod
802 1997 1085 2048 evenerat
1104 2008 1349 2059 ornans,
1365 1992 1639 2050 dicebat:
1663 1992 2104 2049 Dominusdedit

2247 1991 2363 2046 ταῖς
2422 1983 2607 2045 λύπαις
2673 1985 2789 2057 ὅρον
2846 1990 2934 2038 καὶ
2987 1989 3172 2058 μέτρον
3236 1985 3508 2054 ἐπιτιθεὶς,
3566 1991 3656 2039 καὶ
3735 1995 3858 2050 ταῖς

483 2082 774 2138 Dominus
794 2083 1046 2138 abstulit
1071 2099 1084 2136 :
1119 2083 1274 2137 sicut
1302 2082 1554 2138 Domino
1581 2083 1839 2152 placuit,
1869 2083 1956 2138 ita
1985 2083 2104 2151 el/a

2249 2072 2511 2128 ιύσεϐέσιν
2599 2072 2815 2135 ἐκείναις
2899 2081 3088 2146 φωναῖς
3158 2083 3368 2148 κοσμῶν
3437 2078 3496 2128 τὸ
3559 2081 3853 2148 γινόμενον,

484 2177 644 2228 ctum
675 2177 781 2240 est,
805 2174 1040 2226 tantum
1067 2185 1189 2226 non
1219 2171 1492 2227 clamans
1518 2171 1579 2227 in
1618 2170 1782 2226 hunc
1836 2171 2090 2226 modum

2246 2163 2432 2236 ἔλεγεν·
2511 2163 2568 2216 Ὀ
2647 2166 2836 2236 Κύριος
2909 2159 3118 2230 ἔδωκεν,
3205 2165 3230 2216 ό
3308 2167 3517 2238 Κύριος,
3597 2164 3850 2238 ἀφείλετο·

483 2261 656 2315 Pater
682 2262 930 2314 vocatus
968 2274 1104 2314 rum
1125 2258 1273 2314 dum
1296 2260 1486 2316 voluit
1506 2260 1611 2331 qui
1629 2276 1725 2315 me
1748 2265 1979 2332 patrem
2001 2259 2104 2316 effe

2247 2255 2316 2315 ὡς
2370 2262 2444 2325 τῷ
2501 2256 2674 2327 Κυρίῳ
2719 2249 2910 2319 ἔδοξεν,
2980 2256 3114 2305 οὕτω
3146 2257 3236 2306 καὶ
3291 2252 3510 2326 ὶγίνετο,
3566 2259 3855 2326 μονονουχὶ

484 2347 582 2404 cit.
608 2346 820 2403 Statuit
839 2362 1049 2402 rursus
1090 2346 1316 2402 sobolis
1347 2347 1494 2403 mihi
1523 2364 1814 2404 coronam
1880 2349 2104 2405 auferre

2246 2351 2466 2397 τοιαῦτα
2519 2341 2676 2414 βοῶν·
2735 2341 2987 2400 Ἐκληθην
3046 2347 3212 2417 πατὴρ
3272 2341 3344 2415 ἐφ’
3393 2345 3567 2396 ὃσονό
3597 2347 3750 2396 τοῦτό
3790 2365 3856 2417 με

483 2435 651 2494 haud
699 2451 974 2507 repugno
1019 2435 1349 2508 quominus
1392 2452 1504 2494 sua
1555 2437 1808 2495 auferat.
1865 2437 2104 2494 Obtinea

2245 2437 2475 2494 ποιήσας
2528 2429 2763 2484 ίϐούλετο
2819 2435 3030 2505 χρόνον.
3093 2431 3345 2504 Περιελιῖν
3399 2451 3500 2506 μου
3556 2437 3644 2486 τόν
3675 2433 3853 2497 ἐκτῆς

483 2540 610 2598 quo
642 2523 896 2580 Domino
924 2525 1118 2580 visum
1151 2531 1276 2580 est:
1313 2526 1440 2598 ipse
1465 2531 1550 2582 est
1575 2526 1812 2596 generis
1838 2527 2104 2583 conditor

2243 2527 2403 2592 γονῆς
2468 2538 2714 2590 στεφανον
2776 2517 3116 2572 ἐϐουλεύσατο
3173 2520 3346 2588 πάλιν,
3405 2521 3465 2573 οὐ
3505 2518 3856 2596 διαμάχομαι

484 2629 599 2684 ego
629 2629 950 2685 organum.
984 2614 1138 2680 Quid
1170 2631 1420 2671 necesse
1441 2621 1546 2685 est,
1583 2632 1791 2672 servus
1833 2633 1972 2673 cum
2000 2616 2104 2672 sim

2243 2615 2362 2683 περὶ
2417 2617 2518 2662 τῶν
2587 2605 2734 2661 ἰδίων
2782 2608 2944 2680 αὐτῷ.
3004 2613 3267 2682 Κρατείτω
3317 2612 3376 2664 τὸ
3450 2630 3522 2682 τῳ
3610 2618 3847 2684 Δεσπότη

483 2702 686 2759 dolere
717 2719 814 2759 me
842 2702 1082 2771 frustra,
1112 2719 1184 2760 ac
1213 2704 1288 2760 de
1333 2705 1630 2762 sententia
1667 2722 1855 2777 quam
1899 2722 2104 2779 neque

2245 2695 2455 2752 δοκοῦν·
2512 2697 2669 2761 αὐτός
2719 2696 2858 2751 ἐστιν
2909 2699 2937 2751 ό
2984 2698 3221 2761 πλάστης
3267 2707 3359 2753 τοῦ
3409 2705 3608 2772 γένους,
3661 2699 3760 2773 ἐγὼ
3793 2697 3856 2753 δὴ

482 2793 713 2850 irritam
734 2793 952 2861 facere,
985 2795 1278 2867 conqueri
1309 2796 1336 2852 ?
1359 2795 1575 2851 Verbis
1624 2798 1926 2868 ejusmodi
1958 2813 2104 2870 quas

2245 2792 2477 2863 697mm.
2523 2793 2588 2842 Ti
2624 2807 2688 2861 με
2716 2792 2826 2861 χρὴ
2896 2785 3082 2841 δοῦλον
3149 2793 3272 2842 ὄντα
3328 2786 3698 2863 δυσχεραίνειν
3757 2789 3874 2872 εὶνί

477 2882 694 2955 jaculis
718 2883 922 2954 justus
949 2882 1046 2939 ille
1084 2883 1399 2941 diabolum
1436 2885 1725 2943 confodit.

2244 2883 2426 2947 όνητα,
2483 2882 2572 2932 καὶ
2629 2879 2926 2952 μέμφεσθαι
2973 2877 3145 2951 ψῆφον
3175 2879 3237 2938 ἣν
3273 2879 3333 2932 οὗ
3385 2876 3618 2953 δύναμαι
3659 2880 3802 2932 λύειν
3837 2900 3857 2948 ;

2242 2971 2510 3032 Τοιούτοις
2553 2971 2640 3021 τὸν
2699 2965 2942 3021 διάϐολον
2985 2969 3011 3020 ὁ
3071 2964 3280 3030 δίκαιος
3349 2972 3692 3033 κατηκόντιζε
3747 2970 3860 3044 ῥή-

2164 3073 2206 3130 C
2243 3063 2427 3133 μασίν.

557 3135 643 3188 ll.
684 3134 1011 3205 Postquam
1052 3135 1255 3190 autem
1285 3133 1500 3191 iterum
1521 3134 1798 3192 inimicus
1824 3153 1964 3194 eum
1985 3136 2104 3194 vidi

2313 3151 2404 3207 11.
2431 3143 2642 3206 Ἐπειδὴ
2694 3144 2753 3200 δὲ
2784 3146 2940 3200 αὐτὸν
2968 3154 3192 3202 νικῶντα
3221 3145 3328 3202 εἶδε
3379 3147 3534 3202 πάλιν
3574 3149 3600 3201 ό
3641 3145 3858 3222 δυσμε-

483 3234 612 3278 esse
632 3219 945 3286 victorem,
969 3237 1080 3278 nec
1108 3221 1231 3279 ulla
1259 3221 1479 3279 harum
1527 3241 1938 3282 aerumnarum
1989 3243 2103 3284 con

2242 3241 2354 3306 νὴς,
2413 3241 2504 3290 καὶ
2567 3233 2740 3289 οὐδενὶ
2787 3239 2980 3289 τούτων
3031 3239 3348 3309 τιναχθῆναι
3375 3234 3677 3312 δυνάμενον,
3711 3239 3854 3312 αὐτῇ

483 3310 602 3364 cuti
633 3325 830 3382 posse,
864 3311 1207 3368 temtationis
1253 3312 1526 3369 admovit
1572 3315 2104 3373 machinamentun

2242 3334 2304 3400 τῇ
2355 3331 2512 3400 σαρκὶ
2564 3329 2623 3379 τό
2670 3335 2767 3388 τῆς
2794 3332 2973 3400 πείρας
2997 3336 3234 3403 προσῆγε
3258 3329 3374 3400 (10)
3403 3310 3723 3402 μηχάνημα,
3758 3310 3860 3383 καὶ

481 3398 650 3455 carni
674 3397 808 3470 ipsi,
837 3403 894 3454 et
913 3414 1163 3472 corpore
1181 3400 1450 3457 infandis
1473 3401 1823 3459 vulneribus
1847 3421 2104 3478 percuss«

2242 3419 2300 3469 τὸ
2334 3425 2486 3489 σῶμα
2535 3416 2792 3488 μαστίξας
2847 3413 3091 3490 ἀρρήτοις
3111 3416 3373 3488 ξπληγαῖς,
3413 3418 3692 3476 σκωλήκων
3715 3416 3860 3471 ἁνα-

481 3487 696 3554 eflecit,
753 3492 818 3544 ut
872 3504 946 3546 ex
983 3505 1054 3545 eo
1081 3489 1377 3546 vermium
1408 3490 1603 3548 fontes
1635 3493 2018 3563 scaturirent,
2051 3495 2104 3551 vi

2244 3502 2498 3559 δίδοσθαι
2544 3507 2716 3577 πηγὰς
2771 3503 2822 3568 ἐξ
2852 3505 3011 3558 αὑτοῦ
3059 3509 3438 3582 παρεσκεύασε·
3485 3512 3575 3559 καὶ
3622 3515 3724 3561 τῶν
3749 3517 3858 3570 τῆς

475 3592 737 3671 rumque
766 3593 840 3634 ex
867 3578 1034 3650 regio
1065 3579 1282 3637 throno
1303 3579 1692 3638 deturbatum
1719 3583 1779 3640 in
1829 3586 2104 3659 sterquili

2243 3595 2512 3670 βασιλείας
2571 3597 2760 3668 θρόνων
2815 3598 2902 3646 τόν
2954 3592 3126 3669 ἄνδρα
3153 3602 3484 3669 καταγαγὼν,
3514 3597 3598 3649 ἐπὶ
3625 3603 3855 3671 κοπρίας

477 3666 580 3759 nio
606 3665 944 3759 collocavit.
968 3668 1066 3725 Ille
1097 3685 1238 3726 vero
1260 3669 1355 3725 vel
1385 3669 1604 3727 talibus
1641 3674 1811 3745 172
1837 3677 2104 3746 angustii

2242 3684 2500 3740 ἐκάθισεν.
2539 3685 2597 3735 ὐ
2655 3681 2733 3751 δε,
2775 3689 2864 3736 καὶ
2916 3687 3173 3746 τοιούτοις
3227 3684 3540 3759 βαλλόμενος
3597 3689 3851 3756 πάθεσιν,

475 3754 817 3824 lacessitus,
869 3759 1206 3830 permansit
1245 3759 1536 3816 immotus
1565 3779 1579 3830 ;
1607 3768 1664 3820 et
1709 3763 1972 3823 lacerato
2002 3784 2104 3825 cor

2242 3772 2484 3835 ἀκίνητος
2538 3776 2716 3846 ἔμεινε*
2785 3773 2874 3826 καί
2921 3779 3345 3847 σπαραττομένου
3411 3784 3502 3828 τοῦ
3576 3782 3850 3850 σώματος,

476 3859 646 3918 pore,
678 3845 918 3918 pietatis
971 3848 1325 3904 thesaurum
1355 3849 1416 3905 in
1445 3852 1759 3909 recondito
1785 3869 2003 3912 animae
2033 3873 2104 3914 re

2242 3864 2432 3917 ἄσυλον
2472 3863 2713 3936 ἐφύλαττε
2763 3864 2850 3916 τὸν
2903 3871 2999 3924 τῆς
3045 3862 3311 3926 εὐσεϐείας
3367 3866 3632 3940 θησαυρόν
3669 3869 3718 3918 εν
3773 3875 3854 3938 τῷ

477 3948 652 3991 cessu
665 3934 1020 3992 inviolatum
1038 3937 1344 3994 servabat.
1377 3942 1525 3995 Cum
1541 3939 1722 4010 igitur
1737 3957 1861 3999 non
1883 3944 2104 4003 habere

2242 3963 2452 4027 κρυπτῷ
2498 3961 2592 4015 τῆς
2657 3952 2864 4024 ψυχῆς.
2926 3951 3038 4004 Οὔκ
3095 3955 3232 4024 ἔχων
3278 3957 3448 4006 τοίνυν
3491 3956 3519 4007 ὃ
3571 3975 3624 4007 τι
3653 3961 3857 4013 ποήσει

475 4022 648 4096 quod
691 4024 822 4096 jam
852 4025 1073 4082 faceret
1113 4025 1326 4092 hostis,
1369 4026 1732 4085 insidiarum
1751 4037 2017 4090 veterum
2042 4051 2104 4092 re

2242 4043 2413 4096 λοιπόν
2462 4045 2488 4095 ό
2535 4042 2797 4114 πολέμιος,
2846 4043 2928 4095 ἐπὶ
2983 4046 3072 4102 την
3131 4051 3224 4105 τῆς
3278 4041 3510 4118 ἀρχαίας
3563 4043 3856 4110 ἐπιϐουλῆς

475 4113 968 4206 cordatur;atque
989 4113 1068 4170 ad
1100 4114 1358 4186 impium
1384 4132 1452 4172 ac
1479 4116 1910 4191 blasphemum
1931 4126 2104 4183 consi

2242 4135 2450 4206 ἔρχεται
2507 4137 2736 4205 μνήμην,
2805 4135 2893 4184 καὶ
2933 4135 3027 4190 την
3055 4140 3148 4184 τοῦ
3178 4136 3393 4204 γυναίου
3439 4130 3674 4186 διάνοιαν
3706 4135 3853 4188 ὐπο-

470 4200 624 4258 lium
653 4203 857 4260 uxoris
881 4203 1160 4260 animum
1181 4205 1560 4277 pertrahens,
1597 4224 1786 4281 opera
1807 4211 1967 4270 illius
2020 4231 2104 4289 agt

2242 4226 2402 4298 σύρας
2445 4223 2559 4294 (11)
2613 4221 2683 4283 εἰς
2733 4219 2892 4280 ἀσεϐῆ
2943 4226 3152 4294 γνώμην
3199 4225 3289 4275 καὶ
3360 4221 3692 4296 βλάσφημον,
3768 4223 3854 4279 δι’

472 4291 865 4388 grediebatur
892 4293 1184 4350 athletam
1215 4301 1555 4354 concutere.
1604 4303 1686 4355 Ac
1739 4300 1840 4358 illa
1876 4303 2104 4375 quiden

2242 4313 2430 4376 ἐκείνης
2485 4311 2714 4364 σαλεύειν
2779 4309 3016 4385 ἐπειρᾶτο
3065 4314 3151 4363 τόν
3203 4310 3448 4371 ἀθλητήν.
3508 4319 3610 4366 Καί
3647 4316 3677 4372 ἡ
3751 4319 3852 4388 μὲν

469 4379 759 4452 temporis
807 4381 1186 4439 diuturnitati
1229 4384 1475 4457 cedens,
1516 4387 1682 4458 justo
1711 4392 1909 4465 astitit,
1954 4395 2102 4452 hum

2242 4409 2364 4478 πρὸς
2417 4406 2505 4456 τὸν
2543 4405 2741 4476 μακρὸν
2807 4406 3000 4476 χρόνον
3057 4401 3173 4470 (12)
3251 4400 3682 4477 ἀπαγορεύσασα,
3766 4415 3850 4478 τῷ

468 4481 687 4540 prona,
711 4485 932 4527 manus
960 4488 1143 4544 super
1169 4473 1244 4529 iis
1265 4491 1399 4546 qum
1433 4476 1674 4535 videbat
1701 4483 2100 4555 complodens

2242 4491 2424 4565 δικαίῳ
2470 4497 2787 4566 παρίστατο,
2847 4493 2990 4544 κάτω
3035 4499 3318 4560 νενευκυῖα,
3358 4498 3448 4546 καὶ
3499 4496 3594 4556 τὰς
3649 4502 3851 4571 χεῖρας

466 4557 708 4626 pietatis
728 4557 782 4616 ei
819 4559 1046 4617 fructus
1074 4563 1469 4634 exprobrans,
1501 4566 1606 4623 hin
1635 4574 1900 4628 veterem
1919 4575 2004 4630 rei
2034 4575 2104 4634 fa-

2242 4583 2312 4638 ἰπὶ
2357 4590 2466 4645 τοῖς
2511 4585 2790 4657 ὁρωμένοις
2848 4583 3237 4654 συγκρούουσα,
3270 4586 3360 4635 καὶ
3413 4586 3538 4647 τοὺς
3560 4592 3657 4646 τῆς
3688 4585 3845 4638 εὐσε-

463 4645 716 4704 miliaris
733 4648 1109 4720 opulentiam
1130 4668 1475 4720 recensens,
1498 4655 1660 4714 illinc
1677 4660 1840 4718 mala
1861 4679 2104 4734 praesen

2242 4673 2372 4735 θείας
2430 4672 2570 4743 αὐτῷ
2632 4675 2863 4746 καρποὺς
2915 4667 3272 4739 ὀνειδίζουσα,
3333 4677 3420 4724 καὶ
3470 4673 3848 4745 καταλέγουσα

464 4736 549 4794 tia
572 4744 1084 4804 commonstrans,
1107 4746 1163 4798 et
1192 4743 1438 4815 qualem
1461 4761 1532 4800 ex
1554 4749 1839 4820 qualibus
1878 4756 2104 4812 sortitus

2242 4767 2318 4817 κεν
2348 4767 2442 4821 την
2499 4761 2722 4814 παλαιὰν
2763 4761 3000 4818 εὐθηνίαν
3027 4769 3127 4812 τῶν
3157 4761 3377 4828 οἰκείων,
3411 4759 3846 4817 ὑποδεικνύουσα

461 4830 620 4884 esset
647 4827 850 4892 vitam,
880 4834 938 4886 et
967 4845 1155 4902 quam
1186 4847 1295 4904 pro
1327 4835 1531 4890 multis
1559 4839 1868 4896 sacriﬁciis
1899 4859 2104 4902 merce-

2242 4850 2289 4906 ἴε
2316 4855 2382 4906 τὰ
2423 4855 2658 4925 παρόντα
2707 4851 2866 4918 κακὰ,
2913 4853 3004 4903 καὶ
3044 4851 3149 4902 οἷον
3180 4848 3233 4914 ἐξ
3253 4853 3372 4902 οἱων
3393 4850 3553 4922 ΰεαχε
3577 4851 3718 4924 βίον,
3748 4859 3846 4907 καὶ

460 4915 604 5014 dem
629 4933 665 4974 a
690 4918 946 5014 Domino
967 4922 1313 4993 recepisset.
1348 4925 1414 4980 Et
1440 4940 1679 4998 semper
1697 4931 1880 4989 verba
1900 4934 2104 5006 pusillc

2242 4946 2342 4996 rivo:
2368 4950 2467 4995 τῶν
2510 4940 2710 4994 πολλῶν
2749 4942 2944 4993 θυσιῶν
2987 4935 3199 5002 ἐδέξατο
3239 4942 3383 5014 παρὰ
3437 4947 3530 4992 τοῦ
3566 4947 3842 4996 Δεσπότου

458 5004 709 5079 quidem
732 5007 1056 5066 mulierum
1085 5011 1291 5069 animo
1319 5012 1504 5084 digna
1529 5004 2011 5090 proferebansed
2032 5029 2104 5083 ta-

2242 5033 2436 5098 ιισθὸν,
2497 5030 2634 5101 ἔλεγέ
2685 5048 2741 5082 τε
2800 5027 2878 5082 ἀεὶ
2930 5037 2991 5088 τῆ
3005 5049 3026 5090 ς
3073 5031 3164 5100 μὲν
3231 5036 3331 5082 τῶν
3359 5038 3622 5101 γυναικῶν
3662 5030 3843 5103 ὀλιγο-

530 5152 611 5249 φ)
637 5153 1031 5249 9393-99.12-
1078 5157 1629 5249 RF.9,_{3_‘T?“2"-1‘ab€‘
1891 5171 2104 5249 ααεινί-

2242 5181 2408 5249 Ξγαγε.
2441 5175 2762 5249 Aliquanto
2787 5177 2926 5249 post
2955 5171 3124 5249 Colb.
3156 5172 3392 5249 primus
3422 5181 3582 5232 τοῦ...
3621 5176 3836 5249 Θρόνου,

452 5225 2104 5328 ξιξ-ςιὲίὲἑλὶιέξίηὲ..923³ΞἫ⁰⁰Πβεδε-ΨΜ

2242 5225 2407 5316 "(iii
2429 5225 2821 5328 ξέὃὰἒρῖ
2840 5225 3395 5328 ἦέεῗᾷῖάνζ
3403 5225 3590 5328 φάροξᾷ

452 5294 1468 5391 ξίὲἐίίὲ..ειιξξξςί.ιιεεηἰιξρτέετρτίφιιω
1498 5304 1560 5360 in
1588 5294 1722 5388 miri
1747 5325 1855 5365 ονε
1882 5311 1959 5391 ab
1999 5313 2104 5369 ali-

2435 5318 2625 5374 Editio
2656 5319 2840 5374 Paris.
2881 5294 3082 5390 μοῗκρὸν
3112 5320 3285 5391 πόνον,
3317 5294 3629 5391 diutinum
3665 5320 3843 5377 dolo--

453 5378 604 5471 321(ξέ
610 5375 805 5471 gulf}
817 5385 897 5471 lis;
921 5375 1502 5471 Vgtllj‘xvi‘OEI-l‘t‘i‘a‘m‘
1517 5380 1713 5471 _s
1733 5451 1747 5471 1
1772 5383 2108 5462 exprimere
2220 5375 2340 5471 rein
2365 5375 2498 5471 clunt
2522 5396 2844 5471 nauigasset
2856 5375 3026 5471 ferr}:
3055 5375 3324 5468 amplius
3340 5387 3468 5471 :sef‘l
3481 5406 3609 5471 qua
3627 5375 3842 5471 aucto-

451 5434 679 5534 ξθξξῇίλ
695 5434 924 5534 δίς-ᾁ-ῗξλιι
957 5447 1020 5496 υἱ
1051 5441 1179 5499 alii?
1214 5445 1436 5514 "1111MB,
1467 5434 1944 5519 Ροεῑῶοάιιηίὶι]
1970 5473 2107 5512 con-
2591 5434 3388 5534 sillitecscripturafnescio.
3417 5434 3611 5517 Ed‘itio

450 5508 684 5563 textum
710 5507 900 5566 ﬂuxit.
1424 5507 1433 5514 ’
1468 5507 1487 5519 ⁵
1890 5507 1897 5508 ί
1928 5507 1941 5508 ί
1977 5507 2082 5512 ﬂ"

519 5578 635 5607 lnn\
677 5579 916 5607 πλον...-
970 5587 1230 5607 -.-_A..-_
1283 5587 1415 5607 IsLhz
1597 5602 1615 5607 _.
1742 5595 1887 5607 κη..

2242 5540 2273 5592 ει
2300 5534 2491 5594 nostri
2516 5539 2780 5607 quatuor
2810 5507 3183 5606 ωεεξμακρὶν
3215 5536 3428 5605 χρόνον.

519 5578 635 5650 (10)
677 5579 916 5638 Veteres
967 5587 1230 5654 quatuor
1283 5587 1417 5645 libri
1447 5602 1701 5666 προσῆγε.
1740 5595 1889 5656 Editi
1947 5619 2104 5674 προσ-
