4100 6196
231 255 333 310 561

1039 255 1276 315 HOMIL.
1319 259 1511 326 QUOD
1551 257 1912 318 MUNDANIS
1948 258 2453 317 ΑῡΗιΕΗΕΝῡυΜ
2494 263 2635 319 NON
2678 263 2802 319 SIT.

3491 275 3601 330 362

229 378 444 451 ψυχίας
475 377 601 441 ἄξια
634 378 871 453 ῥήματα,
902 379 1126 455 ταράξαι
1166 377 1225 435 δε
1252 384 1422 436 πάντα
1467 379 1637 459 ἄνδρα
1686 380 1814 436 δυνά

1956 380 2034 439 lia
2064 386 2285 452 tamen,
2317 402 2453 457 quae
2483 386 2678 443 virum
2705 400 2946 443 omnem
2984 388 3358 460 perturbare,
3390 396 3449 449 et
3483 394 3609 450 ani-

235 488 382 535 ιιενα,
435 471 529 522 καὶ
581 468 892 544 περιτρέψαι
947 474 1036 522 καὶ
1082 476 1315 541 γενναίαν
1342 469 1595 526 διάνοιαν·
1641 473 1840 531 πλανῆ-

231 577 316 621 τις
346 559 451 631 γὰρ
485 560 576 609 καὶ
619 556 803 630 λάτρις
832 561 1201 633 περιέρχομαι,
1251 562 1282 619 ἡ
1330 559 1542 634 βασιλὶς
1591 558 1839 632 δουλεύω,

234 651 326 701 καὶ
381 649 516 720 πρὸς
563 647 653 707 τὰς
691 655 791 698 τῶν
837 644 970 719 ἕμῶν
1014 647 1220 700 οἰκετῶν
1263 658 1449 726 χεῖρας
1500 651 1841 724 ἠνάγκασμαι

235 735 469 810 βκπειν,
515 740 607 789 καί
652 740 918 810 τρέφουσα
967 737 1127 790 πάλαι
1181 738 1419 807 πολλοὺς,
1454 739 1737 813 ἀγαπητῶς
1784 738 1840 793 ἐκ

233 832 334 879 τῶν
380 823 664 900 ἀλλοτρίων
704 830 1100 901 παρατρέφομαι
1146 835 1255 880 νῦν·
1306 833 1395 882 καὶ
1433 831 1514 882 ὅτι
1554 829 1709 882 καλὸν
1757 833 1834 888 εἴη

229 919 318 967 καί
356 919 655 987 χρήσιμον,
715 913 931 969 ἀσεϐέσι
975 919 1309 991 χρησάμενον
1365 919 1600 995 ῥήμασιν
1658 919 1836 973 ἑαυτὸν

228 1012 325 1065 τῆς
352 1012 458 1074 713;
497 1001 745 1077 ἐκτεμεῖν,
798 1007 856 1058 τὸ
901 1014 997 1066 τῆς
1037 1014 1129 1059 τοῦ
1186 1010 1466 1072 κτίσαντος
1508 1009 1670 1084 ὀργῆς
1707 1006 1836 1061 ἀκο-

225 1097 465 1151 sient-01
490 1092 652 1165 ξίφος,
684 1092 735 1164 ii:
777 1090 813 1147 δ
818 1102 1217 1170 ιακαρτεροῦντα
1254 1098 1386 1172 πρός
1421 1098 1487 1150 τὰ
1531 1094 1694 1164 δεινὰ,
1747 1100 1835 1150 τόν

227 1178 274 1233 ἐν
312 1189 425 1245 τοῖς
477 1179 648 1253 ἀγῶσι
692 1184 897 1255 μόχθον
938 1182 1101 1255 ἐαυτῷ
1143 1190 1236 1238 καὶ
1280 1193 1343 1258 τῇ
1389 1189 1703 1260 συνοικούσῃ
1734 1206 1837 1259 μη-

224 1272 420 1327 κύνειν.
464 1269 522 1323 Ὀ
554 1267 637 1339 δέ,
669 1269 755 1324 ἐπὶ
786 1274 991 1335 τούτοις
1018 1280 1127 1336 τοῖς
1153 1273 1387 1349 ῥήμασιν
1419 1273 1718 1347 ἀχθεσθεὶς,
1764 1277 1835 1340 ὡς

223 1357 297 1413 ἔπ’
336 1356 520 1412 οὐδενὶ
561 1368 663 1413 τῶν
704 1365 965 1437 προτέρων
994 1370 1185 1431 κακῶν,
1217 1368 1310 1416 καὶ
1342 1365 1508 1437 θυμοῦ
1536 1366 1592 1417 τό
1624 1363 1833 1438 βλέμμα

220 1447 531 1523 πληρώσας,
601 1454 693 1502 καὶ
763 1454 893 1526 πρός
958 1455 1052 1511 τὴν
1113 1460 1340 1524 γυναῖκα
1403 1455 1635 1527 καθάπερ
1702 1458 1832 1530 πρὸς

216 1537 474 1611 πολεμίαν
505 1539 881 1614 ἀποστραφεὶς,
922 1544 975 1595 τί
1022 1558 1219 1615 φησιν;
1269 1541 1378 1596 Ἰνα
1406 1547 1457 1596 τί
1491 1546 1561 1608 ὡς
1605 1548 1704 1616 μία
1731 1551 1830 1597 τῶν

217 1624 455 1700 ἆφρόνων
483 1636 748 1699 γυναικῶν
778 1626 1006 1702 ἐφθέγξω
1036 1646 1050 1697 ;
1084 1632 1348 1699 Κατάθου,
1382 1637 1560 1704 φησὶν,
1585 1629 1624 1683 ὦ
1654 1634 1827 1703 γύναι,

1952 486 2122 527 mum
2148 471 2245 528 vel
2272 472 2486 530 fortem
2516 475 2862 532 subvertere
2891 482 3160 548 possent.
3180 480 3363 549 Vaga,
3378 480 3608 553 inquie-

1950 558 2072 627 bat,
2104 565 2159 617 et
2199 561 2419 619 ancilla
2461 563 2699 631 oberro,
2730 564 2940 635 regina
2980 565 3195 637 servio,
3231 571 3289 624 et
3330 568 3410 625 ad
3444 584 3607 627 meo-

1949 664 2084 705 rum
2124 648 2495 708 famulorum
2536 668 2757 709 manus
2784 653 3083 724 respicere
3112 659 3322 712 coacta
3359 673 3519 729 sum,
3547 660 3608 715 et

1947 752 2083 811 quae
2109 739 2331 796 multos
2357 740 2502 799 olim
2530 742 2776 808 nutrivi,
2820 742 2976 798 bene
3020 758 3185 798 nunc
3232 760 3475 805 mecum
3504 746 3606 817 agi

1947 828 2222 885 existimo
2266 830 2316 885 si
2360 832 2623 888 enutriar
2673 848 2746 888 ex
2795 831 3024 888 alienis.
3055 832 3353 901 Addebat,
3385 833 3604 894 melius

1946 932 2076 973 esse
2102 934 2173 974 ac
2198 918 2399 974 utilius
2427 921 2476 976 si
2504 920 2579 976 de
2609 925 2766 977 terra
2796 937 2858 977 se
2883 921 3011 993 ipse
3048 921 3442 990 exscinderet,
3485 923 3601 980 im-

1944 1006 2059 1079 piis
2085 1007 2285 1063 verbis
2325 1009 2570 1079 utendo,
2620 1014 2677 1066 et
2703 1009 2972 1081 gladium
3001 1009 3103 1067 irae
3136 1009 3472 1068 Conditoris
3500 1027 3602 1068 ex-

1944 1095 2240 1164 acuendo,
2268 1113 2453 1170 quam
2480 1098 2530 1153 si
2568 1098 2867 1155 malorum
2896 1098 3208 1155 tolerantia
3246 1099 3358 1154 sibi
3393 1100 3507 1173 ipsi
3539 1106 3601 1159 et

1944 1185 2117 1241 uxori
2144 1186 2540 1243 certaminum
2562 1186 2832 1243 laborem
2859 1191 3162 1260 proroget.
3195 1186 3293 1243 Ille
3321 1203 3464 1244 vero
3501 1188 3598 1246 his

1943 1273 2141 1331 verbis
2160 1275 2355 1345 magis
2374 1292 2561 1348 quam
2581 1275 2703 1332 ullo
2722 1275 3024 1332 malorum
3041 1274 3309 1348 priorum
3326 1276 3595 1334 offensus

1941 1366 2000 1419 et
2034 1362 2269 1419 vultum
2298 1363 2388 1420 ira
2414 1364 2700 1437 replente,
2742 1364 2823 1421 ad
2866 1380 3116 1420 uxorem
3165 1364 3330 1420 velut
3356 1364 3596 1423 hostem

1941 1467 2295 1523 conversus,
2331 1454 2482 1526 quid
2521 1453 2720 1510 dicit?
2767 1455 2962 1520 Quare
3012 1458 3305 1526 tanquam
3349 1469 3474 1511 una
3518 1454 3597 1512 de

1941 1540 2137 1597 stultis
2185 1542 2538 1599 mulieribus
2569 1542 2771 1600 locuta
2796 1558 2859 1598 es
2882 1543 2942 1599 1?
2980 1546 3248 1615 Depone,
3294 1559 3331 1599 ο
3358 1542 3596 1613 mulier,

1938 1630 2154 1704 inquit,
2173 1630 2325 1688 illud
2346 1631 2687 1688 consilium.
2717 1634 3042 1705 Quousque
3066 1630 3239 1688 dictis
3259 1633 3377 1689 tuis
3405 1632 3599 1692 dede-

212 1721 305 1776 τὴν
357 1716 687 1791 συμϐουλήν.
738 1722 920 1794 Μέχρι
958 1724 1096 1783 τίνος
1134 1724 1228 1779 τὴν
1264 1724 1442 1781 κοινὴν
1482 1720 1530 1772 ἓν
1557 1722 1629 1783 οἷς
1670 1720 1814 1793 λέγω

1938 1720 2176 1776 corabis
2205 1720 2388 1779 vitam
2436 1736 2823 1778 communem
2846 1721 2874 1776 ?
2922 1720 3188 1790 Violasti,
3222 1722 3391 1795 quod
3438 1726 3596 1782 Deus

210 1805 455 1880 ὑϐρίξεις
483 1807 671 1875 turis;
726 1807 959 1879 Ἐψεύσω
1004 1812 1095 1862 καὶ
1142 1814 1236 1868 τὴν
1281 1809 1427 1884 ἐμὴν,
1477 1811 1542 1871 ὡς
1584 1809 1678 1863 ούκ
1727 1810 1828 1868 ηύ-

207 1900 415 1969 χόμην,
452 1898 800 1971 ἀναστροφὴν,
870 1894 1099 1961 διέϐαλες
1162 1897 1211 1952 ἕν
1275 1900 1356 1963 οἷς
1423 1898 1679 1963 ἔλάλησας
1737 1903 1828 1953 καὶ

206 1989 297 2038 τόν
352 1984 478 2060 ἐμὸν
548 1985 689 2059 βίον.
749 1986 836 2052 Ἐξ
896 1988 1143 2060 ἡμισείας
1213 1987 1526 2047 ἠσεϐηκέναι
1586 1992 1828 2063 νενόμικα

204 2081 327 2141 νῦν,
381 2072 666 2149 ἐπειδήπερ
709 2077 760 2130 ἓν
815 2079 906 2150 μεν
955 2084 1109 2150 σῶμα
1160 2076 1477 2152 ἀμφοτέρους
1529 2080 1669 2152 ἡμᾶς
1710 2080 1824 2146 (13)

210 2164 243 2216 6
294 2165 464 2237 γάμος
490 2162 731 2232 ἐποίησε,
789 2169 855 2218 σύ
915 2162 975 2220 δὲ
1024 2165 1092 2228 εἰς
1145 2165 1485 2241 βλασφημίαν
1527 2170 1821 2230 κατίπεσες.

203 2252 273 2306 Εἰ
309 2255 379 2305 τὰ
426 2250 605 2326 ἀγαθὰ
653 2250 942 2328 ἐδεξάμεθα
995 2253 1047 2308 ἐκ
1094 2259 1276 2330 χειρὸς
1326 2259 1543 2332 Κυρίου,
1590 2258 1657 2308 τά
1685 2257 1825 2310 κακὰ

202 2341 315 2413 οὐχ
372 2344 715 2415 ὑποίσομενς
784 2344 1109 2417 Ἀνάμνησον
1157 2353 1258 2398 τῶν
1308 2347 1616 2419 φθασάντων
1672 2364 1823 2398 σεαυ-

202 2435 299 2490 τήν
340 2430 582 2504 ἀγαθῶν.
638 2432 1022 2493 Ἀπισὰκωσον
1051 2436 1117 2488 τὰ
1139 2437 1355 2510 κρείττω
1397 2443 1502 2496 τοῖς
1552 2439 1816 2510 χείροσιν.

201 2517 438 2583 (Ηδενὸς
469 2520 758 2597 ἀνθρώπων
821 2524 849 2578 6
906 2522 1024 2597 βίος
1065 2520 1243 2578 διόλου
1290 2526 1568 2600 μακάριος.
1612 2527 1682 2577 Τὸ
1727 2522 1821 2579 διὰ

200 2615 402 2674 παντὸς
435 2607 774 2687 εὗνίπράττειν
802 2616 962 2686 μόνου
994 2622 1148 2667 Θεοῦο
1182 2617 1247 2667 Σὺ
1293 2611 1371 2681 δε,
1405 2614 1450 2669 εἰ
1479 2621 1589 2678 τοῖς
1624 2620 1819 2689 παροῦ-

202 2717 291 2751 σιν
337 2699 547 2773 ἀλγεῖς,
579 2699 682 2754 ἀπὸ
718 2710 816 2755 τῶν
854 2701 1215 2777 προλαϐόντων
1261 2708 1460 2762 σαυτὴν
1505 2705 1819 2778 παραμύθη-

204 2808 337 2845 σαι.
402 2798 519 2844 Νῦν
578 2787 860 2865 δακρύεις,
921 2790 1028 2845 ἀλλ’
1088 2792 1334 2866 ἐγελασας
1384 2798 1669 2867 πρότερονο
1727 2801 1817 2847 νῦν

199 2883 525 2952 πτωχεύεις,
760 2880 1088 2946 ἓπλούτησας
1155 2901 1440 2957 πρότερον.
1522 2882 1696 2944 "Eme;
1755 2887 1812 2937 τὸ

202 2964 399 3031 διειδές
422 2976 572 3043 νᾶμα
592 2977 686 3023 τοῦ
720 2967 864 3043 βίου,
905 2975 995 3023 καὶ
1042 2973 1101 3025 τό
1142 2970 1345 3044 θολερόν
1384 2978 1538 3025 τοῦτο
1585 2976 1815 3026 πίνουσα

1936 1809 2267 1877 avertisset,
2298 1809 2819 1867 conversationem
2864 1825 3070 1867 meam
3115 1815 3300 1884 atque
3345 1811 3597 1870 societa-

1936 1901 2077 1965 tem,
2122 1903 2179 1955 et
2208 1898 2325 1955 tuis
2365 1898 2493 1955 istis
2535 1897 2737 1955 verbis
2777 1898 2965 1956 vitam
3012 1915 3219 1956 meam
3264 1900 3449 1957 etiam
3495 1917 3595 1960 ca-

1934 1986 2166 2044 lumnia
2207 1987 2537 2061 aspersisti.
2589 1986 2811 2044 Videor
2846 2003 3015 2045 nunc
3041 1988 3193 2046 mihi
3234 1988 3489 2048 dimidia
3517 2005 3593 2048 ex

1933 2079 2103 2148 parte
2128 2075 2311 2149 impie
2342 2077 2578 2147 egisse:
2631 2075 2935 2148 siquidem
2968 2092 3159 2133 unum
3188 2077 3438 2150 quidem
3463 2094 3592 2136 cor-

1933 2179 2049 2238 pus
2078 2169 2365 2238 utrosque
2393 2180 2506 2221 nos
2535 2164 2763 2237 nuptiae
2788 2165 3216 2237 praestiterunt,
3243 2166 3349 2222 sed
3370 2170 3437 2223 tu
3450 2182 3593 2239 pro-

1929 2251 2107 2326 lapsa
2135 2269 2199 2309 es
2229 2253 2290 2309 in
2319 2252 2792 2326 blasphemiam.
2841 2254 2911 2311 Si
2940 2254 3095 2310 bona
3122 2254 3486 2324 suscepimus
3514 2256 3591 2314 de

1928 2356 2115 2397 manu
2144 2342 2405 2408 Domini,
2451 2342 2619 2398 mala
2647 2358 2768 2398 non
2804 2341 3300 2399 sustinebimus’?
3330 2343 3589 2414 Redigas

1928 2430 2034 2487 tibi
2052 2432 2116 2487 in
2144 2431 2502 2488 memoriam
2531 2430 2830 2504 praeterita
2847 2430 3033 2488 bona.
3065 2434 3404 2505 Compensa
3421 2432 3588 2492 bona

1927 2519 2122 2578 malis.
2148 2520 2377 2578 Nullius
2396 2520 2660 2577 hominis
2681 2519 2801 2576 vita
2819 2519 2993 2576 beata
3020 2525 3108 2577 est
3127 2520 3398 2578 omnino.
3419 2523 3586 2578 Sem-

1927 2626 2035 2684 per
2075 2611 2307 2669 felicem
2343 2626 2494 2678 esse,
2536 2609 2725 2667 solius
2774 2609 2877 2665 Dei
2915 2613 3023 2666 est.
3068 2613 3152 2666 Tu
3190 2609 3370 2680 igitur
3415 2610 3464 2667 si
3501 2608 3584 2666 ob

1925 2700 2250 2773 praesentia
2296 2699 2503 2757 dolore
2553 2697 2831 2766 afficeris,
2872 2713 2945 2755 ex
2995 2698 3308 2772 praeteritis
3355 2702 3410 2755 te
3445 2698 3586 2772 ipsa

1925 2788 2261 2846 consolare.
2295 2791 2461 2844 Nunc
2489 2787 2872 2860 lacrymaris,
2901 2792 2964 2845 at
2989 2787 3159 2861 prius
3187 2787 3395 2845 risisti:
3418 2802 3585 2845 nunc

1925 2894 2161 2952 pauper
2189 2895 2273 2943 es,
2301 2882 2362 2934 at
2392 2877 2560 2951 prius
2584 2877 2749 2933 fuisti
2791 2877 2981 2935 dives.
3016 2877 3222 2936 Bibisti
3256 2877 3584 2952 limpidum

1921 2968 2057 3025 vita:
2073 2967 2334 3037 laticem,
2343 2967 2472 3038 jam
2494 2966 2807 3022 turbidum
2824 2966 3039 3023 bibens
3061 2967 3266 3024 animo
3284 2983 3460 3039 aequo
3475 2982 3583 3039 pa.

200 3062 551 3133 καρτέρησον.
604 3056 747 3112 Ούδέ
797 3061 865 3112 τά
905 3068 1004 3112 τῶν
1041 3069 1288 3133 ποταμῶν
1340 3059 1577 3135 ῥεύματα
1634 3057 1811 3113 διόλου

1924 3058 2087 3115 tiare.
2118 3061 2198 3114 Ne
2218 3056 2538 3114 ﬂuviorum
2564 3055 2812 3128 quidem
2831 3056 3056 3112 ﬂuenta
3080 3060 3372 3128 perpetuo
3390 3071 3581 3127 appa-

202 3151 435 3219 φαίνεται
464 3149 696 3223 καθαρά.
731 3151 965 3223 Ποταμός
995 3146 1074 3222 δε,
1122 3152 1187 3211 ὡς
1216 3147 1391 3217 οἶσθα,
1438 3149 1463 3202 6
1496 3148 1614 3222 βίος
1642 3150 1810 3223 ἡμῶν,

200 3236 323 3311 ῥέων
372 3234 661 3310 ἐνδελεχῶς
723 3241 814 3291 καὶ
878 3240 1108 3312 κύμασιν
1159 3237 1522 3300 ἀλλεπαλήλοις
1587 3238 1813 3314 πληρού-

205 3344 351 3396 pm;
380 3327 519 3398 (14).
575 3329 648 3380 Τὸ
821 3328 925 3400 γὰρ
983 3326 1145 3382 αὐτοῦ
1191 3325 1528 3401 προέρρευσεν
1573 3323 1703 3394 ἤδη,
1749 3329 1808 3381 τὸ

205 3408 265 3467 δ¹ε
313 3417 394 3468 ἔτι
447 3417 747 3490 πορεύεταιο
799 3420 891 3470 καί
952 3417 1013 3470 τὸ
1060 3419 1150 3490 μὲν
1198 3418 1318 3491 άρτι
1382 3415 1645 3492 προέκυψε
1708 3424 1807 3468 τῶν

200 3511 411 3574 πηγῶν,
435 3506 498 3558 τό
541 3501 603 3559 δε
650 3504 841 3578 μέλλει·
894 3509 984 3558 καὶ
1037 3509 1171 3580 πρὸς
1211 3510 1306 3565 τὴν
1357 3509 1534 3564 κοινὴν
1589 3505 1808 3567 ἅπαντες

199 3599 298 3646 τοῦ
330 3594 551 3648 Θανάτου
584 3590 880 3667 σπεύδομεν
922 3594 1198 3650 θάλατταν.
1251 3594 1311 3646 Εἰ
1365 3597 1432 3648 τὰ
1470 3592 1645 3666 ἀγαθὰ
1692 3591 1804 3648 ἐδε-

200 3682 400 3756 ξάμεθα
446 3682 507 3736 ἐκ
550 3686 733 3757 χειρός
782 3689 997 3759 Κυρίου,
1047 3686 1114 3737 τὰ
1163 3685 1302 3737 κακὰ
1343 3683 1450 3756 ούχ
1480 3688 1801 3757 υποίσομενς

200 3770 591 3846 ’Δναγκάζομιν
635 3776 727 3827 τόν
782 3778 965 3849 κριτὴν
1019 3775 1174 3847 ὃμοια
1219 3780 1472 3848 χορηγεῖν
1514 3774 1803 3848 πράγματα

196 3855 269 3912 δι’
296 3868 492 3924 αἰῶνος
517 3864 678 3934 apis;
724 3858 1051 3936 Διδάσκομεν
1102 3866 1188 3915 τόν
1218 3866 1502 3929 Δεσπότην,
1535 3863 1667 3923 ὅπως
1691 3865 1799 3934 χρὴ

196 3944 458 4023 διεξάγειν
522 3954 613 4004 τὸν
664 3952 913 4026 ἡμέτερον
972 3950 1089 4026 βίον
1122 3961 1151 4019 ς’
1205 3951 1368 4015 Αύτὸς
1433 3960 1534 4005 τῶν
1599 3952 1798 4007 οἰκείων

193 4036 378 4112 ﬁgam
438 4042 559 4111 ἔχει
622 4044 718 4099 τήν
779 4039 1037 4105 ἐξουσίαν.
1099 4038 1273 4103 Ὀπως
1322 4038 1568 4114 βούλεται
1622 4042 1798 4095 τάττει

194 4130 257 4180 τὰ
283 4129 406 4184 καθ’
438 4131 605 4202 ἡμᾶς.
638 4133 795 4203 Σοφὸς
844 4126 905 4185 δέ
932 4128 1067 4201 ἔστι,
1110 4133 1200 4183 καί
1250 4132 1307 4183 τὸ
1353 4128 1653 4183 λυσιτελοῦν
1692 4127 1799 4184 ἔπι-

196 4226 367 4293 μετρεῖ
382 4225 500 4280 τοῖς
516 4218 763 4281 οἰκέταις.

266 4311 351 4363 12.
419 4311 510 4367 Min
568 4309 915 4385 περιεργάζου
977 4317 1069 4364 τοῦ
1136 4315 1398 4365 Δισπότου
1442 4315 1537 4371 τήν
1596 4318 1793 4387 κρίσιν.

199 4391 405 4466 ’Δγάπα
432 4399 591 4470 μόνον
637 4400 706 4449 τὰ
757 4400 902 4472 παρά
955 4406 1049 4462 τῆς
1094 4399 1256 4453 αὑτοῦ
1289 4405 1471 4473 σοφίας
1499 4400 1794 4475 οἰκονομού-

199 4502 339 4556 μυει.
385 4484 556 4561 Ὅπερ
612 4484 675 4538 ἂν
722 4483 802 4557 δῷ
859 4506 964 4557 σοι,
1011 4495 1165 4542 τοῦτο
1210 4485 1378 4562 δέχου
1426 4490 1537 4562 μεθ’
1578 4487 1790 4552 ἡδονῆς.

201 4573 364 4636 δεῖξον
436 4573 488 4628 ἕν
545 4582 658 4637 τοῖς
713 4574 994 4648 ἀλγεινοῖς,
1053 4579 1125 4641 ὡς
1178 4582 1269 4631 καὶ
1324 4588 1416 4639 τῆς
1482 4578 1795 4653 εὐφροσύνης

201 4659 317 4726 ἀξία
360 4673 465 4726 τῆς
516 4666 742 4739 πρόσθεν
783 4664 1086 4738 ἐτύγχανες.
1146 4674 1326 4721 Ταῦτα
1371 4669 1398 4720 ό
1448 4667 1564 4722 Ἰὼϐ
1615 4668 1790 4741 λέγων,

201 4750 561 4829 ἀπεκρούσατο
588 4758 679 4806 καὶ
713 4756 909 4814 ταύτην
937 4763 1030 4809 τοῦ
1061 4752 1308 4810 διαϐόλου
1351 4762 1445 4817 τὴν
1473 4757 1790 4832 προσϐολὴν,

197 4849 279 4897 καὶ
298 4844 500 4898 τελείαν
531 4842 675 4914 αύτῷ
702 4850 794 4905 τῆς
824 4846 988 4908 ἣττης
1024 4845 1290 4918 αἰσχύνην
1337 4846 1584 4919 ἐπήγαγε.
1616 4853 1680 4901 Τί
1704 4846 1792 4901 οὖν

194 4929 415 4985 ἐντεῦθεν
464 4930 759 4986 συνέϐαινεν
803 4949 819 5000 ;
875 4933 1069 5006 Ἔφυγε
1119 4932 1272 4997 αὖθις
1322 4938 1352 4995 ἡ
1407 4940 1557 4998 νόσος
1611 4937 1788 5006 αὐτὸν,

193 5023 258 5084 ὡς
308 5020 422 5082 εἰκῆ
495 5021 881 5096 προσελθοῦσα,
936 5028 1027 5077 καὶ
1103 5021 1270 5098 μηδέν
1327 5023 1570 5081 ἀνύσασα
1619 5026 1788 5084 πλέον.

197 5108 449 5165 ’Δνίθαλεν
473 5110 547 5172 εἰς
594 5107 841 5187 δευτέραν
885 5111 1018 5171 ἥϐην
1052 5116 1081 5172 ἡ
1131 5113 1282 5188 σάρξ·
1326 5114 1548 5173 ηνθησεν
1594 5117 1621 5168 6
1671 5115 1791 5189 βίος

194 5199 335 5253 πιλιν
362 5207 502 5255 πᾶσι
538 5208 648 5263 τοῖς
683 5200 920 5273 ἀγαθοῖς,
965 5207 1056 5255 καί
1081 5199 1376 5256 διπλασίων
1405 5202 1491 5257 ἐπί
1524 5208 1612 5258 τὸν
1651 5203 1791 5260 οἶκον

257 5309 274 5344 ¹
312 5307 427 5365 Job
447 5324 510 5376 ιι,
543 5311 629 5365 to.
671 5311 693 5344 ²
719 5308 869 5365 ibid.

202 5418 639 5543 ὧξῦῗέυζοοθω
670 5418 806 5489 ἡμᾶς
830 5432 902 5473 ex
924 5415 1190 5489 antiquis
1222 5414 1464 5474 duobus
1496 5416 1662 5474 libris
1687 5420 1791 5478 ad-

264 5559 374 5629 (14)
398 5557 590 5617 Editio
620 5557 810 5627 Paris,
844 5559 1334 5644 πλημμυρούμενος.
1368 5562 1602 5619 Veteres
1639 5579 1792 5636 qua~

1919 3151 2051 3204 rent
2074 3162 2251 3220 pura.
2278 3147 2378 3200 Est
2397 3149 2599 3200 autem
2628 3144 2847 3200 ﬂuvius
2878 3144 3001 3200 vita
3027 3148 3259 3212 nostra,
3298 3147 3364 3199 ut
3391 3143 3573 3212 nosti,

1919 3236 2202 3293 continue
2226 3234 2440 3302 ﬂuens,
2464 3249 2535 3290 ac
2560 3233 2845 3289 ﬂuctibus
2865 3231 3205 3288 alternatim
3231 3231 3344 3288 sibi
3371 3245 3573 3289 succe-

1916 3325 2197 3383 dentibus
2245 3323 2481 3380 referta.
2530 3322 2759 3379 Etenim
2802 3322 2933 3393 jam
2975 3336 3118 3394 pars
3160 3320 3571 3395 prmtcrﬂuxit,

1915 3431 2059 3489 pars
2088 3414 2289 3472 adhuc
2318 3413 2535 3470 transit
2559 3429 2573 3469 :
2605 3427 2748 3485 pars
2765 3411 2897 3483 jam
2934 3410 3181 3468 emersit
3208 3427 3239 3467 e
3274 3409 3569 3480 fontibus,

1913 3520 2058 3578 pars
2090 3520 2231 3561 vero
2267 3518 2580 3559 emersura
2610 3505 2716 3573 est,
2767 3506 2825 3558 et
2866 3500 2947 3558 ad
2991 3515 3318 3557 commune
3353 3499 3566 3557 mortis

1914 3612 2080 3652 mare
2116 3594 2475 3651 festinamus
2504 3607 2740 3650 omnes.
2789 3592 2860 3648 Si
2897 3591 3050 3648 bona
3091 3591 3457 3661 suscepimus
3492 3589 3568 3646 de

1910 3701 2096 3743 manu
2120 3685 2375 3750 Domini,
2399 3683 2565 3740 mala
2586 3697 2707 3740 non
2726 3680 3176 3739 sustinebimus?
3197 3679 3565 3749 Cogimusne

1902 3775 2172 3847 judicem
2193 3773 2371 3830 nobis
2405 3776 2696 3847 perpetuo
2728 3770 2901 3844 paria
2929 3767 3359 3843 suppeditare?
3384 3769 3565 3825 Doce-

1906 3880 2123 3920 musne
2142 3862 2485 3933 Dominum,
2507 3859 2820 3934 quomodo
2837 3858 3055 3916 debeat
3080 3858 3261 3915 vitam
3288 3858 3562 3915 nostram

1904 3953 2256 4014 moderari?
2281 3953 2527 4008 Decreta
2553 3966 2662 4007 sua
2682 3964 2868 4023 penes
2895 3948 3102 4021 ipsum
3129 3951 3291 4003 sunt.
3319 3948 3430 4001 Res
3454 3959 3562 4002 no-

1903 4048 2059 4099 stras
2079 4058 2189 4115 pro
2217 4057 2328 4099 suo
2370 4040 2667 4098 arbitratu
2711 4038 2880 4110 regit.
2924 4040 3026 4094 Est
3069 4036 3232 4093 enim
3278 4033 3559 4109 sapiens;

1903 4140 1962 4192 et
1988 4133 2155 4207 quod
2185 4132 2328 4190 utile
2350 4135 2459 4202 est,
2485 4130 2548 4188 id
2578 4129 2704 4189 suis
2727 4127 2918 4187 servis
2947 4126 3290 4185 admetitur.

1977 4320 2062 4372 12.
2096 4318 2247 4372 Cave
2266 4311 2560 4372 curiosius
2578 4307 2969 4383 perscruteris
2982 4304 3219 4363 Domini
3235 4302 3557 4376 judicium.

1904 4405 2076 4478 Equi
2104 4404 2370 4477 bonique
2396 4401 2490 4459 fac
2534 4398 2733 4457 solum
2773 4413 2912 4470 quas
2952 4396 3031 4452 ab
3068 4394 3227 4452 illius
3263 4392 3561 4466 sapientia

1903 4494 2350 4567 dispensantur.
2383 4486 2686 4561 Quidquid
2727 4484 2962 4543 dederit
2993 4483 3121 4556 tibi,
3160 4499 3301 4540 cum
3331 4480 3558 4553 gaudio

1902 4584 2130 4657 accipe.
2173 4579 2431 4641 Ostende
2489 4576 2877 4635 inadversis
2930 4573 3229 4631 exstitisse
3287 4571 3459 4643 173
3502 4573 3562 4626 et

1900 4672 2104 4730 laetitia
2142 4670 2393 4745 pristina
2436 4666 2707 4739 dignam.
2748 4664 2848 4721 llis
2883 4662 3158 4721 dicendis
3202 4659 3421 4733 repulit
3445 4660 3557 4718 Job

1901 4768 1958 4820 et
1985 4761 2146 4819 hunc
2174 4758 2402 4816 diaboli
2432 4754 2755 4824 assultum,
2772 4758 2830 4811 et
2852 4754 3157 4824 integrum
3183 4749 3237 4806 ei
3256 4748 3556 4821 pudorem

1900 4850 1976 4908 de
2004 4851 2167 4908 illata
2196 4848 2367 4905 clade
2395 4844 2670 4904 incussit.
2719 4843 2874 4911 Quid
2902 4843 3086 4913 igitur
3131 4839 3273 4896 hinc
3314 4834 3560 4893 evenit?

1904 4935 2070 5007 Fugit
2098 4935 2314 4990 iterum
2344 4931 2424 4989 ab
2453 4931 2553 4987 illo
2582 4928 2859 4993 morbus,
2890 4932 3184 5000 tanquam
3222 4920 3328 4992 qui
3355 4931 3556 4975 acces-
3648 4978 3653 4987 ν

1902 5025 2073 5083 sisset
2114 5023 2355 5090 frustra,
2396 5036 2507 5078 nec
2556 5017 2893 5094 quidquam
2943 5012 3207 5086 amplius
3237 5007 3553 5094 effecisset.

1896 5119 2157 5174 Beversa
2176 5129 2317 5170 caro
2343 5112 2399 5168 in
2433 5093 2685 5169 alteram
2710 5105 3089 5179 pubertatem
3114 5097 3394 5157 reviruit:
3448 5093 3556 5151 ﬂo-

1899 5206 2018 5263 ruit
2043 5220 2254 5261 rursus
2281 5202 2402 5259 vita
2432 5198 2612 5257 bonis
2629 5192 2938 5279 omnibus,
2968 5196 3027 5249 et
3052 5187 3373 5262 duplicatae
3403 5184 3556 5244 divi-

1899 5426 2038 5477 tuor
2092 5419 2227 5475 libri
2283 5416 2655 5502 πληρούμενος.
2689 5403 3469 5502 εξειῐξωυΙίιεε.“ε›ε;‹>ιιει³‹1ιιει

1901 5476 2066 5563 Colb.
2099 5492 2331 5562 primus
2354 5476 2412 5541 τό
2438 5476 2527 5559 μὶν
2546 5485 2647 5563 γὰρ
2681 5480 2861 5541 αὐτοῦ.
2896 5478 3026 5537 Vox
3058 5476 3271 5537 ultima
3301 5476 3471 5537 deest
3497 5476 3561 5533 in

1902 5562 2190 5639 vulgatis,
