4100 6196
505 283 606 335 567

1878 272 1937 328 S.
1978 267 2226 325 BASlLil
2265 270 2485 328 MAGNI

3759 285 3869 340 568

500 403 644 458 dam
674 404 730 456 et
750 397 1011 472 speculis
1039 397 1101 454 in
1131 401 1514 454 antecessum
1533 394 1721 452 animi
1741 393 1960 450 intuitu
1987 408 2152 448 exer-

2266 395 2317 446 οῖ
2351 414 2411 465 γε
2436 396 2570 468 (26),
2599 416 2648 450 εν
2677 418 3035 475 χειρονομιαις
3086 407 3175 456 καὶ
3225 402 3490 476 ὀρχήσεσι
3537 409 3633 464 τὴν
3683 405 3870 479 ἔμπει-

500 505 724 557 cemur,
757 505 887 557 eos,
929 487 1032 560 qui
1061 487 1123 544 in
1150 486 1390 543 militari
1418 485 1737 559 disciplina
1773 484 1944 556 175
1985 497 2151 538 exer-

497 583 723 649 centur,
754 577 970 634 imitati
1005 594 1019 633 :
1060 577 1166 650 qui
1212 577 1317 632 ubi
1358 575 1420 631 in
1448 590 1746 631 manuum
1774 577 1943 630 motu
1973 577 2153 644 atque

495 668 916 726 saltationibus
941 668 1372 740 experientiam
1394 667 1596 738 adepti
1625 664 1938 733 fuerint,in
1969 668 2153 719 certa-

495 759 762 816 minibus
790 774 864 814 ex
912 759 1028 814 hac
1076 757 1210 830 ipsa
1253 757 1485 812 ludicra
1523 754 1844 828 disciplina
1887 753 2149 809 fructum

495 849 855 923 percipiunt.
877 851 942 905 Et
970 852 1128 904 certe
1147 847 1490 920 putandum
1517 850 1608 902 est
1640 850 1940 901 certamen
1966 847 2150 899 certa-

495 941 730 996 minum
751 938 1025 994 omnium
1042 938 1379 994 maximum
1404 935 1582 992 nobis
1597 934 1977 1006 propositum
1996 949 2146 995 esse.

494 1045 605 1102 pro
630 1046 753 1102 quo
773 1027 1011 1098 agenda
1039 1026 1216 1082 nobis
1253 1030 1394 1081 sunt
1421 1024 1629 1081 omnia
1659 1029 1715 1080 et
1741 1023 2147 1080 laborandum

493 1135 606 1190 pro
630 1117 856 1172 viribus
888 1121 950 1172 ut
979 1115 1058 1172 ad
1087 1115 1148 1171 id
1173 1130 1606 1187 praeparemur,
1640 1117 1819 1185 atque
1851 1113 2063 1186 poetis,
2093 1115 2148 1168 et

491 1207 812 1272 historicis,
865 1212 923 1263 et
965 1203 1324 1275 rhetoribus,
1355 1208 1413 1259 et
1461 1202 1814 1259 hominibus
1859 1201 2146 1258 omnibus

491 1298 807 1364 utendum,
851 1295 1013 1351 unde
1042 1293 1264 1349 utilitas
1301 1294 1505 1366 aliqua
1525 1292 1604 1349 ad
1634 1293 1904 1349 animam
1929 1308 2146 1348 curan-

491 1387 636 1443 dam
656 1400 973 1441 accessura
991 1381 1623 1449 sit.Quemadmodum
1643 1382 1805 1438 enim
1829 1382 2147 1438 infectores

490 1474 789 1548 quidquid
834 1473 1167 1544 ingendum
1223 1479 1312 1530 est
1358 1473 1525 1545 prius
1572 1472 1731 1528 curis
1775 1471 2145 1546 quibusdam

489 1567 856 1636 praeparant,
878 1566 936 1618 et
952 1562 1035 1618 ita
1057 1561 1308 1618 demum
1339 1561 1603 1618 colorem
1629 1564 1754 1617 sive
1771 1577 2145 1634 purpureum

492 1653 618 1709 sive
643 1652 999 1725 quempiam
1023 1651 1208 1707 alium
1252 1651 1551 1707 inducunt
1583 1670 1597 1708 :
1635 1651 1851 1709 eodem
1879 1650 2062 1706 modo
2093 1654 2149 1706 et

2263 489 2381 557 ρίαν
2429 489 2762 560 κτησάμενοι,
2796 489 2880 542 ἐπὶ
2919 500 3018 542 τῶν
3067 491 3274 564 ἀγώνων
3301 501 3392 546 τοῦ
3422 493 3478 546 ἐκ
3515 501 3610 557 τῆς
3649 493 3874 558 παιδιᾶς

2265 571 2588 629 ἀπολαύουσι
2635 575 2876 651 κέρδους.
2932 585 3033 634 Καὶ
3088 585 3212 654 ἡμῖν
3259 579 3327 641 δὴ
3374 580 3463 637 οὖν
3510 583 3686 656 ἀγῶνα
3731 606 3872 660 προ-

2262 666 2468 718 κεῖσθαι
2529 668 2732 719 πάντων
2791 667 2996 740 ἀγώνων
3061 676 3309 743 μέγιστον
3373 674 3603 747 νομίζειν
3669 681 3869 748 χρεὼν,

2261 753 2388 827 ὑπὲρ
2419 755 2480 806 οὗ
2504 755 2674 809 πάντα
2699 764 2939 817 ποιητέον
2978 762 3102 832 ἡμῖν
3142 766 3233 814 καὶ
3281 768 3526 821 πονητέον
3587 763 3659 826 εἰς
3699 761 3870 817 δύνα-

2260 861 2346 913 μιν
2400 841 2483 895 ἐπὶ
2525 849 2618 902 τὴν
2667 849 2853 900 τούτου
2902 855 3259 922 παρασκευὴν,
3316 856 3405 903 καὶ
3466 860 3734 920 ποιηταῖς,
3776 855 3870 906 καὶ

2257 929 2567 1002 λογοποιοῖς,
2617 940 2706 986 καὶ
2750 937 2994 1012 ῥήτορσι,
3028 943 3117 990 καὶ
3159 945 3320 991 πᾶσιν
3352 938 3643 1015 ἀνθρώποις
3673 941 3870 1014 ὁμιλη-

2257 1023 2387 1088 τέον,
2423 1023 2532 1074 ὅθεν
2581 1021 2641 1074 ἂν
2680 1024 2834 1098 μέλλῃ
2877 1029 3006 1099 πρὸς
3055 1031 3146 1089 τὴς
3201 1036 3298 1091 τῆς
3345 1028 3529 1100 ψυχῆς
3577 1029 3868 1103 ἐπιμέλειαν

2257 1108 2470 1181 ὠφέλειά
2495 1131 2575 1174 τις
2612 1115 2844 1169 ἔσεσθαι.
2873 1113 3074 1191 ⁴Ωσπερ
3108 1114 3196 1169 οὖν
3243 1119 3293 1170 οἰ
3337 1114 3661 1187 δευσοποιοί,
3693 1140 3867 1195 παρα-

2258 1201 2603 1261 σκευάσαντες
2649 1207 2896 1277 πρότερον
2951 1207 3246 1278 θεραπείαις
3296 1211 3434 1259 τισὶν
3476 1209 3502 1260 ὃ
3552 1212 3603 1260 τί
3646 1209 3760 1261 ποτ’
3800 1208 3869 1261 ἄν

2256 1283 2286 1359 ᾖ
2318 1291 2376 1339 τό
2415 1285 2684 1362 δεξόμενον
2715 1296 2808 1350 τὴν
2841 1291 3038 1365 βαφὴν,
3071 1294 3206 1347 οὕτω
3249 1300 3308 1348 τό
3358 1297 3513 1356 ἄνθος
3552 1294 3868 1368 ἕπάγουσινν

2255 1378 2400 1431 ἄντε
2444 1378 2719 1454 ἁλουργὸν,
2769 1383 2832 1432 ἄν
2885 1386 2941 1436 τέ
2994 1402 3046 1434 τι
3093 1385 3262 1459 ἕτερον
3445 1388 3534 1437 τόν
3582 1385 3737 1438 αὐτὸν
3788 1383 3862 1446 δὴ

2256 1471 2346 1518 καὶ
2401 1469 2550 1540 ἡμεῖς
2603 1473 2814 1542 τρόπον,
2875 1471 2918 1524 εὶ
2982 1472 3156 1544 μέλλοι
3214 1471 3526 1537 ἁνέκπλυτος
3581 1477 3705 1547 ἡμῖν
3747 1476 3870 1546 (27)

2257 1555 2462 1609 ἅπαντα
2521 1561 2609 1610 τὸν
2666 1564 2859 1634 χρόνον
2910 1563 2939 1618 ἠ
2992 1569 3084 1614 τοῦ
3137 1561 3296 1615 καλοῦ
3353 1567 3665 1639 παραμένειν
3709 1559 3866 1631 δόξα,

2257 1653 2368 1708 τοῖς
2419 1647 2515 1709 ἔξω
2563 1644 2632 1706 δη
2694 1652 2897 1711 τούτοις
2945 1651 3383 1726 προτελισθέντες,
3437 1660 3726 1710 τηνικαῦτα
3763 1661 3868 1705 τῶν

488 1758 601 1798 nos
639 1756 905 1814 quoque,
927 1740 975 1796 si
1005 1740 1341 1796 indelebilis
1371 1741 1432 1797 in
1472 1740 1650 1797 nobis
1680 1740 1916 1797 honesti
1957 1739 2150 1810 gloria

2262 1735 2406 1808 ἱερῶν
2466 1740 2555 1788 καὶ
2621 1735 2929 1812 ἀπορρήτων
2994 1739 3395 1814 ἐπακουσόμεθα
3444 1738 3818 1814 παιδευμάτων
3851 1763 3867 1776 υ

489 1830 952 1902 omnitempore
988 1844 1390 1902 permansura
1430 1836 1538 1895 est,
1580 1831 1676 1887 his
1713 1831 1972 1886 externis
2010 1834 2150 1886 ante

487 1919 722 1987 initiati,
744 1919 964 1976 deinde
1005 1935 1216 1976 sacras
1245 1924 1304 1975 et
1323 1934 1580 1976 arcanas
1600 1918 1907 1976 doctrinas
1929 1918 2152 1975 edisce-

489 2024 664 2064 mus:
707 2011 765 2065 et
795 2006 985 2064 solem
1033 2007 1193 2063 velut
1234 2006 1296 2063 in
1327 2023 1490 2081 aqua
1535 2007 1737 2064 videre
1767 2007 2010 2078 assueti,
2068 2005 2152 2061 sic

486 2095 606 2152 luci
619 2095 739 2169 ipsi
758 2095 966 2152 oculos
982 2095 1473 2153 admovebimus.
1497 2095 1669 2162 Quod
1689 2096 1738 2152 si
1757 2101 1968 2152 mutua
1985 2110 2152 2168 quae-

489 2187 634 2242 dam
657 2186 1078 2243 convenientia
1117 2185 1352 2242 intersit
1403 2187 1556 2242 inter
1583 2186 1910 2254 doctrinas,
1941 2201 2151 2242 earum

491 2272 668 2332 nobis
697 2276 959 2346 cognitio
979 2275 1158 2332 valde
1181 2275 1342 2331 utilis
1363 2275 1540 2332 fuerit
1571 2294 1585 2332 :
1617 2276 1708 2332 sin
1739 2277 1964 2345 minus,
1993 2281 2153 2332 certe

492 2381 700 2421 earum
729 2365 882 2420 inter
928 2380 993 2420 se
1039 2364 1397 2421 collatarum
1426 2365 1756 2421 discrimen
1794 2365 2149 2426 internosse.

493 2454 574 2511 ad
603 2456 898 2526 potiorem
917 2453 1286 2510 ﬁrmandam
1309 2469 1431 2510 non
1453 2470 1673 2526 parum
1695 2454 2151 2511 contulerit.Sed

491 2544 736 2600 cuinam
780 2543 866 2600 rei
913 2548 1267 2616 comparata
1315 2543 1589 2600 doctrina
1630 2548 1908 2616 utraque,
1955 2543 2154 2617 possis

491 2635 822 2704 imaginem
871 2635 1160 2706 assequi?
1181 2637 1345 2692 Certe
1373 2634 1898 2707 quemadmodum
1919 2634 2152 2691 arboris

494 2723 742 2795 propria
785 2724 973 2779 virtus
1021 2728 1128 2794 est,
1180 2724 1536 2796 tempestivo
1575 2724 1772 2779 fructu
1820 2729 2064 2791 scatere,
2098 2729 2154 2781 et

495 2815 698 2866 tamen
723 2810 867 2866 folia
890 2811 1071 2867 etiam
1112 2812 1337 2866 circum
1364 2827 1570 2868 ramos
1594 2812 1896 2882 exagitata
1923 2811 2154 2884 aliquid

498 2900 585 2956 eis
615 2900 953 2955 ornamenti
981 2900 1331 2957 conciliant:
1355 2901 1436 2958 ita
1460 2906 1516 2958 et
1535 2902 1753 2958 animae
1775 2919 2018 2976 quoque
2040 2902 2155 2975 pri-

497 2989 730 3045 marius
775 2988 1005 3045 fructus
1050 2995 1140 3045 est
1168 2991 1388 3047 veritas
1417 2991 1568 3063 ipsa,
1598 2991 1705 3047 sed
1749 2996 1951 3048 tamen
1989 2992 2154 3048 haud

2259 1829 2347 1876 καὶ
2405 1827 2510 1878 οἷον
2558 1825 2609 1878 ἓν
2657 1823 2817 1880 ὕδατι
2855 1831 2942 1901 τόν
2992 1829 3134 1888 ἣλιον
3174 1831 3298 1904 όρᾴν
3345 1829 3652 1896 ἐθισθέντες,
3698 1830 3872 1894 οὕτως

2261 1916 2402 1987 αὐτῷ
2430 1916 2825 1992 προσϐαλοῦμεν
2881 1928 2952 1991 τῷ
3001 1925 3131 1992 φωτὶ
3186 1923 3280 1984 τὰς
3327 1921 3492 1992 ὄψεις.
3535 1922 3595 1976 Εἰ
3645 1923 3738 1995 μὲν
3776 1918 3872 1974 οὖν

2261 2004 2373 2059 ἐστί
2403 2027 2480 2068 τις
2534 2008 2789 2071 οἰκειότης
2818 2013 2944 2083 πρὸς
2998 2008 3248 2072 ἀλλήλους
3296 2019 3402 2072 τοῖς
3441 2011 3632 2084 λόγοις,
3673 2014 3876 2088 προῦρο

2261 2115 2357 2166 γου
2405 2097 2523 2168 (28)
2571 2099 2696 2170 ἡμῖν
2736 2097 2904 2150 αὐτῶν
2955 2101 2984 2157 ἡ
3017 2108 3214 2170 γνῶσις
3267 2103 3505 2172 γένοιτοο
3555 2101 3600 2154 εἰ
3657 2097 3717 2155 δὲ
3765 2105 3870 2173 μὴ,

2263 2183 2390 2237 ἀλλὰ
2418 2190 2476 2238 τό
2505 2205 2581 2258 γε,
2615 2187 2920 2262 παράλληλα
2965 2191 3157 2254 θέντας,
3189 2192 3509 2263 καταμαθεῖν
3560 2192 3618 2242 τό
3672 2185 3872 2262 διάφο-

2260 2294 2370 2350 ρον,
2425 2275 2484 2328 ού
2541 2282 2727 2353 μικρὸν
2782 2278 2853 2339 εἰς
2915 2277 3202 2351 βεϐαίωσιν
3261 2288 3354 2333 τοῦ
3412 2279 3691 2353 βελτίονος.
3750 2282 3871 2332 Τίνι

2262 2368 2437 2437 μέντοι
2500 2370 2589 2418 καὶ
2653 2370 2975 2442 παρεικάσας
3047 2377 3144 2420 τῶν
3205 2365 3532 2422 παιδεύσεων
3594 2369 3868 2441 ἑκατέροιν⁴⁹

2261 2461 2352 2512 τῆς
2383 2453 2570 2515 εἰκόνος
2609 2453 2668 2506 ἂν
2717 2459 2944 2528 τύχοις;
2994 2456 3164 2510 Ἦπου
3213 2459 3446 2533 καθάπερ
3487 2466 3649 2531 φυτοῦ
3695 2457 3872 2511 οἰκεία

2261 2544 2352 2614 μὶν
2409 2541 2560 2618 ἀρετή
2612 2553 2684 2616 τῷ
2737 2555 2919 2620 καρπῷ
2978 2545 3158 2622 βρύειν
3205 2550 3401 2621 ὡραίῳ,
3443 2551 3578 2621 φέρει
3638 2543 3697 2599 δέ
3747 2566 3873 2600 τινα

2261 2637 2459 2705 κόσμον
2497 2638 2587 2686 καὶ
2644 2634 2808 2706 φύλλα
2853 2643 2964 2698 τοῖς
3009 2634 3224 2699 κλάδοις
3271 2641 3633 2712 περισειόμενα
3663 2657 3677 2671 ο
3728 2636 3872 2688 οὕτω

2264 2718 2330 2781 δὴ
2383 2726 2473 2774 καὶ
2526 2723 2680 2796 ψυχῇ
2737 2729 3140 2800 προηγουμένως
3177 2729 3268 2798 μὲν
3306 2729 3505 2800 καρπὸς
3544 2727 3574 2784 ἡ
3627 2724 3872 2796 ἀλήθεια,

2261 2810 2355 2863 ουκ
2402 2813 2573 2886 ἄχαρί
2615 2832 2674 2884 γε
2710 2818 2808 2887 μὴν
2860 2811 2984 2867 οὐδε
3034 2819 3126 2873 τὴν
3177 2817 3395 2891 θύραθεν
3438 2819 3624 2888 σοφίαν
3665 2814 3876 2890 περιϐε-

2263 2899 2510 2968 ϐλῆσθαι,
2543 2903 2648 2954 οἷόν
2695 2922 2812 2955 τινα
2867 2903 3030 2976 φύλλα
3061 2908 3257 2963 σκέπην
3306 2923 3361 2958 τε
3407 2912 3479 2974 τῷ
3534 2912 3719 2978 καρπῷ
3777 2909 3874 2956 καὶ

2265 2990 2383 3061 ὄψιν
2414 2992 2508 3044 οὐκ
2533 2993 2700 3066 ἄωρον
2729 2997 3081 3068 παρεχόμενα,
3125 2999 3344 3066 Λέγεται
3386 2998 3556 3047 τοίνυν
3586 2997 3676 3046 καὶ
3715 3000 3877 3046 Μωυ-

496 3080 768 3148 ingratus
797 3085 885 3135 est
908 3083 1168 3135 externae
1199 3080 1504 3153 sapientiae
1553 3082 1827 3154 amictus,
1862 3088 2153 3156 tanquam

2266 3090 2362 3142 σῆς
2399 3085 2586 3143 ἔκείνος
2615 3085 2639 3134 ό
2677 3085 2832 3150 πάνυ,
2867 3084 2925 3135 οὗ
2963 3089 3212 3156 μέγιστόν
3238 3083 3377 3137 ἐστιν
3409 3083 3492 3137 ἐπὶ
3542 3089 3700 3156 σοφίᾳ
3726 3086 3878 3156 παρὰ

499 3169 549 3224 si
595 3168 737 3224 folia
762 3168 1048 3241 quaedam
1088 3168 1303 3224 fructui
1351 3175 1408 3226 et
1437 3170 1861 3228 umbraculum
1891 3176 1948 3228 et
1976 3188 2156 3246 aspe—

499 3262 664 3314 ctum
693 3273 817 3314 non
842 3258 1222 3314 inamoenum
1251 3259 1580 3332 praebeant.
1635 3261 1855 3317 Dicitur
1883 3261 2066 3332 igitur
2100 3266 2158 3320 ει

501 3351 736 3418 Moyses
759 3346 856 3402 ille
885 3362 1179 3420 perquam
1228 3349 1506 3420 eximius,
1537 3351 1710 3421 cujus
1739 3366 1962 3408 nomen
1989 3351 2156 3423 apud

501 3452 715 3492 omnes
731 3437 1007 3492 homines
1021 3437 1100 3493 ob
1123 3438 1487 3510 sapientiam
1504 3440 1840 3496 maximum
1862 3444 1968 3508 est,
1991 3455 2157 3497 exer-

501 3526 681 3583 citato
701 3527 764 3582 in
784 3528 1200 3600 Egyptiorum
1217 3528 1548 3602 disciplinis
1569 3530 1825 3597 animo‘,
1837 3532 1918 3587 ita
1933 3531 2012 3587 ad
2027 3532 2157 3602 ejus

501 3618 609 3689 qui
625 3623 710 3674 est
729 3617 1299 3690 contemplationem
1317 3619 1936 3678 devenisse.Similiter
1953 3628 2157 3679 autem

501 3707 938 3779 posterioribus
951 3709 1930 3783 quoquetemporibussapientem
1955 3713 2160 3769 Danie-

500 3796 621 3852 lem
636 3796 994 3869 sapientiam
1006 3797 1424 3854 Chaldaeorum
1437 3799 1496 3854 in
1512 3799 2153 3873 Babyloneedoctum',

503 3886 587 3943 ita
606 3887 854 3943 demum
875 3887 1182 3943 doctrinas
1210 3903 1414 3943 sacras
1443 3889 1710 3958 attigisse
1746 3891 2011 3946 tradunt.
2043 3891 2158 3947 Sed

504 3976 672 4049 quod
685 3981 945 4033 externae
961 3977 1054 4031 hae
1069 3976 1401 4048 disciplinae
1417 3993 1540 4034 non
1557 3979 1674 4034 sint
1692 3979 2160 4036 animabusinu-

504 4065 996 4134 tiles,satdictum
1013 4070 1123 4122 est:
1141 4081 1516 4138 consequens
1529 4071 1700 4123 estut
1710 4067 1838 4138 jam
1855 4068 2155 4140 dicamus,

504 4155 818 4228 quomodo
838 4157 1112 4229 ipsarum
1134 4156 1456 4228 participes
1470 4156 1599 4213 ﬁeri
1613 4174 1718 4214 vos
1740 4161 2158 4230 oporteat.Pri-

505 4261 676 4302 mum
691 4245 940 4319 quidem
953 4244 1134 4301 rebus
1146 4244 1434 4300 omnibus
1449 4261 1585 4318 quas
1607 4262 1643 4302 a
1663 4247 1856 4318 poetis
1876 4247 2158 4306 dicuntur

504 4341 593 4402 (ut
622 4337 764 4392 hinc
804 4336 1039 4392 initium
1085 4337 1376 4406 sumam),
1407 4336 1577 4393 varia
1618 4353 1759 4394 cum
1787 4337 2014 4408 dicant,
2057 4355 2158 4396 ne-

2263 3177 2426 3223 πᾶσιν
2472 3169 2763 3244 ἀνθρώποις
2814 3177 2993 3245 ὄνομα,
3041 3181 3146 3234 τοίς
3202 3173 3501 3244 Αἰγυπτίων
3562 3175 3875 3250 μαθήμασιν

2265 3259 2722 3334 ἐγγυμνασάμενος
2788 3265 2883 3320 τὴν
2947 3259 3206 3333 διάνοιαν,
3258 3263 3394 3315 οὕτω
3446 3251 3746 3336 προσελθεῖν
3801 3270 3872 3334 τῇ

2269 3351 2456 3423 θεωρίᾳ
2500 3357 2590 3402 τοῦ
2644 3355 2808 3412 ὄντος.
2861 3351 3243 3426 Παραπλησίως
3292 3348 3352 3405 δε
3402 3353 3569 3423 τούτῳ
3607 3346 3710 3404 ⁸κὰν
3758 3358 3878 3414 τοῖς

2265 3442 2406 3491 κάτω
2426 3444 2640 3513 χρόνοις
2667 3442 2756 3493 τὸν
2784 3443 2941 3514 σοφὸν
2964 3441 3154 3499 Δανιὴλ
3183 3441 3268 3494 ἰπὶ
3289 3440 3588 3504 Βαϐυλῶνός
3609 3459 3738 3514 φασι
3757 3441 3878 3511 (29)

2265 3534 2360 3587 τήν
2405 3533 2588 3602 σοφίαν
2646 3526 2925 3584 Χαλδαίων
2977 3533 3369 3604 καταμαθόντα,
3409 3535 3524 3584 τότε
3579 3538 3678 3583 τῶν
3719 3531 3872 3606 θείων

2266 3619 2509 3690 ἅψασθαι
2560 3616 2952 3692 παιδευμάτων.
2985 3620 3117 3674 Ἀλλ’
3159 3623 3240 3674 ὅτι
3293 3625 3382 3694 μεν
3435 3621 3529 3673 οὐκ
3584 3622 3872 3694 ἄχρηστον

2265 3709 2469 3781 ψυχαῖς
2496 3712 2786 3782 μαθήματα
2812 3713 2879 3763 τὰ
2927 3711 3107 3774 ἔξωθεν
3148 3707 3215 3770 δὴ
3257 3718 3442 3778 ταῦτα,
3494 3713 3674 3770 ἱκανῶς
3729 3713 3878 3782 εἰρη-

2266 3817 2401 3854 ταιρ.
2451 3801 2590 3862 ὃπως
2635 3819 2692 3871 γι
2742 3805 2844 3872 μὴν
2901 3799 3071 3853 αὐτῶν
3126 3802 3395 3873 μεθεκτέον
3441 3801 3583 3873 ὑμῖν,
3631 3798 3750 3862 ἑξῆς
3808 3797 3874 3850 ἂν

2268 3892 2344 3946 εἴη
2385 3888 2567 3962 λέγειν.
2628 3898 2838 3960 Πρῶτον
2880 3893 2970 3964 μὶν
3014 3892 3102 3942 οὖν
3149 3899 3260 3954 τοῖς
3296 3893 3440 3965 παρὰ
3485 3899 3585 3943 τῶν
3637 3897 3875 3948 ποιητῶν

2266 3978 2353 4048 (ἶν’
2384 3977 2608 4031 ἐντεῦθεν
2639 3979 2923 4054 ἄρξωμαι),
2948 3978 3055 4033 ἐπεὶ
3089 3977 3415 4034 παντοδαποί
3442 3985 3575 4040 τινες
3600 3979 3706 4031 εἰσι
3735 3997 3880 4031 κατα

2265 4072 2387 4131 τοὺς
2447 4068 2654 4140 λόγους,
2695 4074 2766 4142 μὴ
2823 4069 2936 4141 (30)
2989 4077 3150 4123 πᾶσιν
3204 4069 3380 4142 ἐφεξῆς
3444 4073 3727 4144 προσέχειν
3782 4071 3876 4121 τὸν

2266 4168 2420 4211 νοῦν·
2465 4157 2572 4210 ἀλλ’
2603 4160 2724 4212 ὅταν
2753 4162 2842 4232 μεν
2891 4163 2985 4222 τὰς
3030 4169 3130 4212 τῶν
3171 4159 3377 4232 ἀγαθῶν
3423 4156 3626 4233 ἀνδρῶν
3654 4157 3876 4233 πράξεις

2267 4249 2296 4307 ἣ
2330 4247 2515 4318 λόγους
2553 4249 2674 4320 ὑμῖν
2723 4245 3008 4316 διεξίωσιν,
3051 4247 3258 4321 ἀγαπᾷν
3305 4268 3359 4302 τε
3405 4253 3495 4301 καὶ
3528 4246 3738 4315 ζηλοῦν,
3778 4252 3879 4300 καὶ

2268 4340 2348 4390 ὅτι
2394 4337 2624 4410 μάλιστα
2670 4341 2954 4411 πειρᾶσθαι
3004 4342 3265 4400 τοιούτους
3313 4336 3442 4392 εἶναι
3474 4359 3488 4372 ·
3523 4340 3642 4390 ὃταν
3688 4334 3748 4390 δε
3785 4335 3878 4390 ἐπὶ

505 4439 822 4495 quaquam
841 4426 1052 4481 ordine
1076 4425 1451 4496 adjiciendus
1482 4426 1723 4483 animus
1747 4431 1836 4484 est
1867 4443 1880 4481 :
1914 4428 2021 4484 sed
2051 4427 2153 4484 ubi

2269 4429 2573 4501 μοχθηροὺς
2602 4424 2795 4500 ἄνδρας
2819 4428 3030 4498 ἔλθωσι,
3051 4434 3144 4487 τὴν
3171 4435 3396 4502 μίμησιν
3427 4431 3616 4486 ταύτην
3641 4423 3726 4480 δεῖ
3753 4431 3875 4494 (31)

503 4512 663 4568 facta
691 4517 796 4568 aut
821 4512 986 4569 dicta
1007 4514 1275 4571 virorum
1321 4515 1626 4572 bonorum
1679 4516 1850 4572 vobis
1876 4533 2158 4574 narrave-

505 4601 644 4672 rint,
674 4616 780 4656 eos
805 4605 864 4656 et
903 4601 1150 4672 diligere
1179 4608 1236 4659 et
1263 4604 1484 4661 imitari
1512 4620 1715 4677 operae
1755 4605 2015 4678 pretium
2045 4612 2156 4676 est,

507 4696 564 4749 et
589 4706 778 4764 quam
799 4691 1062 4748 maxime
1091 4693 1408 4749 nitendum
1426 4694 1650 4764 uitales
1667 4695 2024 4765 efﬁciamur;
2051 4697 2158 4754 sed

576 4830 598 4866 ‘
628 4831 755 4887 Act.
779 4845 904 4897 vui,
935 4831 1024 4884 22.
1101 4831 1124 4866 ⁸
1156 4832 1305 4888 Dan.
1329 4847 1370 4902 ι,
1409 4833 1469 4886 4.

570 4959 688 5028 (26)
723 4956 972 5014 Basilius
992 4956 1110 5012 hoc
1148 4955 1309 5028 dicit,
1332 4955 1743 5014 Christianum
1771 4957 1856 5014 ita
1875 4957 2155 5029 adjuvari

498 5029 758 5102 profana.
784 5032 1102 5102 poetarum
1127 5032 1195 5102 et
1208 5033 1520 5102 oratorum
1549 5029 1916 5102 doctrina,ut
1935 5031 2153 5088 milites

501 5099 896 5172 gesticulandi
935 5099 1321 5172 saltandique
1339 5105 1462 5156 arte
1488 5100 1549 5156 in
1572 5101 1696 5157 suis
1723 5099 2152 5161 exercitationi-

497 5171 617 5227 bus
640 5173 1027 5244 adjuvantur.
1061 5171 1203 5228 Vide
1223 5171 1540 5244 ’Ducaaum.

566 5244 682 5314 (27)
715 5243 808 5300 Sic
855 5244 1175 5300 Colbertini
1224 5243 1522 5299 secundus
1560 5247 1616 5300 et
1645 5245 1867 5301 tertius.
1901 5245 2052 5302 Editi
2091 5253 2148 5304 et

497 5313 597 5369 alii
617 5317 911 5388 mss._ﬁaz~u
942 5319 994 5386 ἡ,
1019 5314 1187 5388 quod
1216 5315 1596 5372 decurtatum
1613 5320 1815 5388 eratet
1839 5316 2140 5388 mutilum.

569 5386 679 5465 (28)
709 5386 897 5465 Euditio
923 5386 1178 5459 utraque
1208 5391 1467 5462 προῦργον
1515 5389 1596 5442 οἶν.
1631 5387 1875 5460 Antiqui
1921 5391 2038 5443 tres
2075 5389 2141 5445 li-

494 5453 589 5530 bri
625 5459 911 5530 πρρῦργουο

587 5530 672 5599 29)
698 5529 862 5599 Unus
884 5531 1026 5597 Reg.
1051 5533 1202 5599 φησί.

587 5596 674 5666 30)
721 5596 909 5654 Editio
966 5596 1223 5671 utraque
1275 5599 1379 5652 εἰσί
1434 5605 1545 5658 Μή.
1578 5603 1814 5660 Veteres
1863 5602 2134 5677 quinque
2201 5606 2208 5612 ”

2271 4519 2490 4588 φεύγειν,
2550 4517 3026 4592 ἐπιφρασσομένους
3069 4520 3136 4570 τὰ
3177 4519 3303 4584 ὦτα,
3351 4515 3455 4590 οὖχ
3507 4517 3661 4574 ἦττον
3708 4516 3737 4575 ἦ
3781 4519 3876 4568 τὸν

2270 4603 2539 4660 Ὀδυσσέα
2601 4611 2756 4678 φασὶν
2811 4607 2992 4660 ἐκεῖνοι
3038 4610 3105 4660 τὰ
3164 4617 3263 4660 τῶν
3329 4613 3571 4683 Σειρήνων
3617 4605 3767 4679 μέλη.
3812 4605 3874 4658 Ἠ

2267 4699 2368 4773 γὰρ
2407 4700 2537 4774 πρὸς
2582 4701 2700 4758 τοὺς
2741 4697 2966 4773 φαύλους
3007 4707 3106 4753 τῶν
3136 4697 3300 4772 λόγων
3346 4699 3589 4759 συνήθεια
3617 4693 3739 4760 ὁδός
3785 4700 3879 4761 τίς

2262 4959 2400 5018 libri
2425 4960 2508 5018 ita
2535 4963 2602 5016 ut
2629 4959 2936 5017 edendum
2965 4960 3332 5017 curavimus.

2334 5038 2449 5107 (3i)
2479 5032 2797 5090 Colbertini
2820 5032 2948 5107 duo
2971 5031 3108 5089 libri
3128 5039 3184 5107 et
3209 5034 3350 5102 Reg.
3385 5030 3620 5102 primus
3675 5029 3876 5084 ἂθωσι

2261 5113 2321 5178 τῇ
2346 5103 2780 5178 ’μιμήσειπαῦτα
2807 5103 3068 5178 dei,_etc.,
3119 5105 3206 5160 sic
3253 5109 3462 5178 tltvo;
3518 5107 3742 5178 μιμήσει
3778 5118 3876 5159 re-

2257 5175 2482 5233 feratur
2506 5177 2584 5232 ad
2605 5177 2858 5232 verbum
2881 5175 3268 5249 acmaquasi
3284 5175 3414 5244 ejus
3432 5175 3692 5249 locihaec
3713 5180 3875 5249 esset

2255 5249 2588 5304 sententia:
2621 5249 2773 5305 Cum
2802 5254 3001 5304 autem
3035 5245 3382 5304 debenerint
3429 5247 3511 5302 ad
3532 5245 3872 5315 ﬂagitiosa:

2256 5319 2522 5376 homines
2551 5335 2662 5389 per
2687 5322 3009 5390 imaginem
3040 5335 3279 5390 eorum,_
3314 5318 3427 5390 hoc
3468 5322 3586 5390 est,
3632 5331 3725 5390 eqs
3773 5319 3875 5374 de-

2248 5386 2562 5461 pz'ngendo'
2585 5394 2744 5446 Unus
2758 5386 2946 5447 codex
2965 5407 3000 5446 a
3023 5388 3380 5447 Combeﬁsio
3393 5389 3644 5444 collatus
3657 5386 3867 5461 ϋθῳσι,

2252 5467 2344 5520 τὴν
2365 5460 2600 5536 ίμίμησιν
2639 5465 2854 5536 ταύτην,
2889 5468 3022 5536 etc.,
3051 5477 3240 5536 quam
3265 5461 3626 5536 scripturam
3652 5460 3869 5518 melio-

2248 5531 2387 5612 rem'
2424 5531 2691 5612 esseait
2734 5534 2828 5612 yir
2869 5531 3278 5591 doctissimus.
3327 5531 3478 5591 Editi
3526 5531 3739 5599 ὓθωσι,
3796 5541 3864 5612 τῇ

2247 5610 2469 5678 μιμήσει
2499 5608 2690 5663 ταύτην
2723 5603 2826 5659 δεῖ.
