4100 6196
220 303 315 356 569
1163 297 1394 355 SERMO
1435 297 1525 353 DE
1566 293 1908 352 LEGENDIS
1948 295 2175 354 LIBRIS
2213 298 2618 355 GENTILIUM.

3470 307 3573 360 5'70

219 423 353 476 ἔστιν
411 420 492 474 ἐπὶ
548 424 616 474 τὰ
670 423 973 496 πράγματα.
1036 425 1123 475 Διό
1157 419 1224 482 δὴ
1281 424 1425 496 πάσῃ
1462 421 1661 494 φυλακῇ
1715 423 1811 478 τήν

1923 435 2060 477 cum
2083 421 2162 478 ad
2184 421 2515 492 ﬂagitiosos
2542 421 2820 478 homines
2842 422 3210 494 devenerint,
3242 429 3382 482 tunc
3403 425 3575 483 obtu-

217 513 395 583 ψυχὴν
424 515 698 585 τηρητέον,
733 517 803 584 μὴ
841 508 932 564 διὰ
970 519 1066 574 τῆς
1094 521 1194 564 τῶν
1218 512 1383 584 λόγων
1410 508 1573 570 ﬁdem?
1585 531 1605 572 ς
1636 529 1812 584 παρα-

220 599 482 674 δεξάμενοί
540 621 592 653 τι
640 601 874 675 λάθωμεν
929 611 1028 654 τῶν
1095 607 1366 677 χειρόνων,
1419 603 1592 675 ὥσπερ
1646 602 1696 652 οἱ
1747 601 1814 652 τόι

217 688 510 766 δηλητήρια
551 693 683 764 μετὰ
729 699 820 744 τοῦ
860 692 1066 765 μέλιτος
1110 695 1464 766 προσιέμενοι.
1518 690 1594 742 Οὐ
1639 693 1811 742 τοίνυν

217 779 583 852 ἐπαινεσόμεθα
634 784 756 842 τοὺς
824 783 1066 848 ποιητὰς,
1128 781 1186 834 οὐ
1243 777 1696 854 λοιδορουμένους,
1753 777 1812 830 οὐ

219 877 562 934 σκώπτοντας,
613 870 706 921 οὐκ
765 869 984 944 ἐρῶντας
1031 872 1060 930 ᾖ
1107 873 1394 944 μεθύοντας
1435 871 1812 943 μιμουμένους,

215 959 313 1030 οὒκ
366 961 490 1011 ὅταν
542 963 775 1033 τραπέζῃ
839 959 1110 1033 πληθούση
1167 965 1256 1013 καὶ
1305 956 1473 1031 ᾠδαῖς
1525 957 1812 1032 ἀνειμέναις

214 1053 301 1106 τήν
338 1045 678 1121 εὐδαιμονίαν
728 1049 1009 1124 ὁρίζωνται
1060 1049 1192 1121 (32).
1246 1051 1459 1103 Πάντων
1509 1045 1568 1101 δε
1617 1048 1813 1105 ἣκιστα

214 1142 324 1211 περὶ
379 1140 506 1190 θεῶν
556 1157 609 1190 τι
653 1135 1041 1212 διαλεγομένοις
1088 1139 1424 1214 προσίξομεν,
1459 1142 1547 1190 καὶ
1599 1129 1812 1210 μάλισθ’

214 1231 327 1282 ὅταν
381 1232 454 1292 ὡς
500 1235 620 1304 περὶ
664 1230 864 1282 πολλῶν
910 1250 965 1283 τε
1008 1231 1176 1282 αὐτῶν
1220 1227 1456 1293 διεξιωσι
1501 1234 1592 1280 καὶ
1616 1230 1811 1280 τούτων

212 1314 325 1370 οὖδὶ
355 1320 733 1391 ὁμονοούντων.
766 1315 1014 1391 ’Λδελγός
1037 1321 1140 1394 γὰρ
1173 1315 1238 1377 δὴ
1277 1318 1401 1394 παρ’
1429 1317 1638 1379 ἐκείνοις
1685 1313 1810 1369 δια-

214 1409 490 1469 στασιάζει
519 1411 651 1484 πρὸς
671 1405 913 1481 ἀδελφόν,
943 1413 1034 1461 καὶ
1072 1412 1252 1481 γονεὺς
1293 1411 1424 1483 πρὸς
1459 1403 1678 1472 παῖδας,
1720 1409 1810 1457 καὶ

205 1499 410 1558 τούτοις
439 1494 592 1560 αὖθις
631 1502 761 1574 πρὸς
793 1502 917 1560 τοὺς
943 1503 1184 1560 τεκόντας
1214 1497 1433 1570 πόλεμός
1483 1495 1622 1548 ἐστιν
1672 1493 1810 1552 ἀκή-

202 1605 414 1660 ρυκτος.
449 1591 714 1659 Μοιχείας
747 1584 806 1640 δέ
841 1590 963 1641 θεῶν
991 1593 1082 1641 καὶ
1122 1590 1314 1662 ἔρωτας
1362 1592 1452 1639 καὶ
1493 1585 1661 1659 μίξεις
1691 1583 1810 1635 ἁνα-

203 1672 421 1747 φανδόν,
449 1681 540 1729 καὶ
584 1680 782 1740 ταύτας
828 1697 888 1750 γε
943 1677 1177 1750 μάλιστα
1221 1683 1314 1730 τοῦ
1360 1679 1646 1750 κορυφαίου
1685 1675 1810 1726 πάν-

1920 510 2063 565 ratis
2093 511 2343 566 auribus
2372 511 2718 567 cavendum
2751 527 2824 566 ne
2864 511 3188 580 imitemur,
3219 529 3343 570 non
3376 514 3576 571 minus

1921 614 2108 670 quam
2143 599 2414 671 Ulyssem
2438 600 2609 656 aiunt
2641 599 2723 655 illi
2769 599 3045 657 Sirenum
3077 608 3292 658 cantus
3321 603 3574 660 cavisse.

1922 689 2071 744 Nam
2095 689 2480 744 sermonibus
2511 689 2716 761 pravis
2749 705 3130 757 assuescere,
3163 691 3448 763 quadam
3480 693 3579 748 via

1922 781 2010 832 est
2039 777 2118 834 ad
2139 778 2273 851 ipsa
2313 777 2490 834 facta.
2525 781 2905 852 Quapropter
2935 781 3214 837 custodia
3239 782 3408 837 omni
3458 798 3580 837 ser-

1922 868 2126 923 vanda
2167 868 2375 924 anima
2403 873 2512 938 est,
2546 884 2620 925 ne
2659 885 2768 942 per
2817 885 3166 925 sermonum
3207 869 3575 943 voluptatem

1922 956 2262 1028 quidquam
2334 957 2616 1014 vitiosum
2674 958 3090 1030 imprudentes
3139 959 3573 1032 suscipiamus,

1921 1045 2169 1118 perinde
2191 1051 2252 1102 ut
2282 1046 2386 1118 qui
2414 1047 2586 1103 melle
2609 1047 2868 1104 admisto
2893 1054 3141 1104 sumunt
3162 1065 3412 1108 venena.
3445 1052 3575 1105 Non

1919 1137 2099 1207 igitur
2140 1141 2354 1210 poetas
2410 1139 2582 1208 176
2622 1137 3034 1202 laudabimus,
3068 1155 3206 1195 cum
3237 1139 3575 1196 convician-

1921 1230 2036 1296 tur,
2069 1227 2550 1299 cavillanturque
2584 1244 2598 1282 :
2632 1243 2754 1282 non
2778 1243 2914 1282 cum
2955 1229 3218 1284 amasios
3250 1233 3352 1286 aut
3375 1229 3574 1286 ebrios

1920 1314 2257 1388 depingunt
2293 1333 2307 1372 :
2341 1331 2466 1371 non
2487 1332 2628 1372 cum
2660 1315 3002 1373 felicitatem
3048 1317 3316 1374 afﬂuenti
3363 1334 3575 1376 mensa

1920 1407 2102 1476 atque
2129 1404 2443 1460 cantilenis
2465 1405 2775 1461 dissolutis
2801 1405 3154 1464 metiuntur.
3187 1406 3300 1464 Sed
3326 1407 3574 1465 minime

1919 1493 2213 1561 omnium,
2237 1494 2428 1566 poetis
2484 1494 2560 1550 de
2591 1494 2706 1550 diis
2752 1495 3189 1552 disserentibus
3228 1497 3440 1554 intenti
3469 1498 3578 1554 eri-

1919 1598 2058 1638 mus
2084 1600 2098 1650 ;
2131 1586 2187 1638 et
2214 1583 2481 1638 maxime
2504 1599 2642 1639 cum
2672 1584 2748 1640 de
2775 1583 2889 1640 illis
2918 1589 3215 1658 tanquam
3245 1585 3321 1643 de
3351 1586 3576 1656 multis,

1919 1671 2110 1743 iisque
2140 1687 2215 1727 ne
2245 1672 2396 1728 inter
2429 1689 2492 1728 se
2523 1672 2772 1746 quidem
2799 1674 3322 1731 consentientibus
3351 1676 3580 1734 habue-

200 1782 297 1815 τιιιν
327 1769 423 1817 καὶ
475 1767 678 1818 ὑπάτου
719 1769 856 1834 Διὸς,
897 1770 965 1830 ὡς
1011 1767 1162 1820 αὖτοὶ
1198 1765 1458 1839 λέγουσιν,
1489 1762 1524 1816 ἆ
1568 1763 1663 1815 κᾶν
1697 1762 1810 1832 (33)

1923 1759 2037 1817 rint
2094 1776 2462 1817 sermonem.
2509 1765 2707 1818 Frater
2766 1763 2928 1819 enim
2987 1763 3280 1821 adversus
3332 1765 3574 1823 fratrem

200 1857 316 1926 περὶ
377 1853 740 1927 βοσκημάτων
791 1875 870 1918 τις
925 1855 1086 1928 λέγων
1156 1855 1497 1930 ἔρυθριάσειε,
1550 1860 1660 1915 τοῖς
1727 1850 1808 1904 έπὶ

203 1950 404 2005 σκηνῆς
442 1944 848 2017 καταλείψομεν.

1919 1847 2086 1920 apud
2115 1848 2248 1904 illos
2279 1850 2635 1906 seditionem
2668 1851 2929 1908 concitat
2971 1855 3152 1926 atque
3181 1852 3573 1926 discordiam,

1919 1941 1978 1992 et
1993 1943 2164 2011 pater
2201 1939 2493 1996 adversus
2517 1941 2762 2008 liberos,
2795 1941 3010 2014 hisque
3040 1959 3252 1999 rursus
3283 1943 3578 2001 adversus

197 2037 484 2104 parentes
515 2032 898 2106 implacabile
924 2033 1154 2092 bellum
1176 2038 1282 2092 est.
1307 2033 1614 2091 Adulteria
1642 2033 1842 2089 autem
1877 2027 2132 2084 deorum
2154 2045 2516 2102 amoresque
2547 2034 2604 2086 et
2632 2033 2873 2102 apertos
2898 2030 3272 2103 complexus,
3295 2036 3354 2089 et
3381 2033 3578 2091 maxi-

198 2135 303 2176 me
331 2135 702 2192 congressus
729 2123 913 2192 Jovis,
946 2125 1073 2196 qui,
1099 2127 1160 2180 ut
1189 2123 1308 2196 ipsi
1335 2122 1566 2190 dicunt,
1597 2120 1882 2194 princeps
1913 2121 2003 2174 est
2029 2118 2303 2175 omnium
2335 2125 2393 2176 et
2413 2136 2734 2193 supremus
2767 2120 2925 2194 (qua:
2948 2120 2997 2176 si
3021 2121 3157 2193 quis
3187 2120 3350 2178 dicat
3380 2121 3471 2178 vel
3499 2122 3576 2179 de

196 2209 399 2266 brutis
425 2210 818 2279 animalibus,
850 2212 1207 2284 erubuerit),
1240 2211 1548 2268 actoribus
1579 2207 1830 2265 scenicis
1859 2206 2297 2280 relinquamus.

271 2301 328 2358 3.
368 2302 548 2352 Ταυτά
607 2297 675 2360 δὴ
723 2308 890 2355 ταῦτα
937 2302 1098 2374 λέγειν
1150 2307 1240 2354 καὶ
1303 2305 1422 2376 περὶ
1475 2302 1812 2372 συγγραφέων

200 2389 328 2458 ἔχω·
357 2392 450 2440 καὶ
482 2389 702 2462 μάλισθ’
751 2393 872 2443 ὅταν
897 2391 1257 2463 ψυχαγωγίας
1291 2391 1436 2444 ἕνεκα
1459 2398 1560 2441 τῶν
1591 2389 1812 2440 ἀκουόν-

198 2495 298 2528 των
341 2477 687 2550 λογοποιῶσι.
747 2484 846 2534 Καὶ
899 2482 1132 2555 ῥητόρων
1193 2477 1251 2534 δε
1304 2484 1398 2539 τὴν
1446 2483 1565 2554 περὶ
1605 2481 1663 2530 τὸ
1689 2477 1814 2549 lim,”

203 2561 396 2619 δεσθαι
457 2572 657 2640 τέχνην
701 2569 759 2622 οὗ
806 2572 1166 2643 μιμησόμεθα.
1215 2570 1351 2622 Οὔτε
1410 2571 1509 2644 γὰρ
1559 2567 1608 2620 ἐν
1651 2564 1810 2620 δικα-

206 2661 464 2729 θηρίοις,
519 2659 629 2710 οὔτ’
678 2660 743 2720 έν,
785 2667 902 2722 ταῖς
977 2659 1156 2721 ἄλλαις
1215 2658 1468 2732 πράξεσιν
1515 2653 1811 2715 ἐπιτήδειον

205 2746 327 2816 ἧμῖν
375 2748 495 2817 (34)
533 2749 594 2799 τό
645 2744 862 2818 ψεῦδος,
891 2755 1002 2810 τοῖς
1037 2755 1133 2808 τὴν
1165 2748 1324 2823 ὀρθὴν
1373 2743 1498 2800 ὀδόν
1519 2751 1609 2799 καὶ
1639 2745 1805 2805 ἀληθῆ

208 2834 568 2908 προελομνοις
612 2844 704 2889 τοῦ
737 2836 880 2910 βίου,
932 2839 1012 2900 οἷς
1052 2841 1112 2891 τὸ
1159 2842 1232 2911 μὴ
1290 2834 1608 2898 δικάζεσθαι
1671 2839 1810 2908 νόμῳ

208 2930 658 2998 προστεταγμένον
729 2925 890 2982 ἔστιν.
959 2925 1098 2980 Ἀλλ’
1155 2925 1322 2979 ἐκεῖνα
1381 2925 1551 2978 αὐτῶν
1619 2925 1810 2998 μᾶλλον

212 3009 589 3088 ἆποδεξὸμεθα,
641 3014 690 3067 έν
747 3012 826 3079 οἷς
887 3014 1073 3090 ἀρετήν
1138 3014 1411 3089 ἐπῄνεσαν,
1471 3016 1501 3074 ἢ
1560 3019 1812 3088 πονηρίαν

213 3096 444 3156 διέϐαλον
490 3105 622 3176 (35).
676 3104 762 3168 Ὠς
792 3107 893 3180 γὰρ
947 3115 1046 3158 τῶν
1097 3104 1286 3158 ἀνθέων
1315 3111 1427 3166 τοῖς
1479 3106 1570 3177 μεν
1610 3103 1810 3165 λοιποῖς

213 3191 340 3264 ἄχρι
393 3201 494 3256 τῆς
551 3191 777 3256 εὐωδίας
833 3196 862 3254 ἦ
913 3203 1010 3257 τῆς
1047 3199 1218 3270 χρόας
1249 3193 1390 3247 ἔστὶν
1434 3195 1464 3252 ἠ
1499 3192 1806 3258 ἀπόλαυσις,

213 3288 319 3344 ταῖς
362 3283 633 3354 μελίτταις
663 3280 717 3336 δ’
752 3285 858 3358 ἄρα
893 3288 984 3336 καὶ
1025 3284 1140 3358 μέλι
1176 3282 1454 3356 λαμϐάνειν
1503 3281 1592 3334 ἀπ’
1643 3281 1810 3334 αὐτῶν

214 3370 458 3443 ὑπάρχει·
491 3374 630 3424 οὕτω
678 3369 747 3431 δὴ
794 3372 1063 3427 κάνταῦθα
1101 3379 1208 3434 τοῖς
1239 3376 1311 3446 μὴ
1339 3375 1397 3424 τὸ
1424 3368 1532 3429 ἡδὺ
1561 3375 1652 3424 καὶ
1693 3370 1810 3424 έπί-

211 3477 341 3533 χαρι
369 3465 520 3534 μόνον
570 3470 672 3514 τῶν
714 3465 959 3516 τοιούτων
1004 3463 1170 3535 λόγων
1213 3458 1497 3514 διώκουσιν
1543 3463 1655 3513 ἔστι
1695 3462 1812 3514 τινὰ

211 3554 303 3601 καὶ
359 3551 601 3623 ὠφέλειαν
660 3551 746 3604 ἀπ’
793 3553 960 3605 αὐτῶν
1014 3552 1086 3614 εἰς
1131 3555 1225 3610 τήν
1271 3551 1458 3623 ψυχὴν
1499 3548 1808 3604 ἀποθέσθαι.

214 3641 359 3692 Κατὰ
406 3647 586 3694 πᾶσαν
645 3638 711 3700 δὴ
759 3639 847 3694 οὖν
895 3650 995 3695 τῶν
1037 3641 1288 3714 μελιττῶν
1324 3643 1419 3698 τήν
1472 3639 1661 3704 εἰκόνα,
1711 3646 1811 3690 τῶν

206 3725 368 3799 λόγων
416 3733 542 3802 ὑμῖν
590 3733 880 3803 μεθεκτέον.
927 3731 1149 3786 Ἐκεῖναί
1207 3748 1261 3782 τε
1311 3731 1414 3802 γὰρ
1479 3731 1596 3780 οὔτε
1643 3727 1813 3780 ἅπασι

205 3825 313 3880 τοῖς
364 3819 550 3872 ἄνθεσι
597 3821 982 3895 παραπλησίως
1041 3820 1373 3893 έπέρχονται,
1415 3821 1533 3870 οὔτε
1579 3821 1683 3890 μὴν
1735 3819 1814 3878 οἷς

205 3906 263 3958 ἂν
293 3908 587 3962 ὶπιπτῶσιν
617 3910 710 3962 ὅλα
763 3915 927 3983 φέρειν
974 3909 1357 3985 έπιχειροῦσιν,
1392 3906 1501 3959 ἀλλ’
1549 3908 1671 3959 ὅσον
1713 3906 1812 3958 αυ-

202 4006 301 4049 τῶν
360 3995 663 4057 ὶπιτήδειον
737 4002 866 4072 πρὸς
939 4003 1032 4057 τὴν
1099 3998 1350 4073 ἔργασιαν
1413 3995 1690 4062 λαϐοῦσαι,
1753 3997 1812 4047 τό

200 4086 376 4140 λοιπόν
441 4093 656 4161 χαίρειν
731 4087 953 4161 ἀφῆκαν.
1021 4087 1197 4159 Ἡμεῖς
1261 4106 1333 4152 τε,
1399 4087 1461 4144 ἣν
1531 4091 1812 4158 σωφρονῶ-

200 4197 288 4248 μεν
313 4180 455 4245 (36),
489 4180 613 4230 ὅσον
667 4177 852 4230 οἰκεῖον
908 4179 1035 4250 ἡμῖν
1062 4181 1152 4229 καὶ
1199 4178 1440 4248 συγγενὲς
1489 4182 1551 4247 τῇ
1597 4172 1813 4246 ἀληθείᾳ

201 4268 324 4339 παρ’
382 4267 559 4341 α’ὶῖῶν
631 4270 995 4340 κομισάμενοι,
1045 4265 1450 4341 ὑπερϐησόμεθα
1504 4266 1565 4315 τό
1632 4261 1811 4315 λειπό-

202 4335 372 4427 μενον.
409 4335 541 4409 ‘ai
596 4335 830 4430 καθάπερ
879 4365 974 4418 τῆς
1025 4351 1282 4430 ,όοδωνιᾶς
1336 4360 1428 4406 τοῦ
1475 4353 1661 4414 ἄνθους
1696 4347 1813 4424 δρε-

201 4445 428 4518 ψάμενοι
471 4449 566 4507 τὰς
615 4444 841 4507 ἀκάνθας
881 4444 1192 4517 έκκλίνομεν,
1240 4443 1374 4495 οὕτω
1429 4446 1520 4494 καὶ
1575 4440 1660 4494 ἐπὶ
1710 4450 1810 4493 τῶν

1993 2301 2046 2352 3.
2072 2296 2304 2353 Eadem
2320 2303 2478 2354 certe
2500 2298 2641 2354 etde
2657 2298 2958 2355 historicis
2977 2298 3175 2354 dicere
3195 2299 3577 2376 habeo,prte-

1921 2385 2125 2442 sertim
2157 2403 2296 2443 cum
2331 2387 2409 2442 ad
2439 2387 2815 2444 audientium
2845 2387 3120 2444 animum
3151 2389 3577 2447 oblectandum

1919 2473 2205 2531 historias
2249 2476 2663 2532 conscribunt.
2716 2480 2830 2533 Nec
2861 2477 3042 2534 etiam
3075 2479 3384 2534 rhetorum
3414 2495 3579 2535 men-

1919 2562 2105 2619 tiendi
2126 2570 2317 2621 artem
2340 2565 2734 2622 imitabimur.
2760 2566 2989 2622 Etenim
3012 2583 3210 2640 neque
3230 2567 3289 2623 in
3307 2567 3574 2638 judiciis,

1919 2668 2116 2726 neque
2159 2654 2221 2710 in
2253 2654 2382 2710 aliis
2411 2654 2754 2711 actionibus
2797 2656 3164 2712 conveniens
3193 2655 3371 2712 nobis
3400 2656 3579 2714 fuerit

1919 2743 2332 2807 mendacium,
2365 2745 2469 2817 qui
2499 2750 2726 2801 rectam
2750 2760 2820 2800 ac
2860 2761 3068 2801 veram
3091 2745 3226 2802 vitae
3255 2747 3418 2802 viam
3445 2762 3574 2802 am-

1919 2829 2078 2904 plexi
2095 2831 2370 2895 simus,et
2389 2833 2616 2906 quibus
2637 2849 2760 2889 non
2781 2833 3019 2905 litigare
3041 2834 3173 2906 lege
3208 2839 3576 2909 praeceptum

1919 2920 2014 2977 sit.
2045 2921 2159 2978 Sed
2187 2921 2289 2977 illa
2311 2922 2505 2993 magis
2533 2921 2954 2993 probabimus,
2972 2925 3033 2979 in
3056 2924 3278 2996 quibus
3295 2924 3578 2982 virtutem

1917 3008 2837 3082 laudaverint,autvituperarint
2857 3012 3166 3068 vitium.Ut
3188 3013 3350 3068 enim
3363 3013 3578 3086 reliqui

1919 3098 2047 3154 solo
2091 3099 2313 3154 ﬂorum
2343 3099 2510 3154 bono
2540 3098 2726 3154 odore
2756 3104 2858 3155 aut
2910 3101 3110 3156 colore
3161 3101 3574 3171 perfruuntur,

1919 3203 2064 3260 apes
2090 3203 2230 3244 vero
2255 3187 2376 3243 mel
2404 3188 2587 3245 etiam
2617 3203 2690 3242 ex
2724 3187 2809 3243 eis
2839 3203 3155 3260 excerpere
3176 3193 3402 3245 norunt
3431 3207 3444 3245 :
3492 3190 3576 3246 ita

1917 3275 2014 3333 hic
2044 3293 2311 3350 quoque,
2345 3277 2448 3351 qui
2477 3292 2600 3332 non
2624 3277 2816 3333 solam
2843 3277 3139 3348 ejusmodi
3168 3277 3461 3334 librorum
3482 3278 3580 3347 ju-

1917 3367 2287 3423 cunditatem
2313 3383 2383 3422 ac
2403 3367 2760 3422 suavitatem
2776 3368 3293 3440 consectantur,iis
3320 3367 3455 3425 licet
3475 3368 3578 3425 ali-

1919 3457 2069 3529 quid
2101 3457 2278 3513 etiam
2306 3456 2572 3512 utilitatis
2600 3473 2673 3512 ex
2728 3456 2847 3512 illis
2895 3457 2955 3512 in
3004 3458 3212 3514 anima
3259 3474 3574 3531 reponere.

1923 3546 2182 3602 Omnino
2207 3546 2386 3617 igitur
2407 3546 2480 3602 ad
2505 3561 2690 3618 apum
2712 3546 3082 3619 exemplum,
3102 3547 3197 3602 his
3213 3546 3381 3603 libris
3403 3552 3575 3604 uten-

1920 3635 2069 3691 dum
2090 3634 2270 3692 vobis
2295 3639 2401 3691 est.
2436 3634 2551 3689 Illas
2581 3634 2743 3690 enim
2782 3650 2978 3708 neque
3006 3635 3259 3691 ﬂoribus
3287 3636 3575 3692 omnibus

1922 3738 1994 3778 ex
2042 3737 2220 3794 sequo
2266 3721 2562 3782 insidunt,
2591 3737 2787 3794 neque
2818 3723 2995 3778 etiam
3030 3723 3108 3778 ad
3137 3739 3294 3796 quos
3323 3722 3574 3780 advola-

1919 3811 2062 3880 rint,
2095 3825 2199 3866 eos
2242 3815 2401 3866 totos
2431 3809 2666 3865 auferre
2697 3815 2994 3866 conantur
3021 3828 3034 3867 :
3077 3810 3178 3867 sed
3214 3827 3350 3866 cum
3384 3827 3456 3867 ex
3487 3813 3573 3868 eis

1920 3905 2222 3974 quantum
2269 3899 2560 3956 idoneum
2615 3904 2702 3955 est
2727 3900 2802 3956 ad
2831 3917 3008 3973 opus,
3042 3901 3229 3956 semel
3259 3899 3571 3971 collegere,

1921 3989 2221 4063 reliquum
2260 3988 2592 4045 dimittunt.
2637 3992 2752 4045 Nos
2780 4005 3026 4062 quoque
3065 3989 3113 4044 si
3145 3989 3438 4061 sapimus,
3471 3990 3579 4049 ubi

1920 4085 2219 4154 quantum
2249 4079 2428 4136 nobis
2456 4079 2755 4150 congruit,
2781 4095 2851 4135 ac
2881 4079 3117 4134 veritati
3149 4079 3331 4134 afﬁne
3358 4085 3465 4149 est,
3501 4097 3576 4137 ex

1919 4170 2015 4226 his
2063 4169 2302 4242 s_criptis
2346 4168 2790 4238 collegerimus,
2821 4167 3121 4240 reliquum
3161 4169 3577 4239 praetermitte-

1920 4238 2718 4330 muertquemadmodum
2741 4258 2800 4312 in
2823 4238 3204 4329 decerpendo
3225 4258 3408 4314 roseti
3428 4257 3576 4315 ﬂore

1922 4352 2122 4404 sentes
2175 4346 2555 4402 devitamus:
2619 4347 2704 4401 sic
2749 4345 2893 4402 etin
2945 4345 3163 4401 talibus
3193 4346 3577 4404 sermonibus

1919 4435 2219 4511 quidquid
2243 4435 2381 4491 utile
2403 4439 2492 4490 est
2515 4439 2852 4508 carpentes,
2875 4436 3126 4491 noxium
3143 4436 3432 4520 vitemusJ
3447 4439 3578 4497 Sta-

203 4539 452 4587 τοιούτων
505 4533 670 4605 λόγων
716 4537 837 4587 ὅσον
887 4539 1158 4609 χρήσιμον
1242 4533 1664 4606 καρπωσάμενοι,
1749 4533 1808 4582 τό

1923 4527 2024 4583 tim
2041 4526 2223 4595 igitur
2235 4525 2312 4580 ab
2332 4525 2497 4580 initio
2514 4524 2866 4598 disciplinas
2887 4526 3157 4595 singulas
3169 4513 3577 4613 considérare,

207 4621 464 4697 βλαϐερόν
510 4624 856 4698 φυλαξὼμεθα
903 4624 1066 4696 (ΞΠΗ
1086 4623 1253 4684 Εὐθὺς
1293 4617 1380 4674 οὖν
1413 4619 1466 4683 έξ
1495 4618 1667 4692 ἀρχῆς
1693 4619 1810 4672 έπι-

210 4721 420 4768 σκοπεῖν
476 4718 697 4768 ἕκαστον
759 4723 858 4767 τῶν
910 4713 1255 4786 μαθημάτων,
1307 4713 1397 4762 καὶ
1466 4708 1812 4783 συναρμόζειν

207 4815 276 4877 τῷ
321 4806 456 4860 τῦιι
509 4812 766 4878 προσῆκε,
797 4805 934 4856 κατὰ
978 4807 1074 4862 τήν
1113 4803 1349 4876 Δωρικήν
1387 4803 1692 4874 παροιμίαν,
1725 4801 1812 4850 τόν

209 4895 344 4948 λίθον
419 4898 543 4947 ποτὶ
611 4895 706 4946 τὰν
773 4893 1005 4968 σπάρτον
1071 4893 1312 4963 ἄγοντας.
1365 4893 1466 4942 Καὶ
1528 4883 1811 4961 έπειδήπερ

214 4982 282 5038 δι’
332 4986 524 5060 ἀρετῆς
586 4985 728 5056 ἡμᾶς
774 4980 857 5035 ἐπὶ
907 4982 1014 5052 (38)
1059 4983 1147 5033 τὸν
1196 4977 1314 5053 βίον
1349 4980 1585 5032 καθεῖναι
1616 4973 1701 5030 δεῖ
1727 4980 1814 5030 τὸν

275 5167 386 5239 (32)
412 5161 568 5239 Editi
602 5159 994 5239 ὁρίζονται..Αῒ
1018 5173 1164 5239 ωδε,
1195 5156 1700 5239 ῳυ-ξτξσόρίηζωνεαι.

275 5227 390 5302 (33)
417 5235 515 5291 Sic
547 5227 780 5302 veteres
808 5229 1080 5302 quinque
1108 5227 1263 5302 libri.
1285 5227 1436 5284 Editi
1463 5227 1524 5290 ἂς
1554 5228 1672 5282 κᾶν.

278 5297 386 5373 (34)
419 5304 616 5360 Editio
646 5297 847 5358 ParisC
868 5297 1158 5359 ἕπετῆδειον
1198 5301 1339 5372 ὑμῖν.
1372 5304 1442 5355 At
1471 5314 1615 5354 mss.
1657 5313 1809 5371 qua.

211 5382 338 5432 tuor
368 5380 515 5434 ἡμῖν.

273 5429 588 5519 ίέῦίἯιιιιε
639 5460 789 5500 mss.
831 5444 859 5502 ἣ
921 5447 1108 5496 κακίαν
1165 5439 1422 5496 διέϐαλον.
1453 5443 1582 5497 Mox
1632 5441 1801 5497 Colb.

211 5522 408 5576 tertius
430 5525 522 5571 καὶ
556 5525 622 5576 τῆ
637 5538 678 5579 ς.

277 5597 383 5660 (36)
418 5594 560 5660 Reg.
586 5589 827 5661 primus
857 5595 941 5642 ἶνα
969 5595 1329 5663 σωφρονῶμεν.
1357 5588 1474 5642 Nec
1501 5584 1587 5643 ita
1610 5583 1803 5646 multo

1919 4621 1976 4673 et
2005 4615 2084 4672 ad
2107 4614 2292 4674 ﬁnem
2315 4614 2806 4677 accommodare,
2836 4630 3036 4688 opera:
3067 4616 3327 4688 pretium
3376 4620 3488 4684 est,
3513 4623 3579 4673 ut

1921 4709 2012 4762 est
2033 4705 2093 4760 in
2117 4704 2328 4760 Dorico
2351 4703 2698 4777 proverbio,
2720 4705 2981 4775 lapidem
3005 4705 3086 4759 ad
3104 4705 3449 4774 funiculum
3471 4705 3581 4760 du-

1923 4800 2141 4852 centes.
2171 4797 2237 4850 Et
2263 4792 2516 4867 quando
2548 4809 2658 4866 per
2679 4793 2964 4851 virtutem
3003 4793 3082 4849 ad
3104 4797 3376 4848 nostram
3401 4791 3578 4860 illam

1923 4884 2110 4942 vitam
2134 4883 2448 4957 pervenire
2479 4899 2591 4940 nos
2622 4888 2882 4957 oportet,
2913 4881 2988 4938 de
3015 4881 3128 4938 hac
3153 4885 3357 4938 autem
3383 4879 3580 4937 multa

1925 4974 2140 5047 poetis,
2171 4973 2360 5030 multa
2403 4972 2725 5036 historicis,
2757 4970 2950 5028 multo
2993 4970 3170 5043 plura
3193 4967 3576 5041 philosophis

1918 5158 2062 5278 post
2129 5151 2294 5211 Colb.
2356 5151 2562 5208 tertius
2617 5150 2781 5222 λόγων
2827 5150 2886 5202 τὸ
2935 5143 3041 5204 ἡδὺ
3080 5143 3314 5202 λαϐόντες
3345 5145 3404 5194 τὸ
3447 5139 3576 5213 βλα-

1953 5246 2086 5278 εοον.

1953 5246 2086 5281 ερον.

2165 5295 2314 5352 Editi
2363 5294 2709 5368 φυλαξόμιθᾳ.
2769 5294 2840 5346 At
2904 5304 3083 5368 mss:
3129 5283 3300 5342 multi
3334 5283 3575 5357 φυλαξὼ-

1914 5371 2066 5440 μεθα.
2088 5363 2312 5440 ’διαιὶω
2343 5363 2510 5440 Colb.
2545 5363 3168 5440 (εξῐῐὶιιςιπιρι-σκοπεῖνᾏ
3253 5427 3263 5438 .

1985 5441 2095 5508 (38)
2131 5438 2320 5494 Editio
2362 5435 2717 5508 Paris.__i;[.¢6z;
2758 5427 2860 5487 ἐπί.
2892 5431 3082 5487 Edilio
3134 5427 3310 5508 Basil.
3345 5433 3402 5508 et
3445 5427 3575 5508 duo

1913 5499 2088 5582 mss.'
2123 5512 2248 5582 ἡμῖν
2292 5508 2407 5582 έπί.
2477 5506 2584 5582 Alii
2615 5499 2624 5506 ’
2653 5509 2918 5582 quatuor
2965 5520 3111 5559 mss.
3143 5499 3330 5577 ἀρετῆς
3379 5502 3462 5553 έπὶ
3488 5504 3576 5552 τὸν

1914 5580 2032 5653 βίον
2063 5576 2188 5651 ἡμῖν
2208 5581 2461 5649 καθεῖναι,
2496 5577 2614 5636 alio
2653 5576 2883 5636 ordine.
