4100 6196
213 412 302 466 μοι
325 388 471 447 δοκεῖ
500 391 629 466 πρὸς
657 388 905 464 εὐπόρους
933 389 1054 453 τοὺς
1079 387 1239 450 εἰπεῖν
1269 391 1355 447 τό.

285 515 420 571 Ἀλλ’
445 517 601 586 ἡμεῖς
629 513 800 586 αύτοῖς
825 512 884 565 ού
912 510 1301 586 διαμειψόμεθα

214 596 317 650 τῆς
348 579 534 663 ἀρετῆς
568 585 923 663 ςόνρελούτονο
1083 579 1143 637 τὸ
1289 579 1522 663 ἔμπεδον,
1540 582 1663 663 αἰεὶ,

282 654 549 736 Χρῦματα
576 654 629 713 δ’
662 655 945 730 ἀνθρώπων
979 654 1329 720 ἄλλοτεοῖλλος
1360 658 1475 727 ἔχει
1504 655 1639 728 (46).

217 783 573 861 Παραπλήσια
611 778 672 837 δὲ
699 785 899 845 τούτοις
934 784 1026 835 καὶ
1054 782 1119 836 τὰ
1159 776 1463 853 Θεόγνιδος,
1506 779 1553 833 ἓν
1583 776 1659 843 οἶς
1691 797 1821 854 φησι

216 878 303 928 τὸν
354 875 507 939 Θεὸν,
557 874 731 927 ὅντινα
788 868 856 930 δὴ
910 873 993 925 καὶ
1052 875 1201 943 φησὶ,
1248 877 1354 932 τοῖς
1419 868 1706 944 ἀνθρώποις
1762 870 1820 920 τὸ

217 963 463 1017 τάλαντον
511 961 801 1037 ἓπιρῥὲπειν
854 959 1032 1014 ἄλλοτε
1084 960 1247 1024 ἄλλως
1290 959 1469 1012 ἄλλοτε
1526 961 1616 1032 μὶν
1656 958 1821 1011 πλου-

217 1061 340 1119 τεῖν,
382 1051 565 1105 ἄλλοτε
619 1047 679 1104 δέ
714 1046 886 1124 μηδὲν
943 1050 1104 1122 ἔχειν’
1157 1053 1258 1103 Καὶ
1310 1052 1413 1122 μὴν
1469 1052 1558 1102 καὶ
1606 1049 1631 1099 ό
1677 1050 1822 1110 Κεῖός

219 1162 316 1196 που
366 1144 622 1213 σοφιστὴς
670 1135 933 1214 Πρόδικος
972 1140 1090 1209 (47)
1137 1145 1235 1191 τῶν
1293 1138 1478 1193 ἑαυτοῦ
1547 1155 1822 1209 συγγραμ-

215 1233 392 1307 μάτων
440 1227 642 1304 ἁδελφὰ
685 1232 892 1292 τούτοις
942 1228 1013 1289 εἰς
1059 1226 1246 1303 ἀρετὴν
1292 1232 1383 1283 καὶ
1430 1230 1616 1281 κακίαν
1661 1224 1825 1297 ἐφιλοο

219 1328 467 1394 σόφησεν·
595 1315 664 1379 δὴ
705 1322 797 1372 καὶ
828 1317 967 1391 αὐτῷ
996 1321 1091 1377 τὴν
1126 1313 1362 1371 διάνοιαν
1400 1318 1731 1392 προσεκτέονο
1764 1313 1823 1366 ού

210 1413 312 1486 γὰρ
362 1407 660 1470 ἀπόϐλητος
706 1409 732 1460 ὁ
786 1405 935 1482 ἀνὴρ.
968 1406 1122 1480 Ἔχει
1170 1403 1231 1460 δε
1279 1407 1413 1458 ούτω
1451 1425 1559 1468 πως
1605 1406 1633 1458 ὀ
1674 1404 1825 1476 λόγος

211 1499 377 1571 αὐτῷ,
411 1500 516 1552 ὅσα
563 1497 664 1570 ἐγώ
717 1504 811 1549 τοῦ
860 1493 1052 1572 ἀνδρὸς
1106 1505 1201 1558 τῆς
1245 1492 1484 1557 διανοίας
1534 1498 1820 1568 μέμνημαι,

210 1589 324 1645 ἐπεὶ
373 1590 440 1643 τά
486 1606 547 1659 γε
584 1587 800 1661 ῥήματα
852 1586 945 1639 ούκ
1001 1585 1311 1659 ἐπίσταμαι,
1347 1584 1479 1643 πλήν
1527 1601 1584 1656 γε
1625 1580 1693 1643 δὴ
1747 1585 1824 1636 ὅτι

211 1677 395 1741 ἅπλῶς
448 1677 612 1737 οὕτως
670 1678 868 1750 εἴρηκεν
924 1676 1043 1728 ἄνευ
1106 1677 1315 1751 μέτρου.
1373 1672 1497 1726 Ὀτι
1560 1671 1655 1745 νὶῳ
1717 1674 1825 1726 ὄντι

212 1775 287 1842 τῷ
318 1765 574 1845 Ἠρακλεῖ
620 1761 844 1838 κομιδῇ,
874 1768 966 1818 καὶ
1016 1760 1214 1837 σχεδὸν
1254 1766 1451 1823 ταύτην
1498 1764 1679 1835 ἄγοντι
1730 1766 1824 1820 τὴν

212 1856 447 1923 ἠλικίαν,
512 1855 575 1913 ἢν
650 1858 742 1908 καὶ
802 1856 951 1928 ὑμεῖς
1021 1860 1130 1919 νῦν,
1198 1852 1549 1929 βουλευομένῳ
1606 1854 1824 1926 ποτέραν

213 1948 492 2020 τράπηται
548 1953 651 1998 τῶν
709 1940 868 2011 ὁδῶν,
922 1946 1018 2003 τὴν
1074 1939 1168 1997 διὰ
1224 1951 1325 1997 τῶν
1367 1946 1535 1998 πόνων
1592 1943 1824 2013 ἄγουσαν

215 2028 352 2110 πρὸς
383 2034 594 2110 ἀρετὴν,
620 2033 650 2095 ἡ
689 2037 789 2093 τὴν
813 2033 1037 2110 ῥᾴστην,
1063 2032 1365 2109 προσελθεῖν
1415 2029 1513 2085 δύο
1548 2037 1822 2104 γυναῖκας,

470 2120 533 2177 δι
588 2119 718 2177 εἶναι
766 2121 977 2197 Ἀρετὴν
1015 2126 1105 2174 καὶ
1164 2126 1376 2176 Κακίαν⁴
1419 2121 1567 2182 εὐθὺς
1606 2123 1694 2194 μὶν
1738 2116 1826 2173 οὖν

221 2219 316 2267 καὶ
343 2217 628 2274 σιωπώσας
666 2212 927 2285 ἐμφαίνειν
977 2210 1079 2265 ἀπὸ
1131 2217 1222 2264 τοῦ
1274 2215 1553 2285 σχήματος
1588 2213 1648 2263 τό
1699 2206 1824 2263 διά-

221 2322 395 2377 φορον.
472 2303 621 2356 Εἶναι
693 2303 794 2374 γὰρ
874 2304 968 2361 τὴν
1020 2304 1111 2374 μεν
1165 2302 1266 2353 ὑπὸ
1328 2308 1667 2373 κομμωτικῆς
1734 2295 1825 2352 δι-

222 2395 615 2464 εσκευασμένην
664 2390 738 2452 εἰς
779 2389 984 2457 κάλλος,
1044 2393 1131 2444 καὶ
1178 2391 1277 2443 ὑπὸ
1324 2397 1523 2463 τφυφῆς
1572 2386 1822 2463 διαρῥεῖν,

222 2485 313 2534 καὶ
366 2483 543 2534 πάντα
595 2478 754 2556 ὶσμὸν
805 2476 1004 2542 ἡδονῆς
1052 2478 1399 2552 ἐξηρτημένην
1456 2479 1621 2551 ἄγειν·
1663 2476 1826 2532 ταῦτά

216 2588 269 2623 τε
309 2565 401 2622 οὖν
441 2566 732 2635 δεικνύναι,
780 2572 871 2621 καὶ
920 2571 996 2622 ἔτι
1048 2567 1207 2623 πλείω
1244 2570 1438 2621 τούτων
1469 2568 1826 2640 ὑπισχνούμε-

218 2678 327 2727 ne,
389 2657 557 2713 ἕλκειν
611 2657 896 2732 ἐπιχειρεῖν
975 2661 1059 2711 τὸν
1114 2655 1369 2731 Ἡρακλέα
1419 2659 1546 2732 πρὸς
1616 2656 1822 2715 ἑαυτήν·

218 2752 311 2806 τήν
359 2745 414 2801 δ’
474 2748 652 2820 ἱτίραν
683 2747 1109 2817 κατεσκληκίναι,
1149 2750 1241 2799 καὶ
1270 2746 1517 2819 αὐχμεῖν,
1557 2750 1649 2799 καὶ
1700 2748 1825 2800 σύν-

220 2855 358 2891 τονον
417 2835 649 2911 βλέπειν,
701 2841 794 2890 καὶ
843 2836 1005 2909 λέγειν
1052 2843 1272 2892 τοιαῦτα
1344 2836 1509 2910 ἕτεραι
1571 2837 1826 2906 ύπισχεῖ-

221 2929 342 2982 σθαι
396 2946 502 3002 γαρ
561 2922 711 2981 οὐδἐν
764 2924 1040 3000 ἀνειμένον,
1085 2921 1210 2979 ούδε
1266 2921 1395 2992 ἡδύ,
1436 2922 1544 2977 ἀλλ’
1605 2922 1828 2999 ἱδρῶτας

214 3021 438 3092 μυρίους
464 3020 558 3073 καὶ
587 3019 775 3080 πόνους
802 3021 894 3069 καὶ
944 3010 1217 3077 κινδύνους
1243 3010 1338 3070 διὰ
1381 3017 1559 3076 πάσης
1607 3015 1825 3089 ἠπείρου

216 3124 267 3160 τε
300 3111 397 3161 καὶ
457 3105 754 3167 θαλάσσης.
792 3104 980 3158 ’Λολον
1025 3101 1086 3159 δὲ
1135 3106 1331 3159 τούτων
1380 3101 1508 3159 εἶναι
1539 3106 1650 3161 θεὸν
1678 3108 1823 3176 γενέ-

217 3198 360 3263 σθαι,
394 3199 469 3258 ὥς
523 3197 553 3249 ὁ
594 3194 787 3248 ἑκείνου
833 3194 1005 3268 λόγος·
1064 3191 1195 3269 ᾗπερ
1236 3190 1305 3254 δὴ
1347 3199 1439 3248 καὶ
1489 3192 1598 3264 (48)
1648 3192 1824 3246 τελευ-

213 3293 380 3341 τῦντα
428 3288 522 3338 τόν
579 3283 841 3359 Ἠρακλέα
892 3283 1221 3347 ξυνέπεσθαι.
1284 3286 1385 3337 Καὶ
1426 3278 1626 3355 σχεδὸν
1663 3282 1825 3334 ἄπαν-

216 3393 316 3445 τες,
356 3377 427 3427 ὧν
471 3371 540 3435 δὴ
584 3378 676 3426 καὶ
710 3373 861 3445 λόγος
890 3377 971 3439 τίς
1020 3371 1162 3427 ἐστιν
1201 3372 1286 3426 ἐπὶ
1341 3377 1517 3445 σοφίᾳ,
1551 3374 1581 3431 ἣ
1638 3374 1825 3445 μικρὸν

214 3464 244 3523 ἢ
303 3466 505 3537 μεῖζον,
538 3462 614 3526 εἰς
679 3459 902 3535 δύναμιν
940 3463 1154 3523 ἕκαστος
1184 3462 1234 3514 ἐν
1290 3469 1398 3523 τοῖς
1432 3461 1627 3516 ἑαυτῶν
1698 3481 1822 3532 συγο

217 3556 543 3627 γράμμασιν,
605 3549 795 3626 ἀρετῆς
850 3553 1051 3605 ἔπαινον
1111 3546 1400 3619 διεξῆλθον,
1459 3550 1533 3612 οἷς
1587 3554 1822 3604 πειστέον

213 3647 303 3694 καὶ
342 3645 616 3718 πειρατέον
662 3639 745 3693 ἐπὶ
788 3647 881 3695 τοῦ
912 3639 1033 3714 βίον
1067 3636 1332 3693 δεικνύναι
1362 3643 1482 3701 τοὺς
1503 3638 1710 3711 λόγους.
1735 3639 1825 3701 Ὠς

215 3733 322 3805 ὅγε
356 3738 460 3791 τὴν
506 3733 647 3804 ἄχρι
687 3731 937 3807 ῥημάτων
986 3732 1133 3807 παρὰ
1180 3736 1289 3795 τοῖς
1314 3729 1486 3794 ἄλλοις
1517 3728 1822 3803 φιλοσοφίαν

216 3826 344 3896 ῖργῳ
377 3820 617 3895 βεϐαιῶν

215 3910 282 3966 ον
419 3914 432 3929 ρ
540 3931 571 3943 ,
652 3931 667 3946 ,
707 3916 780 3943 ⁸.
821 3907 866 3963 δ.
1037 3913 1048 3927 .
1095 3909 1142 3928 ..

262 3933 336 3977 ιος
364 3931 629 3966 πεπυυ.αι
715 3930 790 3964 .οι
860 3930 880 3963 ε
911 3930 1056 3965 σκιαί
1087 3928 1339 3964 αισσουσι
1371 3909 1503 3978 (49).

217 4009 313 4059 [αἱ
348 4022 445 4079 μοι
486 4000 722 4057 δοκεῖτὸ
753 4008 986 4055 τοιοῦτον
1043 4000 1409 4076 παραπλήσιον
1462 3994 1608 4065 εἶναι,
1643 4003 1817 4074 ὡσπερ

214 4091 271 4145 ἀι,
310 4093 354 4147 εἰ
386 4094 674 4169 ζωγράφου
706 4093 1005 4167 θαυμαστόν
1053 4110 1105 4144 τι
1163 4091 1266 4142 οἷον
1314 4088 1499 4151 κάλλος
1549 4086 1818 4161 ἀνθρώπου

213 4184 608 4257 μιμησαμένου,
643 4181 669 4233 ὀ
718 4178 777 4236 δι
819 4180 974 4243 αὐτὸς
1024 4183 1098 4237 εἴη
1146 4180 1258 4250 (50)
1311 4185 1546 4242 τοιοῦτος
1597 4176 1682 4230 ἐπὶ
1729 4186 1820 4238 τῆς

215 4270 475 4337 ἀληθείας,
523 4271 632 4323 οἷον
664 4268 746 4323 ἐπὶ
789 4277 887 4322 τῶν
935 4271 1163 4322 πινάκων
1202 4267 1385 4328 ἐκεῖνος
1434 4262 1641 4331 ἔδειξεν.
1678 4265 1820 4320 Ἐπεὶ

214 4366 268 4414 τό
313 4381 371 4435 γε
427 4360 687 4434 λαμπρῶς
724 4362 817 4434 μὶν
848 4361 1117 4412 ἐπαινέσαι
1155 4362 1247 4416 τὴν
1282 4354 1467 4433 ἀρετὴν
1499 4356 1571 4417 εἰς
1610 4357 1667 4409 τό
1718 4357 1817 4429 μέ-

1167 262 1398 320 SERMO
1438 263 1545 321 DE.
1570 259 1910 325 LEGENDIS
1950 260 2177 325 LIBRIS
2215 264 2617 323 GENTILIUM.

1845 383 1897 451 Α
1935 386 2101 445 Unde
2121 392 2181 449 et
2200 388 2378 452 Solon
2402 389 2550 453 mihi
2580 388 2817 451 videtur
2833 389 2986 451 illud
3016 391 3092 451 ad
3112 391 3328 452 divites
3352 394 3587 455 (licere:

3470 273 3578 332 5⁸14

1998 513 2117 570 Sed
2142 532 2247 573 nos
2272 518 2497 574 divitiis
2528 534 2648 575 non
2681 521 3175 578 commutabz‘mus
3207 524 3353 581 ullis

1996 586 2249 663 Portam
2278 591 2558 663 uirtutem
2587 607 2600 646 τ
2626 606 2764 647 nam
2788 606 3021 661 semper
3044 594 3224 663 ﬁrma
3253 595 3522 653 manebit

1996 657 2079 720 At
2107 674 2245 717 vero
2265 661 2383 719 huc
2408 663 2558 720 illuc
2579 663 2847 720 humana
2876 657 3133 734 pecunia
3164 668 3408 725 transit.

1930 781 2280 840 Consimiles
2320 788 2522 842 autem
2562 785 2656 842 his
2685 790 2823 842 sunt
2862 790 2919 843 et
2957 787 3321 861 Theognidis
3353 805 3586 866 versus,

1927 868 1987 925 in
2032 871 2255 944 quibus
2295 873 2435 930 dicit
2484 876 2672 930 Deum
2714 875 3161 950 (quemcunque
3201 879 3448 935 tandem
3492 877 3588 939 ille

1930 961 2116 1016 Deum
2138 960 2326 1032 dicat)
2341 962 2691 1019 hominibus
2721 963 2837 1021 alio
2863 969 2919 1021 et
2940 963 3056 1021 alio
3087 965 3270 1022 modo
3300 967 3587 1025 trutinam

1928 1046 2281 1118 degravare,
2295 1050 2598 1109 interdum
2617 1050 2746 1107 illos
2767 1052 2985 1109 divitiis
3002 1053 3269 1125 afﬂuere,
3283 1053 3585 1113 interdum

1930 1137 2077 1194 nihil
2106 1137 2349 1198 habere.
2396 1142 2550 1208 Quin
2583 1147 2639 1199 et
2670 1144 2821 1198 Ceus
2855 1142 3129 1217 sophista
3168 1144 3449 1203 Prodicus
3482 1144 3587 1203 alio

1932 1228 2070 1284 cuhi
2087 1228 2145 1286 in
2169 1231 2293 1286 suis
2314 1231 2548 1306 scriptis
2566 1230 2773 1290 afﬁnia
2791 1232 2884 1289 his
2902 1232 2962 1292 in
2984 1232 3261 1291 virtutem
3285 1250 3355 1290 ac
3376 1217 3589 1295 vitium

1932 1319 2325 1392 conscripsit:
2354 1321 2457 1394 qui
2488 1326 2544 1377 et
2572 1320 2703 1394 ipse
2730 1320 3073 1378 audiendus
3113 1327 3337 1379 attento
3369 1326 3576 1387 animo

1933 1414 2041 1480 est,
2065 1427 2203 1466 cum
2240 1411 2331 1467 vir
2346 1412 2416 1469 sit
2447 1429 2571 1469 non
2603 1412 3255 1470 contemnendusJicec
3273 1418 3477 1472 autem
3498 1415 3586 1472 di-

1934 1500 2034 1565 cit,
2066 1505 2364 1574 quantum
2397 1517 2510 1573 ego
2542 1503 2647 1560 viri
2688 1503 3043 1561 sententiam
3070 1504 3364 1562 memoria
3394 1508 3585 1579 teneo,

1935 1588 2236 1663 siquidem
2268 1590 2451 1649 verba
2482 1592 2614 1665 ipsa
2645 1608 2768 1651 non
2800 1594 3071 1661 memini,
3119 1593 3231 1649 nisi
3262 1593 3428 1669 quod
3456 1594 3586 1651 haec

1935 1679 2285 1753 simpliciter
2311 1680 2551 1756 absque
2594 1688 2784 1740 metro
2828 1683 3144 1742 enarrarit.
3186 1682 3475 1741 Nimirum
3507 1683 3587 1740 ad

1900 1782 1901 1785 ‘
1934 1769 2568 1845 Herculemjuvenem,
2586 1776 2642 1830 et
2657 1771 2776 1829 fere
2793 1789 2926 1829 eam
2950 1776 3207 1840 aetatem,
3222 1788 3408 1846 quam
3422 1788 3586 1833 nunc

1932 1874 2059 1921 vos,
2091 1864 2394 1933 agentem,
2422 1866 2478 1916 et
2505 1865 2703 1918 utram
2732 1861 2917 1932 viam,
2946 1861 3182 1919 hancne
3204 1878 3341 1936 quae
3366 1878 3477 1936 per
3505 1861 3589 1920 la-

1932 1947 2113 2005 bores
2165 1949 2241 2006 ad
2282 1949 2561 2006 virtutem
2593 1949 2778 2025 ducit,
2805 1966 2881 2007 an
2915 1949 3163 2008 alteram
3194 1951 3356 2008 illam
3378 1950 3585 2008 facilli.

1935 2054 2101 2096 mam
2119 2042 2407 2113 carperet,
2434 2040 2607 2115 178
2628 2039 3084 2108 deliberantem,
3109 2039 3389 2096 mulieres
3427 2040 3585 2103 duas

1933 2128 2281 2195 accessisse,
2313 2143 2415 2185 eas
2448 2136 2650 2185 autem
2689 2144 2820 2186 esse
2846 2129 3131 2187 Virtutem
3153 2145 3222 2184 ac
3261 2128 3496 2197 Vitium,
3531 2133 3588 2187 et

1930 2217 2099 2295 ipsas
2131 2222 2392 2275 tacentes
2419 2217 2747 2275 discrimen
2791 2218 2959 2293 quod
3003 2218 3155 2274 inter
3195 2233 3256 2274 se
3284 2217 3587 2287 intererat,

1931 2306 2143 2368 habitu
2171 2307 2308 2383 ipso
2339 2308 2653 2364 confestim
2676 2307 3035 2365 declarasse.
3059 2310 3251 2365 Unam
3273 2307 3519 2383 quidem
3551 2323 3588 2366 ο,

1934 2396 2215 2454 comendi
2262 2402 2386 2453 arte
2423 2396 2889 2471 pulchritudinis
2938 2397 3371 2472 comparandae
3400 2412 3588 2453 causa

1932 2486 2231 2553 exornari,
2260 2492 2315 2543 et
2340 2486 2566 2545 deliciis
2605 2486 2898 2561 difﬂuere,
2934 2503 3236 2561 omneque
3268 2485 3585 2565 voluptatis

1932 2588 2188 2633 examen
2228 2592 2435 2633 secum
2485 2574 2835 2651 copulatum
2868 2575 3106 2648 ducere,
3142 2573 3345 2630 isthac
3392 2579 3587 2629 osten-

1932 2663 2096 2733 dere,
2115 2668 2173 2722 et
2194 2664 2368 2740 plura
2388 2665 2485 2735 his
2505 2664 2705 2723 adhuc
2726 2664 3109 2739 pollicentem
3150 2663 3354 2720 conari
3374 2665 3588 2720 Hercu-

1934 2757 2055 2810 lem
2075 2754 2152 2811 ad
2171 2771 2236 2811 se
2261 2756 2494 2813 trahere
2519 2772 2533 2813 :
2560 2755 2807 2814 alteram
2832 2771 2971 2813 vero
2996 2770 3267 2812 macram
3289 2758 3342 2810 et
3363 2752 3583 2829 squali-

1933 2843 2078 2901 dam
2098 2860 2251 2915 esse,
2283 2849 2340 2901 et
2375 2844 2598 2902 habere
2619 2843 2829 2901 oculos
2875 2844 3159 2911 intentos,
3186 2848 3241 2900 et
3264 2842 3402 2900 talia
3433 2841 3587 2898 alius

1936 2934 2175 3004 generis
2197 2933 2764 3008 proferre,polliceri
2787 2933 2934 2990 nihil
2955 2933 3302 3001 remissum,
3319 2931 3466 2988 nihil
3496 2931 3589 3003 ju-

1937 3022 2226 3093 cundum,
2241 3021 2348 3078 sed
2368 3022 2697 3096 permultos
2717 3021 2968 3080 sudores
2986 3022 3374 3095 taboresque,
3397 3036 3468 3076 ac
3490 3036 3591 3093 pe-

1936 3112 2124 3170 ricula
2140 3117 2265 3169 tota
2288 3116 2443 3169 terra
2467 3113 2741 3186 marique
2764 3110 3113 3167 subeunda:
3137 3110 3461 3184 praemium
3488 3124 3594 3163 au-

1936 3204 2055 3257 tem
2077 3202 2294 3261 horum
2305 3201 2649 3267 esse,deum
2663 3198 3150 3274 ﬁeri(utquidem
3164 3197 3259 3254 ille
3276 3195 3587 3272 loquitur);

1935 3289 2198 3364 denique
2240 3291 2398 3348 hanc
2428 3290 2625 3364 ipsam
2667 3288 2979 3347 Herculem
3009 3294 3288 3344 secutum
3322 3303 3481 3343 esse.
3522 3288 3590 3344 Et

1934 3379 2056 3437 fere
2077 3384 2514 3457 quotquotsese
2537 3378 2616 3436 ob
2632 3376 2989 3454 sapientiam
3013 3375 3372 3451 spectabiles
3386 3374 3588 3449 aliquo

1934 3469 2117 3526 modo
2139 3467 2720 3543 praestitere,singuli
2740 3483 2849 3542 pro
2872 3467 3124 3532 viribus,
3146 3472 3249 3523 aut
3264 3466 3464 3521 minus
3486 3469 3593 3523 aut

1936 3557 2222 3631 amplius,
2247 3557 2482 3613 virtutis
2519 3556 2761 3613 laudem
2802 3556 2862 3611 in
2896 3558 3021 3611 suis
3067 3555 3305 3628 scriptis
3333 3554 3587 3626 relique-

1931 3645 2877 3721 runt,quibusobtemperandum
2891 3650 2998 3711 est,
3015 3658 3348 3716 eorumque
3361 3656 3585 3698 sermo-

1933 3753 2039 3794 nes
2056 3736 2194 3809 ipsa
2217 3736 2336 3792 vita
2349 3734 2682 3808 exprimere
2704 3732 3075 3790 conandum.
3100 3734 3248 3788 Nam
3276 3731 3380 3804 qui
3398 3729 3588 3805 philo-

1933 3825 2213 3900 sophiam
2256 3823 2617 3881 verbotenus
2650 3821 2810 3895 apud
2847 3820 2998 3877 alios
3043 3824 3388 3875 manentem
3432 3818 3589 3875 facto

1932 3914 2323 3987 contirmarit,
2347 3913 2501 3988 sapit
2532 3910 2949 3986 solus,reliqui
2982 3909 3144 3966 velut
3184 3909 3418 3965 umbrae
3446 3906 3591 3965 voli-

1932 4009 2076 4063 tant.
2094 4007 2334 4080 llocque
2362 4002 2510 4061 mihi
2523 4002 2753 4059 videtur
2775 4017 2908 4057 esse
2938 3998 3260 4073 ejusmodi,
3292 4001 3587 4071 tanquam

1932 4094 1979 4152 si
2004 4095 2191 4168 pictor
2207 4092 2638 4150 admirandum
2662 4090 3143 4166 quiddam,puta
3171 4086 3436 4144 hominis
3459 4084 3587 4160 pul-

1932 4178 2857 4248 chritudinem,imitatussit:hic
2879 4179 3231 4252 autemipse
3279 4169 3415 4232 talis
3454 4190 3590 4233 vere

1932 4266 2201 4337 exsistat,
2225 4267 2469 4342 qualem
2493 4265 2586 4321 ille
2609 4266 2668 4322 in
2693 4264 2911 4320 tabulis
2934 4262 3245 4337 expressit.
3276 4263 3428 4317 Nam
3461 4277 3590 4317 ma-

1936 4357 2148 4428 gniﬁce
2175 4355 2236 4413 in
2257 4355 2579 4435 propatulo
2602 4354 2875 4411 virtutem
2906 4351 3341 4421 collaudare,et
3369 4351 3589 4407 oratio-

218 4469 322 4517 σον,
394 4454 487 4502 καὶ
548 4453 783 4525 μακροὺς
846 4450 970 4525 ὑπὲρ
1036 4447 1199 4509 αὐτῆς
1270 4443 1551 4499 ἀποτείνειν
1610 4443 1817 4516 λόγους,

1935 4462 2041 4504 nes
2062 4446 2278 4517 longas
2302 4444 2376 4501 de
2398 4460 2468 4501 ea
2490 4443 2734 4514 habere,
2750 4441 3033 4519 privatim
3056 4455 3198 4497 vero
3221 4439 3590 4513 voluptatem

220 4536 327 4613 ἰδίᾳ
377 4536 440 4592 δε
491 4540 555 4591 τό
594 4535 700 4596 ἡδύ
750 4539 850 4611 πρὸ
897 4544 994 4600 τῆς
1047 4536 1403 4612 σωφροσύνης,
1446 4539 1535 4587 καὶ
1582 4537 1641 4588 τὸ
1673 4534 1821 4587 πλέον

219 4631 355 4702 ῖχιιν
385 4632 490 4703 πρό
538 4634 632 4681 τοῦ
684 4624 896 4681 δικαίου
933 4632 1111 4700 τιμᾷν,
1146 4624 1362 4678 ἐοικέναι
1393 4629 1547 4703 φαίην
1578 4623 1638 4676 ἂν
1666 4625 1824 4696 ἔγωγε

216 4727 314 4782 τοῖς
367 4720 456 4774 ἐπὶ
517 4727 712 4780 σκηνῆς
768 4720 1189 4795 ὑποκρινομένοις
1216 4717 1280 4769 τὰ
1334 4711 1617 4791 δράματαο
1665 4700 1722 4767 οῖ’
1756 4715 1824 4775 ὡς

220 4809 458 4884 βασιλεῖς
513 4812 607 4862 καὶ
656 4804 916 4862 δυνάσται
978 4806 1227 4870 πολλάκις
1292 4805 1641 4881 εἰσέρχονται,
1709 4806 1826 4857 οὔτε

282 4948 401 5017 (46)
434 4948 504 5002 Et
531 4944 882 5017 Plutarchus
901 4959 1148 5017 quoque
1169 4942 1228 5017 in
1252 4942 1493 5017 Solonis
1519 4942 1743 5017 Vila,_c.
1766 4944 1822 5011 3,

220 5014 324 5074 hos
354 5014 574 5073 versus
595 5015 805 5072 tribuit
834 5014 1066 5072 Sol‘onif
1087 5014 1195 5071 sed
1218 5019 1417 5070 tamen
1449 5015 1600 5069 inter
1636 5014 1824 5069 Theo-

219 5089 415 5160 gniitis
446 5088 712 5145 Gnomas
746 5101 923 5160 versu
954 5090 1058 5160 3t_6
1082 5084 1222 5155 legi,
1244 5086 1371 5160 jam
1399 5082 1633 5160 pridem
1657 5088 1823 5160 nota~

220 5153 299 5214 iit
326 5162 608 5216 Ducaaus.
657 5161 773 5215 Nec
800 5158 883 5229 ita
904 5156 1095 5229 multo
1124 5153 1351 5229 postia
1392 5153 1765 5229 Colb._tertio
1790 5170 1823 5212 e

218 5231 460 5300 regione
502 5230 672 5303 vocis
718 5225 939 5303 ἔμπεδον
984 5225 1203 5303 legitur
1252 5226 1483 5303 βέβαιον.
1511 5226 1819 5303 _L_i_b_r_ariu_s

220 5297 420 5357 autem
453 5318 598 5358 cum
628 5297 790 5357 hanc
816 5314 1028 5356 vocem
1058 5299 1119 5358 in
1148 5297 1422 5368 margine
1453 5297 1705 5364 addidit,
1732 5298 1819 5353 ni-

219 5372 297 5428 hil
326 5373 495 5446 διιὶυᾲ
537 5371 652 5446 sibi
674 5371 1068 5446 proposuisse
1098 5370 1353 5446 videtur,
1376 5369 1491 5426 nisi
1523 5376 1587 5426 ut
1615 5384 1819 5425 mone-

222 5450 305 5500 ret
335 5442 559 5517 ἔμπεδον
586 5440 751 5517 idem
789 5440 984 5517 valere
1014 5441 1181 5515 quod
1213 5440 1442 5517 pisum.

287 5514 405 5583 (L7)
427 5517 521 5573 Sio
546 5514 715 5573 Colb.
735 5514 1049 5570 secundus
1068 5514 1347 5570 ettertius
1375 5528 1513 5569 cum
1546 5515 1682 5583 Reg.
1709 5516 1820 5570 ter-

226 5585 322 5647 tio.
350 5589 472 5651 Vox
501 5585 766 5665 Πρόδικος
783 5586 955 5645 deest
978 5585 1042 5644 in
1065 5584 1343 5660 vulgatis.
1372 5588 1545 5644 Natat
1568 5599 1816 5659 quoque

1936 4537 2348 4611 temperantiae
2377 4533 2676 4609 praeferre,
2710 4538 2766 4589 et
2803 4538 3105 4607 quaestum
3149 4532 3393 4604 justitiae
3423 4534 3589 4587 ante-

1935 4643 2182 4702 ponere,
2214 4624 2327 4682 hoc
2350 4641 2462 4697 ego
2484 4624 2735 4683 dixerim
2761 4622 2952 4680 simile
2975 4638 3106 4679 esse
3132 4621 3439 4678 actoribus
3463 4637 3590 4677 sce-

1934 4718 2084 4776 nicis
2104 4732 2395 4792 personas
2410 4714 2718 4790 quasdam
2732 4711 3192 4783 sustinentibus,
3207 4711 3311 4783 qui
3329 4710 3589 4786 plerum-

1933 4825 2052 4884 que
2094 4806 2257 4865 velut
2302 4823 2473 4879 reges
2524 4810 2581 4863 et
2621 4804 2899 4879 dynastis
2928 4802 3412 4872 introducuntur,
3448 4814 3587 4854 cum

1935 4934 2355 5003 Combeﬁsius,
2377 4929 2980 5005 nomenrnpéri‘ezogin
3003 4925 3284 5005 suo_cod.
3318 4926 3458 5005 llas.
3495 4937 3584 4977 re-

1932 5007 2110 5082 periri
2135 5024 2148 5062 :
2173 5006 2279 5082 sed
2310 4993 2449 5061 cum
2476 5004 2624 5060 mihi
2648 4993 2968 5082 verisimile
2996 4999 3102 5080 tiat
3126 4997 3288 5051 hunc
3313 4993 3584 5050 codicem

1933 5070 2123 5151 unum
2165 5077 2428 5151 aliquem
2478 5091 2509 5130 e
2548 5073 2770 5130 nostris
2818 5086 2967 5139 esse,
3001 5070 3208 5141 ipsum
3263 5078 3585 5121 numerare

1930 5150 2122 5207 nolui.
2158 5150 2306 5215 Lege
2340 5151 2643 5215 Ducmum.

2003 5224 2118 5285 148)
2160 5211 2322 5275 Uni]!
2352 5219 2518 5276 Colb.
2545 5213 2613 5274 δὴ
2646 5211 2879 5287 οὖνλκαὶε
3159 5282 3171 5287 _
3190 5282 3250 5287 Μ
3396 5276 3406 5287 ,

1995 5275 2112 5365 (itii
2151 5275 3007 5365 VersusestHomer_i_’o§we.
3039 5287 3101 5350 Κ,
3148 5282 3274 5343 495,
3302 5276 3411 5350 qui
3442 5275 3585 5334 scri-

1928 5354 2069 5437 ptus
2098 5369 2189 5419 est
2213 5361 2290 5437 de
2328 5361 2548 5437 Tiresia
2568 5362 2704 5437 vate
2728 5354 3081 5437 Thelm_uo.__
3192 5422 3201 5432 .

2000 5438 2110 5507 (50)
2151 5433 2316 5488 Colb.
2348 5430 2552 5488 tertius
2583 5427 2735 5493 αὐτός
2782 5445 2862 5492 τις
2900 5428 3000 5489 εἰη.
3032 5425 3163 5481 Mox
3190 5421 3351 5483 idem
3391 5420 3584 5479 codex

1928 5506 2149 5564 ἐπαινεῖν
2178 5510 2294 5566 τήνο
