4100 6196
501 300 603 354 375

1849 288 1912 346 S.
1955 283 2211 343 BASlLll
2265 284 2506 341 MAGNI.
2572 302 2576 306 ‘

3758 279 3871 337 5'76

498 434 695 494 neque
723 432 897 489 reges
924 416 1062 485 sint,
1093 430 1294 490 neque
1311 415 1610 490 dynastas,
1633 418 1693 472 et
1729 413 1880 471 forte
1899 412 2152 471 omnino

2271 411 2503 486 βασιλεῖς
2544 414 2701 479 ὅντες,
2752 413 2869 463 οὔτε
2916 405 3196 471 δυνάσται,
3237 401 3362 459 ούδὶ
3406 405 3496 479 μὶν
3526 423 3635 472 ουν,
3675 407 3869 477 τυχόν,

499 525 575 567 ne
590 508 758 566 liberi
781 505 1150 582 quidem.Ad
1169 505 1299 562 haec
1328 505 1600 562 musicus
1625 520 1748 561 non
1767 503 1988 560 lubens
2012 501 2158 560 tole-

498 596 643 656 rarit
672 596 788 654 sibi
823 612 953 652 esse
982 594 1299 654 dissonam
1329 595 1529 667 lyram
1562 612 1576 650 :
1604 608 1803 666 neque
1832 590 2155 665 praefectus

501 685 669 742 chori
696 684 950 741 chorum
981 682 1096 739 sibi
1116 687 1341 749 astare,
1372 682 1479 756 qui
1507 698 1697 756 quam
1724 680 1986 738 maxime
2012 694 2157 736 con-

502 774 722 832 cinnus
750 789 877 831 non
907 773 1000 831 sit.
1019 778 1065 829 A
1095 789 1158 830 se
1183 773 1364 842 igitur
1387 772 1646 847 quisque
1676 769 2154 843 dissidebitipse,

500 879 615 920 nec
630 864 812 920 vitam
831 879 972 920 cum
987 861 1187 919 verbis
1208 861 1681 919 consentientem
1697 858 2034 917 exhibebit:
2050 856 2158 915 sed

501 951 710 1023 lingua
734 952 984 1026 quidem
1005 950 1253 1023 juravit,
1285 966 1458 1008 mens
1487 966 1632 1008 vero
1656 950 1923 1020 injurata
1947 951 2054 1015 est,
2072 946 2158 1003 di-

503 1045 596 1098 cet
623 1057 696 1097 ex
719 1040 1027 1114 Euripide;
1061 1046 1118 1096 et
1141 1039 1332 1096 videri
1360 1039 1561 1112 potuis
1589 1038 1790 1095 bonus
1817 1052 2003 1110 quam
2024 1050 2157 1093 esse

504 1129 787 1188 studebit.
806 1128 984 1202 Atqui
1001 1129 1098 1186 hic
1118 1132 1209 1184 est
1232 1133 1537 1184 extremus
1554 1126 1818 1199 injustiae
1841 1124 2157 1192 terminus,

505 1218 558 1275 si
583 1236 706 1292 qua
729 1218 881 1274 ﬁdes
901 1216 1131 1273 Platoni
1145 1215 1432 1273 habenda
1459 1222 1568 1285 est,
1590 1215 1945 1290 quempiam
1970 1213 2159 1271 videri

501 1304 758 1380 justum,
791 1306 897 1379 qui
936 1321 1061 1361 non
1101 1304 1194 1361 sit.
1237 1305 1557 1362 Sermones
1605 1304 1787 1375 igitur
1810 1303 1918 1377 qui
1953 1319 2157 1361 rerum

502 1396 897 1453 honestarum
928 1393 1414 1467 complectuntur
1446 1397 1772 1468 praecepta,
1802 1394 1886 1450 sic
1907 1391 2157 1467 recipia-

503 1500 665 1541 mus.
691 1486 757 1540 Et
781 1482 1073 1558 quoniam
1101 1482 1280 1540 bona:
1310 1500 1555 1557 quoque
1589 1483 1929 1557 priscorum
1964 1481 2158 1540 homi-

503 1588 653 1630 num
703 1572 971 1629 actiones
1003 1577 1107 1629 aut
1146 1573 1452 1629 memoriae
1486 1572 1870 1629 successione
1915 1571 1994 1628 ad
2044 1586 2157 1627 nos

462 1684 471 1693 ι
504 1677 699 1734 usque
737 1666 1195 1730 conservantur,
1223 1666 1327 1720 aut
1350 1660 1412 1718 in
1442 1667 1761 1736 poetarum
1790 1666 1896 1718 aut
1919 1659 2155 1717 histori-

504 1766 716 1807 corum
746 1749 1154 1808 monumentis
1180 1751 1619 1818 custodiuntur,
1648 1766 1724 1807 ne
1772 1749 1997 1807 utilitas
2026 1747 2155 1822 qui-
2187 1768 2226 1823 Β

506 1838 671 1911 dem,
701 1855 841 1913 quas
869 1839 1010 1895 hinc
1058 1838 1230 1896 nasci
1274 1844 1491 1914 potest,
1537 1838 1690 1896 desit
1735 1838 1935 1896 nobis.
1977 1836 2158 1895 Verbi

506 1929 722 2000 gratia,
773 1927 960 1985 homo
1003 1928 1256 2002 quidam
1303 1928 1820 1986 circumforaneus
1877 1926 2159 1985 conviciis

506 2017 792 2076 Periclem
814 2018 1402 2085 consectabatur,hic
1424 2023 1629 2076 autem
1642 2033 1765 2076 non
1786 2016 2156 2079 attendebat.

506 2111 564 2164 et
588 2106 684 2164 die
705 2112 831 2165 tota
860 2107 1116 2181 perstitit
1145 2112 1415 2182 uterque,
1446 2107 1543 2164 ille
1569 2106 1818 2181 quidem
1848 2105 2162 2180 permultis

507 2196 747 2270 probris
776 2196 1110 2265 incessens,
1162 2196 1261 2253 hic
1304 2211 1446 2252 vero
1490 2212 1883 2270 nequaquam
1914 2211 2158 2252 curans.

507 2286 733 2343 Deinde
762 2302 1009 2358 vespere
1026 2287 1156 2357 jam
1178 2286 1356 2352 facto,
1377 2285 1766 2358 tenebrisque
1796 2285 2045 2353 obortis,
2063 2284 2165 2342 vix

506 2373 916 2431 discedentem
950 2373 1200 2430 Pericles
1224 2373 1417 2430 facem
1447 2373 1773 2447 praeferens
1799 2372 2066 2443 deduxit,
2088 2388 2164 2429 ne

436 2470 439 2477 ‘
509 2462 624 2519 sibi
653 2461 878 2518 inutilis
925 2462 1079 2519 foret
1102 2462 1451 2518 exercitatio
1483 2461 1904 2535 philosophias.
1936 2463 2164 2518 Rursus

509 2550 763 2624 quidam
787 2551 1011 2607 Euclidi
1038 2551 1366 2624 Megarensi
1385 2552 1595 2621 iratus,
1619 2555 1876 2607 mortem
1905 2550 1957 2607 ei
1990 2550 2162 2623 179

508 2639 821 2698 minitatus
860 2644 966 2707 est,
1000 2657 1071 2697 ac
1095 2640 1359 2712 juravit:
1396 2640 1491 2696 hic
1531 2656 1773 2696 rursum
1800 2638 2164 2711 juravitfac-
2204 2672 2207 2675 -

510 2732 710 2785 turum
763 2746 825 2785 se
870 2733 935 2786 ut
983 2728 1097 2785 sibi
1145 2729 1239 2785 ille
1269 2729 1615 2801 placaretur
1643 2745 1715 2786 ac
1758 2727 2008 2785 infestus
2033 2743 2165 2784 esse

507 2816 827 2873 desineret.
857 2819 1051 2883 Quam
1102 2817 1244 2873 utile
1290 2817 1465 2873 fuerit
1494 2818 1703 2874 talium
1742 2816 2163 2891 exemplorum

507 2905 739 2977 aliquid
768 2906 829 2961 in
860 2907 1219 2963 memoriam
1251 2908 1471 2977 venire,
1505 2924 1644 2964 cum
1691 2907 1782 2963 vir
1807 2907 1935 2978 jam
1967 2906 2045 2964 ab
2075 2908 2166 2965 ira

508 2993 809 3051 detinetur
835 2996 847 3050 ι
880 2998 1028 3052 Nam
1063 2995 1435 3052 credendum
1474 3011 1598 3052 non
1629 3001 1719 3053 est
1751 2995 2056 3069 tragoediae
2086 3000 2166 3053 te-

509 3098 671 3139 mere
702 3083 925 3140 dicenti
954 3101 968 3140 :
1001 3084 1074 3141 In
1128 3085 1320 3141 hostes
1370 3087 1467 3141 ira
1496 3092 1698 3142 armat
1728 3100 1977 3142 manum
2005 3100 2029 3143 .·
2058 3084 2165 3141 sed

507 3172 691 3243 longe
725 3173 915 3229 satius
945 3190 1019 3230 ne
1046 3174 1224 3231 irasci
1253 3173 1501 3248 quidem
1531 3174 1802 3231 omnino.
1833 3174 2007 3242 Quod
2032 3174 2081 3231 si
2102 3174 2165 3231 id

507 3262 682 3321 facile
701 3261 863 3319 factu
882 3279 1003 3319 non
1021 3268 1131 3333 est,
1144 3265 1439 3321 rationem
1460 3269 1619 3321 certe
1630 3264 1794 3321 velut
1808 3264 2046 3320 frenum
2063 3264 2165 3321 irae

508 3351 883 3423 objicientes,
908 3352 1102 3408 efferri
1131 3369 1267 3409 eam
1300 3353 1546 3409 ulterius
1578 3370 1652 3409 ne
1682 3352 2121 3426 permittamus.

580 3442 633 3495 5.
659 3439 774 3496 Sed
789 3457 998 3497 rursus
1017 3442 1353 3498 orationem
1374 3442 1738 3499 reducamus
1757 3442 1835 3498 ad
1857 3442 2164 3498 actionum

504 3526 810 3584 bonarum
824 3529 1120 3603 exempla.
1133 3530 1763 3604 Percutiebatquidam
1776 3530 2166 3603 Sophronisci

505 3611 701 3671 ﬁlium
734 3617 1037 3673 Socratem
1066 3616 1127 3673 in
1149 3617 1350 3690 ipsam
1376 3616 1790 3683 faciem,facto
1810 3616 2033 3690 saepius
2052 3617 2164 3673 im-

506 3708 678 3777 petu:
699 3703 795 3761 hic
817 3709 1018 3762 autem
1031 3706 1685 3780 nihilrepugnavit,sed
1708 3705 2166 3763 sivitebriosum

505 3794 677 3852 illum
697 3794 852 3853 iram
874 3813 1050 3854 suam
1073 3798 1484 3865 exsatiare,sic
1508 3804 1574 3853 ut
1599 3799 2020 3854 intumesceret
2035 3798 2165 3869 jam

506 3885 638 3956 ejus
662 3885 863 3943 vultus
883 3902 1006 3961 pra;
1040 3886 1258 3960 plagis,
1280 3893 1558 3960 essetque
1580 3886 1881 3943 saniosus.
1913 3886 2028 3943 Ubi
2056 3902 2165 3944 au-

507 3979 626 4031 tem
656 3974 754 4031 ille
776 3992 811 4032 a
832 3975 1186 4032 verberibus
1211 3975 1559 4045 destitisset,
1605 3977 1881 4033 Socrates
1911 3975 2163 4049 quidem

505 4061 655 4119 nihil
680 4062 847 4120 aliud
892 4062 1102 4120 fecisse
1132 4064 1368 4135 dicitur,
1400 4081 1591 4138 quam
1628 4064 1808 4121 fronti
1835 4080 1958 4120 suae
1989 4063 2164 4137 quasi

506 4155 717 4209 statuae
737 4152 1113 4228 inscripsisse
1130 4160 1464 4224 auctorem,
1491 4155 1572 4211 Ta
1583 4155 1652 4210 lis
1661 4154 1953 4225 ludebat,
1978 4168 2162 4227 seque

505 4239 622 4296 hoc
641 4241 827 4298 modo
843 4242 1351 4299 vindicasse.Haec
1372 4242 1492 4298 fere
1515 4259 1655 4299 cum
1673 4241 1924 4300 tendant
1945 4242 2161 4298 eodem

505 4344 577 4386 ac
614 4336 840 4400 nostra,
867 4349 1067 4406 operae
1093 4333 1354 4406 pretium
1375 4348 1507 4389 esse
1525 4348 1744 4390 censeo
1775 4332 1936 4389 viros
1958 4335 2160 4389 tantos

505 4417 683 4473 nobis
709 4435 839 4476 esse
869 4421 1219 4478 imitandos.
1251 4421 1402 4478 Illud
1428 4422 1592 4479 enim
1636 4422 1894 4480 Socratis
1920 4437 2158 4493 germa-

505 4522 652 4563 num
687 4512 775 4563 est
810 4515 1110 4582 praecepto
1130 4511 1234 4578 illi,
1260 4503 1579 4569 maxillam
1612 4510 1868 4568 credenti
1889 4511 2158 4585 praebere

505 4599 781 4667 oportere
808 4602 865 4652 et
892 4596 1142 4654 alteram
1156 4600 1201 4670 °,
1222 4600 1452 4655 nedum
1472 4600 1759 4656 ulciscam
1771 4615 1839 4655 ur
1859 4615 1992 4655 nos.
2010 4596 2161 4654 Peri-

505 4681 614 4740 clis
645 4687 847 4741 autem
877 4684 1128 4750 factum,
1173 4691 1277 4743 aut
1326 4687 1612 4759 Euclidis,
1644 4693 1732 4744 est
1762 4687 1904 4743 huic
1942 4685 2155 4755 simile,

504 4770 674 4846 quod
726 4778 1158 4846 persequentes
1203 4775 1519 4847 sustinere,
1573 4780 1631 4832 et
1677 4776 1949 4850 ipsorum
2002 4774 2160 4833 iram

577 4937 601 4972 ⁸
648 4935 847 4993 Matth.
875 4952 935 5005 v,
958 4938 1046 4993 39.

577 5082 696 5165 (51)
716 5084 1000 5165 Ducteus,‘
1013 5086 1086 5164 ἰιι
1112 5081 1285 5165 solet,
1307 5082 1472 5165 hunc
1494 5082 1855 5165 locum,_£51)t’_
1871 5087 1899 5143 ἡ
1932 5083 2156 5158 γλῶττα,

505 5157 643 5229 etc..
671 5154 881 5229 inhsuis
902 5154 1059 5229 notis
1087 5154 1263 5229 docte
1293 5160 1350 5211 et
1378 5155 1673 5229 exquisite
1699 5154 1977 5213 illustrat.

579 5227 688 5301 (3‘32)
709 5224 876 5301 Colb.
911 5225 1116 5282 tertius
1148 5222 1457 5301 διήρκεσαν,
1475 5222 1899 5301 'perstiterunt.
1933 5227 2083 5301 Editi
2104 5230 2162 5284 et

507 5294 610 5350 alii
641 5294 787 5375 mss.
811 5294 847 5349 δ
852 5301 1079 5372 ιήρκεσε.
1113 5294 1361 5375 Siléges
1395 5294 1665 5375 διήρκεσε,
1690 5300 2040 5375 supplenda
2069 5302 2161 5355 est

507 5379 626 5418 vox
653 5369 917 5443 ῥκάτιροςέ
945 5372 1226 5443 ρενειίιίιλ
1257 5369 1509 5443 uterque
1560 5369 1833 5428 Subinde
1865 5370 2029 5428 Colb.
2071 5386 2160 5426 se-

509 5434 748 5514 cundus
774 5434 971 5514 ῥιζίωὰ
994 5456 1184 5497 manu
1205 5434 1431 5514 ἀφειδῶς
1455 5441 1693 5514 ἐλαύνων.

578 5506 694 5585 (till)
757 5506 924 5585 Colb.
954 5506 1467 5585 _tertius_'r.-imr,a‘w
1523 5512 1842 5585 ﬁgi-1.026;».
1906 5517 2022 5571 Nec
2078 5513 2162 5570 ita

506 5575 699 5633 multo
729 5583 867 5651 post
910 5579 1072 5637 idem
1110 5582 1301 5640 codex
1332 5575 1506 5664 ὥσπερ
1538 5575 1586 5641 ἐν
1612 5582 1904 5664 ἀνδριάντι.
1949 5589 2161 5644 Notam

2267 501 2520 577 ὓιεύθεροι
2575 504 2634 555 τό
2678 502 2944 576 παράπαν·
2996 495 3125 552 Εἶτα
3187 496 3443 569 μουσικός
3492 497 3582 568 μὲν
3658 492 3753 547 ούκ
3806 493 3875 546 δα

2267 591 2393 645 ἑκὼν
2425 588 2632 656 δέξαιτο
2679 589 3003 666 ἀνάρμοστον
3041 587 3183 659 αύτῷ
3229 590 3326 643 τὴν
3367 583 3527 659 λύραν
3566 583 3729 637 εἶναι·
3779 587 3877 640 καὶ

2266 688 2435 757 χοροῦ
2489 687 2789 755 κορυφαῖος,
2854 683 2923 752 μὴ
2990 679 3070 730 ὅτι
3131 675 3366 750 μάλιστα
3432 670 3730 746 συνᾴδοντα
3780 676 3876 726 τόν

2264 773 2428 846 χορὸν
2459 773 2618 843 ἔχειν.
2652 770 2815 831 Λύτός
2864 765 2923 823 δὲ
2951 787 3033 830 τις
3069 767 3287 827 ἕκαστος
3330 761 3365 817 δ
3370 764 3710 817 ιαστασιάσει
3737 763 3876 837 πρὸς

2268 860 2472 930 ἐαυτὸν,
2520 864 2611 912 καὶ
2661 859 2792 931 οὐχὶ
2840 864 2950 921 τοῖς
3004 856 3177 928 λόγοις
3225 852 3577 928 ὁμολογοῦντα
3629 854 3717 906 τόν
3750 849 3873 925 βίον

2265 950 2543 1025 παρέξεται
2570 970 2584 983 ·
2620 947 2726 1002 ἀλλ’
2774 951 2803 1007 ἡ
2854 946 3063 1020 γλῶττα
3102 942 3213 1016 (51)
3259 946 3348 1017 μεν
3409 943 3699 1016 ὀμώμοκεν,
3742 943 3773 1000 ἠ
3808 937 3875 995 δι

2268 1044 2400 1116 φρὴν
2447 1038 2728 1113 ἀνώμοτος,
2787 1037 2902 1092 κατ’
2953 1032 3250 1111 Εὐριπίδην
3300 1032 3439 1110 ἐρεῖ·
3476 1035 3661 1086 καὶτὸ
3694 1028 3873 1085 δόκείν

2270 1128 2466 1203 ἀγαθός
2510 1132 2610 1204 πρό
2656 1135 2748 1182 τοῦ
2803 1123 2931 1181 εἶναι
2977 1122 3242 1189 διώξεται.
3287 1122 3420 1177 Ἀλλ’
3478 1123 3623 1184 οὗτός
3670 1121 3812 1175 ἐστιν
3846 1121 3875 1176 ὁ

2267 1222 2496 1291 ἔσχατος
2541 1225 2638 1279 τῆς
2687 1213 2898 1277 ἀδικίας
2927 1217 3061 1291 ὅρος,
3092 1218 3138 1269 εἰ
3177 1233 3229 1266 τι
3275 1210 3356 1267 δεῖ
3411 1212 3647 1267 Πλάτωνι
3689 1213 3857 1265 πείθεο

2268 1310 2413 1364 σθαι.
2438 1311 2495 1360 τό
2542 1303 2714 1360 δοκεῖν
2763 1302 2969 1359 δίκαιον
3000 1301 3150 1373 εἶναι,
3182 1308 3253 1378 μὴ
3299 1307 3440 1357 ὄντα·
3487 1305 3619 1366 Τοὺς
3656 1305 3744 1376 μέν
3775 1296 3869 1353 οὖν

2266 1405 2365 1451 τῶν
2419 1396 2602 1469 λόγων,
2652 1395 2701 1448 οἱ
2770 1398 2866 1457 τὰς
2924 1403 3024 1449 τῶν
3089 1393 3255 1447 καλῶν
3300 1395 3521 1465 ἔχουσιν
3573 1392 3872 1461 ὑποθήκας,

2267 1487 2429 1550 οὕτως
2471 1482 2877 1558 ἀποδεχώμεθα.
2932 1480 3149 1542 Ἐπειδή
3202 1479 3261 1537 δι
3308 1471 3398 1535 καὶ
3443 1481 3656 1557 πράξεις
3704 1499 3873 1533 σπου-

2269 1573 2420 1630 δαῖαι
2466 1584 2565 1628 τῶν
2612 1573 2844 1629 παλαιῶν
2885 1569 3087 1647 ἀνδρῶν
3126 1573 3155 1631 ἡ
3186 1576 3393 1645 μνήμης
3431 1569 3713 1641 ἀκολουθίᾳ
3740 1571 3879 1643 πρὸς

2268 1668 2407 1739 ἡμᾶς
2482 1660 2858 1731 διασώζονται,
2909 1663 2938 1722 ἣ
2998 1669 3227 1721 ποιητῶν
3291 1664 3322 1719 ἦ
3394 1662 3733 1734 συγγραφέων
3779 1678 3882 1730 φυ-

2268 1756 2577 1829 λαττόμεναι
2625 1754 2816 1827 λόγοις,
2867 1750 3006 1826 μηδὲ
3049 1762 3147 1814 τῆς
3184 1751 3408 1805 ἐντεῦθεν
3457 1749 3700 1823 ὠφελείας
3746 1747 3877 1802 ἀπο-

2268 1846 2581 1919 λειπώμεθα.
2639 1846 2781 1910 Οἶον,
2842 1839 3094 1917 ἐλοιδόρει
3172 1845 3260 1895 τόν
3336 1838 3588 1914 Περικλέα
3650 1846 3751 1891 τῶν
3819 1834 3878 1902 ἐξ

2272 1934 2472 2011 ἀγορᾶς
2525 1954 2608 1998 τις
2664 1931 2980 2009 ἀνθρώπων
3035 1934 3061 1984 ό
3118 1928 3178 1985 δὲ
3235 1931 3295 1983 ού
3332 1936 3597 2007 πρσεῖχε·
3653 1933 3744 1981 καὶ
3800 1926 3879 1989 εἰς

2269 2031 2444 2078 πᾶσαν
2503 2020 2752 2097 διήρκεσε
2813 2022 2928 2093 (52)
2982 2026 3076 2080 τήν
3122 2021 3318 2095 ἡμέραν
3392 2020 3419 2072 ὁ
3489 2020 3579 2091 μεν
3643 2013 3880 2091 ἀφειδῶς

2270 2113 2471 2167 πλύνων
2524 2112 2679 2165 αὑτὸν
2726 2117 2834 2172 τοῖς
2882 2106 3156 2179 ὀνείδεσιν,
3184 2108 3210 2160 ὁ
3259 2104 3319 2161 δὲ
3372 2106 3432 2161 ού
3486 2105 3647 2181 μέλων
3703 2104 3875 2177 αύτῷ.

2273 2200 2399 2258 Εἶτα
2428 2197 2755 2276 ἐσπέραςξῆδ
2759 2220 2787 2258 1;
2838 2205 2927 2254 καὶ
2968 2202 3183 2259 σκότους
3238 2196 3680 2268 ἀπαλλαττόμενον
3724 2193 3879 2268 μόλις

2272 2292 2374 2346 όύπ
2404 2296 2535 2365 φωτὶ
2584 2288 2890 2365 παρέπεμψε
2932 2287 3206 2363 Περικλῆς,
3262 2288 3400 2348 ὅπως
3447 2284 3588 2355 αύτῷ
3636 2288 3707 2357 μὴ
3755 2278 3877 2337 δια-

2275 2383 2491 2457 φθαρείη
2542 2384 2600 2432 τό
2640 2382 2771 2453 πρός
2828 2376 3134 2451 φιλοσοφίαν
3202 2376 3518 2449 γυμνάσιον.
3575 2372 3737 2426 Πάλιν
3789 2390 3876 2436 τις

2272 2465 2526 2543 Εύκλείδῃ
2592 2476 2663 2539 τῷ
2711 2469 3005 2543 Μεγαρόθεν
3074 2464 3408 2539 παροξυνθεὶς
3458 2464 3674 2516 θάνατον
3729 2462 3879 2519 ἐπεί-

2272 2558 2421 2626 λησε,
2479 2562 2568 2609 καὶ
2607 2555 2914 2630 ἐπώμοσεν·
2958 2557 2985 2609 ό
3036 2551 3095 2608 δὲ
3157 2552 3451 2627 ἀντώμοσεν
3594 2555 3698 2624 μὴν
3758 2547 3877 2602 ἱλεώ

2275 2649 2472 2702 σασθαι
2501 2646 2678 2713 αὐτόν,
2719 2650 2809 2699 καὶ
2847 2647 3067 2699 παύσειν
3095 2643 3340 2717 χαλεπῶς
3359 2646 3489 2718 πρὸς
3530 2640 3685 2695 αύτόν
3717 2643 3879 2713 ἔχον-

2272 2758 2360 2793 τα.
2418 2740 2591 2789 Πόσου
2652 2735 2795 2800 ἄξιον
2856 2743 2956 2788 τῶν
3021 2736 3269 2787 τοιούτων
3316 2752 3369 2786 τι
3422 2726 3875 2807 παραδειγμάτων

2274 2825 2516 2881 εἰσελθεῖν
2562 2829 2656 2884 τὴν
2706 2830 2937 2897 μνήμην,
2997 2819 3187 2898 ἀνδρὸς
3229 2824 3330 2874 ύπό
3387 2819 3542 2895 ὀργῆς
3588 2815 3695 2877 ἤδη
3752 2835 3883 2871 κατ-

2275 2913 2565 2988 εχομένουέ
2624 2920 2697 2986 Τῇ
2751 2909 3029 2988 τραγῳδίᾳ
3070 2913 3170 2984 γὰρ
3218 2910 3278 2963 ού
3338 2911 3641 2963 πιστευτέον
3703 2904 3880 2968 ἁπλῶς

2271 3011 2490 3084 λεγούσῃ
2520 3030 2533 3045 ο
2593 3010 2704 3063 Ἐπ’
2753 3008 2977 3084 ἐχθρούς
3033 3010 3195 3081 θυμός
3242 3006 3444 3068 ὁπλίζει
3489 3014 3687 3079 χεῖρα’
3746 3000 3882 3056 ἀλλά

2196 3121 2235 3176 c
2273 3100 2507 3175 μάλιστα
2545 3104 2647 3172 μὴν
2685 3095 2824 3171 μηδὲ
2855 3094 2890 3151 δ
2896 3099 3234 3151 ιανίστασθαι
3263 3099 3393 3171 πρὸς
3420 3097 3582 3168 θυμὸν
3610 3096 3670 3148 τό
3709 3093 3882 3165 παρά·

2272 3211 2411 3244 πανο
2480 3188 2523 3242 εἰ
2582 3184 2641 3241 δι
2695 3192 2766 3259 μὴ
2820 3183 3010 3261 ῥᾴδιον
3075 3193 3249 3253 τοῦτο,
3292 3183 3399 3236 ἀλλ’
3445 3185 3619 3257 ὥσπερ
3658 3180 3881 3253 χαλινόν

2274 3279 2415 3351 αύτῷ
2469 3281 2558 3331 τόν
2601 3276 2855 3349 λογισμόν
2898 3274 3265 3348 ἐμϐάλλοντας,
3316 3278 3387 3347 μὴ
3435 3271 3520 3344 ia»
3570 3270 3881 3346 ἐκφέρεσθαι

2273 3372 2576 3442 περαιτέρω.

2345 3462 2396 3512 5'
2442 3455 2873 3528 Ἐπαναγάγωμεν
2924 3450 2985 3507 δε
3023 3456 3111 3507 τόν
3157 3452 3310 3525 λόγον
3342 3447 3487 3511 αὖθις
3516 3449 3643 3523 πρόδ
3671 3448 3739 3502 τά
3775 3459 3879 3504 τῶν

2277 3543 2579 3599 σπουδαίων
2630 3543 2862 3620 πράξεων
2910 3539 3336 3615 παραδείγματα.
3391 3540 3617 3594 Ἐτυπτέ
3666 3559 3748 3602 τις
3782 3543 3878 3594 τὸν

2274 3641 2634 3712 Σωφρονίσκου
2684 3636 2960 3708 Σωκράτην
3033 3632 3107 3695 εἰς
3164 3632 3292 3685 αύτό
3346 3634 3405 3683 τό
3462 3630 3741 3704 πρόσωπον
3789 3628 3883 3703 ἐμ.-

2272 3709 2442 3771 πεσών
2475 3712 2700 3789 ἀφειδῶς
2724 3736 2736 3748 ·
2770 3716 2796 3767 ὁ
2836 3711 2896 3767 δε
2941 3713 3037 3766 ούκ
3093 3711 3332 3787 ἀντῆρεν,
3379 3709 3507 3763 ἀλλά
3560 3717 3787 3784 παρεῖχε
3805 3718 3882 3781 τῷ

2272 3812 2605 3881 παροινοῦντι
2654 3811 2746 3863 τῆς
2816 3802 2974 3876 ὀργῆς
3036 3800 3399 3875 ἐμφορεῖσθαι,
3465 3801 3600 3853 ὥστε
3657 3795 3881 3863 ἐξοιδεῖν

2273 3879 2381 3945 ἤδει
2439 3890 2528 3938 καὶ
2572 3882 2795 3937 ὕπουλον
2844 3883 2986 3953 αὐτῷ
3035 3886 3094 3934 τό
3133 3885 3414 3957 πρόσωπον
3456 3880 3556 3932 ύπό
3603 3887 3703 3933 τῶν
3746 3879 3882 3938 πλη-

2270 3983 2375 4047 γῶν
2442 3976 2556 4045 (53)
2608 3970 2761 4029 εἶναι.
2808 3972 2892 4033 Ὠς
2939 3966 2989 4024 δ’
3044 3966 3131 4023 οὖν
3163 3969 3428 4023 ἐπαύσατο
3479 3971 3704 4037 τύπτων,
3754 3967 3882 4022 ἄλλο

2271 4069 2361 4137 μέν
2409 4059 2562 4116 οὐδὲν
2620 4062 2648 4114 ό
2704 4062 2982 4135 Ξωκράτης
3030 4068 3276 4131 ποιῆσαι,
3338 4056 3628 4134 ἐπιγράψαι
3691 4053 3753 4110 δί
3804 4065 3885 4130 τῷ

2271 4159 2493 4227 μετώπῳ
2546 4151 2770 4223 λέγεται,
2828 4149 3005 4224 ὥσπερ
3053 4145 3330 4225 ἀνδριάντι
3380 4150 3468 4200 τόν
3526 4143 3881 4221 δημιουργόν,

2271 4244 2332 4295 Ὀ
2375 4239 2521 4295 δεῖνα
2566 4238 2725 4293 ἐποίει
2748 4257 2761 4269 ⁸
2794 4243 2885 4292 καὶ
2915 4246 3161 4292 τοσοῦτον
3193 4238 3303 4305 (54)
3337 4235 3658 4311 ἀμύνασθαι.
3690 4243 3881 4290 Ταῦτα

2274 4327 2473 4404 σχεδόν
2531 4329 2602 4391 εἰς
2669 4327 2855 4381 ταύτόν
2912 4334 3022 4390 τοῖς
3078 4330 3348 4402 ἡμετέροις
3414 4329 3630 4400 φέροντα
3683 4323 3880 4378 πολλοῦ

2272 4420 2415 4483 ἄξιον
2459 4414 2589 4472 εἶναι
2625 4418 2968 4491 μιμήσασθαι
2997 4420 3120 4478 τοὺς
3156 4415 3498 4477 τηλικούτους
3536 4418 3689 4487 φημί.
3715 4413 3882 4466 Τουτὶ

2271 4512 2361 4583 μὶν
2416 4511 2514 4583 γὰρ
2564 4511 2622 4559 τό
2662 4513 2754 4558 τοῦ
2794 4508 3094 4581 Σωκράτους
3124 4502 3342 4578 ἀδελφόν
3383 4503 3556 4576 ἐκείνῳ
3613 4504 3687 4575 τῷ
3731 4523 3880 4580 παρ-

2270 4597 2580 4671 αγγέλματι,
2621 4598 2701 4648 ὅτι
2748 4605 2821 4666 τῷ
2872 4599 3121 4648 τύπτοντι
3169 4596 3306 4647 κατά
3350 4602 3444 4656 τῆς
3494 4596 3735 4665 σιαγόνος
3783 4597 3879 4646 καὶ

2268 4693 2363 4747 τὴν
2424 4685 2596 4759 ἑτέραν
2663 4688 2912 4758 παρέχειν
2983 4693 3236 4760 προσῆκε,
3286 4685 3541 4736 τοσούτοῦ
3598 4678 3709 4735 δεῖν
3765 4680 3879 4735 ἀπ-

2268 4777 2568 4853 αμύνασθαι
2596 4792 2608 4804 ·
2643 4776 2699 4826 τὸ
2733 4770 2793 4827 δι
2821 4780 2913 4827 τοῦ
2956 4771 3258 4850 Περικλέους
3289 4774 3318 4834 ἦ
3358 4776 3417 4826 τό
3448 4768 3732 4826 Εὐκλείδου
3760 4773 3884 4845 (55)

2268 5086 2566 5161 ιιιιιιιιι-ἱιιΔ
2589 5085 2772 5161 hunc“
2787 5082 3016 5154 locum,
3048 5084 3081 5161 ῤ
3121 5079 3269 5136 δεῖνα
3296 5080 3477 5161 ἐποίει,
3508 5080 3748 5161 addidit
3784 5082 3882 5161 vir

2269 5152 2712 5216 eruditissimus
2744 5152 3018 5226 Ducteus,
3047 5154 3240 5226 legere
3270 5158 3555 5226 poterunt
3592 5152 3840 5211 curiosi.

2339 5231 2455 5301 (54)
2488 5231 2747 5301 Utraque
2785 5225 2971 5283 editio
2997 5231 3056 5283 et
3083 5229 3225 5301 lteg.
3258 5225 3466 5282 tertius
3493 5226 3773 5280 τοσούτου.
3804 5228 3880 5282 At

2268 5298 2590 5358 Colbertini
2615 5298 2741 5355 duo
2767 5304 2827 5355 et
2857 5301 2998 5370 Reg.
3034 5298 3267 5370 primus
3291 5302 3562 5370 τοσοῦτον.

2338 5312 2590 5357 ubertim
2615 5312 2741 5355 duo
2767 5312 2827 5355 et
2857 5312 2998 5423 ne?
3034 5312 3267 5370 primus
3291 5314 3562 5350 τοσουτον.

2338 5374 2453 5451 (5s)
2483 5370 2549 5427 In
2568 5370 2737 5451 Colb.
2750 5368 2960 5451 ‘tertio_
2977 5368 3172 5451 egith
3191 5363 3506 5451 Εὐκλείδουβ
3528 5383 3543 5423 :
3565 5369 3628 5422 at
3652 5369 3711 5422 et
3729 5365 3878 5451 editi

2269 5448 2327 5500 et
2347 5436 2453 5499 alii
2485 5458 2637 5498 mss.
2662 5440 2890 5497 habent
2926 5436 3231 5493 Εὐκλείδου.
3275 5438 3447 5494 Haud
3475 5438 3655 5507 longe
3683 5436 3877 5494 editio

2273 5514 2694 5601 utraque,_lhoc
2722 5516 2833 5601 est,
2864 5511 3042 5598 Paris.
3094 5516 3153 5601 et
3197 5509 3355 5597 Basil
3381 5511 3637 5601 εξχισθαι
3666 5511 3875 5583 τούτοις

2272 5583 2463 5659 ἀγαθά.
2496 5584 2658 5645 Libri
2678 5587 2907 5646 veteres
2930 5583 3185 5654 εὔχεσθαι
3203 5584 3270 5636 τὰ
3297 5583 3493 5652 ἀγαθάς
