4100 6196
559 227 663 281 583

1946 214 2004 270 S.
2045 210 2295 269 BASILII
2332 210 2550 267 MAG-Nl

3811 221 3921 295 58s

561 353 742 421 atque
771 340 1096 410 insaniam,
1119 342 1187 395 ut
1215 335 1405 400 aiunt,
1434 337 1670 395 sedavit
1693 339 1759 395 ¹⁰.
1784 338 2001 394 Ferunt
2028 333 2209 390 etiam

2325 335 2412 384 τόν
2443 332 2670 395 αὐλητὴν
2709 337 2795 389 τόν
2839 342 2929 389 τοῦ
2955 339 3132 410 κώμου
3159 338 3536 412 κατάρχοντα,,
3568 337 3928 411 μεταϐαλόντα

557 436 982 509 Pythagoram,
1008 446 1147 487 cum
1178 429 1238 487 in
1269 433 1705 486 comessatores
1733 427 2097 485 temulentos
2120 424 2213 480 in-

555 523 816 594 cidisset,
832 521 1089 594 jussisse
1117 518 1422 575 tibicinem
1446 516 1869 575 comessationi
1892 514 2213 589 praesiden-

558 618 699 683 tem,
718 616 950 670 mutata
975 609 1324 678 harmonia,
1348 609 1594 667 Doricos
1614 608 1832 666 modos
1853 606 1936 663 eis
1956 620 2169 663 canere
2195 620 2209 659 :

553 701 722 776 ipsos
753 705 956 758 autem
986 697 1069 755 ita
1095 698 1211 755 hoc
1250 701 1430 755 cantu
1459 698 1807 771 resipuisse,
1838 700 1925 762 ut,
1959 692 2211 766 abjectis

557 790 817 860 corollis,
849 788 1082 862 pudore
1113 786 1321 844 sull'usi
1342 786 1595 845 domum
1619 788 2075 843 reverterentur.
2100 780 2213 838 Alii

555 898 699 939 vero
739 896 908 938 more
947 877 1364 951 Corybantum
1401 877 1490 934 ad
1526 877 1737 934 tibiam
1786 874 2099 933 insaniunt
2140 889 2211 930 ac

556 968 1039 1026 debacchantur.
1103 970 1189 1023 lta
1231 966 1348 1023 hoc
1396 964 1616 1033 differt,
1649 966 1812 1022 sanis
1856 969 1961 1021 aut
2009 962 2211 1037 pravis

555 1057 870 1115 cantilenis
896 1073 1073 1115 aures
1105 1054 1384 1128 impleri!
1436 1058 1630 1121 Quare
1678 1070 1836 1126 eam,
1871 1070 2008 1127 quae
2049 1067 2213 1109 nunc

554 1147 739 1219 viget,
764 1146 1067 1204 musicam
1089 1144 1292 1203 minus
1318 1161 1506 1217 quam
1531 1143 1771 1218 quidvis
1790 1142 2213 1216 turpissimum

556 1236 810 1311 experiri
865 1234 1118 1291 debetis.
1152 1234 1342 1290 Pudet
1386 1250 1482 1290 me
1525 1233 1708 1290 etiam
1738 1232 2109 1299 interdicere,
2137 1246 2213 1287 ne

557 1326 795 1383 sufﬁtus
839 1324 1036 1382 omnis
1095 1322 1350 1394 generis,
1380 1323 1486 1395 qui
1543 1321 1790 1380 olfactui
1839 1321 2214 1394 voluptatem

556 1415 831 1484 afferant,
861 1411 1315 1469 admisceantur
1358 1411 1505 1481 aeri,
1529 1416 1586 1469 et
1628 1427 1704 1468 ne
1750 1410 2076 1482 unguentis
2103 1426 2215 1466 vos

552 1502 720 1578 ipsos
751 1501 1054 1558 inliciatis.
1090 1500 1244 1567 Quid
1289 1505 1493 1558 autem
1534 1500 1673 1574 quis
1710 1500 1927 1557 dixerit
1968 1500 2043 1557 de
2090 1514 2215 1556 non

552 1589 975 1666 perquirendis
1019 1594 1213 1647 tactus
1256 1594 1599 1663 gustusque
1642 1588 2055 1663 voluptatibus
2100 1587 2216 1645 nisi

2325 425 2419 480 τὴν
2466 422 2736 497 ἁρμονίαν,
2788 423 3079 485 ἐπαυλῆσαί
3124 446 3275 499 σφισι
3320 429 3379 479 τὸ
3423 434 3647 500 Δώριον
3693 433 3816 490 τούς
3864 426 3926 483 δέ

2324 511 2491 574 οὕτως
2539 511 2896 588 ἀναφρονῆσαι
2943 516 3043 567 ύπό
3091 522 3183 567 τοῦ
3230 514 3430 588 μέλους,
3482 518 3779 584 ὧστε,τούς
3812 536 3927 571 στε-

2324 603 2514 675 φάνους
2556 601 2850 676 ῥίψαντας,
2906 604 3320 678 αἰσχυνομένους
3366 603 3673 662 ἐπανελθεῖν.
3720 611 3928 682 Ἐτεροι

2323 686 2383 743 δὲ
2416 694 2547 764 πρός
2578 691 2733 745 αὐλόν
2777 692 3159 770 κορυϐαντιῶσι
3200 698 3291 747 καὶ
3321 693 3748 768 ἐκϐακχεύονται.
3778 702 3927 749 Τοσ-

2321 785 2472 834 οῦτόν
2521 780 2636 834 ἔστι
2676 785 2735 835 τὸ
2784 779 3035 857 διάφορον
3065 785 3246 857 ὑγιοῦς
3274 785 3303 844 ἢ
3337 786 3620 861 μοχθηρᾶς
3659 782 3930 859 μελῳδίας

2324 868 2724 931 ἀναπλησθῆναι
2750 874 2863 946 (70)
2888 871 2901 927 ι
2933 872 3094 926 Ὠστε
3122 883 3213 934 τῆς
3240 881 3329 926 νῦν
3360 870 3426 933 δη
3460 877 3758 950 κρατούσης
3788 878 3929 928 ταύ-

2322 980 2413 1021 της
2454 962 2612 1020 ἧττον
2649 963 2772 1035 ὑμῖν
2818 963 3087 1035 μεθεκτέον
3140 964 3170 1022 ἣ
3227 964 3528 1017 οὑτινοσοῦν
3579 973 3678 1017 τῶν
3728 965 3928 1037 αἰσχί-

2324 1070 2479 1107 στων.
2513 1051 2739 1125 ’Λτμούς
2774 1070 2835 1124 γε
2880 1056 2983 1126 μὴν
3026 1048 3394 1118 παντοδαπούς
3436 1050 3631 1112 ἡδονὴν
3671 1053 3929 1129 ὀσφρήσει

2324 1144 2569 1215 φέροντας
2614 1149 2687 1212 τῷ
2739 1139 2853 1215 ἀέρι
2901 1144 3322 1215 καταμιγνύναι,
3382 1143 3411 1201 ᾖ
3468 1146 3650 1218 μύροις
3706 1144 3932 1205 ἑαυτούς

2325 1228 2782 1307 ἀναχρώννυσθαι,
2828 1236 2917 1283 καὶ
2962 1229 3300 1305 ἀπαγορεύειν
3357 1231 3701 1305 αἰσχύνομαι.
3753 1237 3821 1287 Τί
3871 1230 3931 1286 δ’

2324 1321 2385 1372 οἶν
2432 1339 2514 1383 τις
2562 1323 2698 1373 εἵποι
2734 1324 2854 1395 περὶ
2900 1328 2992 1374 τοῦ
3039 1325 3111 1394 μη
3164 1331 3368 1395 χρῆναι
3418 1324 3513 1383 τὰς
3566 1320 3614 1373 ἓν
3670 1322 3770 1395 ἀφῇ
3832 1327 3938 1375 καὶ

2323 1412 2501 1482 γεύσει
2545 1405 2753 1462 διώκειν
2778 1406 2994 1478 ἠδονάς,
3022 1411 3051 1469 ᾖ
3099 1412 3180 1462 ὃτι
3222 1411 3715 1483 καταναγκάζουσιν
3746 1412 3940 1464 αὗται-

2324 1502 2447 1561 τούς
2493 1503 2612 1573 περὶ
2648 1503 2743 1558 τὴν
2788 1498 2980 1552 ἑαυτῶν
3032 1500 3196 1573 θήραν
3243 1498 3622 1572 ἓσχολακότας,
3655 1502 3832 1574 ὥσπερ
3863 1503 3940 1554 τὰ

2328 1590 2618 1662 θρέμματα,
2664 1592 2797 1663 πρὸς
2832 1592 2926 1646 τὴν
2971 1592 3205 1663 γαστέρα
3233 1591 3419 1642 καὶτά
3468 1589 3555 1642 ὑπ’
3600 1589 3762 1649 αὐτὴν
3797 1609 3937 1642 συν-

554 1680 725 1755 quod
773 1684 997 1753 cogant
1046 1696 1152 1737 eos
1197 1680 1303 1754 qui
1349 1679 1443 1736 his
1491 1679 1806 1754 captandis
1852 1684 2093 1749 vacant,
2134 1682 2209 1738 ad

2324 1681 2622 1740 νενευκότας
2661 1679 2776 1750 (7i)
2827 1676 2956 1750 ξῇη
3014 1677 3117 1731 Ἑνὶ
3184 1675 3245 1730 δε
3294 1677 3468 1750 λόγῳ,
3519 1682 3710 1741 παντὸς
3761 1680 3936 1754 ὑπερ-

551 1774 823 1827 ventrem
850 1774 908 1826 et
935 1768 1015 1826 ad
1046 1785 1118 1826 ea
1156 1785 1292 1842 quae
1324 1768 1439 1825 sub
1467 1774 1675 1826 ventre
1714 1774 1875 1839 sunt,
1921 1784 2213 1843 pecorum

552 1875 745 1929 more,
786 1874 1014 1933 pronos
1053 1874 1123 1916 ac
1165 1874 1505 1932 propensos
1549 1858 1749 1916 vivere
1773 1860 1802 1915 ?
1834 1862 1960 1917 Uno
2001 1860 2210 1931 verbo,

552 1952 745 2007 totum
770 1965 993 2022 corpus
1024 1948 1542 2006 contemnendum
1568 1956 1658 2007 est
1698 1949 1773 2019 ei,
1803 1950 1907 2024 qui
1935 1950 1997 2007 in
2021 1949 2214 2023 ipsius

549 2038 968 2113 voluptatibus
986 2039 1161 2113 quasi
1184 2039 1246 2095 in
1277 2055 1452 2097 coeno
1482 2039 1633 2097 nolit
1652 2039 1932 2111 volutari,
1955 2044 2059 2097 aut
2088 2044 2215 2098 tan-

550 2133 682 2186 tum
729 2128 786 2185 ei
841 2127 1287 2200 indulgendum
1347 2134 1463 2197 est,
1523 2129 1586 2191 in
1633 2135 1969 2203 quantum,
2016 2128 2215 2203 inquit

550 2216 741 2289 Plato,
771 2217 1173 2291 philosophia:
1196 2217 1465 2284 inservit,
1492 2233 1616 2274 non
1640 2216 1822 2290 longe
1849 2218 2020 2276 aliter
2046 2218 2213 2277 locu-

550 2308 649 2363 tus
680 2312 861 2380 atque
891 2305 1130 2373 Paulus,
1154 2306 1260 2379 qui
1284 2313 1493 2362 monet
1522 2306 1756 2364 nullam
1786 2308 2059 2381 corporis
2106 2309 2212 2366 ha-

549 2396 822 2455 bendam
851 2412 1063 2455 curam
1093 2396 1173 2453 ad
1211 2396 1612 2470 cupiditatum
1642 2398 1959 2454 materiam
1987 2400 2050 2453 “.
2086 2401 2211 2455 Ete-

548 2485 678 2543 nim
720 2486 827 2561 qui
874 2486 1165 2560 corporis,
1216 2489 1282 2541 ut
1324 2502 1387 2541 se
1425 2485 1653 2559 optime
1706 2485 1949 2555 habeat,
1999 2502 2207 2545 curam

550 2581 786 2648 gerunt,
815 2575 1086 2634 animam
1117 2580 1323 2632 autem
1368 2574 1470 2631 illo
1500 2591 1751 2633 usuram
1780 2575 2007 2633 nullius
2037 2577 2211 2649 pretii

550 2666 1025 2740 parvipendunt,
1049 2664 1199 2740 quid
1219 2664 1503 2722 differunt
1524 2663 1603 2721 ab
1624 2664 1696 2721 iis
1725 2664 1828 2738 qui
1848 2666 2210 2723 instrumen-

549 2758 625 2817 tis
646 2755 929 2830 aptandis
945 2754 1097 2812 dant
1123 2770 1397 2828 operam,
1414 2760 1603 2811 artem
1627 2770 1769 2812 vero
1789 2771 1897 2828 per
1919 2756 2047 2813 haec
2068 2772 2208 2830 ope-

550 2851 790 2905 rantem
821 2844 1172 2916 negligunt?
1203 2846 1585 2918 Quapropter
1606 2845 1838 2903 ratione
1867 2846 2047 2920 plane
2069 2863 2208 2904 con-

549 2935 736 2994 traria
779 2949 1005 3007 corpus
1052 2932 1481 3004 castigandum
1530 2938 1619 2990 est
1669 2940 1727 2990 et.
1773 2934 2205 3004 cohibendum,

2325 1771 2504 1820 οπτέον
2530 1774 2622 1820 τοῦ
2654 1772 2893 1840 σώματος
2920 1774 2993 1838 τῷ
3018 1770 3089 1841 μὴ
3123 1768 3188 1827 ὡς
3211 1765 3259 1819 ἐν
3286 1765 3528 1843 βορϐόρῳ
3552 1775 3663 1829 ταῖς
3706 1763 3938 1831 ἡδοναῖς

2326 1856 2486 1910 αὐτοῦ
2528 1857 2937 1932 κατορωρύχθαι
2981 1855 3237 1929 μέλλοντι,
3277 1858 3306 1916 ᾖ
3359 1864 3607 1910 τοσοῦτον
3656 1855 3935 1910 ἀνθεκτέον

2325 1946 2504 2013 αὐτοῦ,
2537 1947 2678 2013 ὅσον,
2713 1950 2844 2018 φησὶ
2886 1944 3120 2011 Πλάτων,
3166 1947 3454 2021 ὑπηρεσίαν
3502 1946 3783 2020 φιλοσοφιᾳ
3810 1946 3935 2020 (72)

2323 2040 2606 2109 κτωμένου,
2647 2033 2851 2089 ἐοικότα
2894 2055 3005 2091 που
3045 2034 3204 2108 λέγων
3234 2044 3306 2108 τῷ
3336 2036 3545 2109 Παύλῳ,
3588 2035 3639 2097 ὃς
3681 2042 3938 2111 παραινεῖ

2323 2122 2589 2201 μηδεμίαν
2650 2133 2851 2199 χρῆναι
2909 2132 3003 2178 τοῦ
3061 2130 3301 2199 σώματος
3353 2130 3598 2201 πρόνοιαν
3651 2128 3797 2198 ἒχειν
3862 2124 3937 2186 εἰς

2324 2215 2610 2289 ἐπιθυμιῶν
2666 2213 2925 2288 ἀφορμήν.
2974 2213 3041 2268 Ἦ
3093 2219 3145 2267 τί
3198 2212 3537 2289 διαφέρουσιν
3585 2213 3633 2267 οἱ
3686 2222 3783 2267 τοῦ

2324 2312 2586 2379 σώματος,
2627 2308 2697 2366 ὡς
2738 2304 2799 2356 ἂν
2844 2303 3100 2357 κάλλιστα
3147 2306 3285 2377 ἔχοι,
3318 2305 3676 2380 φροντίζουσι,
3717 2307 3815 2363 τὴν
3870 2300 3938 2358 δὲ

2320 2399 2663 2472 χρησομένην
2695 2393 2835 2465 αύτῷ
2863 2393 3051 2466 ψυχὴν
3081 2396 3151 2456 ὡς
3179 2390 3388 2457 οὐδενὸς
3424 2392 3571 2458 ἀξίαν
3614 2402 3936 2468 περιορῶσι,

2320 2494 2419 2539 τῶν
2458 2486 2671 2559 περὶτὰ
2714 2488 2911 2557 ὄργανα
2950 2480 3378 2551 σπουδαζόντων,
3406 2492 3497 2545 τῆς
3546 2479 3607 2537 δε
3644 2479 3717 2536 δι’
3752 2482 3939 2536 αὐτῶν

2320 2572 2627 2648 ένεργούσης
2692 2575 2887 2644 τέχνης
2963 2569 3423 2646 καταμέλούντωνς
3473 2576 3582 2625 Πᾶν
3836 2567 3939 2624 οὖν

2317 2662 2612 2717 τούναντίον
2680 2660 2917 2723 κολάζειν
2972 2660 3098 2715 αύτὸ
3165 2666 3443 2734 κατέχειν,
3499 2663 3670 2736 ὥσπερ
3734 2663 3935 2734 θηρίου

2317 2756 2409 2817 τὰς
2467 2754 2651 2827 ὁρμὰς,
2705 2759 2959 2828 προσῆκε,
3018 2757 3108 2806 καὶ
3158 2756 3279 2815 τοὺς
3322 2750 3409 2805 ἀπ’
3461 2751 3621 2805 αὑτοῦ
3667 2751 3938 2824 θορύϐους

2317 2841 2673 2916 έγγινομένους
2723 2850 2783 2915 τῇ
2842 2840 2997 2914 ψυχῇ
3057 2843 3211 2895 οἱονεὶ
3265 2843 3489 2915 μάστιγι
3555 2850 3627 2913 τῷ
3676 2840 3935 2915 λογισμῷ

2315 2936 2747 3007 καθικνουμένους
2810 2932 3067 3004 κοιμίζειν
3092 2973 3107 2999 ,
3164 2929 3293 2983 ἀλλά
3347 2935 3418 3004 μή
3478 2933 3650 2985 πάντα
3699 2929 3934 3003 χαλινὸν

547 3024 717 3084 haud
739 3039 915 3081 secus
942 3038 1015 3080 ac
1044 3022 1308 3096 impetus
1333 3022 1656 3094 cujusdam
1679 3022 1927 3094 bellum;
1960 3029 2142 3098 atque
2167 3025 2207 3082 ii

2321 3021 2514 3086 ἡδονῆς
2564 3020 2776 3084 ἀνέντας
2824 3024 3070 3097 περιορᾷν
3121 3023 3208 3073 τόν
3258 3028 3396 3089 νούν,
3447 3022 3619 3094 ὥσπερ
3677 3022 3937 3094 ἡνίοχον,

548 3113 843 3174 tumultus
862 3110 969 3186 qui
990 3111 1070 3169 ab
1098 3112 1234 3184 ipso
1262 3111 1324 3168 in
1352 3111 1559 3169 anima
1589 3113 1946 3184 excitantur,
1977 3115 2206 3172 ratione

547 3204 731 3263 veluti
751 3204 943 3274 ﬂagro
964 3217 1098 3259 com
1106 3201 1393 3274 pescendi
1416 3207 1554 3259 sunt
1573 3219 1697 3259 non
1719 3209 1922 3260 autem
1950 3204 2207 3262 habenis

547 3291 845 3366 voluptati
860 3290 1111 3348 omnino
1125 3290 1340 3347 laxatis
1350 3290 1722 3363 negligenda
1736 3308 1910 3349 mens
1931 3298 2038 3366 est,
2052 3294 2207 3352 adeo

549 3387 617 3440 ut
643 3379 824 3455 quasi
853 3379 1070 3450 auriga
1098 3380 1204 3452 qui
1233 3378 1312 3436 ab
1334 3380 1509 3453 equis
1537 3380 1777 3437 effrenis
1796 3380 2207 3457 violenterque

548 3469 788 3542 agitatis
834 3468 1124 3542 abreptus
1148 3468 1245 3537 sit,
1276 3468 1557 3526 ducatur.
1584 3472 1700 3527 Nec
1726 3469 1840 3528 abs
1863 3486 1930 3527 re
1965 3472 2074 3528 erit
2094 3475 2208 3546 Py-

550 3559 821 3631 thagorae
844 3557 1331 3632 meminisse,qui
1354 3575 1494 3616 cum
1512 3558 1823 3618 didicisset
1849 3560 2115 3636 aliquem
2134 3578 2206 3620 ex

547 3649 950 3709 familiaribus
976 3664 1105 3705 sese
1138 3652 1196 3705 et
1220 3649 1749 3707 exercitationibus
1770 3656 1827 3708 et
1846 3651 1998 3709 escis
2029 3653 2207 3711 valde

549 3738 887 3800 admodum
910 3737 1212 3809 saginare,
1235 3742 1294 3795 et
1317 3753 1645 3795 carnosum
1670 3739 1958 3798 reddere:
1990 3741 2083 3799 Sic
2112 3742 2208 3799 in-

547 3831 697 3904 quit,
722 3843 848 3885 non
884 3826 1129 3883 desines
1158 3826 1499 3898 graviorem
1528 3828 1873 3902 tibimetipsi
1903 3846 2209 3890 carcerem

546 3918 890 3979 exstruere?
910 3915 1076 3974 Unde
1097 3915 1306 3972 dicunt
1326 3920 1383 3973 et
1406 3917 1719 3974 Platonem
1743 3920 2152 3992 provenientis
2172 3938 2209 3981 a

547 4023 798 4083 corpore
818 4022 993 4064 noxae
1014 4004 1360 4080 praescium,
1382 4005 1759 4065 insalubrem
1781 4009 1983 4067 Attica:
2003 4011 2207 4071 locum

546 4097 941 4155 Academiam
960 4095 1037 4151 de
1057 4093 1359 4151 industria
1383 4094 1656 4169 elegisse,
1681 4102 1746 4154 ut
1770 4098 1951 4156 nimis
1971 4100 2207 4161 bonum

2316 3116 2418 3168 ύπό
2478 3109 2742 3171 δυσηνίων
2812 3111 2981 3164 ἳππων
3053 3109 3201 3185 ὕϐρει
3261 3113 3545 3184 φερομένων
3615 3116 3940 3186 παρασυρό-

2315 3223 2464 3280 μενον
2501 3204 2764 3274 ἄγεσθαιο
2814 3204 2905 3253 καὶ
2952 3207 3044 3252 τοῦ
3099 3201 3410 3275 Πυθαγόρου
3460 3200 3761 3274 μεμνῆσθαι
3784 3199 3935 3272 (73),

2317 3293 2393 3366 ὃς,
2424 3300 2526 3345 τῶν
2576 3295 2832 3345 συνόντων
2859 3291 2977 3342 τινὰ
3018 3291 3334 3364 καταμαθὼν
3374 3294 3691 3363 γυμνασίοις
3731 3308 3789 3343 τε
3833 3294 3938 3343 καὶ

2318 3388 2510 3444 σιτίοις
2553 3382 2733 3436 ἑαυτὸν
2781 3376 2836 3433 εὖ
2884 3379 3027 3454 μάλα
3071 3387 3525 3456 κατασαρκούντα,
3558 3379 3723 3442 οὕτως
3770 3381 3871 3453 ἔφη
3918 3400 3935 3416 σ

2320 3472 2395 3527 Ού
2465 3474 2645 3547 παύσῃ
2705 3469 3069 3547 χαλεπώτερον
3129 3478 3331 3542 σεαυτῷ
3383 3469 3794 3531 κατασκευάζων
3867 3474 3933 3524 τὸ

2320 3561 2677 3638 δεσμωτήριον
2703 3577 2718 3630 ;
2746 3563 2835 3615 Διό
2886 3557 2955 3620 δὴ
2997 3565 3082 3614 κοί
3129 3559 3380 3614 Πλάτωνά
3409 3580 3559 3635 φασι,
3591 3564 3687 3620 την
3730 3558 3782 3612 έν
3822 3567 3933 3614 σὼο

2319 3648 2484 3729 ματος
2532 3651 2734 3727 βλάϐην
2781 3648 3162 3728 προϊδόμενον,
3203 3652 3262 3704 τὸ
3310 3647 3535 3714 νοσῶδες
3586 3654 3789 3725 χωρίον
3832 3660 3931 3713 τῆς

2320 3744 2532 3803 ’Δττικῆ
2545 3763 2566 3805 ς
2638 3746 2734 3801 τὴν
2793 3736 3124 3814 Ἀκαδημίαν
3205 3739 3512 3794 καταλαϐεῖν
3578 3736 3928 3810 ἐξεπίτηδες,

2321 3836 2406 3889 ἵνα
2449 3838 2541 3893 τὴν
2588 3833 2723 3905 ἄγαν
2766 3830 3041 3884 εὐπάθειαν
3086 3837 3179 3883 τού
3230 3835 3467 3903 σώματος
3518 3830 3624 3883 οἷον
3684 3828 3927 3902 ἀμπέλου

2317 3928 2414 3984 τὴν
2462 3922 2533 3986 εἰς
2579 3923 2645 3975 τὰ
2701 3922 2921 3997 περιττά
2964 3921 3125 3995 φορὰν
3174 3923 3481 3995 περικόπτοι
3504 3919 3639 3992 (74).
3687 3917 3823 3991 Ἐγὼ
3865 3916 3929 3973 δι

2317 4018 2409 4068 καὶ
2475 4010 2731 4087 σφαλερὰν
2793 4007 2924 4064 εἶναι
2972 4012 3062 4068 τὴν
3126 4006 3204 4062 ἔπ’
3260 4009 3421 4085 ἄκρον
3475 4007 3676 4072 εὐεξίαν
3730 4008 3925 4083 ἰατρῶν

2319 4106 2545 4166 ἣκουσα.

545 4186 814 4261 corporis
843 4188 1070 4242 statum
1103 4182 1279 4257 quasi
1307 4184 1679 4259 superﬂuam
1708 4202 1898 4260 quam
1935 4190 2069 4248 vitis
2104 4193 2478 4257 feracitatem
2520 4193 2879 4264 amputaret.
2909 4190 3033 4261 Ego
3059 4192 3264 4247 autem
3292 4187 3566 4262 corporis
3611 4185 3929 4246 habitudi-

545 4292 687 4335 nem
716 4290 953 4334 summe
981 4273 1211 4332 bonam
1237 4273 1420 4332 etiam
1448 4276 1861 4349 periculosam
1893 4295 2028 4338 esse
2059 4299 2096 4342 a
2123 4285 2382 4344 medicis
2407 4281 2637 4342 audivi.

617 4405 672 4459 8.
711 4402 863 4458 Cum
885 4398 1070 4470 igitur
1087 4398 1278 4457 nimia
1296 4398 1398 4457 illa
1421 4400 1692 4475 corporis
1713 4417 1861 4461 cura
1881 4409 1940 4463 et
1962 4408 2203 4482 corpori

2386 4412 2443 4467 8.
2478 4406 2604 4461 Ὀτε
2648 4408 2822 4461 τοίνυν
2869 4405 2900 4465 ἡ
2947 4406 3081 4478 ἄγαν
3129 4404 3262 4464 αὕτη
3310 4411 3403 4458 τοῦ
3454 4402 3926 4479 σώματοςέπιμέο

542 4486 660 4563 ipsi
685 4487 913 4545 inutilis
943 4488 1037 4557 sit,
1065 4493 1123 4545 et
1149 4488 1371 4546 animm
1394 4489 1646 4564 ofﬁciat,
1672 4492 1727 4549 ei
1752 4494 2109 4555 submittere
2135 4514 2201 4557 se

544 4581 604 4635 et
624 4576 885 4650 obsequi
904 4578 1226 4635 manifesta
1243 4578 1421 4636 fuerit
1437 4579 1696 4639 insania.
1714 4582 1909 4653 Sed,si
1929 4583 2046 4643 hoc
2062 4602 2178 4645 con
2193 4620 2204 4630 -

542 4671 806 4725 temnere
817 4664 1329 4730 studeremus,vix
1340 4667 1508 4726 aliud
1519 4670 1851 4744 quidquam
1864 4672 2201 4734 humanum

621 4810 668 4848 ίο
709 4813 729 4866 Ι
769 4809 912 4881 Reg.
944 4824 1060 4877 xvr,
1101 4813 1190 4866 23.
1272 4809 1315 4846 ¹¹
1358 4812 1528 4868 Rom.
1570 4829 1690 4883 xm,
1737 4817 1820 4872 14.

618 4954 729 5028 (7ο)
767 4956 877 5011 Pro
941 4950 1344 5028 ἀναπλησθῆναι
1398 4952 1615 5026 legitur
1667 4956 1730 5013 in
1789 4957 1958 5028 Colb.
2031 4962 2205 5021 tertio

545 5021 946 5100 ἀναπληρῶσαι.
978 5027 1111 5083 Mox
1155 5023 1320 5081 idem
1367 5021 1514 5082 ωεὲ.
1546 5034 1646 5081 τῶν
1694 5025 1972 5102 προδήλως
2021 5036 2207 5107 aia-xi.

546 5119 729 5240 ﬁgi)
754 5166 1020 5250 Antiqui
1049 5171 1168 5225 tres
1203 5165 1342 5250 libri
1386 5175 1770 5250 συννενευκότες,
1794 5189 2023 5250 nempe
2056 5178 2209 5250 θρέμ-

545 5239 718 5316 ματα,
868 5239 999 5316 duo
1027 5255 1214 5296 mess.
1243 5243 1303 5296 et
1330 5240 1472 5296 editi
1506 5239 1917 5316 συννενευκότας.

613 5316 730 5384 (72)
773 5311 927 5390 Editi
974 5316 1032 5367 et
1069 5327 1260 5390 mass.
1310 5327 1445 5390 non,
1484 5317 1662 5390 pauci
1681 5315 1989 5390 φιλοσοφία,
2032 5323 2090 5376 et
2118 5319 2205 5376 sic

545 5383 793 5457 quoque
821 5383 1089 5457 primum
1123 5383 1471 5457 scripserat
1485 5383 1770 5443 librarius
1806 5383 1894 5444 in'
1916 5383 2080 5446 COlb.
2113 5408 2207 5447 se-

545 5453 1089 5535 cqndohs‘edjpse
1119 5453 1203 5511 ita
1238 5453 1622 5535 _emen_davit,
1656 5462 1719 5513 ut
1764 5474 1929 5535 nunc
1968 5460 2208 5535 legatur

546 5523 876 5599 φιλοσοφίας.
928 5523 1140 5581 Itidem
1182 5524 1367 5583 editio
1424 5523 1612 5585 Paris;
1663 5533 1946 5603 κτωμένου.
2011 5523 2206 5593 Editio

2310 4499 2427 4554 λεια
2467 4496 2609 4569 αὐτῷ
2660 4513 2715 4549 τε
2754 4492 3057 4555 ἀλυσιτελὴς
3108 4497 3180 4567 τῷ
3232 4499 3457 4568 σώματι,
3511 4498 3602 4547 καὶ
3648 4495 3784 4569 πρός
3824 4498 3926 4552 τήν

2313 4588 2501 4663 ψυχὴν
2558 4582 2813 4659 ἐμπόδιόν
2867 4582 3018 4639 ἐστι·
3068 4588 3127 4638 τό
3177 4603 3238 4657 γε
3277 4585 3700 4638 ύποπεπτωκέναι
3747 4585 3923 4653 τούτῷ

2310 4679 2399 4731 καὶ
2454 4676 2749 4753 θεραπεύειν
2806 4678 2969 4749 μανία
3018 4678 3207 4748 σαφής.
3260 4672 3419 4729 Ἀλλά
3473 4676 3574 4733 μὴν
3632 4672 3678 4727 εἰ
3726 4674 3922 4749 τρύτου

2311 4960 2494 5020 Basil.
2526 4963 2585 5019 et
2603 4958 2769 5030 Regii
2792 4957 2917 5017 duo
2935 4974 3083 5017 mss.
3111 4956 3379 5032 itemque
3403 4955 3505 5015 alii
3528 4956 3651 5013 duo
3673 4955 3920 5015 Colber-

2313 5034 2421 5095 tini
2450 5037 2760 5095 κτωμένους.

2383 5097 2750 5178 (πη-Εεὶιίο
2799 5116 3049 5178 quoque
3100 5097 3271 5178 C_olb.
3320 5100 3542 5178 tertius.
3571 5097 3922 5178 a__reliqui_s

2312 5170 2772 5234 mss.'dissidet.
2804 5170 2889 5231 fta
2915 5170 3096 5243 igitur
3124 5171 3187 5228 in
3215 5171 3332 5227 hoc
3363 5171 3546 5229 veteri
3588 5170 3747 5228 libro
3775 5170 3924 5241 Tegi-

2312 5253 2430 5325 tur,
2456 5247 2551 5302 ούκ
2582 5245 2782 5325 ἀγεννες
2826 5249 2917 5325 καὶ
2944 5250 3037 5325 τοῦ
3069 5244 3379 5325 Πυθαγόρου
3407 5244 3737 5325 μεμνῆσθαι.
3784 5244 3921 5300 Mox

2311 5312 2580 5393 utraque
2594 5312 2865 5393 Διὲςὶὶιίιλού
2886 5318 3107 5393 παύσει.
3140 5312 3300 5393 Libri
3327 5312 3558 5393 veteres
3583 5316 3791 5388 παύση.

2382 5386 2695 5462 (ἹῪΕάἰῑίο
2761 5386 2953 5445 Paris.
3008 5390 3318 5460 περικόπτῃ.
3383 5391 3453 5442 At
3509 5402 3635 5442 mss
3700 5386 3916 5460 περικό-

2312 5482 2453 5518 πτοι.
