4100 6196
1123 246 1349 304 SERMO
1388 245 1479 301 DE
1517 239 1857 312 LEGENDIS
1893 239 2117 298 LIBBIS
2153 241 2554 300 GENTILIUM.

3444 252 3547 308 586

187 398 239 452 γε
266 381 528 452 ὕπερορᾴν
553 373 925 448 μελετήσαιμεν
952 378 1008 438 (7
1018 372 1094 441 5),
1129 369 1297 443 σχολῇ
1330 369 1383 441 γ’
1428 351 1550 422 ἀλλο
1591 386 1644 419 τι
1672 372 1771 418 τῶν
1801 405 1809 420 η

1923 369 2046 420 sset
2073 363 2252 421 nobis
2283 362 2692 425 admirationi.
2725 362 2896 436 183
2927 363 3083 429 Quid
3109 365 3270 424 enim
3293 367 3422 439 jam
3447 345 3556 428 no-

189 468 515 541 ἀνθρωπίνων
571 465 956 537 θαυμάσαιμεν.
1015 466 1079 516 Τί
1141 462 1244 535 γὰρ
1317 461 1395 512 ἔτι
1463 457 1780 530 χρησόμεθα

188 559 406 630 πλούτῳ,
443 559 542 617 τὰς
587 550 683 608 διὰ
723 561 815 606 τοῦ
866 557 1108 625 σώματος
1152 547 1349 612 ἡδονὰς
1400 547 1778 620 ἀτιμάζοντεςς

192 647 313 719 Ἐτὼ
479 644 586 715 οὐχ
624 643 759 713 ὁρῶ,
807 640 934 699 πλὴν
993 640 1036 692 εἰ
1090 643 1187 711 μή,
1240 639 1378 690 κατὰ
1418 640 1539 698 τοὺς
1584 633 1632 686 ἐν
1674 639 1786 694 τοῖς

191 737 371 810 μύθοις
402 731 714 809 δράκοντας,
755 726 951 789 ἡδονήν
979 749 1096 782 τινα
1138 731 1282 800 φέροι
1332 729 1614 800 Θησαυροῖς
1655 741 1788 775 κατ-

194 829 570 899 ορωρυγμένοις
629 820 1009 894 ἐπαγρυπνεῖν.
1075 825 1140 870 Ὅ
1201 836 1258 889 γε
1322 821 1426 889 μὴν
1501 813 1792 886 ἐλευθερίως

193 916 314 988 πρὸς
367 915 435 965 τὰ
501 917 722 964 τοιαῦτα
772 905 1074 962 διακεῖσθαι
1119 900 1548 978 πεπαιδευμένος,
1604 899 1793 954 πολλοῦ

193 1003 249 1056 ἂν
292 999 410 1055 δέοι
453 1004 695 1055 ταπεινόν
733 1017 786 1050 τι
832 1003 922 1051 καὶ
970 997 1199 1070 αἰσχρόν
1251 997 1384 1069 ἔργῳ
1435 993 1464 1052 ἦ
1492 992 1627 1064 λόγῳ
1673 993 1797 1042 ποτε

192 1092 519 1166 προελέσθαι.
577 1093 648 1143 Τὸ
698 1089 802 1161 γὰρ
849 1095 942 1150 τῆς
1011 1090 1199 1160 χρείας
1265 1086 1643 1156 περιττότερον,
1702 1075 1797 1130 κᾶν

193 1177 388 1236 Λύδιον
486 1179 700 1250 ψῆγμα,
734 1176 829 1228 κᾶν
859 1185 959 1228 τῶν
983 1178 1272 1249 μυρμήκων
1317 1173 1464 1246 ἔργον
1503 1179 1602 1223 τῶν
1654 1187 1797 1242 χρυ-

194 1276 448 1343 σοφόρων,
478 1270 718 1339 τοσούτῳ
768 1265 918 1318 πλέον
971 1262 1240 1336 ἀτιμάσει,
1288 1263 1490 1336 ὅσῳπερ
1542 1258 1602 1310 ἂν
1644 1258 1799 1316 ἦττον

187 1357 543 1434 προσδέηται·
578 1357 742 1414 αὐτὴν
786 1351 845 1408 δὲ
875 1351 1052 1412 δήπου
1082 1357 1172 1412 την
1201 1355 1389 1426 χρείαν
1426 1355 1536 1411 τοῖς
1580 1356 1676 1409 τῆς
1710 1348 1801 1418 φύ-

187 1469 314 1512 σεως
366 1447 701 1520 ἀναγκαίοις,
743 1443 849 1497 ἀλλ’
894 1443 954 1496 οὐ
1000 1449 1118 1504 ταῖς
1163 1437 1378 1502 ἡδοναῖς
1427 1440 1666 1511 ὁριεῖται.
1713 1434 1803 1496 Ὠς

182 1541 232 1592 οἶ
257 1530 458 1611 τιτῶν
505 1535 804 1607 ἀναγκαίων
851 1535 981 1607 ὅρων
1026 1531 1122 1595 ἔξω
1163 1534 1424 1602 γενόμενοι
1449 1531 1588 1597 ('76),
1637 1543 1803 1598 παρα-

1883 453 2002 544 bis,
2031 455 2078 544 si
2109 453 2378 525 corporis
2419 452 2755 544 voluptates
2798 452 3207 544 fastidiamus,
3253 473 3410 530 opus
3437 460 3563 544 eri‘

1887 543 2148 600 divitiis?
2180 547 2302 611 Ego
2330 542 2577 616 quidem
2603 559 2726 599 non
2754 542 2951 612 video,
2983 545 3100 602 nisi
3125 553 3190 604 ut
3225 547 3286 606 in
3315 547 3538 608 fabulis

1892 639 1982 689 est
2010 633 2366 703 draconum,
2410 631 2752 704 jucundum
2797 632 2870 688 sit
2901 637 2959 690 et
2987 640 3226 704 gratum
3258 638 3558 697 thesauris

1896 721 2508 792 defossisinvigxlare.
2538 721 2783 778 Multum
2815 727 3017 778 autem
3049 723 3329 792 abfuerit,
3363 734 3428 785 ut
3456 728 3564 803 qui

1897 811 2218 868 liberaliter
2247 811 2307 866 in
2339 810 2559 867 talibus
2588 810 2815 867 habere
2845 827 2907 867 se
2950 811 3248 882 didicerit,
3281 832 3558 890 unquam

1902 901 2127 958 humile
2156 901 2476 975 quidpiam
2498 906 2554 957 ct
2584 906 2754 973 turpe
2776 901 2936 958 facto
2967 907 3072 958 aut
3096 903 3255 962 dicto
3282 905 3394 962 sibi
3420 923 3561 980 pro-

1903 996 2112 1064 ponat.
2148 990 2454 1064 Quidquid
2483 990 2645 1047 enim
2675 990 3051 1063 superﬂuum
3082 998 3189 1060 est,
3221 999 3280 1050 et
3308 995 3565 1052 necessi-

1907 1080 2040 1136 tatis
2079 1079 2332 1136 modum
2372 1079 2622 1149 excedit,
2675 1079 2795 1136 sive
2848 1079 3034 1151 Lydia
3080 1097 3265 1139 arena
3303 1084 3398 1152 sit,
3433 1085 3563 1143 sive

1906 1167 2297 1226 formicarum
2327 1168 2725 1226 auriferarum
2756 1183 2930 1241 opus,
2955 1173 3118 1226 tanto
3144 1172 3338 1243 magis
3358 1189 3566 1247 asper-

1907 1258 2151 1315 nabitur
2197 1263 2426 1331 quanto
2470 1257 2671 1316 minus
2715 1257 3052 1328 indigebit:
3104 1261 3329 1334 quippe
3384 1279 3566 1319 usum

1906 1348 2112 1422 ipsum
2162 1347 2626 1404 necessitatibus
2674 1351 2908 1403 naturae
2956 1348 3251 1414 metietur,
3299 1359 3422 1406 non
3467 1367 3569 1409 vo-

1909 1435 2263 1509 luptatibus.
2296 1437 2444 1491 Nam
2485 1434 2592 1507 qui
2625 1436 3004 1492 necessarios
3035 1437 3322 1494 terminos
3363 1454 3574 1496 exces-

1913 1541 2062 1588 sere.
2095 1541 2234 1582 cum
2254 1524 2382 1596 jam
2415 1525 2549 1589 sibi,
2581 1541 2747 1581 more
2769 1541 2976 1582 eorum
3005 1529 3105 1599 qui
3132 1527 3195 1583 in
3226 1526 3452 1584 declive
3477 1527 3569 1584 fe-

181 1610 429 1688 ινλησίως
478 1633 590 1686 τοῖς
660 1625 796 1677 κατὰ
866 1627 959 1674 τοῦ
1033 1627 1263 1696 πρανοῦς
1327 1620 1616 1692 φερομένοις
1675 1616 1806 1689 πρὸς

1921 1619 2148 1680 runtur,
2198 1613 2346 1668 nihil
2389 1613 2634 1670 firmum
2680 1619 2980 1687 suppetat,
3022 1615 3101 1670 ad
3139 1616 3304 1688 quod
3335 1633 3398 1672 se
3428 1615 3576 1674 reci-

179 1715 340 1772 οὖδεν
391 1718 659 1788 στάσιμον
711 1716 920 1785 ἔχοντες
965 1708 1247 1777 ἀποϐῆναι,
1306 1703 1544 1780 οὐδαμοῦ
1594 1713 1690 1764 τῆς
1736 1703 1808 1763 εἰς

180 1810 239 1860 τὸ
286 1811 486 1880 πρόσω
546 1810 706 1878 φορᾶς
765 1804 1021 1855 ῖστανται·
1086 1797 1194 1851 ἀλλ’
1256 1799 1460 1870 ὅσῳπερ
1527 1793 1588 1848 ἂν
1652 1793 1810 1846 πλείω

177 1892 739 1971 προσπεριϐάλωνται,
792 1898 884 1944 τοῦ
931 1893 1053 1944 ’ίσου
1108 1885 1375 1946 δέονταιιῆ
1437 1885 1527 1938 καί
1580 1883 1810 1944 πλείονος

179 1991 320 2060 πρὸς
382 1989 484 2042 τὴν
530 1990 623 2043 τῆς
665 1980 942 2054 έπιθυμίας
987 1977 1338 2053 ἐκπλήρωσιν,
1369 1977 1507 2029 κατὰ
1544 1975 1632 2027 τὸν
1665 1971 1812 2036 Ἐξη-

178 2071 452 2130 κεστίδου
481 2073 706 2138 Σόλωνα,
733 2071 791 2133 ὃς
818 2088 970 2144 φησιυ

181 2201 437 2254 ῐῖλοοῦτον
466 2193 519 2251 δ’
555 2192 709 2250 οὐδεν
738 2198 905 2270 τέρμα
932 2195 1258 2266 πεφασμένον
1284 2186 1515 2264 ἀνδράσι
1545 2193 1736 2242 κεῖται.

183 2333 277 2397 Τῷ
335 2321 396 2379 δί
455 2315 707 2395 Θεόγνιδι
756 2321 891 2396 πρός
946 2325 1115 2372 ταῦτα
1161 2313 1474 2388 δίδασκάλῳ
1525 2316 1811 2391 χρηστέον,

183 2414 424 2485 λέγοντι·

187 2523 306 2574 οὐκ
367 2523 568 2595 ἔραμαι
631 2517 904 2585 πλουτεῖν,
949 2514 1056 2570 οὔτ’
1110 2517 1363 2587 εὔχομαι,
1419 2511 1548 2566 ἀλλά
1597 2529 1688 2584 μοι
1735 2512 1812 2568 εἴη

377 2615 490 2681 Ζῇν
535 2605 638 2660 ἀπὸ
666 2614 769 2660 τῶν
801 2605 1009 2677 ὀλίγων,
1051 2601 1218 2677 μηδὲν
1248 2605 1426 2675 ἔχοντι
1455 2605 1636 2656 κακόν.

194 2719 330 2790 ἐγὼ
365 2715 428 2772 δί
471 2720 565 2770 καὶ
613 2721 876 2788 Διογένους
920 2715 1124 2788 ἄγαμαι
1169 2716 1265 2770 τὴν
1301 2713 1506 2765 πάντων
1549 2711 1678 2784 ὁμοῦ
1715 2715 1818 2762 τῶν

198 2807 549 2881 ἄνθρῶπίνων
596 2804 906 2879 ὑπεροψίαν,
953 2805 1007 2866 ὃς
1045 2822 1102 2874 γε
1149 2806 1240 2855 καὶ
1295 2799 1558 2873 βασιλέως
1584 2806 1676 2852 τοῦ
1705 2799 1819 2869 (77)

203 2897 436 2970 μεγάλου
515 2895 698 2949 ἑαυτὸν
755 2892 980 2966 ἀπέφηνε
1031 2891 1439 2964 πλουσιώτερον,
1495 2897 1565 2960 τῷ
1617 2884 1820 2940 ἐλαττό-

1917 1705 2106 1777 piant,
2133 1719 2444 1776 nusquam
2473 1703 2718 1760 ulterius
2749 1703 2946 1777 abripi
2986 1704 3423 1763 intermittunt:
3469 1705 3578 1763 sed

1917 1810 2040 1868 quo
2066 1792 2238 1866 plura
2285 1793 2715 1866 compararint,
2745 1809 2818 1849 eo
2847 1795 3046 1865 magis
3075 1811 3234 1869 opus
3265 1795 3582 1855 habebunt

1919 1881 2187 1957 paribus,
2211 1887 2316 1938 aut
2335 1884 2514 1939 etiam
2545 1882 2942 1956 amplioribus
2963 1883 3039 1940 ad
3063 1884 3458 1957 cupiditatem
3481 1903 3580 1944 ex-

1921 1972 2228 2046 plendam,
2262 1972 2598 2029 secundum
2631 1972 2992 2030 Execestidas
3038 1973 3233 2033 ﬁlium
3275 1975 3577 2045 Solonem,

1921 2062 2027 2136 qui
2057 2062 2141 2119 ait
2163 2078 2177 2118 :

2063 2151 2306 2209 Divitiis
2332 2152 2572 2210 nullum
2603 2157 2881 2211 statuunt
2909 2156 3198 2213 mortalia
3222 2156 3404 2227 ﬁnem

2067 2242 2348 2299 Pectora.

1924 2333 1988 2477 {in
2015 2330 2112 2431 his
2139 2330 2322 2389 etiam
2347 2329 2692 2403 Theognide
2719 2332 3015 2406 magistro
3036 2333 3331 2394 utendum
3350 2342 3460 2409 est,
3477 2337 3588 2416 qui

1973 2427 2108 2477 icit:

1973 2420 2070 2477 icit
2095 2437 2108 2476 :

1922 2511 2061 2569 Non
2091 2526 2226 2569 amo
2247 2510 2515 2578 divitias,
2548 2527 2668 2568 non
2700 2519 2836 2583 opto
2862 2530 2877 2570 :
2909 2521 2974 2570 at
3005 2515 3204 2576 vivere
3239 2523 3479 2579 (aruum

1995 2602 2232 2674 Exiguo
2266 2602 2468 2669 liceat,
2495 2602 2588 2658 nil
2618 2604 2692 2658 sit
2723 2609 2786 2658 ut
2815 2603 2956 2662 inde
2985 2607 3156 2664 mali.

1926 2694 2050 2763 Ego
2077 2699 2281 2750 autem
2304 2691 2366 2746 in
2389 2691 2653 2762 Diogene
2675 2693 2856 2749 etiam
2879 2695 3152 2752 omnium
3175 2697 3356 2754 simul
3375 2697 3588 2760 huma-

1925 2796 2145 2838 narum
2175 2797 2377 2837 rerum
2410 2780 2681 2837 admiror
2725 2789 3162 2859 contemptum,
3189 2786 3295 2860 qui
3321 2804 3589 2861 pronun-

1925 2869 2094 2926 tiavit
2124 2886 2189 2926 se
2220 2885 2361 2940 rege
2387 2885 2613 2940 magno
2638 2871 2943 2937 ditiorem,
2973 2874 3141 2946 quod
3182 2875 3246 2932 in
3289 2877 3411 2934 vita
3437 2894 3590 2952 pau-

200 3009 299 3040 νων
349 2989 380 3046 ἡ
430 2985 625 3048 ἐκεῖνος
667 2986 800 3036 κατὰ
844 2986 932 3036 τόν
982 2980 1099 3054 βίον
1145 2975 1522 3055 προσδεῖσθαι.
1562 2976 1711 3051 Ἡμῖν
1759 2973 1809 3028 δί

1926 2957 2216 3055 cio-ribus.
2239 2974 2428 3055 quam
2469 2957 2566 3055 ille
2612 2965 2832 3029 egeret.
2865 2960 3048 3017 Nobis
3080 2969 3304 3034 autem,
3336 2966 3452 3022 nisi
3482 2970 3589 3042 Py-

209 3076 329 3152 ἄρα,
384 3076 430 3130 εἰ
470 3079 543 3148 μὴ
590 3076 660 3126 τὰ
691 3073 886 3126 Πυθίου
929 3078 1022 3124 τοῦ
1069 3077 1257 3124 Μυσοῦ
1303 3072 1522 3143 προσείη
1571 3067 1816 3132 τάλαντα,

209 3171 297 3218 καὶ.
356 3164 564 3236 πλέθρα
618 3169 722 3235 γῆς
775 3165 910 3214 τόσα
963 3163 1053 3212 καὶ
1104 3163 1259 3225 τόσα,
1317 3161 1409 3210 καὶ
1465 3154 1818 3230 βοσκημάτων

212 3253 363 3328 έσμοὶ
410 3253 628 3314 πλεὶους
665 3252 696 3310 ᾖ
755 3249 1075 3324 ἀριθμῆσαι,
1116 3243 1268 3301 οὐδὲν
1316 3245 1606 3320 ἐξαρκέσει.
1661 3243 1816 3311 Ἀλλ’,

211 3342 378 3417 οἶμαι,
409 3347 676 3418 προσήκει
710 3341 821 3413 (78)
856 3338 1057 3392 ἀπόντα
1096 3355 1152 3390 τε
1209 3341 1280 3409 μὴ
1330 3337 1507 3388 ποθεῖν
1535 3337 1622 3387 τὸν
1664 3333 1819 3386 πλοῦ-

205 3451 314 3502 τον,
347 3438 439 3486 καὶ
477 3435 759 3506 παρόντος,
800 3432 871 3502 μὴ
919 3436 993 3498 τῷ
1029 3427 1320 3485 κεκτῆσθαι
1365 3423 1553 3498 μᾶλλον
1598 3430 1815 3499 φρονεῖν,

208 3527 238 3584 ἧ
283 3531 359 3594 τῷ
386 3519 587 3577 εἰδέναι
617 3520 774 3573 αὐτὸν
813 3515 1170 3572 διατίθεσθαι.
1217 3520 1286 3569 Τὸ
1329 3518 1431 3590 γὰρ
1477 3521 1569 3566 τοῦ
1613 3515 1819 3588 Σωκρά-

207 3631 336 3677 τους
391 3609 445 3666 εὖ
503 3613 641 3684 ἔχειν
693 3609 749 3671 ὃς
798 3611 933 3681 μέγα
964 3613 1271 3682 φρονοῦντος
1318 3603 1571 3657 πλουσίου
1627 3599 1819 3676 ἀνδρὸς

206 3703 294 3757 ἰπὶ
324 3709 440 3763 τοῖς
471 3706 776 3774 χρήμασιν,
807 3697 866 3750 οὐ
895 3701 1144 3772 πρότερον
1188 3695 1342 3747 αὐτὸν
1375 3695 1662 3766 θαυμάσειν
1699 3694 1815 3765 ἔφη,

207 3797 324 3868 πρὶν
356 3791 418 3844 ἂν
469 3795 559 3842 καὶ
597 3791 679 3842 ὃτι
735 3787 1038 3862 κεχρῆσθαι
1077 3788 1282 3846 τούτοις
1311 3783 1589 3836 ἐπίσταται
1643 3800 1820 3856 πειρα-

212 3885 386 3942 θῆναι.
417 3879 491 3934 Ἠ
536 3875 754 3939 Φειδίας
782 3880 872 3951 μὶν
901 3881 992 3928 καὶ
1033 3873 1390 3941 Πολύκλειτος,
1433 3872 1476 3925 εἰ
1503 3879 1576 3943 τῷ
1606 3876 1820 3944 χρυσίῳ

208 3979 345 4047 μέγα
401 3971 649 4046 ἕφρόνουν
705 3973 796 4020 καὶ
847 3973 920 4038 τῷ
975 3964 1225 4038 ἐλέφαντι,
1279 3963 1348 4015 ὧν
1397 3964 1423 4015 ό
1471 3965 1560 4035 μὲν
1601 3960 1818 4023 Ἠλείοις

206 4067 292 4116 τόν
342 4068 464 4127 Δία,
519 4062 548 4113 ό
602 4055 662 4112 di
719 4059 813 4116 τὴν
861 4055 1026 4130 Ἦραν
1070 4053 1327 4129 Ἀργείοις
1357 4051 1698 4118 ἐποιησάτην,
1728 4071 1820 4103 κα-

206 4153 515 4227 ταγελάστω
572 4147 631 4200 ἂν
697 4151 867 4206 ἤστην
938 4143 1189 4217 ἀλλοτρίῳ
1243 4140 1446 4214 πλούτῳ
1488 4140 1819 4202 καλλωπιζό-

211 4262 372 4314 μενοι,
429 4239 642 4312 ἀφέντες
695 4240 791 4296 τὴν
835 4239 1050 4306 τέχνην.
1107 4231 1192 4304 ὑφ’
1253 4231 1315 4294 ἧς
1375 4235 1466 4283 καὶ
1530 4232 1558 4282 ὁ
1613 4233 1820 4304 χρυσὸς

209 4329 375 4390 ἡδίων
407 4335 500 4381 καὶ
549 4330 854 4400 τιμιώτερος
906 4319 1227 4394 ἀπεδείχθη·
1260 4323 1408 4400 ἡμεῖς
1454 4317 1533 4388 δὲ,
1584 4325 1680 4379 τὴν
1725 4319 1817 4371 ἁν-

212 4423 473 4496 θρωπείαν
531 4417 718 4492 ἀρετὴν
777 4414 871 4466 οὐκ
923 4412 1152 4485 ἐξαρκεῖν
1199 4410 1356 4482 ἑαυτῇ
1381 4397 1513 4481 ’(79)
1559 4413 1683 4483 πρὸς
1735 4413 1820 4461 κόο

213 4529 340 4583 σμπ
378 4505 852 4578 ὑπολαμϐάνοντες,
885 4501 1150 4562 ἕλάττονος
1188 4499 1454 4571 αἰσχύνης
1488 4498 1612 4562 ἄξια
1654 4505 1816 4552 ποιεῖν

212 4602 462 4674 οἰόμεθα;
507 4595 667 4650 Ἀλλά
714 4590 855 4651 δῆτα
896 4591 1123 4644 πλούτου
1164 4593 1254 4662 μὶν
1301 4588 1686 4663 ὑπεροψόμεθα,
1725 4594 1816 4642 καὶ

213 4691 301 4750 τὰς
344 4683 447 4740 διὰ
473 4693 578 4737 τῶν
608 4683 906 4740 αἰσθήσεων
945 4676 1135 4740 ἡδονὰς
1178 4677 1524 4751 ἀτιμάσομεν,
1550 4677 1819 4740 κολακείας

215 4773 272 4830 δι
299 4782 394 4829 καὶ
443 4777 670 4834 θωπείας
713 4767 1028 4843 διωξόμεθα,
1060 4773 1271 4831 καὶτῆς
1321 4766 1647 4841 Ἀρχιλόχου
1692 4767 1820 4820 ἀλω-

281 4921 401 4992 (75)
441 4916 696 4974 Codices
734 4919 853 4971 tres
889 4912 1284 4988 μελετήσαιμεν.
1335 4910 1487 4968 Editi
1536 4909 1820 4983 μελετήσει-

431 5059 581 5118 Editi
603 5061 900 5134 γινόμενοι.
939 5053 1198 5134 Antiqui
1226 5053 1510 5134 tresulibri
1535 5060 1814 5134 γενόμενοι.

216 5125 328 5194 Hoc
357 5125 446 5192 ita
487 5125 681 5188 mulio
726 5125 864 5202 post
894 5143 1047 5182 unus
1087 5125 1280 5182 codex
1333 5126 1620 5202 Combe_f._
1648 5125 1817 5200 προσ-

218 5204 618 5273 πιριλάϐωνται.
682 5197 800 5273 ﬁlii
871 5204 990 5255 tres
1024 5214 1212 5273 __mss_.
1277 5197 1814 5273 προσπεριϐάλωνται.

219 5269 368 5336 Editi
401 5271 977 5350 προσπεριϐάλλωνται.
1014 5271 1142 5350 “Hoc
1185 5269 1424 5350 ipso'rin
1446 5269 1605 5350 _loco
1631 5269 1815 5350 iCﬂolb.

217 5353 421 5408 tertius
441 5339 711 5400 ’τοσοῦτου
739 5339 967 5398 δέονται.
995 5340 1106 5397 Alii
1131 5339 1279 5397 mss.
1302 5349 1362 5396 et
1389 5339 1532 5397 editi
1557 5349 1648 5394 τοῦ
1679 5346 1823 5395 ἴσου-

219 5420 444 5476 δέονται.
479 5422 634 5489 Lege
661 5418 970 5489 Ducieum.

283 5500 399 5565 (77)
427 5481 832 5565 Ho_c_'_loco,_ut
852 5483 996 5565 alibi
1023 5499 1202 5565 stupe,
1226 5481 1464 5565 videtur
1485 5483 1560 5539 de
1590 5483 1825 5565 suo-ali-

218 5554 359 5642 quid
381 5554 701 5622 addidisse
719 5554 1137 5628 librarius,qui
1158 5554 1568 5612 Colbertinum
1585 5556 1824 5612 tertium

543 5667 844 5728 PATROL.
878 5666 993 5722 GR.
1034 5664 1204 5719 XXXI.

1847 4377 1894 4430 D

1926 3047 2031 3104 thii
2072 3045 2220 3118 Mysi
2250 3046 2452 3102 adsint
2483 3045 2725 3111 talenta,
2771 3048 2890 3103 nisi
2937 3049 3056 3106 sint
3095 3056 3259 3107 terrae
3291 3059 3374 3110 tot
3402 3060 3459 3110 et
3505 3062 3591 3113 tot

1921 3135 2159 3208 jugera,
2182 3134 2296 3190 nisi
2318 3150 2607 3206 pecorum
2633 3149 2846 3205 greges
2865 3137 3186 3206 innumeri,
3211 3141 3469 3198 sufﬁciet
3496 3143 3588 3200 ni-

1927 3225 2032 3284 hil.
2063 3224 2180 3282 Sed
2221 3230 2443 3291 tamen,
2477 3223 2716 3297 opinor,
2747 3239 2861 3298 par
2899 3230 2990 3282 est
3025 3225 3261 3285 divitias
3306 3230 3588 3291 absentes

1926 3331 2050 3373 non
2079 3319 2380 3388 expetere,
2409 3329 2522 3370 nec
2552 3313 2932 3372 desiderare:
2966 3316 3016 3372 si
3041 3333 3184 3374 vero
3214 3320 3436 3390 adsint,
3463 3339 3588 3382 non

1926 3405 2121 3477 magis
2138 3405 2218 3462 ob
2235 3406 2509 3478 ipsarum
2523 3405 2972 3487 possessionem
2984 3406 3214 3478 jactare
3229 3427 3491 3485 sequam
3507 3415 3587 3472 ob

1925 3495 2238 3552 scientiam
2257 3493 2649 3567 dispensandi
2671 3493 2941 3550 easdem.
2957 3497 3104 3553 Nam
3125 3500 3482 3570 praclarum
3497 3509 3588 3561 est

1923 3583 2072 3641 illud
2093 3581 2742 3654 Socratis.quidivitem
2760 3584 3093 3656 quemdam
3113 3588 3308 3646 virum
3335 3607 3587 3661 magno-

1926 3689 2068 3747 pere
2089 3671 2164 3728 de
2197 3671 2468 3746 pecuniis
2503 3671 2953 3744 superbientem
2977 3689 3101 3730 non
3128 3677 3294 3748 prius
3325 3679 3586 3738 admira-

1924 3767 2130 3820 turum
2152 3778 2215 3818 se
2235 3761 2404 3827 dixit,
2427 3776 2615 3834 quam
2636 3760 2768 3833 ipsa
2788 3761 2874 3817 rei
2894 3763 3259 3835 experientia
3274 3766 3586 3828 didicisset

1926 3868 2068 3910 eum
2087 3852 2160 3907 iis
2185 3850 2265 3906 uti
2286 3866 2488 3908 nosse.
2512 3853 2720 3906 Nonne
2742 3850 2790 3906 si
2811 3850 2891 3906 ob
2913 3866 3130 3909 aurum
3155 3860 3214 3912 et
3237 3855 3387 3913 ebur
3409 3859 3583 3917 valde

1929 3959 1995 3999 se
2025 3941 2373 3997 extulissent
2405 3939 2643 3994 Phidias
2673 3944 2731 3995 et
2762 3938 3118 4012 Polycletus,
3145 3959 3404 4018 quorum
3434 3949 3585 4007 alter

1929 4031 2081 4088 Eleis
2126 4033 2358 4094 Jovem,
2392 4029 2541 4085 alter
2566 4029 2806 4100 Argivis
2835 4032 3133 4090 iunonem
3180 4035 3335 4105 fecit,
3385 4045 3586 4098 essent

1926 4118 2169 4189 derisui,
2201 4117 2369 4191 quod
2415 4116 2621 4174 relicta
2667 4121 2793 4174 arte
2831 4133 2936 4190 per
2959 4135 3146 4193 quam
3167 4122 3368 4196 ipsum
3400 4127 3582 4185 etiam

1925 4225 2146 4267 aurum
2178 4205 2508 4279 jucundius
2544 4205 2986 4280 pretiosiusque
3017 4209 3297 4270 effectum
3335 4217 3584 4290 est,glo-

1924 4299 2078 4356 riam
2107 4313 2183 4354 ex
2209 4295 2430 4368 Opibus
2457 4295 2670 4351 alienis
2699 4301 3068 4368 captassent:
3097 4316 3208 4357 nos
3232 4308 3456 4373 autem,
3477 4308 3585 4380 qui

1925 4389 2200 4446 virtutem
2222 4387 2556 4444 humanam
2575 4401 2646 4441 ex
2667 4401 2730 4441 se
2761 4401 2882 4442 non
2905 4387 3183 4448 sufficere
3195 4393 3273 4450 ad
3299 4401 3582 4456 ornatum

1925 4482 2233 4552 putamus,
2253 4489 2459 4540 remne
2474 4473 2839 4530 verecundia
2859 4477 3091 4536 minore
3111 4480 3361 4554 dignam
3388 4487 3584 4546 facere

1925 4565 2299 4626 videbimur?
2316 4571 2403 4620 An
2420 4562 2660 4620 divitias
2682 4563 2928 4636 quidem
2950 4566 3443 4644 despiciemus,et
3463 4577 3587 4636 illa-

1931 4658 2136 4714 bentes
2160 4669 2268 4726 per
2309 4669 2521 4709 sensus
2552 4652 2890 4725 voluptates
2921 4655 3282 4719 habebimus
3311 4665 3584 4741 despica-

1927 4747 2032 4816 tui,
2060 4744 2531 4804 assentationem
2560 4757 2700 4800 vero
2731 4749 2789 4803 et
2815 4744 3221 4810 adulationem
3251 4770 3586 4831 proseque-

1925 4909 2202 4989 eodicem
2231 4905 2568 4989 exseripsit.
2601 4911 2688 4989 ita
2717 4909 2877 4965 enim
2903 4911 2966 4989 _i_n
2997 4910 3111 4969 hoc
3148 4913 3382 4984 legitur,
3414 4917 3580 4989 βασι-

1925 4981 2045 5057 λέως
2089 4989 2179 5034 τοῦ
2214 4981 2578 5057 μεγάλουίτὼν
2613 4988 2858 5057 Περσῶν.
2900 4985 3115 5057 Notum
3158 4981 3250 5042 es't
3287 4981 3581 5057 magnum

1923 5055 2092 5183 illum
2120 5052 2346 5124 regem,
2374 5052 2548 5123 cujus
2566 5052 2661 5108 hic
2682 5052 2750 5110 tit
2771 5053 3016 5120 mentio,
3040 5058 3357 5114 Persarum
3379 5052 3583 5131 r'egem

1954 5141 2139 5183 uisse.

1954 5141 2139 5183 ιιιεεθ.

2002 5202 2116 5268 (78)
2150 5193 2301 5251 Editi
2348 5199 2407 5251 et
2451 5209 2608 5268 unus
2637 5198 3078 5268 ms._1rpo_a'ri_xu.
3119 5197 3231 5254 Alii
3281 5203 3398 5256 tres
3428 5218 3581 5260 mss.

1928 5261 2620 5358 ﬂfécérxéti.‘yq¥uegiy?
2651 5261 2922 5358 ιζεξῖἱείξεῦ
2954 5261 3308 5327 διατίθεσθαι.
3353 5274 3588 5336 Vocula

1923 5333 1980 5396 εὗ
2003 5342 2062 5396 in
2097 5338 2312 5395 nostris
2341 5353 2443 5392 sex
2473 5352 2626 5392 mss.
2653 5333 2841 5390 deest.

2001 5415 2114 5482 (79)
2167 5406 2581 5482 Editiodéasii.
2629 5403 2859 5482 iiapxsiv
2911 5405 3119 5468 ἑαυτήν.
3172 5410 3363 5474 Editio
3403 5417 3566 5478 Paris

2368 5476 2521 5532 Libri
2565 5464 2797 5548 antiqui
2831 5464 3064 5537 omnes
3088 5464 3592 5560 a..:5;".;.;-';,;;;;

1930 5571 1971 5612 u
2048 5567 2199 5610 cere.

1930 5567 2199 5612 ulncere.

3169 5671 3232 5723 19
