4100 6196
567 282 669 338 587
1916 270 1976 327 s.
2024 267 2274 324 BASlLll
2319 269 2558 328 MAGNI.
3819 283 3918 338 εδδ

561 421 716 470 mur,
740 403 794 457 et
824 395 1162 455 Archilochi
1186 393 1522 468 vulpeculaa
1549 393 1833 450 astutiam
1861 391 2180 448 versutiam

2326 413 2479 456 πεκος
2505 398 2561 447 τό
2587 393 2863 470 κερδαλέον
2886 416 2942 451 τε
2982 402 3072 451 καὶ
3119 399 3352 452 ποικίλον
3401 400 3736 475 ζηλῶσομέν;
3789 393 3918 457 Ἀλλ’

559 510 678 567 que
705 487 1158 547 aemulabimur?
1189 485 1365 558 Atqui
1395 483 1545 540 nihil
1573 489 1661 540 est
1685 485 1808 538 viro
1831 482 2111 556 prudenti
2129 481 2178 536 fu

2326 483 2418 534 οὐκ
2492 487 2630 536 ἔστιν
2671 488 2696 538 ὃ
2743 487 2933 559 μᾶλλον
2991 495 3228 560 φευκτέον
3296 498 3369 560 τῷ
3425 500 3776 564 σωφρονοῦντι
3827 501 3917 547 τοῦ

557 581 736 655 giend
746 597 845 636 um
863 578 1276 648 magis,quam
1290 575 1366 630 ad
1386 573 1638 644 gloriam
1653 590 1674 626 ι
1691 573 2064 644 ivere,eaque
2077 588 2176 643 qui

2323 576 2452 646 πρὸς
2478 571 2634 638 δόξαν
2667 577 2783 650 ζῇν,
2833 582 2922 629 καὶ
2967 581 3034 629 τὰ
3075 583 3184 639 τοῖς
3220 579 3421 640 πολλοῖς
3466 577 3724 633 δοκοῦντα
3769 603 3917 656 προς-

555 673 740 743 vulgo
759 687 828 727 ac
850 664 1221 725 multitudini
1243 665 1597 736 probantur,
1613 670 1902 739 spectare,
1917 667 1973 718 et
1989 668 2174 717 recta:

2323 671 2516 730 κοπεῖν,
2572 669 2661 718 καὶ
2718 671 2790 737 μὴ
2839 669 2926 719 τόν
2975 667 3125 741 ὀρθόν
3181 667 3329 738 λόγον
3386 671 3617 741 ἡγεμόνα
3657 674 3918 724 ποιεῖσθαι

556 762 854 819 rationem
900 757 1030 814 vitae
1067 756 1287 811 ducem
1339 770 1461 809 non
1507 758 1789 822 statuere,
1838 752 1922 808 ita
1966 756 2028 808 ut
2079 751 2175 806 lict

2321 759 2410 804 τοῦ
2469 752 2613 824 βίου,
2677 756 2830 822 ὥστε,
2893 755 2988 808 κᾶν
3043 764 3203 810 πᾶσιν
3263 757 3554 834 ἀνθρώποις
3618 758 3913 833 ἀντιλέγειν,

566 850 739 922 184.
770 846 1119 906 hominibus
1140 843 1423 901 omnibus
1440 843 1870 910 contradicere,
1885 846 1940 898 et
1959 841 2185 910 ignomi

2321 839 2417 890 κᾶν
2477 838 2681 904 ἀδοξεῖν
2729 849 2820 896 καὶ
2872 841 3189 898 κινδυνεύειν
3245 847 3372 921 ὑπὲρ
3433 855 3525 899 τοῦ
3579 848 3741 900 καλοῦ
3799 845 3911 922 δέη,

555 942 724 996 niam
752 955 821 994 ac
852 934 1186 1009 periculum
1218 933 1421 989 subire
1452 932 1688 988 honesti
1713 947 1897 987 causa
1917 936 2174 1002 oportea‘

2321 925 2487 1000 μηδὲν
2528 933 2790 1006 αἱρεῖσθαι
2844 943 2943 985 τῶν
3003 934 3168 1007 ὀρθῶς
3213 934 3539 1009 ἐγνωσμένων
3592 946 3910 1010 παρακινεῖν.

556 1035 762 1087 tamen
794 1027 943 1083 nihil
968 1041 1176 1082 eorum
1202 1040 1336 1095 quas
1357 1028 1518 1078 recta
1536 1021 1810 1093 judicata
1835 1025 1991 1082 sunt,
2019 1020 2175 1075 invei

2320 1016 2386 1069 Ἣ
2431 1023 2518 1070 τόν
2547 1025 2618 1092 μὴ
2669 1023 2834 1084 οὕτως
2862 1026 3056 1095 ἔχοντα
3096 1029 3148 1076 τί
3187 1032 3279 1076 τοῦ
3325 1026 3612 1096 Αἰγυπτίου
3663 1035 3913 1098 σοφιστοῦ

558 1125 679 1177 tere
713 1118 984 1175 velimus.
1018 1121 1106 1171 An
1145 1129 1283 1168 eum
1314 1113 1415 1185 qui
1448 1127 1568 1167 non
1599 1111 1681 1167 ita
1711 1110 1958 1168 affectus
1999 1115 2108 1177 est,
2132 1108 2177 1165 a1

2321 1113 2545 1180 φήσομεν
2599 1109 2910 1180 ἀπολείπειν,
2979 1112 3034 1174 ὃς
3085 1117 3240 1186 φυτὸν
3296 1113 3523 1186 ἐγίγνετο
3571 1121 3661 1168 καὶ
3713 1119 3908 1191 θηρίον,

557 1207 834 1281 Egyptio
854 1205 954 1261 illo
975 1203 1245 1274 sophista
1265 1201 1491 1273 aliquid
1512 1199 1749 1255 differre
1770 1199 2062 1267 dicemus,
2083 1199 2176 1270 qui

2320 1196 2472 1247 ὁπότε
2509 1195 2771 1269 βούλοιτο,
2821 1205 2912 1252 καὶ
2950 1208 3052 1275 πῦρ
3092 1206 3182 1253 καὶ
3232 1199 3394 1278 ὕδωρ,
3434 1208 3524 1255 καὶ
3569 1206 3735 1256 πάντα
3773 1210 3938 1279 χρησ-

558 1315 697 1355 cum
723 1295 917 1363 vellet,
939 1293 1148 1364 planta
1168 1290 1351 1346 ﬁebat
1378 1295 1436 1345 et
1459 1289 1670 1358 bestia,
1692 1293 1748 1344 et
1777 1288 1934 1358 ignis
1963 1294 2018 1344 et
2047 1304 2177 1360 aqu;

2317 1303 2490 1356 ματα;
2535 1289 2687 1361 Εἴπερ
2739 1283 2808 1346 δὴ
2858 1294 2947 1341 καὶ
2999 1289 3156 1350 αὐτὸς
3198 1299 3287 1342 νῦν
3311 1295 3403 1364 μεν
3442 1296 3500 1343 τό
3533 1289 3736 1345 δίκαιον
3765 1292 3909 1345 ἔπαι-

557 1393 614 1444 et
632 1403 726 1442 res
757 1399 969 1440 omnes
985 1382 1012 1437 Τ
1037 1383 1183 1436 Nam
1215 1385 1272 1435 et
1291 1379 1418 1451 ipse
1440 1380 1624 1434 modo
1646 1378 1894 1450 quidem
1916 1378 2176 1448 justitian

2315 1377 2516 1425 νέσεται
2568 1378 2711 1448 παρὰ
2761 1383 2871 1438 τοῖς
2906 1384 3058 1430 τοῦτο
3108 1386 3324 1450 τιμῶσι·
3369 1386 3456 1430 νῦν
3505 1376 3564 1433 δι
3617 1385 3735 1442 τοὺς
3775 1380 3908 1433 ἐναν-

553 1474 829 1532 laudabit
859 1471 1022 1544 apud
1053 1485 1156 1526 eos
1175 1467 1279 1540 qui
1309 1485 1444 1524 eam
1473 1467 1710 1524 colunt:
1742 1466 1927 1523 modo
1958 1483 2100 1522 vero
2125 1466 2172 1522 lc

2316 1465 2458 1522 τίους
2489 1461 2679 1533 ἀφήσει
2725 1463 2924 1536 λόγους,
2967 1468 3088 1518 ὅταν
3139 1471 3233 1524 τὴν
3285 1463 3498 1519 ἀδικίαν
3529 1465 3909 1542 εὐδοκιμοῦσαν

552 1569 771 1638 quetur
791 1559 1146 1634 pugnantia,
1170 1558 1275 1614 ubi
1297 1557 1646 1628 injustitiam
1668 1556 1907 1629 probari
1936 1555 2171 1611 animac‘

2317 1553 2586 1619 αἴσθηται,
2637 1554 2757 1627 ὅπερ
2803 1551 2956 1617 δίκης
2986 1559 3098 1626 (δο)
3145 1554 3258 1608 ἔστὶ
3297 1555 3548 1611 κολάκων.
3593 1564 3693 1610 Καὶ
3740 1562 3907 1634 ὥσπερ

552 1653 822 1711 verterit:
851 1649 1016 1724 quod
1047 1649 1238 1704 solent
1260 1648 1602 1703 adulatores
1628 1646 1885 1702 efﬁcere.
1914 1649 1979 1702 Et
1998 1663 2171 1718 quem

2317 1643 2446 1711 φασὶ
2477 1644 2562 1692 τόν
2606 1640 2882 1695 πολύποδα
2918 1649 3013 1702 τὴν
3057 1650 3227 1718 χρόαν
3273 1649 3403 1720 πρὸς
3439 1651 3534 1704 τήν
3575 1649 3910 1721 ὑποκειμένην

553 1741 887 1801 admodum
917 1737 1288 1812 polypodem
1311 1735 1759 1792 aiuntcolorem
1782 1752 1961 1790 suum
1982 1737 2041 1791 in
2070 1737 2172 1791 suh

2315 1737 2433 1800 γῆν,
2469 1730 2627 1791 οὕτως
2668 1731 2826 1794 αὐτὸς
2858 1737 2954 1791 την
2985 1730 3221 1786 διάνοιαν
3250 1738 3381 1808 πρὸς
3409 1738 3502 1798 τάς
3533 1745 3631 1788 τῶν
3659 1741 3909 1790 συνόντων

547 1834 721 1905 jectae
751 1836 922 1888 terra:
951 1827 1216 1885 colorem
1249 1831 1501 1890 mutare,
1535 1825 1618 1880 sic
1647 1824 1742 1880 ille
1773 1841 1949 1881 suam
1976 1832 2166 1882 sentem

2314 1823 2526 1891 γνώμας
2555 1819 2939 1892 μεταϐαλεῖται.
2981 1822 3138 1876 Ἀλλά
3178 1833 3345 1876 ταῦτα
3391 1830 3481 1898 μέν
3523 1846 3624 1878 που
3662 1829 3758 1879 κάν
3804 1835 3909 1890 τοῖς

549 1921 696 1979 tiam
714 1935 787 1976 ex
807 1916 1415 1990 eorum,quibuscum
1435 1912 1907 1981 versatur,genio
1931 1911 2168 1968 mutabi‘

2317 1909 2585 1984 ἡμετέροις
2643 1910 2814 1983 λόγοις
2869 1912 3175 1989 τελειότερον
3230 1917 3598 1989 μαθησόμεθαο
3668 1919 3791 1970 ὅσον
3855 1913 3912 1971 δὲ

554 2013 687 2067 Haec
706 2008 954 2083 quidem
992 2007 1104 2062 etsi
1134 2003 1454 2078 perfectius
1503 2003 1565 2058 in
1605 2002 1827 2058 nostris
1871 2001 2038 2057 libris
2069 2017 2173 2057 con

2319 2003 2671 2072 σκιαγραφίαν
2713 2004 2831 2054 τινὰ
2884 2012 2980 2065 τῆες
3045 2002 3252 2078 ἀρετῆς,
3302 2009 3360 2057 τό
3415 2024 3476 2076 γε
3522 2014 3610 2058 νῦν
3663 2005 3812 2074 εἶναι,
3857 2006 3911 2058 ἐκ

551 2099 878 2162 discemus,
896 2100 956 2152 at
974 2100 1129 2150 certe
1141 2098 1438 2166 quantum
1461 2090 1898 2146 adumbrandaa
1922 2106 2082 2146 nunc
2104 2090 2170 2145 vii

2315 2096 2414 2138 τῶν
2473 2089 2651 2150 ἔξωθεν
2707 2087 3079 2164 παιδευμάτων
3143 2093 3592 2168 περιγραψὼμεθα
3617 2097 3756 2165 (81).
3795 2103 3910 2158 Τοῖς

551 2189 660 2246 tuti
678 2189 820 2244 satis
845 2192 953 2252 est,
970 2189 1205 2241 tantum
1228 2199 1301 2238 ex
1321 2181 1702 2236 documentis
1725 2181 1978 2236 externis
1998 2181 2170 2237 rudiu

2313 2178 2415 2250 γάρ
2453 2175 2703 2249 ἐπιμελῶς
2749 2178 2802 2242 ἐξ
2849 2179 3070 2233 ἑκάστου
3117 2186 3212 2240 τὴν
3262 2182 3502 2255 ὠφέλειαν
3552 2182 3905 2258 ἀθροίζουσιν,

552 2277 948 2333 delineemus.
974 2273 1084 2340 Qui
1114 2272 1275 2328 enim
1306 2270 1621 2340 diligenter
1645 2286 1718 2325 ex
1747 2285 2115 2342 quacunque
2144 2288 2171 2326 r

2315 2266 2487 2338 ὥσπερ
2541 2274 2651 2329 τοῖς
2696 2268 2939 2340 μεγάλοις
2987 2279 3087 2322 τῶν
3133 2281 3398 2344 ποταμῶν,
3436 2273 3616 2325 πολλαὶ
3670 2276 3905 2346 γὶνεσθαι

550 2367 866 2423 utilitatem
915 2362 1222 2431 colligunt,
1253 2360 1323 2415 iis
1365 2359 1541 2431 quasi
1571 2358 1810 2427 magnis
1854 2359 2169 2415 ﬂuminibu

2312 2354 2636 2427 πολλαχόθεν
2693 2359 2748 2409 αἱ
2803 2361 3104 2432 προσθῆκαι
3169 2364 3452 2433 πεφύκασι.
3520 2367 3590 2416 Τὸ
3656 2367 3755 2436 γὰρ
3821 2368 3908 2416 καὶ

551 2459 744 2511 solent
771 2453 1174 2524 undecunque
1218 2449 1346 2504 ﬁeri
1375 2449 1757 2504 accessiones
1799 2447 2022 2504 multae.
2057 2451 2170 2505 Nan

2316 2447 2536 2517 σμικρὸν
2603 2443 2687 2498 ἐπὶ
2753 2457 2959 2521 σμικρῷ
3019 2451 3399 2502 κατατίθεσθαι
3462 2451 3521 2504 οὐ
3586 2451 3777 2524 μᾶλλον
3837 2454 3907 2516 εἰς

549 2544 715 2617 quod
732 2543 959 2599 dictum
973 2545 1078 2605 est,
1094 2554 1350 2612 parvum
1369 2552 1558 2609 parvo
1575 2536 1648 2591 ad
1651 2536 1672 2607 j
1684 2536 2030 2605 ungendum
2050 2553 2168 2593 esse

2312 2529 2566 2608 ἀργυρίου
2612 2538 2922 2609 προσθήκην
2969 2539 2998 2597 ἦ
3051 2544 3140 2591 καὶ
3189 2539 3260 2599 εἰς
3286 2541 3582 2611 ιτιῖῑντιναοῡν
3610 2541 3907 2615 ἐπιστήμην

548 2633 612 2690 id
645 2650 682 2691 a
708 2638 892 2708 poeta
915 2647 1035 2688 non
1079 2629 1276 2699 magis
1307 2627 1382 2684 de
1407 2626 1637 2698 argenti
1665 2633 1994 2696 augmento
2014 2644 2167 2701 qua:

2311 2622 2479 2696 ὀρθῶς
2515 2625 2762 2696 ἡγεῖσθαι
2819 2628 2960 2697 ἔχειν
3011 2637 3083 2699 τῷ
3135 2636 3326 2702 ποιητῇ
3381 2638 3665 2705 προσῆκεν.
3715 2631 3775 2683 Ὀ
3816 2635 3905 2704 μὲν

547 2723 623 2779 de
643 2723 912 2795 qualibet
941 2720 1186 2777 scientia
1211 2723 1368 2773 recte
1396 2717 1621 2772 dictum
1643 2715 1827 2772 fuisse
1858 2717 2166 2774 existiman

2309 2708 2396 2764 οὖν
2449 2717 2569 2774 Βίας
2615 2722 2696 2783 ,τῷ
2753 2716 2855 2768 υἱεῖ
2899 2719 3030 2790 πρὸς
3079 2717 3400 2788 Αἰγυπτίους
3456 2717 3750 2794 ἀπαίροντι,
3819 2725 3906 2774 καὶ

545 2813 694 2868 dum
722 2817 836 2868 est.
872 2810 1009 2866 Bias
1034 2810 1216 2878 igitur
1243 2807 1366 2863 ﬁlio
1397 2807 1472 2862 ad
1500 2807 1816 2880 x‘Egyptios
1844 2808 2113 2876 abeunti,
2145 2825 2164 2864 ε

2307 2804 2670 2874 πυνθανομένῳ
2700 2808 2750 2855 τί
2791 2801 2852 2856 ἀν
2890 2814 3052 2857 ποιῶν
3093 2805 3231 2877 αὐτῷ
3273 2807 3506 2879 μάλιστα
3548 2814 3909 2884 κεχαρισμένα

544 2898 923 2971 percontanti
953 2895 1248 2969 quidnam
1281 2893 1520 2965 agendo
1547 2909 1675 2949 rem
1702 2894 1753 2950 ei
1789 2893 2163 2965 gratissima:

2305 2893 2547 2964 πράττοι,
2610 2888 2885 2963 Ἐφόδιον,
2953 2896 3078 2965 ἔφη,
3147 2899 3270 2970 πρὸς
3333 2903 3502 2970 γῆρας
3557 2901 3903 2971 κτησάμενος·

542 2990 809 3048 facturus
838 2990 1014 3043 esset.
1064 2985 1380 3053 Viaticum,
1421 2982 1639 3056 inquit,
1681 2983 1732 3039 si
1758 2984 2061 3055 paraveris
2091 2984 2161 3040 til

2303 2984 2398 3038 τὴν
2430 2979 2614 3054 ἀρετὴν
2647 2978 2730 3050 ,δὴ
2773 2985 2831 3033 τὸ
2861 2979 3066 3054 ἑφόδιον
3094 2982 3273 3055 λέγων,
3306 2994 3514 3059 μικροῖς
3565 2988 3707 3060 ὅροις
3746 2988 3908 3048 αὐτὴν

541 3080 621 3138 ad
653 3080 1021 3134 senectutem
1046 3090 1060 3140 ;
1098 3074 1379 3129 virtutem
1405 3073 1692 3128 viaticum
1721 3072 2051 3144 appellans,
2077 3076 2160 3130 exi

2304 3072 2653 3143 περιγράφων,
2697 3071 2752 3131 ὃς
2793 3089 2850 3141 γε
2881 3069 3182 3146 ἀνθρωπίνῳ
3215 3072 3320 3146 βίῳ
3348 3079 3444 3133 τὴν
3482 3073 3570 3127 ἀπ’
3601 3076 3765 3140 αὐτῆς
3793 3081 3909 3150 (82)

540 3169 673 3240 guis
693 3183 829 3224 eam
849 3163 1118 3222 terminis
1143 3161 1669 3225 circumscribens,
1691 3163 1916 3235 quippe
1941 3163 2044 3235 qui
2065 3164 2159 3235 eju

2303 3158 2544 3230 ὠφέλειαν
2581 3160 2819 3232 ὡρίζετο.
2862 3159 2990 3232 Ἐγὼ
3037 3158 3094 3214 ὃε
3132 3161 3227 3213 κάν
3284 3165 3342 3214 τό
3393 3165 3622 3217 Τιθωνοῦ
3669 3184 3751 3228 τις
3799 3177 3907 3237 γῆ-

538 3257 856 3313 utilitatem
910 3255 1182 3308 humana
1236 3252 1358 3307 vita
1413 3250 1730 3306 deﬁnierit.
1791 3253 1913 3320 Ego
1968 3258 2157 3307 autem

2301 3266 2418 3321 ρας,
2452 3247 2547 3300 κᾶν
2594 3251 2652 3301 τὸ
2703 3248 3077 3323 ’Λργανθωνὶου
3121 3250 3270 3324 λέγῃ,
3322 3251 3418 3304 κᾶν
3465 3257 3522 3306 τὸ
3553 3262 3645 3306 τοῦ
3699 3275 3908 3329 μακρο-

536 3344 777 3402 etiamsi
814 3342 1118 3414 quispiam
1168 3340 1435 3413 proferat
1471 3339 1533 3394 in
1565 3339 1834 3395 medium
1885 3347 2155 3396 senecta:

2304 3336 2561 3390 ϐιωτάτου
2591 3337 2714 3412 παρ’
2764 3340 2887 3410 ἡμῖν
2927 3340 3271 3410 Μαθουσάλα,
3312 3343 3368 3404 ὃς
3417 3342 3573 3413 χίλια
3608 3346 3719 3410 ἔτη,
3761 3347 3911 3419 τριά-

531 3433 786 3498 Tithoni,
807 3431 934 3487 sive
956 3429 1366 3499 Arganthonii,
1389 3429 1512 3484 sive
1535 3427 1880 3484 Mathusalae
1897 3428 2150 3502 illius,qi

2301 3444 2459 3478 κοντα
2505 3423 2744 3494 δεόντων,
2806 3425 2998 3500 βιῶναι
3047 3429 3270 3500 λέγεται·
3321 3429 3416 3482 κᾶν
3473 3435 3753 3504 σύμπαντα
3815 3437 3905 3488 τόν

529 3521 899 3592 longissimae
921 3517 1086 3591 apud
1107 3533 1219 3574 nos
1239 3519 1370 3574 vitae
1393 3516 1520 3586 fuit,
1543 3516 1648 3590 qui
1677 3532 1873 3572 annos
1896 3517 2057 3574 mille
2086 3536 2146 3574 m

2301 3515 2389 3587 ἀφ’
2447 3515 2506 3569 οὗ
2569 3521 2846 3589 γεγόνασιν
2911 3518 3174 3594 ἂνθρωποι
3237 3527 3430 3595 χρόνον
3505 3520 3789 3595 ἀναμετρῇ,
3835 3526 3906 3585 ὡς

530 3627 646 3669 nus
667 3609 911 3680 triginta
930 3607 1142 3664 vixisse
1161 3606 1398 3674 dicitur,
1413 3605 1650 3662 etiamsi
1664 3611 1851 3662 totum
1866 3623 1936 3662 ex
1948 3623 2072 3680 quo
2088 3609 2149 3664 hr

2301 3604 2385 3657 ἐπὶ
2409 3602 2614 3658 παίδων
2665 3603 2900 3670 διανοίας
2930 3608 3240 3682 γελάσομαι,
3283 3611 3354 3672 εἰς
3399 3614 3486 3663 τόν
3524 3615 3728 3686 ’μακρόν
3777 3610 3907 3665 ἀπο-

529 3701 726 3758 mines
749 3697 970 3756 conditi
991 3702 1131 3753 sunt
1149 3701 1390 3768 tempus
1410 3695 1772 3762 dimetiatur,
1786 3695 1969 3752 veluti
1990 3698 2148 3770 pueri

2303 3704 2508 3748 σκοπῶν
2556 3700 2646 3748 καὶ
2703 3695 2885 3771 ἀγήρω
2927 3698 3107 3766 αἰῶνα,
3159 3699 3220 3751 οὗ
3273 3704 3434 3774 πέρας
3483 3697 3635 3753 οὐδέν
3674 3699 3789 3753 ἐστι
3836 3709 3901 3775 τῇ

526 3788 648 3848 lem
661 3787 1020 3845 sententiam
1032 3785 1242 3842 ridebo
1257 3790 1385 3841 tum
1400 3784 1644 3846 cum.ad
1659 3785 1958 3856 prolixum
1974 3785 2145 3842 illudi

2299 3782 2499 3856 ἐπινοίᾳ
2549 3784 2740 3851 λαϐεῖν,
2796 3785 2854 3838 οὐ
2904 3786 3095 3860 μᾶλλόν
3124 3807 3181 3859 γε
3238 3789 3267 3848 ἡ
3325 3789 3563 3847 τελευτὴν
3608 3791 3908 3844 ὑποθέσθαι

528 3878 677 3936 nulli
689 3877 857 3934 senio
873 3875 1206 3932 obnoxium
1220 3874 1863 3945 steculumrespiciam,
1878 3875 2051 3946 cujus
2065 3891 2146 3932 no

2297 3881 2393 3935 τῆς
2422 3876 2537 3944 (83)
2582 3875 2842 3928 ἀθανάτου
2872 3875 3078 3948 ψυχῆς.
3131 3881 3269 3950 Πρός
3308 3880 3458 3952 ὅνπερ
3498 3880 3729 3932 κτᾶσθαι
3771 3899 3910 3953 παρ-

527 3968 814 4025 estﬁnem
829 3965 1016 4022 ullum
1031 3970 1229 4020 mente
1241 3962 1714 4035 apprehendere,
1729 3979 1850 4018 non
1865 3964 2146 4034 magisuti

2297 3963 2557 4035 αινέσαιμ’
2595 3962 2656 4015 ἂν
2694 3966 2761 4016 τὰ
2807 3961 3011 4037 ἐφόδια.
3053 3968 3222 4019 πάντα
3267 3966 3428 4035 λίθον,
3474 3971 3608 4020 κατά
3645 3973 3741 4026 τὴν
3770 3989 3908 4044 παρ-

525 4073 644 4131 que
659 4072 847 4130 quam
861 4053 1201 4111 immortalis
1215 4053 1424 4108 animae
1442 4051 1736 4107 interitum
1751 4052 2080 4123 assignare.
2097 4059 2140 4109 Α

2295 4056 2490 4123 οιμίαν,
2522 4060 2812 4117 κινοῦντας,
2858 4056 2969 4107 ὅθεν
3002 4053 3062 4106 ειν
3109 4055 3265 4129 μέλλῃ
3314 4075 3396 4119 τις
3442 4058 3564 4129 ὑμῖν
3611 4055 3689 4110 ἐπ’
3741 4058 3907 4111 αὐτὸν

524 4145 690 4219 quod
711 4161 909 4201 aevum
932 4140 1369 4216 possidendum
1395 4141 1680 4196 viaticum
1712 4145 1776 4196 ut
1801 4143 2143 4213 compareti:

2294 4140 2509 4213 ὠφέλεια
2570 4145 2904 4214 γενήσεσθαι·
2971 4140 3100 4217 μηδ’
3163 4147 3245 4197 ὅτι
3309 4145 3518 4218 χαλεπὰ
3573 4154 3744 4200 ταῦτα
3808 4155 3910 4202 καὶ

521 4235 730 4291 hortor
744 4231 1146 4306 vos,lapidem
1167 4234 1507 4298 omnem,ut
1522 4234 1611 4285 est
1631 4229 1690 4284 in
1707 4230 2140 4302 proverbio,m<

2292 4235 2451 4283 πόνου
2513 4227 2749 4304 δεόμενα,
2812 4229 2907 4286 διὰ
2960 4233 3100 4286 τοῦτ’
3161 4233 3556 4309 ἀποκνήσωμεν·
3608 4234 3716 4288 ἀλλ’
3776 4235 3909 4292 ἀνα-

518 4328 746 4388 ventes,
773 4321 934 4378 unde
965 4321 1172 4393 aliqua
1195 4317 1368 4375 vobis
1390 4317 1612 4374 utilitas
1629 4318 1707 4374 ad
1728 4319 1843 4374 hoc
1862 4335 2137 4393 assequei

2292 4323 2614 4393 μνησθέντας
2653 4324 2768 4392 (84)
2807 4330 2900 4375 τοῦ
2929 4327 3358 4396 παραινέσαντος,
3391 4327 3468 4377 ὅτι
3499 4321 3611 4378 δέοι
3640 4323 3759 4398 βίον
3802 4330 3906 4398 μὲν

517 4409 656 4466 dum
671 4425 989 4466 accessura
1001 4411 1303 4480 sit.Neque
1316 4423 1458 4463 vero
1471 4407 1752 4480 quoniam
1764 4407 2031 4464 difﬁcilia
2044 4426 2136 4465 sui

2291 4413 2506 4485 ἄριστον
2529 4411 2702 4481 ιαὑτὸν
2744 4412 2962 4465 ἕκαστον
3019 4415 3410 4488 προαιρεῖσθαι,
3448 4411 3585 4472 ἡδὺν
3629 4411 3690 4467 δι
3726 4435 3907 4488 προσ-

517 4498 668 4565 hmo,
693 4504 750 4553 et
767 4498 1038 4554 laborem
1060 4497 1399 4570 requirunt,
1424 4512 1639 4566 segnes
1669 4513 1739 4553 ac
1767 4497 1921 4569 pigri
1957 4499 2136 4556 etﬁciz

2291 4497 2452 4572 δοκᾲν
2482 4509 2542 4574 τῇ
2595 4502 2843 4574 συνηθείᾳ
2883 4505 3223 4572 γενησεσθαι,
3279 4501 3537 4578 ἐγχειρεῖν
3595 4511 3706 4565 τοίς
3762 4503 3904 4578 βε).-

515 4603 683 4645 mur:
714 4587 820 4643 sed
851 4601 1151 4642 memores
1179 4587 1312 4657 ejus
1338 4586 1443 4658 qui
1467 4586 1784 4642 admonuit
1813 4588 1994 4643 vitam
2025 4594 2132 4660 opt

2286 4593 2504 4650 τίστοις.
2539 4589 2775 4660 Δίσχρὸν
2816 4592 2944 4663 γὰρ,
2993 4593 3081 4643 τὸν
3133 4596 3371 4664 παρόντα
3426 4596 3608 4668 καιρὸν
3661 4597 3902 4668 προεμέ-

586 4713 701 4785 (80)
729 4709 919 4767 Editio
951 4709 1134 4768 Paris.
1177 4711 1308 4789 ὅπερ.
1332 4705 1480 4789 δίκη.
1529 4709 1723 4789 Editio
1754 4709 1926 4789 B_as_il.
1951 4717 2009 4767 et
2031 4714 2171 4789 Reg.
2283 4713 2456 4789 vellet
2484 4713 2830 4789 exemplum
2866 4729 3231 4789 magnorum
3264 4716 3518 4789 illorum,
3539 4716 3904 4789 ﬂuminum,

513 4777 636 4860 tres
673 4777 820 4860 ipss.
862 4797 1001 4860 cum
1032 4797 1156 4836 uno
1187 4777 1354 4860 Cplb.
1397 4781 1518 4860 ὅπερ
1554 4777 1730 4860 Eliges.
1763 4781 1933 4838 Colb.
1956 4777 2173 4860 tertius
2283 4777 2834 4860 quibusundélibet
2857 4777 3233 4843 accEssiones
3263 4788 3469 4845 multa:
3494 4788 3669 4860 ﬁunt,
3683 4805 3759 4847 ex
3781 4777 3909 4848 He:-

513 4858 641 4929 ἢπερ
675 4851 822 4931 δίκη.
875 4857 988 4931 lt_a_
1011 4852 1369 4931 emendatus
1417 4851 1505 4931 est
1544 4851 1709 4931 Golb.
1743 4855 2072 4931 secundus,
2109 4861 2172 4914 ut
2282 4851 2476 4918 siodo.
2511 4857 2660 4931 Ἔργ.
2695 4875 2752 4912 v.
2777 4862 2880 4914 359
2909 4866 3366 4931 sq.,_sumptum
3392 4877 3548 4916 esse.

508 4920 930 5015 pupc‘habeat
962 4926 1083 5015 ξπιρ
1126 4920 1318 5015 «lxx-ag:
1374 4923 1478 4978 sed
1510 4930 1647 5015 apte
1680 4925 2127 5015 emendatione:

2288 5002 2318 5015 ﬁ
2349 4932 2462 5015 (§2)
2497 4920 2688 5015 Edit'io
2729 4920 2995 5015 utraque
3013 4920 3332 5015 's‘rr’nab‘igs.‘
3361 4937 3432 4987 At
3469 4932 3634 5004 Regii
3660 4931 3791 4990 duo
3841 4939 3907 4993 et

506 4999 774 5055 habebat
801 5001 929 5072 ἥπερ
963 4993 1111 5055 ὃίκή.
1135 4997 1393 5072 Quoquo
1421 4994 1604 5051 modo
1636 4997 1772 5067 quis
1790 4999 1980 5072 leget,
2010 5014 2125 5072 err;

2284 4993 2452 5072 Colb.
2496 5003 2702 5072 tertius
2747 4993 3050 5072 auriauri;
3105 4999 3371 5058 Subinde
3412 4993 3587 5058 unus
3622 5021 3740 5060 ms.
3773 5021 3903 5072 pro

505 5073 709 5144 turum
735 5085 860 5144 non
887 5067 1053 5144 puto.
1067 5067 1404 5144 _Aliquanto
1433 5071 1744 5144 pos_t_mss.
1768 5069 1892 5125 duo
1912 5069 2124 5142 μεταϐάί

2287 5070 2402 5144 λέγῃ
2437 5072 2619 5128 habet
2640 5071 2800 5144 λέγοι,
2836 5071 3008 5144 Haud
3039 5071 3218 5142 longe
3251 5075 3390 5144 Reg.
3422 5075 3628 5130 tertius
3657 5081 3716 5132 et
3739 5067 3906 5134 alter

503 5137 1122 5222 hrcnﬁflitiétgolb.
1155 5137 1358 5222 tertius
1386 5137 1794 5222 μεταϐαλεῖται.Δ
2048 5217 2058 5222 Α

2287 5137 2400 5222 [del
2448 5147 2603 5222 api».
2653 5137 2981 5222 Editijrap:
3014 5137 3181 5222 ἠμῷνῖ
3233 5137 3366 5201 Νοό
3398 5145 3484 5203 ita
3513 5146 3704 5204 multo
3747 5153 3906 5222 post

574 5216 685 5283 (81)
716 5213 863 5268 Edili
894 5218 949 5285 et
976 5214 1116 5276 Reg.
1157 5211 1365 5285 tertius
1389 5210 1854 5285 θπεριγραψόμεθα.
1895 5212 2002 5285 Alii
2043 5217 2162 5269 tres

1559 5210 1854 5285 ραψόμεθα.
1895 5212 2002 5285 Alii
2043 5217 2162 5269 tres
2278 5210 2447 5270 Cdlb.
2476 5210 2682 5270 tertius
2713 5210 3175 5285 naidwv'd‘tavoiq.

497 5273 644 5364 tuas.
668 5273 1152 5360 ’περιγραψώμεθκ
1199 5286 1314 5369 Nec
1347 5282 1428 5368 ita
1460 5273 1652 5369 iiiu‘ltq;
1679 5273 1811 5353 post
1840 5284 2025 5369 editio
2052 5287 2116 5369 Et

1759 5288 1811 5338 st
1840 5284 2025 5369 editio
2052 5287 2160 5369 ξει-
2346 5289 2459 5369 ςββ)
2485 5286 2651 5369 Colb.
2686 5288 2889 5369 tertius
2918 5273 3237 5369 ὑπερθέσθαι
3260 5295 3323 5347 τῆ
3335 5307 3375 5349 ς.

494 5356 595 5408 ris.
655 5349 759 5406 τῶν
809 5349 1073 5426 ποταμῶν,
1135 5357 1268 5406 κατά
1325 5358 1411 5405 τόν
1464 5349 1986 5440 Ἰῐῃσίοὸοῖῃηπολλαι
2050 5358 2113 5411 Ν(

2480 5358 2730 5440 Ἀῃιὶςμιί
2792 5360 2960 5440 duo“
3176 5357 3607 5440 ἀναμνησθέντες.
3645 5363 3897 5440 _Statim

491 5425 594 5479 stri
644 5441 748 5480 sex
799 5424 1099 5498 mssgrov
1154 5434 1410 5498 ποταμῶν
1445 5425 1649 5498 πολλαί.
1721 5424 1864 5498 illud
1928 5432 2110 5482 auten

2271 5424 2409 5484 editi
2435 5431 2603 5481 αὐτῶν
2635 5424 2874 5484 ἕκαστον.
2918 5429 3113 5486 Nostri
3137 5446 3244 5487 sex
3273 5424 3425 5488 inss.
3456 5431 3612 5485 αὐτὸν
3640 5436 3890 5493 ἕκαστον.

486 5499 623 5572 κατά
671 5499 759 5547 τὸν
804 5493 1072 5572 ᾙσίοδον,
1116 5503 1264 5566 puto
1291 5493 1430 5572 non
1469 5513 1517 5572 _a
1583 5495 1802 5572 Basilio
1858 5499 2105 5572 scriptui

1142 5493 1430 5572 iuto'non
1469 5513 1517 5572 _a
1583 5495 1802 5572 Basilio
1858 5493 2152 5572 scripturn
2272 5501 2419 5572 Lege
2456 5503 2761 5558 Duczeum.

477 5563 694 5636 fuisse,
724 5567 831 5623 sed
860 5566 939 5624 ab
963 5563 1169 5639 aliquo
1201 5567 1436 5623 erudito
1467 5567 1732 5636 homine,
1768 5568 1869 5640 qui
1904 5563 2149 5626 monere
