4100 6196
156 273 256 331 589
1205 266 1492 324 IIOMILIA
1531 267 1600 322 IN
1632 266 2021 323 MAMANTEM
2050 266 2449 322 MARTYREM.
3407 273 3512 326 590

160 417 296 465 νους,
347 396 568 470 ὕστερόν
631 391 750 447 ποτ’
802 391 1174 446 ἀνακαλεῖσθαι
1238 394 1297 444 τὸ
1351 391 1624 465 παρελθόν,
1673 391 1756 443 ὅτε

1896 405 2028 446 nam
2059 389 2138 446 ab
2168 405 2540 463 unoquoque
2578 389 2951 460 seligendam
2983 406 3138 460 esse,
3171 407 3241 449 ac
3271 408 3515 464 sperare

163 484 308 540 οὐδὲν
355 488 508 538 ἔσται
555 483 704 538 πλέον
753 481 1047 556 ἀνιωμένοις
1096 485 1232 548 (85).
1284 481 1415 552 Ἐγὼ
1463 484 1552 553 μεν
1595 479 1682 531 οὖν
1722 477 1758 531 ἁ

1900 494 1998 536 am
2028 479 2460 536 consuetudine
2481 479 2814 550 jucundam
2834 480 3138 538 redditum
3164 482 3254 546 iri,
3283 482 3519 556 optima

162 579 413 650 κράτιστα
443 571 571 627 εἶναι
618 578 796 648 κρίνω,
841 575 907 625 τὰ
949 575 1039 645 μεν
1067 579 1156 623 νῦν
1186 579 1388 645 εἴρηκα,
1422 573 1486 622 τὰ
1517 566 1577 622 δὲ
1612 570 1758 643 παρὰ

1898 569 2112 639 ηεςτθόί
2142 584 2252 641 par
2282 574 2390 625 est.
2433 573 2625 642 Turpe
2664 576 2754 626 est
2779 585 2938 626 enim
2969 575 3210 643 tempus
3249 588 3517 644 praesens

164 667 323 718 πάντα
378 664 491 734 (86)
533 665 617 715 τόν
663 661 782 734 βίον
839 662 960 733 ὑμῖν
1021 658 1410 733 ξυμϐουλεύσω·
1465 659 1608 730 ὑμεῖς
1674 654 1754 722 δε,

1901 659 2154 726 mittere,
2177 663 2234 715 et
2252 659 2530 732 elapsum
2549 665 2763 732 postea
2792 677 3091 732 revocare,
3117 678 3254 718 cum
3277 661 3517 720 nullum

163 758 309 825 τριῶν
375 747 804 823 αρῥωστημάτων
856 749 1034 810 ὄντων,
1100 749 1171 818 μή
1230 752 1304 815 τῷ
1353 742 1543 815 ἀνιάτω
1593 760 1760 816 προσ-

1900 746 2124 819 mplius
2145 746 2386 804 dabitur
2409 748 2778 804 dolentibus.
2814 751 2936 816 Ego
2961 749 3206 817 quidem
3242 766 3376 822 quae
3413 767 3519 824 op-

168 844 379 893 εοικέναι
424 835 634 904 δόξητε,
686 832 826 910 μηδι
873 840 968 895 τὴν
1006 843 1098 895 τῆς
1139 839 1348 906 γνώμης
1394 837 1544 886 νόσον
1580 852 1758 907 παρα-

1897 837 2009 892 ima
2037 851 2168 893 esse
2193 853 2432 910 censeo,
2468 837 2690 911 partim
2732 839 2902 911 185
2941 854 3102 895 nunc
3131 839 3274 908 dixi,
3296 841 3516 912 partim

167 929 387 988 πλησίαν
452 935 515 1001 τῇ
585 935 688 980 τῶν
753 926 822 987 εἰς
885 928 952 978 τὰ
1019 930 1236 997 σώματα
1301 920 1758 994 δυστυχησάντων

1897 923 2038 981 ὀὺὶε
2069 941 2177 998 per
2201 942 2446 983 omnem
2476 927 2664 984 vitam
2693 927 3001 984 suadebo:
3031 945 3143 985 vos
3181 944 3346 997 vero,
3376 945 3516 986 cum

170 1015 388 1081 δείξητε.
439 1018 506 1069 Οἱ
544 1019 634 1089 μεν
682 1018 784 1088 γὰρ
824 1016 889 1068 τά
927 1015 1092 1089 μικρά
1129 1022 1227 1065 τῶν
1257 1015 1436 1065 παθῶν
1463 1013 1756 1084 κάμνοντες,

1898 1013 1979 1069 ria
2016 1015 2134 1070 sint
2163 1015 2589 1084 aegritudinum
2629 1032 2872 1087 genera,
2907 1017 2957 1072 ei
2982 1017 3150 1090 quod
3174 1017 3517 1075 insanabile

168 1109 304 1160 αὐτοὶ
348 1109 499 1180 παρά
534 1110 649 1167 τους
693 1105 899 1178 ἰατροὺς
938 1106 1202 1178 ἔρχονται·
1251 1104 1300 1155 οἱ
1339 1098 1398 1156 δε
1441 1103 1542 1154 ὑπὸ
1587 1100 1762 1173 μειζό-

1903 1106 1956 1158 st
1984 1101 2208 1158 similes
2246 1118 2323 1159 ne
2352 1103 2702 1170 videamini,
2736 1121 2935 1178 neque
2963 1105 3298 1162 ostendatis
3330 1106 3519 1162 animi

164 1219 250 1250 νων
311 1197 722 1268 καταληφθέντες
789 1193 1215 1268 ἀρρωστημάτων
1277 1191 1381 1264 ὶφ⁹’
1416 1191 1626 1250 ἑαυτοὺς
1671 1210 1763 1242 κα-

1901 1191 2176 1253 morbum.
2232 1193 2451 1249 morbo
2503 1209 2715 1250 eorum
2761 1194 2867 1266 qui
2928 1210 3180 1266 corpore
3231 1199 3520 1266 aegrotant

165 1287 303 1340 λοῡσι
353 1290 475 1346 τοὺς
515 1287 924 1360 θεραπεύσοντας
967 1285 1102 1352 (87)·
1153 1284 1200 1334 οἱ
1250 1277 1309 1334 δε
1366 1280 1432 1340 εἰς
1480 1279 1762 1338 ἀνήκεστον

1898 1279 2272 1337 onsimilem.
2303 1281 2530 1338 Etenim
2561 1282 2969 1338 invaletudine
3000 1299 3190 1354 parva
3219 1284 3324 1356 qui
3351 1283 3517 1341 labo-

161 1376 415 1437 παντελῶς
465 1373 817 1448 μελαγχολίας
867 1373 1264 1443 παρενεχθέντες
1321 1366 1445 1423 οὐδε
1509 1375 1762 1444 προσιόν-

1902 1374 2025 1437 ant,
2056 1370 2174 1441 ipsi
2212 1371 2512 1427 accedunt
2541 1372 2618 1428 ad
2645 1372 2948 1428 medicos:
2989 1373 3094 1445 qui
3124 1389 3266 1430 vero
3293 1374 3521 1430 morbis

157 1487 240 1528 τας
269 1471 605 1540 προσίενται.
651 1463 718 1516 ⁸0
758 1467 829 1536 μη
871 1464 1072 1519 πάθητε
1114 1461 1202 1513 νόν
1245 1461 1406 1533 ὑμεῖς,
1439 1463 1557 1521 τοὺς
1603 1461 1766 1534 ὀρθῶς

1907 1459 2198 1531 iajoribus
2247 1462 2509 1533 correpti
2559 1461 2746 1530 fuere,
2788 1463 3058 1520 medicos
3096 1470 3414 1520 accersunt
3443 1463 3526 1520 ad

153 1559 374 1628 ἔχοντας
404 1565 510 1609 τῶν
547 1554 815 1626 λογισμῶν
847 1550 1236 1624 ἀποφεύγοντες.

1908 1563 1984 1615 e;
2034 1549 2140 1621 qui
2189 1556 2390 1606 autem
2443 1551 2504 1606 in
2553 1551 2818 1624 aliquem
2870 1557 3014 1609 atrae
3065 1553 3202 1609 bilis
3241 1554 3527 1610 morbum

150 1661 412 1720 prorsus
460 1641 977 1701 immedicabilem
1014 1640 1166 1713 lapsi
1200 1643 1362 1702 sunt.
1393 1655 1469 1696 ne
1508 1638 1860 1695 accedentes
1897 1639 2148 1712 quidem
2195 1639 2524 1698 admittunt
2557 1659 2570 1698 :
2603 1641 2768 1714 quod
2803 1648 3007 1701 cavete
3043 1658 3120 1701 ne
3153 1643 3326 1701 vobis
3363 1659 3528 1701 nunc

151 1736 416 1803 accidat,
455 1735 511 1791 si
539 1751 642 1792 eos
670 1733 778 1807 qui
800 1736 999 1789 mente
1029 1746 1101 1787 ac
1125 1730 1356 1787 ratione
1386 1728 1620 1802 praediti
1645 1733 1808 1800 sunt,
1839 1727 2102 1799 fugiatis.

156 1913 3434 1937 Μ

763 2049 1009 2100 ΟΜῙΛῙΑ
1051 2040 1168 2097 Kl".
1797 2038 1844 2096 Β
2449 2041 2749 2100 HOMILIA
2769 2045 2958 2102 XXIII.

496 2172 582 2234 εἰς
607 2173 695 2226 τὸν
723 2170 873 2243 ἅγιον
903 2171 1146 2245 μάρτυρα
1169 2168 1449 2240 Μάμαντα.

2124 2168 2199 2224 In
2225 2173 2502 2224 sanctum
2530 2174 2861 2240 martyrem
2892 2170 3277 2230 Mamantem.

229 2306 286 2358 1.
341 2299 459 2354 οὐκ
507 2295 680 2370 ἀγνοῶ
725 2297 787 2348 τὸ
843 2295 1053 2368 μέγεθος
1099 2300 1200 2346 τῶν
1251 2294 1352 2346 ύπό
1395 2299 1487 2352 τῆς
1528 2291 1770 2362 πανηγύ-

1953 2294 2004 2347 t.
2028 2289 2198 2347 Haud
2220 2291 2430 2361 ignoro
2451 2293 2963 2365 panegyricorum
2984 2311 3193 2353 eorum
3219 2297 3322 2370 qui
3343 2297 3403 2353 in
3425 2313 3534 2370 pu-

151 2413 278 2466 ρεως
331 2391 633 2464 ἐγκωμίων·
695 2386 804 2439 ἀλλ’
861 2388 1032 2459 ὥσπερ
1085 2387 1242 2438 ’τοῦτο
1282 2382 1594 2456 ἰπίσταμαι,
1636 2381 1770 2434 οὕτω

1910 2378 2036 2435 ιιὶοο
2065 2385 2366 2436 conventu
2391 2381 2562 2450 fiunt,
2591 2383 3012 2442 difﬁcultatem
3035 2402 3106 2443 ac
3128 2387 3390 2459 pondus:
3418 2388 3529 2444 sed

151 2488 244 2536 καὶ
311 2490 410 2542 τῆς
474 2477 740 2537 ἀσθενείας
803 2484 896 2536 τῆς
953 2474 1178 2548 ἐμαυτοῦ
1243 2471 1644 2545 ἐπαισθάνομαι.
1711 2469 1769 2523 Ἡ

1911 2473 1943 2523 ιι
1964 2467 2077 2523 hoc
2103 2468 2251 2539 scio,
2270 2468 2352 2524 ita
2371 2474 2429 2525 et
2446 2468 2817 2528 debilitatem
2839 2489 3040 2530 meam
3059 2474 3189 2546 ipse
3210 2475 3530 2547 persentio.

152 2576 242 2645 μὲν
271 2575 386 2645 γὰρ
419 2569 670 2627 ὑπόθεσις
713 2565 923 2618 ἀπαιτεί
965 2564 1110 2627 ἄξιόν
1156 2583 1206 2616 τι
1243 2561 1469 2636 ῥηθῆναι
1510 2571 1608 2614 τῶν
1653 2579 1771 2613 συν-

1912 2560 2078 2612 Ξιιιιεει
2098 2573 2364 2630 namque
2383 2559 2517 2630 ipsa
2533 2561 2820 2632 postulat,
2844 2566 2908 2617 ut
2928 2562 3156 2635 aliquid
3177 2563 3411 2619 dicatur
3445 2563 3531 2619 di-

155 2663 413 2716 ελθόντων
469 2662 562 2710 καὶ
609 2663 700 2719 τῆς
752 2650 963 2716 ἐλπίδος
1009 2655 1068 2714 ἧς
1115 2655 1334 2724 ἔχουσιν
1373 2649 1447 2724 ἐφ’
1487 2652 1631 2723 ἡμῖν,
1682 2653 1773 2701 καὶ

1913 2662 2068 2709 :num
2112 2647 2182 2702 iis
2219 2648 2323 2720 qui
2354 2664 2711 2722 convenere,
2759 2656 2816 2706 et
2855 2667 2961 2723 spe
3003 2668 3190 2725 quam
3233 2652 3309 2709 de
3353 2652 3532 2710 nobis

158 2761 249 2812 τῆς
300 2750 628 2807 ὑποθέσεως.
681 2740 892 2801 Ἐπειδὴ
955 2743 1056 2817 γὰρ
1114 2740 1198 2794 ἰπὶ
1256 2749 1319 2814 τῇ
1383 2744 1607 2814 μεγίστῃ
1673 2746 1772 2790 τῶν

1915 2735 2250 2806 oncipiunt,
2289 2743 2344 2792 et
2382 2739 2468 2792 rei
2508 2744 2889 2808 argumento.
2925 2741 3226 2806 Quoniam
3269 2743 3431 2798 enim
3469 2742 3533 2799 in

164 2843 450 2916 μαρτύρων
494 2838 686 2907 ἄγομεν
733 2837 827 2890 τήν
877 2837 1085 2904 μνήμην
1145 2835 1391 2904 σήμερον,
1442 2828 1569 2902 ὅρθή
1625 2833 1774 2880 πᾶσα

1915 2825 2148 2880 maxima
2202 2825 2543 2883 celebritate
2597 2828 2778 2886 hodie
2829 2829 3147 2888 referimus
3195 2839 3534 2905 martyrum

169 2915 381 2983 ὅιόὶνοια
423 2930 520 2979 καὶ
569 2923 959 2996 ἔμπαράσκευος
1001 2925 1153 2988 ακοὸ,
1198 2921 1352 2973 εἰπεῖν
1399 2938 1452 2972 τι
1498 2919 1641 2981 ἄξιον
1681 2922 1773 2968 τοῦ

1914 2915 2259 2981 nemoriam,
2274 2932 2446 2971 mens
2471 2918 2669 2973 omnis
2688 2926 2888 2976 erecta
2907 2925 3019 2990 est,
3037 2927 3094 2978 et
3112 2924 3274 2978 auris
3299 2927 3533 2992 parata,

172 3022 432 3093 μάρτυρος
481 3009 861 3089 προσδοκῶσα,
903 3014 994 3064 καὶ
1035 3011 1180 3082 πόθῳ
1226 3010 1297 3080 τῷ
1336 3013 1454 3083 περὶ
1486 3007 1639 3059 αὑτὸν
1677 3009 1771 3064 τὴν

1914 3010 2234 3077 xspectans
2260 3011 2322 3060 ut
2343 3005 2595 3076 dignum
2615 3007 2843 3080 aliquid
2864 3017 3130 3082 martyre
3159 3011 3260 3068 illo
3275 3013 3530 3080 dicatur,

174 3109 457 3167 ἐκκλησίαν
503 3103 706 3174 ὶπάγει.
765 3105 865 3155 Καὶ
915 3103 1016 3175 γὰρ
1077 3101 1384 3172 εὐγνώμονες
1437 3093 1622 3158 παῖδες
1677 3114 1772 3169 με-

1915 3111 1952 3150 rc
1970 3097 2102 3166 ipso
2120 3093 2276 3148 illius
2298 3094 2596 3150 desiderio
2617 3099 2976 3154 concionem
2997 3100 3176 3168 cogit.
3198 3104 3343 3156 Nam
3361 3100 3534 3156 liberi

175 3200 306 3269 γέλα
362 3196 659 3248 ἀπαιτοῦσι
703 3193 772 3244 τά
817 3199 916 3244 τῶν
972 3193 1205 3264 πατέρων
1249 3189 1502 3260 ἐγκώμια,
1553 3190 1643 3240 καὶ
1683 3185 1777 3238 οὐκ

1916 3183 2035 3248 :rati
2064 3183 2390 3252 magniﬁca
2409 3189 2650 3255 patrum
2681 3187 2985 3256 praeconia
3011 3189 3278 3258 exigunt,
3302 3205 3413 3245 nec
3429 3204 3535 3262 pa-

179 3289 236 3340 ἀν
278 3282 661 3348 καταδέξαιντο
719 3279 768 3334 ἓν
823 3284 1102 3356 μικρότητι
1154 3287 1246 3332 τοῦ
1307 3278 1542 3350 λέγοντος
1588 3273 1777 3329 κινδυ-

1916 3278 2151 3330 erentur
2179 3289 2387 3328 eorum
2426 3289 2564 3346 quae
2602 3273 2915 3332 laudanda
2938 3284 3139 3333 essent
3167 3278 3535 3349 magnitudi-

180 3380 310 3432 νεὺεν
357 3385 464 3429 τῶν
516 3370 983 3445 ὶγκωμιαζομένων
1034 3373 1091 3422 τό
1143 3369 1376 3442 μέγεθος.
1443 3367 1605 3420 Ὥστε
1670 3367 1778 3437 ὅσῳ

1919 3383 2024 3422 [θαι
2065 3381 2138 3420 ex
2168 3363 2423 3420 dicentis
2454 3365 2737 3422 tenuitate
2767 3367 3108 3438 periclitari.
3158 3371 3538 3443 Quapropter

181 3470 366 3541 μείζων
419 3468 451 3524 ἡ
512 3464 804 3536 προθυμία,
858 3461 1096 3531 τοσούτῳ
1135 3463 1295 3533 μέγας
1343 3460 1370 3512 ὀ
1413 3454 1667 3518 κίνδυνος.
1716 3461 1780 3510 Τί

1916 3472 2011 3530 [uo
2028 3455 2224 3525 major
2234 3459 2320 3510 est
2332 3460 2554 3523 vestra,
2571 3455 2871 3524 alacritas,
2885 3473 2959 3513 eo
2973 3459 3300 3530 periculum
3316 3461 3535 3532 majus.

183 3551 273 3607 οὖν
311 3559 599 3626 ποιήσομεν
633 3569 647 3620 ;
696 3558 809 3613 Πῶς
853 3547 913 3604 δε
954 3554 1044 3603 καὶ
1085 3552 1172 3610 τὰς
1215 3550 1464 3622 ὑμετέρας
1503 3545 1782 3618 ἐπιθυμίας

1922 3546 2038 3612 Quid
2061 3546 2240 3616 igitur
2256 3561 2468 3599 sumus
2495 3544 2746 3600 facturi?
2781 3548 3101 3612 Quomodo
3117 3566 3329 3605 rursus
3347 3549 3541 3621 exple-

187 3642 654 3716 ἀποπληρὼσομεν,
710 3645 800 3694 καὶ
867 3640 1014 3693 αὐτοὶ
1070 3643 1141 3712 μή
1203 3637 1498 3710 ἀπέλθωμεν
1564 3635 1782 3688 ἀσυντε-

1921 3637 2093 3691 vimus
2119 3634 2421 3690 desideria
2437 3639 2632 3690 vestra
2649 3640 2706 3690 et
2725 3636 2839 3708 ipsi
2861 3653 2984 3692 non
3010 3637 3336 3707 abibimus,
3358 3654 3441 3706 re,
3464 3637 3540 3694 de

184 3731 280 3793 λείς
318 3741 420 3784 τῶν
473 3735 742 3803 παρόντων
775 3745 789 3796 ;
846 3726 1279 3804 Παρακαλέσομεν
1319 3726 1544 3784 ἑκάστην
1573 3724 1780 3796 ψυχὴν,

1923 3741 2015 3799 [ua
2036 3740 2198 3780 nunc
2225 3726 2439 3794 agitur,
2473 3723 2687 3780 infecta
2711 3725 2722 3779 l
2749 3725 3222 3782 Adhortabimur
3267 3727 3542 3783 animum

189 3821 222 3872 ἆ
257 3823 466 3894 ἔχουσα
494 3820 647 3879 ἦλθεν
693 3817 742 3871 ἐν
788 3825 850 3890 τῇ
902 3818 1105 3891 μνήμη,
1146 3823 1314 3869 ταῦτα
1357 3813 1784 3872 ἀνακαινήσασαν

1924 3828 2415 3886 inumquemque,
2431 3818 2643 3886 utque:
2658 3814 2717 3869 in
2734 3816 3025 3872 memoria
3041 3815 3250 3873 habuit
3266 3833 3405 3872 cum
3424 3817 3543 3874 huc

191 3919 247 3984 τῇ
309 3909 550 3983 διανοίᾳ,
629 3910 826 3962 οἴκοθεν
894 3906 1343 3979 ἑπισιτισαμένην,
1408 3913 1514 3966 τοῖς
1578 3903 1789 3964 οἰκείοις

1926 3905 2170 3970 .ccessit,
2201 3919 2272 3959 ea
2299 3920 2509 3959 secum
2535 3904 2594 3958 in
2629 3910 2826 3960 mente
2849 3905 3103 3972 refricet,
3132 3905 3545 3979 abscedatque

193 3999 422 4074 ίῖοὸίοις
468 4001 655 4058 ἑαυτήν
703 3999 1029 4072 ενᾶφράνασαν
1076 3995 1330 4051 ἀπελθεῖν.
1382 3996 1661 4054 Μνὴσθητέ
1698 4012 1789 4066 μοι

1930 3993 2242 4051 Lomesticis
2272 3992 2572 4049 alimentis
2605 3995 2919 4062 enutritus,
2953 4001 3009 4052 et
3055 4013 3166 4052 suo
3205 3996 3397 4069 ipsius
3428 3997 3549 4053 via-

192 4100 279 4144 τοῦ
331 4093 620 4165 μρτυρος,
681 4089 797 4140 ὅσοι
845 4083 920 4139 δι’
967 4085 1172 4160 ὀνείρων
1226 4085 1386 4138 αὑτοῦ
1431 4082 1786 4142 ἀπηλαύσατε·

1929 4085 2017 4140 ico
2044 4083 2432 4160 exhilaratus.
2452 4084 2829 4140 Memineritis
2846 4085 3026 4142 velim
3047 4089 3350 4157 martyris,
3370 4091 3548 4158 quot-

193 4184 326 4249 ὅσοι,
375 4183 751 4252 περιτυχόντες
788 4183 861 4248 τῷ
899 4179 1042 4249 τόπῳ
1078 4178 1267 4247 τούτῳ,
1299 4174 1598 4248 ἐσχήκεσαν
1638 4172 1792 4225 αὐτόν

1930 4179 2050 4247 [uot
2070 4189 2139 4229 eo
2166 4174 2226 4230 in
2249 4174 2484 4230 somnis
2514 4174 2673 4229 fruiti
2697 4175 2862 4230 estis.
2902 4177 3275 4233 Meminerint
3312 4193 3549 4248 omnes,

199 4274 439 4344 συνεργόν
518 4268 586 4328 εἰς
657 4271 987 4342 προσευχήν·
1057 4266 1216 4326 ὅσοις.
1287 4262 1500 4337 ὀνόματι
1563 4262 1791 4329 κληθεὶς,

1936 4264 2007 4337 [υἱ
2027 4264 2142 4319 hoc
2164 4263 2222 4318 in
2243 4263 2376 4318 loco
2397 4263 2718 4330 constituti,
2733 4265 2936 4334 ipsum
2959 4265 3301 4336 adjutorem
3322 4267 3400 4323 ad
3425 4283 3555 4340 pre-

200 4359 278 4412 ἰπί
352 4367 458 4412 τῶν
540 4360 702 4430 ῐργων
758 4361 1016 4430 παρέστη·
1078 4357 1230 4415 ὅσους
1281 4350 1590 4429 ὁδοιπόρους
1648 4352 1798 4404 ἐπαν-

1941 4352 2170 4408 andum
2190 4351 2458 4407 habuere
2481 4368 2494 4407 :
2517 4351 2741 4423 quibus
2761 4369 2900 4408 cum
2921 4359 3318 4425 operarentur
3338 4361 3557 4428 praesto

201 4451 408 4521 ἑγαγεν·
451 4449 606 4506 ὅσους
646 4444 698 4508 ἐξ
739 4443 1031 4519 ἀρρωστίας
1070 4442 1373 4502 ἀνέστησεν·
1418 4445 1559 4504 ὅσοις
1605 4438 1800 4501 παῖδας

1942 4443 2038 4511 uit,
2069 4441 2248 4497 simul
2278 4447 2340 4498 ut
2369 4442 2614 4498 nomine
2646 4448 2893 4500 vocatus
2923 4449 3011 4500 est
3043 4461 3056 4500 :
3091 4461 3246 4516 quos
3290 4462 3361 4502 ex
3387 4462 3561 4520 pere-

200 4535 465 4590 ἀπέδωκεν
533 4531 640 4592 ἤδη
724 4533 1189 4596 τετελευτηκότας·
1265 4534 1405 4593 ὅσοις
1478 4533 1803 4608 προθεσμίας

1945 4530 2246 4586 τὶιιειὶοηθ
2263 4529 2519 4598 reduxit,
2539 4546 2697 4602 quos
2722 4546 2795 4586 ex
2818 4530 3164 4590 inﬁrmitate
3190 4535 3398 4604 erexit,
3429 4536 3564 4608 qui-

203 4626 316 4699 βίον
366 4629 695 4700 μακροτέρας
733 4622 996 4691 ἰποίησεν,
1039 4625 1216 4676 Πάντα
1263 4642 1353 4695 μοι
1405 4626 1801 4694 συναγαγόντες,

1950 4639 2030 4676 ιυε
2057 4620 2280 4677 liberos
2296 4621 2426 4691 jam
2455 4620 2579 4676 vita
2599 4619 2837 4678 functos
2861 4623 3132 4686 restituit,
3180 4625 3406 4697 quibus
3432 4640 3569 4697 pro-

203 4714 458 4788 ἐγκώμιον
535 4713 590 4766 ἐκ
667 4720 840 4766 κοινοῦ
927 4712 1106 4787 ἐράνου
1187 4718 1470 4770 πονησατε.
1552 4710 1805 4770 Ἀλλήλοις

1948 4713 2152 4779 ogavit
2167 4710 2529 4784 praefinitum
2546 4711 2678 4768 vita:
2695 4718 2954 4785 tempus.
2969 4713 3240 4771 Collectis
3258 4714 3567 4783 omnibus,

205 4802 440 4871 διάδοτε,
481 4803 517 4856 ἂ
565 4799 704 4856 οἶδεν
743 4803 980 4868 ἕκαστος,
1025 4811 1098 4874 τῷ
1135 4807 1206 4875 μὴ
1258 4799 1444 4856 εἰδότι·
1496 4799 1530 4854 ἃ
1567 4806 1638 4874 μὴ
1673 4796 1804 4867 οἶδε,

1955 4817 1990 4856 x
2007 4800 2315 4856 communi
2333 4799 2616 4872 symbolo
2634 4801 3006 4872 praeconium
3023 4803 3386 4874 componite.
3401 4804 3572 4857 Com-

205 4895 508 4967 λαμὸοἱνέτω
558 4895 700 4966 παρὰ
747 4899 840 4945 τοῦ
888 4889 1108 4957 εἰδότος,
1160 4896 1250 4944 καὶ
1299 4892 1460 4954 οὕτως
1499 4890 1555 4944 ἰκ
1606 4907 1810 4943 συνεισ-

1958 4889 2227 4947 sunicate
2264 4889 2418 4945 inter
2447 4905 2575 4955 vos,
2613 4907 2751 4963 quae
2780 4892 3039 4964 quisque
3086 4890 3577 4961 novitimpertiat

209 4992 362 5057 φορᾶς
415 4983 672 5045 ἀλλήλους
740 4985 1194 5050 συνεστιάσαντες,
1251 4983 1398 5055 ἡμῶν
1454 4990 1517 5056 τῇ
1577 4979 1816 5054 ἀσθενείᾳ

1959 4979 2223 5052 gnoranti
2257 4997 2270 5031 :
2295 4995 2430 5050 quae
2452 4980 2710 5049 ignorat,
2742 4979 2820 5036 ab
2846 4979 3061 5036 edocto
3086 4977 3360 5049 accipiat.
3386 4981 3578 5048 Atque

215 5079 500 5146 σζιγγνωτε.

1958 5069 2034 5125 ibi
2073 5068 2156 5124 sic
2194 5083 2267 5124 ex
2301 5075 2515 5125 mutuo
2555 5068 2836 5141 symbolo
2874 5067 3031 5123 alius
3061 5066 3248 5124 alium
3278 5063 3577 5138 paveritis,

1929 5156 2324 5216 imbecillitati
2353 5162 2578 5213 nostra;
2605 5155 2915 5225 ignoscite.

279 5257 333 5309 2.
383 5259 570 5306 Ταῦτα
614 5253 719 5326 γὰρ
768 5249 1001 5324 ἐγκώμια
1038 5251 1319 5326 μάρτυρος,
1376 5251 1402 5303 ὁ
1460 5248 1677 5310 πλοῦτος
1723 5256 1822 5302 τῶν

2002 5253 2057 5306 2.
2108 5252 2241 5305 Haec
2281 5248 2442 5305 enim
2483 5246 2765 5319 martyris
2809 5249 2949 5302 sunt
2999 5244 3326 5318 praeconia,
3366 5243 3586 5303 divitia!

287 5433 406 5498 (85)
437 5429 630 5495 Verte.
663 5446 800 5487 cum
825 5430 984 5487 nihil
1007 5430 1158 5500 angi
1177 5428 1470 5499 proderit.
1505 5431 1722 5500 Mitem.
1940 5425 2454 5500 mss.invenitur.

289 5493 405 5572 86)
429 5493 656 5559 Vocem
673 5504 845 5555 πάντα
859 5518 928 5557 ex
947 5493 1116 5557 libris
1137 5493 1438 5557 veteribus
1457 5499 1830 5556 addidimus.

2015 5499 2129 5572 ($7)
2159 5497 2410 5572 Codices
2440 5493 2984 5572 duo_0£p_ane~ﬁov:a;.
3024 5493 3196 5572 Haud
3227 5495 3410 5566 longe
3441 5511 3599 5572 unus

227 5565 352 5630 ne:
391 5565 589 5630 'editio
641 5573 839 5648 Paris.
867 5571 1319 5648 _&pﬁw_a"rny_drwv
1349 5576 1534 5648 autem.
1573 5573 1686 5628 Sed
1719 5587 1835 5648 vox

1984 5568 2139 5624 odex
2171 5565 2712 5648 πάθοιτε.-ξίιῑ)ἱῑιᾳθ
2737 5566 2862 5621 duo
2888 5583 3038 5624 mss.
3069 5572 3158 5622 τὸν
3181 5565 3457 5643 λογισμὸν.
3491 5569 3602 5624 Alii

228 5650 381 5697 νᾶτων
413 5662 614 5720 neque
646 5647 707 5702 in
739 5637 1000 5702 editione
1033 5637 1239 5713 [las-11.,
1285 5659 1483 5715 neque
1521 5643 1583 5698 in
1614 5643 1838 5700 nostris

1315 5660 1483 5715 teque
1521 5643 1583 5698 in
1614 5643 1838 5700 nostris
1949 5641 2074 5696 duo
2107 5656 2254 5694 mss.
2286 5646 2340 5694 et
2363 5637 2504 5696 editi
2524 5646 2622 5691 τῶν
2651 5637 2934 5710 λογισμῶν.
