4100 6196
536 259 639 314 595
677 291 686 300 ο

1915 245 1974 302 S.
2015 243 2262 300 BASILII
2297 243 2516 302 MAGNI

3788 249 3902 304 596

534 381 811 453 pastores
840 374 1078 432 silentio
1088 371 1576 448 praetermittens,
1600 384 1810 427 verum
1821 368 1968 426 illud
1979 371 2190 442 pasto-

2315 369 2478 430 νόθους
2515 372 2784 443 ποιμένας,
2830 369 2906 443 ἐφ’
2948 368 3129 424 ἑαυτὸν
3184 371 3494 444 περιίστησι
3544 370 3640 426 τὴν
3698 365 3903 427 anes»

535 468 683 526 ritiae
712 466 855 523 artis
908 463 1322 521 testimonium
1375 461 1489 518 sibi
1536 460 1831 517 vindicat:
1879 462 2000 529 Ego
2060 474 2191 515 sum

533 557 952 627 pastorbonus
978 556 1044 610 ³³.
1097 554 1224 620 Ειιο
1243 567 1397 615 sum,
1424 558 1478 608 et
1499 567 1621 608 non
1669 557 1934 606 mutatus
1964 564 2095 604 sum
2123 551 2189 603 ³ο.

541 648 675 714 Qua
702 645 938 702 dicendi
962 643 1195 699 ratione
1226 642 1410 698 utitur
1432 657 1572 697 cum
1603 655 1830 709 magna
1855 639 2024 695 dicit:
2066 640 2193 708 Ego

539 751 728 793 manu
755 749 884 791 mea
911 734 1158 802 ﬁrmavi
1186 736 1445 788 terram:
1470 745 1569 802 ego
1583 729 1830 786 extendi
1864 730 2078 785 caelum
2107 743 2196 784 so-

545 825 638 882 lus
661 826 737 879 ³¹ε
771 824 922 878 sicut
942 837 1080 877 cum
1105 826 1164 877 et
1185 820 1303 877 alia
1324 819 1651 891 magniﬁca
1669 835 1740 875 ac
1759 819 1948 888 digna
1968 834 2104 890 ques
2120 817 2195 873 de

545 916 664 970 Deo
693 912 990 978 dicantur,
1019 909 1265 984 profert,
1315 910 1398 965 sic
1447 910 1621 965 dicit:
1680 910 1902 966 Pastor
1946 908 2132 963 bonus
2167 909 2197 961 Ρ

544 1002 746 1072 Abigit
774 1001 1033 1074 spurios,
1065 1004 1122 1055 et
1164 999 1468 1054 veritatem
1494 998 1605 1054 sibi
1634 998 1763 1070 ipse
1790 997 2196 1067 assumit.Ego

544 1107 674 1148 sum
693 1097 907 1162 pastor
944 1091 1149 1145 bonus.
1198 1087 1364 1144 Disce
1388 1089 1525 1160 quis
1551 1087 1623 1143 sit
1641 1093 1871 1159 pastor,
1894 1091 1952 1143 et
1969 1085 2106 1159 quis
2127 1086 2201 1142 sit

545 1180 767 1237 bonus.
803 1179 1091 1248 Fungitur
1134 1178 1263 1250 ipse
1319 1176 1628 1248 intepretis
1681 1191 1951 1232 munere.
2015 1177 2197 1231 Verus

543 1271 1030 1342 pastoranimam
1047 1283 1218 1323 suam
1230 1270 1400 1336 ponit
1409 1281 1523 1336 pro
1540 1266 1778 1322 ovibus:
1794 1280 2200 1322 mercenarius

549 1359 1018 1430 vero,etquinon
1035 1364 1118 1414 est
1127 1362 1357 1428 pastor,
1375 1360 1545 1427 cujus
1582 1372 1703 1412 non
1732 1362 1873 1412 sunt
1907 1371 2038 1413 oves
2068 1371 2204 1425 pro-

546 1451 718 1521 priae,
748 1464 869 1505 non
895 1453 1092 1518 curat,
1115 1463 1247 1504 cum
1275 1447 1484 1517 lupum
1517 1447 1850 1503 venientem
1874 1445 2030 1502 videt
2048 1446 2122 1500 ³³.

620 1629 673 1683 4.
708 1626 811 1683 Hic
841 1626 1057 1699 quierit
1083 1624 1362 1691 Ecclesia,
1417 1624 1466 1680 si
1505 1628 1715 1698 pastor
1757 1625 2048 1681 Dominus
2091 1627 2204 1692 est,

2300 465 2396 520 τῆς
2445 470 2794 532 ποιμαντικῆς
2851 465 3161 535 μαρτυρίαν.
3223 459 3352 530 Ἐγώ
3421 458 3528 530 εἰμι
3610 460 3636 509 6
3701 462 3903 530 ποιμὴν

2301 550 2328 601 6
2391 548 2566 610 καλός.
2642 549 2769 622 Ἐγώ
2839 551 2966 623 εἰμι,
3038 555 3127 603 καὶ
3204 549 3300 601 οὐκ
3375 547 3678 620 ἠλλοίωμαι.
3760 554 3903 615 Πῶς,

2301 639 2424 690 ὅταν
2484 641 2551 691 τὰ
2605 639 2806 712 μεγάλα
2854 639 2974 712 λέγῃ
3002 659 3016 674 ο
3068 639 3199 710 Ἐγὼ
3237 647 3300 697 τῆ
3342 635 3904 711 χειρίνμουέστερέωο

2304 746 2376 780 σα
2430 732 2520 786 την
2570 737 2668 800 γῆν
2713 749 2728 763 ·
2813 727 2908 801 ἐγὼ
2963 727 3181 791 ἐξέτεινα
3254 730 3341 779 τὸν
3415 727 3631 802 ούρανὸν
3698 729 3852 799 μόνος
3889 747 3903 760 ο

2302 817 2369 876 ὡς
2415 819 2536 870 ὃταν
2587 817 2750 870 τοῦ.λα
2802 817 2926 890 λέγῃ
2976 820 3043 870 τὰ
3099 816 3382 890 ἁξιοπρεπῆ
3448 820 3538 868 καὶ
3594 815 3720 878 ἄξια
3782 819 3905 888 περὶ

2307 913 2439 959 Θεοῦ
2491 906 2752 978 λέγεσθαι,
2809 907 2974 969 οὕτως
3034 906 3208 978 λέγει’
3273 906 3334 958 Ὀ
3379 909 3575 978 ποιμὴν
3625 906 3650 956 6
3705 903 3903 971 καλός;

2307 993 2620 1050 Ἀποδιώκει
2674 1001 2791 1059 τοὺς
2844 1000 3048 1069 νόθους,
3097 1001 3188 1050 καὶ
3233 1001 3328 1055 την
3377 995 3619 1054 ἀλήθειαν
3669 995 3736 1056 εἰς
3780 995 3908 1048 ίαν-

2303 1088 2394 1139 τόν
2451 1091 2808 1163 περιίστησιν.
2863 1087 2995 1158 Ἐγώ
3061 1086 3166 1159 εἰμι
3249 1087 3274 1138 6
3348 1089 3542 1158 ποιμὴν
3621 1087 3647 1136 6
3729 1083 3909 1146 καλός.

2308 1177 2453 1228 Μάθε
2491 1181 2567 1237 τίς
2605 1175 2745 1229 ἐστιν
2785 1179 2811 1228 6
2854 1181 3071 1248 ποιμὴν,
3117 1180 3208 1228 καὶ
3245 1180 3318 1236 τίς
3357 1168 3556 1228 ἐστινίἱ
3590 1173 3761 1234 καλός.
3794 1173 3911 1228 Δύ-

2307 1269 2393 1325 τός
2444 1264 2733 1340 ἑρμηνεύει.
2781 1265 2840 1319 Ὀ
2904 1264 3146 1327 ἀληθινὸς
3192 1270 3386 1338 ποιμὴν
3438 1268 3533 1322 τὴν
3579 1263 3764 1336 ψυχήν
3805 1262 3913 1315 αύ-

2308 1361 2404 1407 τοῦ
2453 1357 2666 1413 τίθησιν
2713 1356 2840 1430 ὑπὲρ
2894 1363 2995 1408 τῶν
3059 1353 3371 1428 προϐάτων’
3419 1355 3444 1406 6
3511 1349 3571 1406 δε
3621 1354 3910 1425 μισθωτὸς,

2309 1449 2403 1497 καὶ
2449 1443 2543 1497 οὐκ
2586 1445 2654 1496 ὢν
2700 1449 2916 1518 ποιμὴν,
2967 1444 3028 1498 οὗ
3084 1444 3179 1498 οὐκ
3226 1442 3336 1497 ἐστι
3380 1444 3448 1496 τὰ
3492 1441 3734 1517 πρόϐατα
3769 1438 3909 1508 ἰδια,

2313 1533 2372 1586 ού
2421 1534 2564 1606 μέλει
2605 1534 2764 1606 αύτῷ,
2815 1536 2935 1587 ὅταν
2982 1530 3076 1607 ἴδῃ
3125 1533 3279 1587 λύκον
3320 1533 3622 1609 ἐρχόμενον.

2384 1627 2440 1681 4.
2472 1627 2708 1678 Ενταῦθα
2759 1625 2907 1686 ζητεῖ
2953 1625 2983 1682 ἡ
3043 1623 3349 1693 Ἐκκλησία,
3409 1623 3452 1676 εἰ
3506 1625 3702 1695 ποιμὴν
3740 1622 3768 1673 6
3808 1622 3919 1676 Κύο

549 1716 687 1789 quis
714 1715 787 1771 sit
815 1715 1225 1771 mercenarius
1245 1713 1497 1787 pastor?
1531 1718 1684 1771 Num
1705 1714 1987 1770 diabolus
2003 1714 2030 1769 ?
2064 1716 2129 1770 Et
2158 1713 2202 1768 si

2315 1733 2441 1791 ριος,
2473 1719 2553 1776 τίς
2590 1716 2858 1788 μισθωτὸς
2903 1719 3141 1787 ποιμήν;
3183 1719 3269 1773 Μὴ
3316 1714 3342 1765 6
3391 1709 3672 1778 διάϐολος;
3721 1715 3826 1764 Καὶ
3874 1709 3921 1762 εἰ

548 1805 833 1861 diabolus
863 1810 955 1861 est
992 1805 1402 1862 mercenarius
1436 1811 1662 1877 pastor,
1693 1805 1831 1877 quis
1868 1805 1943 1861 sit
1969 1804 2152 1877 lupus
2179 1803 2207 1859 ?

549 1895 716 1951 Certe
742 1893 988 1968 quidem
1016 1894 1200 1968 lupus
1230 1898 1319 1951 est
1338 1894 1640 1954 diabolus.
1661 1895 1856 1950 bestia
1874 1893 1976 1951 illa
1998 1893 2209 1950 imma-

544 1985 660 2051 nis,
683 2000 896 2056 rapax,
920 1985 1278 2052 insidiatrix,
1315 1984 1658 2041 communis
1679 1985 1954 2040 omnium
1984 1984 2198 2040 hostis.

551 2074 966 2144 Habeatigitur
979 2074 1448 2147 appellationem
1468 2074 1780 2147 propriam
1797 2073 2208 2131 mercenarius

545 2169 778 2238 pastor.
807 2164 1201 2221 Mercenarios
1231 2169 1506 2236 pastores
1532 2163 1774 2220 dicebat
1827 2169 1968 2221 tunc
2012 2163 2210 2219 Domi-

546 2268 666 2309 nus
694 2254 773 2310 ad
803 2269 908 2310 eos
930 2269 1282 2319 conversus,
1307 2254 1413 2326 qui
1445 2260 1587 2310 tunc
1607 2253 1885 2310 aderant.
1918 2257 2067 2310 Sunt
2104 2268 2211 2309 au-

547 2346 670 2399 tem
691 2342 1306 2410 etiamnunc,utinam
1327 2357 1450 2398 non
1471 2349 1674 2399 essent
1695 2344 1706 2399 !
1725 2345 1829 2415 qui
1853 2343 1971 2399 sibi
1989 2357 2209 2413 cogno-

547 2447 690 2488 men
724 2431 1237 2488 mercenariorum
1265 2431 1615 2487 conciliant.
1671 2431 1842 2487 Tune
1893 2431 2207 2503 pontiﬁces

546 2520 980 2578 indicabantur
1025 2526 1083 2576 et
1124 2519 1429 2590 Pharisaei,
1488 2524 1545 2576 et
1591 2520 1789 2576 omnis
1816 2519 1917 2576 illa
1953 2519 2208 2575 Judaica

549 2616 738 2667 secta.
760 2610 893 2667 Illos
920 2615 1192 2684 pastores
1217 2610 1621 2666 mercenarios
1639 2610 1896 2675 dicebat,
1919 2608 2205 2682 quiquae-

546 2704 696 2765 stus,
728 2715 850 2755 non
875 2699 1140 2755 veritatis
1163 2699 1355 2771 gratia
1375 2704 1728 2771 potestatem
1755 2698 2041 2770 pascendi
2063 2697 2210 2754 arri-

546 2793 825 2860 puerant.
838 2789 946 2852 Qui
969 2793 1257 2860 praetextu
1274 2804 1432 2846 vano
1449 2794 1863 2860 precantur,ut
1883 2789 2206 2844 viduarum

546 2891 772 2950 panem
796 2883 976 2949 atque
996 2877 1412 2949 orphanorum
1439 2878 1781 2937 comedent.
1800 2879 1838 2934 ii
1856 2878 2209 2934 mercenarii

551 2971 710 3021 sunt.
737 2964 976 3022 Utilitati
999 2982 1124 3021 suae
1161 2967 1266 3038 qui
1297 2966 1649 3038 inserviunt,
1682 2969 1908 3040 quique
1937 2983 2204 3039 prtesens

2314 1806 2341 1856 6
2408 1800 2648 1865 διάϐολος
2696 1806 2964 1876 μισθωτός
3016 1808 3232 1876 ποιμὴν,
3297 1807 3378 1864 τίς
3445 1803 3471 1854 6
3522 1801 3704 1866 λύκοςς
3759 1798 3925 1852 Ἀλλὰ

2314 1892 2466 1954 λύκος
2497 1899 2586 1967 μεν
2625 1895 2650 1946 6
2701 1890 2964 1958 διαϐολος,
3018 1896 3076 1945 τὸ
3144 1890 3394 1967 ἀνήμερον
3454 1893 3653 1966 θηρίον,
3702 1891 3762 1942 τὸ
3817 1887 3922 1962 ἁρ-

2315 1986 2592 2047 πακτικὸν,
2657 1984 2716 2034 1'6
2774 1980 3060 2048 ἐπίϐουλον,
3131 1983 3157 2034 6
3223 1983 3394 2043 κοινὸς
3449 1983 3652 2033 πάντων
3701 1977 3918 2050 ἐχθρός,

2316 2072 2512 2145 Ἐχέτω
2553 2076 2722 2125 τοίνυν
2775 2068 2916 2124 ἰδίαν
2958 2076 3322 2146 προσηγορίαν
3370 2071 3637 2143 μισθωτὸς
3682 2073 3912 2140 ποιμήν.

2316 2163 2630 2223 Μισθωτοὺς
2675 2164 2918 2233 ποιμένας
2959 2165 3076 2214 τότε
3112 2163 3203 2233 μὶν
3248 2163 3379 2235 πρὸς
3425 2161 3544 2218 τοὺς
3609 2161 3726 2210 τότε
3792 2154 3926 2210 ἁπο-

2319 2256 2655 2325 στρεφόμενος
2712 2252 2739 2304 6
2797 2254 2988 2324 Κύριος
3035 2251 3220 2323 ἔλεγεν.
3286 2251 3406 2304 Εἰσὶ
3446 2246 3506 2302 δε
3560 2251 3651 2301 καὶ
3697 2248 3748 2299 6i
3801 2252 3919 2309 νῦν,

2314 2343 2381 2402 ὡς
2427 2341 2520 2393 ούκ
2568 2340 2762 2412 ὄφελον,
2817 2343 2866 2393 οἰ
2922 2346 3016 2399 τὴν
3063 2345 3420 2414 προσηγορίαν
3475 2347 3576 2390 τῶν
3635 2337 3922 2409 μισθωτῶν

2313 2432 2670 2502 οἰκειούμενοι,
2719 2435 2846 2483 Τότε
2896 2428 3162 2505 ἀρχιερεῖς
3217 2426 3556 2482 ἐνεδείκνυντο
3603 2431 3693 2478 καὶ
3748 2431 3924 2498 Φαρι-

2317 2525 2479 2584 σαῖοι,
2527 2523 2618 2571 καὶ
2655 2525 2754 2572 πᾶν
2802 2517 2961 2572 ἐκεῖνο
3011 2522 3068 2572 1'6
3110 2523 3290 2592 κόμμα
3317 2522 3378 2571 τὸ
3405 2513 3715 2572 Ἰουδαῑκόν.
3752 2513 3926 2567 Ἐκεῖ-

2313 2626 2433 2670 νους
2497 2609 2792 2680 μισθωτοὺς
2857 2607 2994 2680 ἔλεγε
3053 2613 3319 2681 ποιμένας,
3386 2611 3506 2668 τοὺς
3571 2605 3630 2658 ού
3697 2599 3794 2655 διὰ
3855 2605 3924 2654 τὸ

2313 2693 2520 2761 ἀληθὲς,
2566 2695 2695 2749 ἀλλὰ
2736 2694 2830 2750 διὰ
2875 2701 2933 2750 τὸ
2982 2698 3151 2750 αὐτῶν
3179 2693 3436 2773 χρειῶδες
3465 2700 3558 2754 τὴν
3588 2702 3679 2748 τοῦ
3705 2695 3932 2764 ποιμαί-

2313 2804 2413 2837 νειν
2466 2784 2704 2849 ἐξουσίαν
2770 2786 3040 2849 λαϐόντας.
3120 2789 3185 2840 Oi
3250 2785 3335 2838 ἐπὶ
3390 2786 3648 2860 προφάσει
3717 2787 3935 2856 ματαίᾳ

2313 2881 2751 2948 προσευχόμενοι,
2813 2878 2896 2928 ἱνα
2936 2878 3260 2929 κατεσθίωσι
3310 2879 3397 2927 τόν
3449 2877 3604 2950 ἄρτον
3657 2882 3756 2927 τῶν
3815 2891 3934 2945 χη-

2315 2972 2417 3038 ρῶν
2487 2968 2577 3016 καὶ
2659 2973 2759 3017 τῶν
2836 2967 3088 3038 ὀρφανῶν,
3159 2965 3302 3017 οὗτοι
3355 2967 3634 3038 μισθωτοί.
3693 2966 3761 3016 Oi
3825 2967 3936 3020 τὴν

551 3059 870 3122 sectantes,
916 3069 1040 3110 non
1069 3055 1391 3112 intendunt
1419 3055 1479 3111 in
1521 3055 1810 3125 futurum,
1855 3055 2206 3113 mercenarii

2316 3058 2502 3129 χρείαν
2579 3057 2957 3129 θεραπεύοντες,
3030 3057 3081 3108 οἰ
3153 3058 3214 3109 τὸ
3267 3058 3434 3128 παρὸν
3500 3051 3796 3119 διώκοντες,
3859 3054 3938 3105 οὐ

550 3147 713 3213 sunt,
743 3158 866 3198 non
897 3146 1268 3215 pastores.Et
1291 3160 1454 3199 nune
1481 3145 1835 3201 mercenarii
1861 3146 2054 3210 multi,
2101 3146 2208 3218 qui

550 3246 663 3304 pro
674 3231 894 3287 misera
909 3231 1163 3301 gloriola
1179 3232 1364 3288 vitam
1379 3249 1554 3289 suam
1565 3234 1720 3290 vend
1732 3235 1967 3306 unt,qui
1981 3240 2208 3290 etnune

552 3320 819 3376 schisma
854 3319 916 3376 in
964 3320 1126 3376 sanis
1170 3322 1410 3377 Domini
1440 3321 1636 3378 verbis
1665 3322 2039 3394 explicandis
2071 3338 2210 3379 con-

551 3407 720 3465 ﬂant.
767 3411 903 3464 Haec
943 3409 1107 3465 enim
1135 3426 1274 3466 eum
1325 3411 1614 3467 Dominus
1645 3411 1916 3480 dixisset,
1945 3412 2211 3469 schisma

552 3502 831 3555 exortum
851 3503 941 3554 est
960 3498 1112 3554 inter
1131 3514 1234 3555 eos
1256 3500 1329 3556 ³³.
1363 3500 1474 3556 Alii
1501 3501 1809 3564 dicebant.
1834 3501 2208 3557 Dmmonium

553 3585 770 3643 habet:
803 3586 923 3643 alii.
963 3590 1092 3643 Non
1128 3594 1324 3660 potest
1359 3589 1592 3646 efﬁcere
1635 3591 1898 3658 daemon,
1939 3596 2006 3648 ut
2051 3591 2211 3648 oculi

555 3676 700 3732 caeci
723 3674 1050 3733 videant".
1089 3677 1270 3733 Vides
1294 3694 1484 3751 quam
1513 3685 1684 3737 vetus
1715 3682 1789 3738 sit
1816 3681 2211 3738 dissensionis

564 3763 740 3835 188
759 3764 971 3821 vitium
994 3766 1024 3822 ?
1071 3766 1282 3824 Statim
1313 3774 1518 3824 autem
1546 3769 1953 3826 ventilabrum
2003 3771 2210 3844 paleas

556 3851 846 3910 discernit
868 3871 903 3911 a
923 3853 1226 3912 frumento
1247 3858 1313 3911 ³⁵.
1345 3859 1412 3914 Et
1429 3858 1596 3932 quod
1619 3858 1864 3932 quidem
1893 3859 2023 3916 leve
2050 3865 2138 3917 est
2157 3864 2214 3916 et

556 3942 855 4011 instabile,
905 3945 1245 4015 sejungitur
1291 3947 1370 4004 ab
1418 3964 1489 4006 eo
1542 3948 1710 4022 quod
1735 3950 1859 4005 vim
1889 3949 2072 4007 habet
2099 3966 2211 4006 nu-

558 4031 812 4089 triendi:
842 4033 1010 4106 quod
1033 4050 1173 4091 vero
1195 4041 1274 4092 ad
1318 4036 1672 4094 alimentum
1721 4039 2030 4110 spirituale
2078 4039 2213 4095 ido-

558 4137 744 4179 neum
772 4128 884 4191 est,
914 4123 1196 4193 agricolis
1226 4125 1523 4182 tribuitur.
1555 4126 1783 4184 Idcirco
1823 4128 2087 4185 schisma
2117 4144 2216 4184 ex-

559 4216 761 4268 ortum
782 4215 957 4279 est,et
981 4211 1079 4268 alii
1107 4213 1192 4270 sic
1214 4213 1722 4287 dissidebant,alii
1754 4216 2213 4273 sicJudmorum

562 4305 651 4356 est
671 4300 895 4358 scindi:
924 4301 1030 4358 sed
1056 4302 1152 4358 Dei
1179 4303 1458 4371 Ecclesia,
1490 4321 1628 4378 quae
1655 4305 2076 4362 inconsutilem
2125 4312 2218 4362 tu-

2317 3148 2441 3217 πρός
2495 3147 2555 3197 τό
2611 3144 2790 3217 με’λλον
2845 3144 3180 3213 ἀτενίζοντες,
3233 3146 3512 3218 μισθωτοὶ,
3562 3148 3652 3196 καὶ
3699 3142 3758 3195 ού
3806 3160 3943 3195 ποι-

2315 3237 2457 3305 μένες
2506 3234 2633 3290 εἰσί.
2685 3237 2786 3286 Καὶ
2843 3240 2931 3286 νῦν
2973 3235 3234 3307 μισθωτοὶ
3290 3233 3471 3286 πολλοὶ
3529 3229 3773 3305 δοξαρίου
3817 3227 3940 3283 δυ-

2319 3326 2512 3378 στήνου
2567 3325 2660 3380 τὴν
2711 3321 2907 3375 ἑαυτῶν
2957 3323 3095 3383 ζωὴν
3135 3318 3497 3388 ἀποδιδόντες,
3528 3323 3577 3374 οἱ
3605 3326 3695 3372 καὶ
3723 3328 3813 3371 νῦν
3838 3318 3938 3374 ἐπὶ

2314 3415 2419 3471 τοῖς
2465 3412 2764 3482 ὑγιαίνουσι
2817 3419 2910 3464 τοῦ
2963 3416 3158 3486 Κυρίου
3221 3412 3426 3485 ῥήμασι
3467 3415 3685 3483 σχίσμα
3718 3417 3942 3461 ποιούν-

2315 3517 2415 3559 τες.
2449 3505 2694 3561 Εἰπόντος
2729 3503 2832 3574 γὰρ
2867 3508 3034 3553 ταῦτα
3071 3509 3163 3553 τοῦ
3213 3506 3430 3575 Κυρίου,
3492 3505 3708 3572 σχίσμα
3743 3497 3794 3550 ἐν
3834 3498 3940 3550 αὖ·

2317 3595 2429 3652 τοῖς
2470 3589 2690 3661 ἐγένετο.
2729 3592 2796 3642 Oi
2838 3593 2928 3662 μὶν
2977 3589 3167 3661 ἔλεγον,
3219 3595 3492 3662 Δαιμόνιον
3541 3591 3695 3660 ἔχει·
3750 3587 3935 3654 ἄλλοι,

2319 3684 2525 3753 Δαίμων
2566 3678 2857 3752 ὀφθαλμοὺς
2901 3678 3126 3752 τυφλούς
3182 3678 3388 3752 βλέπειν
3439 3686 3603 3732 ποιεῖν
3650 3677 3709 3730 ού
3753 3673 3939 3728 δύνα-

2318 3788 2428 3824 ται.
2466 3769 2622 3842 Ὀρᾴς
2669 3777 2778 3830 πῶς
2831 3768 3049 3821 παλαιόν
3098 3771 3156 3821 τό
3212 3770 3379 3829 πάθος
3433 3775 3525 3821 τοῦ
3569 3771 3934 3839 σχίσματος;

2319 3857 2608 3932 Εὐθύςγὰρ
2633 3861 2692 3910 τὸ
2723 3861 2884 3911 πτύον
2911 3854 3168 3931 διακρίνει
3198 3863 3308 3927 (95)
3343 3861 3433 3930 μεν
3480 3861 3538 3909 τό
3578 3859 3782 3928 ἄχυρον
3825 3854 3939 3909 ἀπὸ

2319 3956 2410 4002 τοῦ
2451 3953 2630 4001 σίτουο
2672 3952 2762 4000 καὶ
2799 3950 2858 4000 τὸ
2904 3951 2995 4021 μὲν
3043 3955 3234 4019 κοῦφον
3285 3951 3375 4000 καὶ
3419 3949 3645 3999 ἄστατον
3695 3943 3943 4017 ἀποσχί-

2324 4038 2469 4100 ζεται
2527 4045 2618 4091 τοῦ
2672 4043 2946 4114 τροφίμου,
2996 4041 3055 4090 τὸ
3097 4034 3155 4091 δε
3180 4041 3311 4113 πρὸς
3339 4042 3531 4111 τροφὴν
3569 4041 3942 4110 πνευματικὴν

2323 4124 2614 4188 ἐπιτήδειον
2669 4131 2951 4202 παραμένει
3007 4135 3108 4179 τῶν
3158 4129 3545 4200 γεωργούντων.
3613 4128 3709 4178 Διὰ
3771 4133 3943 4179 τοῦτο

2324 4221 2542 4290 σχίσμα
2592 4216 2804 4288 ἐγένετο,
2848 4219 2940 4268 καὶ
2981 4218 3030 4268 6i
3079 4219 3169 4289 μεν
3217 4215 3352 4268 οὕτω
3395 4212 3710 4288 διεφέροντο,
3764 4216 3818 4266 6i
3871 4211 3945 4269 δὲ

2326 4307 2508 4369 οὕτως.
2568 4303 2844 4367 Ἰουδαίοις
2907 4309 3089 4380 πρέπει
3131 4309 3190 4358 τό
3259 4306 3586 4377 σχίζεσθαι·
3641 4306 3672 4362 ἠ
3727 4300 3789 4357 δε
3834 4313 3942 4357 τσῦ

559 4389 785 4452 nieam,
814 4406 852 4446 a
882 4407 1124 4448 summo
1159 4399 1524 4456 contextam.
1554 4412 1592 4453 a
1614 4395 1899 4452 militibus
1922 4397 2048 4452 sine
2079 4397 2206 4452 scis-

2329 4404 2460 4450 Θεοῦ
2538 4395 2836 4461 Ἐκκλησία,
2889 4398 2978 4447 τόν
3029 4403 3234 4466 χιτῶνα
3284 4399 3370 4447 τὸν
3437 4393 3688 4470 ἄρραφον,
3733 4397 3823 4445 τόν
3878 4393 3944 4447 ἐκ

563 4493 708 4534 sura
736 4484 1038 4535 servatam
1076 4483 1326 4554 accepit,
1363 4500 1622 4558 quaeque
1665 4486 1962 4541 Christum
2001 4486 2216 4554 induit,

563 4571 792 4622 vestem
818 4581 893 4622 ne
915 4567 1233 4626 scindat".
1256 4572 1334 4627 Et
1356 4588 1648 4644 cognosco
1683 4590 1868 4644 meas,
1917 4580 1972 4631 et
2003 4590 2219 4645 cognoo

564 4663 740 4713 scunt
757 4671 849 4714 me
862 4671 1006 4714 mea:
1028 4659 1319 4732 "hRapuit
1337 4662 1465 4718 haec
1479 4663 1558 4718 ad
1572 4679 1746 4720 suam
1771 4664 2220 4736 blasphemiam

565 4745 1051 4804 conﬁrmandam
1083 4747 1424 4807 haereticus.
1442 4753 2058 4826 Ecce,inquit,dictum
2089 4760 2217 4813 est:

571 4838 950 4908 Cognoscunt
972 4853 1066 4896 me
1082 4854 1247 4908 meae,
1270 4847 1325 4898 et
1351 4858 1638 4913 cognosco
1661 4860 1838 4902 meas.
1864 4845 2016 4912 Quid
2043 4846 2224 4917 igitur

568 4933 869 5006 signiﬁcat
908 4932 1079 4999 illud,
1113 4937 1524 5003 cognoscere?
1565 4934 1969 4992 essentiamne
2009 4935 2222 4993 intelli-

571 5040 733 5098 gere,
766 5041 846 5084 an
871 5025 1068 5083 metiri
1091 5024 1574 5097 magnitudinem
1594 5025 1622 5083 ?
1658 5030 1748 5083 An
1780 5025 1882 5084 illa
1905 5025 1981 5083 de
2005 5025 2223 5083 divini-

1188 5205 1236 5242 '-'°
1270 5205 1519 5264 Malach.
1547 5221 1628 5273 ιιι,
1663 5209 1717 5262 6.

857 5297 905 5334 ³⁵
933 5297 1134 5354 Matth.
1167 5310 1249 5367 ιιι,
1285 5299 1367 5353 12.

644 5206 690 5241 ³ο
720 5205 896 5263 Joan.
935 5221 987 5279 ιι,
1026 5210 1113 5265 tt.

569 5297 660 5353 20.
691 5299 784 5352 2t.
857 5297 905 5334 ³⁵
933 5297 1134 5354 Matth.
1167 5310 1249 5365 ιιι,
1285 5299 1367 5353 12.
1445 5297 1493 5332 ³⁸
1522 5294 1700 5354 Joan.
1727 5311 1850 5365 xm,
1876 5299 1972 5352 23.
2002 5298 2093 5352 24.

639 5474 755 5538 (95)
787 5474 929 5548 Reg.
969 5466 1476 5548 αιῑοιίένδιακρίνει.
1517 5472 1690 5539 Quod
1732 5488 1876 5548 mox
1918 5472 2206 5548 sequitur,

564 5549 665 5593 τῶν
685 5544 1135 5616 γεωργούντων,ίά
1161 5560 1282 5600 non
1305 5544 1502 5616 placet
1526 5560 1540 5600 :
1572 5545 1864 5618 quoniam
1897 5544 2097 5600 tamen
2128 5544 2210 5599 ita

1795 5207 1840 5242 ³³
1871 5205 1965 5263 Isa
1995 5221 2144 5277 xuv,
2172 5208 2261 5263 24.

2325 4494 2424 4539 τῶν
2482 4487 2672 4539 ἄνωθεν
2727 4487 2972 4557 ὑφαντόν,
3039 4481 3316 4557 δεξαμένη,
3363 4487 3450 4536 τὸν
3499 4486 3767 4556 ἄσχιστον
3827 4486 3940 4538 ύπό

2328 4583 2656 4644 στρατιωτῶν
2697 4571 3144 4646 διαφυλαχθέντα,
3198 4576 3228 4632 ἠ
3290 4577 3521 4648 Χριστὸν
3572 4569 3938 4647 ἐνδυσαμένη,

2326 4670 2398 4738 μὴ
2442 4666 2676 4737 σχιζέτω
2723 4668 2780 4716 τό
2831 4665 3054 4736 ἱμάτιον.
3105 4669 3204 4717 Καὶ
3255 4669 3495 4735 γινώσκω
3547 4666 3613 4714 τὰ
3665 4661 3784 4736 ἐμὰ,
3837 4670 3941 4716 καὶ

2327 4759 2652 4828 γινώσκουσί
2699 4774 2763 4828 με
2825 4756 2891 4807 τὰ
2929 4754 3046 4827 ἐμά.
3101 4753 3368 4829 Ἠρπασεν
3407 4756 3433 4806 6
3482 4753 3737 4826 αἰρετικὸς
3797 4758 3940 4828 πρὸς

2327 4851 2422 4905 τὴν
2456 4842 2598 4899 ἰδίαν
2627 4850 2956 4903 κατασκευὴν
2997 4854 3088 4905 τῆς
3127 4843 3484 4917 βλασφημίας.
3532 4840 3692 4909 Ἰδοὺ,
3743 4849 3939 4916 φησιν,

2330 4939 2555 5012 εἴρηται,
2604 4937 2684 4989 ὃτι
2741 4937 3066 4988 Γινώσκουσί
3112 4953 3174 5008 με
3217 4936 3284 4986 τὰ
3332 4934 3449 5007 ἐμὰ,
3518 4937 3609 4985 καὶ
3681 4939 3941 5004 γινώσκω

2330 5029 2399 5081 τὰ
2427 5025 2543 5101 ἐμά.
2587 5031 2859 5080 Γινώσκειν
2888 5025 2993 5100 ἄρα
3045 5027 3099 5076 τί
3140 5023 3312 5097 λέγει;
3375 5027 3469 5082 την
3505 5022 3692 5076 οὐσίαν
3755 5031 3937 5092 νοεῖν;

2339 5207 2389 5242 ³³
2417 5207 2589 5263 Joan.
2621 5221 2681 5276 x,
2718 5207 2894 5262 11-14.

2971 5204 3020 5240 ³³
3045 5205 3220 5262 Joan.
3266 5219 3346 5274 ιι,
3400 5206 3486 5261 ιϐ.
3561 5203 3611 5238 ³⁸
3647 5203 3826 5260 Joan.
3869 5219 3934 5274 ι,

2169 5295 2214 5332 ³⁷
2235 5296 2407 5354 Joan.
2438 5310 2498 5364 x,
2523 5298 2606 5350 14.

2328 5471 2618 5544 scriptum
2649 5469 2991 5544 invenimus
3043 5469 3102 5525 in
3129 5469 3350 5526 nostris
3393 5465 3729 5536 codicibus,
3776 5467 3936 5524 nihil

2327 5542 2691 5600 mutandum
2721 5542 3090 5598 censuimus.
