  <div class='ocr_page' id='page_1' title='image "/cluster/home/n/w/nwhite01/storage/ocr_20150623/31/hvd.32044048272629/304.png"; bbox 0 0 4100 6196; ppageno 0'>
   <div class='ocr_carea' id='block_1_1' title="bbox 223 250 332 306">
    <p class='ocr_par' dir='ltr' id='par_1_1' title="bbox 223 250 332 306">
     <span class='ocr_line' id='line_1_1' title="bbox 223 250 332 306; baseline 0.037 -4"><span class='ocrx_word' id='word_1_1' title='bbox 223 250 332 306; x_wconf 79' lang='lat'>597</span> 
     </span>
    </p>
   </div>
   <div class='ocr_carea' id='block_1_2' title="bbox 1281 243 2530 303">
    <p class='ocr_par' dir='ltr' id='par_1_2' title="bbox 1281 243 2530 303">
     <span class='ocr_line' id='line_1_2' title="bbox 1281 243 2530 303; baseline 0.001 -3"><span class='ocrx_word' id='word_1_2' title='bbox 1281 245 1577 303; x_wconf 80' lang='lat' dir='ltr'>HOMILIA</span> <span class='ocrx_word' id='word_1_3' title='bbox 1619 247 1685 301; x_wconf 86' lang='lat' dir='ltr'>IN</span> <span class='ocrx_word' id='word_1_4' title='bbox 1724 243 2112 302; x_wconf 71' lang='lat' dir='ltr'>MAMANTEM</span> <span class='ocrx_word' id='word_1_5' title='bbox 2147 243 2530 301; x_wconf 75' lang='lat' dir='ltr'>MARTYREM</span> 
     </span>
    </p>
   </div>
   <div class='ocr_carea' id='block_1_3' title="bbox 3475 248 3584 308">
    <p class='ocr_par' dir='ltr' id='par_1_3' title="bbox 3475 248 3584 308">
     <span class='ocr_line' id='line_1_3' title="bbox 3475 248 3584 308; baseline 0 -3"><span class='ocrx_word' id='word_1_6' title='bbox 3475 248 3584 308; x_wconf 84' lang='lat'>598</span> 
     </span>
    </p>
   </div>
   <div class='ocr_carea' id='block_1_4' title="bbox 217 346 1814 445">
    <p class='ocr_par' dir='ltr' id='par_1_4' title="bbox 217 346 1814 445">
     <span class='ocr_line' id='line_1_4' title="bbox 217 346 1814 445; baseline -0.003 -21"><span class='ocrx_word' id='word_1_7' title='bbox 217 377 285 424; x_wconf 77' lang='grc' dir='ltr'>τό</span> <span class='ocrx_word' id='word_1_8' title='bbox 329 373 552 445; x_wconf 71' lang='grc' dir='ltr'>μέγεθός</span> <span class='ocrx_word' id='word_1_9' title='bbox 607 369 868 444; x_wconf 75' lang='grc' dir='ltr'>ἄκμετρειν</span> <span class='ocrx_word' id='word_1_10' title='bbox 897 346 1136 436; x_wconf 49' lang='lat' dir='ltr'>flauius:</span> <span class='ocrx_word' id='word_1_11' title='bbox 1171 371 1538 424; x_wconf 82' lang='grc' dir='ltr'>κατανοεῖσθαι</span> <span class='ocrx_word' id='word_1_12' title='bbox 1583 377 1680 431; x_wconf 81' lang='grc' dir='ltr'>τῆς</span> <span class='ocrx_word' id='word_1_13' title='bbox 1709 369 1814 421; x_wconf 79' lang='grc' dir='ltr'>θεό-</span> 
     </span>
    </p>
   </div>
   <div class='ocr_carea' id='block_1_5' title="bbox 1922 346 3595 445">
    <p class='ocr_par' dir='ltr' id='par_1_5' title="bbox 1947 366 3595 441">
     <span class='ocr_line' id='line_1_5' title="bbox 1947 366 3595 441; baseline 0.005 -20"><span class='ocrx_word' id='word_1_14' title='bbox 1947 368 2066 421; x_wconf 89' lang='lat' dir='ltr'>tate</span> <span class='ocrx_word' id='word_1_15' title='bbox 2090 366 2436 439; x_wconf 80' lang='lat' dir='ltr'>intelligere,</span> <span class='ocrx_word' id='word_1_16' title='bbox 2459 384 2595 441; x_wconf 77' lang='lat' dir='ltr'>quae</span> <span class='ocrx_word' id='word_1_17' title='bbox 2618 371 2680 424; x_wconf 90' lang='lat' dir='ltr'>tu</span> <span class='ocrx_word' id='word_1_18' title='bbox 2691 382 2874 424; x_wconf 90' lang='lat' dir='ltr'>nosse</span> <span class='ocrx_word' id='word_1_19' title='bbox 2897 367 3282 439; x_wconf 87' lang='lat' dir='ltr'>impudenter</span> <span class='ocrx_word' id='word_1_20' title='bbox 3296 369 3595 430; x_wconf 75' lang='lat' dir='ltr'>afﬁrmas?</span> 
     </span>
    </p>
   </div>
   <div class='ocr_carea' id='block_1_6' title="bbox 219 457 1826 534">
    <p class='ocr_par' dir='ltr' id='par_1_6' title="bbox 219 457 1826 534">
     <span class='ocr_line' id='line_1_6' title="bbox 219 457 1826 534; baseline -0.004 -20"><span class='ocrx_word' id='word_1_21' title='bbox 219 480 398 527; x_wconf 79' lang='grc' dir='ltr'>τητος,</span> <span class='ocrx_word' id='word_1_22' title='bbox 433 461 468 512; x_wconf 80' lang='grc' dir='ltr'><strong>ἆ</strong></span> <span class='ocrx_word' id='word_1_23' title='bbox 491 465 562 514; x_wconf 84' lang='grc' dir='ltr'>σὺ</span> <span class='ocrx_word' id='word_1_24' title='bbox 599 469 662 532; x_wconf 74' lang='grc' dir='ltr'>τῇ</span> <span class='ocrx_word' id='word_1_25' title='bbox 698 466 920 513; x_wconf 80' lang='grc' dir='ltr'>σεαυτοῦ</span> <span class='ocrx_word' id='word_1_26' title='bbox 952 461 1322 534; x_wconf 79' lang='grc' dir='ltr'>θρασυστομέᾳ</span> <span class='ocrx_word' id='word_1_27' title='bbox 1384 457 1764 530; x_wconf 73' lang='grc' dir='ltr'>κατεπαγγιλλῃ</span> <span class='ocrx_word' id='word_1_28' title='bbox 1811 473 1826 523; x_wconf 84' lang='grc'><strong>;</strong></span> 
     </span>
    </p>
   </div>
   <div class='ocr_carea' id='block_1_7' title="bbox 217 549 1824 624">
    <p class='ocr_par' dir='ltr' id='par_1_7' title="bbox 217 549 1824 624">
     <span class='ocr_line' id='line_1_7' title="bbox 217 549 1824 624; baseline -0.002 -21"><span class='ocrx_word' id='word_1_29' title='bbox 217 550 290 603; x_wconf 82' lang='grc' dir='ltr'>Ἦ</span> <span class='ocrx_word' id='word_1_30' title='bbox 327 550 385 603; x_wconf 81' lang='grc' dir='ltr'>ἐκ</span> <span class='ocrx_word' id='word_1_31' title='bbox 438 559 542 602; x_wconf 91' lang='grc' dir='ltr'>τῶν</span> <span class='ocrx_word' id='word_1_32' title='bbox 597 555 817 602; x_wconf 98' lang='grc' dir='ltr'>κατόπιν</span> <span class='ocrx_word' id='word_1_33' title='bbox 863 549 924 601; x_wconf 72' lang='grc' dir='ltr'>οὐ</span> <span class='ocrx_word' id='word_1_34' title='bbox 948 557 1080 610; x_wconf 82' lang='grc' dir='ltr'>νοεῖς</span> <span class='ocrx_word' id='word_1_35' title='bbox 1113 554 1172 602; x_wconf 87' lang='grc' dir='ltr'>τό</span> <span class='ocrx_word' id='word_1_36' title='bbox 1201 553 1388 624; x_wconf 80' lang='grc' dir='ltr'>μέτρον</span> <span class='ocrx_word' id='word_1_37' title='bbox 1413 557 1508 610; x_wconf 80' lang='grc' dir='ltr'>τῆς</span> <span class='ocrx_word' id='word_1_38' title='bbox 1543 555 1779 620; x_wconf 83' lang='grc' dir='ltr'>γνώσεως</span> <span class='ocrx_word' id='word_1_39' title='bbox 1810 563 1824 609; x_wconf 91' lang='grc'><strong>;</strong></span> 
     </span>
    </p>
   </div>
   <div class='ocr_carea' id='block_1_8' title="bbox 217 637 1829 713">
    <p class='ocr_par' dir='ltr' id='par_1_8' title="bbox 217 637 1829 713">
     <span class='ocr_line' id='line_1_8' title="bbox 217 637 1829 713; baseline -0.004 -20"><span class='ocrx_word' id='word_1_40' title='bbox 217 645 284 694; x_wconf 84' lang='grc' dir='ltr'>Τί</span> <span class='ocrx_word' id='word_1_41' title='bbox 331 646 663 712; x_wconf 70' lang='grc' dir='ltr'>γινώσκομεν</span> <span class='ocrx_word' id='word_1_42' title='bbox 716 646 850 691; x_wconf 78' lang='grc' dir='ltr'>Θεοῦ</span> <span class='ocrx_word' id='word_1_43' title='bbox 909 654 925 704; x_wconf 88' lang='grc'><strong>;</strong></span> <span class='ocrx_word' id='word_1_44' title='bbox 981 642 1058 692; x_wconf 88' lang='grc' dir='ltr'>Τά</span> <span class='ocrx_word' id='word_1_45' title='bbox 1114 637 1213 712; x_wconf 79' lang='grc' dir='ltr'>ἆμά</span> <span class='ocrx_word' id='word_1_46' title='bbox 1273 638 1510 713; x_wconf 80' lang='grc' dir='ltr'>πρόϐατα</span> <span class='ocrx_word' id='word_1_47' title='bbox 1537 648 1628 699; x_wconf 75' lang='grc' dir='ltr'>τῆς</span> <span class='ocrx_word' id='word_1_48' title='bbox 1658 644 1829 708; x_wconf 77' lang='grc' dir='ltr'>φωνῆς</span> 
     </span>
    </p>
   </div>
   <div class='ocr_carea' id='block_1_9' title="bbox 214 725 1827 802">
    <p class='ocr_par' dir='ltr' id='par_1_9' title="bbox 214 725 1827 802">
     <span class='ocr_line' id='line_1_9' title="bbox 214 725 1827 802; baseline -0.001 -22"><span class='ocrx_word' id='word_1_49' title='bbox 214 748 322 802; x_wconf 71' lang='grc' dir='ltr'>μου</span> <span class='ocrx_word' id='word_1_50' title='bbox 388 729 596 784; x_wconf 73' lang='grc' dir='ltr'>ἀκούει.</span> <span class='ocrx_word' id='word_1_51' title='bbox 681 725 793 784; x_wconf 77' lang='grc' dir='ltr'>Ἴδε</span> <span class='ocrx_word' id='word_1_52' title='bbox 849 736 956 790; x_wconf 85' lang='grc' dir='ltr'>πῶς</span> <span class='ocrx_word' id='word_1_53' title='bbox 1012 729 1124 800; x_wconf 85' lang='grc'>(96)</span> <span class='ocrx_word' id='word_1_54' title='bbox 1170 736 1364 782; x_wconf 86' lang='grc' dir='ltr'>νοεῖται</span> <span class='ocrx_word' id='word_1_55' title='bbox 1407 733 1557 791; x_wconf 85' lang='grc' dir='ltr'>Θεὸς·</span> <span class='ocrx_word' id='word_1_56' title='bbox 1624 726 1679 780; x_wconf 81' lang='grc' dir='ltr'>ἐκ</span> <span class='ocrx_word' id='word_1_57' title='bbox 1736 732 1827 778; x_wconf 80' lang='grc' dir='ltr'>τοῦ</span> 
     </span>
    </p>
   </div>
   <div class='ocr_carea' id='block_1_10' title="bbox 215 817 1828 891">
    <p class='ocr_par' dir='ltr' id='par_1_10' title="bbox 215 817 1828 891">
     <span class='ocr_line' id='line_1_10' title="bbox 215 817 1828 891; baseline -0.001 -21"><span class='ocrx_word' id='word_1_58' title='bbox 215 817 426 873; x_wconf 71' lang='grc' dir='ltr'>ἀκούειν</span> <span class='ocrx_word' id='word_1_59' title='bbox 473 821 622 891; x_wconf 75' lang='grc' dir='ltr'>ἠμῆς</span> <span class='ocrx_word' id='word_1_60' title='bbox 670 825 770 870; x_wconf 87' lang='grc' dir='ltr'>τῶν</span> <span class='ocrx_word' id='word_1_61' title='bbox 821 817 1031 871; x_wconf 72' lang='grc' dir='ltr'>ἐντολῶν</span> <span class='ocrx_word' id='word_1_62' title='bbox 1095 818 1275 872; x_wconf 71' lang='grc' dir='ltr'>αὐτοῦ’</span> <span class='ocrx_word' id='word_1_63' title='bbox 1331 817 1390 870; x_wconf 81' lang='grc' dir='ltr'><em>ἐκ</em></span> <span class='ocrx_word' id='word_1_64' title='bbox 1414 826 1506 870; x_wconf 79' lang='grc' dir='ltr'>τοῦ</span> <span class='ocrx_word' id='word_1_65' title='bbox 1544 817 1828 876; x_wconf 77' lang='grc' dir='ltr'>ἀκούοντας</span> 
     </span>
    </p>
   </div>
   <div class='ocr_carea' id='block_1_11' title="bbox 211 906 1824 982">
    <p class='ocr_par' dir='ltr' id='par_1_11' title="bbox 211 906 1824 982">
     <span class='ocr_line' id='line_1_11' title="bbox 211 906 1824 982; baseline -0.001 -21"><span class='ocrx_word' id='word_1_66' title='bbox 211 917 402 962; x_wconf 71' lang='grc' dir='ltr'>ποιείν.</span> <span class='ocrx_word' id='word_1_67' title='bbox 466 915 639 961; x_wconf 78' lang='grc' dir='ltr'>Τοῦτο</span> <span class='ocrx_word' id='word_1_68' title='bbox 677 915 875 978; x_wconf 88' lang='grc' dir='ltr'>γνῶσις</span> <span class='ocrx_word' id='word_1_69' title='bbox 916 914 1071 972; x_wconf 82' lang='grc' dir='ltr'>Θεοῦ,</span> <span class='ocrx_word' id='word_1_70' title='bbox 1119 911 1345 982; x_wconf 79' lang='grc' dir='ltr'>τὴρησις</span> <span class='ocrx_word' id='word_1_71' title='bbox 1405 906 1612 960; x_wconf 74' lang='grc' dir='ltr'>ἐντολῶν</span> <span class='ocrx_word' id='word_1_72' title='bbox 1670 912 1824 960; x_wconf 79' lang='grc' dir='ltr'><strong>Θεοῦ.</strong></span> 
     </span>
    </p>
   </div>
   <div class='ocr_carea' id='block_1_12' title="bbox 211 995 1826 1071">
    <p class='ocr_par' dir='ltr' id='par_1_12' title="bbox 211 995 1826 1071">
     <span class='ocr_line' id='line_1_12' title="bbox 211 995 1826 1071; baseline 0.001 -20"><span class='ocrx_word' id='word_1_73' title='bbox 211 1005 334 1060; x_wconf 74' lang='grc' dir='ltr'>Πῶς</span> <span class='ocrx_word' id='word_1_74' title='bbox 387 997 452 1051; x_wconf 75' lang='grc' dir='ltr'>οὐ</span> <span class='ocrx_word' id='word_1_75' title='bbox 495 997 981 1071; x_wconf 68' lang='grc' dir='ltr'>πολυπραγμοσύνη</span> <span class='ocrx_word' id='word_1_76' title='bbox 1031 1001 1148 1069; x_wconf 81' lang='grc' dir='ltr'>περὶ</span> <span class='ocrx_word' id='word_1_77' title='bbox 1179 997 1365 1060; x_wconf 73' lang='grc' dir='ltr'>οὐσίας</span> <span class='ocrx_word' id='word_1_78' title='bbox 1393 1005 1528 1050; x_wconf 77' lang='grc' dir='ltr'>Θεοῦ</span> <span class='ocrx_word' id='word_1_79' title='bbox 1561 1013 1575 1051; x_wconf 87' lang='lat'><strong>:</strong></span> <span class='ocrx_word' id='word_1_80' title='bbox 1609 995 1667 1048; x_wconf 71' lang='grc' dir='ltr'>οὐ</span> <span class='ocrx_word' id='word_1_81' title='bbox 1723 996 1826 1056; x_wconf 71' lang='grc' dir='ltr'>ζή-</span> 
     </span>
    </p>
   </div>
   <div class='ocr_carea' id='block_1_13' title="bbox 207 1085 1822 1161">
    <p class='ocr_par' dir='ltr' id='par_1_13' title="bbox 207 1085 1822 1161">
     <span class='ocr_line' id='line_1_13' title="bbox 207 1085 1822 1161; baseline -0.002 -22"><span class='ocrx_word' id='word_1_82' title='bbox 207 1106 370 1147; x_wconf 79' lang='grc' dir='ltr'>τησις</span> <span class='ocrx_word' id='word_1_83' title='bbox 423 1094 527 1138; x_wconf 85' lang='grc' dir='ltr'>τῶν</span> <span class='ocrx_word' id='word_1_84' title='bbox 569 1087 937 1161; x_wconf 75' lang='grc' dir='ltr'>ὑπερκοσμίων</span> <span class='ocrx_word' id='word_1_85' title='bbox 987 1104 1001 1153; x_wconf 91' lang='lat'><strong>;</strong></span> <span class='ocrx_word' id='word_1_86' title='bbox 1056 1085 1150 1138; x_wconf 77' lang='grc' dir='ltr'>οὐκ</span> <span class='ocrx_word' id='word_1_87' title='bbox 1180 1085 1382 1139; x_wconf 84' lang='grc' dir='ltr'>ἐπίνοια</span> <span class='ocrx_word' id='word_1_88' title='bbox 1415 1095 1515 1138; x_wconf 89' lang='grc' dir='ltr'>τῶν</span> <span class='ocrx_word' id='word_1_89' title='bbox 1547 1085 1778 1160; x_wconf 80' lang='grc' dir='ltr'>ἀοράτων</span> <span class='ocrx_word' id='word_1_90' title='bbox 1808 1100 1822 1151; x_wconf 88' lang='grc'>;</span> 
     </span>
    </p>
   </div>
   <div class='ocr_carea' id='block_1_14' title="bbox 209 1173 1831 1248">
    <p class='ocr_par' dir='ltr' id='par_1_14' title="bbox 209 1173 1831 1248">
     <span class='ocr_line' id='line_1_14' title="bbox 209 1173 1831 1248; baseline -0.002 -19"><span class='ocrx_word' id='word_1_91' title='bbox 209 1182 480 1230; x_wconf 79' lang='grc' dir='ltr'>Γντῶσκει</span> <span class='ocrx_word' id='word_1_92' title='bbox 535 1194 600 1248; x_wconf 84' lang='grc' dir='ltr'>με</span> <span class='ocrx_word' id='word_1_93' title='bbox 655 1177 723 1226; x_wconf 78' lang='grc' dir='ltr'>τὰ</span> <span class='ocrx_word' id='word_1_94' title='bbox 783 1173 900 1247; x_wconf 76' lang='grc' dir='ltr'>ἐμὰ,</span> <span class='ocrx_word' id='word_1_95' title='bbox 951 1179 1038 1226; x_wconf 81' lang='grc' dir='ltr'>καὶ</span> <span class='ocrx_word' id='word_1_96' title='bbox 1089 1181 1332 1246; x_wconf 82' lang='grc' dir='ltr'>γινώσκω</span> <span class='ocrx_word' id='word_1_97' title='bbox 1384 1178 1450 1228; x_wconf 78' lang='grc' dir='ltr'>τὰ</span> <span class='ocrx_word' id='word_1_98' title='bbox 1481 1173 1599 1247; x_wconf 81' lang='grc' dir='ltr'>ἐμά.</span> <span class='ocrx_word' id='word_1_99' title='bbox 1655 1175 1831 1248; x_wconf 80' lang='grc' dir='ltr'>Ἀρκεῖ</span> 
     </span>
    </p>
   </div>
   <div class='ocr_carea' id='block_1_15' title="bbox 210 1262 1823 1337">
    <p class='ocr_par' dir='ltr' id='par_1_15' title="bbox 210 1262 1823 1337">
     <span class='ocr_line' id='line_1_15' title="bbox 210 1262 1823 1337; baseline -0.002 -19"><span class='ocrx_word' id='word_1_100' title='bbox 210 1284 298 1318; x_wconf 78' lang='grc' dir='ltr'>σοι</span> <span class='ocrx_word' id='word_1_101' title='bbox 345 1262 571 1332; x_wconf 75' lang='grc' dir='ltr'>εἰδέναι,</span> <span class='ocrx_word' id='word_1_102' title='bbox 620 1266 704 1317; x_wconf 79' lang='grc' dir='ltr'>ὅτι</span> <span class='ocrx_word' id='word_1_103' title='bbox 754 1269 946 1337; x_wconf 72' lang='grc' dir='ltr'>ποιμήν</span> <span class='ocrx_word' id='word_1_104' title='bbox 984 1265 1163 1327; x_wconf 82' lang='grc' dir='ltr'>καλός·</span> <span class='ocrx_word' id='word_1_105' title='bbox 1218 1265 1299 1318; x_wconf 83' lang='grc' dir='ltr'>ὁτι</span> <span class='ocrx_word' id='word_1_106' title='bbox 1329 1267 1480 1324; x_wconf 80' lang='grc' dir='ltr'>ἔθηκε</span> <span class='ocrx_word' id='word_1_107' title='bbox 1514 1269 1608 1323; x_wconf 76' lang='grc' dir='ltr'>τὴν</span> <span class='ocrx_word' id='word_1_108' title='bbox 1637 1264 1823 1336; x_wconf 68' lang='grc' dir='ltr'>ψυχὴν</span> 
     </span>
    </p>
   </div>
   <div class='ocr_carea' id='block_1_16' title="bbox 207 1353 1820 1428">
    <p class='ocr_par' dir='ltr' id='par_1_16' title="bbox 207 1353 1820 1428">
     <span class='ocr_line' id='line_1_16' title="bbox 207 1353 1820 1428; baseline 0 -22"><span class='ocrx_word' id='word_1_109' title='bbox 207 1355 374 1407; x_wconf 68' lang='grc' dir='ltr'>αὐτοῦ</span> <span class='ocrx_word' id='word_1_110' title='bbox 416 1355 550 1426; x_wconf 71' lang='grc' dir='ltr'>ὕπερ</span> <span class='ocrx_word' id='word_1_111' title='bbox 572 1363 674 1406; x_wconf 85' lang='grc' dir='ltr'>τῶν</span> <span class='ocrx_word' id='word_1_112' title='bbox 701 1353 1002 1427; x_wconf 79' lang='grc' dir='ltr'>προϐάτων.</span> <span class='ocrx_word' id='word_1_113' title='bbox 1047 1355 1216 1417; x_wconf 80' lang='grc' dir='ltr'>Οὗτος</span> <span class='ocrx_word' id='word_1_114' title='bbox 1246 1357 1364 1428; x_wconf 80' lang='grc' dir='ltr'>ὅρος</span> <span class='ocrx_word' id='word_1_115' title='bbox 1414 1363 1512 1416; x_wconf 79' lang='grc' dir='ltr'>τῆς</span> <span class='ocrx_word' id='word_1_116' title='bbox 1552 1361 1644 1407; x_wconf 80' lang='grc' dir='ltr'>τοῦ</span> <span class='ocrx_word' id='word_1_117' title='bbox 1689 1361 1820 1408; x_wconf 68' lang='grc' dir='ltr'><strong>Θεοί</strong></span> 
     </span>
    </p>
   </div>
   <div class='ocr_carea' id='block_1_17' title="bbox 203 1441 1820 1517">
    <p class='ocr_par' dir='ltr' id='par_1_17' title="bbox 203 1441 1820 1517">
     <span class='ocr_line' id='line_1_17' title="bbox 203 1441 1820 1517; baseline 0.001 -22"><span class='ocrx_word' id='word_1_118' title='bbox 203 1442 564 1516; x_wconf 73' lang='grc' dir='ltr'>ἐπιγνώσεως.</span> <span class='ocrx_word' id='word_1_119' title='bbox 622 1447 789 1504; x_wconf 82' lang='grc' dir='ltr'>Πόσος</span> <span class='ocrx_word' id='word_1_120' title='bbox 833 1441 892 1496; x_wconf 70' lang='grc' dir='ltr'>δε</span> <span class='ocrx_word' id='word_1_121' title='bbox 938 1446 1082 1513; x_wconf 82' lang='grc' dir='ltr'><strong>Θεὸς,</strong></span> <span class='ocrx_word' id='word_1_122' title='bbox 1125 1448 1214 1496; x_wconf 84' lang='grc' dir='ltr'>καὶ</span> <span class='ocrx_word' id='word_1_123' title='bbox 1245 1448 1298 1497; x_wconf 89' lang='grc' dir='ltr'>τί</span> <span class='ocrx_word' id='word_1_124' title='bbox 1339 1448 1397 1496; x_wconf 86' lang='grc' dir='ltr'>τό</span> <span class='ocrx_word' id='word_1_125' title='bbox 1423 1448 1607 1517; x_wconf 78' lang='grc' dir='ltr'>μέτρον</span> <span class='ocrx_word' id='word_1_126' title='bbox 1639 1442 1820 1509; x_wconf 70' lang='grc' dir='ltr'>αὐτοῦ,</span> 
     </span>
    </p>
   </div>
   <div class='ocr_carea' id='block_1_18' title="bbox 201 1529 1820 1605">
    <p class='ocr_par' dir='ltr' id='par_1_18' title="bbox 201 1529 1820 1605">
     <span class='ocr_line' id='line_1_18' title="bbox 201 1529 1820 1605; baseline -0.001 -20"><span class='ocrx_word' id='word_1_127' title='bbox 201 1538 296 1586; x_wconf 75' lang='grc' dir='ltr'>καὶ</span> <span class='ocrx_word' id='word_1_128' title='bbox 348 1537 593 1593; x_wconf 76' lang='grc' dir='ltr'>ποταπὸς</span> <span class='ocrx_word' id='word_1_129' title='bbox 630 1536 725 1590; x_wconf 74' lang='grc' dir='ltr'>τήν</span> <span class='ocrx_word' id='word_1_130' title='bbox 776 1532 982 1600; x_wconf 71' lang='grc' dir='ltr'>οὐσίαν,</span> <span class='ocrx_word' id='word_1_131' title='bbox 1035 1534 1102 1586; x_wconf 83' lang='grc' dir='ltr'>τά</span> <span class='ocrx_word' id='word_1_132' title='bbox 1148 1541 1368 1587; x_wconf 81' lang='grc' dir='ltr'>τοιαῦτα</span> <span class='ocrx_word' id='word_1_133' title='bbox 1405 1529 1712 1586; x_wconf 73' lang='grc' dir='ltr'>ἐπικίνδυνα</span> <span class='ocrx_word' id='word_1_134' title='bbox 1730 1535 1820 1605; x_wconf 69' lang='grc' dir='ltr'>μὲν</span> 
     </span>
    </p>
   </div>
   <div class='ocr_carea' id='block_1_19' title="bbox 200 1620 1816 1697">
    <p class='ocr_par' dir='ltr' id='par_1_19' title="bbox 200 1620 1816 1697">
     <span class='ocr_line' id='line_1_19' title="bbox 200 1620 1816 1697; baseline 0.001 -24"><span class='ocrx_word' id='word_1_135' title='bbox 200 1629 278 1691; x_wconf 75' lang='grc' dir='ltr'>τῷ</span> <span class='ocrx_word' id='word_1_136' title='bbox 332 1622 624 1696; x_wconf 82' lang='grc' dir='ltr'>ἐρωτῶντι,</span> <span class='ocrx_word' id='word_1_137' title='bbox 699 1623 876 1694; x_wconf 82' lang='grc' dir='ltr'>ἄπορα</span> <span class='ocrx_word' id='word_1_138' title='bbox 926 1626 1037 1692; x_wconf 81' lang='grc'>(97)</span> <span class='ocrx_word' id='word_1_139' title='bbox 1090 1620 1150 1676; x_wconf 65' lang='grc' dir='ltr'><em>δὲ</em></span> <span class='ocrx_word' id='word_1_140' title='bbox 1177 1630 1250 1694; x_wconf 82' lang='grc' dir='ltr'>τῷ</span> <span class='ocrx_word' id='word_1_141' title='bbox 1277 1621 1605 1697; x_wconf 73' lang='grc' dir='ltr'>ἐρωτωμένῳο</span> <span class='ocrx_word' id='word_1_142' title='bbox 1643 1627 1816 1683; x_wconf 83' lang='grc' dir='ltr'>σιωπή</span> 
     </span>
    </p>
   </div>
   <div class='ocr_carea' id='block_1_20' title="bbox 1941 456 3598 532">
    <p class='ocr_par' dir='ltr' id='par_1_20' title="bbox 1941 456 3598 532">
     <span class='ocr_line' id='line_1_20' title="bbox 1941 456 3598 532; baseline 0.006 -23"><span class='ocrx_word' id='word_1_143' title='bbox 1941 458 2161 511; x_wconf 87' lang='lat' dir='ltr'>Annon</span> <span class='ocrx_word' id='word_1_144' title='bbox 2191 472 2265 511; x_wconf 88' lang='lat' dir='ltr'>ex</span> <span class='ocrx_word' id='word_1_145' title='bbox 2289 457 2705 529; x_wconf 86' lang='lat' dir='ltr'>superioribus</span> <span class='ocrx_word' id='word_1_146' title='bbox 2736 456 2992 513; x_wconf 90' lang='lat' dir='ltr'>modum</span> <span class='ocrx_word' id='word_1_147' title='bbox 3013 458 3293 530; x_wconf 75' lang='lat' dir='ltr'>intelligis</span> <span class='ocrx_word' id='word_1_148' title='bbox 3311 461 3598 532; x_wconf 87' lang='lat' dir='ltr'>cognitio-</span> 
     </span>
    </p>
   </div>
   <div class='ocr_carea' id='block_1_21' title="bbox 1938 545 3592 618">
    <p class='ocr_par' dir='ltr' id='par_1_21' title="bbox 1938 545 3592 618">
     <span class='ocr_line' id='line_1_21' title="bbox 1938 545 3592 618; baseline 0.007 -19"><span class='ocrx_word' id='word_1_149' title='bbox 1938 545 2034 600; x_wconf 90' lang='lat' dir='ltr'>nis</span> <span class='ocrx_word' id='word_1_150' title='bbox 2055 545 2082 600; x_wconf 82' lang='lat'><strong>?</strong></span> <span class='ocrx_word' id='word_1_151' title='bbox 2105 547 2331 618; x_wconf 85' lang='lat' dir='ltr'>Ecquid</span> <span class='ocrx_word' id='word_1_152' title='bbox 2357 547 2418 602; x_wconf 90' lang='lat' dir='ltr'>in</span> <span class='ocrx_word' id='word_1_153' title='bbox 2452 549 2571 603; x_wconf 90' lang='lat' dir='ltr'>Deo</span> <span class='ocrx_word' id='word_1_154' title='bbox 2600 546 2991 617; x_wconf 86' lang='lat' dir='ltr'>agnoscimus</span> <span class='ocrx_word' id='word_1_155' title='bbox 3015 547 3042 602; x_wconf 89' lang='lat'><strong><em>?</em></strong></span> <span class='ocrx_word' id='word_1_156' title='bbox 3067 549 3212 606; x_wconf 85' lang='lat' dir='ltr'>Oves</span> <span class='ocrx_word' id='word_1_157' title='bbox 3225 566 3368 607; x_wconf 61' lang='lat' dir='ltr'>mem</span> <span class='ocrx_word' id='word_1_158' title='bbox 3397 567 3592 610; x_wconf 84' lang='lat' dir='ltr'>vocem</span> 
     </span>
    </p>
   </div>
   <div class='ocr_carea' id='block_1_22' title="bbox 1937 636 3593 710">
    <p class='ocr_par' dir='ltr' id='par_1_22' title="bbox 1937 636 3593 710">
     <span class='ocr_line' id='line_1_22' title="bbox 1937 636 3593 710; baseline 0.004 -20"><span class='ocrx_word' id='word_1_159' title='bbox 1937 649 2127 691; x_wconf 88' lang='lat' dir='ltr'>meam</span> <span class='ocrx_word' id='word_1_160' title='bbox 2147 636 2439 693; x_wconf 74' lang='lat' dir='ltr'>audiunt.</span> <span class='ocrx_word' id='word_1_161' title='bbox 2471 637 2614 694; x_wconf 85' lang='lat' dir='ltr'>Vide</span> <span class='ocrx_word' id='word_1_162' title='bbox 2642 636 2956 710; x_wconf 87' lang='lat' dir='ltr'>quomodo</span> <span class='ocrx_word' id='word_1_163' title='bbox 2981 645 3389 708; x_wconf 82' lang='lat' dir='ltr'>cognoscatur</span> <span class='ocrx_word' id='word_1_164' title='bbox 3410 643 3593 710; x_wconf 86' lang='lat' dir='ltr'>Deus;</span> 
     </span>
    </p>
   </div>
   <div class='ocr_carea' id='block_1_23' title="bbox 1938 726 3594 804">
    <p class='ocr_par' dir='ltr' id='par_1_23' title="bbox 1938 726 3594 804">
     <span class='ocr_line' id='line_1_23' title="bbox 1938 726 3594 804; baseline 0.005 -25"><span class='ocrx_word' id='word_1_165' title='bbox 1938 739 2010 779; x_wconf 88' lang='lat' dir='ltr'>ex</span> <span class='ocrx_word' id='word_1_166' title='bbox 2039 740 2110 781; x_wconf 91' lang='lat' dir='ltr'>eo</span> <span class='ocrx_word' id='word_1_167' title='bbox 2159 726 2325 798; x_wconf 93' lang='lat' dir='ltr'>quod</span> <span class='ocrx_word' id='word_1_168' title='bbox 2352 727 2644 784; x_wconf 90' lang='lat' dir='ltr'>mandata</span> <span class='ocrx_word' id='word_1_169' title='bbox 2669 727 2862 800; x_wconf 90' lang='lat' dir='ltr'>ipsius</span> <span class='ocrx_word' id='word_1_170' title='bbox 2892 726 3199 796; x_wconf 88' lang='lat' dir='ltr'>audimus,</span> <span class='ocrx_word' id='word_1_171' title='bbox 3232 744 3304 786; x_wconf 86' lang='lat' dir='ltr'>ex</span> <span class='ocrx_word' id='word_1_172' title='bbox 3327 746 3398 787; x_wconf 89' lang='lat' dir='ltr'>co</span> <span class='ocrx_word' id='word_1_173' title='bbox 3429 732 3594 804; x_wconf 89' lang='lat' dir='ltr'>quod</span> 
     </span>
    </p>
   </div>
   <div class='ocr_carea' id='block_1_24' title="bbox 1936 813 3593 892">
    <p class='ocr_par' dir='ltr' id='par_1_24' title="bbox 1936 813 3593 892">
     <span class='ocr_line' id='line_1_24' title="bbox 1936 813 3593 892; baseline 0.005 -23"><span class='ocrx_word' id='word_1_174' title='bbox 1936 813 2039 870; x_wconf 89' lang='lat' dir='ltr'>illa</span> <span class='ocrx_word' id='word_1_175' title='bbox 2085 815 2399 872; x_wconf 73' lang='lat' dir='ltr'>audientes</span> <span class='ocrx_word' id='word_1_176' title='bbox 2448 817 2822 873; x_wconf 82' lang='lat' dir='ltr'>conﬁcimus.</span> <span class='ocrx_word' id='word_1_177' title='bbox 2858 819 3233 885; x_wconf 86' lang='lat' dir='ltr'>Cognoscere</span> <span class='ocrx_word' id='word_1_178' title='bbox 3259 821 3468 892; x_wconf 87' lang='lat' dir='ltr'>Deum,</span> <span class='ocrx_word' id='word_1_179' title='bbox 3503 825 3593 880; x_wconf 89' lang='lat' dir='ltr'>est</span> 
     </span>
    </p>
   </div>
   <div class='ocr_carea' id='block_1_25' title="bbox 1937 905 3590 978">
    <p class='ocr_par' dir='ltr' id='par_1_25' title="bbox 1937 905 3590 978">
     <span class='ocr_line' id='line_1_25' title="bbox 1937 905 3590 978; baseline 0.006 -21"><span class='ocrx_word' id='word_1_180' title='bbox 1937 919 2177 960; x_wconf 81' lang='lat' dir='ltr'>servare</span> <span class='ocrx_word' id='word_1_181' title='bbox 2209 905 2307 962; x_wconf 91' lang='lat' dir='ltr'>Dei</span> <span class='ocrx_word' id='word_1_182' title='bbox 2335 911 2662 978; x_wconf 68' lang='lat' dir='ltr'>praecepta.</span> <span class='ocrx_word' id='word_1_183' title='bbox 2686 909 2838 962; x_wconf 78' lang='lat' dir='ltr'>Num</span> <span class='ocrx_word' id='word_1_184' title='bbox 2869 906 3048 963; x_wconf 82' lang='lat' dir='ltr'>debet</span> <span class='ocrx_word' id='word_1_185' title='bbox 3073 923 3204 963; x_wconf 88' lang='lat' dir='ltr'>esse</span> <span class='ocrx_word' id='word_1_186' title='bbox 3235 908 3309 964; x_wconf 89' lang='lat' dir='ltr'>de</span> <span class='ocrx_word' id='word_1_187' title='bbox 3343 909 3447 966; x_wconf 89' lang='lat' dir='ltr'>Dei</span> <span class='ocrx_word' id='word_1_188' title='bbox 3495 925 3590 966; x_wconf 86' lang='lat' dir='ltr'>es-</span> 
     </span>
    </p>
   </div>
   <div class='ocr_carea' id='block_1_26' title="bbox 1936 992 3586 1072">
    <p class='ocr_par' dir='ltr' id='par_1_26' title="bbox 1936 992 3586 1072">
     <span class='ocr_line' id='line_1_26' title="bbox 1936 992 3586 1072; baseline 0.005 -25"><span class='ocrx_word' id='word_1_189' title='bbox 1936 992 2129 1048; x_wconf 89' lang='lat' dir='ltr'>sentia</span> <span class='ocrx_word' id='word_1_190' title='bbox 2164 993 2519 1067; x_wconf 80' lang='lat' dir='ltr'>disceptatio</span> <span class='ocrx_word' id='word_1_191' title='bbox 2567 995 2910 1052; x_wconf 83' lang='lat' dir='ltr'>curiosior?</span> <span class='ocrx_word' id='word_1_192' title='bbox 2947 1013 3096 1052; x_wconf 91' lang='lat' dir='ltr'>num</span> <span class='ocrx_word' id='word_1_193' title='bbox 3115 997 3191 1053; x_wconf 91' lang='lat' dir='ltr'>de</span> <span class='ocrx_word' id='word_1_194' title='bbox 3228 996 3410 1053; x_wconf 88' lang='lat' dir='ltr'>rebus</span> <span class='ocrx_word' id='word_1_195' title='bbox 3447 1015 3586 1072; x_wconf 61' lang='lat' dir='ltr'>quin</span> 
     </span>
    </p>
   </div>
   <div class='ocr_carea' id='block_1_27' title="bbox 1935 1081 3586 1158">
    <p class='ocr_par' dir='ltr' id='par_1_27' title="bbox 1935 1081 3586 1158">
     <span class='ocr_line' id='line_1_27' title="bbox 1935 1081 3586 1158; baseline 0.003 -18"><span class='ocrx_word' id='word_1_196' title='bbox 1935 1081 2237 1140; x_wconf 90' lang='lat' dir='ltr'>mundum</span> <span class='ocrx_word' id='word_1_197' title='bbox 2254 1086 2709 1154; x_wconf 85' lang='lat' dir='ltr'>transcendunt,</span> <span class='ocrx_word' id='word_1_198' title='bbox 2725 1085 3007 1158; x_wconf 64' lang='lat' dir='ltr'>qumstio?</span> <span class='ocrx_word' id='word_1_199' title='bbox 3027 1102 3175 1142; x_wconf 89' lang='lat' dir='ltr'>num</span> <span class='ocrx_word' id='word_1_200' title='bbox 3190 1087 3586 1146; x_wconf 81' lang='lat' dir='ltr'>invisibilium</span> 
     </span>
    </p>
   </div>
   <div class='ocr_carea' id='block_1_28' title="bbox 1934 1171 3583 1246">
    <p class='ocr_par' dir='ltr' id='par_1_28' title="bbox 1934 1171 3583 1246">
     <span class='ocr_line' id='line_1_28' title="bbox 1934 1171 3583 1246; baseline 0.004 -19"><span class='ocrx_word' id='word_1_201' title='bbox 1934 1171 2326 1243; x_wconf 80' lang='lat' dir='ltr'>intelligentia</span> <span class='ocrx_word' id='word_1_202' title='bbox 2363 1175 2389 1228; x_wconf 89' lang='lat'><strong>?</strong></span> <span class='ocrx_word' id='word_1_203' title='bbox 2437 1175 2818 1245; x_wconf 85' lang='lat' dir='ltr'>Cognoscunt</span> <span class='ocrx_word' id='word_1_204' title='bbox 2867 1191 2959 1232; x_wconf 90' lang='lat' dir='ltr'>me</span> <span class='ocrx_word' id='word_1_205' title='bbox 2990 1191 3150 1242; x_wconf 77' lang='lat' dir='ltr'>meae,</span> <span class='ocrx_word' id='word_1_206' title='bbox 3203 1182 3256 1232; x_wconf 81' lang='lat' dir='ltr'>et</span> <span class='ocrx_word' id='word_1_207' title='bbox 3295 1191 3583 1246; x_wconf 78' lang='lat' dir='ltr'>coynosco</span> 
     </span>
    </p>
   </div>
   <div class='ocr_carea' id='block_1_29' title="bbox 1934 1263 3580 1337">
    <p class='ocr_par' dir='ltr' id='par_1_29' title="bbox 1934 1263 3580 1337">
     <span class='ocr_line' id='line_1_29' title="bbox 1934 1263 3580 1337; baseline 0.002 -19"><span class='ocrx_word' id='word_1_208' title='bbox 1934 1278 2116 1320; x_wconf 81' lang='lat' dir='ltr'>meas.</span> <span class='ocrx_word' id='word_1_209' title='bbox 2169 1263 2327 1318; x_wconf 88' lang='lat' dir='ltr'>Scire</span> <span class='ocrx_word' id='word_1_210' title='bbox 2374 1263 2518 1319; x_wconf 89' lang='lat' dir='ltr'>satis</span> <span class='ocrx_word' id='word_1_211' title='bbox 2557 1263 2660 1319; x_wconf 87' lang='lat' dir='ltr'>tibi</span> <span class='ocrx_word' id='word_1_212' title='bbox 2690 1269 2802 1334; x_wconf 90' lang='lat' dir='ltr'>est,</span> <span class='ocrx_word' id='word_1_213' title='bbox 2835 1264 3068 1320; x_wconf 90' lang='lat' dir='ltr'>bonum</span> <span class='ocrx_word' id='word_1_214' title='bbox 3092 1269 3402 1337; x_wconf 87' lang='lat' dir='ltr'>pastorem</span> <span class='ocrx_word' id='word_1_215' title='bbox 3428 1281 3580 1334; x_wconf 90' lang='lat' dir='ltr'>esse,</span> 
     </span>
    </p>
   </div>
   <div class='ocr_carea' id='block_1_30' title="bbox 1933 1353 3587 1428">
    <p class='ocr_par' dir='ltr' id='par_1_30' title="bbox 1933 1353 3587 1428">
     <span class='ocr_line' id='line_1_30' title="bbox 1933 1353 3587 1428; baseline 0.002 -19"><span class='ocrx_word' id='word_1_216' title='bbox 1933 1354 2205 1410; x_wconf 89' lang='lat' dir='ltr'>animam</span> <span class='ocrx_word' id='word_1_217' title='bbox 2227 1369 2400 1409; x_wconf 87' lang='lat' dir='ltr'>suam</span> <span class='ocrx_word' id='word_1_218' title='bbox 2427 1369 2537 1426; x_wconf 90' lang='lat' dir='ltr'>pro</span> <span class='ocrx_word' id='word_1_219' title='bbox 2567 1353 2782 1410; x_wconf 83' lang='lat' dir='ltr'>ovibus</span> <span class='ocrx_word' id='word_1_220' title='bbox 2819 1357 3120 1428; x_wconf 89' lang='lat' dir='ltr'>posuisse.</span> <span class='ocrx_word' id='word_1_221' title='bbox 3170 1355 3440 1425; x_wconf 87' lang='lat' dir='ltr'>Cognitio</span> <span class='ocrx_word' id='word_1_222' title='bbox 3482 1355 3587 1413; x_wconf 86' lang='lat' dir='ltr'>Dei</span> 
     </span>
    </p>
   </div>
   <div class='ocr_carea' id='block_1_31' title="bbox 1934 1442 3638 1511">
    <p class='ocr_par' dir='ltr' id='par_1_31' title="bbox 1934 1442 3638 1511">
     <span class='ocr_line' id='line_1_31' title="bbox 1934 1442 3638 1511; baseline 0.003 -14"><span class='ocrx_word' id='word_1_223' title='bbox 1934 1442 2270 1498; x_wconf 84' lang='lat' dir='ltr'>continetur</span> <span class='ocrx_word' id='word_1_224' title='bbox 2285 1443 2379 1498; x_wconf 85' lang='lat' dir='ltr'>his</span> <span class='ocrx_word' id='word_1_225' title='bbox 2403 1442 2652 1498; x_wconf 84' lang='lat' dir='ltr'>ﬁnibus.</span> <span class='ocrx_word' id='word_1_226' title='bbox 2685 1445 2957 1509; x_wconf 88' lang='lat' dir='ltr'>Quantus</span> <span class='ocrx_word' id='word_1_227' title='bbox 2987 1448 3186 1500; x_wconf 89' lang='lat' dir='ltr'>autem</span> <span class='ocrx_word' id='word_1_228' title='bbox 3211 1444 3284 1500; x_wconf 89' lang='lat' dir='ltr'>sit</span> <span class='ocrx_word' id='word_1_229' title='bbox 3322 1448 3500 1511; x_wconf 89' lang='lat' dir='ltr'>Deus,</span> <span class='ocrx_word' id='word_1_230' title='bbox 3527 1451 3587 1502; x_wconf 89' lang='lat' dir='ltr'>et</span> <span class='ocrx_word' id='word_1_231' title='bbox 3633 1499 3638 1504; x_wconf 88' lang='grc'>,</span> 
     </span>
    </p>
   </div>
   <div class='ocr_carea' id='block_1_32' title="bbox 1931 1530 3584 1605">
    <p class='ocr_par' dir='ltr' id='par_1_32' title="bbox 1931 1530 3584 1605">
     <span class='ocr_line' id='line_1_32' title="bbox 1931 1530 3584 1605; baseline 0.003 -20"><span class='ocrx_word' id='word_1_232' title='bbox 1931 1531 2067 1603; x_wconf 88' lang='lat' dir='ltr'>quis</span> <span class='ocrx_word' id='word_1_233' title='bbox 2108 1530 2331 1602; x_wconf 88' lang='lat' dir='ltr'>modus</span> <span class='ocrx_word' id='word_1_234' title='bbox 2375 1531 2524 1602; x_wconf 89' lang='lat' dir='ltr'>ejus,</span> <span class='ocrx_word' id='word_1_235' title='bbox 2557 1537 2614 1588; x_wconf 94' lang='lat' dir='ltr'>et</span> <span class='ocrx_word' id='word_1_236' title='bbox 2654 1532 2852 1605; x_wconf 88' lang='lat' dir='ltr'>qualis</span> <span class='ocrx_word' id='word_1_237' title='bbox 2881 1532 3218 1589; x_wconf 89' lang='lat' dir='ltr'>secundum</span> <span class='ocrx_word' id='word_1_238' title='bbox 3241 1533 3584 1603; x_wconf 89' lang='lat' dir='ltr'>essentiam,</span> 
     </span>
    </p>
   </div>
   <div class='ocr_carea' id='block_1_33' title="bbox 1932 1620 3588 1695">
    <p class='ocr_par' dir='ltr' id='par_1_33' title="bbox 1932 1620 3588 1695">
     <span class='ocr_line' id='line_1_33' title="bbox 1932 1620 3588 1695; baseline 0.001 -18"><span class='ocrx_word' id='word_1_239' title='bbox 1932 1620 2074 1678; x_wconf 86' lang='lat' dir='ltr'>talia</span> <span class='ocrx_word' id='word_1_240' title='bbox 2105 1624 2164 1676; x_wconf 89' lang='lat' dir='ltr'>ut</span> <span class='ocrx_word' id='word_1_241' title='bbox 2187 1625 2326 1676; x_wconf 90' lang='lat' dir='ltr'>sunt</span> <span class='ocrx_word' id='word_1_242' title='bbox 2355 1620 2750 1690; x_wconf 85' lang='lat' dir='ltr'>interroganti</span> <span class='ocrx_word' id='word_1_243' title='bbox 2780 1621 3141 1694; x_wconf 89' lang='lat' dir='ltr'>periculosa,</span> <span class='ocrx_word' id='word_1_244' title='bbox 3166 1623 3247 1679; x_wconf 89' lang='lat' dir='ltr'>ita</span> <span class='ocrx_word' id='word_1_245' title='bbox 3267 1622 3320 1678; x_wconf 90' lang='lat' dir='ltr'>ei</span> <span class='ocrx_word' id='word_1_246' title='bbox 3367 1622 3470 1695; x_wconf 89' lang='lat' dir='ltr'>qui</span> <span class='ocrx_word' id='word_1_247' title='bbox 3501 1623 3588 1679; x_wconf 89' lang='lat' dir='ltr'>in-</span> 
     </span>
    </p>
   </div>
   <div class='ocr_carea' id='block_1_34' title="bbox 202 1708 1814 1786">
    <p class='ocr_par' dir='ltr' id='par_1_34' title="bbox 202 1708 1814 1786">
     <span class='ocr_line' id='line_1_34' title="bbox 202 1708 1814 1786; baseline 0.001 -23"><span class='ocrx_word' id='word_1_248' title='bbox 202 1708 284 1777; x_wconf 69' lang='grc' dir='ltr'>δε,</span> <span class='ocrx_word' id='word_1_249' title='bbox 337 1714 599 1785; x_wconf 79' lang='grc' dir='ltr'>θεραπεία</span> <span class='ocrx_word' id='word_1_250' title='bbox 639 1719 740 1763; x_wconf 92' lang='grc' dir='ltr'>τῶν</span> <span class='ocrx_word' id='word_1_251' title='bbox 795 1715 1043 1764; x_wconf 81' lang='grc' dir='ltr'>τοιούτων</span> <span class='ocrx_word' id='word_1_252' title='bbox 1101 1711 1238 1768; x_wconf 77' lang='grc' dir='ltr'>ἐστί.</span> <span class='ocrx_word' id='word_1_253' title='bbox 1298 1715 1374 1766; x_wconf 83' lang='grc' dir='ltr'>Τά</span> <span class='ocrx_word' id='word_1_254' title='bbox 1425 1711 1524 1785; x_wconf 79' lang='grc' dir='ltr'>ἐμὰ</span> <span class='ocrx_word' id='word_1_255' title='bbox 1581 1711 1814 1786; x_wconf 81' lang='grc' dir='ltr'>πρόϐατα</span> 
     </span>
    </p>
   </div>
   <div class='ocr_carea' id='block_1_35' title="bbox 1922 1708 3587 1786">
    <p class='ocr_par' dir='ltr' id='par_1_35' title="bbox 1932 1709 3587 1782">
     <span class='ocr_line' id='line_1_35' title="bbox 1932 1709 3587 1782; baseline 0.001 -17"><span class='ocrx_word' id='word_1_256' title='bbox 1932 1714 2268 1779; x_wconf 86' lang='lat' dir='ltr'>terrogatur</span> <span class='ocrx_word' id='word_1_257' title='bbox 2291 1709 2758 1782; x_wconf 81' lang='lat' dir='ltr'>inexplicabilia:</span> <span class='ocrx_word' id='word_1_258' title='bbox 2784 1710 3089 1766; x_wconf 89' lang='lat' dir='ltr'>silentium</span> <span class='ocrx_word' id='word_1_259' title='bbox 3120 1715 3320 1767; x_wconf 88' lang='lat' dir='ltr'>autem</span> <span class='ocrx_word' id='word_1_260' title='bbox 3329 1751 3346 1781; x_wconf 91' lang='lat'>,</span> <span class='ocrx_word' id='word_1_261' title='bbox 3375 1711 3587 1768; x_wconf 89' lang='lat' dir='ltr'>talium</span> 
     </span>
    </p>
   </div>
   <div class='ocr_carea' id='block_1_36' title="bbox 197 1798 1815 1872">
    <p class='ocr_par' dir='ltr' id='par_1_36' title="bbox 197 1798 1815 1872">
     <span class='ocr_line' id='line_1_36' title="bbox 197 1798 1815 1872; baseline 0.001 -21"><span class='ocrx_word' id='word_1_262' title='bbox 197 1808 299 1862; x_wconf 70' lang='grc' dir='ltr'>τῆς</span> <span class='ocrx_word' id='word_1_263' title='bbox 361 1799 504 1872; x_wconf 72' lang='grc' dir='ltr'>ἐμῆς</span> <span class='ocrx_word' id='word_1_264' title='bbox 555 1808 728 1872; x_wconf 67' lang='grc' dir='ltr'>φωνῆς</span> <span class='ocrx_word' id='word_1_265' title='bbox 781 1800 980 1870; x_wconf 76' lang='grc' dir='ltr'>ἀκούει,</span> <span class='ocrx_word' id='word_1_266' title='bbox 1047 1798 1203 1872; x_wconf 80' lang='grc' dir='ltr'>εἶπεν,</span> <span class='ocrx_word' id='word_1_267' title='bbox 1261 1801 1321 1855; x_wconf 77' lang='grc' dir='ltr'>οὐ</span> <span class='ocrx_word' id='word_1_268' title='bbox 1380 1803 1619 1862; x_wconf 76' lang='grc' dir='ltr'>συζητεῖ.</span> <span class='ocrx_word' id='word_1_269' title='bbox 1653 1808 1815 1855; x_wconf 87' lang='grc' dir='ltr'>Τουτ-</span> 
     </span>
    </p>
   </div>
   <div class='ocr_carea' id='block_1_37' title="bbox 203 1889 1814 1963">
    <p class='ocr_par' dir='ltr' id='par_1_37' title="bbox 203 1889 1814 1963">
     <span class='ocr_line' id='line_1_37' title="bbox 203 1889 1814 1963; baseline 0.001 -21"><span class='ocrx_word' id='word_1_270' title='bbox 203 1892 347 1942; x_wconf 59' lang='lat' dir='ltr'>ista</span> <span class='ocrx_word' id='word_1_271' title='bbox 407 1889 471 1942; x_wconf 70' lang='grc' dir='ltr'>οὐ</span> <span class='ocrx_word' id='word_1_272' title='bbox 521 1892 833 1963; x_wconf 74' lang='grc' dir='ltr'>παρακούει,</span> <span class='ocrx_word' id='word_1_273' title='bbox 885 1890 945 1943; x_wconf 76' lang='grc' dir='ltr'>οὐ</span> <span class='ocrx_word' id='word_1_274' title='bbox 991 1890 1281 1962; x_wconf 76' lang='grc' dir='ltr'>φιλονεικεῖ.</span> <span class='ocrx_word' id='word_1_275' title='bbox 1340 1890 1609 1952; x_wconf 75' lang='grc' dir='ltr'>Ἤκουσας</span> <span class='ocrx_word' id='word_1_276' title='bbox 1673 1894 1814 1957; x_wconf 83' lang='grc' dir='ltr'>Υίόν,</span> 
     </span>
    </p>
   </div>
   <div class='ocr_carea' id='block_1_38' title="bbox 201 1980 1818 2053">
    <p class='ocr_par' dir='ltr' id='par_1_38' title="bbox 201 1980 1818 2053">
     <span class='ocr_line' id='line_1_38' title="bbox 201 1980 1818 2053; baseline 0.001 -22"><span class='ocrx_word' id='word_1_277' title='bbox 201 1984 276 2050; x_wconf 72' lang='grc' dir='ltr'>μή</span> <span class='ocrx_word' id='word_1_278' title='bbox 338 1998 435 2051; x_wconf 84' lang='grc' dir='ltr'>μοι</span> <span class='ocrx_word' id='word_1_279' title='bbox 481 1984 712 2051; x_wconf 83' lang='grc' dir='ltr'>τρόπους</span> <span class='ocrx_word' id='word_1_280' title='bbox 767 1985 1049 2052; x_wconf 81' lang='grc' dir='ltr'>γεννήσεως</span> <span class='ocrx_word' id='word_1_281' title='bbox 1079 1985 1210 2052; x_wconf 75' lang='grc' dir='ltr'>μήτε</span> <span class='ocrx_word' id='word_1_282' title='bbox 1253 1980 1411 2041; x_wconf 67' lang='grc' dir='ltr'>αὐτὸς</span> <span class='ocrx_word' id='word_1_283' title='bbox 1439 1981 1553 2052; x_wconf 85' lang='grc'>(98)</span> <span class='ocrx_word' id='word_1_284' title='bbox 1581 1980 1818 2053; x_wconf 74' lang='grc' dir='ltr'>τεχνολό-</span> 
     </span>
    </p>
   </div>
   <div class='ocr_carea' id='block_1_39' title="bbox 198 2068 1820 2142">
    <p class='ocr_par' dir='ltr' id='par_1_39' title="bbox 198 2068 1820 2142">
     <span class='ocr_line' id='line_1_39' title="bbox 198 2068 1820 2142; baseline 0.002 -23"><span class='ocrx_word' id='word_1_285' title='bbox 198 2087 307 2139; x_wconf 83' lang='grc' dir='ltr'>γει,</span> <span class='ocrx_word' id='word_1_286' title='bbox 365 2074 498 2140; x_wconf 73' lang='grc' dir='ltr'>μήτε</span> <span class='ocrx_word' id='word_1_287' title='bbox 539 2069 641 2120; x_wconf 70' lang='grc' dir='ltr'>ὑπὸ</span> <span class='ocrx_word' id='word_1_288' title='bbox 685 2068 857 2121; x_wconf 85' lang='grc' dir='ltr'>αἰτίαν</span> <span class='ocrx_word' id='word_1_289' title='bbox 897 2068 1125 2141; x_wconf 87' lang='grc' dir='ltr'>ἀνάγαγε</span> <span class='ocrx_word' id='word_1_290' title='bbox 1162 2070 1462 2142; x_wconf 83' lang='grc' dir='ltr'><strong>(99)τὰμή</strong></span> <span class='ocrx_word' id='word_1_291' title='bbox 1517 2070 1820 2142; x_wconf 72' lang='grc' dir='ltr'>αἰτιολογη-</span> 
     </span>
    </p>
   </div>
   <div class='ocr_carea' id='block_1_40' title="bbox 201 2153 1822 2232">
    <p class='ocr_par' dir='ltr' id='par_1_40' title="bbox 201 2153 1822 2232">
     <span class='ocr_line' id='line_1_40' title="bbox 201 2153 1822 2232; baseline 0.002 -24"><span class='ocrx_word' id='word_1_292' title='bbox 201 2176 381 2230; x_wconf 76' lang='grc' dir='ltr'>ματα,</span> <span class='ocrx_word' id='word_1_293' title='bbox 416 2162 486 2229; x_wconf 77' lang='grc' dir='ltr'>μή</span> <span class='ocrx_word' id='word_1_294' title='bbox 539 2153 634 2211; x_wconf 72' lang='grc' dir='ltr'>διὰ</span> <span class='ocrx_word' id='word_1_295' title='bbox 687 2163 991 2231; x_wconf 82' lang='grc' dir='ltr'>σχίσματος</span> <span class='ocrx_word' id='word_1_296' title='bbox 1029 2155 1233 2232; x_wconf 78' lang='grc' dir='ltr'>διόριζε</span> <span class='ocrx_word' id='word_1_297' title='bbox 1262 2162 1320 2211; x_wconf 90' lang='grc' dir='ltr'>τό</span> <span class='ocrx_word' id='word_1_298' title='bbox 1350 2163 1692 2232; x_wconf 75' lang='grc' dir='ltr'>συνημμένον.</span> <span class='ocrx_word' id='word_1_299' title='bbox 1726 2162 1822 2213; x_wconf 77' lang='grc' dir='ltr'>Διὰ</span> 
     </span>
    </p>
   </div>
   <div class='ocr_carea' id='block_1_41' title="bbox 201 2245 1816 2320">
    <p class='ocr_par' dir='ltr' id='par_1_41' title="bbox 201 2245 1816 2320">
     <span class='ocr_line' id='line_1_41' title="bbox 201 2245 1816 2320; baseline 0.002 -23"><span class='ocrx_word' id='word_1_300' title='bbox 201 2253 372 2299; x_wconf 82' lang='grc' dir='ltr'>τοῦτο</span> <span class='ocrx_word' id='word_1_301' title='bbox 421 2245 694 2319; x_wconf 77' lang='grc' dir='ltr'>προλαϐὼν</span> <span class='ocrx_word' id='word_1_302' title='bbox 780 2247 1110 2320; x_wconf 70' lang='grc' dir='ltr'>ἠσφαλίσατό</span> <span class='ocrx_word' id='word_1_303' title='bbox 1189 2266 1246 2301; x_wconf 89' lang='grc' dir='ltr'>σε</span> <span class='ocrx_word' id='word_1_304' title='bbox 1317 2248 1343 2300; x_wconf 89' lang='grc' dir='ltr'>ό</span> <span class='ocrx_word' id='word_1_305' title='bbox 1419 2247 1816 2319; x_wconf 69' lang='grc' dir='ltr'>εὖαγγελιστὴς,</span> 
     </span>
    </p>
   </div>
   <div class='ocr_carea' id='block_1_42' title="bbox 205 2334 1820 2412">
    <p class='ocr_par' dir='ltr' id='par_1_42' title="bbox 205 2334 1820 2412">
     <span class='ocr_line' id='line_1_42' title="bbox 205 2334 1820 2412; baseline 0.002 -24"><span class='ocrx_word' id='word_1_306' title='bbox 205 2334 485 2399; x_wconf 75' lang='grc' dir='ltr'>Ἤκουσας</span> <span class='ocrx_word' id='word_1_307' title='bbox 536 2342 738 2409; x_wconf 84' lang='grc' dir='ltr'>πρώην,</span> <span class='ocrx_word' id='word_1_308' title='bbox 789 2341 880 2389; x_wconf 84' lang='grc' dir='ltr'>καὶ</span> <span class='ocrx_word' id='word_1_309' title='bbox 926 2334 990 2396; x_wconf 76' lang='grc' dir='ltr'>δὴ</span> <span class='ocrx_word' id='word_1_310' title='bbox 1034 2335 1258 2399; x_wconf 80' lang='grc' dir='ltr'>ἀκούεις·</span> <span class='ocrx_word' id='word_1_311' title='bbox 1312 2337 1395 2390; x_wconf 87' lang='grc' dir='ltr'>Ἐν</span> <span class='ocrx_word' id='word_1_312' title='bbox 1470 2335 1613 2412; x_wconf 78' lang='grc' dir='ltr'>ἀρχῇ</span> <span class='ocrx_word' id='word_1_313' title='bbox 1675 2335 1735 2410; x_wconf 73' lang='grc' dir='ltr'>ᾖν</span> <span class='ocrx_word' id='word_1_314' title='bbox 1794 2339 1820 2392; x_wconf 84' lang='grc' dir='ltr'>ό</span> 
     </span>
    </p>
   </div>
   <div class='ocr_carea' id='block_1_43' title="bbox 211 2425 1821 2501">
    <p class='ocr_par' dir='ltr' id='par_1_43' title="bbox 211 2425 1821 2501">
     <span class='ocr_line' id='line_1_43' title="bbox 211 2425 1821 2501; baseline 0.001 -23"><span class='ocrx_word' id='word_1_315' title='bbox 211 2432 411 2497; x_wconf 69' lang='grc' dir='ltr'>Λόγος,</span> <span class='ocrx_word' id='word_1_316' title='bbox 471 2429 556 2478; x_wconf 80' lang='grc' dir='ltr'>ἱνα</span> <span class='ocrx_word' id='word_1_317' title='bbox 597 2431 669 2499; x_wconf 78' lang='grc' dir='ltr'>μὴ</span> <span class='ocrx_word' id='word_1_318' title='bbox 722 2430 809 2479; x_wconf 87' lang='grc' dir='ltr'>τὸν</span> <span class='ocrx_word' id='word_1_319' title='bbox 854 2429 972 2480; x_wconf 84' lang='grc' dir='ltr'>Υίόν</span> <span class='ocrx_word' id='word_1_320' title='bbox 1026 2430 1253 2500; x_wconf 71' lang='grc' dir='ltr'>γέννημα</span> <span class='ocrx_word' id='word_1_321' title='bbox 1305 2425 1620 2501; x_wconf 84' lang='grc' dir='ltr'>ἀνθρώπινον</span> <span class='ocrx_word' id='word_1_322' title='bbox 1679 2432 1821 2500; x_wconf 82' lang='grc' dir='ltr'>νομί-</span> 
     </span>
    </p>
   </div>
   <div class='ocr_carea' id='block_1_44' title="bbox 210 2514 1820 2589">
    <p class='ocr_par' dir='ltr' id='par_1_44' title="bbox 210 2514 1820 2589">
     <span class='ocr_line' id='line_1_44' title="bbox 210 2514 1820 2589; baseline 0.004 -24"><span class='ocrx_word' id='word_1_323' title='bbox 210 2533 307 2575; x_wconf 75' lang='grc' dir='ltr'>σης</span> <span class='ocrx_word' id='word_1_324' title='bbox 363 2514 421 2566; x_wconf 72' lang='grc' dir='ltr'>ἐκ</span> <span class='ocrx_word' id='word_1_325' title='bbox 477 2515 571 2568; x_wconf 71' lang='grc' dir='ltr'>τοὺ</span> <span class='ocrx_word' id='word_1_326' title='bbox 619 2520 690 2588; x_wconf 82' lang='grc' dir='ltr'>μὴ</span> <span class='ocrx_word' id='word_1_327' title='bbox 747 2519 890 2577; x_wconf 81' lang='grc' dir='ltr'>ὄντος</span> <span class='ocrx_word' id='word_1_328' title='bbox 919 2515 1346 2589; x_wconf 75' lang='grc' dir='ltr'>παρεληλυθέναι.</span> <span class='ocrx_word' id='word_1_329' title='bbox 1382 2521 1552 2587; x_wconf 84' lang='grc' dir='ltr'>Λόγον</span> <span class='ocrx_word' id='word_1_330' title='bbox 1596 2535 1680 2569; x_wconf 89' lang='grc' dir='ltr'>σοι</span> <span class='ocrx_word' id='word_1_331' title='bbox 1715 2514 1820 2571; x_wconf 84' lang='grc' dir='ltr'>εἷπε</span> 
     </span>
    </p>
   </div>
   <div class='ocr_carea' id='block_1_45' title="bbox 209 2600 1819 2680">
    <p class='ocr_par' dir='ltr' id='par_1_45' title="bbox 209 2600 1819 2680">
     <span class='ocr_line' id='line_1_45' title="bbox 209 2600 1819 2680; baseline 0.003 -24"><span class='ocrx_word' id='word_1_332' title='bbox 209 2600 305 2656; x_wconf 77' lang='grc' dir='ltr'>δια</span> <span class='ocrx_word' id='word_1_333' title='bbox 357 2607 418 2656; x_wconf 86' lang='grc' dir='ltr'>τὸ</span> <span class='ocrx_word' id='word_1_334' title='bbox 475 2603 690 2667; x_wconf 78' lang='grc' dir='ltr'>ἀπαθές.</span> <span class='ocrx_word' id='word_1_335' title='bbox 746 2604 842 2657; x_wconf 83' lang='grc' dir='ltr'>Ἦν</span> <span class='ocrx_word' id='word_1_336' title='bbox 904 2623 990 2657; x_wconf 90' lang='grc' dir='ltr'>σοι</span> <span class='ocrx_word' id='word_1_337' title='bbox 1035 2601 1142 2658; x_wconf 83' lang='grc' dir='ltr'>εἶπε</span> <span class='ocrx_word' id='word_1_338' title='bbox 1195 2601 1289 2657; x_wconf 73' lang='grc' dir='ltr'>διὰ</span> <span class='ocrx_word' id='word_1_339' title='bbox 1317 2608 1376 2657; x_wconf 89' lang='grc' dir='ltr'>τό</span> <span class='ocrx_word' id='word_1_340' title='bbox 1402 2607 1648 2679; x_wconf 80' lang='grc' dir='ltr'>ἄχρονον.</span> <span class='ocrx_word' id='word_1_341' title='bbox 1693 2606 1819 2680; x_wconf 82' lang='grc' dir='ltr'>’Λρ-</span> 
     </span>
    </p>
   </div>
   <div class='ocr_carea' id='block_1_46' title="bbox 208 2691 1820 2767">
    <p class='ocr_par' dir='ltr' id='par_1_46' title="bbox 208 2691 1820 2767">
     <span class='ocr_line' id='line_1_46' title="bbox 208 2691 1820 2767; baseline 0.003 -22"><span class='ocrx_word' id='word_1_342' title='bbox 208 2698 319 2764; x_wconf 58' lang='lat' dir='ltr'>zu)&quot;:</span> <span class='ocrx_word' id='word_1_343' title='bbox 379 2713 465 2746; x_wconf 90' lang='grc' dir='ltr'>σοι</span> <span class='ocrx_word' id='word_1_344' title='bbox 525 2691 677 2762; x_wconf 82' lang='grc' dir='ltr'>εἶπεν,</span> <span class='ocrx_word' id='word_1_345' title='bbox 731 2695 815 2746; x_wconf 82' lang='grc' dir='ltr'>ἵνα</span> <span class='ocrx_word' id='word_1_346' title='bbox 867 2695 1075 2767; x_wconf 72' lang='grc' dir='ltr'>συνάψῃ</span> <span class='ocrx_word' id='word_1_347' title='bbox 1132 2699 1217 2746; x_wconf 85' lang='grc' dir='ltr'>τόν</span> <span class='ocrx_word' id='word_1_348' title='bbox 1261 2699 1568 2766; x_wconf 77' lang='grc' dir='ltr'>γεννηθέντα</span> <span class='ocrx_word' id='word_1_349' title='bbox 1605 2705 1676 2767; x_wconf 81' lang='grc' dir='ltr'>τῷ</span> <span class='ocrx_word' id='word_1_350' title='bbox 1717 2704 1820 2750; x_wconf 85' lang='grc' dir='ltr'>Πα-</span> 
     </span>
    </p>
   </div>
   <div class='ocr_carea' id='block_1_47' title="bbox 207 2779 1820 2872">
    <p class='ocr_par' dir='ltr' id='par_1_47' title="bbox 207 2779 1820 2872">
     <span class='ocr_line' id='line_1_47' title="bbox 207 2779 1820 2872; baseline 0.003 -38"><span class='ocrx_word' id='word_1_351' title='bbox 207 2786 319 2855; x_wconf 83' lang='grc' dir='ltr'>τρὶ,</span> <span class='ocrx_word' id='word_1_352' title='bbox 376 2779 533 2845; x_wconf 81' lang='grc' dir='ltr'>Εἶδες</span> <span class='ocrx_word' id='word_1_353' title='bbox 585 2782 843 2857; x_wconf 77' lang='grc' dir='ltr'>πρόϐατον</span> <span class='ocrx_word' id='word_1_354' title='bbox 885 2783 1112 2847; x_wconf 65' lang='grc' dir='ltr'>εὐπειθὲς</span> <span class='ocrx_word' id='word_1_355' title='bbox 1155 2792 1266 2872; x_wconf 71' lang='grc' dir='ltr'>πῶς</span> <span class='ocrx_word' id='word_1_356' title='bbox 1325 2782 1500 2837; x_wconf 81' lang='grc' dir='ltr'>ἀκούει</span> <span class='ocrx_word' id='word_1_357' title='bbox 1545 2791 1714 2856; x_wconf 78' lang='grc' dir='ltr'>γωνὴν</span> <span class='ocrx_word' id='word_1_358' title='bbox 1737 2795 1820 2839; x_wconf 81' lang='grc' dir='ltr'>Δε-</span> 
     </span>
    </p>
   </div>
   <div class='ocr_carea' id='block_1_48' title="bbox 211 2869 1819 2947">
    <p class='ocr_par' dir='ltr' id='par_1_48' title="bbox 211 2869 1819 2947">
     <span class='ocr_line' id='line_1_48' title="bbox 211 2869 1819 2947; baseline 0.003 -24"><span class='ocrx_word' id='word_1_359' title='bbox 211 2878 434 2925; x_wconf 80' lang='grc' dir='ltr'>σπότου.</span> <span class='ocrx_word' id='word_1_360' title='bbox 485 2874 564 2925; x_wconf 82' lang='grc' dir='ltr'>Ἐν</span> <span class='ocrx_word' id='word_1_361' title='bbox 617 2871 788 2947; x_wconf 75' lang='grc' dir='ltr'>ἀρχῆ,</span> <span class='ocrx_word' id='word_1_362' title='bbox 847 2878 937 2925; x_wconf 81' lang='grc' dir='ltr'>καὶ</span> <span class='ocrx_word' id='word_1_363' title='bbox 994 2869 1076 2940; x_wconf 78' lang='grc' dir='ltr'>ἦν,</span> <span class='ocrx_word' id='word_1_364' title='bbox 1127 2869 1217 2925; x_wconf 78' lang='grc' dir='ltr'>καὶ</span> <span class='ocrx_word' id='word_1_365' title='bbox 1278 2877 1466 2944; x_wconf 87' lang='grc' dir='ltr'>Λόγος.</span> <span class='ocrx_word' id='word_1_366' title='bbox 1528 2871 1680 2932; x_wconf 69' lang='grc' dir='ltr'>Μηδὲ</span> <span class='ocrx_word' id='word_1_367' title='bbox 1709 2875 1819 2946; x_wconf 76' lang='grc' dir='ltr'>λέγε</span> 
     </span>
    </p>
   </div>
   <div class='ocr_carea' id='block_1_49' title="bbox 207 2958 1818 3034">
    <p class='ocr_par' dir='ltr' id='par_1_49' title="bbox 207 2958 1818 3034">
     <span class='ocr_line' id='line_1_49' title="bbox 207 2958 1818 3034; baseline 0.003 -22"><span class='ocrx_word' id='word_1_368' title='bbox 207 2965 287 3026; x_wconf 78' lang='grc' dir='ltr'>τό,</span> <span class='ocrx_word' id='word_1_369' title='bbox 363 2967 479 3023; x_wconf 85' lang='grc' dir='ltr'>Πῶς</span> <span class='ocrx_word' id='word_1_370' title='bbox 529 2958 593 3020; x_wconf 73' lang='grc' dir='ltr'>ἦν</span> <span class='ocrx_word' id='word_1_371' title='bbox 640 2978 654 3028; x_wconf 92' lang='grc'>;</span> <span class='ocrx_word' id='word_1_372' title='bbox 708 2965 819 3028; x_wconf 84' lang='grc' dir='ltr'>καὶ,</span> <span class='ocrx_word' id='word_1_373' title='bbox 876 2961 941 3016; x_wconf 79' lang='grc' dir='ltr'>Εἰ</span> <span class='ocrx_word' id='word_1_374' title='bbox 988 2959 1067 3028; x_wconf 81' lang='grc' dir='ltr'>ἦν,</span> <span class='ocrx_word' id='word_1_375' title='bbox 1140 2963 1235 3015; x_wconf 74' lang='grc' dir='ltr'>οὐκ</span> <span class='ocrx_word' id='word_1_376' title='bbox 1288 2961 1552 3034; x_wconf 72' lang='grc' dir='ltr'>ἐγεννήθη,</span> <span class='ocrx_word' id='word_1_377' title='bbox 1610 2969 1700 3016; x_wconf 80' lang='grc' dir='ltr'>καὶ</span> <span class='ocrx_word' id='word_1_378' title='bbox 1756 2964 1818 3017; x_wconf 79' lang='grc' dir='ltr'><strong>Εἰ</strong></span> 
     </span>
    </p>
   </div>
   <div class='ocr_carea' id='block_1_50' title="bbox 1931 1798 3587 1858">
    <p class='ocr_par' dir='ltr' id='par_1_50' title="bbox 1931 1798 3587 1858">
     <span class='ocr_line' id='line_1_50' title="bbox 1931 1798 3587 1858; baseline 0.001 -2"><span class='ocrx_word' id='word_1_379' title='bbox 1931 1798 2171 1856; x_wconf 88' lang='lat' dir='ltr'>medela</span> <span class='ocrx_word' id='word_1_380' title='bbox 2200 1803 2304 1856; x_wconf 90' lang='lat' dir='ltr'>est.</span> <span class='ocrx_word' id='word_1_381' title='bbox 2340 1799 2484 1856; x_wconf 87' lang='lat' dir='ltr'>Oves</span> <span class='ocrx_word' id='word_1_382' title='bbox 2512 1815 2657 1856; x_wconf 75' lang='lat' dir='ltr'>mea:</span> <span class='ocrx_word' id='word_1_383' title='bbox 2677 1814 2867 1856; x_wconf 87' lang='lat' dir='ltr'>vocem</span> <span class='ocrx_word' id='word_1_384' title='bbox 2884 1812 3076 1856; x_wconf 86' lang='lat' dir='ltr'>meam</span> <span class='ocrx_word' id='word_1_385' title='bbox 3101 1801 3360 1857; x_wconf 75' lang='lat' dir='ltr'>audiunt</span> <span class='ocrx_word' id='word_1_386' title='bbox 3381 1801 3452 1858; x_wconf 69' lang='grc'>’⁸.</span> <span class='ocrx_word' id='word_1_387' title='bbox 3472 1804 3587 1857; x_wconf 81' lang='lat' dir='ltr'>Au-</span> 
     </span>
    </p>
   </div>
   <div class='ocr_carea' id='block_1_51' title="bbox 1931 1887 3592 1960">
    <p class='ocr_par' dir='ltr' id='par_1_51' title="bbox 1931 1887 3592 1960">
     <span class='ocr_line' id='line_1_51' title="bbox 1931 1887 3592 1960; baseline 0.001 -14"><span class='ocrx_word' id='word_1_388' title='bbox 1931 1889 2126 1956; x_wconf 92' lang='lat' dir='ltr'>diunt,</span> <span class='ocrx_word' id='word_1_389' title='bbox 2170 1887 2384 1960; x_wconf 89' lang='lat' dir='ltr'>inquit,</span> <span class='ocrx_word' id='word_1_390' title='bbox 2435 1903 2560 1944; x_wconf 91' lang='lat' dir='ltr'>non</span> <span class='ocrx_word' id='word_1_391' title='bbox 2606 1887 2964 1960; x_wconf 88' lang='lat' dir='ltr'>disceptant.</span> <span class='ocrx_word' id='word_1_392' title='bbox 2990 1890 3109 1945; x_wconf 83' lang='lat' dir='ltr'>Hoc</span> <span class='ocrx_word' id='word_1_393' title='bbox 3153 1893 3262 1960; x_wconf 90' lang='lat' dir='ltr'>est,</span> <span class='ocrx_word' id='word_1_394' title='bbox 3293 1905 3418 1946; x_wconf 94' lang='lat' dir='ltr'>non</span> <span class='ocrx_word' id='word_1_395' title='bbox 3449 1892 3592 1948; x_wconf 88' lang='lat' dir='ltr'>sunt</span> 
     </span>
    </p>
   </div>
   <div class='ocr_carea' id='block_1_52' title="bbox 1930 1976 3589 2049">
    <p class='ocr_par' dir='ltr' id='par_1_52' title="bbox 1930 1976 3589 2049">
     <span class='ocr_line' id='line_1_52' title="bbox 1930 1976 3589 2049; baseline 0.001 -14"><span class='ocrx_word' id='word_1_396' title='bbox 1930 1978 2424 2049; x_wconf 87' lang='lat' dir='ltr'>inobsequentes,</span> <span class='ocrx_word' id='word_1_397' title='bbox 2445 1992 2570 2033; x_wconf 91' lang='lat' dir='ltr'>non</span> <span class='ocrx_word' id='word_1_398' title='bbox 2588 1976 2979 2034; x_wconf 87' lang='lat' dir='ltr'>contendunt.</span> <span class='ocrx_word' id='word_1_399' title='bbox 3000 1976 3233 2034; x_wconf 87' lang='lat' dir='ltr'>Audisti</span> <span class='ocrx_word' id='word_1_400' title='bbox 3257 1978 3488 2048; x_wconf 84' lang='lat' dir='ltr'>Filium,</span> <span class='ocrx_word' id='word_1_401' title='bbox 3511 1994 3589 2036; x_wconf 86' lang='lat' dir='ltr'>ne</span> 
     </span>
    </p>
   </div>
   <div class='ocr_carea' id='block_1_53' title="bbox 1932 2065 3585 2139">
    <p class='ocr_par' dir='ltr' id='par_1_53' title="bbox 1932 2065 3585 2139">
     <span class='ocr_line' id='line_1_53' title="bbox 1932 2065 3585 2139; baseline 0.001 -16"><span class='ocrx_word' id='word_1_402' title='bbox 1932 2070 1997 2123; x_wconf 91' lang='lat' dir='ltr'>tu</span> <span class='ocrx_word' id='word_1_403' title='bbox 2020 2066 2168 2122; x_wconf 88' lang='lat' dir='ltr'>mihi</span> <span class='ocrx_word' id='word_1_404' title='bbox 2189 2066 2508 2122; x_wconf 88' lang='lat' dir='ltr'>artiﬁciose</span> <span class='ocrx_word' id='word_1_405' title='bbox 2529 2066 2803 2138; x_wconf 90' lang='lat' dir='ltr'>disputes</span> <span class='ocrx_word' id='word_1_406' title='bbox 2829 2065 2904 2122; x_wconf 92' lang='lat' dir='ltr'>de</span> <span class='ocrx_word' id='word_1_407' title='bbox 2929 2066 3127 2124; x_wconf 88' lang='lat' dir='ltr'>modis</span> <span class='ocrx_word' id='word_1_408' title='bbox 3156 2068 3585 2139; x_wconf 85' lang='lat' dir='ltr'>generationis,</span> 
     </span>
    </p>
   </div>
   <div class='ocr_carea' id='block_1_54' title="bbox 1930 2155 3590 2229">
    <p class='ocr_par' dir='ltr' id='par_1_54' title="bbox 1930 2155 3590 2229">
     <span class='ocr_line' id='line_1_54' title="bbox 1930 2155 3590 2229; baseline 0.001 -17"><span class='ocrx_word' id='word_1_409' title='bbox 1930 2171 2128 2229; x_wconf 89' lang='lat' dir='ltr'>neque</span> <span class='ocrx_word' id='word_1_410' title='bbox 2155 2171 2417 2228; x_wconf 89' lang='lat' dir='ltr'>quorum</span> <span class='ocrx_word' id='word_1_411' title='bbox 2451 2171 2638 2212; x_wconf 88' lang='lat' dir='ltr'>causa</span> <span class='ocrx_word' id='word_1_412' title='bbox 2663 2155 2862 2212; x_wconf 74' lang='lat' dir='ltr'>afferri</span> <span class='ocrx_word' id='word_1_413' title='bbox 2886 2156 3115 2228; x_wconf 87' lang='lat' dir='ltr'>nequit,</span> <span class='ocrx_word' id='word_1_414' title='bbox 3137 2172 3209 2213; x_wconf 92' lang='lat' dir='ltr'>ea</span> <span class='ocrx_word' id='word_1_415' title='bbox 3229 2157 3308 2213; x_wconf 89' lang='lat' dir='ltr'>ad</span> <span class='ocrx_word' id='word_1_416' title='bbox 3337 2173 3590 2214; x_wconf 86' lang='lat' dir='ltr'>causam</span> 
     </span>
    </p>
   </div>
   <div class='ocr_carea' id='block_1_55' title="bbox 1932 2243 3589 2317">
    <p class='ocr_par' dir='ltr' id='par_1_55' title="bbox 1932 2243 3589 2317">
     <span class='ocr_line' id='line_1_55' title="bbox 1932 2243 3589 2317; baseline 0.002 -17"><span class='ocrx_word' id='word_1_417' title='bbox 1932 2245 2222 2300; x_wconf 85' lang='lat' dir='ltr'>adducas:</span> <span class='ocrx_word' id='word_1_418' title='bbox 2246 2259 2321 2300; x_wconf 80' lang='lat' dir='ltr'>ne</span> <span class='ocrx_word' id='word_1_419' title='bbox 2344 2260 2452 2317; x_wconf 89' lang='lat' dir='ltr'>per</span> <span class='ocrx_word' id='word_1_420' title='bbox 2479 2243 2745 2301; x_wconf 90' lang='lat' dir='ltr'>scbisma</span> <span class='ocrx_word' id='word_1_421' title='bbox 2766 2260 2983 2317; x_wconf 90' lang='lat' dir='ltr'>separa</span> <span class='ocrx_word' id='word_1_422' title='bbox 3001 2244 3168 2317; x_wconf 89' lang='lat' dir='ltr'>quod</span> <span class='ocrx_word' id='word_1_423' title='bbox 3190 2246 3326 2317; x_wconf 89' lang='lat' dir='ltr'>cunj</span> <span class='ocrx_word' id='word_1_424' title='bbox 3337 2251 3589 2304; x_wconf 90' lang='lat' dir='ltr'>unctum</span> 
     </span>
    </p>
   </div>
   <div class='ocr_carea' id='block_1_56' title="bbox 1932 2333 3589 2393">
    <p class='ocr_par' dir='ltr' id='par_1_56' title="bbox 1932 2333 3589 2393">
     <span class='ocr_line' id='line_1_56' title="bbox 1932 2333 3589 2393; baseline 0.002 -3"><span class='ocrx_word' id='word_1_425' title='bbox 1932 2339 2046 2393; x_wconf 90' lang='lat' dir='ltr'>est.</span> <span class='ocrx_word' id='word_1_426' title='bbox 2072 2337 2214 2390; x_wconf 87' lang='lat' dir='ltr'>Eam</span> <span class='ocrx_word' id='word_1_427' title='bbox 2253 2333 2332 2390; x_wconf 91' lang='lat' dir='ltr'>ob</span> <span class='ocrx_word' id='word_1_428' title='bbox 2354 2349 2484 2389; x_wconf 90' lang='lat' dir='ltr'>rem</span> <span class='ocrx_word' id='word_1_429' title='bbox 2511 2333 2574 2388; x_wconf 90' lang='lat' dir='ltr'>in</span> <span class='ocrx_word' id='word_1_430' title='bbox 2627 2338 3011 2390; x_wconf 91' lang='lat' dir='ltr'>antecessum</span> <span class='ocrx_word' id='word_1_431' title='bbox 3068 2335 3468 2392; x_wconf 84' lang='lat' dir='ltr'>communivit</span> <span class='ocrx_word' id='word_1_432' title='bbox 3533 2341 3589 2393; x_wconf 88' lang='lat' dir='ltr'>te</span> 
     </span>
    </p>
   </div>
   <div class='ocr_carea' id='block_1_57' title="bbox 1932 2422 3585 2494">
    <p class='ocr_par' dir='ltr' id='par_1_57' title="bbox 1932 2422 3585 2494">
     <span class='ocr_line' id='line_1_57' title="bbox 1932 2422 3585 2494; baseline 0 -14"><span class='ocrx_word' id='word_1_433' title='bbox 1932 2422 2319 2494; x_wconf 87' lang='lat' dir='ltr'>evangelista.</span> <span class='ocrx_word' id='word_1_434' title='bbox 2343 2423 2571 2478; x_wconf 78' lang='lat' dir='ltr'>Audisti</span> <span class='ocrx_word' id='word_1_435' title='bbox 2601 2423 2856 2494; x_wconf 89' lang='lat' dir='ltr'>pridem.</span> <span class='ocrx_word' id='word_1_436' title='bbox 2881 2427 2938 2479; x_wconf 90' lang='lat' dir='ltr'>et</span> <span class='ocrx_word' id='word_1_437' title='bbox 2966 2423 3148 2480; x_wconf 91' lang='lat' dir='ltr'>etiam</span> <span class='ocrx_word' id='word_1_438' title='bbox 3192 2439 3357 2480; x_wconf 89' lang='lat' dir='ltr'>nunc</span> <span class='ocrx_word' id='word_1_439' title='bbox 3387 2425 3585 2494; x_wconf 86' lang='lat' dir='ltr'>audis,</span> 
     </span>
    </p>
   </div>
   <div class='ocr_carea' id='block_1_58' title="bbox 1931 2511 3585 2584">
    <p class='ocr_par' dir='ltr' id='par_1_58' title="bbox 1931 2511 3585 2584">
     <span class='ocr_line' id='line_1_58' title="bbox 1931 2511 3585 2584; baseline -0.001 -13"><span class='ocrx_word' id='word_1_440' title='bbox 1931 2515 2004 2571; x_wconf 85' lang='lat' dir='ltr'>In</span> <span class='ocrx_word' id='word_1_441' title='bbox 2041 2513 2345 2584; x_wconf 78' lang='lat' dir='ltr'>principio</span> <span class='ocrx_word' id='word_1_442' title='bbox 2385 2517 2519 2569; x_wconf 79' lang='lat' dir='ltr'>erat</span> <span class='ocrx_word' id='word_1_443' title='bbox 2573 2511 2826 2569; x_wconf 83' lang='lat' dir='ltr'>Verbum</span> <span class='ocrx_word' id='word_1_444' title='bbox 2852 2516 2923 2577; x_wconf 66' lang='lat'>’9,</span> <span class='ocrx_word' id='word_1_445' title='bbox 2946 2517 3011 2567; x_wconf 90' lang='lat' dir='ltr'>ut</span> <span class='ocrx_word' id='word_1_446' title='bbox 3050 2529 3128 2569; x_wconf 90' lang='lat' dir='ltr'>ne</span> <span class='ocrx_word' id='word_1_447' title='bbox 3160 2513 3367 2568; x_wconf 87' lang='lat' dir='ltr'>Filium</span> <span class='ocrx_word' id='word_1_448' title='bbox 3397 2513 3585 2570; x_wconf 86' lang='lat' dir='ltr'>fetum</span> 
     </span>
    </p>
   </div>
   <div class='ocr_carea' id='block_1_59' title="bbox 1930 2601 3583 2674">
    <p class='ocr_par' dir='ltr' id='par_1_59' title="bbox 1930 2601 3583 2674">
     <span class='ocr_line' id='line_1_59' title="bbox 1930 2601 3583 2674; baseline -0.002 -15"><span class='ocrx_word' id='word_1_449' title='bbox 1930 2605 2275 2660; x_wconf 91' lang='lat' dir='ltr'>humanum</span> <span class='ocrx_word' id='word_1_450' title='bbox 2313 2606 2502 2673; x_wconf 87' lang='lat' dir='ltr'>putes,</span> <span class='ocrx_word' id='word_1_451' title='bbox 2544 2603 2651 2674; x_wconf 85' lang='lat' dir='ltr'>qui</span> <span class='ocrx_word' id='word_1_452' title='bbox 2678 2616 2754 2656; x_wconf 85' lang='lat' dir='ltr'>ex</span> <span class='ocrx_word' id='word_1_453' title='bbox 2776 2616 2898 2656; x_wconf 91' lang='lat' dir='ltr'>non</span> <span class='ocrx_word' id='word_1_454' title='bbox 2929 2601 3223 2657; x_wconf 83' lang='lat' dir='ltr'>existente</span> <span class='ocrx_word' id='word_1_455' title='bbox 3245 2601 3583 2674; x_wconf 85' lang='lat' dir='ltr'>productus</span> 
     </span>
    </p>
   </div>
   <div class='ocr_carea' id='block_1_60' title="bbox 1931 2689 3584 2762">
    <p class='ocr_par' dir='ltr' id='par_1_60' title="bbox 1931 2689 3584 2762">
     <span class='ocr_line' id='line_1_60' title="bbox 1931 2689 3584 2762; baseline 0 -14"><span class='ocrx_word' id='word_1_456' title='bbox 1931 2692 2026 2749; x_wconf 85' lang='lat' dir='ltr'>sit.</span> <span class='ocrx_word' id='word_1_457' title='bbox 2061 2691 2311 2749; x_wconf 80' lang='lat' dir='ltr'>Verbum</span> <span class='ocrx_word' id='word_1_458' title='bbox 2333 2690 2482 2746; x_wconf 85' lang='lat' dir='ltr'>dixit</span> <span class='ocrx_word' id='word_1_459' title='bbox 2502 2690 2607 2746; x_wconf 90' lang='lat' dir='ltr'>tibi</span> <span class='ocrx_word' id='word_1_460' title='bbox 2637 2689 2718 2746; x_wconf 90' lang='lat' dir='ltr'>ob</span> <span class='ocrx_word' id='word_1_461' title='bbox 2737 2689 3069 2762; x_wconf 65' lang='lat' dir='ltr'>apatlziam.</span> <span class='ocrx_word' id='word_1_462' title='bbox 3106 2690 3258 2746; x_wconf 84' lang='lat' dir='ltr'>Dixit</span> <span class='ocrx_word' id='word_1_463' title='bbox 3279 2690 3404 2758; x_wconf 88' lang='lat' dir='ltr'>tibi,</span> <span class='ocrx_word' id='word_1_464' title='bbox 3426 2692 3584 2748; x_wconf 82' lang='lat' dir='ltr'>Erat</span> 
     </span>
    </p>
   </div>
   <div class='ocr_carea' id='block_1_61' title="bbox 1930 2780 3584 2854">
    <p class='ocr_par' dir='ltr' id='par_1_61' title="bbox 1930 2780 3584 2854">
     <span class='ocr_line' id='line_1_61' title="bbox 1930 2780 3584 2854; baseline 0.001 -18"><span class='ocrx_word' id='word_1_465' title='bbox 1930 2787 2248 2854; x_wconf 85' lang='lat' dir='ltr'>propterea</span> <span class='ocrx_word' id='word_1_466' title='bbox 2267 2780 2428 2852; x_wconf 89' lang='lat' dir='ltr'>quod</span> <span class='ocrx_word' id='word_1_467' title='bbox 2451 2785 2590 2836; x_wconf 90' lang='lat' dir='ltr'>ante</span> <span class='ocrx_word' id='word_1_468' title='bbox 2611 2795 2792 2836; x_wconf 88' lang='lat' dir='ltr'>omne</span> <span class='ocrx_word' id='word_1_469' title='bbox 2813 2785 3056 2852; x_wconf 89' lang='lat' dir='ltr'>tempus</span> <span class='ocrx_word' id='word_1_470' title='bbox 3079 2781 3584 2851; x_wconf 81' lang='lat' dir='ltr'>est.Principium</span> 
     </span>
    </p>
   </div>
   <div class='ocr_carea' id='block_1_62' title="bbox 1927 2868 3587 2939">
    <p class='ocr_par' dir='ltr' id='par_1_62' title="bbox 1927 2868 3587 2939">
     <span class='ocr_line' id='line_1_62' title="bbox 1927 2868 3587 2939; baseline 0.001 -13"><span class='ocrx_word' id='word_1_471' title='bbox 1927 2869 2100 2939; x_wconf 84' lang='lat' dir='ltr'>dixit,</span> <span class='ocrx_word' id='word_1_472' title='bbox 2131 2874 2195 2925; x_wconf 92' lang='lat' dir='ltr'>ut</span> <span class='ocrx_word' id='word_1_473' title='bbox 2223 2868 2499 2924; x_wconf 89' lang='lat' dir='ltr'>Genitum</span> <span class='ocrx_word' id='word_1_474' title='bbox 2553 2869 2950 2938; x_wconf 87' lang='lat' dir='ltr'>conjungeret</span> <span class='ocrx_word' id='word_1_475' title='bbox 2991 2885 3132 2926; x_wconf 90' lang='lat' dir='ltr'>cum</span> <span class='ocrx_word' id='word_1_476' title='bbox 3168 2869 3463 2927; x_wconf 88' lang='lat' dir='ltr'>Genitore.</span> <span class='ocrx_word' id='word_1_477' title='bbox 3494 2870 3587 2927; x_wconf 80' lang='lat' dir='ltr'>Vi-</span> 
     </span>
    </p>
   </div>
   <div class='ocr_carea' id='block_1_63' title="bbox 1926 2957 3582 3030">
    <p class='ocr_par' dir='ltr' id='par_1_63' title="bbox 1926 2957 3582 3030">
     <span class='ocr_line' id='line_1_63' title="bbox 1926 2957 3582 3030; baseline 0.002 -16"><span class='ocrx_word' id='word_1_478' title='bbox 1926 2959 2063 3015; x_wconf 91' lang='lat' dir='ltr'>disti</span> <span class='ocrx_word' id='word_1_479' title='bbox 2081 2957 2395 3030; x_wconf 87' lang='lat' dir='ltr'>quomodo</span> <span class='ocrx_word' id='word_1_480' title='bbox 2407 2957 2644 3014; x_wconf 90' lang='lat' dir='ltr'>ovicula</span> <span class='ocrx_word' id='word_1_481' title='bbox 2665 2959 2965 3027; x_wconf 85' lang='lat' dir='ltr'>morigera</span> <span class='ocrx_word' id='word_1_482' title='bbox 2985 2975 3197 3015; x_wconf 87' lang='lat' dir='ltr'>vocem</span> <span class='ocrx_word' id='word_1_483' title='bbox 3221 2960 3456 3016; x_wconf 90' lang='lat' dir='ltr'>Domini</span> <span class='ocrx_word' id='word_1_484' title='bbox 3477 2975 3582 3018; x_wconf 85' lang='lat' dir='ltr'>au-</span> 
     </span>
    </p>
   </div>
   <div class='ocr_carea' id='block_1_64' title="bbox 211 3047 1814 3127">
    <p class='ocr_par' dir='ltr' id='par_1_64' title="bbox 211 3047 1814 3126">
     <span class='ocr_line' id='line_1_64' title="bbox 211 3047 1814 3126; baseline 0.002 -24"><span class='ocrx_word' id='word_1_485' title='bbox 211 3049 488 3120; x_wconf 71' lang='grc' dir='ltr'>ἰγεννήἂη,</span> <span class='ocrx_word' id='word_1_486' title='bbox 526 3051 623 3102; x_wconf 68' lang='grc' dir='ltr'>οὐκ</span> <span class='ocrx_word' id='word_1_487' title='bbox 669 3047 756 3110; x_wconf 78' lang='grc' dir='ltr'>ἦν.</span> <span class='ocrx_word' id='word_1_488' title='bbox 816 3051 925 3104; x_wconf 69' lang='grc' dir='ltr'>Οὐκ</span> <span class='ocrx_word' id='word_1_489' title='bbox 970 3053 1084 3104; x_wconf 77' lang='grc' dir='ltr'>ἔστι</span> <span class='ocrx_word' id='word_1_490' title='bbox 1112 3051 1372 3126; x_wconf 74' lang='grc' dir='ltr'>πρόϐατον</span> <span class='ocrx_word' id='word_1_491' title='bbox 1401 3055 1460 3104; x_wconf 90' lang='grc' dir='ltr'>τό</span> <span class='ocrx_word' id='word_1_492' title='bbox 1492 3055 1559 3104; x_wconf 79' lang='grc' dir='ltr'>τὰ</span> <span class='ocrx_word' id='word_1_493' title='bbox 1595 3061 1814 3106; x_wconf 81' lang='grc' dir='ltr'>τοιαῦτα</span> 
     </span>
    </p>
   </div>
   <div class='ocr_carea' id='block_1_65' title="bbox 1922 3047 3576 3127">
    <p class='ocr_par' dir='ltr' id='par_1_65' title="bbox 1925 3047 3576 3120">
     <span class='ocr_line' id='line_1_65' title="bbox 1925 3047 3576 3120; baseline 0.001 -16"><span class='ocrx_word' id='word_1_494' title='bbox 1925 3047 2069 3114; x_wconf 89' lang='lat' dir='ltr'>diat,</span> <span class='ocrx_word' id='word_1_495' title='bbox 2098 3050 2170 3102; x_wconf 80' lang='grc' dir='ltr'>1η</span> <span class='ocrx_word' id='word_1_496' title='bbox 2198 3048 2522 3116; x_wconf 78' lang='grc' dir='ltr'>ρνίηειρίο,</span> <span class='ocrx_word' id='word_1_497' title='bbox 2545 3051 2602 3101; x_wconf 90' lang='lat' dir='ltr'>et</span> <span class='ocrx_word' id='word_1_498' title='bbox 2625 3053 2780 3111; x_wconf 79' lang='lat' dir='ltr'>erat,</span> <span class='ocrx_word' id='word_1_499' title='bbox 2828 3052 2885 3102; x_wconf 93' lang='lat' dir='ltr'>et</span> <span class='ocrx_word' id='word_1_500' title='bbox 2935 3048 3210 3104; x_wconf 82' lang='lat' dir='ltr'>Verbum.</span> <span class='ocrx_word' id='word_1_501' title='bbox 3245 3051 3447 3120; x_wconf 87' lang='lat' dir='ltr'>Neque</span> <span class='ocrx_word' id='word_1_502' title='bbox 3485 3048 3576 3105; x_wconf 86' lang='lat' dir='ltr'>di-</span> 
     </span>
    </p>
   </div>
   <div class='ocr_carea' id='block_1_66' title="bbox 208 3137 1813 3214">
    <p class='ocr_par' dir='ltr' id='par_1_66' title="bbox 208 3137 1813 3214">
     <span class='ocr_line' id='line_1_66' title="bbox 208 3137 1813 3214; baseline 0.004 -24"><span class='ocrx_word' id='word_1_503' title='bbox 208 3138 375 3210; x_wconf 71' lang='grc' dir='ltr'>ὶὶγον.</span> <span class='ocrx_word' id='word_1_504' title='bbox 432 3139 706 3212; x_wconf 74' lang='grc' dir='ltr'>Προϐάτου</span> <span class='ocrx_word' id='word_1_505' title='bbox 765 3137 952 3214; x_wconf 74' lang='grc' dir='ltr'>δέρμα·</span> <span class='ocrx_word' id='word_1_506' title='bbox 1004 3143 1190 3194; x_wconf 80' lang='grc' dir='ltr'>ἔσωθεν</span> <span class='ocrx_word' id='word_1_507' title='bbox 1250 3137 1309 3194; x_wconf 71' lang='grc' dir='ltr'>δὲ</span> <span class='ocrx_word' id='word_1_508' title='bbox 1377 3141 1528 3202; x_wconf 75' lang='grc' dir='ltr'>λύκος</span> <span class='ocrx_word' id='word_1_509' title='bbox 1584 3140 1728 3194; x_wconf 79' lang='grc' dir='ltr'>ἐστὶν</span> <span class='ocrx_word' id='word_1_510' title='bbox 1787 3145 1813 3196; x_wconf 86' lang='grc' dir='ltr'><strong><em>ὁ</em></strong></span> 
     </span>
    </p>
   </div>
   <div class='ocr_carea' id='block_1_67' title="bbox 211 3228 1816 3306">
    <p class='ocr_par' dir='ltr' id='par_1_67' title="bbox 211 3228 1816 3306">
     <span class='ocr_line' id='line_1_67' title="bbox 211 3228 1816 3306; baseline 0.002 -26"><span class='ocrx_word' id='word_1_511' title='bbox 211 3231 578 3300; x_wconf 60' lang='grc' dir='ltr'>φθεγγόμενος.</span> <span class='ocrx_word' id='word_1_512' title='bbox 641 3228 935 3290; x_wconf 73' lang='grc' dir='ltr'>Ἐπίϐουλος</span> <span class='ocrx_word' id='word_1_513' title='bbox 977 3231 1338 3302; x_wconf 72' lang='grc' dir='ltr'>γνωριζέσθω.</span> <span class='ocrx_word' id='word_1_514' title='bbox 1398 3234 1476 3283; x_wconf 79' lang='grc' dir='ltr'>Τὰ</span> <span class='ocrx_word' id='word_1_515' title='bbox 1526 3229 1625 3304; x_wconf 80' lang='grc' dir='ltr'>ἐμὰ</span> <span class='ocrx_word' id='word_1_516' title='bbox 1690 3237 1816 3306; x_wconf 87' lang='grc' dir='ltr'>πρό-</span> 
     </span>
    </p>
   </div>
   <div class='ocr_carea' id='block_1_68' title="bbox 212 3317 1811 3391">
    <p class='ocr_par' dir='ltr' id='par_1_68' title="bbox 212 3317 1811 3391">
     <span class='ocr_line' id='line_1_68' title="bbox 212 3317 1811 3391; baseline 0.002 -22"><span class='ocrx_word' id='word_1_517' title='bbox 212 3317 349 3370; x_wconf 74' lang='grc' dir='ltr'>εατα</span> <span class='ocrx_word' id='word_1_518' title='bbox 429 3327 527 3380; x_wconf 76' lang='grc' dir='ltr'>τῆς</span> <span class='ocrx_word' id='word_1_519' title='bbox 602 3317 728 3391; x_wconf 73' lang='grc' dir='ltr'>ἐμῆς</span> <span class='ocrx_word' id='word_1_520' title='bbox 801 3326 967 3390; x_wconf 70' lang='grc' dir='ltr'>φωνῆς</span> <span class='ocrx_word' id='word_1_521' title='bbox 1042 3317 1240 3373; x_wconf 74' lang='grc' dir='ltr'>ἀκούει.</span> <span class='ocrx_word' id='word_1_522' title='bbox 1302 3318 1572 3383; x_wconf 82' lang='grc' dir='ltr'>Ἤκουσας</span> <span class='ocrx_word' id='word_1_523' title='bbox 1628 3323 1811 3388; x_wconf 80' lang='grc' dir='ltr'>Υίόν;</span> 
     </span>
    </p>
   </div>
   <div class='ocr_carea' id='block_1_69' title="bbox 212 3408 1815 3483">
    <p class='ocr_par' dir='ltr' id='par_1_69' title="bbox 212 3408 1815 3483">
     <span class='ocr_line' id='line_1_69' title="bbox 212 3408 1815 3483; baseline 0.002 -24"><span class='ocrx_word' id='word_1_524' title='bbox 212 3413 420 3464; x_wconf 64' lang='grc' dir='ltr'>Νόησον</span> <span class='ocrx_word' id='word_1_525' title='bbox 499 3412 595 3466; x_wconf 71' lang='grc' dir='ltr'>τὴν</span> <span class='ocrx_word' id='word_1_526' title='bbox 657 3410 790 3482; x_wconf 87' lang='grc' dir='ltr'>πρός</span> <span class='ocrx_word' id='word_1_527' title='bbox 864 3412 1070 3483; x_wconf 84' lang='grc' dir='ltr'>Πατέρα</span> <span class='ocrx_word' id='word_1_528' title='bbox 1121 3409 1425 3480; x_wconf 82' lang='grc' dir='ltr'>ὁμοιότητα.</span> <span class='ocrx_word' id='word_1_529' title='bbox 1495 3408 1815 3482; x_wconf 87' lang='grc' dir='ltr'>Ὀμοιότητα</span> 
     </span>
    </p>
   </div>
   <div class='ocr_carea' id='block_1_70' title="bbox 208 3493 1808 3573">
    <p class='ocr_par' dir='ltr' id='par_1_70' title="bbox 208 3493 1808 3573">
     <span class='ocr_line' id='line_1_70' title="bbox 208 3493 1808 3573; baseline 0.004 -25"><span class='ocrx_word' id='word_1_530' title='bbox 208 3495 349 3566; x_wconf 73' lang='grc' dir='ltr'>λέγω</span> <span class='ocrx_word' id='word_1_531' title='bbox 398 3497 479 3566; x_wconf 69' lang='grc'>(1)</span> <span class='ocrx_word' id='word_1_532' title='bbox 541 3493 620 3550; x_wconf 80' lang='grc' dir='ltr'>δι’</span> <span class='ocrx_word' id='word_1_533' title='bbox 665 3495 930 3550; x_wconf 78' lang='grc' dir='ltr'>ἀσθένειαν</span> <span class='ocrx_word' id='word_1_534' title='bbox 975 3506 1076 3550; x_wconf 88' lang='grc' dir='ltr'>τῶν</span> <span class='ocrx_word' id='word_1_535' title='bbox 1133 3495 1500 3573; x_wconf 76' lang='grc' dir='ltr'>δυνατωτέρων</span> <span class='ocrx_word' id='word_1_536' title='bbox 1533 3502 1808 3571; x_wconf 83' lang='grc' dir='ltr'>σωμάτων.</span> 
     </span>
    </p>
   </div>
   <div class='ocr_carea' id='block_1_71' title="bbox 212 3583 1810 3662">
    <p class='ocr_par' dir='ltr' id='par_1_71' title="bbox 212 3583 1810 3662">
     <span class='ocr_line' id='line_1_71' title="bbox 212 3583 1810 3662; baseline 0.001 -24"><span class='ocrx_word' id='word_1_537' title='bbox 212 3583 358 3638; x_wconf 81' lang='grc' dir='ltr'>Ἐπεὶ</span> <span class='ocrx_word' id='word_1_538' title='bbox 418 3590 476 3638; x_wconf 86' lang='grc' dir='ltr'>τό</span> <span class='ocrx_word' id='word_1_539' title='bbox 530 3604 589 3656; x_wconf 82' lang='grc' dir='ltr'>γε</span> <span class='ocrx_word' id='word_1_540' title='bbox 627 3585 813 3648; x_wconf 65' lang='grc' dir='ltr'>ἀληθὲς</span> <span class='ocrx_word' id='word_1_541' title='bbox 868 3586 950 3658; x_wconf 69' lang='grc' dir='ltr'>(οὗ</span> <span class='ocrx_word' id='word_1_542' title='bbox 1007 3585 1268 3659; x_wconf 76' lang='grc' dir='ltr'>φοϐοῦμαι</span> <span class='ocrx_word' id='word_1_543' title='bbox 1319 3590 1420 3662; x_wconf 74' lang='grc' dir='ltr'>γὰρ</span> <span class='ocrx_word' id='word_1_544' title='bbox 1477 3587 1810 3662; x_wconf 83' lang='grc' dir='ltr'>προσϐαίνειν</span> 
     </span>
    </p>
   </div>
   <div class='ocr_carea' id='block_1_72' title="bbox 209 3673 1812 3749">
    <p class='ocr_par' dir='ltr' id='par_1_72' title="bbox 209 3673 1812 3749">
     <span class='ocr_line' id='line_1_72' title="bbox 209 3673 1812 3749; baseline 0.004 -25"><span class='ocrx_word' id='word_1_545' title='bbox 209 3678 304 3730; x_wconf 70' lang='grc' dir='ltr'>τήν</span> <span class='ocrx_word' id='word_1_546' title='bbox 359 3673 649 3744; x_wconf 70' lang='grc' dir='ltr'>ἀλήθειαν),</span> <span class='ocrx_word' id='word_1_547' title='bbox 706 3675 801 3728; x_wconf 68' lang='grc' dir='ltr'>οὐκ</span> <span class='ocrx_word' id='word_1_548' title='bbox 841 3675 944 3747; x_wconf 80' lang='grc' dir='ltr'>εἰμὶ</span> <span class='ocrx_word' id='word_1_549' title='bbox 995 3677 1198 3748; x_wconf 81' lang='grc' dir='ltr'>ἕτοιμος</span> <span class='ocrx_word' id='word_1_550' title='bbox 1266 3680 1614 3749; x_wconf 74' lang='grc' dir='ltr'>συκοφάντης.</span> <span class='ocrx_word' id='word_1_551' title='bbox 1677 3677 1812 3730; x_wconf 68' lang='grc' dir='ltr'>Ταύ-</span> 
     </span>
    </p>
   </div>
   <div class='ocr_carea' id='block_1_73' title="bbox 209 3755 1806 3832">
    <p class='ocr_par' dir='ltr' id='par_1_73' title="bbox 209 3755 1806 3832">
     <span class='ocr_line' id='line_1_73' title="bbox 209 3755 1806 3832; baseline 0.005 -26"><span class='ocrx_word' id='word_1_552' title='bbox 209 3758 404 3812; x_wconf 72' lang='grc' dir='ltr'>τότητα</span> <span class='ocrx_word' id='word_1_553' title='bbox 431 3755 587 3826; x_wconf 70' lang='grc' dir='ltr'>λέγω,</span> <span class='ocrx_word' id='word_1_554' title='bbox 618 3755 898 3829; x_wconf 72' lang='grc' dir='ltr'>φυλάσσων</span> <span class='ocrx_word' id='word_1_555' title='bbox 930 3759 1051 3810; x_wconf 82' lang='grc' dir='ltr'>Υἱοῡ</span> <span class='ocrx_word' id='word_1_556' title='bbox 1077 3762 1163 3811; x_wconf 71' lang='grc' dir='ltr'>καὶ</span> <span class='ocrx_word' id='word_1_557' title='bbox 1195 3761 1390 3832; x_wconf 87' lang='grc' dir='ltr'>Πατρός</span> <span class='ocrx_word' id='word_1_558' title='bbox 1419 3755 1473 3810; x_wconf 56' lang='lat' dir='ltr'>io“</span> <span class='ocrx_word' id='word_1_559' title='bbox 1480 3762 1664 3816; x_wconf 79' lang='grc' dir='ltr'>ἰότητα</span> 
     </span>
    </p>
   </div>
   <div class='ocr_carea' id='block_1_74' title="bbox 209 3843 1811 3921">
    <p class='ocr_par' dir='ltr' id='par_1_74' title="bbox 209 3843 1811 3921">
     <span class='ocr_line' id='line_1_74' title="bbox 209 3843 1811 3921; baseline 0.002 -25"><span class='ocrx_word' id='word_1_560' title='bbox 209 3843 288 3897; x_wconf 80' lang='grc' dir='ltr'>ἐν</span> <span class='ocrx_word' id='word_1_561' title='bbox 333 3846 630 3898; x_wconf 68' lang='grc' dir='ltr'>ὑποστάσει</span> <span class='ocrx_word' id='word_1_562' title='bbox 695 3845 844 3911; x_wconf 80' lang='grc' dir='ltr'>Υἰοῡ,</span> <span class='ocrx_word' id='word_1_563' title='bbox 905 3851 1109 3920; x_wconf 68' lang='grc' dir='ltr'>μορφήν</span> <span class='ocrx_word' id='word_1_564' title='bbox 1151 3851 1345 3906; x_wconf 86' lang='grc' dir='ltr'>νόησοη</span> <span class='ocrx_word' id='word_1_565' title='bbox 1395 3851 1680 3921; x_wconf 69' lang='grc' dir='ltr'>πατρικὴν,</span> <span class='ocrx_word' id='word_1_566' title='bbox 1726 3849 1811 3900; x_wconf 80' lang='grc' dir='ltr'>ἶνα</span> 
     </span>
    </p>
   </div>
   <div class='ocr_carea' id='block_1_75' title="bbox 205 3932 1808 4011">
    <p class='ocr_par' dir='ltr' id='par_1_75' title="bbox 205 3932 1808 4011">
     <span class='ocr_line' id='line_1_75' title="bbox 205 3932 1808 4011; baseline 0.004 -27"><span class='ocrx_word' id='word_1_567' title='bbox 205 3952 290 4004; x_wconf 84' lang='grc' dir='ltr'>μοι</span> <span class='ocrx_word' id='word_1_568' title='bbox 337 3938 426 3986; x_wconf 88' lang='grc' dir='ltr'>τόν</span> <span class='ocrx_word' id='word_1_569' title='bbox 473 3933 664 4008; x_wconf 75' lang='grc' dir='ltr'>ἀκριϐῆ</span> <span class='ocrx_word' id='word_1_570' title='bbox 708 3944 799 3995; x_wconf 77' lang='grc' dir='ltr'>τῆς</span> <span class='ocrx_word' id='word_1_571' title='bbox 838 3935 1032 3997; x_wconf 80' lang='grc' dir='ltr'>εἰκόνος</span> <span class='ocrx_word' id='word_1_572' title='bbox 1080 3932 1359 4010; x_wconf 74' lang='grc' dir='ltr'>διασώσῃς</span> <span class='ocrx_word' id='word_1_573' title='bbox 1386 3937 1557 4008; x_wconf 77' lang='grc' dir='ltr'>λόγον,</span> <span class='ocrx_word' id='word_1_574' title='bbox 1607 3937 1690 3989; x_wconf 83' lang='grc' dir='ltr'>ἵνα</span> <span class='ocrx_word' id='word_1_575' title='bbox 1717 3957 1808 4011; x_wconf 86' lang='grc' dir='ltr'>μοι</span> 
     </span>
    </p>
   </div>
   <div class='ocr_carea' id='block_1_76' title="bbox 203 4022 1805 4100">
    <p class='ocr_par' dir='ltr' id='par_1_76' title="bbox 203 4022 1805 4100">
     <span class='ocr_line' id='line_1_76' title="bbox 203 4022 1805 4100; baseline 0.003 -26"><span class='ocrx_word' id='word_1_576' title='bbox 203 4029 389 4086; x_wconf 70' lang='grc' dir='ltr'>νοὴσης</span> <span class='ocrx_word' id='word_1_577' title='bbox 447 4022 716 4086; x_wconf 77' lang='grc' dir='ltr'>Θεοσεϐῶς·</span> <span class='ocrx_word' id='word_1_578' title='bbox 775 4024 904 4095; x_wconf 80' lang='grc' dir='ltr'>Ἐγὼ</span> <span class='ocrx_word' id='word_1_579' title='bbox 970 4023 1019 4076; x_wconf 79' lang='grc' dir='ltr'>ἐν</span> <span class='ocrx_word' id='word_1_580' title='bbox 1079 4033 1153 4096; x_wconf 83' lang='grc' dir='ltr'>τῷ</span> <span class='ocrx_word' id='word_1_581' title='bbox 1203 4031 1392 4100; x_wconf 82' lang='grc' dir='ltr'>Πατρὶ,</span> <span class='ocrx_word' id='word_1_582' title='bbox 1453 4028 1590 4078; x_wconf 80' lang='grc' dir='ltr'>καὶὸ</span> <span class='ocrx_word' id='word_1_583' title='bbox 1624 4032 1805 4100; x_wconf 73' lang='grc' dir='ltr'>Πατὴρ</span> 
     </span>
    </p>
   </div>
   <div class='ocr_carea' id='block_1_77' title="bbox 205 4110 1804 4192">
    <p class='ocr_par' dir='ltr' id='par_1_77' title="bbox 205 4110 1804 4192">
     <span class='ocr_line' id='line_1_77' title="bbox 205 4110 1804 4192; baseline 0.003 -28"><span class='ocrx_word' id='word_1_584' title='bbox 205 4110 252 4164; x_wconf 77' lang='grc' dir='ltr'>ἰν</span> <span class='ocrx_word' id='word_1_585' title='bbox 289 4110 428 4183; x_wconf 74' lang='grc' dir='ltr'>ἐμοί’</span> <span class='ocrx_word' id='word_1_586' title='bbox 483 4111 580 4164; x_wconf 69' lang='grc' dir='ltr'>οὐκ</span> <span class='ocrx_word' id='word_1_587' title='bbox 626 4112 819 4165; x_wconf 74' lang='grc' dir='ltr'>οὐσιῶν</span> <span class='ocrx_word' id='word_1_588' title='bbox 898 4115 1186 4186; x_wconf 77' lang='grc' dir='ltr'>σύγχυσινο</span> <span class='ocrx_word' id='word_1_589' title='bbox 1251 4113 1379 4168; x_wconf 57' lang='grc' dir='ltr'>ἀλλὰ</span> <span class='ocrx_word' id='word_1_590' title='bbox 1448 4122 1804 4192; x_wconf 83' lang='grc' dir='ltr'>χαρακτήρων</span> 
     </span>
    </p>
   </div>
   <div class='ocr_carea' id='block_1_78' title="bbox 203 4200 1805 4275">
    <p class='ocr_par' dir='ltr' id='par_1_78' title="bbox 203 4200 1805 4275">
     <span class='ocr_line' id='line_1_78' title="bbox 203 4200 1805 4275; baseline 0.004 -23"><span class='ocrx_word' id='word_1_591' title='bbox 203 4206 519 4259; x_wconf 75' lang='grc' dir='ltr'>ταντότητα.</span> <span class='ocrx_word' id='word_1_592' title='bbox 582 4200 739 4255; x_wconf 77' lang='grc' dir='ltr'>Ἀλλά</span> <span class='ocrx_word' id='word_1_593' title='bbox 783 4203 886 4275; x_wconf 89' lang='grc' dir='ltr'>γάρ</span> <span class='ocrx_word' id='word_1_594' title='bbox 945 4205 1103 4256; x_wconf 79' lang='grc' dir='ltr'>ἔοικεν</span> <span class='ocrx_word' id='word_1_595' title='bbox 1155 4202 1523 4259; x_wconf 74' lang='grc' dir='ltr'>ἐναντιώτατον</span> <span class='ocrx_word' id='word_1_596' title='bbox 1545 4204 1675 4258; x_wconf 85' lang='grc' dir='ltr'>εἶναι</span> <span class='ocrx_word' id='word_1_597' title='bbox 1703 4214 1805 4259; x_wconf 88' lang='grc' dir='ltr'>τῶν</span> 
     </span>
    </p>
   </div>
   <div class='ocr_carea' id='block_1_79' title="bbox 201 4289 1805 4370">
    <p class='ocr_par' dir='ltr' id='par_1_79' title="bbox 201 4289 1805 4370">
     <span class='ocr_line' id='line_1_79' title="bbox 201 4289 1805 4370; baseline 0.006 -30"><span class='ocrx_word' id='word_1_598' title='bbox 201 4292 550 4362; x_wconf 69' lang='grc' dir='ltr'>πραγμάτων,</span> <span class='ocrx_word' id='word_1_599' title='bbox 607 4289 888 4362; x_wconf 68' lang='grc' dir='ltr'>ἀγαπητοὶ,</span> <span class='ocrx_word' id='word_1_600' title='bbox 945 4292 1074 4345; x_wconf 85' lang='grc' dir='ltr'>ὃπου</span> <span class='ocrx_word' id='word_1_601' title='bbox 1139 4313 1200 4364; x_wconf 90' lang='grc' dir='ltr'>γε</span> <span class='ocrx_word' id='word_1_602' title='bbox 1242 4300 1332 4346; x_wconf 82' lang='grc' dir='ltr'>καὶ</span> <span class='ocrx_word' id='word_1_603' title='bbox 1385 4301 1482 4355; x_wconf 80' lang='grc' dir='ltr'>τὴν</span> <span class='ocrx_word' id='word_1_604' title='bbox 1551 4299 1805 4370; x_wconf 78' lang='grc' dir='ltr'>ἠμετεραν</span> 
     </span>
    </p>
   </div>
   <div class='ocr_carea' id='block_1_80' title="bbox 203 4377 1804 4459">
    <p class='ocr_par' dir='ltr' id='par_1_80' title="bbox 203 4377 1804 4459">
     <span class='ocr_line' id='line_1_80' title="bbox 203 4377 1804 4459; baseline 0.007 -30"><span class='ocrx_word' id='word_1_605' title='bbox 203 4377 470 4432; x_wconf 75' lang='grc' dir='ltr'>ἀσθένειαν</span> <span class='ocrx_word' id='word_1_606' title='bbox 518 4377 822 4442; x_wconf 75' lang='grc' dir='ltr'>ἕξεϐιάσατο</span> <span class='ocrx_word' id='word_1_607' title='bbox 877 4385 937 4434; x_wconf 85' lang='grc' dir='ltr'>τό</span> <span class='ocrx_word' id='word_1_608' title='bbox 977 4382 1203 4444; x_wconf 71' lang='grc' dir='ltr'>εὐπειθὲς</span> <span class='ocrx_word' id='word_1_609' title='bbox 1241 4392 1338 4446; x_wconf 75' lang='grc' dir='ltr'>τῆς</span> <span class='ocrx_word' id='word_1_610' title='bbox 1365 4387 1615 4459; x_wconf 77' lang='grc' dir='ltr'>ὑμετέρας</span> <span class='ocrx_word' id='word_1_611' title='bbox 1641 4385 1804 4449; x_wconf 78' lang='grc' dir='ltr'>ἀκοῆς</span> 
     </span>
    </p>
   </div>
   <div class='ocr_carea' id='block_1_81' title="bbox 202 4467 1802 4549">
    <p class='ocr_par' dir='ltr' id='par_1_81' title="bbox 202 4467 1802 4549">
     <span class='ocr_line' id='line_1_81' title="bbox 202 4467 1802 4549; baseline 0.006 -29"><span class='ocrx_word' id='word_1_612' title='bbox 202 4468 354 4522; x_wconf 76' lang='grc' dir='ltr'>εἰπεῖν</span> <span class='ocrx_word' id='word_1_613' title='bbox 401 4487 456 4522; x_wconf 89' lang='grc' dir='ltr'>τι</span> <span class='ocrx_word' id='word_1_614' title='bbox 507 4467 560 4523; x_wconf 81' lang='grc' dir='ltr'>ἰν</span> <span class='ocrx_word' id='word_1_615' title='bbox 593 4473 773 4541; x_wconf 79' lang='grc' dir='ltr'>μέσοις</span> <span class='ocrx_word' id='word_1_616' title='bbox 819 4469 911 4523; x_wconf 81' lang='grc' dir='ltr'>καί</span> <span class='ocrx_word' id='word_1_617' title='bbox 965 4472 1312 4543; x_wconf 67' lang='grc' dir='ltr'>φθέγξασθαι,</span> <span class='ocrx_word' id='word_1_618' title='bbox 1378 4475 1460 4527; x_wconf 84' lang='grc' dir='ltr'>ἱνα</span> <span class='ocrx_word' id='word_1_619' title='bbox 1498 4477 1527 4534; x_wconf 74' lang='grc' dir='ltr'>ἡ</span> <span class='ocrx_word' id='word_1_620' title='bbox 1582 4472 1802 4549; x_wconf 81' lang='grc' dir='ltr'>δύναμις</span> 
     </span>
    </p>
   </div>
   <div class='ocr_carea' id='block_1_82' title="bbox 268 4648 734 4713">
    <p class='ocr_par' dir='ltr' id='par_1_82' title="bbox 268 4648 734 4713">
     <span class='ocr_line' id='line_1_82' title="bbox 268 4648 734 4713; baseline 0.006 -10"><span class='ocrx_word' id='word_1_621' title='bbox 268 4648 317 4684; x_wconf 76' lang='grc'>³⁸</span> <span class='ocrx_word' id='word_1_622' title='bbox 339 4649 521 4704; x_wconf 81' lang='lat' dir='ltr'>Joan.</span> <span class='ocrx_word' id='word_1_623' title='bbox 553 4663 614 4713; x_wconf 89' lang='lat' dir='ltr'>x,</span> <span class='ocrx_word' id='word_1_624' title='bbox 643 4651 734 4706; x_wconf 87' lang='lat'>27.</span> 
     </span>
    </p>
   </div>
   <div class='ocr_carea' id='block_1_83' title="bbox 808 4649 1797 4723">
    <p class='ocr_par' dir='ltr' id='par_1_83' title="bbox 808 4649 1797 4723">
     <span class='ocr_line' id='line_1_83' title="bbox 808 4649 1797 4723; baseline 0.007 -19"><span class='ocrx_word' id='word_1_625' title='bbox 808 4649 856 4686; x_wconf 76' lang='lat'><strong><em>”</em></strong></span> <span class='ocrx_word' id='word_1_626' title='bbox 879 4650 1052 4706; x_wconf 81' lang='lat' dir='ltr'>Joan.</span> <span class='ocrx_word' id='word_1_627' title='bbox 1083 4666 1122 4721; x_wconf 75' lang='grc' dir='ltr'>ι,</span> <span class='ocrx_word' id='word_1_628' title='bbox 1162 4655 1212 4707; x_wconf 83' lang='lat' dir='ltr'>l.</span> <span class='ocrx_word' id='word_1_629' title='bbox 1287 4652 1336 4688; x_wconf 82' lang='grc' dir='ltr'>³ο</span> <span class='ocrx_word' id='word_1_630' title='bbox 1358 4653 1530 4710; x_wconf 82' lang='lat' dir='ltr'>Joan.</span> <span class='ocrx_word' id='word_1_631' title='bbox 1566 4668 1684 4723; x_wconf 76' lang='lat' dir='ltr'>xw,</span> <span class='ocrx_word' id='word_1_632' title='bbox 1710 4657 1797 4711; x_wconf 77' lang='lat' dir='ltr'>to.</span> 
     </span>
    </p>
   </div>
   <div class='ocr_carea' id='block_1_84' title="bbox 199 4842 1793 4969">
    <p class='ocr_par' dir='ltr' id='par_1_84' title="bbox 199 4842 1793 4969">
     <span class='ocr_line' id='line_1_84' title="bbox 199 4842 1793 4969; baseline 0.003 -68"><span class='ocrx_word' id='word_1_633' title='bbox 199 4847 386 4969; x_wconf 51' lang='lat' dir='ltr'>H396)</span> <span class='ocrx_word' id='word_1_634' title='bbox 428 4842 601 4931; x_wconf 66' lang='lat' dir='ltr'>idem</span> <span class='ocrx_word' id='word_1_635' title='bbox 643 4843 838 4901; x_wconf 81' lang='lat' dir='ltr'>codex</span> <span class='ocrx_word' id='word_1_636' title='bbox 878 4845 1120 4918; x_wconf 74' lang='grc' dir='ltr'>πρόϐατα</span> <span class='ocrx_word' id='word_1_637' title='bbox 1136 4855 1228 4908; x_wconf 83' lang='grc' dir='ltr'>τῆς</span> <span class='ocrx_word' id='word_1_638' title='bbox 1254 4845 1380 4920; x_wconf 73' lang='grc' dir='ltr'>ἐμῆς</span> <span class='ocrx_word' id='word_1_639' title='bbox 1403 4855 1568 4921; x_wconf 80' lang='grc' dir='ltr'>φωνῆς</span> <span class='ocrx_word' id='word_1_640' title='bbox 1599 4849 1793 4910; x_wconf 79' lang='grc' dir='ltr'>ἀκούει.</span> 
     </span>
     <span class='ocr_line' id='line_1_85' title="bbox 297 4935 506 4969; baseline 0 0"><span class='ocrx_word' id='word_1_641' title='bbox 297 4936 346 4969; x_wconf 73' lang='grc' dir='ltr'>ες</span> <span class='ocrx_word' id='word_1_642' title='bbox 368 4935 506 4969; x_wconf 78' lang='grc' dir='ltr'>πως.</span> 
     </span>
    </p>
   </div>
   <div class='ocr_carea' id='block_1_85' title="bbox 297 4935 506 4977">
    <p class='ocr_par' dir='ltr' id='par_1_85' title="bbox 297 4935 506 4977">
     <span class='ocr_line' id='line_1_86' title="bbox 297 4935 506 4977; baseline 0 -8"><span class='ocrx_word' id='word_1_643' title='bbox 297 4936 346 4977; x_wconf 79' lang='grc' dir='ltr'>ες</span> <span class='ocrx_word' id='word_1_644' title='bbox 368 4935 506 4976; x_wconf 79' lang='grc' dir='ltr'>πως.</span> 
     </span>
    </p>
   </div>
   <div class='ocr_carea' id='block_1_86' title="bbox 266 4985 1793 5059">
    <p class='ocr_par' dir='ltr' id='par_1_86' title="bbox 266 4985 1793 5059">
     <span class='ocr_line' id='line_1_87' title="bbox 266 4985 1793 5059; baseline 0.005 -17"><span class='ocrx_word' id='word_1_645' title='bbox 266 4990 378 5058; x_wconf 68' lang='lat'><strong>(97)-</strong></span> <span class='ocrx_word' id='word_1_646' title='bbox 425 4985 932 5059; x_wconf 76' lang='lat' dir='ltr'>Legiturquidern</span> <span class='ocrx_word' id='word_1_647' title='bbox 963 4989 1022 5045; x_wconf 90' lang='lat' dir='ltr'>in</span> <span class='ocrx_word' id='word_1_648' title='bbox 1045 4994 1303 5059; x_wconf 88' lang='lat' dir='ltr'>utraque</span> <span class='ocrx_word' id='word_1_649' title='bbox 1332 4991 1592 5047; x_wconf 87' lang='lat' dir='ltr'>editione</span> <span class='ocrx_word' id='word_1_650' title='bbox 1641 4998 1698 5049; x_wconf 94' lang='lat' dir='ltr'>et</span> <span class='ocrx_word' id='word_1_651' title='bbox 1733 4994 1793 5050; x_wconf 91' lang='lat' dir='ltr'>in</span> 
     </span>
    </p>
   </div>
   <div class='ocr_carea' id='block_1_87' title="bbox 198 5057 1794 5133">
    <p class='ocr_par' dir='ltr' id='par_1_87' title="bbox 198 5057 1794 5133">
     <span class='ocr_line' id='line_1_88' title="bbox 198 5057 1794 5133; baseline 0.005 -21"><span class='ocrx_word' id='word_1_652' title='bbox 198 5058 334 5133; x_wconf 60' lang='lat' dir='ltr'>Reg.</span> <span class='ocrx_word' id='word_1_653' title='bbox 354 5057 632 5133; x_wconf 70' lang='lat' dir='ltr'>secundo</span> <span class='ocrx_word' id='word_1_654' title='bbox 653 5057 888 5133; x_wconf 43' lang='grc' dir='ltr'>ἀπορία]</span> <span class='ocrx_word' id='word_1_655' title='bbox 918 5060 1020 5115; x_wconf 88' lang='lat' dir='ltr'>sed</span> <span class='ocrx_word' id='word_1_656' title='bbox 1035 5057 1244 5133; x_wconf 82' lang='lat' dir='ltr'>tamen</span> <span class='ocrx_word' id='word_1_657' title='bbox 1256 5062 1425 5133; x_wconf 86' lang='lat' dir='ltr'>sequi</span> <span class='ocrx_word' id='word_1_658' title='bbox 1451 5063 1636 5119; x_wconf 88' lang='lat' dir='ltr'>malui</span> <span class='ocrx_word' id='word_1_659' title='bbox 1657 5081 1794 5120; x_wconf 92' lang='lat' dir='ltr'>con-</span> 
     </span>
    </p>
   </div>
   <div class='ocr_carea' id='block_1_88' title="bbox 193 5128 1790 5205">
    <p class='ocr_par' dir='ltr' id='par_1_88' title="bbox 193 5128 1790 5205">
     <span class='ocr_line' id='line_1_89' title="bbox 193 5128 1790 5205; baseline 0.006 -23"><span class='ocrx_word' id='word_1_660' title='bbox 193 5128 488 5205; x_wconf 74' lang='lat' dir='ltr'>jecturam</span> <span class='ocrx_word' id='word_1_661' title='bbox 541 5128 886 5186; x_wconf 79' lang='lat' dir='ltr'>Combetisii</span> <span class='ocrx_word' id='word_1_662' title='bbox 944 5131 1049 5203; x_wconf 91' lang='lat' dir='ltr'>qui</span> <span class='ocrx_word' id='word_1_663' title='bbox 1101 5147 1212 5203; x_wconf 90' lang='lat' dir='ltr'>pro</span> <span class='ocrx_word' id='word_1_664' title='bbox 1245 5128 1440 5205; x_wconf 66' lang='grc' dir='ltr'>ἀπορία</span> <span class='ocrx_word' id='word_1_665' title='bbox 1465 5133 1790 5203; x_wconf 86' lang='lat' dir='ltr'>legendum</span> 
     </span>
    </p>
   </div>
   <div class='ocr_carea' id='block_1_89' title="bbox 201 5203 591 5270">
    <p class='ocr_par' dir='ltr' id='par_1_89' title="bbox 201 5203 591 5270">
     <span class='ocr_line' id='line_1_90' title="bbox 201 5203 591 5270; baseline 0.003 -16"><span class='ocrx_word' id='word_1_666' title='bbox 201 5206 364 5270; x_wconf 80' lang='lat' dir='ltr'>putat</span> <span class='ocrx_word' id='word_1_667' title='bbox 395 5203 591 5270; x_wconf 79' lang='grc' dir='ltr'>οῐπορα.</span> 
     </span>
    </p>
   </div>
   <div class='ocr_carea' id='block_1_90' title="bbox 211 5271 1789 5352">
    <p class='ocr_par' dir='ltr' id='par_1_90' title="bbox 211 5271 1789 5352">
     <span class='ocr_line' id='line_1_91' title="bbox 211 5271 1789 5352; baseline 0.005 -27"><span class='ocrx_word' id='word_1_668' title='bbox 211 5338 223 5350; x_wconf 43' lang='grc' dir='ltr'><strong><em>ο</em></strong></span> <span class='ocrx_word' id='word_1_669' title='bbox 256 5274 368 5352; x_wconf 77' lang='lat'>(9_8)</span> <span class='ocrx_word' id='word_1_670' title='bbox 429 5271 525 5327; x_wconf 86' lang='lat' dir='ltr'>Sic</span> <span class='ocrx_word' id='word_1_671' title='bbox 564 5274 728 5352; x_wconf 26' lang='lat' dir='ltr'>Reg.‘</span> <span class='ocrx_word' id='word_1_672' title='bbox 757 5272 1084 5329; x_wconf 88' lang='lat' dir='ltr'>secundus.</span> <span class='ocrx_word' id='word_1_673' title='bbox 1146 5273 1298 5331; x_wconf 79' lang='lat' dir='ltr'>Editi</span> <span class='ocrx_word' id='word_1_674' title='bbox 1351 5281 1484 5347; x_wconf 71' lang='grc' dir='ltr'>μήτε</span> <span class='ocrx_word' id='word_1_675' title='bbox 1524 5276 1670 5339; x_wconf 64' lang='grc' dir='ltr'>αὐτὸς</span> <span class='ocrx_word' id='word_1_676' title='bbox 1703 5277 1789 5352; x_wconf 68' lang='grc' dir='ltr'>ἐμὲ</span> 
     </span>
    </p>
   </div>
   <div class='ocr_carea' id='block_1_91' title="bbox 202 5347 827 5414">
    <p class='ocr_par' dir='ltr' id='par_1_91' title="bbox 202 5347 827 5414">
     <span class='ocr_line' id='line_1_92' title="bbox 202 5347 827 5414; baseline 0.006 -22"><span class='ocrx_word' id='word_1_677' title='bbox 202 5347 414 5414; x_wconf 64' lang='grc' dir='ltr'>ἐπαίτῃ,</span> <span class='ocrx_word' id='word_1_678' title='bbox 453 5357 565 5414; x_wconf 78' lang='lat' dir='ltr'>pro</span> <span class='ocrx_word' id='word_1_679' title='bbox 598 5347 827 5397; x_wconf 77' lang='grc' dir='ltr'>ἀπαίτει.</span> 
     </span>
    </p>
   </div>
   <div class='ocr_carea' id='block_1_92' title="bbox 266 5413 1615 5492">
    <p class='ocr_par' dir='ltr' id='par_1_92' title="bbox 266 5413 1615 5492">
     <span class='ocr_line' id='line_1_93' title="bbox 266 5413 1615 5492; baseline 0.001 -22"><span class='ocrx_word' id='word_1_680' title='bbox 266 5413 559 5492; x_wconf 64' lang='lat' dir='ltr'>i99)_liditi</span> <span class='ocrx_word' id='word_1_681' title='bbox 588 5415 781 5492; x_wconf 51' lang='grc' dir='ltr'>ἄναγε.-</span> <span class='ocrx_word' id='word_1_682' title='bbox 801 5417 1033 5492; x_wconf 84' lang='lat' dir='ltr'>Vet_e_res</span> <span class='ocrx_word' id='word_1_683' title='bbox 1064 5415 1187 5492; x_wconf 83' lang='lat' dir='ltr'>duo</span> <span class='ocrx_word' id='word_1_684' title='bbox 1211 5417 1352 5492; x_wconf 85' lang='lat' dir='ltr'>libri</span> <span class='ocrx_word' id='word_1_685' title='bbox 1375 5416 1615 5492; x_wconf 73' lang='grc' dir='ltr'>ἀνάγαγε.</span> 
     </span>
    </p>
   </div>
   <div class='ocr_carea' id='block_1_93' title="bbox 267 5483 1785 5574">
    <p class='ocr_par' dir='ltr' id='par_1_93' title="bbox 267 5483 1785 5574">
     <span class='ocr_line' id='line_1_94' title="bbox 267 5483 1785 5574; baseline 0.001 -34"><span class='ocrx_word' id='word_1_686' title='bbox 267 5489 343 5574; x_wconf 48' lang='grc' dir='ltr'>(ε)</span> <span class='ocrx_word' id='word_1_687' title='bbox 374 5486 528 5572; x_wconf 57' lang='grc' dir='ltr'>Ἠες.</span> <span class='ocrx_word' id='word_1_688' title='bbox 555 5483 862 5542; x_wconf 70' lang='lat' dir='ltr'>secundus</span> <span class='ocrx_word' id='word_1_689' title='bbox 895 5483 1139 5545; x_wconf 76' lang='grc' dir='ltr'>ἰδιότητα</span> <span class='ocrx_word' id='word_1_690' title='bbox 1161 5487 1309 5562; x_wconf 76' lang='grc' dir='ltr'>λέγω.</span> <span class='ocrx_word' id='word_1_691' title='bbox 1342 5483 1647 5547; x_wconf 63' lang='grc' dir='ltr'>Μοίυὴυε</span> <span class='ocrx_word' id='word_1_692' title='bbox 1669 5507 1785 5550; x_wconf 87' lang='lat' dir='ltr'>ms.</span> 
     </span>
    </p>
   </div>
   <div class='ocr_carea' id='block_1_94' title="bbox 203 5561 508 5624">
    <p class='ocr_par' dir='ltr' id='par_1_94' title="bbox 203 5561 508 5624">
     <span class='ocr_line' id='line_1_95' title="bbox 203 5561 508 5624; baseline 0.013 -18"><span class='ocrx_word' id='word_1_693' title='bbox 203 5561 508 5624; x_wconf 60' lang='grc' dir='ltr'>προϐαίνειν.</span> 
     </span>
    </p>
   </div>
   <div class='ocr_carea' id='block_1_95' title="bbox 1924 3135 3572 3206">
    <p class='ocr_par' dir='ltr' id='par_1_95' title="bbox 1924 3135 3572 3206">
     <span class='ocr_line' id='line_1_96' title="bbox 1924 3135 3572 3206; baseline 0 -13"><span class='ocrx_word' id='word_1_694' title='bbox 1924 3153 2030 3193; x_wconf 90' lang='lat' dir='ltr'>cas</span> <span class='ocrx_word' id='word_1_695' title='bbox 2065 3153 2078 3191; x_wconf 91' lang='lat'><strong>:</strong></span> <span class='ocrx_word' id='word_1_696' title='bbox 2103 3135 2420 3202; x_wconf 89' lang='lat' dir='ltr'>Quomodo</span> <span class='ocrx_word' id='word_1_697' title='bbox 2446 3141 2574 3191; x_wconf 85' lang='lat' dir='ltr'>erat</span> <span class='ocrx_word' id='word_1_698' title='bbox 2601 3135 2630 3190; x_wconf 87' lang='lat'><strong>?</strong></span> <span class='ocrx_word' id='word_1_699' title='bbox 2658 3141 2735 3202; x_wconf 91' lang='lat' dir='ltr'>et,</span> <span class='ocrx_word' id='word_1_700' title='bbox 2763 3135 2818 3189; x_wconf 93' lang='lat' dir='ltr'>Si</span> <span class='ocrx_word' id='word_1_701' title='bbox 2839 3139 2987 3204; x_wconf 89' lang='lat' dir='ltr'>erat,</span> <span class='ocrx_word' id='word_1_702' title='bbox 3020 3135 3256 3204; x_wconf 90' lang='lat' dir='ltr'>genitus</span> <span class='ocrx_word' id='word_1_703' title='bbox 3278 3151 3401 3191; x_wconf 92' lang='lat' dir='ltr'>non</span> <span class='ocrx_word' id='word_1_704' title='bbox 3425 3141 3517 3194; x_wconf 85' lang='lat' dir='ltr'>est</span> <span class='ocrx_word' id='word_1_705' title='bbox 3556 3156 3572 3206; x_wconf 90' lang='lat'><strong>;</strong></span> 
     </span>
    </p>
   </div>
   <div class='ocr_carea' id='block_1_96' title="bbox 1922 3224 3572 3298">
    <p class='ocr_par' dir='ltr' id='par_1_96' title="bbox 1922 3224 3572 3298">
     <span class='ocr_line' id='line_1_97' title="bbox 1922 3224 3572 3298; baseline 0 -16"><span class='ocrx_word' id='word_1_706' title='bbox 1922 3231 2001 3295; x_wconf 90' lang='lat' dir='ltr'>et,</span> <span class='ocrx_word' id='word_1_707' title='bbox 2023 3226 2084 3282; x_wconf 86' lang='lat' dir='ltr'>Si</span> <span class='ocrx_word' id='word_1_708' title='bbox 2110 3225 2348 3295; x_wconf 87' lang='lat' dir='ltr'>genitus</span> <span class='ocrx_word' id='word_1_709' title='bbox 2367 3228 2477 3293; x_wconf 88' lang='lat' dir='ltr'>est,</span> <span class='ocrx_word' id='word_1_710' title='bbox 2503 3239 2628 3280; x_wconf 91' lang='lat' dir='ltr'>non</span> <span class='ocrx_word' id='word_1_711' title='bbox 2658 3228 2807 3280; x_wconf 82' lang='lat' dir='ltr'>erat.</span> <span class='ocrx_word' id='word_1_712' title='bbox 2831 3227 2960 3281; x_wconf 88' lang='lat' dir='ltr'>Non</span> <span class='ocrx_word' id='word_1_713' title='bbox 2989 3230 3078 3280; x_wconf 91' lang='lat' dir='ltr'>est</span> <span class='ocrx_word' id='word_1_714' title='bbox 3118 3224 3376 3292; x_wconf 83' lang='lat' dir='ltr'>ovicula,</span> <span class='ocrx_word' id='word_1_715' title='bbox 3434 3241 3572 3298; x_wconf 69' lang='lat' dir='ltr'>quas</span> 
     </span>
    </p>
   </div>
   <div class='ocr_carea' id='block_1_97' title="bbox 1921 3312 3574 3388">
    <p class='ocr_par' dir='ltr' id='par_1_97' title="bbox 1921 3312 3574 3388">
     <span class='ocr_line' id='line_1_98' title="bbox 1921 3312 3574 3388; baseline 0.001 -18"><span class='ocrx_word' id='word_1_716' title='bbox 1921 3314 2063 3370; x_wconf 87' lang='lat' dir='ltr'>talia</span> <span class='ocrx_word' id='word_1_717' title='bbox 2087 3314 2248 3370; x_wconf 90' lang='lat' dir='ltr'>dicit.</span> <span class='ocrx_word' id='word_1_718' title='bbox 2283 3312 2452 3369; x_wconf 86' lang='lat' dir='ltr'>Pellis</span> <span class='ocrx_word' id='word_1_719' title='bbox 2481 3312 2666 3368; x_wconf 90' lang='lat' dir='ltr'>ovilla</span> <span class='ocrx_word' id='word_1_720' title='bbox 2691 3317 2785 3368; x_wconf 91' lang='lat' dir='ltr'>est</span> <span class='ocrx_word' id='word_1_721' title='bbox 2815 3328 2828 3368; x_wconf 90' lang='lat'><strong>:</strong></span> <span class='ocrx_word' id='word_1_722' title='bbox 2854 3313 2958 3368; x_wconf 90' lang='lat' dir='ltr'>sed</span> <span class='ocrx_word' id='word_1_723' title='bbox 2979 3313 3140 3368; x_wconf 89' lang='lat' dir='ltr'>intus</span> <span class='ocrx_word' id='word_1_724' title='bbox 3158 3313 3340 3386; x_wconf 85' lang='lat' dir='ltr'>lupus</span> <span class='ocrx_word' id='word_1_725' title='bbox 3359 3320 3449 3372; x_wconf 85' lang='lat' dir='ltr'>est</span> <span class='ocrx_word' id='word_1_726' title='bbox 3468 3316 3574 3388; x_wconf 88' lang='lat' dir='ltr'>qui</span> 
     </span>
    </p>
   </div>
   <div class='ocr_carea' id='block_1_98' title="bbox 1919 3401 3571 3477">
    <p class='ocr_par' dir='ltr' id='par_1_98' title="bbox 1919 3401 3571 3477">
     <span class='ocr_line' id='line_1_99' title="bbox 1919 3401 3571 3477; baseline 0.002 -19"><span class='ocrx_word' id='word_1_727' title='bbox 1919 3402 2207 3477; x_wconf 88' lang='lat' dir='ltr'>loquitur.</span> <span class='ocrx_word' id='word_1_728' title='bbox 2240 3405 2650 3472; x_wconf 90' lang='lat' dir='ltr'>Cognoscatur</span> <span class='ocrx_word' id='word_1_729' title='bbox 2674 3401 3006 3458; x_wconf 90' lang='lat' dir='ltr'>insidiator.</span> <span class='ocrx_word' id='word_1_730' title='bbox 3031 3404 3175 3461; x_wconf 87' lang='lat' dir='ltr'>Oves</span> <span class='ocrx_word' id='word_1_731' title='bbox 3193 3419 3339 3461; x_wconf 78' lang='lat' dir='ltr'>meae</span> <span class='ocrx_word' id='word_1_732' title='bbox 3371 3420 3571 3462; x_wconf 85' lang='lat' dir='ltr'>vocem</span> 
     </span>
    </p>
   </div>
   <div class='ocr_carea' id='block_1_99' title="bbox 1918 3490 3572 3563">
    <p class='ocr_par' dir='ltr' id='par_1_99' title="bbox 1918 3490 3572 3563">
     <span class='ocr_line' id='line_1_100' title="bbox 1918 3490 3572 3563; baseline 0.001 -15"><span class='ocrx_word' id='word_1_733' title='bbox 1918 3507 2111 3548; x_wconf 88' lang='lat' dir='ltr'>meam</span> <span class='ocrx_word' id='word_1_734' title='bbox 2129 3490 2411 3547; x_wconf 76' lang='lat' dir='ltr'>audiunt.</span> <span class='ocrx_word' id='word_1_735' title='bbox 2433 3490 2669 3546; x_wconf 81' lang='lat' dir='ltr'>Audisti</span> <span class='ocrx_word' id='word_1_736' title='bbox 2687 3490 2897 3546; x_wconf 85' lang='lat' dir='ltr'>Filium</span> <span class='ocrx_word' id='word_1_737' title='bbox 2911 3491 2938 3547; x_wconf 90' lang='lat'><strong>?</strong></span> <span class='ocrx_word' id='word_1_738' title='bbox 2954 3491 3217 3563; x_wconf 88' lang='lat' dir='ltr'>lntellige</span> <span class='ocrx_word' id='word_1_739' title='bbox 3239 3493 3572 3550; x_wconf 87' lang='lat' dir='ltr'>similitudi-</span> 
     </span>
    </p>
   </div>
   <div class='ocr_carea' id='block_1_100' title="bbox 1918 3580 3569 3655">
    <p class='ocr_par' dir='ltr' id='par_1_100' title="bbox 1918 3580 3569 3655">
     <span class='ocr_line' id='line_1_101' title="bbox 1918 3580 3569 3655; baseline 0.002 -19"><span class='ocrx_word' id='word_1_740' title='bbox 1918 3595 2058 3655; x_wconf 87' lang='lat' dir='ltr'>nem</span> <span class='ocrx_word' id='word_1_741' title='bbox 2079 3596 2266 3652; x_wconf 89' lang='lat' dir='ltr'>quam</span> <span class='ocrx_word' id='word_1_742' title='bbox 2297 3595 2435 3634; x_wconf 92' lang='lat' dir='ltr'>cum</span> <span class='ocrx_word' id='word_1_743' title='bbox 2475 3581 2648 3652; x_wconf 76' lang='lat'>189</span> <span class='ocrx_word' id='word_1_744' title='bbox 2682 3583 2846 3636; x_wconf 86' lang='lat' dir='ltr'>Patre</span> <span class='ocrx_word' id='word_1_745' title='bbox 2866 3580 3070 3637; x_wconf 88' lang='lat' dir='ltr'>habet.</span> <span class='ocrx_word' id='word_1_746' title='bbox 3105 3581 3569 3640; x_wconf 86' lang='lat' dir='ltr'>Similitudinem</span> 
     </span>
    </p>
   </div>
   <div class='ocr_carea' id='block_1_101' title="bbox 1917 3667 3566 3740">
    <p class='ocr_par' dir='ltr' id='par_1_101' title="bbox 1917 3667 3566 3740">
     <span class='ocr_line' id='line_1_102' title="bbox 1917 3667 3566 3740; baseline 0.002 -16"><span class='ocrx_word' id='word_1_747' title='bbox 1917 3668 2074 3735; x_wconf 84' lang='lat' dir='ltr'>dico,</span> <span class='ocrx_word' id='word_1_748' title='bbox 2126 3667 2207 3723; x_wconf 92' lang='lat' dir='ltr'>ob</span> <span class='ocrx_word' id='word_1_749' title='bbox 2244 3667 2718 3724; x_wconf 86' lang='lat' dir='ltr'>imbecillitatem</span> <span class='ocrx_word' id='word_1_750' title='bbox 2765 3683 3093 3740; x_wconf 89' lang='lat' dir='ltr'>corporum</span> <span class='ocrx_word' id='word_1_751' title='bbox 3140 3668 3566 3727; x_wconf 84' lang='lat' dir='ltr'>valentiorum.</span> 
     </span>
    </p>
   </div>
   <div class='ocr_carea' id='block_1_102' title="bbox 1915 3756 3568 3830">
    <p class='ocr_par' dir='ltr' id='par_1_102' title="bbox 1915 3756 3568 3830">
     <span class='ocr_line' id='line_1_103' title="bbox 1915 3756 3568 3830; baseline 0.003 -18"><span class='ocrx_word' id='word_1_752' title='bbox 1915 3756 2151 3830; x_wconf 85' lang='lat' dir='ltr'>Alioqui</span> <span class='ocrx_word' id='word_1_753' title='bbox 2174 3757 2390 3813; x_wconf 83' lang='lat' dir='ltr'>veritas</span> <span class='ocrx_word' id='word_1_754' title='bbox 2405 3757 2488 3814; x_wconf 90' lang='lat' dir='ltr'>ita</span> <span class='ocrx_word' id='word_1_755' title='bbox 2505 3757 2688 3814; x_wconf 85' lang='lat' dir='ltr'>habet</span> <span class='ocrx_word' id='word_1_756' title='bbox 2703 3761 2849 3829; x_wconf 91' lang='lat' dir='ltr'>(non</span> <span class='ocrx_word' id='word_1_757' title='bbox 2869 3758 3031 3813; x_wconf 88' lang='lat' dir='ltr'>enim</span> <span class='ocrx_word' id='word_1_758' title='bbox 3053 3773 3262 3815; x_wconf 81' lang='lat' dir='ltr'>vereor</span> <span class='ocrx_word' id='word_1_759' title='bbox 3281 3758 3568 3817; x_wconf 81' lang='lat' dir='ltr'>accedere</span> 
     </span>
    </p>
   </div>
   <div class='ocr_carea' id='block_1_103' title="bbox 1914 3846 3564 3921">
    <p class='ocr_par' dir='ltr' id='par_1_103' title="bbox 1914 3846 3564 3921">
     <span class='ocr_line' id='line_1_104' title="bbox 1914 3846 3564 3921; baseline 0.002 -19"><span class='ocrx_word' id='word_1_760' title='bbox 1914 3846 2192 3919; x_wconf 83' lang='lat' dir='ltr'>veritati),</span> <span class='ocrx_word' id='word_1_761' title='bbox 2239 3862 2363 3903; x_wconf 91' lang='lat' dir='ltr'>non</span> <span class='ocrx_word' id='word_1_762' title='bbox 2402 3863 2539 3903; x_wconf 88' lang='lat' dir='ltr'>sum</span> <span class='ocrx_word' id='word_1_763' title='bbox 2585 3847 2666 3904; x_wconf 87' lang='lat' dir='ltr'>ad</span> <span class='ocrx_word' id='word_1_764' title='bbox 2710 3847 3173 3920; x_wconf 85' lang='lat' dir='ltr'>sycophantiam</span> <span class='ocrx_word' id='word_1_765' title='bbox 3202 3865 3564 3921; x_wconf 85' lang='lat' dir='ltr'>propensus.</span> 
     </span>
    </p>
   </div>
   <div class='ocr_carea' id='block_1_104' title="bbox 1914 3936 3564 4011">
    <p class='ocr_par' dir='ltr' id='par_1_104' title="bbox 1914 3936 3564 4011">
     <span class='ocr_line' id='line_1_105' title="bbox 1914 3936 3564 4011; baseline 0.002 -18"><span class='ocrx_word' id='word_1_766' title='bbox 1914 3937 2291 3993; x_wconf 87' lang='lat' dir='ltr'>ldentitatem</span> <span class='ocrx_word' id='word_1_767' title='bbox 2322 3936 2479 4005; x_wconf 82' lang='lat' dir='ltr'>dico,</span> <span class='ocrx_word' id='word_1_768' title='bbox 2500 3937 2847 3994; x_wconf 89' lang='lat' dir='ltr'>custodiens</span> <span class='ocrx_word' id='word_1_769' title='bbox 2878 3938 3063 3994; x_wconf 89' lang='lat' dir='ltr'>Patris</span> <span class='ocrx_word' id='word_1_770' title='bbox 3087 3943 3145 3994; x_wconf 89' lang='lat' dir='ltr'>et</span> <span class='ocrx_word' id='word_1_771' title='bbox 3157 3938 3281 3994; x_wconf 83' lang='lat' dir='ltr'>Filii</span> <span class='ocrx_word' id='word_1_772' title='bbox 3304 3939 3564 4011; x_wconf 89' lang='lat' dir='ltr'>proprie-</span> 
     </span>
    </p>
   </div>
   <div class='ocr_carea' id='block_1_105' title="bbox 1913 4026 3561 4102">
    <p class='ocr_par' dir='ltr' id='par_1_105' title="bbox 1913 4026 3561 4102">
     <span class='ocr_line' id='line_1_106' title="bbox 1913 4026 3561 4102; baseline 0.002 -19"><span class='ocrx_word' id='word_1_773' title='bbox 1913 4031 2118 4083; x_wconf 84' lang='lat' dir='ltr'>tatem.</span> <span class='ocrx_word' id='word_1_774' title='bbox 2154 4030 2218 4082; x_wconf 93' lang='lat' dir='ltr'>ln</span> <span class='ocrx_word' id='word_1_775' title='bbox 2249 4026 2565 4100; x_wconf 86' lang='lat' dir='ltr'>hypostasi</span> <span class='ocrx_word' id='word_1_776' title='bbox 2595 4027 2746 4096; x_wconf 87' lang='lat' dir='ltr'>Filii,</span> <span class='ocrx_word' id='word_1_777' title='bbox 2777 4027 3038 4084; x_wconf 84' lang='lat' dir='ltr'>formam</span> <span class='ocrx_word' id='word_1_778' title='bbox 3059 4027 3323 4098; x_wconf 78' lang='lat' dir='ltr'>intelligo</span> <span class='ocrx_word' id='word_1_779' title='bbox 3371 4033 3561 4102; x_wconf 89' lang='lat' dir='ltr'>pater-</span> 
     </span>
    </p>
   </div>
   <div class='ocr_carea' id='block_1_106' title="bbox 1912 4117 3562 4190">
    <p class='ocr_par' dir='ltr' id='par_1_106' title="bbox 1912 4117 3562 4190">
     <span class='ocr_line' id='line_1_107' title="bbox 1912 4117 3562 4190; baseline 0.002 -18"><span class='ocrx_word' id='word_1_780' title='bbox 1912 4131 2079 4182; x_wconf 90' lang='lat' dir='ltr'>nam,</span> <span class='ocrx_word' id='word_1_781' title='bbox 2110 4123 2175 4172; x_wconf 89' lang='lat' dir='ltr'>ut</span> <span class='ocrx_word' id='word_1_782' title='bbox 2195 4117 2342 4173; x_wconf 87' lang='lat' dir='ltr'>mihi</span> <span class='ocrx_word' id='word_1_783' title='bbox 2373 4117 2700 4190; x_wconf 88' lang='lat' dir='ltr'>perfectam</span> <span class='ocrx_word' id='word_1_784' title='bbox 2730 4117 3016 4189; x_wconf 86' lang='lat' dir='ltr'>imaginis</span> <span class='ocrx_word' id='word_1_785' title='bbox 3031 4118 3562 4188; x_wconf 83' lang='lat' dir='ltr'>rationeniserves,</span> 
     </span>
    </p>
   </div>
   <div class='ocr_carea' id='block_1_107' title="bbox 1911 4205 3563 4279">
    <p class='ocr_par' dir='ltr' id='par_1_107' title="bbox 1911 4205 3563 4279">
     <span class='ocr_line' id='line_1_108' title="bbox 1911 4205 3563 4279; baseline 0.003 -18"><span class='ocrx_word' id='word_1_786' title='bbox 1911 4210 1977 4261; x_wconf 90' lang='lat' dir='ltr'>ut</span> <span class='ocrx_word' id='word_1_787' title='bbox 1994 4205 2140 4262; x_wconf 85' lang='lat' dir='ltr'>mihi</span> <span class='ocrx_word' id='word_1_788' title='bbox 2189 4206 2470 4276; x_wconf 85' lang='lat' dir='ltr'>religiose</span> <span class='ocrx_word' id='word_1_789' title='bbox 2516 4207 2814 4278; x_wconf 88' lang='lat' dir='ltr'>intelligas</span> <span class='ocrx_word' id='word_1_790' title='bbox 2867 4206 3015 4263; x_wconf 88' lang='lat' dir='ltr'>illud</span> <span class='ocrx_word' id='word_1_791' title='bbox 3043 4208 3172 4279; x_wconf 82' lang='lat' dir='ltr'>Ego</span> <span class='ocrx_word' id='word_1_792' title='bbox 3194 4209 3256 4264; x_wconf 83' lang='lat' dir='ltr'>in</span> <span class='ocrx_word' id='word_1_793' title='bbox 3277 4209 3486 4278; x_wconf 83' lang='lat' dir='ltr'>Patre,</span> <span class='ocrx_word' id='word_1_794' title='bbox 3507 4215 3563 4266; x_wconf 79' lang='lat' dir='ltr'>et</span> 
     </span>
    </p>
   </div>
   <div class='ocr_carea' id='block_1_108' title="bbox 1910 4294 3561 4366">
    <p class='ocr_par' dir='ltr' id='par_1_108' title="bbox 1910 4294 3561 4366">
     <span class='ocr_line' id='line_1_109' title="bbox 1910 4294 3561 4366; baseline 0.002 -15"><span class='ocrx_word' id='word_1_795' title='bbox 1910 4294 2098 4351; x_wconf 78' lang='lat' dir='ltr'>Pater</span> <span class='ocrx_word' id='word_1_796' title='bbox 2125 4296 2190 4350; x_wconf 78' lang='lat' dir='ltr'>in</span> <span class='ocrx_word' id='word_1_797' title='bbox 2219 4310 2312 4352; x_wconf 89' lang='lat' dir='ltr'>me</span> <span class='ocrx_word' id='word_1_798' title='bbox 2340 4303 2424 4353; x_wconf 84' lang='lat' dir='ltr'>est</span> <span class='ocrx_word' id='word_1_799' title='bbox 2447 4297 2514 4352; x_wconf 85' lang='grc' dir='ltr'>³ο.</span> <span class='ocrx_word' id='word_1_800' title='bbox 2571 4296 2764 4352; x_wconf 83' lang='lat' dir='ltr'>Nolim</span> <span class='ocrx_word' id='word_1_801' title='bbox 2817 4296 3118 4366; x_wconf 85' lang='lat' dir='ltr'>intelligas</span> <span class='ocrx_word' id='word_1_802' title='bbox 3161 4298 3561 4356; x_wconf 88' lang='lat' dir='ltr'>essentiarum</span> 
     </span>
    </p>
   </div>
   <div class='ocr_carea' id='block_1_109' title="bbox 1909 4381 3563 4454">
    <p class='ocr_par' dir='ltr' id='par_1_109' title="bbox 1909 4381 3563 4454">
     <span class='ocr_line' id='line_1_110' title="bbox 1909 4381 3563 4454; baseline 0.005 -16"><span class='ocrx_word' id='word_1_803' title='bbox 1909 4381 2350 4454; x_wconf 84' lang='lat' dir='ltr'>confusionem,</span> <span class='ocrx_word' id='word_1_804' title='bbox 2408 4385 2515 4440; x_wconf 89' lang='lat' dir='ltr'>sed</span> <span class='ocrx_word' id='word_1_805' title='bbox 2544 4384 2965 4442; x_wconf 87' lang='lat' dir='ltr'>characterum</span> <span class='ocrx_word' id='word_1_806' title='bbox 3033 4387 3438 4445; x_wconf 86' lang='lat' dir='ltr'>identitatem.</span> <span class='ocrx_word' id='word_1_807' title='bbox 3491 4394 3563 4447; x_wconf 79' lang='lat' dir='ltr'>At</span> 
     </span>
    </p>
   </div>
   <div class='ocr_carea' id='block_1_110' title="bbox 1907 4471 3561 4548">
    <p class='ocr_par' dir='ltr' id='par_1_110' title="bbox 1907 4471 3561 4548">
     <span class='ocr_line' id='line_1_111' title="bbox 1907 4471 3561 4548; baseline 0.004 -19"><span class='ocrx_word' id='word_1_808' title='bbox 1907 4471 2092 4542; x_wconf 87' lang='lat' dir='ltr'>enim,</span> <span class='ocrx_word' id='word_1_809' title='bbox 2124 4471 2342 4541; x_wconf 88' lang='lat' dir='ltr'>dilecti,</span> <span class='ocrx_word' id='word_1_810' title='bbox 2365 4487 2460 4530; x_wconf 88' lang='lat' dir='ltr'>res</span> <span class='ocrx_word' id='word_1_811' title='bbox 2489 4489 2677 4548; x_wconf 85' lang='lat' dir='ltr'>quam</span> <span class='ocrx_word' id='word_1_812' title='bbox 2707 4475 2973 4533; x_wconf 87' lang='lat' dir='ltr'>maxime</span> <span class='ocrx_word' id='word_1_813' title='bbox 2992 4477 3296 4535; x_wconf 87' lang='lat' dir='ltr'>contraria</span> <span class='ocrx_word' id='word_1_814' title='bbox 3314 4492 3450 4536; x_wconf 88' lang='lat' dir='ltr'>esse</span> <span class='ocrx_word' id='word_1_815' title='bbox 3473 4479 3561 4535; x_wconf 61' lang='lat' dir='ltr'>vi.</span> 
     </span>
    </p>
   </div>
   <div class='ocr_carea' id='block_1_111' title="bbox 1975 4849 3551 4925">
    <p class='ocr_par' dir='ltr' id='par_1_111' title="bbox 1975 4849 3551 4925">
     <span class='ocr_line' id='line_1_112' title="bbox 1975 4849 3551 4925; baseline -0.001 -19"><span class='ocrx_word' id='word_1_816' title='bbox 1975 4849 2055 4921; x_wconf 85' lang='lat'>(2)</span> <span class='ocrx_word' id='word_1_817' title='bbox 2116 4849 2550 4925; x_wconf 63' lang='lat' dir='ltr'>idemcodex,</span> <span class='ocrx_word' id='word_1_818' title='bbox 2590 4857 2904 4912; x_wconf 77' lang='grc' dir='ltr'>Ταυτότητα</span> <span class='ocrx_word' id='word_1_819' title='bbox 2955 4851 3104 4925; x_wconf 75' lang='grc' dir='ltr'>λέγω,</span> <span class='ocrx_word' id='word_1_820' title='bbox 3138 4851 3382 4925; x_wconf 72' lang='grc' dir='ltr'>φνλάσσω</span> <span class='ocrx_word' id='word_1_821' title='bbox 3428 4853 3551 4905; x_wconf 68' lang='lat' dir='ltr'>rios</span> 
     </span>
    </p>
   </div>
   <div class='ocr_carea' id='block_1_112' title="bbox 1902 4919 3546 4996">
    <p class='ocr_par' dir='ltr' id='par_1_112' title="bbox 1902 4919 3546 4996">
     <span class='ocr_line' id='line_1_113' title="bbox 1902 4919 3546 4996; baseline 0.001 -20"><span class='ocrx_word' id='word_1_822' title='bbox 1902 4927 2002 4996; x_wconf 65' lang='lat' dir='ltr'>mi</span> <span class='ocrx_word' id='word_1_823' title='bbox 2038 4919 2250 4996; x_wconf 59' lang='lat' dir='ltr'>lla:pr</span> <span class='ocrx_word' id='word_1_824' title='bbox 2306 4919 2567 4996; x_wconf 73' lang='grc' dir='ltr'>ἰδιότητα.</span> <span class='ocrx_word' id='word_1_825' title='bbox 2637 4928 2938 4996; x_wconf 86' lang='grc' dir='ltr'>Υπόστασιν</span> <span class='ocrx_word' id='word_1_826' title='bbox 2994 4919 3382 4996; x_wconf 61' lang='grc' dir='ltr'>Ῠίοῦμορφήν,</span> <span class='ocrx_word' id='word_1_827' title='bbox 3433 4927 3546 4989; x_wconf 75' lang='lat' dir='ltr'>etc,</span> 
     </span>
    </p>
   </div>
   <div class='ocr_carea' id='block_1_113' title="bbox 1902 4993 3545 5075">
    <p class='ocr_par' dir='ltr' id='par_1_113' title="bbox 1902 4993 3545 5075">
     <span class='ocr_line' id='line_1_114' title="bbox 1902 4993 3545 5075; baseline -0.001 -27"><span class='ocrx_word' id='word_1_828' title='bbox 1902 4993 2076 5075; x_wconf 44' lang='lat' dir='ltr'>.EQiti,</span> <span class='ocrx_word' id='word_1_829' title='bbox 2133 4993 2446 5075; x_wconf 66' lang='grc' dir='ltr'>Ταυτότητα</span> <span class='ocrx_word' id='word_1_830' title='bbox 2503 4994 2640 5066; x_wconf 74' lang='grc' dir='ltr'>λόγῳ</span> <span class='ocrx_word' id='word_1_831' title='bbox 2697 4994 2950 5075; x_wconf 62' lang='grc' dir='ltr'>φυλάσσω</span> <span class='ocrx_word' id='word_1_832' title='bbox 2996 4995 3118 5046; x_wconf 83' lang='grc' dir='ltr'>Υἰοῦ</span> <span class='ocrx_word' id='word_1_833' title='bbox 3164 4993 3274 5075; x_wconf 70' lang='grc' dir='ltr'>⁵καὶ</span> <span class='ocrx_word' id='word_1_834' title='bbox 3327 4996 3545 5065; x_wconf 86' lang='grc' dir='ltr'>Πατρός.</span> 
     </span>
    </p>
   </div>
   <div class='ocr_carea' id='block_1_114' title="bbox 1902 5063 3548 5187">
    <p class='ocr_par' dir='ltr' id='par_1_114' title="bbox 1902 5063 3548 5187">
     <span class='ocr_line' id='line_1_115' title="bbox 1902 5063 3548 5187; baseline -0.002 -68"><span class='ocrx_word' id='word_1_835' title='bbox 1902 5063 2169 5124; x_wconf 73' lang='grc' dir='ltr'>’ἰδιότητα</span> <span class='ocrx_word' id='word_1_836' title='bbox 2217 5065 2264 5118; x_wconf 75' lang='grc' dir='ltr'>ἐν</span> <span class='ocrx_word' id='word_1_837' title='bbox 2315 5063 2620 5118; x_wconf 57' lang='lat' dir='ltr'>sumam</span> <span class='ocrx_word' id='word_1_838' title='bbox 2656 5063 2778 5117; x_wconf 78' lang='grc' dir='ltr'>Υἱοῡ</span> <span class='ocrx_word' id='word_1_839' title='bbox 2856 5069 3059 5187; x_wconf 50' lang='lat' dir='ltr'>inps-iw</span> <span class='ocrx_word' id='word_1_840' title='bbox 3123 5067 3310 5119; x_wconf 80' lang='grc' dir='ltr'>νόησον</span> <span class='ocrx_word' id='word_1_841' title='bbox 3367 5063 3548 5137; x_wconf 85' lang='grc' dir='ltr'>πατρι-</span> 
     </span>
     <span class='ocr_line' id='line_1_116' title="bbox 1902 5134 3548 5187; baseline 0 0"><span class='ocrx_word' id='word_1_842' title='bbox 1902 5143 2014 5187; x_wconf 72' lang='grc' dir='ltr'>κήν.</span> <span class='ocrx_word' id='word_1_843' title='bbox 2046 5153 2183 5187; x_wconf 69' lang='lat' dir='ltr'>num</span> <span class='ocrx_word' id='word_1_844' title='bbox 2212 5137 2397 5187; x_wconf 82' lang='lat' dir='ltr'>verba</span> <span class='ocrx_word' id='word_1_845' title='bbox 2420 5135 2504 5187; x_wconf 85' lang='lat' dir='ltr'>ita</span> <span class='ocrx_word' id='word_1_846' title='bbox 2537 5136 2734 5187; x_wconf 87' lang='lat' dir='ltr'>Latine</span> <span class='ocrx_word' id='word_1_847' title='bbox 2772 5135 2940 5187; x_wconf 71' lang='lat' dir='ltr'>reddi</span> <span class='ocrx_word' id='word_1_848' title='bbox 2992 5137 3118 5187; x_wconf 90' lang='lat' dir='ltr'>erat</span> <span class='ocrx_word' id='word_1_849' title='bbox 3169 5138 3340 5187; x_wconf 87' lang='lat' dir='ltr'>vetus</span> <span class='ocrx_word' id='word_1_850' title='bbox 3374 5134 3548 5187; x_wconf 84' lang='lat' dir='ltr'>inter-</span> 
     </span>
    </p>
   </div>
   <div class='ocr_carea' id='block_1_115' title="bbox 1899 5135 3549 5209">
    <p class='ocr_par' dir='ltr' id='par_1_115' title="bbox 1899 5135 3549 5209">
     <span class='ocr_line' id='line_1_117' title="bbox 1899 5135 3549 5209; baseline 0.001 -19"><span class='ocrx_word' id='word_1_851' title='bbox 1899 5143 2015 5208; x_wconf 78' lang='grc' dir='ltr'>κήν,</span> <span class='ocrx_word' id='word_1_852' title='bbox 2046 5153 2183 5209; x_wconf 66' lang='lat' dir='ltr'>qum</span> <span class='ocrx_word' id='word_1_853' title='bbox 2212 5137 2397 5192; x_wconf 85' lang='lat' dir='ltr'>verba</span> <span class='ocrx_word' id='word_1_854' title='bbox 2420 5135 2504 5192; x_wconf 91' lang='lat' dir='ltr'>ita</span> <span class='ocrx_word' id='word_1_855' title='bbox 2537 5136 2734 5191; x_wconf 87' lang='lat' dir='ltr'>Latine</span> <span class='ocrx_word' id='word_1_856' title='bbox 2772 5135 3118 5209; x_wconf 63' lang='lat' dir='ltr'>reddiderat</span> <span class='ocrx_word' id='word_1_857' title='bbox 3141 5138 3340 5209; x_wconf 86' lang='lat' dir='ltr'>_vetus</span> <span class='ocrx_word' id='word_1_858' title='bbox 3374 5135 3549 5191; x_wconf 87' lang='lat' dir='ltr'>inter-</span> 
     </span>
    </p>
   </div>
   <div class='ocr_carea' id='block_1_116' title="bbox 1898 5203 3544 5281">
    <p class='ocr_par' dir='ltr' id='par_1_116' title="bbox 1898 5203 3544 5281">
     <span class='ocr_line' id='line_1_118' title="bbox 1898 5203 3544 5281; baseline 0.002 -18"><span class='ocrx_word' id='word_1_859' title='bbox 1898 5203 2034 5281; x_wconf 79' lang='lat' dir='ltr'>pres</span> <span class='ocrx_word' id='word_1_860' title='bbox 2065 5203 2130 5281; x_wconf 72' lang='lat' dir='ltr'>In</span> <span class='ocrx_word' id='word_1_861' title='bbox 2156 5223 2427 5281; x_wconf 77' lang='lat' dir='ltr'>sermone</span> <span class='ocrx_word' id='word_1_862' title='bbox 2455 5209 2662 5281; x_wconf 65' lang='lat' dir='ltr'>Patris</span> <span class='ocrx_word' id='word_1_863' title='bbox 2687 5211 2740 5262; x_wconf 86' lang='lat' dir='ltr'>et</span> <span class='ocrx_word' id='word_1_864' title='bbox 2779 5203 3544 5281; x_wconf 48' lang='lat' dir='ltr'>Filii__z_&#39;c_leptitatem_servo.</span> 
     </span>
    </p>
   </div>
   <div class='ocr_carea' id='block_1_117' title="bbox 1895 5275 3545 5348">
    <p class='ocr_par' dir='ltr' id='par_1_117' title="bbox 1895 5275 3545 5348">
     <span class='ocr_line' id='line_1_119' title="bbox 1895 5275 3545 5348; baseline 0.001 -14"><span class='ocrx_word' id='word_1_865' title='bbox 1895 5275 2082 5348; x_wconf 61' lang='lat' dir='ltr'>Prop:</span> <span class='ocrx_word' id='word_1_866' title='bbox 2101 5280 2335 5335; x_wconf 66' lang='lat' dir='ltr'>{etatem</span> <span class='ocrx_word' id='word_1_867' title='bbox 2358 5280 2419 5332; x_wconf 86' lang='lat' dir='ltr'>in</span> <span class='ocrx_word' id='word_1_868' title='bbox 2450 5276 2832 5348; x_wconf 63' lang='lat' dir='ltr'>subsistentia</span> <span class='ocrx_word' id='word_1_869' title='bbox 2861 5275 3023 5332; x_wconf 80' lang='lat' dir='ltr'>Filii.</span> <span class='ocrx_word' id='word_1_870' title='bbox 3037 5275 3302 5348; x_wconf 80' lang='lat' dir='ltr'>formam</span> <span class='ocrx_word' id='word_1_871' title='bbox 3323 5277 3545 5335; x_wconf 76' lang='lat' dir='ltr'>intelli-</span> 
     </span>
    </p>
   </div>
   <div class='ocr_carea' id='block_1_118' title="bbox 1893 5344 3544 5422">
    <p class='ocr_par' dir='ltr' id='par_1_118' title="bbox 1893 5344 3544 5422">
     <span class='ocr_line' id='line_1_120' title="bbox 1893 5344 3544 5422; baseline -0.001 -15"><span class='ocrx_word' id='word_1_872' title='bbox 1893 5365 1967 5422; x_wconf 88' lang='lat' dir='ltr'>ge</span> <span class='ocrx_word' id='word_1_873' title='bbox 1977 5344 2317 5422; x_wconf 65' lang='lat' dir='ltr'>pbtemam.</span> <span class='ocrx_word' id='word_1_874' title='bbox 2345 5351 2421 5403; x_wconf 86' lang='lat' dir='ltr'>Ex</span> <span class='ocrx_word' id='word_1_875' title='bbox 2466 5346 2648 5402; x_wconf 81' lang='lat' dir='ltr'>veteri</span> <span class='ocrx_word' id='word_1_876' title='bbox 2666 5345 2843 5422; x_wconf 70' lang='lat' dir='ltr'>libro,</span> <span class='ocrx_word' id='word_1_877' title='bbox 2861 5351 2936 5422; x_wconf 85' lang='lat' dir='ltr'>_ut</span> <span class='ocrx_word' id='word_1_878' title='bbox 2951 5344 3137 5422; x_wconf 62' lang='lat' dir='ltr'>potui,</span> <span class='ocrx_word' id='word_1_879' title='bbox 3157 5345 3544 5422; x_wconf 76' lang='lat' dir='ltr'>bunclocum</span> 
     </span>
    </p>
   </div>
   <div class='ocr_carea' id='block_1_119' title="bbox 1893 5414 3542 5492">
    <p class='ocr_par' dir='ltr' id='par_1_119' title="bbox 1893 5414 3542 5492">
     <span class='ocr_line' id='line_1_121' title="bbox 1893 5414 3542 5492; baseline 0.002 -16"><span class='ocrx_word' id='word_1_880' title='bbox 1893 5414 2202 5477; x_wconf 70' lang='lat' dir='ltr'>restituere</span> <span class='ocrx_word' id='word_1_881' title='bbox 2223 5425 2475 5478; x_wconf 84' lang='lat' dir='ltr'>conatus</span> <span class='ocrx_word' id='word_1_882' title='bbox 2497 5432 2656 5473; x_wconf 88' lang='lat' dir='ltr'>sum.</span> <span class='ocrx_word' id='word_1_883' title='bbox 2677 5414 2834 5487; x_wconf 83' lang='lat' dir='ltr'>Lege</span> <span class='ocrx_word' id='word_1_884' title='bbox 2849 5414 3277 5475; x_wconf 79' lang='lat' dir='ltr'>Combeﬁsium</span> <span class='ocrx_word' id='word_1_885' title='bbox 3294 5419 3354 5477; x_wconf 92' lang='lat' dir='ltr'>in</span> <span class='ocrx_word' id='word_1_886' title='bbox 3371 5420 3542 5492; x_wconf 89' lang='lat' dir='ltr'>illud,</span> 
     </span>
    </p>
   </div>
   <div class='ocr_carea' id='block_1_120' title="bbox 1897 5511 2168 5564">
    <p class='ocr_par' dir='ltr' id='par_1_120' title="bbox 1897 5511 2168 5564">
     <span class='ocr_line' id='line_1_122' title="bbox 1897 5511 2168 5564; baseline 0.011 -20"><span class='ocrx_word' id='word_1_887' title='bbox 1897 5511 2168 5564; x_wconf 74' lang='grc' dir='ltr'>σωμάτων.</span> 
     </span>
    </p>
   </div>
  </div>
