4100 6196
564 310 669 366 599

1957 308 2014 365 S.
2057 305 2308 363 BASlLll
2342 305 2560 364 MAGNI

3833 309 3949 363 000

559 433 754 499 detur,
782 433 1005 505 quippe
1029 429 1176 506 quia
1194 429 1568 490 debilitatem
1601 434 1875 489 nostram
1902 435 2108 489 vestra
2163 433 2214 488 in

2337 438 2431 484 τοῦ
2478 437 2612 485 Θεοῦ
2651 431 2701 484 έν
2733 440 2796 506 τῇ
2845 439 2938 486 τοῦ
2983 434 3209 506 ὀργάνου
3268 428 3512 502 ἀσθενιὶᾳ
3559 428 3796 502 μάλιστα
3825 425 3948 482 διαε-

560 521 866 581 audiendo
887 521 1068 579 obedi
1109 521 1236 578 ntia
1264 521 1497 595 aliquid
1528 522 1588 577 in
1620 522 1892 579 medium
1914 523 2125 577 aﬁ‘erre
2154 535 2225 577 ac

559 613 757 670 dicere
789 613 1000 682 coegit,
1034 617 1100 668 ut
1125 612 1392 684 potentia
1425 611 1525 667 Dei
1557 611 1616 667 in
1661 611 1875 684 organi
1918 611 2229 667 debilitate

555 703 817 761 maxime
836 701 1214 759 elucescerst.
1227 704 1392 758 Forte
1407 703 1569 759 enim
1590 703 1670 760 ob
1686 719 1818 760 eam
1835 718 2082 759 causam
2105 699 2230 757 val-

555 793 630 851 de
643 793 978 850 abundavit
996 796 1204 848 nostra
1223 791 1524 860 debilitas,
1554 799 1616 849 ut
1639 793 1829 865 gloria
1852 792 2079 864 majore
2099 789 2224 847 afﬁ-

555 888 788 939 ceretur
807 881 911 954 qui
941 879 1108 954 quod
1139 879 1449 937 infirmum
1479 886 1571 942 est
1598 881 1968 938 corroborat.
1999 881 2107 946 Qui
2127 895 2226 936 ve-

554 987 622 1029 ro
643 969 805 1029 hanc
844 975 1118 1027 nostram
1152 969 1558 1027 celebritatem
1581 971 1837 1042 reduxit,
1866 976 1923 1027 et
1942 969 2222 1044 praeteriti

551 1061 698 1118 anni
729 1061 883 1117 votis
914 1060 1097 1116 ﬁnem
1123 1059 1310 1126 dedit,
1339 1065 1396 1117 et
1444 1060 1794 1117 succedenti
1823 1059 2082 1132 tempori
2111 1058 2221 1114 ini-

553 1152 704 1208 tium
733 1149 986 1220 largitus
1008 1155 1096 1205 est
1116 1149 1352 1216 (eadem
1378 1149 1539 1205 enim
1561 1149 1690 1205 dies
1715 1149 2084 1222 praeteritum
2104 1147 2213 1205 cir-

552 1239 760 1296 culum
823 1238 1001 1295 nobis
1056 1237 1358 1307 terminat,
1409 1241 1465 1295 et
1499 1253 1711 1294 rursus
1739 1237 2120 1311 insequentis
2150 1236 2218 1294 ﬁt

548 1327 832 1396 initium),
858 1326 964 1400 qui
983 1327 1161 1397 igitur
1186 1328 1722 1398 congregavitnos,
1739 1335 1796 1386 et
1813 1327 2016 1385 tribuit
2037 1342 2218 1383 usum

547 1417 1068 1479 futuri,conservet
1079 1431 1190 1472 nos
1202 1417 1264 1472 in
1279 1417 1604 1490 semetipso
1615 1417 2215 1488 illmsos,inotfensos,

547 1522 584 1564 a
603 1506 730 1580 lupi
758 1510 931 1579 raptu
961 1521 1238 1563 securos:
1261 1505 1586 1564 Ecclesiam
1612 1507 1791 1577 hanc,
1815 1523 1952 1581 qua:
1976 1506 2216 1577 magnis

546 1603 889 1669 martyrum
920 1595 1188 1652 turribus
1213 1595 1506 1664 munitur,
1541 1597 1843 1654 custodiat
1896 1598 2216 1653 inconcus-

548 1699 682 1742 sam
711 1702 724 1740 :
760 1685 1014 1742 insidias
1036 1701 1271 1755 omnes,
1295 1691 1352 1742 et
1380 1686 1643 1742 haeretici
1673 1686 1890 1743 furoris
1913 1685 2215 1743 assultum

545 1779 793 1833 avertat.
821 1775 1182 1832 Praetereain
1209 1776 1638 1849 tranquillitate
1667 1776 1841 1832 nobis
1865 1780 2124 1850 prmstet,
2150 1778 2215 1830 ut

545 1863 858 1920 discamus
884 1864 1134 1922 oracula
1163 1864 1392 1934 divina,
1425 1866 1760 1939 datamque
1787 1866 2041 1939 Spiritus
2073 1879 2212 1934 gra-

545 1954 691 2011 tiam
716 1954 1050 2013 doceamus
1079 1973 1092 2012 :
1121 1956 1268 2029 quia
1295 1956 1409 2029 ipsi
1431 1955 1621 2026 gloria
1641 1965 1697 2013 et
1717 1957 2043 2030 imperium
2067 1971 2209 2011 cum

545 2048 759 2103 sancto
811 2046 1054 2119 Spiritu,
1102 2061 1267 2104 nunc
1296 2052 1355 2107 et
1377 2063 1640 2122 semper,
1671 2053 1729 2106 et
1756 2048 1818 2106 in
1843 2045 2066 2104 saecula
2095 2060 2214 2102 sas-

545 2133 848 2193 culorum.
883 2139 1071 2192 Amen
1086 2178 1100 2192 .

1118 2343 1419 2400 HOMILIA
1455 2345 1635 2402 XXIV.

657 2450 887 2508 Contra
905 2450 1301 2520 Sabellianos,
1328 2456 1386 2509 et
1409 2452 1652 2519 Arium,
1681 2457 1737 2510 et
1761 2451 2098 2509 Anomaros.

624 2633 677 2685 t.
705 2630 940 2699 Pugnat
965 2627 1323 2685 Judaismus
1345 2644 1484 2686 cum
1517 2629 1890 2697 Hellenismo,
1943 2633 2002 2686 et
2048 2631 2212 2685 uter-

548 2733 670 2792 que
699 2734 839 2774 cum
871 2717 1355 2791 Christianismo,
1384 2718 1913 2791 quemadmodum
1943 2717 2207 2791 :Egyptii

553 2813 613 2866 et
631 2809 860 2881 Assyrii
882 2813 939 2865 et
967 2809 1080 2864 sibi
1102 2808 1365 2866 invicem
1411 2816 1470 2866 et
1495 2808 1692 2866 lsraeli
1748 2814 1919 2866 erant
1969 2808 2208 2865 infensi.

550 2901 638 2955 lta
666 2913 912 2971 quoque
936 2898 998 2954 in
1020 2897 1162 2954 vitio
1185 2899 1595 2972 comperimus
1628 2898 2006 2954 timiditatem
2028 2904 2210 2970 atque

547 2986 872 3044 audaciam
900 2987 1194 3044 etinterse
1225 3003 1518 3060 pugnare,
1553 2993 1609 3044 et
1628 2987 1964 3044 fortitudini
1999 2986 2211 3043 adver-

554 3077 694 3133 sari.
725 3075 880 3132 Talis
909 3077 1191 3150 quaedam
1223 3093 1433 3150 pugna
1457 3077 1640 3134 etiam
1670 3077 1746 3133 ad
1758 3093 1968 3132 versus
1985 3081 2212 3133 rectam

555 3164 1005 3263 confessionem
1038 3166 1508 3263 utrinque‘mota
1545 3171 1654 3235 est,
1685 3166 1830 3263 hinc
1861 3182 1898 3223 a
1929 3165 2210 3234 sabellio,
2241 3208 2281 3263 ϐ

551 3253 716 3310 illinc
764 3253 845 3311 ab
900 3254 973 3310 iis
1016 3257 1121 3327 qui
1149 3253 1507 3328 .prtedlcant
1568 3254 2065 3328 inaequalitatem.
2096 3257 2214 3312 Nos

552 3357 700 3399 vero
728 3343 885 3400 sicut
905 3343 1178 3400 ethnicos
1209 3345 1500 3414 fugimus,
1541 3349 1598 3401 et
1627 3344 1976 3417 improbum
2026 3344 2212 3400 simu-

551 3429 858 3488 lacrorum
881 3431 1109 3488 cultum
1132 3449 1346 3489 sumus
1375 3433 1659 3498 aversati,
1685 3438 1744 3490 et
1772 3432 2028 3490 deorum
2060 3432 2213 3489 mul-

554 3519 874 3578 titudinem
903 3537 1091 3594 quam
1119 3521 1417 3578 inducunt
1462 3523 1714 3596 impiam
1745 3538 1875 3579 esse
1921 3521 2217 3593 judicavi-

554 3623 696 3665 mus
744 3625 760 3667 :
809 3609 896 3666 sic
951 3625 1198 3682 quoque
1247 3611 1594 3668 Judceorum
1626 3611 1838 3668 Filium
1863 3611 1962 3668 Dei
1991 3626 2216 3682 negan-

554 3697 708 3755 tium
735 3697 1071 3770 refugimus
1088 3699 1555 3774 blasphemiam,
1588 3701 1760 3758 veriti
1779 3699 2215 3758 scilicetminas

555 3787 691 3845 illas
714 3804 728 3845 :
760 3789 1512 3860 Quinegaveritmeeoram
1535 3791 1893 3863 hominibus,
1915 3791 2142 3864 negabo
2157 3796 2214 3849 et

557 3892 664 3949 ego
717 3893 852 3936 eum
900 3895 1106 3938 coram
1152 3881 1339 3938 Patre
1391 3896 1541 3952 meo,
1604 3883 1800 3954 quiin
1831 3883 1995 3940 εωιίε
2025 3889 2110 3940 est
2141 3882 2210 3936 3*.

557 3967 886 4040 Fugiamus
934 3969 1134 4042 igitur,
1166 3975 1370 4043 utpar
1417 3975 1529 4037 est,
1579 3985 1686 4027 eos
1742 3971 1924 4028 etiam
1977 3971 2082 4044 qui
2119 3971 2212 4028 his

556 4062 818 4129 cognata
840 4057 1132 4129 dogmata
1147 4064 1362 4116 contra
1381 4059 1646 4117 veritatis
1675 4059 2016 4116 doctrinam
2039 4075 2213 4117 exco-

557 4147 768 4219 gitant.
801 4149 1128 4221 Postquam
1158 4147 1319 4204 enim
1352 4147 1606 4205 callidus
1629 4147 1722 4204 ille
1761 4147 1840 4206 ad
1866 4148 2211 4206 nocendum

555 4234 836 4293 diabolus
878 4235 1249 4294 Christianos
1288 4236 1438 4294 vidit
1465 4237 1745 4293 aJudaais
1769 4253 1840 4294 ac
1883 4236 2211 4307 gentilibus

558 4323 914 4391 abalienari,
947 4326 1272 4400 statimque
1291 4325 1560 4384 infensos
1581 4341 1692 4384 nos
1711 4326 1830 4384 illis
1851 4341 1987 4384 esse
2015 4327 2208 4385 nomio

558 4426 710 4469 num
729 4429 920 4472 causa
945 4431 960 4481 ;
991 4415 1282 4489 imposito
1304 4417 1572 4490 utrisque
1591 4417 1838 4474 nomine
1865 4423 2094 4488 nostro,
2128 4415 2213 4474 sic

557 4515 770 4558 rursus
786 4504 812 4558 J
821 4501 1102 4562 udaicam
1122 4505 1550 4563 inﬁciationem
1565 4521 1638 4563 ac
1656 4521 1770 4576 gen
1779 4506 1940 4564 tilem
1959 4506 2214 4564 deorum

559 4590 1008 4649 multitudinem
1032 4592 1414 4651 introducere
1439 4601 1711 4652 conatur.
1733 4596 1844 4663 Qui
1874 4596 2036 4653 enim
2071 4595 2210 4652 Uni-

557 4678 832 4752 genitum
881 4679 1091 4738 dicunt
1130 4697 1287 4754 opus
1337 4683 1437 4740 Dei
1493 4699 1627 4740 esse
1657 4692 1838 4758 atque
1888 4684 2208 4752 facturam,

559 4767 780 4826 deinde
807 4768 1083 4840 adorant,
1114 4776 1171 4828 et
1200 4770 1364 4828 velut
1389 4775 1576 4828 Deum
1607 4773 2033 4845 protitentur;ii
2063 4773 2211 4830 dum

559 4858 1275 4932 coluntcreaturam,non
1292 4861 1657 4931 Creatorem,
1673 4867 1877 4937 aperte
1897 4863 2212 4936 gentilium

633 5023 678 5060 ³¹
705 5021 908 5082 Matth.
937 5038 999 5093 Χ,
1037 5025 1128 5081 33.

633 5193 709 5264 (3)
748 5192 899 5249 Editi
968 5191 1444 5270 ἀποστρέψειεν-έν
1481 5193 1746 5270 ,ἠσυχίᾳε
1797 5196 2078 5270 παράσχοι
2118 5193 2215 5270 ’δι

559 5265 707 5339 ἡμῖν,
725 5271 963 5322 avertat
983 5267 1044 5323 in
1071 5265 1543 5339 tranquillitate,
1564 5265 1676 5324 etc.
1703 5265 1883 5338 'Regl
1909 5265 2215 5326 secundus

559 5336 625 5391 ut
653 5336 716 5391 in
753 5342 1059 5393 contextu.

630 5407 709 5486 (4)
755 5409 892 5486 Reg:
950 5408 1277 5474 secundus,
1335 5409 1470 5486 κατὰ
1494 5407 1787 5486 Σ-αϐιλλίου,
1859 5414 1948 5465 καὶ
1991 5410 2211 5486 Ἀρείου,

559 5481 653 5559 καί
715 5485 814 5559 1:5?
852 5480 1172 5559 LAvo‘u‘oteov.
1225 5486 1325 5534 Καὶ
1367 5481 1606 5559 *ἀκριςημς
1658 5482 1897 5559 θεολογία
1970 5480 2215 5559 περὶτῆς

561 5546 1306 5623 ἀγίαςΤριάὸος,Ἀιίι’8ν8ῑι3
1353 5546 1708 5623 Sabellium,
1737 5546 1820 5611 ρι’
1861 5546 2101 5623 Ανὶαὴι,
2159 5546 2214 5613 et

560 5620 893 5676 Anomaeos.
943 5625 1128 5693 Atque
1179 5623 1480 5696 theologia
1531 5620 1822 5683 accurata
1877 5633 1952 5684 de
2002 5620 2214 5686 sancta

2337 529 2490 594 φανῇ.
2546 523 2704 593 Τάχα
2738 525 2837 597 γὰρ
2889 519 2985 575 δ’ιά
3025 528 3179 574 τοῦτο
3228 521 3727 594 ὑπερεπερίσσευσεν
3794 521 3947 591 ἡμῶν

2334 615 2393 663 τό
2433 609 2661 677 ἀσθενὲς,
2716 614 2798 663 ἳνα
2843 609 2928 664 έπί
2978 611 3150 664 πλεῖον
3189 606 3424 680 δοξασθῇ
3473 609 3501 660 ὀ
3537 613 3596 660 τό
3629 607 3835 669 ἀσθενὲς
3867 606 3946 661 ἰν-

2334 703 2561 773 ισχύων.
2600 699 2660 752 Ὁ
2721 697 2782 753 δέ
2817 705 3151 775 περιαγαγὼν
3190 702 3334 772 ἡμῶν
3378 702 3472 756 τὴν
3498 717 3790 772 πανηγυριν
3820 700 3948 777 ταύο

2330 809 2446 854 την,
2487 795 2578 842 καὶ
2628 794 2786 866 πέρας
2816 787 2945 852 δούς
2985 797 3100 853 ταῖς
3141 795 3446 863 περυσιναῖς
3495 787 3704 860 εὐχαῖς,
3735 793 3828 840 καὶ
3854 807 3939 842 κει

2332 879 2497 952 φαλὴν
2545 875 2674 942 δούς
2715 888 2789 950 τῷ
2841 878 3038 932 ἐπιόντι
3093 885 3273 954 χρόνῳ
3327 879 3378 949 (ἡ
3432 879 3534 951 γὰρ
3591 876 3721 935 αὐτὴ
3767 879 3942 952 ἡμέρα

2329 969 2496 1042 ὁρίζει
2552 971 2678 1042 ἡμῖν
2734 973 2822 1021 τόν
2865 969 3188 1044 παρελθόντα
3232 966 3440 1032 κύκλον,
3488 971 3580 1019 καὶ
3619 965 3810 1038 κεφαλή
3863 971 3944 1038 γίο

2327 1077 2469 1112 νεται
2538 1057 2693 1110 πάλιν
2739 1065 2812 1128 τῷ
2870 1057 3243 1132 ἐπερχομένῳ),
3299 1057 3326 1108 ὁ
3376 1061 3575 1109 τοίννυν
3619 1053 3942 1120 ὶπισυιάξας

2327 1151 2419 1200 καὶ
2476 1149 2839 1222 χαρισάμενος
2893 1154 2985 1200 τοῦ
3033 1147 3306 1219 μέλλοντος
3348 1149 3441 1204 τὴν
3488 1143 3767 1218 ἐνέργειαν,
3820 1141 3942 1200 3w:-

2328 1236 2591 1309 φυλάξειεν
2648 1238 2786 1308 ἡμᾶς
2853 1234 2902 1288 ἐν
2970 1235 3110 1307 αὐτῷ
3159 1233 3416 1300 ἀϐλαϐεῖς,
3500 1232 3940 1308 ἀνεπηρεάστους,

2326 1326 2426 1378 ὑπό
2491 1331 2582 1378 τού
2638 1325 2797 1378 λύκου
2837 1321 3254 1400 ἀδιαρπάκτουςο
3301 1325 3548 1376 ἄσειστον
3586 1326 3681 1381 τήν
3712 1323 3941 1382 Ἐκκλη-

2328 1420 2449 1468 σίαν
2517 1417 2734 1482 ταύτην,
2795 1418 3181 1489 φρουρουμένην
3237 1415 3349 1475 τοίς
3400 1411 3643 1486 μεγάλοις
3705 1415 3934 1488 πύργοις

2323 1513 2426 1558 τῶν
2501 1507 2779 1580 μαρτύρων
2830 1501 3198 1578 διατηρήσειε.
3261 1509 3443 1556 Πᾶσαν
3495 1500 3774 1560 ἐπιϐουλὴν
3852 1509 3948 1558 καὶ

2323 1594 2620 1669 προσϐολὴν
2697 1602 2968 1668 αἰρετικῶν
3033 1594 3374 1668 μηνιαμάτων
3433 1590 3826 1666 ἀποστρέψειεν·
3888 1591 3941 1646 ἐν

2321 1687 2537 1758 ἠσυχίᾳ
2595 1681 2654 1737 δι
2718 1686 2996 1759 παράσχοι
3053 1685 3178 1756 ἡμῖν
3207 1686 3282 1753 (3)
3315 1678 3680 1736 διδάσκεσθαι
3707 1684 3774 1734 τὰ
3814 1683 3931 1736 θιῐα

2322 1774 2496 1846 λόγια,
2549 1778 2641 1827 καὶ
2699 1769 2980 1826 διδάσκειν
3006 1776 3099 1832 τὴν
3132 1771 3619 1846 ἑπιχορηγουμένην
3643 1772 3806 1844 χάριν
3841 1779 3936 1824 τοῦ

2322 1866 2636 1936 Πνεύματος·
2697 1863 2778 1914 ὅτι
2834 1863 2978 1934 αὐτῷ
3032 1863 3064 1920 ἠ
3109 1858 3242 1925 δόξα
3276 1865 3368 1914 καὶ
3405 1863 3464 1913 τὸ
3495 1859 3685 1934 κράτος
3719 1863 3815 1912 σύν
3856 1869 3932 1930 τῷ

2322 1953 2455 2026 ἀγὶῳ
2507 1955 2764 2025 Πνεύματι
2810 1959 2900 2006 νῦν
2955 1956 3046 2006 καὶ
3099 1950 3198 2021 ἀεὶ,
3229 1955 3321 2005 καὶ
3346 1950 3422 2013 εἰς
3445 1953 3567 2012 τοὺς
3599 1949 3786 2011 αἰῶνας
3821 1958 3931 2003 τῶν

2322 2044 2541 2100 αἰώνων.
2579 2042 2764 2116 Ἀμήν.

2918 2341 3166 2391 ΟΜΙΛΙΑ
3209 2333 3326 2393 ΚΔ’.

2987 2449 3077 2498 καὶ
3143 2444 3370 2518 Ἀρείου,

2969 2538 3130 2607 μοίων

2321 2447 2470 2502 Κατά
2539 2443 2905 2518 Σαϐελλιανῶν,
2987 2449 3077 2498 καὶ
3143 2444 3370 2518 Ἀρείου,
3449 2448 3539 2497 καὶ⁹
3609 2451 3708 2498 τῶν
3784 2441 3934 2498 Ἀνο-

2391 2646 2442 2700 1.
2504 2644 2752 2714 Μάχεται
2795 2637 3133 2714 Ἰουδαίσμὸς
3181 2640 3525 2714 Ἑλληνισμῷ,
3575 2644 3664 2694 καὶ
3695 2639 3933 2713 ἀμφότε-

2317 2751 2402 2810 ροι
2452 2739 2880 2806 Χριστιανισμῲ,
2922 2733 3096 2805 ὥσπερ
3155 2731 3442 2803 Αἰγύπτιοι
3506 2736 3596 2784 καὶ
3648 2731 3934 2806 ’Δσσύριοι

2317 2827 2408 2876 καὶ
2461 2820 2700 2884 ἀλλήλοις
2734 2817 2869 2881 ἦσαν
2929 2821 3168 2894 πολέμιοι
3217 2825 3309 2874 καὶ
3359 2821 3430 2890 τῷ
3472 2819 3705 2893 Ἰσραήλο
3741 2820 3806 2880 ὡς
3833 2823 3932 2873 καὶ

2319 2911 2403 2966 ἐπὶ
2450 2921 2542 2973 τῆς
2590 2914 2775 2972 κακίας
2823 2911 3128 2986 ιύρίσκομεν
3185 2906 3382 2962 δεῖλίαν
3433 2914 3522 2962 καὶ
3580 2911 3771 2983 Θράσος
3833 2917 3932 2965 καὶ

2319 3001 2559 3065 ἀλληλοις
2588 3006 2927 3075 αντικείμενα,
2960 3005 3049 3054 καὶ
3079 3008 3140 3074 τῇ
3177 2997 3308 3076 ἀνρὸ
3315 3006 3386 3074 ia}.
3409 3004 3635 3060 Τοιαύτη
3680 3007 3760 3062 τίς
3808 3000 3934 3054 ἐστι

2319 3097 2410 3146 καὶ
2469 3095 2599 3167 πρὸς
2649 3097 2744 3150 την
2797 3089 3061 3166 ὀρθότητα
3100 3097 3192 3151 τῆς
3259 3090 3530 3164 ὁμολογίας
3610 3088 3931 3164 ἑκατέρωθεν

2320 3186 2670 3255 παρακειμένη
2725 3182 2904 3253 μάχηο
2959 3178 3184 3233 ἐντεῦθεν
3263 3183 3354 3253 μὲν
3435 3178 3730 3248 Σαϐελλίου,
3816 3178 3932 3234 ἰτέα-

2320 3273 2479 3345 ρωθεν
2529 3266 2589 3322 δὲ
2626 3278 2726 3322 τῶν
2786 3273 2844 3322 τό
2913 3267 3152 3342 ἀνόμοιον
3183 3273 3571 3344 κηρυσσόντων.
3631 3269 3809 3341 Ἠμεῑς
3840 3265 3929 3342 δέ,

2321 3362 2496 3433 ὥσπερ
2559 3356 2884 3431 ἀπεφύγομεν
2935 3357 3208 3426 Ἕλληνας,
3262 3363 3352 3411 καὶ
3419 3363 3513 3417 τὴν
3570 3360 3802 3432 πονηρὰν
3857 3357 3938 3411 εἰ-

2321 3443 2698 3522 δωλολατριίαν
2747 3452 2824 3516 (5)
2881 3446 3249 3522 ἐξετράπημεν,
3291 3453 3382 3501 καὶ
3439 3451 3496 3500 τό
3549 3447 3796 3501 πολύθεον
3835 3447 3941 3500 αὐ-

2321 3545 2420 3590 τῶν
2503 3539 2653 3590 ἄθεον
2733 3533 2864 3590 εἶναι
2934 3542 3278 3611 κατέγνωμενο
3355 3538 3522 3600 οὕτως
3597 3536 3938 3610 ἀπιφύγομετ

2321 3631 2412 3680 καὶ
2457 3632 2552 3684 τὴν
2608 3635 2707 3679 τῶν
2751 3623 3025 3680 Ἰουδαίων
3057 3626 3402 3700 βλασφημίαν
3451 3636 3549 3679 τῶν
3569 3629 3655 3680 τόν
3685 3630 3804 3679 Υίόν
3835 3633 3939 3678 τοῦ

2323 3725 2458 3772 Θεοῦ
2515 3716 2860 3791 ἀρνουμένων,
2921 3717 3228 3790 φοϐηθέντες
3282 3719 3477 3776 ἐκείνην
3536 3722 3629 3776 τὴν
3685 3715 3933 3774 ἀπειληνο

2319 3806 2411 3868 Ὃς
2462 3805 2522 3859 ἀν
2590 3805 2886 3880 ἀρνήσηταί
2952 3811 3030 3878 (ϐ)
3085 3827 3148 3880 με
3197 3810 3484 3883 ἔμπροσθεν
3542 3815 3640 3860 τῶν
3719 3804 3938 3880 ἀνθρὼ-

2320 3916 2453 3961 πων,
2534 3894 2910 3970 ἀπαρνήσομαι
2986 3897 3141 3950 αὐτὸν
3217 3897 3363 3968 κάγὼ
3457 3897 3748 3971 ἔμπροσθεν
3833 3904 3938 3949 τοῦ

2320 3989 2526 4059 Πατρός
2599 4005 2700 4058 μου
2764 3981 2856 4039 τοῦ
2930 3984 2977 4038 ἐν
3053 3986 3312 4062 οὐρανοῖς.
3381 3989 3646 4059 ⁴Ρεύγωμεν
3700 3982 3768 4044 δὴ
3812 3981 3933 4054 οὖν,

2320 4075 2386 4136 ὠς
2428 4078 2488 4128 τὸ
2541 4079 2700 4144 εἰκός,
2750 4080 2840 4128 καὶ
2877 4078 2996 4136 τούς
3051 4077 3120 4128 τὰ
3168 4085 3391 4149 συγγενῆ
3426 4078 3628 4136 τούτοις
3665 4078 3804 4127 κατά
3832 4083 3938 4131 τοῦ

2317 4163 2474 4236 λόγου
2548 4172 2640 4226 τῆς
2707 4162 2948 4226 ἀληθείας
3011 4163 3487 4238 έπεξευρίσκοντας.
3558 4160 3767 4222 Ἐπειδὴ
3820 4165 3936 4239 γὰρ

2320 4251 2455 4308 εἶδεν
2507 4255 2534 4306 ό
2583 4258 2738 4326 σοφὸς
2802 4262 2895 4307 τοῦ
2960 4263 3320 4314 κακοποιῆσαι
3376 4251 3620 4316 διάϐολος
3666 4259 3762 4313 τὴν
3793 4257 3938 4327 πρὸς

2318 4343 2568 4406 Ἕλληνας
2612 4349 2702 4396 καὶ
2745 4340 3035 4406 Ἰουδαίους
3085 4352 3186 4397 τῶν
3255 4352 3584 4420 Χριστιανῶν
3649 4343 3939 4419 ἀλλοτρίω-

2324 4452 2426 4500 σιν,
2469 4440 2561 4487 καὶ
2613 4436 2696 4486 ότι
2748 4433 2896 4496 εὐθὺς
2965 4433 3021 4487 ἐκ
3077 4443 3177 4488 τῶν
3234 4434 3500 4509 ὀνομάτων
3555 4437 3745 4508 ἔχομεν
3798 4439 3937 4510 πρὸς

2320 4522 2512 4586 αὐτοὺς
2564 4522 2819 4596 πολεμίως
2871 4527 2964 4594 (7),
3015 4527 3074 4576 τὸ
3114 4525 3361 4599 ἡμέτερον
3411 4525 3606 4588 mea;
3663 4523 3938 4599 ἑκατέροις

2321 4615 2502 4684 ὄνομα,
2547 4616 2706 4674 ούτως
2758 4611 3050 4685 ἐπεισάγειν
3095 4612 3353 4690 ἐπιχειρεί
3407 4614 3562 4667 πάλιν
3626 4618 3722 4672 τὴν
3805 4613 3919 4668 ’1ου

2322 4697 2512 4761 δαίκην
2569 4703 2814 4775 ἄρνησιν,
2850 4707 2942 4755 καὶ
2995 4707 3090 4760 τὴν
3149 4701 3449 4762 Ἑλληνικὴν
3505 4702 3804 4756 πολυθεῐαν.
3858 4704 3935 4756 Οἱ

2319 4794 2408 4864 μὶν
2459 4794 2558 4865 γὰρ
2608 4794 2754 4867 ἔργον
2805 4799 2940 4846 Θεοῦ
2994 4788 3125 4845 εἶναι
3197 4792 3424 4865 λέγοντες
3490 4796 3578 4846 τὸν
3632 4799 3928 4864 Moror/svi,

2319 4885 2410 4934 καὶ
2480 4885 2707 4955 ποίημα,
2773 4879 2885 4936 εἶτα
2946 4890 3357 4959 προσκυνοῦντις
3445 4888 3537 4938 καὶ
3622 4881 3932 4956 θεολογοῡνο

2331 5203 2648 5261 Trinitate.

2394 5277 2487 5350 (5)_
2508 5276 2602 5350 βίᾳ
2632 5279 2865 5350 yeteres
2885 5274 3156 5350 quinque
3176 5274 3335 5332 libri.
3359 5275 3506 5332 Editi
3530 5281 3619 5329 καὶ
3639 5284 3736 5339 τῆς
3763 5295 3928 5334 πονη-

2322 5343 2417 5420 ρᾶς
2448 5343 2894 5420 εἰδωλολατρείας.

2394 5423 2474 5486 (6)
2509 5417 2750 5494 Etlllluaé
2792 5417 3103 5494 ἀρνήσεται.-
3143 5424 3215 5475 At
3251 5424 3518 5494 quatuor
3563 5419 3829 5494 mss._uti
3859 5419 3928 5474 in

2325 5495 2628 5565 contentu.
2656 5489 3011 5565 Mox.b_o«_t_cx
3045 5489 3300 5565 Clarom‘.
3327 5489 3662 5565 apricogar
3681 5489 3845 5565 xit-74».

2397 5565 2476 5630 (7)
2501 5563 2662 5644 Unus
2690 5577 2804 5644 nis.
2827 5562 2993 5618 Colb.
3048 5563 3234 5623 αὐτούς
3258 5547 3498 5636 πόλεμον.
3543 5547 3920 5620 Codex'Cla-
3986 5615 3999 5629 ,

2323 5645 2476 5687 rom.
2505 5640 2761 5702 πολεμεῖν,
