4100 6196
262 262 372 319 σοι

916 263 1153 322 HOMIL.
1193 263 1474 321 CONTRA
1513 260 2012 330 SABELLIANOS,
2050 263 2137 320 ΕΤ
2170 265 2415 334 ABIUH,
2455 265 2543 322 ET
2576 260 2980 322 ANOMCEOS.

3525 263 3632 322 608

261 403 354 448 τες
380 385 482 456 (8),
518 381 569 437 ἓν
613 391 710 439 τοῦ
748 385 1009 461 λατρεύειν
1054 395 1116 461 τῇ
1159 392 1346 456 κτίσει,
1390 392 1482 441 καὶ
1522 391 1594 461 μὴ
1638 393 1712 458 τῷ
1759 386 1857 439 κτί‹

1985 397 2214 445 errores
2242 385 2668 447 introducunt:
2701 387 2805 462 qui
2847 403 2989 444 vero
3029 389 3218 444 Deum
3255 401 3330 444 ex
3368 385 3490 445 Deo
3529 395 3633 446 ne-

267 495 440 541 σαντι,
491 479 560 528 τόι
611 483 710 528 τῶν
763 475 1012 534 Ἑλλήνων
1063 479 1310 554 ἄντικρυς
1367 473 1770 549 ίπεισάγουσιν’
1821 478 1870 529 οἱ

261 561 328 618 ἃ
374 569 466 617 τὸν
526 563 583 617 ἐκ
635 572 772 619 Θεοῦ
820 570 943 620 Θεον
984 571 1062 638 (9)
1120 567 1460 643 ἀρνούμενοι,
1513 572 1604 619 καὶ
1656 565 1870 639 ὀνόματι

257 659 355 727 μὲν
401 653 783 726 ὁμολογοῦντες
834 658 992 721 Υἱὸν,
1047 659 1183 730 ἔργῳ
1241 653 1301 711 δι
1358 653 1447 710 καὶ
1505 655 1720 729 ἀληθείᾳ
1773 659 1869 714 τὴν

256 743 489 818 ὕπαρξιν
560 742 860 808 ἀθετοῦντες
889 783 903 810 ,
966 749 1054 798 τόν
1121 743 1457 818 ’ἰονδαῐσμόν
1520 745 1674 799 πάλιν
1741 744 1868 798 ἀνα-

253 841 519 888 νεοῦνται.
567 838 669 888 Καὶ
715 837 818 907 γάρ
861 836 984 887 ὃταν
1031 835 1324 908 ὁμολογῶσι
1369 840 1558 907 Λόγον,
1587 844 1658 906 τῷ
1689 831 1868 888 ἐνδια-

253 924 391 994 θὲτῳ
461 924 623 976 αὐτόν
703 924 1088 999 παρεικάζουσι
1122 944 1136 960 ο
1201 930 1291 978 καὶ
1369 929 1552 997 σοφίαν
1615 924 1864 996 λέγοντες,

251 1013 446 1084 ὁμοίαν
494 1010 626 1065 εἶναι
671 1011 886 1084 λίγουσι
925 1022 984 1086 τῇ
1018 1014 1117 1076 ἔξει
1145 1023 1208 1087 τῇ
1243 1013 1293 1066 ἄν
1322 1013 1476 1087 ψυχῇ
1525 1021 1627 1066 τῶν
1673 1033 1866 1066 πεπαι-

248 1097 524 1174 δευμένων
571 1106 965 1175 συνισταμένη·
1010 1107 1102 1155 καὶ
1157 1099 1252 1156 διὰ
1296 1110 1450 1155 τοῦτο
1501 1107 1780 1176 πρόσωπον
1818 1102 1866 1155 ἓν

247 1194 462 1265 Πατρός
510 1195 603 1243 καὶ
649 1191 796 1260 Υἰοῦ,
846 1188 1030 1252 ἐπειδὴ
1077 1198 1169 1246 καὶ
1216 1195 1489 1266 ἄνθρωπος
1530 1193 1604 1254 εἷς
1641 1193 1862 1265 λέγεται,

243 1280 306 1333 αὖ
357 1277 736 1354 διαιρούμενος
785 1280 888 1335 ἀπὸ
937 1289 1028 1334 τοῦ
1083 1282 1474 1357 ἐνυπάρχοντος
1519 1282 1660 1352 αὐτῷ
1707 1281 1863 1354 λόγου

237 1373 336 1422 καί
383 1377 485 1431 τῆς
538 1375 746 1444 σοφίας.
797 1376 983 1425 Καίτοι
1030 1373 1057 1424 6
1111 1373 1230 1443 (lli)
1289 1371 1662 1444 εὐαγγελιστης
1713 1371 1864 1435 εὐθὺς

237 1457 296 1510 ix
355 1463 656 1533 προοιμίων
712 1458 854 1532 βοᾷ·
919 1466 1018 1514 Καὶ
1075 1464 1206 1523 Θεὸς
1262 1457 1336 1519 ἧν-
1377 1463 1404 1513 6
1451 1465 1661 1532 Λόγος,
1721 1457 1861 1513 ἰδίαν

237 1548 474 1623 ὕπαρξιν
532 1545 722 1610 διδοὺς
786 1547 860 1621 τῷ
905 1555 1027 1621 Υίῷ.
1086 1550 1147 1602 Εἰ
1197 1551 1296 1625 γὰρ
1352 1549 1401 1602 ἕν
1461 1547 1659 1624 καρδιᾳ
1720 1547 1783 1608 ἦν
1836 1551 1862 1604 ὁ

237 1641 443 1710 Λόγος,
507 1645 622 1700 πῶς
674 1638 736 1691 ἂν
789 1639 977 1698 ἐνοήθη
1035 1643 1202 1706 Θεός;
1250 1658 1359 1702 πως
1411 1635 1462 1691 δ’
1514 1638 1574 1691 ἀν
1628 1636 1690 1697 ἦν
1735 1643 1862 1715 πρός

236 1731 326 1781 τόν
359 1731 499 1782 Θεόν
528 1746 542 1792 ς
575 1724 788 1786 Ἐπειδὴ
819 1732 935 1782 οὔτε
964 1730 990 1782 ὁ
1017 1728 1065 1781 ἐν
1095 1727 1349 1805 ἀνθρώπῳ
1378 1727 1532 1800 λόγος
1573 1730 1860 1805 ἄνθρωπος,

239 1820 364 1870 οὔτε
423 1821 558 1892 πρὸς
609 1817 758 1870 οὖτόν
807 1816 938 1872 εἶναι
987 1817 1207 1890 λέγεται,
1259 1816 1370 1870 ἀλλ’
1423 1815 1472 1871 ὶν
1519 1817 1678 1890 αὐτῷ.
1731 1822 1862 1873 Οὔτε

236 1909 346 1982 γὰρ
400 1906 508 1968 ζῶν
557 1905 721 1973 ἔστιν,
773 1911 892 1960 οὔτε
919 1908 1187 1979 ὑφεστὼς·
1220 1908 1247 1959 6
1287 1902 1347 1960 δι
1382 1914 1476 1959 τοῦ
1513 1915 1649 1961 Θεοῦ
1692 1911 1862 1980 Λόγος

240 1997 357 2057 ζωή
418 1994 537 2048 ἔστι
582 1999 674 2047 καὶ
725 1993 962 2054 ἀλήθεια.
998 2000 1099 2049 Καὶ
1147 1997 1173 2050 6
1215 2000 1307 2068 μὲν
1353 1995 1506 2067 λόγος
1543 1997 1570 2047 6
1618 1999 1861 2070 ἡμέτερος

239 2086 381 2159 ὁμοῦ
411 2103 466 2137 τε
496 2083 686 2157 ἐλέχθη
718 2085 810 2138 καί
834 2085 929 2139 οὐκ
957 2087 1071 2138 ἔστι
1098 2106 1112 2120 ·
1145 2089 1262 2159 περὶ
1293 2081 1353 2138 δε
1380 2093 1474 2139 τοῦ
1516 2093 1651 2140 Θεοῦ
1687 2091 1858 2159 Λόγον

237 2178 298 2226 τί
347 2192 508 2246 φησιν
554 2175 581 2227 6
628 2174 874 2249 ψαλμός;
907 2175 995 2238 Εἰς
1039 2178 1129 2228 τὸν
1167 2175 1350 2244 αἰῶνα,
1399 2178 1580 2252 Λύριε,
1612 2178 1638 2229 ὁ
1686 2182 1861 2250 Λόγος

241 2281 352 2316 σου
387 2259 620 2336 διαμένει
649 2262 699 2316 ἐν
729 2271 802 2336 τῷ
833 2264 1052 2338 οὐρανῷ.

313 2355 377 2409 2.
422 2357 525 2406 Καὶ
572 2353 797 2407 ἐντεῦθεν
844 2357 935 2427 μεν
978 2354 1125 2416 οὗτος
1152 2355 1179 2407 6
1206 2353 1466 2428 πόλεμος·
1517 2355 1756 2429 ἑτέρωθεν
1798 2352 1859 2409 6's

233 2446 322 2503 τίς
369 2446 464 2494 καὶ
511 2446 661 2504 ποῖός
707 2441 848 2496 ἐστιν
891 2444 918 2495 6
959 2445 1095 2496 κατὰ
1137 2452 1228 2504 τῆς
1259 2442 1495 2505 ἀληθείας
1535 2441 1712 2516 ἀγὼν;
1752 2447 1858 2502 Τὴν

235 2533 336 2606 μὲν
387 2531 610 2606 ὓπαρξιν
666 2540 1034 2606 συγχωροῦσι.
1083 2536 1172 2585 καὶ
1218 2530 1358 2586 ἴδιον
1405 2530 1536 2586 εἶναι
1579 2538 1858 2609 πρόσωπον

235 2620 397 2686 Υἰοῦ,
442 2626 535 2673 καὶ
576 2617 717 2675 ἴδιον
769 2627 972 2696 Πατρός
1016 2624 1337 2676 συντίθενται
1363 2645 1376 2657 ·
1408 2621 1751 2696 ἀνομοιότηνα
1799 2619 1859 2678 δι

237 2717 339 2771 τῆς
392 2714 600 2782 φύσεως
644 2713 1050 2785 παρεισάγουσι.
1110 2717 1212 2766 Καὶ
1259 2715 1319 2765 τό
1369 2719 1463 2766 τοῦ
1515 2712 1640 2766 Υἰοῡ
1697 2717 1859 2786 ὄνομα

239 2804 416 2874 μέχρι
472 2807 642 2871 φωνῆς
696 2809 1062 2876 συγχωροῦσι,
1093 2809 1152 2874 τῇ
1207 2798 1267 2854 δὲ
1320 2799 1534 2874 ἀληθείᾳ
1584 2805 1709 2877 πρὸς
1761 2806 1858 2862 τὴν

239 2894 430 2943 κτίσιν
476 2889 602 2942 αὐτὸ
659 2892 977 2963 κατάγουσιν
1005 2911 1020 2926 ·
1068 2891 1129 2945 οὗ
1174 2888 1574 2966 δυσωπούμενοι
1619 2898 1710 2951 τήν
1754 2912 1861 2964 φω-

238 2984 340 3037 νὴν
383 2987 477 3031 τοῦ
517 2983 736 3054 Κυρίου,
787 2979 967 3033 ἑαυτόν
1010 2977 1412 3055 προδεικνύντος
1459 2989 1532 3052 τῷ
1581 2984 1715 3056 πρὸς
1762 2985 1855 3040 τὴν

1983 484 2148 545 gent,
2170 489 2228 534 et
2248 480 2492 535 nomine
2523 477 2768 552 quidem
2807 479 2980 549 190
3009 476 3218 533 Filium
3249 475 3632 545 conﬁtentur,

1981 565 2089 620 sed
2130 568 2330 640 rnipsa
2355 574 2414 625 et
2460 584 2596 624 vere
2640 567 3090 624 subsistentiam
3137 566 3267 636 ejus
3297 564 3564 638 abolent,
3593 566 3631 624 ii

1980 669 2190 711 rursus
2235 657 2620 713 Judaismum
2653 661 2970 712 renovant.
3003 657 3150 711 Cum
3181 653 3342 710 enim
3373 653 3634 712 Verbum

1979 745 2360 810 conﬁtentur.
2393 746 2596 819 ipsum
2649 749 3008 819 comparant
3057 759 3195 799 cum
3245 758 3318 799 eo
3365 743 3534 816 quod
3569 744 3632 802 in

1977 841 2178 890 mente
2208 836 2541 908 concipitur
2583 834 2802 900 verbo;
2833 848 3096 906 cumque
3141 831 3499 905 sapientiam
3536 833 3633 888 di-

1978 930 2139 994 cunt,
2164 925 2534 996 consimilem
2567 940 2700 980 esse
2727 924 2934 979 dicunt
2954 921 3184 979 babitui
3206 921 3310 994 qui
3333 921 3396 976 in
3425 921 3634 978 anima

1978 1020 2183 1068 manet
2205 1015 2597 1070 eruditorum.
2623 1016 2690 1070 Et
2716 1013 2939 1069 idcirco
2962 1029 3147 1068 unam
3175 1025 3498 1083 personam
3526 1010 3633 1067 Pa-

1977 1103 2081 1158 tris
2113 1108 2169 1158 et
2212 1103 2337 1158 Filii
2369 1104 2746 1175 proﬁtentur,
2777 1101 2944 1174 quod
2975 1101 3158 1157 homo
3188 1115 3434 1172 quoque
3472 1114 3632 1154 unus

1975 1191 2192 1248 dicitur
2235 1208 2359 1248 non
2389 1192 2640 1258 divisus,
2670 1191 2750 1247 ob
2779 1191 3036 1246 verbum
3069 1189 3236 1262 quod
3270 1188 3330 1244 in
3377 1188 3514 1261 ipso
3541 1190 3634 1244 est

1974 1287 2030 1337 et
2059 1281 2141 1337 ob
2168 1281 2550 1354 sapientiam.
2577 1282 2756 1354 Atqui
2785 1279 3161 1349 evangelista
3185 1278 3383 1334 statim
3411 1277 3489 1334 ab
3513 1277 3628 1334 ini-

1971 1371 2058 1427 tio
2082 1370 2337 1426 clamat:
2362 1373 2438 1428 Et
2467 1371 2624 1428 Deus
2654 1376 2784 1427 erat
2825 1369 3068 1426 Verbum
3083 1369 3152 1435 ³³,
3178 1366 3628 1423 subsistentiam

1974 1463 2282 1532 propriam
2314 1461 2471 1516 dans
2504 1460 2664 1516 Filio.
2700 1460 2927 1516 Etenim
2959 1459 3008 1514 si
3039 1459 3100 1514 in
3126 1457 3306 1514 corde
3348 1461 3478 1512 erat
3501 1457 3630 1513 Ver-

1971 1549 2142 1616 bum,
2171 1550 2484 1623 quomodo
2512 1551 2667 1605 Deus
2697 1549 2946 1620 intelligi
2977 1547 3210 1622 potuit?
3239 1563 3448 1603 rursus
3475 1560 3628 1618 quo-

1975 1641 2159 1696 modo
2185 1647 2314 1697 erat
2340 1639 2508 1712 apud
2534 1643 2718 1696 Deum
2739 1642 2766 1696 ‘?
2789 1643 2932 1696 Nam
2967 1653 3164 1714 neque
3188 1636 3441 1693 verbum
3461 1634 3630 1709 quod

1905 1744 1942 1798 Β
1972 1729 2032 1785 in
2065 1729 2308 1784 homine
2336 1734 2444 1794 est,
2473 1730 2658 1785 homo
2703 1735 2812 1798 est,
2844 1743 3043 1801 neque
3073 1726 3239 1798 apud
3267 1726 3466 1798 ipsum
3499 1739 3629 1781 esse

1972 1818 2209 1885 dicitur,
2244 1817 2352 1873 sed
2381 1819 2441 1874 in
2473 1819 2632 1890 ipso.
2659 1821 2862 1890 Neque
2883 1819 3043 1873 enim
3070 1816 3271 1872 vivens
3300 1820 3412 1878 est,
3430 1829 3629 1888 neque

1973 1907 2345 1964 subsistens:
2377 1907 2484 1964 sed
2520 1909 2616 1964 Dei
2649 1907 2907 1964 Verbum
2951 1906 3073 1963 vita
3101 1911 3194 1962 est
3233 1910 3291 1961 et
3312 1905 3535 1960 veritas
3557 1905 3626 1959 ³³.

1971 1997 2040 2054 Et
2059 2004 2337 2053 nostrum
2359 1997 2607 2070 quidem
2632 1998 2884 2053 verbum
2908 1995 3092 2052 simul
3109 2000 3292 2067 atque
3323 1993 3627 2066 prolatum

1971 2093 2080 2157 est,
2111 2087 2377 2160 amplius
2408 2103 2531 2143 non
2558 2092 2682 2143 est:
2712 2087 2816 2144 sed
2849 2086 2924 2142 de
2955 2085 3056 2143 Dei
3085 2085 3279 2141 Verbo
3307 2083 3453 2156 quid
3484 2082 3629 2140 dicit

1969 2176 2294 2250 psalmus?
2332 2180 2405 2235 In
2452 2184 2766 2245 aeternum,
2807 2177 3081 2248 Domine,
3143 2174 3396 2234 Verbum
3452 2179 3625 2230 tuum

1961 2272 2282 2336 permanet
2308 2269 2372 2323 in
2403 2270 2552 2324 caelo
2574 2269 2644 2324 ³⁸.

2039 2361 2096 2416 2.
2130 2361 2326 2430 Atque
2357 2357 2500 2414 hinc
2529 2356 2777 2430 quidem
2823 2355 2939 2412 hoc
2975 2353 3201 2412 bellum
3232 2352 3517 2412 infertur:
3561 2351 3629 2409 i1-

1966 2445 2087 2503 linc
2117 2463 2258 2503 vero
2297 2446 2466 2520 quod
2497 2454 2550 2504 et
2579 2445 2760 2519 quale
2788 2451 3094 2502 certamen
3119 2449 3211 2501 est
3238 2449 3446 2500 contra
3470 2441 3624 2498 veri-

1969 2537 2192 2592 tatem?
2211 2536 2624 2592 Substantiam
2648 2534 2893 2609 quidem
2915 2533 3274 2595 concedunt.
3290 2530 3624 2604 propriam-

1968 2641 2087 2699 que
2132 2625 2257 2682 Filii
2288 2641 2609 2698 personam
2638 2640 2789 2690 esse,
2821 2630 2881 2680 et
2910 2623 3096 2680 Patris
3126 2620 3434 2694 propriam
3483 2632 3625 2676 con-

1966 2713 2246 2770 ﬁtentur:
2276 2713 2384 2770 sed
2433 2720 2650 2770 natura
2693 2712 2988 2770 inducunt
3032 2709 3522 2784 inaequalitatem.
3556 2709 3624 2764 Et

1970 2802 2090 2860 Filii
2141 2819 2366 2859 nomen
2421 2819 2566 2860 voce
2619 2810 2790 2860 tenus
2849 2801 3212 2866 concedunt,
3262 2798 3366 2856 sed
3425 2797 3625 2871 reipsa

1967 2893 2170 2965 ipsum
2219 2893 2544 2949 demittunt
2587 2892 2667 2949 ad
2719 2898 3078 2955 creaturam,
3126 2889 3294 2947 haud
3349 2893 3625 2944 verentes

1964 2997 2177 3038 vocem
2210 2981 2468 3049 Domini,
2502 2998 2564 3037 se
2609 2982 2663 3038 ei
2692 2981 2798 3055 qui
2831 2986 3060 3037 Patrem
3097 2979 3293 3037 videre
3327 2976 3626 3048 gestiebat

240 3076 344 3121 τοῦ
412 3071 619 3143 Πατρός
680 3071 895 3144 θεωρίαν
961 3069 1290 3142 ίπειγομένῳ.
1348 3069 1406 3122 Ὀ
1463 3069 1698 3145 ἑωρακὼς
1753 3072 1854 3145 γάρ

1968 3070 2510 3142 ρι’ωωοηεῑιιδηιὶε.
2543 3070 2659 3136 Qui
2685 3071 2861 3135 enim,
2894 3068 3113 3141 inquit,
3145 3067 3294 3122 vidit
3325 3081 3438 3125 me.
3470 3065 3622 3122 vidit

243 3156 361 3230 ἰμέ.
415 3163 598 3229 φησιν.
656 3157 848 3230 ἑώρακε
898 3161 985 3211 τὸν
1043 3163 1266 3233 Πατέρα.
1321 3159 1458 3218 Αὕτη
1515 3155 1575 3212 δι
1627 3162 1656 3218 ἡ
1714 3164 1852 3232 φωνή

241 3247 414 3322 ὀρθῶς
464 3246 818 3320 λογιζομένοις
876 3246 1173 3323 ἀμφοτέρων
1221 3249 1468 3322 ἐμφάττει
1523 3251 1614 3310 τὰς
1682 3248 1856 3321 βλασ-

247 3342 472 3410 φημίας.
521 3340 659 3389 Οὔτε
693 3340 796 3412 γὰρ
849 3336 1029 3390 ἑαυτὸν
1081 3336 1210 3391 εἶναι
1261 3342 1350 3391 τόν
1401 3342 1607 3412 Πατέρα
1645 3339 1852 3410 φάσκει,

246 3428 305 3488 ὃς
354 3447 413 3499 γε
461 3423 662 3500 διαιρεί
699 3429 766 3479 τά
809 3431 1067 3501 πρόσωπα
1115 3436 1341 3503 φανερῶς
1371 3426 1420 3479 ἐν
1468 3435 1542 3498 τῷ
1570 3428 1766 3499 λέγειν⁸
1797 3427 1855 3482 Ὀ

252 3514 492 3588 impuri»;
538 3515 648 3589 ὶμὲ.
684 3521 923 3569 Δείκνυσι
963 3519 1065 3591 γὰρ
1096 3514 1153 3570 ἐκ
1188 3519 1373 3570 τούτου
1410 3521 1470 3569 τὸ
1514 3514 1654 3570 ἴδιον
1695 3518 1856 3572 αὐτοῦ

247 3609 528 3679 τεοόσωπον
592 3610 758 3675 (11)·
824 3611 1049 3681 Ἐὡρακε
1114 3610 1200 3659 τὸν
1282 3609 1524 3682 Πατέρα,
1594 3604 1854 3680 ἀναφέρων

249 3693 335 3747 ἕπὶ
372 3697 432 3748 τὸ
482 3698 741 3769 πατρικὸν
782 3701 1086 3768 πρόσωπον,
1139 3700 1229 3748 καὶ
1277 3692 1496 3768 διαιρῶν
1544 3693 1630 3768 ἀφ’
1669 3695 1854 3749 ἑαυτοῦ

245 3781 542 3858 προδήλως,
593 3790 685 3837 καὶ
728 3785 780 3837 ἓν
817 3793 890 3857 τῷ
926 3784 1089 3857 λέγειν
1130 3805 1142 3820 ο

243 3879 333 3926 τόν
391 3877 604 3949 Πατέρα
649 3893 751 3946 μου
798 3873 859 3926 ἀν
911 3871 1105 3948 ᾔδειτε.
1167 3874 1244 3927 Οὐ
1291 3877 1394 3948 γὰρ
1443 3877 1717 3946 σύγχυσιν
1753 3884 1852 3928 τῶν

249 3971 548 4037 προσώπων
599 3963 834 4036 ἐμφαίνει
896 3973 1100 4031 ταῦτα,
1155 3962 1284 4017 ἀλλά
1337 3968 1398 4018 τό
1463 3963 1851 4037 ἀπαράλλακτον

246 4061 335 4114 τῆς
381 4056 632 4116 θεότητος
670 4059 1017 4129 παρίστησιν.
1065 4054 1421 4108 Ἀκουέτωσαν
1471 4050 1531 4107 δὲ
1578 4058 1664 4106 τόν
1695 4054 1851 4107 αὐτὸν

244 4141 397 4214 λόγον
427 4144 540 4214 (12)
571 4147 662 4195 καὶ
707 4145 755 4195 οἱ
804 4142 1057 4196 ἐναντίοι·
1092 4146 1170 4197 ὅτι
1213 4144 1238 4196 ὁ
1289 4153 1384 4206 τῆς
1431 4151 1523 4196 τοῦ
1569 4145 1692 4197 Υἱοῡ
1722 4162 1851 4197 κατ-

246 4233 527 4307 ηξιωμένος
583 4237 854 4295 κοινωνίας
905 4232 999 4285 οὐκ
1066 4231 1417 4309 ἀπεστέρηται
1476 4240 1569 4285 τοῦ
1627 4237 1847 4306 Πατρός.

244 4323 320 4375 Οὖ
371 4324 478 4397 γὰρ
529 4319 732 4374 ἀλλοῖον
783 4324 810 4374 6
859 4326 1120 4398 γεννήτωρ
1172 4321 1382 4394 ἐγέννα,
1443 4321 1571 4375 ἀλλά
1619 4331 1850 4376 τοιοῦτον

1195 3785 1256 3837 Ei
1301 3785 1568 3858 ἐγνώκειτέ
1623 3805 1706 3858 με,
1761 3791 1852 3840 καὶ

1967 3161 2212 3216 Patrem
2234 3160 2306 3216 ³³.
2335 3162 2469 3214 Haec
2493 3164 2697 3215 autem
2728 3173 2866 3221 vox,
2900 3157 2949 3212 si
2988 3155 3124 3229 quis
3167 3159 3325 3210 recte
3363 3152 3619 3225 judicat,

1967 3254 2361 3321 utrorumque
2413 3247 2659 3304 obturat
2714 3245 3148 3318 blasphemiae.
3203 3246 3405 3316 Neque
3455 3241 3620 3298 enim

1964 3338 2233 3410 seipsum
2267 3341 2496 3394 Patrem
2547 3353 2681 3392 esse
2718 3335 2884 3404 dicit,
2913 3334 3018 3408 qui
3047 3333 3270 3390 scilicet
3325 3345 3620 3405 personas

1965 3432 2170 3499 aperte
2215 3426 2570 3494 disliuauat,
2602 3425 2694 3482 his
2737 3424 2938 3481 verbis
2973 3441 2986 3481 :
3016 3425 3133 3493 Qui
3159 3423 3306 3480 vidit
3331 3437 3442 3478 me.
3477 3419 3621 3477 Hinc

1963 3532 2231 3588 namque
2259 3517 2522 3572 ostendit
2557 3517 2863 3589 propriam
2890 3531 3064 3571 suam
3096 3527 3442 3587 personam.
3469 3513 3620 3568 Cum

1963 3623 2106 3662 vero
2132 3606 2448 3676 subjungit
2478 3622 2492 3661 :
2539 3606 2696 3661 Vidit
2727 3606 2999 3673 Patrem,
3033 3603 3276 3676 rescipit
3309 3602 3389 3658 ad
3424 3604 3619 3673 pater-

1960 3713 2104 3753 nam
2154 3711 2500 3768 personam.
2534 3711 2607 3751 ac
2640 3695 2954 3766 distinguit
2991 3711 3029 3751 a
3073 3693 3399 3765 semetipso
3427 3688 3621 3748 mani-

1959 3787 2129 3843 feste.
2153 3785 2324 3852 Quod
2354 3784 2516 3841 idem
2546 3784 2685 3841 facit
2712 3800 2978 3857 quoque,
3013 3783 3114 3839 ubi
3142 3784 3261 3839 ait:
3301 3782 3373 3838 Si
3399 3793 3617 3850 cogno-

1962 3877 2191 3933 vissetis
2210 3890 2320 3944 me,
2334 3882 2388 3931 et
2411 3877 2658 3931 Putrem
2679 3890 2871 3932 meum
2895 3876 3102 3946 utique
3117 3875 3533 3944 cognovissetas
3545 3869 3616 3926 ⁸⁸.

1963 3966 2091 4021 Non
2114 3967 2275 4022 enim
2305 3981 2704 4038 personarum
2730 3964 3148 4020 confusionem
3171 3961 3443 4018 indicant
3465 3960 3617 4027 haec,

1963 4055 2068 4112 sed
2126 4054 2361 4111 deitatis
2419 4053 2880 4110 similitudinem
2925 4052 3211 4109 exhibent
3255 4046 3619 4106 discriminis

1962 4143 2232 4216 cujusvis
2253 4149 2557 4216 expertem
2572 4185 2586 4199 .
2618 4142 2882 4198 Audiant
2905 4147 3105 4197 autem
3125 4139 3254 4195 haec
3271 4139 3408 4210 ipsa
3433 4135 3620 4196 verba

1962 4239 2022 4290 et
2039 4232 2390 4300 adversarii,
2407 4231 2574 4304 quod
2598 4231 2701 4304 qui
2730 4231 2851 4287 Filii
2875 4229 3178 4287 consortio
3199 4229 3484 4299 dignatus
3505 4231 3617 4298 est,

1962 4323 2014 4379 is
2045 4326 2210 4380 Patre
2231 4323 2501 4395 privatus
2520 4337 2646 4378 non
2667 4321 2763 4377 sit.
2791 4323 2908 4378 Nec
2927 4320 3087 4377 enim
3106 4319 3414 4376 diversum
3444 4317 3617 4375 Geni-

246 4407 352 4474 οἶος
404 4411 562 4474 αὐτός
619 4410 782 4467 ἔστιν.
833 4411 1040 4477 Ἄκουε,
1086 4413 1115 4464 6
1162 4411 1430 4485 Ἀνόμοιος
1457 4430 1471 4446 ο
1523 4410 1653 4484 Ἐγὼ
1699 4416 1789 4464 καὶ
1825 4414 1851 4465 ό

1968 4417 2058 4468 tor
2087 4412 2312 4483 genuit,
2353 4411 2460 4467 sed
2489 4411 2672 4467 talem
2701 4410 2902 4482 qualis
2928 4410 3059 4483 ipse
3105 4415 3217 4466 est.
3257 4408 3434 4481 Audi,
3463 4414 3618 4465 Ano-

247 4507 426 4576 Πατὲρ
459 4505 512 4555 ἓν
541 4499 717 4575 ἔσμεν.
745 4501 938 4557 ’Δκουε
982 4506 1074 4555 καὶ
1123 4505 1209 4570 σὺ,
1258 4503 1286 4555 6
1322 4500 1598 4566 Ταϐίλλιος
1619 4523 1634 4537 ο
1683 4501 1851 4575 Ἐγὼ-

315 4663 365 4699 ³³
402 4663 578 4719 Joan.
620 4676 662 4730 ι,
706 4663 758 4720 1.

315 4790 398 4852 (8)
438 4791 524 4844 ita
553 4787 824 4844 Anomosi
851 4787 1062 4844 Filium
1086 4787 1373 4845 dicebant
1398 4788 1608 4858 Deum,
1628 4793 1852 4844 uteum

247 4859 418 4917 Patre
452 4861 752 4915 minorem
784 4874 914 4915 esse
944 4859 1181 4916 vellent.

311 4933 394 5000 (9)
432 4930 591 4987 Editi
613 4934 743 4984 Θεὸν
765 4935 953 5002 Λόγον,
976 4933 1164 4989 Deum
1197 4931 1472 4988 Verbum.
1495 4933 1622 4989 Vox
1641 4931 1852 4989 ultima

247 5002 306 5059 in
341 5019 496 5059 mss.
530 5017 651 5058 non
688 5003 926 5066 legitur.

316 5075 428 5143 (t0)
473 5073 624 5129 Editi
665 5079 910 5145 Kairoqs
947 5073 994 5128 ὁ.
1046 5075 1277 5130 Veteres
1327 5078 1443 5130 tres
1490 5073 1626 5130 libri
1671 5080 1734 5145 ut
1786 5074 1848 5130 in

253 5151 562 5219 contextu.
612 5143 936 5219 Aliquanto
984 5149 1124 5219 post
1175 5161 1320 5201 mss.
1369 5145 1496 5202 duo
1523 5155 1630 5207 πῶς
1672 5143 1839 5204 ὁ“’ά’ν.

254 5217 422 5272 Edtti.
455 5225 570 5279 πῶς
599 5219 681 5272 ἄν.

318 5293 433 5351 (ll)
474 5289 640 5345 Unus
686 5285 878 5344 codex
905 5287 1050 5358 Reg.
1083 5286 1138 5340 ἑκ
1165 5294 1349 5341 τοῦτον
1374 5292 1432 5342 τό
1463 5288 1647 5343 ἑαυτοῦ
1675 5292 1848 5364 πρόσ-

253 5379 384 5412 ωπον
391 5403 405 5416 .

320 5435 432 5505 (t2)
473 5430 716 5505 Antiqui
744 5436 866 5505 tres
891 5430 1026 5487 libri
1056 5438 1156 5483 τῶν
1188 5431 1354 5483 αὐτῶν
1383 5431 1567 5504 λόγων.
1601 5431 1851 5488 Combe-

253 5500 442 5562 ﬁsius.
466 5518 605 5559 cum
633 5500 846 5577 verba,
875 5517 1012 5575 quae
1045 5506 1318 5577 proxime
1348 5500 1701 5577 sequuntur.
1725 5519 1851 5577 cor-

254 5581 427 5649 rupta
437 5591 570 5632 esse
583 5574 993 5639 arbitraretur.
1006 5574 1256 5631 eaduob
1265 5590 1332 5630 us
1347 5574 1547 5632 modis
1558 5575 1850 5634 resarcire

1961 4517 2140 4571 mmo,
2170 4502 2298 4572 Ego
2336 4506 2392 4558 et
2442 4502 2630 4558 Pater
2657 4515 2846 4556 unum
2891 4515 3096 4557 sumus
3115 4499 3189 4558 ³⁷.
3220 4497 3380 4556 Audi
3421 4502 3482 4556 et
3525 4503 3615 4571 tu,

833 4661 882 4698 ³³
919 4661 1096 4719 Joan.
1135 4676 1254 4732 nv,
1294 4665 1348 4718 6.
1425 4663 1474 4698 ³⁸
1512 4661 1671 4722 Psal.
1711 4677 1896 4730 cxvm,
1937 4665 2026 4720 89.
2101 4663 2150 4700 ³⁵
2187 4664 2360 4720 Joan.
2401 4667 2455 4720 9.
2531 4662 2581 4698 ³⁸
2618 4661 2766 4719 ibid.
2807 4666 2861 4719 7.
2937 4662 2982 4697 ⁸⁷
3023 4663 3197 4719 Joan.
3235 4677 3296 4733 κ,
3336 4665 3424 4719 30.

1961 4793 2216 4844 conatus
2248 4793 2355 4843 est.
2390 4787 2482 4842 Ait
2510 4787 2691 4857 igitur
2714 4786 3042 4858 legendum
3069 4803 3200 4858 esse
3231 4791 3334 4842 aut
3357 4788 3438 4838 ὅτε
3465 4786 3494 4836 ὀ
3518 4793 3614 4846 τῆς

1958 4869 2050 4912 τοῦ
2076 4865 2200 4913 Υίοῡ
2229 4859 2609 4932 κατηξιωμένος
2634 4857 2990 4935 προσηγορίας
3019 4859 3115 4911 οὐκ
3143 4857 3510 4935 ἀπεστέρηται.
3520 4873 3612 4915 της

1957 4941 2050 4984 τοῦ
2081 4935 2278 5004 Πατρός
2302 4925 2591 4998 κοινωνίας,
2626 4925 2733 5004 aut
2768 4925 2849 4984 ὅτι
2877 4925 2904 4983 6
2933 4939 3029 4992 τῆς
3065 4937 3159 4982 τοῦ
3191 4933 3313 5004 rimi
3334 4925 3609 5004 ’κατηξιω-

1957 5008 2107 5077 μένος
2136 4997 2423 5077 κοινωνίας,
2459 4997 2594 5072 etc.,
2630 5007 2692 5057 ut
2719 5002 3115 5077 in_contextu,
3139 4998 3241 5053 sed
3269 4997 3352 5052 sic
3381 5000 3611 5077 tamen,

1959 5071 2023 5129 ut
2063 5081 2196 5144 post
2240 5074 2407 5144 illud,
2445 5071 2669 5146 Πατρός,
2712 5071 3115 5146 subaudiatur
3155 5084 3296 5146 vox_
3319 5071 3607 5146 κοινωνίας,

1960 5138 2076 5212 Qui
2100 5147 2294 5202 Filius
2324 5138 2614 5215 dignatus
2644 5152 2728 5200 est
2753 5144 3074 5209 consortio,
3105 5155 3211 5196 nec
3248 5139 3456 5215 Patris
3486 5138 3611 5215 pri-

1958 5208 2131 5273 auius
2193 5224 2307 5280 est.
2368 5208 2614 5287 supple.
2673 5215 2990 5272 consortio.
3057 5208 3612 5287 Puto_simpliciter

1955 5288 2278 5345 legendum
2326 5282 2684 5360 ¹προσηγορίας
2731 5301 2841 5357 pro
2887 5287 3176 5360 κοινωνίας,
3217 5282 3333 5338 hoc
3375 5296 3604 5338 sensu:

1957 5361 2072 5428 Qui
2101 5363 2186 5417 ita
2220 5355 2580 5429 conjunctus'
2607 5365 2693 5412 est
2725 5355 2921 5429 Patri,
2953 5362 3018 5410 ut
3048 5355 3194 5429 Fitz'i'
3229 5369 3444 5429 nomen
3473 5369 3610 5429 con-

1951 5425 2186 5488 secutus
2214 5425 2615 5498 sitfprivatus
2644 5444 2764 5484 non
2791 5432 2872 5483 est
2894 5428 3102 5493 Patre,
3129 5425 3245 5484 hoc
3270 5431 3379 5496 est,
3401 5427 3608 5487 Patris

1955 5510 2242 5560 naturam
2271 5501 2468 5559 habet.
