4100 6196
537 304 639 361 603

1909 296 1972 354 S.
2010 295 2260 352 BASILII
2296 295 2514 352 MAGNI

3785 300 3901 356 604

537 422 774 485 Sabelli,
815 423 944 493 Ego
985 421 1146 479 exivi
1192 435 1228 476 a
1261 423 1460 482 Patre,
1493 425 1550 477 et
1595 421 1676 477 ad
1722 421 1916 491 ipsum
1961 420 2116 477 vado
2135 420 2183 454 ³⁸

2299 417 2354 471 ἐκ
2396 426 2489 473 τοῦ
2522 425 2724 497 Πατρός
2762 420 2992 489 ἐξῆλθον,
3025 425 3114 474 καὶ
3157 423 3288 494 πρὸς
3333 421 3490 474 αὐτὸν
3534 422 3740 492 ὑπάγω.
3791 427 3902 476 Καὶ

536 517 604 570 Ει
633 519 880 585 uterque
920 527 992 567 ex
1036 508 1390 580 evangelica
1417 510 1692 565 doctrina
1715 511 2026 584 proprium
2060 507 2187 564 vul-

533 618 652 660 nus
680 607 866 658 curet.
901 603 968 656 Et
1010 605 1072 654 tu
1103 599 1349 671 quidem
1381 599 1671 655 unitatem
1703 615 1873 655 sume
1903 615 1973 655 ex
2011 598 2186 654 abso-

532 691 833 748 lutissima
861 695 1092 744 naturae
1122 687 1540 744 similitudine:
1561 695 1623 744 tu
1644 704 1785 744 vero
1811 688 1980 757 illud,
2002 689 2094 743 Ab
2123 702 2188 744 eo

537 782 718 849 exivi,
749 786 801 836 et
842 779 924 834 ad
954 779 1147 848 ipsum
1175 777 1348 842 vado,
1391 777 1467 832 ad
1507 793 1906 850 personarum
1945 776 2190 833 diversi-

535 875 716 926 tatem
750 867 993 924 referas.
1045 866 1374 923 Conveniat
1415 866 1595 937 igitur
1622 867 1696 923 de
1727 867 1820 924 his
1849 867 2004 923 inter
2053 882 2184 932 nos,

535 972 920 1028 agemusque
971 970 1205 1028 pacem,
1250 961 1307 1011 et
1351 971 1388 1012 a
1429 955 1614 1026 longo
1651 962 1860 1012 contra
1903 956 2187 1027 pietatem

535 1048 696 1105 bello
743 1047 1144 1107 desistamus,
1205 1045 1397 1101 acutis
1452 1045 1566 1101 illis
1623 1045 1948 1118 impietatis
2001 1044 2185 1100 armis

536 1137 806 1208 abjectis,
839 1142 896 1192 et
919 1135 1106 1192 hastis
1139 1135 1200 1191 in
1231 1141 1454 1203 aratra,
1485 1135 1698 1203 gladiis
1739 1151 1882 1190 vero
1912 1135 1972 1190 in
2003 1134 2187 1190 falces

534 1226 812 1282 conﬂatis
833 1226 903 1280 ³³.
952 1227 1152 1296 Neque
1196 1228 1259 1278 tu
1311 1223 1478 1278 dicas
1507 1225 1696 1280 solum
1723 1243 1742 1278 :
1783 1223 1889 1280 sed
1940 1238 2188 1296 sequere

535 1332 696 1380 eum,
725 1315 829 1387 qui
882 1315 1047 1385 191
1098 1312 1276 1368 dicit:
1318 1314 1454 1368 Non
1501 1329 1630 1368 sum
1674 1315 1858 1381 solus,
1900 1315 2045 1384 quia
2084 1314 2190 1384 qui

534 1405 695 1460 misit
727 1419 819 1458 me
845 1404 1049 1464 Pater,
1073 1417 1299 1458 mecum
1323 1409 1405 1458 est
1427 1404 1494 1454 ⁸ο.
1517 1401 1679 1457 Alius
1705 1403 1881 1472 igitur
1909 1408 2000 1458 est
2021 1405 2189 1458 Pater

533 1492 639 1566 qui
669 1492 849 1546 misit.
872 1490 1024 1546 alius
1068 1491 1172 1562 qui
1215 1491 1432 1546 missus
1458 1497 1546 1546 est
1595 1491 1790 1546 Filius.
1822 1492 1902 1546 Ac
1931 1507 2140 1547 rursus
2170 1507 2185 1546 :

535 1583 686 1652 Ego,
731 1579 946 1652 inquit,
977 1582 1378 1636 testimonium
1421 1579 1702 1650 perhibeo
1742 1580 1815 1636 de
1865 1582 2107 1649 meipso,
2134 1585 2189 1638 et

539 1671 940 1728 testimonium
972 1669 1248 1739 perhibet
1276 1669 1351 1726 de
1369 1685 1461 1726 me
1483 1671 1590 1742 qui
1615 1670 1777 1724 misit
1808 1685 1900 1726 me
1922 1671 2104 1725 Pater
2121 1670 2186 1724 “.

2297 508 2533 584 ἑκάτερος
2575 511 2716 583 ὑμῶν
2767 515 2824 565 τό
2864 507 3002 564 ἴδιον
3049 519 3258 585 τραῦμα
3313 509 3368 562 ἐκ
3415 517 3508 563 τοῦ
3557 506 3900 581 εὐαγγελικοῦ

2297 595 2651 652 διδασκαλίου
2709 602 2820 671 (13)
2889 602 3277 676 θεραπευέσθω.
3347 605 3448 654 Καὶ
3515 603 3580 652 σὺ
3647 603 3738 671 μὲν
3804 605 3899 658 τὴν

2297 687 2514 747 ἐνότητα
2559 689 2783 762 λάμϐανε
2831 690 2917 744 ἐπὶ
2960 693 3017 744 τὸ
3062 698 3156 762 τῇς
3203 693 3403 762 φύσεως
3455 687 3854 764 ἀπαράλλακτον
3882 711 3896 724 ο

2299 781 2363 830 σὺ
2427 775 2486 830 6‘“:
2540 782 2637 847 τό,
2689 779 2804 834 Ἀπ’
2869 780 3031 834 αὑτοῦ
3095 779 3344 846 ἐξῆλθον,
3400 784 3490 832 καὶ
3554 782 3684 854 πρὸς
3737 779 3900 831 αὐτόν

2296 872 2620 942 πορεύομαι,
2672 868 2757 922 ἐπὶ
2821 873 2880 923 τό
2931 878 3032 922 τῶν
3089 875 3381 945 προσώπων
3444 866 3694 943 διάφορον
3740 869 3890 939 (14).

2298 957 2576 1032 Σνμϐῶμεν
2625 956 2712 1012 οὖν
2769 958 2852 1013 ἐπὶ
2899 963 3141 1029 τούτοις,
3188 965 3280 1012 καὶ
3341 959 3744 1033 εὶρηνεύσωμεν,
3804 963 3900 1009 καὶ

2296 1049 2643 1122 καταθώμεθα
2706 1053 2792 1101 τὸν
2845 1053 3044 1124 μακρόν
3092 1052 3228 1102 κατά
3278 1056 3368 1109 τῆς
3429 1047 3690 1107 εὐσεϐείας
3737 1046 3898 1100 πόλεο

2297 1156 2392 1209 μον
2419 1137 2704 1212 ’ῥίψαντες
2748 1141 2838 1211 μεν
2886 1142 2952 1191 τὰ
2990 1138 3282 1211 ἠκονημένα
3308 1145 3472 1190 ταῦτα
3516 1144 3605 1196 τῆς
3655 1134 3902 1195 ἀσεϐείας

2297 1226 2466 1294 ὅπλα,
2517 1233 2606 1280 καὶ
2652 1228 3163 1300 μεταχαλκεύσαντες
3223 1230 3317 1289 τὰς
3374 1226 3589 1288 ξιϐύνας
3641 1225 3705 1285 εἰς
3756 1226 3897 1298 ἆρο-

2296 1335 2414 1389 τρα,
2470 1321 2558 1369 καὶ
2606 1320 2696 1378 τὰς
2743 1322 3017 1393 μαχαίρας
3073 1317 3141 1379 εἰς
3183 1313 3434 1388 δρέπανα.
3479 1320 3626 1372 Μήτε
3673 1317 3736 1366 σὺ
3773 1311 3898 1382 λέγε

2297 1410 2450 1477 μόνον
2505 1409 2654 1473 (15),
2705 1404 2813 1457 ἀλλ’
2868 1405 3136 1459 ἀκολούθει
3191 1413 3264 1474 τῷ
3309 1404 3510 1475 λέγοντι
3545 1424 3557 1436 ’
3618 1401 3729 1453 Οὐκ
3786 1399 3900 1472 εἰμὶ

2298 1498 2486 1566 μόνος,
2538 1497 2618 1546 ότι
2666 1496 2692 1546 6
2739 1495 2946 1566 πέμψας
3002 1513 3066 1566 με
3120 1499 3298 1566 Πατὴρ
3356 1493 3461 1566 μετ’
3535 1489 3658 1564 ἐμοῦ
3727 1488 3896 1542 ἐστιν.

2298 1582 2484 1644 Ἀλλος
2531 1579 2618 1634 οὖν
2674 1584 2700 1635 6
2749 1582 2959 1655 πέμψας
3013 1588 3216 1655 Πατὴρ,
3263 1586 3353 1633 καὶ
3391 1580 3542 1642 ἄλλος
3579 1581 3605 1630 6
3650 1579 3900 1650 πεμφθεὶς

2300 1676 2440 1734 Υίός.
2489 1676 2589 1726 Καὶ
2634 1671 2806 1739 πάλιν,
2852 1672 3002 1744 Ἐγὼ,
3053 1677 3204 1744 φησὶ,
3255 1678 3502 1744 μαρτυρῶ
3557 1672 3676 1742 περί
3728 1665 3900 1739 ἐμαυ-

537 1762 640 1816 Et:
692 1760 761 1814 In
804 1760 931 1827 lege
982 1765 1205 1823 vestra,
1258 1759 1470 1830 inquit,
1529 1759 1821 1828 scriptum
1875 1765 1980 1824 est,
2029 1759 2185 1830 quod

2299 1769 2412 1829 τοῦ,
2458 1766 2547 1814 καὶ
2597 1771 2850 1836 μαρτυρεί
2888 1767 3006 1836 περὶ
3049 1760 3172 1834 ἐμοῦ
3212 1763 3238 1813 6
3286 1759 3491 1832 πέμψας
3556 1777 3618 1830 με
3681 1761 3893 1829 Πατήρ.

537 1849 790 1906 duorum
841 1847 1147 1904 hominum
1198 1850 1598 1904 testimonium
1639 1863 1845 1904 verum
1875 1855 1954 1904 est
1977 1850 2044 1903 “.
2072 1853 2190 1905 Nu-

536 1954 727 2003 mera,
769 1937 818 1993 si
873 1937 1057 2006 lubet,
1100 1953 1416 2010 personas.
1456 1939 1609 2009 Ego,
1649 1938 1861 2009 inquit,
1905 1954 2035 1995 sum
2087 1941 2192 2011 qui

535 2028 936 2085 testimonium
964 2027 1268 2096 perhibeo.
1304 2030 1491 2083 Unus.
1517 2028 1592 2082 Et
1619 2029 2020 2084 testimonium
2047 2043 2189 2097 per-

537 2117 698 2174 hibet
742 2118 816 2174 de
856 2132 948 2174 me
992 2119 1098 2188 qui
1135 2119 1294 2173 misit
1339 2133 1452 2174 me.
1496 2120 1576 2173 En
1609 2116 1752 2172 duo.
1804 2120 1919 2173 Nec
1965 2133 2078 2187 ego
2105 2117 2188 2172 sic

533 2207 822 2265 audacter
869 2223 1146 2274 numero,
1175 2207 1282 2262 sed
1316 2207 1606 2262 Dominus
1635 2207 1767 2278 ipse
1796 2207 2022 2272 docuit,
2047 2222 2185 2262 cum

533 2297 676 2354 dixit
709 2314 722 2352 :
758 2298 827 2352 In
861 2298 990 2367 lege
1028 2305 1226 2354 vestra
1257 2299 1550 2366 scriptum
1591 2304 1697 2360 est,
1729 2297 1889 2368 quod
1930 2297 2186 2354 duorum

533 2385 838 2443 hominum
867 2387 1271 2442 testimonium
1304 2401 1507 2442 verum
1534 2387 1630 2442 sit.
1655 2389 1737 2442 'l‘u
1762 2401 1924 2454 vero,
1944 2386 2046 2458 qui
2070 2385 2187 2442 alio

531 2474 858 2547 impietatis
890 2490 1106 2536 genere
1136 2474 1430 2530 adversus
1465 2478 1649 2530 Deum
1677 2490 1935 2547 pugnas,
1963 2476 2066 2547 qui
2100 2475 2186 2531 Fi-

531 2560 680 2618 lium
699 2561 849 2616 dicis
869 2561 991 2616 Deo
1021 2568 1238 2618 natura
1263 2562 1638 2630 dissimilem,
1659 2562 1764 2635 qui
1785 2563 2187 2635 mqualitatem

532 2666 655 2709 non
689 2651 997 2719 concedis,
1029 2651 1133 2724 qui
1162 2651 1397 2708 inducis
1430 2653 1563 2708 vita:
1602 2652 2002 2718 intervallum,
2029 2668 2190 2708 reve-

532 2755 662 2796 rere
689 2739 937 2795 Paulum
977 2740 1278 2796 dicentem
1304 2758 1317 2796 :
1353 2742 1465 2809 QUI
1506 2748 1590 2797 est
1619 2744 1818 2812 imago
1848 2743 1958 2798 Dei
1984 2743 2185 2798 invisi-

536 2829 670 2884 bilis
693 2828 842 2893 “3.”;
874 2829 1109 2901 hocque
1143 2829 1402 2900 largiare
1427 2831 1675 2901 imagini
1703 2831 1946 2899 viventi,
1969 2837 2034 2887 ut
2052 2831 2187 2887 vitai

534 2918 878 2989 archetypa:
903 2934 1008 2990 per
1037 2920 1242 2974 omnia
1276 2920 1484 2976 similis
1516 2921 1610 2976 sit.
1635 2922 1929 2977 Conﬁtere
1957 2924 2188 2977 Patrem

532 3022 665 3063 esse
725 3006 869 3073 Filii,
917 3022 1038 3063 non
1098 3014 1406 3074 creaturae,
1456 3009 1758 3083 opificem.
1815 3013 1880 3067 Et
1926 3011 1988 3066 in
2045 3027 2188 3067 vera

2303 1855 2430 1921 Καὶ,
2485 1851 2564 1904 Ἐν
2611 1859 2684 1921 τῷ
2740 1856 2879 1923 νόμῳ
2932 1847 3028 1912 δέ,
3079 1855 3257 1922 φησι,
3290 1858 3360 1919 τῷ
3416 1849 3644 1919 ὑμετέρῳ
3697 1848 3899 1917 γέγρα-

2298 1959 2446 2006 πται,
2481 1942 2560 1992 ὅτι
2614 1937 2712 1992 δύο
2759 1938 3040 2013 ἀνθρώπων
3089 1940 3118 1997 ἡ
3172 1940 3438 2012 μαρτυρία
3483 1934 3682 1996 ἀληθής
3729 1931 3895 1986 ἐστιν.

2302 2030 2644 2102 Ἀρίθμησον,
2703 2029 2746 2081 εἰ
2805 2027 3002 2100 βούλει,
3060 2029 3126 2080 τά
3175 2033 3452 2101 πρόσωπα.
3503 2023 3656 2095 Ἐγὼ,
3712 2026 3898 2094 φησὶν,

2300 2119 2406 2192 εἰμί
2453 2121 2479 2171 ὁ
2535 2127 2833 2193 μαρτυρῶν.
2891 2119 2994 2178 Εἷς.
3056 2123 3156 2171 Καὶ
3215 2122 3468 2190 μαρτνρεί
3521 2117 3638 2187 περὶ
3693 2110 3822 2183 ἐμοῦ
3872 2111 3898 2162 6

2296 2209 2509 2282 πέμ-,δας
2574 2227 2656 2281 με.
2727 2210 2846 2264 Δύο.
2921 2211 3021 2261 Καὶ
3089 2207 3183 2260 οὐκ
3250 2205 3348 2278 ἐγὼ
3416 2204 3550 2256 οὕτω
3629 2199 3898 2272 τολμηρῶς

2299 2297 2548 2372 ἀριθμῶ,
2617 2297 2722 2350 ἀλλ’
2793 2297 2949 2359 αὐτός
3013 2298 3039 2348 6
3109 2299 3302 2370 Κῦριος
3361 2289 3638 2357 ἐδιδαξεν,
3687 2290 3894 2346 εἰπών,

2298 2387 2380 2442 Ἐν
2422 2396 2495 2458 τῷ
2546 2393 2686 2460 νόμῳ
2737 2396 2809 2458 τῷ
2862 2389 3088 2461 ὑμετέρῳ
3144 2389 3476 2459 γέγραπται,
3544 2383 3622 2433 ὃτι
3685 2377 3894 2452 ἀνθρώ-

2296 2497 2404 2531 πων
2463 2474 2559 2530 δύο
2613 2479 2642 2534 η
2703 2481 2970 2550 μαρτυρία
3036 2474 3230 2534 ἀληθής
3279 2472 3412 2526 ἐστι.
3457 2476 3556 2524 Καὶ
3605 2472 3670 2522 σὺ
3726 2464 3805 2532 δέ,
3866 2467 3893 2519 6

2295 2566 2410 2619 κατ’
2463 2565 2584 2618 ἄλλο
2635 2563 2775 2627 εἶδος
2812 2573 2907 2628 τῆς
2951 2563 3190 2625 ἀσεϐείας
3239 2565 3533 2635 θεομαχῶν,
3575 2560 3600 2610 ό
3649 2556 3893 2628 ἀνόμοιον

2297 2653 2424 2709 εἶναι
2465 2655 2623 2726 λέγων
2669 2663 2730 2727 τῇ
2773 2656 2926 2728 φύσει
2971 2657 3057 2706 τὸν
3106 2655 3223 2706 Υίὸν
3271 2660 3344 2722 τῷ
3383 2657 3518 2721 Θεῷ,
3550 2651 3577 2701 6
3633 2651 3726 2705 τὴν
3771 2646 3894 2699 ἰσό-

2292 2765 2427 2806 τητα
2481 2750 2550 2818 μὴ
2605 2741 2830 2808 διδοὺς,
2881 2746 2906 2795 6
2961 2740 3246 2796 διάστασιν
3313 2742 3447 2802 ζωῆς
3513 2737 3736 2811 ἐμποιῶν
3777 2736 3896 2806 (16)

2297 2831 2648 2893 δυσωπὴθητι
2704 2833 2905 2887 Παῦλον
2960 2833 3211 2905 λέγοντα⁹
3266 2831 3358 2891 ’ος
3405 2829 3545 2882 ἐστιν
3596 2827 3745 2880 εἰκὼν
3800 2832 3893 2877 τοῦ

2295 2932 2428 2977 Θεοῦ
2472 2932 2563 2977 τοῦ
2612 2923 2834 2999 ἀοράτου
2866 2944 2878 2958 ·
2910 2928 3000 2976 καὶ
3057 2918 3149 2984 δὸς
3192 2930 3253 2994 τῇ
3318 2923 3461 2992 ζώσῃ
3518 2918 3673 2970 εἰκόνι
3728 2914 3896 2990 ἀπαρ-

2295 3013 2559 3076 αλλάκτως
2647 3017 2786 3084 ἔχειν
2851 3018 2980 3086 πρὸς
3043 3017 3137 3070 τὴν
3218 3011 3356 3071 ζωὴν
3430 3013 3522 3067 τὴν
3592 3005 3894 3080 ἀρχέτυπον

534 3097 720 3153 Patris
765 3096 1143 3153 confessione
1173 3098 1300 3153 sine
1348 3115 1486 3154 eum
1518 3099 1619 3172 qui
1651 3101 1886 3170 genitus
1933 3106 2040 3167 est,
2073 3100 2185 3172 ipsi

2294 3103 2564 3176 Ὀμολόγει
2612 3107 2817 3178 Πατέρα
2874 3105 3018 3169 Υἱοῦ,
3065 3106 3136 3174 μὴ
3188 3107 3493 3172 κτίσματος,
3543 3092 3892 3168 δημιουργόν.

529 3186 820 3257 dignitate
847 3203 1052 3259 parem
1081 3203 1232 3257 esse,
1256 3203 1549 3245 revocans
1571 3190 1628 3245 in
1654 3191 2010 3248 memoriam
2040 3190 2186 3248 illud

530 3276 914 3345 evangelista;
967 3277 1420 3333 testimonium:
1473 3285 1653 3334 Deum
1710 3281 1956 3336 Patrem
2012 3297 2186 3337 suum

529 3366 786 3427 dicebat,
813 3367 1048 3435 faciens
1077 3381 1138 3422 se
1166 3369 1456 3438 aqualem
1492 3369 1609 3423 Deo
1631 3369 1698 3420 ⁸³.
1731 3369 2059 3441 Ᾱςᾳιιειιιιειε
2083 3387 2187 3426 au-

530 3457 648 3508 tem
682 3452 802 3515 illa,
829 3468 1014 3524 quam
1065 3469 1202 3510 cum
1237 3458 1402 3511 Patre
1436 3455 1638 3518 habet,
1671 3457 2018 3527 intelligitur
2055 3475 2185 3514 esse

530 3540 866 3598 secundum
898 3548 1199 3607 naturam,
1229 3560 1351 3600 nou
1395 3544 1728 3600 secundum
1753 3547 2186 3616 magnitudinis

531 3645 836 3704 corporeae
855 3633 1553 3698 meusuram.0uomodo
1567 3640 1768 3690 autem
1782 3651 1902 3692 non
1917 3638 2185 3709 rapinam

531 3719 856 3774 arbitratus
906 3724 994 3775 est
1035 3735 1164 3776 esse
1215 3737 1277 3777 se
1325 3723 1624 3794 aequalem
1669 3725 1790 3780 Deo
1811 3725 1878 3787 εδ,
1908 3725 1977 3792 si,
2012 3732 2075 3780 ut
2120 3731 2187 3782 tu

527 3807 940 3879 blasphemas,
989 3824 1306 3881 nunquam
1353 3812 1605 3883 aequalis
1658 3812 1814 3870 fuit?
1867 3813 2185 3879 Quomodo

528 3911 740 3955 rursus
782 3896 844 3953 in
898 3898 997 3954 Dei
1041 3897 1237 3955 forma
1267 3906 1415 3968 erat,
1444 3901 1572 3974 qui,
1599 3907 1665 3959 ut
1707 3908 1769 3958 tu
1817 3902 1989 3972 dicis,
2029 3920 2184 3961 nun-

527 4001 715 4060 quam
747 3986 957 4044 similis
987 3986 1115 4042 fuit.

599 4078 652 4132 3.
693 4076 846 4132 Talis
893 4075 1142 4148 quidem
1196 4077 1479 4150 utrinque
1529 4093 1739 4150 pugna
1804 4080 1984 4138 nobis
2040 4088 2180 4152 est;

524 4167 750 4221 veritas
772 4181 914 4222 vero
937 4181 1077 4238 quas
1102 4166 1131 4222 ?
1169 4169 1371 4239 Neque
1405 4172 1468 4222 tu
1495 4167 1852 4228 reformides
1890 4187 2183 4244 personas

521 4253 833 4311 conﬁteri:
869 4255 970 4312 sed
1004 4255 1102 4311 dic
1143 4258 1397 4328 Patrem,
1432 4255 1529 4312 dic
1577 4263 1634 4314 et
1689 4258 1918 4328 Filium,
1945 4277 2070 4318 non
2097 4263 2182 4319 rei

525 4343 634 4398 uni
658 4344 910 4400 nomina
939 4345 1064 4400 duo
1085 4344 1440 4415 attribuens,
1463 4346 1569 4402 sed
1594 4362 1666 4403 ex
1697 4353 1950 4422 utraque
1979 4351 2182 4424 appel-

524 4430 746 4525 latione
803 4434 1308 4525 signiﬁcationem
1362 4438 1675 4510 propriam
1726 4438 1988 4497 discens.
2030 4445 2178 4499 Nam
2210 4471 2254 4525 ι)

521 4517 742 4588 ingens
799 4521 1163 4594 improbitas
1200 4531 1293 4581 est
1339 4541 1462 4584 non
1493 4527 1766 4601 sucipere
1813 4529 2179 4588 documenta

527 4608 788 4682 Domini,
811 4611 917 4683 qui
952 4611 1130 4668 nobis
1155 4615 1472 4687 perspicue
1511 4617 1693 4674 aliam
1738 4635 2066 4691 personam
2097 4620 2178 4676 ab

599 4752 648 4826 3f
685 4754 860 4809 Joan.
887 4769 1000 4822 xw,
1031 4757 1119 4810 28.
1165 4755 1244 4826 7"
1286 4756 1402 4812 Isa.
1447 4774 1507 4826 ιι,
1537 4761 1592 4815 4.

527 4823 576 4861 ⁸³
614 4824 790 4881 Joan.
819 4840 876 4882 v.
913 4829 997 4882 18.
1076 4826 1122 4862 ⁸⁵
1162 4825 1422 4900 Philipp.
1453 4823 1512 4896 ιι,
1544 4834 1594 4886 6.

591 4950 709 5075 $3)
750 4952 891 5018 Reg.
942 4949 1248 5007 secundus
1301 4947 1674 5022 διδασκαλίου,
1729 4955 1969 5012 rectius.
2022 4957 2174 5016 Editi

527 5018 586 5075 δι
630 5021 931 5075 ασκαλείου.

569 5042 618 5076 ιο
630 5042 931 5078 ασκαλειου.

1671 4760 1717 4795 ⁸ο
1762 4761 1939 4819 Joan.
1969 4777 2090 4831 vui,
2133 4766 2220 4821 16.

595 5096 718 5173 (Hi
755 5095 874 5173 Vox
905 5091 1152 5173 ᾂιάφορον
1180 5093 1265 5150 ita
1295 5095 1408 5152 hoc
1438 5095 1572 5153 loco
1597 5096 1951 5171 accipienda
1977 5105 2090 5170 est,
2112 5105 2178 5158 ut
2228 5166 2234 5173 ,

522 5179 636 5238 pro
661 5165 1046 5238 distinctione
1064 5165 1372 5222 sumatur.

597 5237 714 5305 (15)
756 5236 921 5312 Illud,
976 5243 1046 5310 μή
1107 5257 1160 5312 τε
1219 5238 1448 5312 69715,?!
1495 5243 1667 5312 μόνον,
1723 5240 1807 5296 sic
1861 5241 2172 5312 intellige:

523 5306 729 5376 Neque
765 5313 829 5362 tu
859 5306 1048 5365 Deum
1097 5309 1182 5366 ita
1211 5306 1407 5366 solum
1453 5306 1641 5380 dicas,
1673 5318 1738 5367 ut
1769 5306 2178 5371 excludan'lur

525 5390 818 5446 persona.

601 5450 706 5516 (16)
749 5448 1260 5526 Basiliusimpetit
1287 5469 1412 5526 eos,
1442 5453 1548 5526 qui
1579 5454 1836 5510 Verbum
1882 5460 2175 5514 aeternum

526 5531 651 5573 non
675 5534 824 5600 ‘e‘sse
867 5522 1259 5600 proﬁtentes,
1297 5522 1746 5600 arbitrabantur
1795 5527 2175 5600 intervallum

526 5586 841 5664 quoddam
866 5586 1073 5661 fuisse,
1086 5609 1209 5666 quo
1229 5586 1413 5652 Patris
1431 5597 1551 5654 vita
1568 5613 1604 5653 a
1621 5598 1742 5654 vita
1761 5597 1885 5655 Filii
1905 5599 2170 5657 distaret.

2299 3198 2398 3246 Καὶ
2447 3192 2494 3245 ἐν
2542 3199 2602 3264 τῇ
2650 3190 2864 3264 ἁληθίνῇ
2903 3209 2995 3244 του
3039 3192 3244 3262 Πατρός
3272 3187 3524 3261 ὁμολογίᾳ
3565 3182 3657 3246 δὸς
3684 3187 3773 3242 τὴν
3802 3190 3895 3235 τοῦ

2291 3285 2621 3354 γεννηθέντος
2684 3285 2814 3355 πρὸς
2879 3281 3034 3332 αὐτόν
3101 3281 3415 3352 ὁμοτιμίαν,
3481 3276 3732 3348 μνησθεὶς
3797 3280 3897 3333 τῆς

2291 3380 2383 3424 τοῦ
2433 3370 2802 3442 εὐαγγελιστοῦ
2843 3372 2954 3438 (17)
3009 3373 3325 3442 μαρτυρίας,
3380 3368 3457 3418 ὅτι
3515 3368 3719 3437 Πατέρα
3779 3361 3894 3415 ἔλε-

2290 3481 2377 3533 γεν
2426 3461 2610 3514 ἐαυτοῦ
2657 3463 2745 3512 τὸν
2785 3463 2952 3523 Θεὸν,
3003 3463 3117 3511 ἴσον
3175 3457 3354 3510 ἑαυτόν
3405 3463 3566 3508 ποιῶν
3624 3461 3695 3524 τῷ
3751 3460 3888 3523 Θεῷ.

2291 3553 2361 3604 T6
2429 3546 2489 3602 δέ
2556 3549 2756 3609 ἰσάζειν
2819 3557 2892 3618 τῷ
2965 3552 3296 3620 γεγεννηκότι
3355 3545 3492 3597 κατὰ
3564 3546 3657 3601 τὴν
3734 3544 3891 3614 φύσιν

2291 3647 2521 3703 νοεῖται,
2579 3639 2638 3690 οὐ
2696 3640 2830 3691 κατὰ
2892 3639 3142 3710 μεγέθους
3190 3640 3491 3708 σωματικοῦ
3545 3635 3892 3704 παραμέτρηο

2296 3748 2398 3784 σιν.
2456 3735 2570 3789 Πῶς
2628 3725 2686 3782 δι
2730 3728 2835 3799 οὐχ
2893 3727 3167 3799 ἁρπαγμὸν
3222 3727 3462 3796 ἡγήσατο
3509 3725 3568 3775 τὸ
3610 3720 3740 3774 εἶναι
3797 3723 3896 3772 ἶσα

2292 3822 2421 3888 Θεῷ,
2466 3818 2527 3886 εἰ,
2562 3819 2632 3880 ὡς
2672 3821 2737 3870 σὺ
2787 3815 3137 3890 βλασφημεῖς,
3184 3811 3432 3867 οὐδέποτε
3468 3815 3620 3872 ἶσοςε
3663 3815 3777 3869 Πῶς
3834 3805 3895 3862 δέ

2291 3913 2382 3960 καὶ
2437 3907 2485 3960 ἐν
2538 3916 2708 3983 μορφῇ
2761 3914 2894 3960 Θεοῦ
2933 3907 3171 3978 ὑπῆρχεν
3205 3905 3232 3956 6
3275 3905 3412 3956 κατὰ
3447 3905 3534 3954 τὸν
3583 3903 3672 3953 σὸν
3717 3899 3890 3970 λόγον,

2291 3993 2559 4070 μηδέποτε
2598 4001 2774 4069 ὅμοιος
2794 4012 2809 4062 ἶ

2363 4091 2416 4143 3.
2460 4085 2592 4138 Ἀλλ’
2639 4087 2666 4138 ό
2706 4088 2796 4158 μεν
2850 4084 3069 4158 πόλεμος
3117 4084 3424 4158 ἑκατέρωθεν
3456 4081 3580 4153 ἡμῖν
3618 4084 3889 4137 τοιοῦτος’

2290 4178 2320 4234 ἠ
2365 4173 2423 4228 δέ
2455 4173 2672 4233 ἀλήθεια
2713 4179 2830 4239 τίς;
2863 4178 3009 4231 Μὴτε
3037 4177 3102 4225 σῦ
3133 4171 3292 4245 φοϐοῦ
3327 4176 3420 4230 τὴν
3449 4177 3550 4221 τῶν
3593 4171 3892 4243 προσώπων

2289 4264 2606 4337 ὁμολογίαν,
2665 4262 2794 4314 ἀλλὰ
2856 4262 2968 4334 λέγε
3019 4266 3226 4337 Πατέρα
3271 4261 3385 4332 λέγε
3439 4263 3528 4311 καὶ
3592 4259 3750 4320 Υἱόν,
3812 4260 3887 4327 μὴ

2288 4355 2360 4407 ἐνὶ
2409 4356 2681 4426 πράγματι
2744 4349 2842 4404 δύο
2907 4352 3138 4424 ὀνόματα
3191 4344 3614 4423 ἐπιφθεγγόμενος
3666 4343 3773 4396 ἀλλ’
3837 4342 3893 4406 ἐξ

2287 4442 2530 4516 ἑκατέρας
2577 4450 2674 4503 τῆς
2718 4446 3079 4515 προσηγορίας
3128 4436 3270 4493 ἰδίαν
3317 4441 3509 4490 ἔννοιαν
3550 4432 3894 4505 διδασκόμε-

2284 4551 2388 4594 νος.
2463 4534 2606 4588 Δεινή
2657 4532 2759 4604 γὰρ
2821 4527 3163 4602 ἀγνωμοσύνη
3227 4533 3300 4602 μὴ
3373 4522 3772 4598 καταδέχεσθαι
3821 4526 3892 4577 τὰ

2287 4617 2596 4693 διδάγματα
2647 4627 2742 4672 τοῦ
2813 4622 3045 4694 Κυρίου,
3115 4618 3355 4696 εῦκρινῶς
3418 4615 3728 4676 διιστῶντος
3777 4615 3888 4684 (18)

2297 4763 2341 4800 ⁸⁸
2385 4761 2532 4819 ibid.
2570 4765 2655 4819 14.
2735 4763 2780 4797 δ’
2819 4752 3089 4832 ἱὺίάξη,
3126 4765 3210 4822 i8.
3287 4761 3410 4820 ⁸³.“
3450 4757 3680 4816 Coloss.
3718 4771 3758 4818 ι.
3791 4759 3888 4814 15.

2282 5028 2297 5041 .
2326 4960 2468 5041 Δ(17)
2511 4959 2605 5019 Sic
2629 4965 2858 5018 veteres
2879 4964 3143 5033 quatuor
3176 4959 3334 5017 libri.
3359 4959 3507 5016 Editi
3537 4965 3627 5010 τοῦ
3649 4954 3890 5027 Ebur/7o-

2285 5036 2418 5086 λίου.

2355 5103 2471 5170 (18)
2511 5102 2660 5180 Illud
2705 5104 2946 5180 εὐκρινῶς
2996 5100 3323 5172 διιστῶντος,
3355 5109 3493 5180 etc.,
3523 5101 3723 5180 inepte
3752 5098 3894 5180 qui-

2283 5173 2422 5229 dem
2453 5175 2626 5230 vertit
2649 5173 2822 5231 vetus
2851 5175 3164 5242 interpres.
3197 5193 3336 5233 cum
3369 5176 3450 5232 ita
3479 5173 3734 5244 scripsit,
3757 5177 3890 5225 tam

2283 5245 2603 5314 conspicue
2626 5260 3024 5314 personarum
3054 5248 3222 5304 nobis
3251 5247 3669 5303 atterationem
3700 5255 3889 5314 secer-

2283 5313 2480 5388 nent’is
2494 5335 2513 5371 :
2530 5313 2657 5384 sed,
2673 5323 2736 5373 ut
2751 5319 3010 5386 ingenue
3026 5317 3218 5376 fatear
3233 5320 3459 5374 nescire
3475 5314 3642 5388 quod
3655 5313 3888 5379 nescio,

2283 5387 2481 5442 dicam
2506 5404 2626 5443 non
2649 5404 2829 5444 nosse
2861 5405 2956 5444 me
2987 5389 3177 5445 ullam
3204 5407 3411 5446 vocem
3442 5387 3733 5451 Latinam,
3755 5399 3888 5456 qua

2282 5474 2400 5514 vox
2426 5462 2628 5534 Grieca
2667 5461 2896 5534 ἑτερότης
2920 5460 3081 5534 bene
3109 5462 3364 5534 exprimi
3395 5460 3607 5534 possit.
3644 5456 3759 5512 Sed
3791 5462 3886 5512 ta-

2281 5545 2423 5604 men
2451 5531 2726 5604 fortasse,
2744 5531 3078 5604 periphrasi
3102 5531 3265 5604 usus,
3288 5531 3424 5589 eam
3451 5538 3756 5604 utcunque
3783 5543 3886 5585 ex-

2281 5603 2527 5674 primes,
2547 5602 2595 5658 si
2613 5603 2697 5659 ita
2714 5601 3120 5676 interpretere,
3137 5603 3222 5663 uti
3238 5601 3607 5677 interpretati
3637 5601 3884 5663 sumne.
