4100 6196
240 277 351 330 605

889 268 1128 327 HOMIL.
1171 270 1454 326 CONTRA
1493 265 1996 332 SABELLIANOS,
2039 266 2125 321 ET
2162 266 2405 338 ARIUM,
2447 271 2532 326 ET
2569 272 2960 328 ANOMCEOS.

3494 279 3600 336 606

237 402 367 471 ἡμῖν
452 401 556 450 τῶν
638 399 929 470 προσώπων
1001 396 1094 452 τὴν
1167 395 1476 469 ἑτερότητα.
1548 395 1664 447 Ἐὰν
1739 393 1835 466 γὰρ

1949 389 2067 446 alia
2093 389 2430 456 distinguit.
2461 396 2532 451 Si
2549 397 2704 452 enim
2726 397 2949 463 abiero,
2983 396 3196 470 inquit,
3219 399 3446 469 rogabo
3475 402 3601 458 Pa-

239 487 465 552 ἆπέλθω,
525 485 676 558 φησί,
740 483 1086 558 παρακαλέσω
1153 489 1240 536 τὸν
1316 489 1542 558 Πατέρα,
1597 488 1687 536 καὶ
1742 481 1839 533 ἄλ-

235 576 324 629 λον
385 574 582 648 πέμψει
660 574 994 649 Παρακλητον
1045 576 1186 648 ὑμῖν.
1243 575 1444 628 Οὐκοῦν
1496 576 1615 636 Υἱὸς
1672 575 1761 645 μεν
1815 573 1840 622 6

233 665 575 740 παρακαλῶν,
622 670 804 739 Πατὴρ
856 661 916 717 δε
971 665 998 717 6
1043 664 1514 740 παρακαλούμενος,
1557 662 1841 738 Παράκλη-

231 775 318 816 τος
366 753 430 808 6":
460 756 488 808 6
520 753 974 828 ἀποστελλόμενος.
1019 753 1136 827 Ἆρ’
1179 755 1271 806 οὗτ
1311 754 1369 806 οὐ
1421 761 1650 828 φανερῶς
1691 751 1840 804 ἀναι-

233 852 493 917 exinni;
539 842 760 898 ἀκούων.
807 843 940 916 Ἐγὼ
997 848 1114 916 περὶ
1168 850 1261 896 τοῦ
1322 845 1467 909 Υἱοῦ,
1520 842 1734 902 Ἐκεῖνος
1783 837 1843 893 6“:

228 939 354 1007 περὶ
415 941 512 986 τοῦ
569 936 790 1006 Πατρός,
839 932 1025 994 Ἀλλος
1080 937 1199 1006 περὶ
1255 939 1346 986 τοῦ
1403 933 1696 1005 Πνεύματος
1751 936 1842 982 τοῦ

229 1023 412 1095 ἁγίου,
467 1027 560 1075 καὶ
617 1025 788 1075 πάντα
835 1024 1025 1095 φύρων,
1085 1027 1174 1074 καὶ
1218 1025 1386 1075 πάντα
1429 1025 1695 1093 συγχέων,
1753 1023 1843 1072 καὶ

228 1115 300 1166 "ui
375 1113 659 1185 πράγματι
713 1113 806 1173 τὰς
862 1114 1038 1172 πάσας
1100 1115 1460 1186 προσηγορίας
1516 1111 1840 1184 περιτιθείς,

228 1206 314 1259 Μὴ
370 1205 554 1274 μέντοι
603 1197 742 1274 μηδὶ
773 1205 840 1254 σύ
888 1201 1142 1276 ἅρπαγμα
1170 1204 1296 1275 πρὸς
1349 1203 1440 1258 τὴν
1472 1198 1709 1252 ἀσέϐειαν
1756 1198 1844 1250 λά-

225 1289 329 1364 ϐῃς
379 1295 480 1349 την
531 1299 630 1342 τῶν
681 1296 975 1365 προσώπων
1027 1286 1307 1364 διαίρεσιν.
1368 1289 1428 1343 Εἰ
1473 1308 1573 1361 γαρ
1622 1284 1841 1340 καὶδύο

225 1388 300 1450 τῷ
344 1378 583 1454 ἀριθμῶ,
615 1378 742 1431 ἀλλὰ
789 1387 851 1451 τῇ
883 1382 1032 1452 φύσει
1062 1378 1122 1432 οὐ
1153 1377 1454 1440 διέζευκται
1479 1399 1493 1412 ·
1535 1374 1659 1430 οὐδὲ
1705 1378 1730 1428 6
1778 1373 1844 1428 τά

226 1466 330 1522 δύο
361 1469 529 1540 λέγων
559 1470 582 1538 (
599 1472 678 1538 99)
705 1467 1064 1542 ,ἀλλοτρίωσιν
1112 1467 1396 1540 ἐπεισάγει.
1450 1469 1538 1528 Εἷς
1582 1469 1732 1532 Θεὸς,
1761 1467 1843 1518 ὅτι

221 1565 318 1611 καὶ
353 1564 539 1633 Πατὴρ
567 1579 582 1593 °
639 1560 712 1619 εἷς
752 1562 880 1620 Θεὸς
911 1556 971 1610 δέ
1003 1562 1093 1611 καὶ
1124 1560 1150 1611 6
1180 1561 1320 1623 Υἱὸς,
1351 1561 1442 1610 καὶ
1483 1556 1542 1609 οὐ
1587 1553 1686 1608 δύο
1713 1557 1837 1620 θεοὶ,

177 1659 192 1682 -’
222 1644 419 1706 ἐπειδὴ
473 1651 774 1705 ταυτότητα
821 1650 936 1719 ῖχει
986 1648 1012 1699 6
1057 1649 1178 1708 Υἱὸς
1225 1649 1356 1720 πρὸς
1382 1650 1469 1698 τὸν
1503 1649 1728 1717 Πατέρα.
1762 1643 1838 1696 Οὐ

217 1741 332 1811 γήρ
387 1736 552 1794 ἄλλην
605 1735 654 1789 έν
703 1740 867 1811 Πατρὶ
917 1737 1129 1809 καθαρῶ
1197 1738 1434 1802 θεότητα,
1473 1738 1566 1787 καὶ
1603 1733 1759 1791 enim
1791 1731 1838 1784 ἐν

222 1828 333 1897 figi
366 1846 382 1860 ·
438 1822 560 1878 οὐδ’
598 1825 772 1897 ἑτέραν
821 1828 977 1897 φύσιν
1016 1824 1233 1891 ὶκςὶνην,
1265 1829 1355 1877 καὶ
1403 1825 1576 1899 ἑτέραν
1621 1823 1834 1880 ταύτην.

219 1914 336 1969 ἰνα
377 1917 472 1987 μὶν
521 1923 610 1967 οῦν
637 1917 876 1988 τρανωθῇ
929 1933 1012 1966 σοι
1053 1923 1152 1966 τῶν
1193 1919 1486 1988 προσώπων
1516 1914 1547 1971 η
1609 1908 1833 1976 ἰδιότης,

219 2006 444 2078 ἀρίθμει
494 2000 608 2076 ἰδίᾳ
653 2009 876 2077 Πατέρα,
925 2007 1015 2055 καὶ
1056 2000 1171 2076 ἰδίᾳ
1218 2009 1335 2056 Υὶόν
1365 2024 1377 2036 ο
1437 2005 1519 2054 ἵνα
1562 1999 1620 2055 δὲ
1663 2001 1734 2074 μὴ
1768 2000 1836 2062 εἰς

221 2093 509 2147 πολυθείαν
562 2091 924 2165 ἀποσχισθξκ,
972 2097 1096 2166 μίαν
1125 2092 1364 2165 ὁμολόγει
1403 2091 1482 2145 ἐπ’
1513 2090 1698 2165 ἀμφοῖν
1743 2095 1836 2149 τὴν

222 2183 438 2235 οὐσίαν.
473 2183 628 2234 Οὕτω
676 2187 764 2235 οιαὶ
820 2181 1089 2244 Σαϐέλλιος
1135 2185 1332 2250 πίπτει,
1381 2184 1472 2234 καὶ
1519 2181 1835 2254 ὀἈνόμοιος

225 2271 482 2347 συντριϐη
495 2290 662 2327 σεται.

299 2366 359 2418 4.
401 2369 544 2414 Οταν
597 2359 658 2414 δέ
702 2365 829 2414 εἴπω
867 2365 991 2434 μίαν
1028 2360 1234 2426 οὐσίαν,
1291 2364 1360 2434 μὴ
1397 2356 1495 2412 δύο
1525 2359 1580 2423 ἐξ
1608 2358 1711 2422 ἑνὸς
1750 2376 1837 2430 με-

225 2454 485 2526 ρισθέντα
530 2456 655 2515 νόει,
704 2449 811 2503 ἀλλ’
867 2450 922 2504 ἐκ
979 2459 1072 2512 τῆς
1121 2448 1297 2524 ἀρχῆς
1344 2457 1435 2503 τοῦ
1487 2453 1691 2524 Πατρός
1746 2450 1834 2500 τὸν

225 2546 355 2598 Υἰὸν
405 2543 732 2610 ὑποστάντα,
794 2540 853 2594 οὐ
903 2544 1108 2614 Πατέρα
1165 2544 1252 2592 καὶ
1303 2541 1420 2593 Υἰὸν
1469 2541 1523 2593 ἐκ
1571 2545 1694 2613 μιᾶς
1741 2538 1833 2592 οὗ·-

230 2637 358 2694 σίας
398 2632 788 2703 ὑπερκειμένης.
850 2629 924 2682 Οὐ
990 2632 1093 2704 γὰρ
1143 2625 1342 2701 ἀδελφὰ
1413 2627 1644 2701 λέγομεν,
1707 2627 1836 2682 ἀλλά

229 2725 444 2793 Πατέρα
499 2724 591 2772 καὶ
643 2723 760 2772 Υίόν
833 2718 1198 2791 ὁμολογοῦμεν.
1262 2721 1332 2771 T6
1381 2714 1440 2771 δε
1503 2725 1594 2778 τῆς
1649 2717 1834 2780 οὐσίας

227 2815 443 2877 ταυτὸν,
480 2807 658 2867 ἐπειδὴ
710 2809 765 2863 ἐκ
794 2817 886 2861 τοῦ
938 2813 1142 2883 Πατρός
1189 2809 1216 2860 ὁ
1265 2809 1401 2872 Υἱὸς,
1455 2807 1513 2860 οὐ
1570 2810 1834 2882 προστάγ-

228 2920 364 2972 ματι
427 2901 690 2966 ποιηθεὶς,
749 2898 856 2950 ἀλλ’
913 2898 967 2950 ἐκ
1012 2906 1104 2959 τῆς
1157 2901 1353 2970 φύσεως
1389 2899 1684 2968 γεννηθείςο
1739 2897 1833 2950 οὐκ

227 2989 606 3063 ἁπομερισϐεἱς
672 2995 766 3041 τοῦ
835 2991 1056 3063 Πατρός.
1134 2986 1263 3039 ἀλλά
1344 2991 1576 3060 μένοντος
1639 2986 1833 3039 τελείου

230 3080 420 3140 τέλειος
490 3077 828 3150 ἀπολάμψας.
908 3081 1008 3130 Καὶ
1077 3077 1148 3149 μή
1225 3096 1315 3148 μοι
1393 3072 1833 3150 περιδραμόντες,

231 3172 351 3222 ὅσοι
410 3171 440 3227 ἦ
499 3173 571 3241 μὴ
626 3167 825 3228 τελείως
874 3174 982 3229 τοῖς
1040 3166 1328 3239 λεγομένοις
1404 3166 1834 3233 ἠκολουθήσατε,

229 3261 262 3318 ἦ
327 3263 461 3333 πρὸς
516 3259 759 3333 ἐπήρειαν
807 3259 948 3330 ἡμᾶς
993 3261 1387 3332 περιεστήκατε,
1441 3255 1501 3308 οὐ
1553 3255 1726 3308 λαϐεῖν
1785 3275 1836 3307 τι

205 3349 358 3424 ’παρ’
423 3351 572 3420 ἡμῶν
642 3347 891 3419 ὠφελιμον
962 3346 1345 3408 ἐπιζητοῦντες.
1403 3344 1532 3397 ἀλλά
1586 3345 1837 3398 λαϐέσθαι

233 3444 371 3500 τινὸς
448 3445 550 3490 τῶν
615 3436 896 3510 λεγομένων
973 3436 1370 3509 ἐπιτηροῦντες,
1444 3436 1621 3493 εἴπητε
1647 3455 1660 3469 ·
1738 3437 1836 3488 Δύο

239 3531 388 3590 θεοὺς
453 3530 748 3600 κηρύσσει,
819 3524 1094 3578 πολυθείαν
1162 3523 1516 3597 καταγγελλει.
1591 3524 1667 3578 Οὐ
1738 3521 1836 3577 δύο

240 3620 380 3670 θεοῦ
424 3613 549 3669 οὐδε
586 3618 688 3688 γάρ
740 3611 840 3668 δύο
895 3618 1133 3691 πατέρες.
1172 3615 1230 3666 Ὀ
1273 3617 1364 3688 μεν
1397 3613 1573 3689 ἀρχὰς
1611 3614 1835 3686 εἰσάγων

239 3704 334 3760 δύο
387 3702 488 3759 δύο
550 3708 797 3778 κηρύττει
873 3705 1038 3766 θεούς.
1095 3711 1339 3766 Τοιοῦτος
1396 3700 1455 3756 δε
1511 3703 1621 3757 ἐστι
1692 3711 1837 3779 Μαρ-

234 3805 376 3865 κίων,
429 3801 521 3848 καὶ
575 3799 738 3856 εἴτις
785 3793 956 3866 ἐκείνῳ
1005 3799 1099 3852 τὴν
1146 3793 1383 3847 ἀσέϐειαν
1441 3794 1830 3870 παραπλήσιος.

239 3893 333 3940 Καὶ
414 3885 571 3939 πάλιν
627 3886 653 3936 6
725 3883 1015 3957 έτερούσιον
1081 3883 1236 3955 λέγων
1305 3887 1392 3937 τὸν
1470 3887 1832 3956 γεγεννημένον

235 3981 359 4051 πρὸς
415 3979 502 4028 τὸν
561 3979 902 4046 γεννήσαντα,
963 3969 1060 4026 δύο
1113 3978 1202 4026 καὶ
1263 3970 1414 4036 οὗτος
1477 3973 1611 4046 λέγει
1665 3976 1829 4040 θεοὺς,

233 4063 324 4118 διὰ
377 4069 478 4124 τήν
530 4072 621 4125 τῆς
664 4063 844 4124 οὐσίας
897 4061 1266 4136 ἀνομοιότητώ
1292 4067 1350 4116 τὸ
1400 4063 1644 4117 πολύθεον
1692 4083 1832 4139 παρ-

232 4159 477 4227 εισάγων,
514 4153 576 4207 Εἰ
624 4156 726 4225 γάρ
778 4157 878 4225 μία
931 4156 1020 4225 μὲν
1075 4155 1253 4214 θεὸτης
1299 4151 1596 4225 ἀγέννητος,
1627 4158 1726 4225 μία
1773 4150 1832 4206 δὲ

231 4248 473 4316 γωνητή,
524 4245 591 4295 σὺ
645 4239 692 4295 εἶ
738 4243 765 4294 6
814 4246 906 4301 τὴν
957 4242 1232 4295 πολυθείαν
1275 4245 1580 4318 κηρύσσων.
1615 4242 1834 4296 ἐναντίον

231 4338 319 4406 μὴ
369 4333 538 4404 λέγων
577 4329 708 4385 εἶναι
763 4335 820 4384 τὸ
875 4331 1149 4405 ἀγέννητον
1205 4339 1275 4403 τῷ
1326 4341 1570 4404 γεννητῷ,
1601 4332 1832 4396 ἐναντίας

1948 483 2120 547 trem,
2150 487 2205 536 et
2237 483 2424 539 alium
2454 485 2846 542 Paracletum
2886 492 3079 543 mittet
3112 488 3273 544 vobis
3300 490 3367 542 ‘7.
3398 493 3602 562 Itaque

1953 569 2127 624 Filius
2153 575 2243 625 est
2289 572 2393 643 qui
2422 580 2615 642 rogat,
2649 579 2816 631 Pater
2853 581 2942 631 est
2966 577 3070 648 qui
3101 582 3372 646 rogatur,
3431 581 3605 636 Para-

1949 657 2138 714 cletus
2178 677 2320 716 vero
2370 665 2474 735 qui
2518 665 2789 722 mittitur.
2829 669 3038 722 Nonne
3086 682 3230 736 ergo
3260 675 3466 740 aperte
3495 669 3604 725 im-

1949 749 2186 820 pudens
2215 767 2302 818 es,
2325 752 2429 824 qui
2457 769 2596 809 cum
2640 755 2874 820 audias,
2903 757 3048 826 Ego,
3083 755 3158 811 de
3191 755 3353 819 Filio,
3373 759 3505 825 Iit-le,
3529 758 3604 816 de

1953 840 2141 906 Patre,
2193 841 2393 900 Alius.
2448 843 2524 897 de
2579 843 2801 915 Spiritu
2859 850 3091 912 sancto,
3142 845 3361 900 misces
3401 853 3604 905 tamen

1951 927 2181 996 omnia,
2207 931 2531 1003 omniaque
2561 932 2904 998 confundis,
2925 938 2982 990 et
3011 933 3098 989 rei
3119 933 3220 989 uni
3247 934 3456 990 tribuis
3495 951 3600 1006 ep-

1954 1017 2304 1089 pellationes
2335 1019 2590 1075 omnes?
2638 1021 2909 1078 Vicissim
2959 1038 3156 1096 neque
3198 1027 3260 1078 tu
3309 1023 3386 1079 ad
3418 1023 3600 1080 stabi-

1949 1107 2220 1162 liendum
2248 1109 2615 1180 impietatem
2645 1113 2868 1167 sumito
2899 1114 3293 1168 secretionem
3316 1128 3602 1184 persona-

1952 1213 2108 1253 rum.
2162 1199 2281 1254 Etsi
2325 1200 2486 1255 enim
2529 1201 2651 1256 duo
2681 1206 2821 1257 sunt
2848 1217 3125 1268 numero,
3159 1210 3356 1258 tamen
3383 1209 3602 1260 natura

1951 1302 2075 1343 non
2117 1293 2256 1344 sunt
2297 1288 2583 1359 disjuncti
2631 1307 2644 1345 :
2696 1306 2892 1363 neque
2921 1291 3025 1361 qui
3055 1291 3178 1346 duo
3209 1292 3350 1347 dicit
3377 1291 3598 1348 aliena-

1953 1380 2178 1434 tionem
2227 1378 2482 1435 inducit.
2527 1382 2689 1437 Unus
2731 1384 2886 1436 Deus
2933 1387 2990 1436 et
3035 1383 3224 1450 Pater,
3248 1397 3406 1436 unus
3444 1384 3600 1436 Deus

1953 1475 2007 1525 et
2034 1468 2233 1535 Filius,
2261 1484 2382 1524 non
2414 1469 2498 1524 dii
2542 1469 2687 1533 duo,
2712 1487 2852 1526 cum
2888 1470 3067 1526 Filius
3099 1469 3469 1526 identitatem
3499 1470 3632 1528 ha-i

1948 1557 2090 1613 beat
2119 1574 2253 1613 cum
2289 1560 2480 1614 Patre.
2516 1563 2642 1615 Non
2673 1561 2833 1616 enim
2867 1560 3049 1615 aliam
3071 1559 3132 1614 in
3172 1563 3334 1615 Patre
3366 1561 3604 1616 intueor

1950 1647 2342 1714 divinitatem,
2377 1648 2559 1704 aliam
2587 1649 2648 1705 in
2677 1649 2854 1716 Filio;
2886 1665 3084 1721 neque
3114 1648 3296 1705 aliam
3323 1655 3603 1705 naturam

1948 1736 2134 1804 illam,
2159 1745 2216 1793 et
2235 1737 2417 1792 aliam
2435 1738 2613 1794 hanc.
2639 1739 3050 1804 Quamobrem
3085 1738 3404 1811 perspicua
3434 1746 3498 1792 ut
3527 1737 3604 1794 sit

1949 1827 2057 1883 tibi
2107 1843 2508 1899 personarum
2548 1829 2907 1901 preprietas,
2961 1843 3218 1884 numera
3275 1827 3603 1900 separatim

1948 1917 2209 1981 Patrem,
2245 1922 2301 1972 et
2331 1917 2655 1990 separatim
2690 1917 2897 1974 Filium
2935 1936 2948 1972 :
2980 1917 3088 1973 sed
3111 1933 3186 1973 ne
3219 1916 3513 1972 scindaris
3540 1916 3601 1972 in

1947 2005 2396 2063 multitudinem
2455 2007 2733 2075 deorum,
2773 2023 2962 2062 unam
3004 2007 3065 2062 in
3111 2015 3366 2078 utroque
3395 2021 3599 2062 essen-

1946 2097 2093 2153 tiam
2125 2095 2472 2155 conﬁteare.
2504 2100 2589 2153 Ita
2605 2103 2662 2153 et
2689 2096 2982 2153 Sabellius
2999 2095 3176 2163 cadit,
3195 2101 3252 2152 et
3271 2102 3600 2150 Anomosus

1945 2191 2312 2242 conteretur.

2016 2367 2070 2422 4.
2091 2366 2205 2422 Sed
2231 2381 2368 2422 cum
2403 2363 2727 2422 essentiam
2745 2381 2930 2422 unam
2954 2365 3092 2422 dico
3117 2381 3281 2435 ,cave
3303 2363 3599 2437 intelligas

1945 2453 2070 2511 duo
2099 2471 2172 2511 ex
2206 2471 2327 2512 uno
2356 2456 2566 2524 divisa,
2611 2457 2715 2511 sed
2759 2472 2829 2512 ex
2874 2455 3170 2528 principio
3212 2452 3385 2510 Patre
3425 2455 3594 2526 192

1947 2544 2158 2600 Filium
2189 2545 2642 2614 subsistentem,
2665 2561 2784 2601 non
2813 2547 3046 2600 Patrem
3070 2551 3125 2600 et
3150 2543 3358 2599 Filium
3380 2559 3452 2598 ex
3479 2556 3600 2598 una

1946 2635 2255 2706 superiore
2293 2635 2557 2692 essentia
2605 2640 3000 2703 emergentes.
3037 2637 3162 2690 Non
3195 2633 3357 2688 enim
3387 2632 3599 2688 fratres

1943 2723 2226 2780 dicimus.
2259 2724 2365 2780 sed
2397 2728 2628 2781 Patrem
2651 2731 2704 2780 et
2727 2724 2939 2779 Filium
2975 2725 3357 2779 conﬁtemur.
3390 2727 3461 2777 At
3501 2736 3599 2776 es-

1944 2814 2149 2869 sentia:
2197 2813 2484 2870 identitas
2539 2819 2647 2883 est,
2705 2815 2851 2888 quia
2910 2830 2977 2870 ex
3015 2816 3182 2869 Patre
3233 2812 3436 2880 Filius,
3479 2825 3600 2866 non

1943 2909 2250 2976 prie—cepto
2280 2902 2492 2972 factus,
2516 2903 2623 2958 sed
2645 2919 2717 2958 ex
2742 2911 2956 2959 natura
2978 2904 3236 2974 genitus,
3256 2917 3381 2958 non
3411 2899 3600 2956 disse-

1947 3000 2078 3048 ctus
2134 3009 2171 3048 a
2211 2995 2395 3058 Patre,
2431 2992 2537 3046 sed
2567 3008 2638 3048 eo
2680 2999 2961 3048 manente
3012 2992 3272 3064 perfecto
3304 2989 3600 3062 perfectus

1876 3074 1919 3131 C
1947 3081 2321 3136 illucescens.
2349 3084 2415 3135 Et
2441 3081 2608 3144 mihi,
2633 3088 2934 3152 quotquot
2959 3086 3063 3136 aut
3087 3095 3209 3134 non
3239 3078 3493 3150 perfecte
3513 3075 3602 3132 di-

1947 3175 2044 3226 cta
2086 3171 2344 3225 assecuti
2371 3170 2532 3233 estis,
2558 3176 2662 3225 aut
2692 3167 3110 3224 calumniandi
3145 3182 3332 3222 causa
3350 3181 3462 3221 nos
3487 3164 3600 3220 cir-

1947 3259 2279 3328 cumstatis,
2310 3275 2432 3315 non
2463 3263 2802 3331 quaerentes
2832 3263 2896 3313 ut
2923 3274 2997 3314 ex
3041 3256 3215 3312 nobis
3243 3254 3468 3328 aliquid
3503 3269 3601 3310 ca-

1945 3350 2126 3422 piatis
2154 3349 2691 3413 emolumenti.sed
2722 3347 3120 3404 observantes
3152 3351 3214 3402 ut
3244 3344 3469 3418 aliquid
3503 3359 3599 3400 eo-
3675 3363 3683 3370 ’

1945 3457 2082 3498 rum
2111 3456 2250 3512 quae
2280 3440 2538 3496 dicimus
2588 3440 2869 3512 carpatis,
2926 3453 3001 3495 ne
3056 3438 3599 3493 circumcursantes

1944 3531 2215 3588 dixeritis
2241 3547 2254 3586 :
2289 3530 2580 3586 Prazdicat
2603 3529 2751 3585 deos
2781 3528 2959 3598 duos,
2990 3527 3242 3584 deorum
3275 3523 3604 3582 multitudi-

1943 3637 2087 3678 nem
2109 3623 2587 3676 annuntiat.Non
2625 3624 2765 3674 sunt
2785 3617 2868 3674 dii
2891 3617 3242 3688 duo,neque
3273 3615 3435 3671 enim
3461 3616 3602 3669 sunt

1944 3710 2068 3766 duo
2096 3716 2313 3782 patres.
2354 3709 2645 3781 Principia
2692 3709 2816 3764 duo
2855 3708 2961 3780 qui
2991 3705 3247 3774 inducit,
3273 3705 3419 3759 deos
3443 3701 3600 3757 duos

1945 3799 2256 3873 praedicat.
2295 3797 2452 3856 Talis
2484 3805 2684 3854 autem
2714 3803 2807 3853 est
2833 3797 3110 3861 Marcion,
3148 3799 3205 3850 et
3251 3793 3305 3849 si
3351 3791 3488 3865 quis
3517 3788 3600 3846 illi

1944 3887 2154 3944 similis
2184 3889 2259 3944 sit
2287 3887 2611 3959 impietate.
2645 3892 2726 3942 Ac
2756 3902 2987 3954 rursus,
3016 3883 3120 3958 qui
3147 3882 3422 3939 Genitum
3453 3879 3600 3936 alte-

1942 3979 2067 4034 rius
2099 3980 2377 4034 essentiaa
2408 3993 2445 4034 ει
2475 3977 2750 4033 Genitore
2782 3991 2917 4030 esse
2955 3975 3119 4043 dicit,
3149 3973 3200 4029 is
3228 3987 3474 4045 quoque
3503 3969 3599 4026 di-

1943 4067 2018 4124 cit
2050 4068 2199 4123 deos
2230 4067 2409 4130 duos,
2443 4067 2523 4124 ob
2553 4065 2826 4122 essentia:
2855 4062 3411 4120 dissimilitudinem
3442 4057 3600 4116 mul-

1943 4158 2262 4214 titudinem
2289 4159 2544 4213 deorum
2576 4157 2893 4213 inducens.
2923 4155 3155 4210 Etenim
3183 4153 3231 4209 si
3261 4167 3385 4208 una
3405 4154 3494 4207 est
3513 4149 3598 4206 di-

1942 4248 2164 4303 vinitas
2194 4246 2485 4316 ingenita,
2526 4262 2650 4302 una
2675 4261 2816 4302 vero
2855 4245 3077 4316 genita,
3109 4249 3170 4300 tu
3196 4258 3260 4298 es
3306 4239 3601 4315 qui.deo-

1943 4353 2081 4394 rum
2113 4337 2411 4410 praedicas
2452 4335 2918 4406 multitudinem,
2955 4351 3095 4390 cum
3128 4332 3466 4404 lngenitum
3498 4332 3602 4386 Ge-

234 4419 289 4475 δὲ
329 4419 581 4480 δηλονότι
624 4425 714 4474 καὶ
768 4423 863 4482 τάς
925 4421 1104 4482 οὐσίας
1133 4423 1430 4494 τιθεμενοςο
1490 4425 1627 4493 εἰπερ
1679 4421 1834 4473 οὐσὶα

1949 4428 2072 4482 nito
2095 4426 2464 4481 contrarium
2495 4425 2684 4492 dicas,
2709 4429 3065 4496 statuasque
3098 4423 3391 4480 essentias
3418 4422 3599 4477 etiam

229 4515 318 4586 μὶν
368 4519 464 4566 τοῦ
527 4515 725 4586 Πατρός
768 4513 797 4569 η
844 4509 1144 4583 ἀγεννησία.
1186 4510 1344 4562 οὐσία
1391 4507 1450 4563 6“:
1495 4511 1585 4562 τοῦ
1626 4512 1748 4562 Υἰοῡ
1799 4513 1828 4568 ἡ

232 4608 497 4673 γέννησις.
539 4607 700 4654 Ὥστε
753 4599 812 4653 οὗ
863 4597 960 4654 δὺο
1003 4603 1158 4674 μόνον
1197 4603 1312 4670 (20)
1367 4602 1532 4666 θεοὺς,
1563 4597 1691 4653 ἀλλά
1745 4605 1834 4652 καὶ

233 4696 571 4764 μαχομένους
628 4689 866 4752 ἀλληλοις
906 4689 1070 4762 λέγεις
1098 4730 1112 4744 .
1162 4687 1252 4742 καὶ
1307 4693 1364 4742 τὸ
1409 4685 1727 4759 δεινότατον,
1773 4693 1833 4743 οὐ

231 4785 569 4857 προαιερέσει
620 4776 809 4842 διδοὺς
877 4785 972 4838 τὴν
1015 4782 1222 4852 μάχην,
1283 4777 1410 4830 ἀλλὰ
1459 4783 1654 4851 φνσίκῇ
1717 4776 1835 4832 δια-

236 4874 437 4933 στάσει,
510 4865 780 4943 μηδέποτε
849 4868 1010 4922 ὒθεῑν
1092 4870 1162 4930 εἰς
1221 4868 1484 4943 εἰρηνικὴν
1570 4867 1834 4941 σύμϐασιν

235 4955 518 5032 δυναμένη.
577 4956 716 5011 Ἀλλ’
770 4959 796 5010 ὁ
852 4965 948 5020 τῆς
1020 4956 1263 5018 ἀληθείας
1325 4956 1476 5030 λόγος
1529 4957 1834 5032 ἑκατέρωθεν

231 5052 296 5102 τὰ
354 5051 719 5121 ένουτιωματα
781 5045 1142 5120 διαπέφευγεν.
1200 5047 1366 5101 Ὀπου
1422 5050 1522 5122 γὰρ
1591 5053 1691 5120 μία
1743 5051 1834 5121 μεν

233 5139 264 5196 ἡ
314 5137 483 5213 ἀρχὴ,
537 5139 586 5190 έν
628 5133 688 5189 δε
725 5139 786 5188 τὸ
833 5136 888 5200 ἐξ
939 5137 1121 5204 αὐτῆς,
1167 5143 1257 5190 καὶ
1297 5137 1344 5190 ἓν
1383 5141 1472 5212 μεν
1519 5142 1578 5190 τὸ
1613 5136 1835 5212 ἀρχέτυ-

305 5282 346 5316 ⁴⁷
386 5283 539 5338 Joan
568 5295 688 5348 xxv,
717 5282 798 5334 16.

303 5437 418 5506 (19)
460 5434 607 5491 Editi
652 5433 815 5507 λέγων
845 5437 1139 5507 πρόσωπα.
1174 5435 1303 5507 νφιᾉ
1342 5432 1554 5490 ultima
1580 5433 1639 5507 in
1673 5450 1822 5507 mss.

240 5519 353 5632 29:1
381 5504 704 5578 invenitur,
719 5504 808 5562 'ob
840 5504 1021 5579 idque
1048 5520 1184 5562 eam
1211 5505 1408 5562 delere
1439 5521 1561 5561 non
1601 5504 1832 5561 dubita-

299 5594 447 5635 mus.

1947 4517 2126 4590 plane
2158 4515 2492 4572 contrarias
2525 4533 2538 4570 :
2573 4515 2874 4588 siquidem
2921 4516 3182 4570 essentia
3224 4513 3412 4570 Patris
3441 4513 3603 4567 esset

1944 4605 2335 4678 ingeneratio,
2383 4605 2646 4662 essentia
2683 4621 2822 4661 vero
2854 4605 3001 4672 Filii,
3030 4603 3364 4676 generatio.
3405 4603 3601 4668 Quare

1944 4712 2070 4753 non
2097 4695 2254 4751 duos
2284 4694 2468 4751 modo
2497 4693 2669 4758 deos,
2703 4694 2810 4751 sed
2855 4710 2960 4750 eos
2999 4695 3181 4751 etiam
3211 4694 3364 4748 inter
3401 4706 3464 4746 se
3495 4705 3602 4763 pu-

1945 4791 2202 4858 gnantes
2239 4783 2426 4840 dicis:
2460 4783 2698 4856 etquod
2739 4783 3170 4858 gravissimum
3201 4788 3310 4849 est,
3348 4794 3472 4834 non
3503 4777 3598 4832 tri—

1943 4873 2081 4930 buis
2111 4889 2383 4946 pugnam
2415 4875 2728 4948 proposito
2750 4873 2958 4940 animi,
2995 4872 3102 4928 sed
3133 4867 3393 4926 naturali
3421 4866 3596 4920 dissi-

1946 4962 2070 5031 dio,
2103 4962 2272 5035 quod
2303 4979 2425 5019 non
2449 4964 2642 5036 possit
2669 4979 2940 5035 unquam
2971 4961 3049 5016 ad
3090 4957 3404 5031 paciﬁcam
3452 4969 3596 5009 con-

1945 5053 2218 5110 cordiam
2250 5053 2474 5110 venire.
2493 5059 2564 5109 At
2584 5053 2844 5108 veritatis
2865 5049 3140 5106 doctrina
3160 5064 3229 5101 ea
3247 5060 3385 5117 qua:
3413 5043 3596 5098 utrin-

1943 5157 2063 5217 que
2093 5143 2246 5199 inter
2275 5159 2339 5199 se
2369 5146 2665 5216 pugnant,
2691 5139 3031 5197 declinavit.
3071 5137 3175 5193 Ubi
3202 5133 3364 5190 enim
3405 5147 3596 5192 unum

2016 5429 2125 5495 (20)
2185 5427 2337 5505 Editi
2385 5430 2594 5505 μένους.
2618 5423 3060 5505 ⁸Ληῖἰςυὶῌίτθε.
3093 5423 3228 5505 libri
3279 5429 3452 5505 μόνον.
3487 5425 3598 5482 Ali-

1943 5493 2175 5573 quanto
2197 5504 2332 5573 pOst
2363 5493 2506 5552 editi
2531 5502 2588 5552 et
2617 5498 2757 5567 Reg.
2793 5493 2997 5552 tertius
3027 5493 3338 5572 δυναμένην.
3363 5503 3595 5556 Atmss.

1944 5577 2063 5629 tres
2087 5569 2372 5629 δυναμένη.
