4100 6196
536 295 641 355 607

1886 288 1946 347 S.
2004 284 2253 344 BASILII
2311 286 2551 347 MAGNI.

3796 292 3904 349 608

537 414 626 478 est
649 416 1034 493 principium,
1059 423 1117 475 et
1154 432 1345 473 unum
1375 416 1542 489 quod
1569 431 1641 472 ex
1662 414 1794 488 ipso
1818 418 1908 470 est
1940 411 2037 468 ubi
2062 426 2185 468 rurs

2302 431 2397 464 πον
2453 415 2551 484 μία
2598 408 2657 466 δι
2712 413 2743 471 ἡ
2794 412 2962 479 εἰκὼν,
2995 412 3022 464 ὁ
3060 420 3155 474 τῆς
3206 410 3445 473 ένότητος
3479 410 3631 483 λόγος
3678 416 3735 465 ού
3787 410 3908 467 δια-

534 524 640 565 sus
670 526 856 565 unum
878 514 970 564 est
990 506 1320 578 exemplar,
1342 513 1398 561 et
1429 507 1633 573 imago
1652 520 1796 562 una.
1828 502 2074 558 unitatis
2097 516 2189 556 ra-

538 598 617 655 tio
648 599 1125 671 haudquaquam
1159 594 1581 652 labefactatur.
1613 595 1992 665 Quapropter
2020 589 2193 646 Filius

536 702 610 744 ex
640 691 803 744 Patre
834 703 940 761 per
967 685 1220 742 modum
1253 684 1658 753 generationis
1690 683 1974 746 existens,
2000 685 2058 735 et
2085 696 2191 735 na-

534 778 799 834 turaliter
826 778 885 832 in
917 776 1240 848 semetipso
1260 778 1492 831 Patrem
1519 774 1885 845 exprimens,
1904 776 1966 827 ut
1990 771 2192 841 imago

534 866 804 939 quidem,
846 865 1296 933 integerrimam
1325 864 1965 934 absolutissimamque
2010 860 2195 916 habet

536 954 991 1010 similitudinem
1018 973 1030 1021 ;
1057 960 1119 1011 ut
1144 955 1420 1028 genitura
1442 949 2193 1013 vero.consubstantialita-

534 1047 654 1099 tem
689 1050 909 1101 servat.
943 1048 1143 1117 Neque
1176 1044 1336 1100 enim
1370 1060 1475 1115 qui
1504 1045 1564 1097 in
1597 1042 1727 1097 foro
1756 1040 2080 1105 imaginem
2104 1055 2191 1094 re-

536 1132 699 1201 giam
758 1133 1039 1197 intuetur,
1080 1138 1137 1189 et
1176 1148 1379 1201 regem
1412 1131 1555 1187 dicit
1585 1147 1722 1186 cum
1757 1129 1864 1202 qui
1893 1129 1953 1184 in
1986 1127 2192 1184 tabula

539 1228 652 1291 est,
695 1222 1013 1277 conﬁtetur
1050 1238 1223 1291 reges
1251 1222 1425 1287 duos,
1456 1220 1807 1293 imaginem,
1848 1222 1907 1275 et
1924 1233 2063 1274 eum
2093 1233 2193 1273 cu-

529 1311 628 1383 jus
654 1312 856 1383 imago
880 1317 967 1366 est
999 1328 1013 1366 :
1048 1326 1245 1383 neque
1290 1310 1339 1366 si
1386 1310 1601 1366 dixerit
1631 1328 1643 1365 :
1677 1310 1778 1365 Hic
1808 1313 1896 1364 est
1943 1324 2067 1375 rex,
2099 1322 2193 1363 os-

532 1400 787 1456 tendens
831 1398 1103 1455 videlicet
1155 1414 1296 1455 eum
1353 1399 1457 1472 qui
1501 1399 1562 1454 in
1594 1398 1806 1455 tabula
1853 1398 2049 1470 pictus
2078 1401 2188 1463 est,

533 1488 821 1545 continuo
861 1488 1173 1561 exemplar
1200 1488 1399 1561 ipsum
1433 1488 1840 1561 appellatione
1870 1486 2029 1555 regis
2066 1485 2191 1558 pri-

531 1582 655 1632 vat.
706 1580 830 1633 lmo
858 1593 1024 1640 vero,
1066 1577 1213 1634 dum
1247 1578 1361 1634 hoc
1391 1580 1545 1634 conti
1559 1583 1733 1641 tetur,
1755 1576 1807 1632 ei
1838 1576 2191 1649 dignitatem

531 1664 816 1721 ﬁrmavit.
847 1669 995 1723 Nam
1018 1667 1068 1724 si
1099 1668 1304 1741 imago
1328 1683 1429 1723 rex
1460 1673 1570 1736 est,
1606 1666 1874 1739 profecto
1898 1666 2033 1736 juie
2081 1680 2190 1738 po-

2302 504 2564 575 φθείρεται
2607 502 2740 569 (2i).
2782 507 2924 557 Διότι
2961 510 3213 573 γεννητώς
3251 501 3507 575 ύπάρχων
3555 500 3611 554 έκ
3655 510 3748 556 τού
3797 511 3905 557 Ila-

2300 595 2422 665 τρός
2479 594 2505 644 ὁ
2554 594 2692 657 Υἱός,
2748 598 2839 644 καὶ
2896 600 3128 663 φυσικῶς
3181 590 3413 644 ἐκτυπῶν
3480 589 3527 642 ἐν
3586 591 3752 663 ἐαυτῷ
3812 596 3904 646 τόν

2302 684 2527 755 Πατέρα,
2563 684 2630 744 ὡς
2683 686 2773 754 μεν
2830 682 2997 747 εἰκὼν,
3059 684 3119 734 τό
3178 678 3567 754 ἀπαράλλακτον
3634 683 3768 753 ἔχει.
3832 685 3906 746 ὡς

2302 766 2361 824 δι
2386 774 2617 843 γέννημα
2640 773 2773 841 (22),
2805 776 2865 824 τό
2912 773 3188 844 ὃμοούσιον
3243 767 3521 831 διασώζει.
3576 767 3717 825 οάδι
3744 774 3847 847 γὰρ
3877 774 3904 826 ό

2299 863 2435 913 κατὰ
2496 866 2590 919 την
2656 860 2849 935 ἀγορὰν
2905 870 2967 934 τῇ
3048 860 3301 933 βασιλικῇ
3361 861 3519 914 εἰκόνι
3578 860 3900 931 ένατενίζων,

2299 954 2391 1003 καὶ
2440 950 2666 1024 βασιλέα
2712 951 2865 1005 λέλων
2910 955 2998 1004 τὸν
3050 951 3100 1004 ἐν
3151 960 3223 1022 τῷ
3274 954 3473 1017 πίνακι,
3498 948 3596 1005 δύο
3646 950 3904 1024 βασιλέας

2300 1040 2555 1113 ὁμολογεῖ,
2588 1046 2684 1099 τήν
2733 1061 2786 1095 τε
2835 1041 3026 1107 εἰκόνα,
3068 1045 3159 1094 καὶ
3207 1044 3293 1093 τόν
3344 1041 3402 1094 οὗ
3450 1040 3590 1094 ἔστιν
3644 1044 3673 1100 ἡ
3727 1042 3901 1101 εἰκών.

2300 1129 2434 1201 οὔτε,
2492 1130 2596 1195 ἐὰν,
2648 1127 2827 1194 δείξας
2870 1134 2955 1183 τόν
3007 1130 3054 1184 ἐν
3133 1140 3206 1201 τῷ
3278 1136 3458 1183 πίνακι
3518 1138 3902 1207 γεγραμμένον,

2299 1223 2417 1292 εἴπῃ
2445 1241 2457 1255 ·
2506 1220 2671 1281 Οὗτός
2717 1218 2858 1273 ἐστιν
2901 1222 2928 1273 ό
2978 1219 3245 1293 βασιλεύς,
3290 1219 3614 1295 ἀπεστέρησε
3663 1226 3719 1274 τό
3748 1242 3904 1295 πρω-

2298 1312 2518 1362 τότυπον
2590 1319 2683 1371 τῆς
2746 1318 2837 1363 τοῦ
2910 1309 3168 1383 βασιλέως
3237 1330 3619 1385 προσηγοριας.
3691 1311 3902 1366 Μᾶλλον

2298 1402 2387 1471 μὶν
2442 1395 2529 1451 οὖν
2585 1398 2757 1472 ἐκείνῳ
2809 1404 2903 1458 την
2944 1404 3101 1471 τιμὴν
3153 1398 3433 1453 ἐϐεϐαίωσε
3489 1397 3583 1453 διὰ
3619 1408 3714 1463 τῆς
3767 1404 3903 1455 τού-

2298 1508 2389 1541 του
2453 1488 2747 1561 ὁμολογίας.
2807 1489 2868 1543 Εἰ
2931 1491 3032 1564 γάρ
3094 1490 3124 1548 ἠ
3184 1490 3333 1543 εἰκὼν
3401 1488 3673 1563 βασιλεὺς,
3726 1490 3905 1563 πολλῷ

2303 1575 2478 1637 δήπου
2528 1579 2664 1641 εἰκός
2711 1578 2935 1652 βασιλέα
2981 1576 3111 1633 εἶναι
3160 1582 3251 1632 τὸν
3294 1588 3355 1651 τῇ
3407 1578 3563 1632 εἰκόνι
3619 1586 3905 1653 napus-ze-

2300 1686 2447 1742 μενον
2516 1674 2608 1728 τὴν
2660 1669 2853 1723 αἰτίαν.
2930 1667 3064 1722 Ἀλλ’
3134 1666 3359 1721 ἐνταῦθα
3420 1671 3511 1740 μεν
3594 1669 3739 1735 ξύλα,
3806 1675 3903 1723 καὶ

530 1754 680 1810 tiore
731 1771 842 1827 par
892 1763 980 1814 est
1005 1773 1207 1825 regem
1252 1773 1385 1814 esse
1415 1772 1578 1819 eum,
1609 1757 1715 1829 qui
1754 1756 2002 1829 imagini
2031 1760 2093 1812 ut
2120 1755 2185 1811 sit

2299 1762 2480 1831 κηρός,
2513 1764 2604 1811 καὶ
2639 1759 2918 1834 ζωγράφου
2975 1763 3137 1831 τέχνη
3195 1762 3291 1816 τὴν
3340 1757 3512 1817 εἰκόνα
3560 1766 3697 1812 ποιεῖ
3727 1760 3901 1831 φθαρ-

530 1859 721 1901 causa
750 1850 858 1902 est.
898 1852 1072 1919 Atqui
1102 1848 1198 1904 hic
1227 1848 1411 1919 ligna,
1445 1854 1502 1902 et
1527 1862 1683 1913 cera,
1717 1852 1774 1901 et
1820 1844 2062 1918 pictoris
2093 1860 2193 1901 ars

531 1935 982 2007 corruptibilem
1014 1938 1345 2007 imaginem
1370 1936 1840 2009 eiﬁcit,etﬁgiem
1866 1936 2088 1993 scilicet
2108 1936 2193 1992 rei

532 2025 959 2096 corruptibilis,
986 2032 1042 2082 et
1072 2027 1204 2097 ejus
1248 2027 1353 2099 qui
1398 2026 1632 2083 effictus
1680 2031 1768 2083 est
1797 2025 2190 2082 artiﬁciosum

534 2109 929 2171 simulacrum
981 2133 995 2171 :
1047 2116 1164 2172 illic
1213 2132 1360 2172 vero
1392 2116 1497 2172 ubi
1548 2115 1809 2171 audieris
1840 2114 2189 2187 imaginem,

532 2202 917 2273 splendorem
946 2204 1148 2278 gloriae
1172 2206 1449 2278 intellige.
1472 2205 1759 2271 Quisnam
1778 2212 1976 2261 autem
2002 2203 2193 2277 splen-

530 2289 662 2357 dor,
692 2298 747 2347 et
775 2308 909 2363 qum
940 2292 1177 2365 gloria?
1229 2294 1554 2365 Apostolus
1606 2296 1733 2364 ipse
1764 2294 1962 2349 statim
2012 2294 2187 2347 inter-

529 2384 800 2452 pretatus
817 2387 1071 2437 est.cum
1094 2382 1408 2453 subjunxit
1427 2404 1438 2437 :
1454 2383 1533 2438 Et
1559 2383 1729 2454 193
1755 2385 2073 2438 character
2086 2381 2190 2452 hy-

525 2473 831 2540 postaseos
850 2471 971 2527 ‘3.”
992 2470 1153 2527 Idem
1177 2472 1357 2541 igitur
1385 2478 1472 2527 est
1503 2471 1847 2544 hypOstasis
1870 2469 2036 2543 quod
2067 2470 2191 2542 glo-

529 2560 708 2631 ria,et
727 2559 1039 2617 character
1058 2561 1221 2633 quod
1247 2560 1755 2635 splendor.Quare
1778 2560 2043 2632 perlecta
2066 2576 2190 2616 ma-

532 2659 713 2711 nente
742 2660 798 2707 et
824 2650 972 2707 nihil
1010 2650 1333 2707 imminuta
1355 2650 1568 2723 gloria,
1594 2649 1891 2721 perfectus
1919 2647 2190 2721 procedit

533 2741 839 2817 splendor.
873 2746 1064 2813 Atque
1096 2740 1181 2795 sic
1206 2740 1489 2812 imaginis
1518 2740 1671 2795 ratio
1704 2744 1767 2795 ut
1801 2742 1983 2795 Deum
2016 2738 2191 2794 decet

534 2844 805 2905 accepta,
856 2834 914 2885 et
959 2828 1285 2884 divinitatis
1312 2828 1488 2884 nobis
1514 2828 1801 2884 unitatem
1832 2828 2050 2884 exibet.
2088 2827 2187 2884 llic

530 2921 689 2978 enim
712 2920 771 2976 in
803 2918 988 2987 illo,et
1010 2918 1107 2974 ille
1124 2918 1183 2974 in
1207 2919 1322 2975 hoc
1344 2934 1487 2974 nam
1510 2924 1565 2975 et
1588 2918 1687 2974 hic
1720 2917 1855 2974 talis
1877 2916 2189 2990 est.qualis

525 3010 645 3093 ille,
678 3017 737 3066 et
757 3010 853 3065 ille
883 3008 1077 3081 qualis
1106 3009 1224 3066 hic.
1260 3013 1342 3065 Ita
1373 3009 1665 3065 uniuntur
1690 3007 1835 3075 duo,
1868 3013 2189 3081 propterea

2298 1854 2414 1916 τὴν,
2457 1850 2686 1923 φθαρτοῦ
2735 1853 2970 1921 μίμημα,
3021 1854 3111 1901 καὶ
3150 1851 3409 1919 τεχνητήν
3439 1855 3532 1902 τοῦ
3569 1851 3681 1918 (23)
3735 1868 3900 1907 ποιη-

2303 1940 2511 1999 θέντος·
2560 1937 2668 1991 ἐκεῖ
2725 1934 2804 2003 δε,
2859 1939 2979 1991 όταν
3033 1934 3268 2010 ἀκούσης
3320 1937 3509 2004 εἰκόνα,
3569 1936 3903 2011 ἀπαύγασμα

2298 2034 2402 2082 νόει
2426 2036 2521 2089 τῆς
2548 2024 2726 2092 δόξης.
2759 2032 2823 2081 Τί
2855 2024 2913 2081 δε
2950 2030 3007 2079 τό
3039 2026 3389 2100 ἀπαύγασμα,
3420 2032 3511 2080 καὶ
3548 2032 3626 2089 τίς
3662 2030 3691 2087 ἡ
3723 2024 3898 2096 δόξα;

2302 2119 2466 2179 Δύτός
2503 2118 2655 2181 εὐθὺς
2705 2121 3028 2193 ἡρμήνευσεν
3076 2116 3103 2169 ό
3158 2117 3474 2179 Ἀπόστολος
3516 2116 3720 2189 ἆπάγων
3757 2120 3898 2189 (24)’

2302 2215 2402 2263 Καὶ
2458 2213 2740 2283 χαρακτὴρ
2797 2218 2886 2268 τῆς
2946 2208 3305 2268 ὑποστάσεως.
3364 2211 3565 2261 Ταυτόν
3628 2204 3716 2260 οὖν
3781 2207 3901 2262 εστι

2298 2307 2359 2371 τῇ
2396 2295 2524 2371 δόξῃ
2558 2302 2647 2371 μὲν
2673 2300 2702 2356 ἠ
2729 2298 3044 2363 ὑπόστασις,
3070 2304 3142 2366 τῷ
3174 2296 3555 2369 ἀπαυγάσματι
3586 2293 3645 2350 δε
3666 2299 3692 2350 ό
3719 2318 3901 2371 χειρα-

2296 2395 2447 2463 κτηρ.
2492 2388 2674 2452 Ὠστε,
2734 2388 2926 2449 τελείας
2985 2390 3243 2459 μενούσης
3289 2392 3380 2439 καὶ
3434 2384 3601 2459 μηδὲν
3647 2394 3897 2461 μειουμέ-

2296 2497 2384 2539 νης
2440 2487 2531 2539 τῆς
2588 2474 2769 2543 δόξης,
2801 2477 2988 2529 τελειον
3017 2481 3226 2550 πρόεισι
3274 2480 3333 2529 τό
3399 2476 3746 2550 ἀπαύγασμα.
3791 2483 3897 2533 Καὶ

2296 2569 2461 2631 οὕτως
2497 2569 2525 2620 ό
2572 2575 2667 2628 τῆς
2715 2568 2907 2628 εἰκόνος
2958 2565 3129 2637 λόγος,
3174 2567 3461 2640 θεοπρεπῶς
3514 2563 3895 2639 παραδεχθεὶς,

2295 2663 2390 2716 τὴν
2449 2658 2662 2715 ἑνότητα
2707 2659 2833 2730 ἡμῖν
2883 2662 3181 2729 παρίστησι
3260 2665 3356 2719 τῆς
3412 2658 3672 2718 θεότητος,
3732 2658 3902 2719 Οὗτος

2294 2750 2396 2822 γὰρ
2445 2746 2493 2799 έν
2541 2745 2733 2818 ἐκείνῳ,
2788 2744 3018 2806 κάκεῖνος
3083 2743 3131 2797 ἐν
3185 2748 3371 2817 τούτῳ.
3429 2744 3547 2799 Ὀτι
3607 2751 3696 2799 καὶ
3747 2742 3901 2810 οὗτος

2294 2840 2530 2897 τοιοῦτός
2590 2835 2749 2902 ἐστιν,
2813 2837 2920 2897 οἶος
2977 2834 3165 2895 έκεῖνος
3194 2855 3205 2869 ·
3266 2834 3519 2901 κάκεῖνος,
3574 2836 3683 2898 οἶος
3719 2836 3894 2899 όῦτος.

2296 2927 2472 2988 Ούτως
2527 2926 2729 2979 ἑνοῦται
2788 2927 2855 2977 τὰ
2916 2920 3035 2991 δύο,
3081 2933 3154 2995 τῷ
3222 2929 3294 2997 μη
3356 2921 3702 2991 διαλλάττειν,
3753 2924 3900 2997 μηδὶ

2296 3015 2414 3068 καθ’
2470 3017 2637 3091 ἕτερον
2691 3012 2828 3078 εἰδος
2875 3019 2965 3066 καὶ
3013 3015 3149 3078 ξένον
3176 3022 3495 3089 χαρακτῆρα
3521 3016 3753 3068 νοεῖσθαι
3805 3019 3898 3070 τόν

524 3100 695 3175 quod
721 3115 843 3156 non
865 3098 1282 3165 diﬁ‘erant,nec
1304 3098 1480 3155 Filius
1503 3098 1839 3155 secundum
1854 3098 2034 3154 aliam
2051 3113 2181 3170 spe-

2296 3108 2432 3160 Υἰόν.
2495 3104 2657 3159 Πάλιν
2717 3106 2806 3158 οὖν
2857 3105 3027 3178 λέγω·
3084 3106 3173 3165 Εἷς
3221 3110 3311 3158 καὶ
3357 3106 3450 3169 εἷς,
3506 3102 3615 3157 ἀλλ’
3644 3106 3673 3163 ἠ
3735 3107 3900 3177 φύσις

526 3189 681 3245 ciem
711 3194 770 3245 et
797 3193 1152 3243 extraneum
1176 3187 1585 3243 characterem
1612 3186 1995 3255 intelligatur.
2027 3185 2183 3241 Rur-

529 3295 633 3335 sus
673 3276 853 3350 igitur
881 3276 1017 3332 dico
1051 3294 1065 3329 :
1102 3278 1265 3332 Unus
1308 3282 1365 3333 et
1406 3293 1587 3343 unus,
1622 3275 1729 3331 sed
1775 3282 1994 3332 natura
2036 3274 2186 3331 indi-

526 3368 652 3423 visa
677 3373 790 3433 est,
820 3372 878 3422 et
907 3366 1191 3438 pertectio
1223 3366 1743 3439 imperfectionem
1791 3380 2038 3421 omnem
2087 3380 2185 3421 ex-

521 3455 799 3514 cludens.
852 3455 1020 3510 Unus
1071 3456 1251 3527 igitur
1306 3458 1483 3519 Deus,
1533 3454 2036 3528 quandoquidem
2079 3470 2187 3527 per

532 3551 863 3617 utrumque
895 3546 1129 3617 species
1156 3561 1280 3601 una
1318 3544 1757 3608 consideratur,
1786 3560 1923 3615 quae
1956 3543 2184 3611 integre

527 3634 590 3691 in
613 3638 870 3706 utroque
898 3633 1258 3689 ostenditur.
1298 3634 1413 3690 Sed
1436 3633 1674 3704 jamdiu
1702 3649 2050 3689 sermonem
2083 3647 2185 3688 no-

526 3730 721 3781 strum
748 3722 1000 3778 moleste
1030 3722 1182 3778 ferre
1205 3739 1311 3778 vos
1345 3723 1543 3788 video,
1577 3728 1636 3778 et
1663 3730 1896 3779 tantum
1928 3738 2050 3778 non
2081 3737 2185 3777 au-

519 3812 649 3869 dire
680 3827 775 3868 me
805 3818 972 3885 puto,
1004 3812 1167 3885 quod
1209 3811 1503 3868 confessis
1534 3813 1874 3868 immorans
1902 3812 2183 3885 quaestio-

521 3918 629 3958 nes
655 3902 827 3958 valde
855 3900 1211 3958 decantatas
1237 3917 1357 3957 non
1392 3902 1998 3975 attingam.0mnium
2021 3902 2183 3957 enim

520 4007 700 4049 aures
728 3998 973 4049 arrectas
993 4007 1154 4047 nunc
1175 3996 1334 4053 sunt,
1369 3998 1433 4046 ut
1458 3990 1534 4046 de
1570 3992 1793 4063 Spiritu
1822 3998 2032 4046 sancto
2079 3990 2183 4046 ali-

519 4079 667 4153 quid
698 4080 971 4136 audiant.
1002 4081 1122 4149 Ego
1144 4095 1284 4136 vero
1309 4079 1489 4136 velim
1522 4080 1809 4146 maxime,
1829 4080 1984 4135 sicut
2004 4078 2182 4134 tradi-

522 4172 652 4227 tum
682 4169 1039 4243 simpliciter
1076 4170 1305 4242 accepi,
1340 4170 1496 4225 sicut
1518 4170 1780 4239 ingenue
1824 4174 1883 4226 et
1924 4168 2181 4225 candide

518 4275 807 4318 assensus
838 4277 993 4332 sum,
1027 4261 1111 4316 sic
1137 4267 1193 4316 et
1224 4260 1603 4317 auditoribus
1644 4259 1897 4330 tradere,
1946 4262 2012 4315 ut
2054 4274 2179 4315 non

2295 3195 2595 3271 ἀμέριστος,
2668 3200 2754 3248 καὶ
2828 3198 2859 3253 ἠ
2935 3195 3191 3255 τελειότης
3269 3193 3564 3257 ἀνελλιπὴς.
3642 3191 3727 3255 Εἷς
3803 3192 3896 3248 οὖν

2294 3289 2442 3353 Θεὸς,
2474 3282 2655 3345 ἐπειδὴ
2700 3282 2772 3337 δι’
2804 3284 3103 3359 ἀμφοτέρων
3154 3286 3205 3338 ἓν
3252 3281 3393 3347 εἶδος
3451 3286 3716 3358 θεωρεῖται
3769 3284 3897 3337 ὀλο-

2290 3374 2494 3450 κλήρως
2551 3374 2600 3427 ἐν
2654 3373 2964 3449 ἀμφοτέροις
3025 3370 3373 3447 δεικνύμενον.
3437 3372 3590 3427 Ἀλλά
3630 3375 3731 3449 γὰρ
3782 3376 3895 3427 ποε-

2290 3463 2377 3517 λαι
2445 3466 2549 3538 όρῶ
2605 3460 3135 3536 δυσανασχετοῦντας
3189 3464 3328 3535 ὑμᾶς
3380 3466 3511 3538 πρὸς
3569 3466 3659 3515 τόν
3712 3461 3891 3535 λόγον,

2290 3557 2381 3606 καὶ
2427 3558 2713 3626 μονονουχὶ
2754 3551 2957 3605 ἀκούειν
2987 3556 3097 3623 (25)
3152 3548 3313 3618 δοκῶ,
3345 3554 3427 3605 ότι
3454 3560 3565 3613 τοῖς
3604 3550 3895 3624 ὁμολογου-

2291 3648 2464 3715 μένοις
2517 3640 2875 3716 ἔνὸιατρὶϐων,
2929 3650 3030 3695 τῶν
3083 3641 3511 3716 πολυθρυλλητων
3570 3643 3892 3713 ζητημάτων

2290 3732 2395 3805 ούχ
2435 3733 2691 3806 ἅπτομαι.
2755 3739 2911 3787 Πᾶσα
2958 3751 3057 3807 γαρ
3088 3730 3214 3790 ἀκοὴ
3272 3740 3361 3785 νύν
3406 3735 3536 3807 πρός
3565 3735 3659 3790 τὴν
3689 3730 3894 3804 ἀκρόα-

2295 3842 2377 3877 σιν
2438 3832 2538 3875 τῶν
2604 3822 2770 3895 λόγων
2844 3829 2944 3875 τῶν
3018 3826 3137 3894 περὶ
3203 3829 3296 3874 τού
3369 3821 3524 3893 ἁγίου
3595 3823 3897 3894 Πνεύματος

2292 3910 2651 3985 ἀνηρέθισται.
2695 3912 2825 3983 Ἐγὼ
2878 3907 2939 3964 δὴ
2990 3910 3223 3984 μαλιστα
3267 3910 3584 3983 ἠϐουλόμην,
3642 3912 3712 3973 ὡς
3758 3929 3900 3983 παρ-

2290 4000 2468 4055 έλαϐον
2544 4001 2841 4068 ἁπλοϊκῶς,
2919 4003 2990 4063 ὡς
3064 4003 3348 4074 συνεθέμην
3432 3996 3894 4069 ἀνεπιτηδεύτως,

2290 4092 2426 4144 οὕτω
2482 4087 2841 4165 παραδιδόναι
2887 4098 2993 4151 τοῖς
3032 4089 3320 4144 ἀκούουσι·
3376 4094 3448 4163 μὴ
3493 4088 3571 4143 ἀεὶ
3616 4093 3735 4164 περὶ
3792 4098 3899 4143 τῶν

2292 4181 2460 4234 αὐτῶν
2535 4179 2910 4253 ἀπαιτούμενος
2988 4183 3081 4243 τὰς
3147 4179 3399 4247 εύθύνας,
3477 4177 3586 4231 ἀλλ’
3642 4177 3697 4231 ἐκ
3769 4185 3901 4251 μιᾶς

2292 4270 2572 4344 ὁμολογίας
2645 4272 3019 4341 πεπεισμένους
3100 4271 3239 4341 ἔχων
3306 4272 3425 4329 τούς
3503 4264 3896 4340 διδαχθεντας.

517 4350 877 4407 earumdem
903 4350 1052 4407 mihi
1078 4350 1154 4409 sit
1184 4366 1429 4424 semper
1446 4348 1760 4407 reddenda
1786 4350 1961 4417 ratio,
1983 4350 2093 4409 sed
2117 4354 2179 4407 ut

2294 4357 2505 4419 Ἐπειδὴ
2573 4356 2632 4414 δι
2686 4377 3064 4434 περιεστῃκατε
3137 4360 3316 4433 ἡμᾶς,
3390 4354 3643 4412 δικασταὶ
3696 4356 3899 4429 μᾶλλον

592 4456 718 4493 δ’δ’
759 4457 933 4513 Hebr.
969 4473 1007 4529 ι,
1041 4462 1093 4515 3.

589 4581 702 4666 (2i)
745 4582 908 4666 Unus
947 4581 1137 4666 codex
1176 4587 1315 4654 Reg.
1352 4584 1409 4666 ού
1439 4580 1905 4666 διαφέρεται,ηοη
1949 4585 2172 4666 differt.

522 4651 717 4724 Lectio
738 4652 990 4724 Optima.
1022 4654 1133 4708 Alii
1166 4651 1311 4710 mss.
1360 4661 1416 4710 et
1461 4651 1604 4711 editi
1650 4662 1714 4712 ut
1755 4657 1814 4712 in
1870 4651 2175 4713 contextu.

520 4722 753 4797 ibidem
782 4722 906 4778 duo
926 4740 1089 4797 mss:
1121 4731 1177 4780 et
1206 4726 1345 4779 editi
1377 4732 1635 4797 γεννητὸς.
1672 4733 1738 4782 At
1766 4727 1913 4782 Colb
1946 4728 2178 4797 primus

519 4810 658 4852 eum
680 4795 798 4868 alio
828 4794 1036 4868 codice
1064 4795 1208 4868 Reg.
1227 4794 1499 4868 γωνητὼς,
1520 4814 1631 4868 per
1658 4800 1813 4853 viam
1845 4794 2177 4867 generatio-

519 4869 649 4940 nis;
684 4875 743 4923 et
779 4867 859 4923 ita
886 4866 1198 4941 scripsisse
1229 4866 1505 4941 Basilium
1521 4866 1685 4941 puto
1734 4869 1820 4941 ita
1848 4866 2011 4925 enim
2062 4886 2176 4926 vox

516 4938 784 5013 γεννητῶς
805 4938 935 5013 voci
960 4948 1193 5013 φυσικῶς
1223 4938 1403 5010 plane
1427 4938 1844 5013 respondebit.

594 5016 709 5077 (22)
751 5009 974 5065 Basilio
996 5009 1182 5066 libros
1214 5009 1427 5067 contra
1459 5009 1821 5068 Eunomium
1872 5011 2175 5080 scribenti,

517 5081 602 5139 ita
624 5082 985 5151 displicebat
1012 5097 1129 5156 vox
1155 5086 1404 5156 γέννημα,
1427 5090 1486 5139 ut
1509 5084 1865 5139 Eunomium
1900 5100 1971 5139 ea
1994 5099 2175 5139 usum

516 5156 886 5227 pergraviter
929 5154 1415 5227 reprehenderit;
1451 5170 1563 5210 nec
1593 5156 1737 5211 satis
1764 5156 1964 5211 mirari
1994 5170 2174 5227 queo,

517 5226 685 5296 quod
720 5226 938 5281 eadem
980 5226 1109 5297 ipse
1132 5226 1214 5281 uti
1244 5226 1519 5282 voluerit.
1549 5230 1902 5282 Putoautem
1931 5226 2177 5282 itascri-

517 5296 722 5420 Bsisse
748 5296 1055 5359 Basilium,
1080 5304 1181 5353 aut
1204 5298 1635 5371 imprudentia,
1658 5298 1945 5370 autquod
1970 5298 2029 5353 id
2054 5314 2173 5353 ver-

567 5382 668 5420 um
721 5367 843 5420 iam
874 5385 908 5420 a
962 5369 1165 5420 multis
1217 5370 1497 5420 usurpari
1529 5370 1775 5420 videret.
1824 5386 2082 5420 quorum
2114 5385 2173 5420 se

567 5382 668 5421 um
715 5367 843 5443 jam
874 5385 908 5424 a
962 5369 1165 5443 multis
1217 5367 1498 5443 usurpari
1529 5370 1775 5443 videret.
1801 5367 2083 5443 'quorum
2114 5385 2176 5425 se

517 5438 863 5512 exemplum
885 5440 1079 5512 semel
1108 5441 1278 5512 sequi
1311 5438 1491 5512 posse
1512 5438 1889 5497 existimavit.

591 5510 705 5584 (23)
749 5511 935 5565 Edilio
976 5512 1158 5566 Paris.
1196 5510 1286 5563 καὶ
1315 5510 1526 5584 “τέχνην
1563 5518 1657 5572 τὴν
1692 5522 1804 5569 τού.
1838 5512 2024 5569 Editio
2070 5513 2177 5569 Ba-

523 5576 617 5635 sil.
671 5576 761 5630 καὶ
791 5584 975 5651 τέχνη,
1007 5589 1069 5654 τῇ
1103 5590 1213 5637 τοῦ.
1248 5576 1431 5657 Βεεὶΐ
1462 5585 1585 5641 duo
1626 5586 1870 5642 codices
1910 5590 1968 5643 et
1990 5583 2173 5642 Coisl.

2287 4582 2531 4655 duabus
2550 4581 2804 4639 vocibus
2829 4587 2988 4655 τέχνη
3022 4580 3552 4655 rﬁv.Colb.primu_s
3569 4586 3625 4636 et
3650 4582 3901 4653 Reg.se—

2288 4654 2525 4711 eundus
2539 4656 2731 4726 prima
2747 4651 2995 4726 quidem
3011 4669 3151 4708 man
3162 4658 3265 4726 u_et
3279 4651 3400 4726 uno
3415 4651 3597 4726 verbo
3612 4651 3775 4722 τεχνη
3792 4657 3894 4709 την

2287 4726 2393 4782 sed
2416 4723 2580 4781 nunc
2603 4723 2873 4781 secunda
2897 4741 3085 4796 manu
3109 4726 3164 4779 in
3193 4724 3287 4779 his
3315 4723 3604 4796 librispro
3622 4730 3894 4796 τεχνητην

2284 4798 2780 4869 Ιιιᾳίιιιττιχνίτην.
2804 4796 2918 4853 Sed
2948 4795 3172 4852 librarii
3197 4796 3298 4859 illi,
3321 4796 3424 4868 qui
3452 4794 3533 4851 ita
3560 4794 3895 4869 emendare

2286 4866 2628 4948 voluerunt,
2654 4870 2855 4948 potius
2881 4884 3102 4948 veram
3140 4866 3502 4948 scripturam
3540 4866 3893 4948 corrupisse

2288 4940 2431 4996 mihi
2459 4939 2757 4996 vident—ur.
2791 4942 2935 4994 Puto
2974 4939 3136 4994 enim
3162 4939 3277 5009 legi
3298 4943 3575 5008 oportere
3600 4942 3896 5009 τεχνητὴν-

2286 5012 2369 5067 sic
2402 5017 2628 5079 tamen,
2659 5018 2721 5067 ut
2749 5009 3101 5083 suppleatur
3131 5011 3476 5083 \'Ox_tixo'va,
3516 5011 3711 5083 efﬁcit
3739 5013 3897 5065 arti-

2283 5084 2553 5153 ﬁciosum
2574 5081 2991 5146 simulacrum,
3015 5082 3147 5153 ejus
3174 5081 3399 5137 scilicet
3424 5081 3531 5154 qui
3560 5096 3895 5154 expressus

2284 5151 2394 5211 est.
2433 5158 2495 5211 Et
2517 5172 2589 5212 ue
2622 5156 2786 5211 vocis
2814 5151 3068 5225 τιχνητδξ
3096 5151 3463 5210 architectus
3494 5151 3891 5225 essevidear.

2285 5227 2417 5353 ejubs
2461 5226 2520 5282 in
2558 5226 2843 5299 Stephani
2870 5223 3185 5281 Thesauro
3208 5228 3576 5281 mentionem
3603 5223 3732 5280 ﬁeri
3760 5240 3897 5279 mo-

2285 5314 2359 5353 ne
2409 5314 2465 5353 ο.

2285 5314 2465 5353 DBDO.

2358 5372 2465 5439 (2,4)
2509 5368 2602 5425 Sic
2632 5372 2861 5424 veteres
2892 5373 3154 5440 quatuor
3179 5365 3335 5423 libri.
3361 5366 3510 5423 Editi
3535 5381 3647 5439 pro
3675 5365 3892 5439 ἐπάγων

2284 5441 2512 5498 habent
2536 5440 2716 5512 λέγων.

2356 5513 2469 5583 (25)
2511 5510 2672 5570 Unius
2699 5510 2890 5569 codex
2917 5512 3059 5581 Reg.
3087 5513 3239 5584 μόνον
3270 5511 3363 5563 ουκ
3392 5511 3641 5567 ἀκούειν..
