4100 6196
232 303 332 358 609

880 301 1122 361 HOBIL.
1156 303 1438 363 CONTRA
1478 303 1828 364 SABELLIA!

1940 303 1978 372 ἰ,
2020 304 2106 361 ΕΤ
2138 305 2380 375 Αιιιωε,
2421 306 2514 362 ΕΤ
2551 301 2948 365 ΑΝοΜοΕοε.

3489 304 3594 367 610

226 428 256 487 ἦ
296 428 552 500 μαθηταὶ,
594 427 733 500 ἡμᾶς
789 423 1084 502 δοκιμάσαι
1141 427 1483 504 βουλόμενοι,
1533 431 1629 483 οῦκ
1676 427 1826 483 αῦτοί

1940 428 2318 487 confessione
2369 446 2491 488 una
2539 448 2867 506 persuasos
2917 431 3178 490 habeam
3235 432 3594 507 discipulos.

222 537 273 569 τι
332 515 509 569 λαϐεῖν
585 514 968 579 ἐπιζητοῦντεςο
1053 516 1252 591 ἀνάγκη
1338 522 1478 593 ἡμᾶς
1536 521 1710 594 ὥσπερ
1777 517 1828 571 ἄν

221 602 558 678 δικαστηρίῳ
631 610 724 664 τὴν
790 604 1086 679 ἀντιλογίαν
1159 611 1540 682 προτεινεσθαι,
1599 613 1688 661 καὶ
1743 605 1828 661 ἀνι

218 698 308 768 μὶν
361 693 758 770 ἀνακρίνεσθαι,
807 693 887 748 ἀεὶ
945 693 1005 751 δε
1075 697 1239 770 λέγειν
1309 697 1345 749 ἆ
1415 697 1824 774 παρειλήφαμεν.

218 784 388 857 ’Υμᾶς
439 781 504 837 δε
558 784 958 858 παρακαλοῦμεν
1008 792 1081 860 μή
1140 785 1196 839 ἐκ
1245 791 1435 848 παντὸς
1485 792 1680 862 τρόπον
1734 787 1828 847 Cn-

215 880 320 926 τεῖν
380 875 444 926 τό
503 874 628 946 ὑμῖν
685 871 907 948 ἀρέσκον
953 873 1077 949 παρ’
1135 877 1282 948 ἡμῶν
1333 875 1578 942 ἀκοῦσαι,
1641 875 1746 927 ἀλλ’
1801 875 1828 927 ὃ

213 971 285 1035 τῷ
341 967 528 1036 Κυρίῴ
586 961 862 1037 εὐάρεστόν
910 962 1039 1031 εστι,
1085 969 1176 1018 καὶ
1215 968 1488 1039 σύμφωνον
1534 972 1649 1027 ταῖς
1688 971 1827 1040 Γρα-

213 1061 354 1126 γαῖς,
399 1057 493 1105 καὶ
546 1055 619 1126 μὴ
669 1059 969 1126 μαχόμενον
1016 1061 1127 1117 τοῖς
1191 1057 1480 1131 Πατράσιν.
1547 1054 1615 1108 Ἀ
1657 1059 1826 1108 τοίνυν

210 1141 455 1215 Osi-(ayss
512 1147 632 1217 περὶ
688 1151 783 1196 τοῦ
849 1146 993 1208 Υὶοῦ,
1071 1145 1154 1197 ὅτι
1211 1141 1295 1198 δεῖ
1358 1144 1626 1218 ὁμολογεῖν
1687 1141 1826 1197 ἴδιον

210 1232 382 1284 αὑτοῦ
425 1237 730 1308 πρόσωπον,
781 1233 928 1286 ταῦτ’
987 1235 1175 1306 ἔχομεν
1217 1233 1380 1306 λέγειν
1430 1239 1520 1288 καὶ
1570 1238 1688 1310 περὶ
1733 1241 1826 1287 τοῦ

208 1324 518 1393 Πνεῦματος
546 1329 638 1374 τοῦ
670 1320 846 1394 ἁγίου.
890 1322 964 1375 Οῦ
1001 1325 1104 1398 γὰρ
1140 1328 1329 1376 ταυτὸν
1375 1320 1488 1377 ἔστι
1535 1323 1609 1395 τῷ
1659 1331 1740 1376 Πα
1773 1327 1826 1398 ρὶ

204 1415 264 1464 τό
295 1415 539 1484 Πνεῦμᾶ,
593 1407 687 1464 διὰ
736 1415 797 1464 τό
838 1414 1150 1488 γεγράφθαι,
1206 1417 1286 1465 ὅτι
1341 1420 1551 1486 Πνεῦμα
1595 1414 1622 1465 ό
1675 1417 1823 1474 Θεός.

205 1498 360 1554 0ὐᾶ
437 1501 596 1553 πάλιν
683 1503 809 1554 Υἱοῦ
891 1508 981 1555 καὶ
1069 1505 1362 1576 Πνεῦματος
1423 1505 1472 1556 ἓν
1545 1505 1825 1578 πρόσωπόν

204 1589 381 1658 ἐστιν,
440 1585 624 1648 ἔπειδή
680 1592 908 1664 εἴρηται·
963 1590 1022 1644 Εἰ
1079 1585 1140 1644 δί
1191 1609 1268 1652 τις
1327 1597 1536 1664 Πνεῦμα
1587 1599 1824 1664 Χριστοῦ

205 1679 306 1732 οὐκ
364 1681 506 1751 ἔχει.
560 1679 716 1742 οὗτος
779 1679 875 1732 οὐκ
937 1681 1080 1732 ἔστιν
1141 1679 1323 1733 αὐτοῦ’
1386 1681 1413 1733 ό
1469 1676 1530 1734 δε
1592 1683 1827 1754 Χριστός

1938 520 2239 584 Quoniam
2279 528 2478 579 autem
2521 522 2922 579 circumstatis
2953 538 3084 591 nos,
3121 522 3358 594 judices
3401 523 3598 593 magis

1935 622 2119 680 quam
2145 608 2563 684 discipuli.qui
2587 611 2846 684 probare
2873 626 2983 666 nos
3012 611 3226 680 velitis,
3248 627 3370 669 non
3394 619 3598 670 autem

1935 697 2276 771 quidquam
2299 700 2533 756 discere
2553 702 2867 773 quieratis:
2900 715 3146 756 necesse
3169 701 3345 757 nobis
3365 707 3456 757 est
3474 700 3596 758 vel-

1936 795 2002 845 ut
2029 789 2086 844 in
2118 790 2339 858 judicio
2369 791 2440 847 iis
2465 808 2601 864 quae
2634 791 3003 862 objiciuntur
3030 791 3421 864 respondere,
3445 807 3598 848 sem-

1935 893 2160 951 perque
2187 879 2560 951 interrogari,
2593 886 2652 936 et
2680 896 2921 943 semper
2949 895 3085 952 quae
3131 878 3482 951 accepimus
3511 880 3599 936 di-

1936 981 2088 1024 cere.
2118 967 2526 1024 Adhortamur
2557 974 2756 1024 autem
2790 985 2922 1038 vos,
2956 974 3020 1024 ut
3049 984 3123 1025 ne
3148 969 3400 1024 omnino
3427 968 3594 1040 quod

1935 1055 2104 1112 vobis
2132 1056 2350 1128 placet,
2379 1073 2450 1113 ex
2481 1057 2658 1113 nobis
2683 1058 2893 1113 audire
2935 1057 3239 1128 quaeratis,
3272 1055 3380 1112 sed
3425 1055 3596 1130 quod

1938 1147 2191 1202 Domino
2244 1153 2565 1219 acceptum
2609 1151 2714 1210 est,
2773 1152 2831 1203 et
2875 1163 3211 1203 consonum
3255 1147 3593 1218 Scripturis,

1936 1250 2046 1291 nec
2074 1237 2443 1292 contrarium
2495 1235 2786 1291 t'atribus.
2839 1241 3040 1308 Itaque
3071 1251 3208 1308 quae
3239 1235 3597 1292 dicebamus

1935 1325 2011 1381 de
2042 1325 2205 1391 Filio,
2237 1327 2548 1399 propriam
2581 1324 2858 1381 videlicet
2883 1325 3078 1397 ipsius
3109 1339 3433 1396 personam
3455 1339 3598 1380 con-

1933 1413 2086 1470 ﬁteri
2113 1422 2405 1486 oportere,
2439 1413 2656 1470 eadem
2701 1413 2999 1470 habemus
3028 1417 3086 1468 et
3113 1413 3187 1468 de
3217 1412 3434 1484 Spiritu
3464 1428 3598 1468 san-

1933 1509 2029 1559 cto
2054 1503 2272 1560 dicere.
2330 1505 2458 1559 Non
2505 1505 2667 1559 enim
2712 1502 2848 1558 ideo
2897 1501 3146 1573 Spiritus
3173 1500 3336 1557 idem
3367 1507 3460 1557 est
3490 1500 3597 1573 qui

1935 1595 2122 1658 Pater,
2152 1592 2319 1665 quod
2347 1593 2635 1664 scriptum
2669 1593 2774 1647 sit:
2806 1592 3076 1660 Spiritus
3103 1595 3190 1647 est
3218 1592 3373 1647 Deus
3394 1589 3466 1645 ”.
3494 1592 3600 1646 Ne-

1933 1697 2054 1755 que
2097 1698 2309 1737 rursus
2340 1681 2468 1738 Filii
2517 1687 2578 1738 et
2616 1681 2870 1754 Spiritus
2908 1696 3164 1753 persona
3210 1696 3334 1737 una
3372 1684 3480 1745 est,
3525 1693 3598 1736 eo

206 1768 256 1821 ιν
319 1770 473 1842 ὑμῖν.
530 1767 791 1822 Ἐντεῦθεν
854 1771 954 1844 γὰρ
1009 1770 1360 1829 ἠπατήθησάν
1422 1789 1552 1831 τινες
1617 1775 1827 1842 Πνεῦμα

1940 1771 2101 1845 quod
2131 1772 2359 1828 dictum
2393 1771 2505 1828 sit:
2554 1771 2621 1827 Si
2648 1774 2781 1844 quis
2806 1777 3006 1828 autem
3036 1770 3331 1840 Spiritum
3368 1768 3602 1826 Christi

205 1862 303 1911 ac}.
366 1861 600 1934 Χριστὸν
647 1861 739 1911 τόν
789 1856 948 1911 αὐτόν
995 1856 1143 1915 εἶναι.
1179 1858 1333 1912 Ἀλλὰ
1369 1863 1423 1912 τί
1476 1873 1673 1932 pupis;
1705 1857 1827 1912 Ὀτι

207 1950 270 2000 τὸ
333 1952 436 2009 τῆς
501 1950 700 2020 φύσεως
764 1947 952 2001 οἰκεῖον
1017 1946 1243 2001 ἐντεῦθεν
1309 1946 1627 2021 ἐμφαίνεται,
1698 1948 1826 2020 οὐχὶ

210 2041 519 2111 προσώπων
572 2039 864 2108 σύγχυσις.
918 2036 1070 2091 Ἐστι
1121 2039 1212 2110 μὶν
1263 2039 1362 2111 γὰρ
1411 2039 1437 2090 ό
1491 2042 1694 2113 Πατὴρ,
1736 2042 1826 2092 τί-

209 2126 356 2180 λεισν
384 2129 521 2199 ἔχων
550 2125 610 2179 τό
641 2124 772 2180 εἶναι
799 2131 890 2179 καὶ
932 2123 1179 2194 ἀιενδεές,
1228 2127 1356 2202 ῥίζα
1392 2133 1483 2180 καὶ
1534 2132 1680 2200 πηγὴ
1733 2135 1827 2181 τοῦ

210 2218 357 2271 Tim?
398 2220 487 2268 xui.
530 2223 626 2269 τοῦ
676 2215 830 2288 ἁγίου
884 2219 1201 2290 Πνεῦματος·
1257 2219 1370 2270 ἔστι
1426 2213 1486 2270 δε
1533 2218 1560 2270 6
1612 2221 1730 2279 Υἱός
1776 2217 1827 2270 ἓν

213 2306 412 2380 πλήρει
471 2305 678 2365 θεότητι
729 2307 834 2367 ζῶν
881 2310 1068 2379 Λόγος,
1121 2310 1211 2359 καὶ
1265 2309 1497 2380 γέννημα
1559 2314 1652 2360 τοῦ
1713 2314 1828 2360 Πα-

213 2401 343 2474 τρός
383 2392 635 2457 ἀνενοῖεές·
684 2394 875 2472 πλῆρες
920 2392 980 2451 δε
1043 2400 1134 2449 καὶ
1179 2399 1239 2449 τὸ
1288 2403 1517 2468 Πνεῦμα,
1571 2396 1632 2450 οὐ
1677 2400 1829 2470 μέρος

216 2487 402 2561 ἑτέρου
425 2528 441 2553 ,
523 2483 654 2538 ἀλλά
709 2485 896 2538 τέλειον
971 2489 1063 2538 καὶ
1145 2484 1422 2561 ὁλόκληρον
1486 2483 1565 2559 ἐφ’
1642 2485 1828 2539 ἑαυτοῦ

217 2577 596 2651 Θεωροῦμενον.
658 2579 763 2628 Καὶ
819 2582 1083 2633 συνῆπται
1137 2577 1228 2647 μὶν
1284 2576 1312 2627 6
1368 2577 1485 2635 Υἱός
1539 2582 1613 2646 τῷ
1660 2580 1830 2651 Πατρὶ

219 2662 587 2725 ἀδιαστάτως·
639 2665 902 2723 aiis-amati
950 2661 1011 2717 δὲ
1038 2665 1144 2735 (26)
1206 2672 1280 2735 τῷ
1328 2666 1434 2735 Υἱῷ
1478 2667 1538 2717 τό
1587 2670 1821 2738 Πνεῦμα.

217 2762 293 2812 τὸ
334 2758 443 2829 γὰρ
495 2751 728 2828 διορίζον
764 2753 859 2807 οὐκ
905 2754 1066 2822 ἔστιν,
1105 2749 1231 2807 οὐδὲ
1259 2757 1318 2806 τό
1350 2749 1386 2806 δ
1392 2758 1626 2827 ιατίμνον
1654 2760 1749 2813 τὴν
1779 2753 1833 2818 ἐξ

222 2842 410 2899 ἂὶδίου
438 2847 736 2916 συνάφειαν.
770 2847 905 2896 Αἰὼν
944 2845 1045 2916 γὰρ
1097 2839 1271 2906 οὐδεὶς
1317 2843 1511 2916 μεταξὺ
1562 2847 1831 2918 παρεμπί-

223 2953 367 2988 ιττευ
396 2929 522 2987 οὐδε
551 2937 655 3006 μὴν
685 2928 902 3004 δέχεται
930 2933 962 2992 ἡ
1003 2931 1158 3003 ψυχὴ
1188 2932 1335 3004 ἡμῶν
1377 2930 1606 2985 ἐπίνοιαν
1649 2951 1828 3006 χωρι-

224 3030 392 3096 σμοῦ,
419 3024 492 3085 ὡς
517 3022 548 3082 ἦ
580 3029 673 3075 τοῦ
701 3027 1022 3093 Μονογενοῦς
1047 3025 1120 3093 μὴ
1155 3025 1394 3081 συνόντος
1423 3018 1502 3074 ἀεὶ
1540 3027 1613 3091 τῷ
1641 3025 1828 3096 Πατρὶ,

225 3115 258 3174 ξ
291 3120 387 3166 τοῦ
420 3110 576 3184 ἀγίου
605 3113 899 3184 Πνεῦματος
930 3115 1000 3183 μή
1037 3101 1468 3185 συνυπάρχοντος
1495 3116 1568 3180 τῷ
1599 3109 1723 3182 Υἰῷ.

1933 1877 2054 1918 non
2078 1860 2276 1927 liabet,
2305 1861 2402 1917 hic
2424 1875 2547 1916 non
2568 1866 2651 1917 est
2681 1862 2812 1930 ejus
2831 1878 2854 1923 ,'
2885 1860 3167 1916 Christus
3193 1871 3390 1916 autem
3413 1859 3474 1914 in
3500 1873 3600 1915 vo-

1938 1951 2024 2007 bis
2049 1957 2134 2008 est
2157 1951 2223 2006 ‘0.
2273 1950 2502 2007 Etenim
2535 1950 2676 2005 hinc
2703 1949 2939 2022 decepti
2965 1949 3264 2017 nonnulli,
3312 1948 3600 2021 Spiritum

1935 2045 1994 2096 et
2026 2040 2320 2096 Christum
2350 2038 2637 2095 eumdem
2666 2053 2802 2094 esse
2827 2037 3058 2110 opinati
3097 2041 3259 2094 sunt.
3293 2035 3409 2094 Sed
3451 2033 3601 2108 quid

1935 2129 2375 2186 dicimus?Hinc
2387 2130 2850 2184 commonstrari
2866 2131 3096 2183 naturae
3108 2125 3245 2197 conj
3256 2124 3602 2182 unctionem

1935 2217 2729 2290 necessitudincmque,non
2743 2231 3143 2288 personarum
3154 2215 3598 2272 confusionem.

1937 2311 2035 2365 Est
2062 2325 2330 2382 namque
2358 2311 2527 2364 Pater
2555 2306 2788 2364 habens
2825 2321 2948 2364 esse
2973 2305 3330 2378 perfectum,
3367 2320 3480 2362 nec
3509 2302 3600 2360 ul-

1936 2399 2050 2456 lius
2081 2397 2380 2469 indigens,
2408 2397 2580 2455 radix
2615 2413 2686 2454 ac
2730 2396 2866 2453 fons
2899 2396 3022 2453 Filii
3068 2401 3127 2452 et
3173 2395 3428 2469 Spiritus
3467 2409 3602 2450 san-

1938 2488 2035 2545 cti.
2072 2491 2168 2544 Est
2203 2495 2259 2544 et
2289 2487 2470 2544 Filius
2519 2488 2579 2544 in
2634 2485 2817 2559 plena
2866 2485 3177 2542 divinitate
3227 2484 3432 2541 vivens
3463 2485 3598 2538 Ver-

1937 2577 2110 2641 bum.
2156 2581 2214 2634 et
2241 2575 2440 2650 proles
2470 2576 2685 2637 Patris.
2715 2581 2853 2648 quia
2887 2581 3022 2644 eget
3061 2573 3302 2631 nullius.
3354 2572 3506 2638 Quin
3541 2575 3600 2628 et

1939 2666 2157 2740 plenus
2187 2672 2273 2722 est
2306 2666 2582 2738 Spiritus,
2626 2680 2748 2722 non
2785 2680 2928 2736 pars
2953 2663 3222 2730 alterius,
3267 2660 3372 2717 sed
3404 2660 3598 2734 perte-

1940 2761 2071 2812 ctus
2095 2759 2154 2811 et
2195 2755 2426 2824 integer
2467 2755 2528 2810 in
2559 2755 2762 2827 seipso
2787 2751 3225 2810 consideratur.
3256 2753 3321 2807 Et
3350 2749 3600 2820 conjun-

1941 2851 2074 2900 ctus
2102 2843 2351 2916 quidem
2401 2849 2495 2900 est
2530 2843 2685 2900 Patri
2717 2843 2896 2900 Filius
2925 2839 3424 2913 inseparabiliter,
3449 2854 3598 2896 con-

1936 2933 2183 3005 junctus
2218 2947 2464 3005 quoque
2509 2931 2651 2988 Filio
2680 2938 2770 2988 est
2797 2933 3072 3004 Spiritus.
3112 2929 3265 2987 Nihil
3306 2929 3466 2985 enim
3509 2933 3602 2985 est

1940 3022 2107 3097 quod
2137 3022 2398 3088 dirimat,
2431 3021 2577 3076 nihil
2605 3021 2773 3093 quod
2805 3021 3237 3092 sempiternam
3268 3018 3430 3073 illam
3462 3032 3602 3074 con-

1860 3087 1903 3141 ο
1937 3087 2306 3184 iunctionem
2340 3087 2679 3165 intercidat.
2709 3087 2954 3164 Nullum
2968 3121 3130 3163 enim
3159 3106 3314 3163 inter
3330 3104 3463 3160 illos
3491 3120 3599 3160 εω-

224 3204 438 3262 culum
469 3200 829 3263 intercurrit,
859 3215 971 3255 nec
1001 3205 1191 3272 potest
1215 3199 1459 3256 animus
1487 3204 1692 3256 noster
1719 3201 2169 3274 separationem
2198 3197 2384 3255 ullam
2423 3199 2784 3270 excogitare,
2833 3195 2988 3254 adeo
3019 3201 3082 3252 ut
3108 3199 3214 3252 aut
3247 3191 3597 3264 Unigenitus

226 3305 357 3352 non
388 3293 468 3350 sit
487 3306 735 3365 semper
763 3304 904 3346 cum
933 3291 1123 3355 Patre,
1147 3295 1250 3345 aut
1277 3288 1529 3362 Spiritus
1557 3297 1804 3346 sanctus
1831 3306 1958 3349 non
1981 3305 2221 3363 semper
2249 3288 2468 3345 existat
2493 3303 2634 3342 cum
2660 3285 2832 3342 Filio.

294 3383 464 3436 Ὅταν
520 3377 611 3434 οὖν
660 3395 786 3433 ποτε
838 3377 1147 3451 συνάψωμιν
1209 3381 1305 3438 τὴν
1366 3375 1595 3452 Τριάδα,
1644 3383 1717 3452 μὴ
1768 3382 1832 3443 ὡς

227 3474 344 3536 ἰνὸς
374 3474 686 3548 πράγματος
737 3464 1054 3543 ἀδιαιρήτόυ
1110 3470 1240 3541 μέρη
1287 3468 1550 3541 φαντάζου
1600 3469 1668 3520 τὰ
1711 3471 1833 3542 τρία

232 3559 519 3636 (δυσσεϐὴς
581 3561 686 3635 γὰρ
739 3559 766 3611 6
807 3557 1100 3630 λογισμός),
1155 3555 1284 3609 ἀλλὰ
1335 3565 1489 3632 τριῶν
1539 3553 1832 3629 ἀσωμάτων

225 3653 431 3708 τελείων
478 3651 783 3726 ἀχώριστον
821 3643 988 3721 δέχου
1035 3653 1132 3706 τήν
1175 3652 1458 3702 συνουσίαν
1485 3647 1630 3718 (27).
1663 3646 1831 3700 Ὀπου

227 3743 330 3817 γὰρ
383 3744 542 3815 ἁγίου
602 3743 900 3814 Πνεύματος
954 3743 1241 3814 παρουσία,
1300 3737 1404 3790 ἐκεῖ
1451 3741 1543 3790 καὶ
1595 3744 1832 3811 Χριστοῦ

228 3830 510 3907 ἕτηδημίαο
547 3833 675 3885 ὅπου
733 3827 794 3882 6“:
835 3831 1082 3904 Χριστός,
1124 3826 1225 3881 ἐκεῖ
1261 3833 1353 3881 καὶ
1389 3827 1418 3880 6
1457 3830 1638 3901 Πατὴρ
1689 3829 1832 3902 πάρ-

233 3941 342 3979 εστι
405 3919 672 3982 δηλονότι.
736 3920 848 3973 οῦκ
900 3915 1101 3984 οἴδατε,
1164 3919 1246 3971 ὅτι
1309 3917 1375 3970 τὰ
1428 3921 1650 3989 σώματα
1690 3917 1833 3989 ὑμῶν

229 4017 345 4076 ναός
415 4019 512 4066 τοῦ
573 4009 622 4064 ἰν
686 4009 808 4082 ὑμῖν
873 4007 1022 4081 ἀγίον
1087 4009 1383 4080 Πνεῦματός
1444 4003 1560 4058 ἐστι
1615 4020 1629 4072 ;
1707 4011 1829 4072 Και,

229 4105 290 4158 εἰ
339 4121 424 4165 τις
468 4103 561 4155 τὸν
617 4103 740 4152 ναόν
780 4105 873 4151 τοῦ
929 4103 1064 4151 Θεοῦ
1120 4097 1315 4169 φθείρει
1346 4136 1360 4162 ,
1433 4095 1610 4169 φθερεῖ
1680 4095 1832 4166 (28)

225 4203 412 4249 τοῦτον
470 4193 500 4245 6
557 4193 703 4251 Θεὸς.
751 4187 1116 4260 ’Δγιαζόμενοι
1166 4181 1254 4238 οὖν
1312 4180 1406 4237 διὰ
1459 4191 1553 4236 τοῦ
1603 4185 1833 4257 Πνεῦμα-

221 4303 331 4352 τος,
365 4280 643 4355 δεχόμεθα
668 4282 756 4332 τόν
793 4280 1024 4354 Χριστὸν
1060 4281 1407 4328 κατοικοῦντα
1452 4275 1598 4346 ἡμῶν
1628 4273 1701 4335 εἰς
1745 4276 1832 4325 τόν

2011 3385 2068 3437 5.
2118 3379 2471 3451 Ubicunque
2524 3375 2705 3448 igitur
2749 3375 3096 3433 Trinitatem
3146 3371 3596 3446 conjunximus,

1939 3467 2064 3525 noli
2096 3467 2259 3524 velut
2287 3468 2465 3523 unius
2494 3465 2579 3522 rei
2604 3463 2875 3521 indivise
2902 3471 3105 3537 partes
3126 3469 3242 3519 tres
3265 3462 3472 3520 animo
3493 3461 3600 3519 tibi

1939 3558 2166 3628 ﬁngere
2192 3557 2405 3630 (impia
2440 3561 2530 3612 est
2566 3555 2727 3612 enim
2775 3554 2904 3611 haec
2933 3553 3254 3625 cogitatio).
3283 3553 3388 3608 sed
3418 3552 3598 3609 trium

1938 3648 2437 3721 incorporearum
2458 3645 2858 3718 perfectorum
2875 3643 3195 3700 essentiam
3209 3656 3598 3698 communem

1939 3742 2122 3809 atque
2167 3733 2545 3792 individuam
2589 3733 2873 3805 intellige.
2937 3730 3110 3804 195
3157 3730 3266 3788 Ubi
3304 3731 3468 3786 enim
3509 3733 3601 3786 est

1939 3825 2196 3898 Spiritus
2225 3823 2416 3881 sancti
2440 3823 2780 3897 praesentia,
2811 3821 2928 3878 illic
2957 3827 3017 3878 et
3043 3820 3309 3877 Christus
3333 3834 3598 3892 praesens

1939 3921 2068 3972 est:
2098 3914 2200 3970 ubi
2242 3929 2383 3970 vero
2413 3914 2700 3980 Christus,
2741 3911 2860 3968 illic
2891 3911 3096 3983 utique
3125 3916 3184 3967 et
3210 3912 3378 3966 Pater
3405 3908 3596 3966 adest.

1938 4001 2039 4057 An
2058 3999 2314 4065 nescitis,
2337 3999 2500 4071 quod
2521 4012 2777 4068 corpora
2798 4002 3000 4053 vestra
3019 3996 3303 4066 templum
3321 3999 3462 4050 sunt
3493 3993 3600 4050 ha-

1942 4089 2190 4146 bitantis
2218 4090 2282 4145 in
2305 4087 2469 4144 vobis
2492 4087 2758 4156 Spiritus
2783 4101 2888 4142 san
2899 4087 3035 4142 eti“
3053 4088 3082 4142 ?
3103 4087 3193 4140 Et:
3226 4083 3293 4140 Si
3307 4085 3440 4155 quis
3461 4087 3601 4139 tem-

1935 4180 2108 4250 plum
2148 4179 2261 4235 Dei
2291 4178 2612 4248 profanat,
2654 4176 2818 4233 hunc
2855 4174 3064 4245 perdet
3093 4174 3252 4230 Deus
3275 4174 3346 4229 δ’.
3381 4173 3601 4238 Quam-

1938 4268 2153 4325 obrem
2169 4283 2307 4324 cum
2326 4282 2435 4340 per
2451 4265 2737 4339 Spiritum
2755 4263 3222 4332 sanctiﬁcamur,
3239 4262 3601 4335 suscipimus

225 4376 327 4428 ἴσω
367 4373 666 4447 ἄνθρωπόν,
725 4372 813 4420 καὶ
867 4364 998 4440 μετά
1027 4374 1118 4419 τοῦ
1174 4371 1411 4439 Χριστοῦ
1456 4365 1545 4415 τὸν
1604 4366 1828 4431 Πατίρα,

1943 4356 2245 4414 Christum
2273 4355 2335 4411 in
2374 4355 2652 4412 interiore
2682 4359 2888 4409 nostro
2926 4351 3173 4408 homine
3199 4351 3599 4407 habitantem.

221 4469 405 4523 ιοενιξν
435 4435 742 4533 ττοιοῦμενον
786 4435 882 4515 τὴν
919 4459 1080 4530 μονὴν
1128 4435 1273 4527 παρὰ
1312 4460 1419 4514 τοῖς
1457 4451 1642 4515 ἀξίοις.
1687 4453 1828 4504 Ταύ-

1940 4451 1999 4502 et
2027 4461 2150 4502 una
2167 4460 2309 4501 cum
2340 4443 2571 4500 Christo
2603 4446 2834 4498 Patrem
2863 4441 3266 4498 communiter
3302 4439 3464 4513 apud
3505 4437 3601 4494 di-

223 4569 320 4612 την
379 4547 444 4605 δι
491 4554 589 4609 τὴν
641 4548 918 4620 συνάφεεαν
963 4542 1124 4602 δηλοῖ
1175 4549 1266 4596 καὶ
1306 4543 1338 4601 ἡ
1391 4537 1690 4616 παράδοσις
1739 4547 1833 4593 τοῦ

230 4642 626 4716 βαπτίσματος,
669 4642 760 4690 καὶ
805 4638 836 4696 ἠ
898 4635 1150 4709 ὁμολογία
1195 4641 1288 4694 τῆς
1331 4637 1578 4694 πίστεως.
1629 4630 1690 4684 Εἰ
1728 4633 1831 4704 γὰρ

229 4733 500 4809 ἀλλότριον
532 4727 594 4790 ἦν
625 4736 687 4803 τῇ
721 4731 891 4802 φύσει,
930 4733 1042 4789 πῶς
1094 4725 1464 4798 συνηριθμεῖτο
1493 4725 1552 4774 τό
1585 4728 1831 4793 Πνεῦμας

229 4831 330 4880 Καὶ
380 4824 426 4877 εἰ
496 4822 714 4895 χρόνοις
774 4819 988 4890 ὕστερον
1056 4818 1464 4890 προσγενόμενον
1523 4815 1691 4886 Πατρὶ
1743 4813 1833 4862 καὶ

228 4917 352 4986 Υὶῷ,
384 4922 496 4974 πῶς
523 4919 585 4983 τῇ
620 4905 782 4979 ἀϊδίῳ
827 4906 1172 4958 συνετάσσετο
1199 4905 1388 4976 φύσεις
1444 4901 1511 4953 Οἱ
1559 4896 1620 4952 δε
1657 4903 1833 4972 χωρί-

229 5008 400 5068 ζοντες
422 5003 632 5075 Πατρός
662 5003 751 5052 καὶ
799 4998 922 5050 Υἱοῦ
968 4999 1058 5048 καί
1107 5001 1168 5066 τῇ
1220 4997 1391 5046 κτίσει
1448 4991 1833 5064 συναριθμοῦνε

230 5111 306 5156 τες
354 5098 415 5147 τό
470 5098 686 5162 Πνεῦμα
753 5085 922 5146 ἀτελὴς
973 5085 1064 5158 μὶν
1120 5090 1336 5136 ποιοῦσι
1400 5083 1460 5134 τό
1527 5077 1829 5153 βάπτισμα,

231 5182 405 5241 ἃλις-ἦ
463 5177 526 5234 εἰ
574 5183 673 5237 τὴν
719 5174 996 5249 ὁμολογίαν
1051 5181 1147 5236 τῆς
1184 5189 1429 5234 πιστεως.
1479 5170 1612 5221 Οὔτε
1667 5168 1770 5240 γὰρ
1799 5167 1828 5226 ἠ

1939 4550 2096 4606 gnos
2116 4540 2482 4592 manentem.
2499 4535 2661 4589 Hanc
2675 4537 2879 4589 autem
2899 4547 3012 4588 con
3015 4531 3386 4602 junctionem
3407 4530 3604 4587 decla-

1940 4632 2032 4683 rat
2060 4629 2118 4682 et
2154 4623 2538 4697 baptismatis
2585 4623 2850 4692 traditio,
2878 4627 2936 4678 et
2980 4621 3122 4678 ﬁdei
3164 4621 3485 4679 confessio.
3514 4622 3604 4676 Et-

1940 4717 2102 4772 enim
2131 4715 2181 4770 si
2211 4713 2444 4771 alienus
2469 4718 2624 4771 esset
2646 4718 2862 4770 natura
2893 4712 3166 4786 Spiritus,
3194 4710 3508 4785 quomodo
3529 4709 3602 4765 si-

1942 4804 2071 4862 mul
2119 4804 2669 4860 annumeiaretur?
2718 4805 2783 4860 Et
2830 4803 2878 4858 si
2922 4808 3268 4875 temporum
3312 4813 3602 4872 processu

1941 4902 2151 4969 postea
2174 4893 2527 4950 accessisset
2544 4892 2702 4950 Patri
2721 4909 2792 4950 ac
2807 4891 3098 4964 Filio,qua
3116 4889 3346 4947 ratione
3363 4892 3600 4943 aeternas

1941 4989 2167 5041 naturae
2189 4981 2704 5055 conjungeretur?
2736 4980 2847 5046 Qui
2873 4980 3033 5036 enim
3065 4981 3404 5050 separanta
3434 4978 3601 5032 Patre

1942 5078 2001 5131 et
2026 5073 2174 5130 Filio
2221 5078 2280 5130 et
2317 5074 2471 5130 inter
2513 5076 2821 5128 creaturas
2851 5072 3176 5124 numerant
3205 5063 3514 5137 Spiritum,
3537 5068 3604 5122 ut

1940 5164 2317 5238 baptismum
2342 5161 2782 5236 imperfectum,
2804 5158 2890 5215 ita
2911 5157 3140 5214 faciunt
3159 5151 3601 5211 confessionem

297 5335 346 5371 ³³
371 5335 551 5392 Joan.
582 5331 759 5401 ψει.
834 5329 884 5367 ιο
915 5330 1086 5386 Rom.
1110 5342 1236 5395 vm,
1269 5327 1322 5398 9,
1349 5327 1442 5385 10.
1519 5323 1564 5360 δι
1599 5324 1774 5380 iCor.
1805 5334 1828 5379 τ

1940 5321 1985 5377 9.
2062 5319 2110 5356 ⁸³
2138 5321 2160 5376 Ι
2185 5319 2316 5376 Cor.
2345 5331 2429 5388 tu,
2460 5320 2544 5372 t7.

453 5489 548 5552 Sic
569 5485 1100 5588 veteres-quatuor
1125 5477 1284 5543 libri.
1308 5476 1461 5541 Editi
1487 5483 1749 5540 συνῆπται
1775 5467 1835 5532 δὴ

237 5577 322 5622 καὶ
345 5569 706 5629 ἁδιαστοίτως,
739 5569 854 5621 etc.
1033 5630 1044 5632 Α
1173 5628 1185 5632 _
1339 5627 1349 5632 _
1408 5630 1414 5632 _
1606 5627 1616 5632 ,
1666 5597 1670 5601 ν
1703 5621 1713 5632 ,
1822 5619 1833 5632 ,

305 5645 418 5712 (27)
435 5642 651 5697 Vocem
670 5627 960 5689 συνουσίαν
972 5630 1054 5690 ad
1069 5628 1316 5687 verbum
1336 5627 1718 5700 interpretari
1733 5627 1836 5694 qui

1941 5470 2219 5537 Voluerit,
2257 5472 2468 5532 vertat.
2498 5466 2906 5534 coessentiam,
2935 5461 3146 5535 trium,
3166 5466 3278 5523 etc.

2013 5549 2126 5612 (28)
2165 5530 2274 5599 Pro
2312 5530 2504 5614 φθείρει
2530 5539 2833 5595 edendum
2862 5530 3211 5614 curavimus
3239 5553 3314 5596 ex
3342 5530 3603 5612 antiquis

1943 5615 2188 5674 duobus
2219 5611 2386 5670 libris
2413 5611 2604 5685 φθερεῖ,
2635 5617 3001 5682 corrumpet,
3021 5611 3252 5681 perdet.
