  <div class='ocr_page' id='page_1' title='image "/cluster/home/n/w/nwhite01/storage/ocr_20150623/31/hvd.32044048272629/311.png"; bbox 0 0 4100 6196; ppageno 0'>
   <div class='ocr_carea' id='block_1_1' title="bbox 547 322 646 378">
    <p class='ocr_par' dir='ltr' id='par_1_1' title="bbox 547 322 646 378">
     <span class='ocr_line' id='line_1_1' title="bbox 547 322 646 378; baseline -0.04 0"><span class='ocrx_word' id='word_1_1' title='bbox 547 322 646 378; x_wconf 77' lang='lat' dir='ltr'><strong>6H</strong></span> 
     </span>
    </p>
   </div>
   <div class='ocr_carea' id='block_1_2' title="bbox 1913 309 2538 368">
    <p class='ocr_par' dir='ltr' id='par_1_2' title="bbox 1913 309 2538 368">
     <span class='ocr_line' id='line_1_2' title="bbox 1913 309 2538 368; baseline 0.01 -5"><span class='ocrx_word' id='word_1_2' title='bbox 1913 310 1970 365; x_wconf 87' lang='lat' dir='ltr'><strong>S.</strong></span> <span class='ocrx_word' id='word_1_3' title='bbox 2011 309 2260 366; x_wconf 80' lang='lat' dir='ltr'><strong>BASILII</strong></span> <span class='ocrx_word' id='word_1_4' title='bbox 2296 311 2538 368; x_wconf 74' lang='lat' dir='ltr'><strong>MAGNI.</strong></span> 
     </span>
    </p>
   </div>
   <div class='ocr_carea' id='block_1_3' title="bbox 3786 321 3883 374">
    <p class='ocr_par' dir='ltr' id='par_1_3' title="bbox 3786 321 3883 374">
     <span class='ocr_line' id='line_1_3' title="bbox 3786 321 3883 374; baseline 0.01 -1"><span class='ocrx_word' id='word_1_5' title='bbox 3786 321 3883 374; x_wconf 75' lang='grc'><strong>612</strong></span> 
     </span>
    </p>
   </div>
   <div class='ocr_carea' id='block_1_4' title="bbox 545 433 2180 515">
    <p class='ocr_par' dir='ltr' id='par_1_4' title="bbox 545 433 2180 515">
     <span class='ocr_line' id='line_1_4' title="bbox 545 433 2180 515; baseline -0.009 -12"><span class='ocrx_word' id='word_1_6' title='bbox 545 445 686 503; x_wconf 84' lang='lat' dir='ltr'><strong>ﬁdei</strong></span> <span class='ocrx_word' id='word_1_7' title='bbox 715 441 1146 515; x_wconf 76' lang='lat' dir='ltr'><strong>imperfectam.</strong></span> <span class='ocrx_word' id='word_1_8' title='bbox 1195 441 1396 508; x_wconf 82' lang='lat' dir='ltr'><strong>Neque</strong></span> <span class='ocrx_word' id='word_1_9' title='bbox 1440 434 1601 492; x_wconf 82' lang='lat' dir='ltr'><strong>enim</strong></span> <span class='ocrx_word' id='word_1_10' title='bbox 1649 434 1928 500; x_wconf 81' lang='lat' dir='ltr'><strong>Trinitas,</strong></span> <span class='ocrx_word' id='word_1_11' title='bbox 1977 433 2180 504; x_wconf 72' lang='lat' dir='ltr'><strong>Spiritt</strong></span> 
     </span>
    </p>
   </div>
   <div class='ocr_carea' id='block_1_5' title="bbox 2289 433 3889 515">
    <p class='ocr_par' dir='ltr' id='par_1_5' title="bbox 2300 437 3889 514">
     <span class='ocr_line' id='line_1_5' title="bbox 2300 437 3889 514; baseline 0.007 -27"><span class='ocrx_word' id='word_1_12' title='bbox 2300 437 2462 508; x_wconf 85' lang='grc' dir='ltr'>Τριὰς</span> <span class='ocrx_word' id='word_1_13' title='bbox 2525 441 2663 510; x_wconf 84' lang='grc' dir='ltr'>μένει</span> <span class='ocrx_word' id='word_1_14' title='bbox 2726 441 2902 513; x_wconf 77' lang='grc' dir='ltr'>Τριάς,</span> <span class='ocrx_word' id='word_1_15' title='bbox 2969 439 3347 514; x_wconf 78' lang='grc' dir='ltr'><strong>ὑφαιρουμένου</strong></span> <span class='ocrx_word' id='word_1_16' title='bbox 3420 447 3510 493; x_wconf 87' lang='grc' dir='ltr'><strong>τοῦ</strong></span> <span class='ocrx_word' id='word_1_17' title='bbox 3584 443 3889 513; x_wconf 76' lang='grc' dir='ltr'>Πνεῦματος.</span> 
     </span>
    </p>
   </div>
   <div class='ocr_carea' id='block_1_6' title="bbox 546 521 2198 600">
    <p class='ocr_par' dir='ltr' id='par_1_6' title="bbox 546 521 2198 600">
     <span class='ocr_line' id='line_1_6' title="bbox 546 521 2198 600; baseline -0.01 -8"><span class='ocrx_word' id='word_1_18' title='bbox 546 535 874 600; x_wconf 86' lang='lat' dir='ltr'><strong>subtracto,</strong></span> <span class='ocrx_word' id='word_1_19' title='bbox 917 528 1169 586; x_wconf 80' lang='lat' dir='ltr'><strong>Trinitas</strong></span> <span class='ocrx_word' id='word_1_20' title='bbox 1214 531 1438 582; x_wconf 88' lang='lat' dir='ltr'><strong>manet.</strong></span> <span class='ocrx_word' id='word_1_21' title='bbox 1473 528 1536 581; x_wconf 80' lang='lat' dir='ltr'><strong>Et</strong></span> <span class='ocrx_word' id='word_1_22' title='bbox 1576 540 1804 590; x_wconf 80' lang='lat' dir='ltr'><strong>rursus,</strong></span> <span class='ocrx_word' id='word_1_23' title='bbox 1847 523 1896 578; x_wconf 93' lang='lat' dir='ltr'><strong>si</strong></span> <span class='ocrx_word' id='word_1_24' title='bbox 1926 538 2048 578; x_wconf 90' lang='lat' dir='ltr'><strong>una</strong></span> <span class='ocrx_word' id='word_1_25' title='bbox 2086 521 2198 577; x_wconf 86' lang='lat' dir='ltr'><strong>ali-</strong></span> 
     </span>
    </p>
   </div>
   <div class='ocr_carea' id='block_1_7' title="bbox 543 613 2199 697">
    <p class='ocr_par' dir='ltr' id='par_1_7' title="bbox 543 613 2199 697">
     <span class='ocr_line' id='line_1_7' title="bbox 543 613 2199 697; baseline -0.01 -16"><span class='ocrx_word' id='word_1_26' title='bbox 543 641 667 697; x_wconf 88' lang='lat' dir='ltr'><strong>qua</strong></span> <span class='ocrx_word' id='word_1_27' title='bbox 696 627 968 678; x_wconf 84' lang='lat' dir='ltr'><strong>creatura</strong></span> <span class='ocrx_word' id='word_1_28' title='bbox 1013 616 1302 687; x_wconf 84' lang='lat' dir='ltr'><strong>adjuncta</strong></span> <span class='ocrx_word' id='word_1_29' title='bbox 1348 613 1542 684; x_wconf 86' lang='lat' dir='ltr'><strong>fuerit,</strong></span> <span class='ocrx_word' id='word_1_30' title='bbox 1577 613 1742 669; x_wconf 88' lang='lat' dir='ltr'><strong>nulla</strong></span> <span class='ocrx_word' id='word_1_31' title='bbox 1772 627 1894 668; x_wconf 88' lang='lat' dir='ltr'><strong>non</strong></span> <span class='ocrx_word' id='word_1_32' title='bbox 1923 616 2199 668; x_wconf 87' lang='lat' dir='ltr'><strong>creatura</strong></span> 
     </span>
    </p>
   </div>
   <div class='ocr_carea' id='block_1_8' title="bbox 544 699 2197 774">
    <p class='ocr_par' dir='ltr' id='par_1_8' title="bbox 544 699 2197 774">
     <span class='ocr_line' id='line_1_8' title="bbox 544 699 2197 774; baseline -0.01 -4"><span class='ocrx_word' id='word_1_33' title='bbox 544 731 682 770; x_wconf 88' lang='lat' dir='ltr'><strong>cum</strong></span> <span class='ocrx_word' id='word_1_34' title='bbox 717 715 883 766; x_wconf 82' lang='lat' dir='ltr'><strong>Patre</strong></span> <span class='ocrx_word' id='word_1_35' title='bbox 913 713 970 762; x_wconf 92' lang='lat' dir='ltr'><strong>et</strong></span> <span class='ocrx_word' id='word_1_36' title='bbox 1013 706 1152 762; x_wconf 78' lang='lat' dir='ltr'><strong>Filio</strong></span> <span class='ocrx_word' id='word_1_37' title='bbox 1180 704 1705 760; x_wconf 86' lang='lat' dir='ltr'><strong>annumerahitur.</strong></span> <span class='ocrx_word' id='word_1_38' title='bbox 1764 700 1992 774; x_wconf 84' lang='lat' dir='ltr'><strong>Ecquid</strong></span> <span class='ocrx_word' id='word_1_39' title='bbox 2035 699 2197 755; x_wconf 90' lang='lat' dir='ltr'><strong>enim</strong></span> 
     </span>
    </p>
   </div>
   <div class='ocr_carea' id='block_1_9' title="bbox 543 789 2198 874">
    <p class='ocr_par' dir='ltr' id='par_1_9' title="bbox 543 789 2198 874">
     <span class='ocr_line' id='line_1_9' title="bbox 543 789 2198 874; baseline -0.008 -17"><span class='ocrx_word' id='word_1_40' title='bbox 543 799 825 874; x_wconf 80' lang='lat' dir='ltr'><strong>prohibet</strong></span> <span class='ocrx_word' id='word_1_41' title='bbox 853 797 1071 859; x_wconf 83' lang='lat' dir='ltr'><strong>dicere,</strong></span> <span class='ocrx_word' id='word_1_42' title='bbox 1104 791 1417 848; x_wconf 83' lang='lat' dir='ltr'><strong>Credimus</strong></span> <span class='ocrx_word' id='word_1_43' title='bbox 1448 791 1508 846; x_wconf 88' lang='lat' dir='ltr'><strong>in</strong></span> <span class='ocrx_word' id='word_1_44' title='bbox 1557 795 1785 847; x_wconf 88' lang='lat' dir='ltr'><strong>Patrem</strong></span> <span class='ocrx_word' id='word_1_45' title='bbox 1813 795 1869 846; x_wconf 90' lang='lat' dir='ltr'><strong>et</strong></span> <span class='ocrx_word' id='word_1_46' title='bbox 1900 789 2110 845; x_wconf 86' lang='lat' dir='ltr'><strong>Filium</strong></span> <span class='ocrx_word' id='word_1_47' title='bbox 2141 791 2198 844; x_wconf 85' lang='lat' dir='ltr'><strong>et</strong></span> 
     </span>
    </p>
   </div>
   <div class='ocr_carea' id='block_1_10' title="bbox 542 879 2200 954">
    <p class='ocr_par' dir='ltr' id='par_1_10' title="bbox 542 879 2200 954">
     <span class='ocr_line' id='line_1_10' title="bbox 542 879 2200 954; baseline -0.007 -9"><span class='ocrx_word' id='word_1_48' title='bbox 542 891 603 945; x_wconf 91' lang='lat' dir='ltr'><strong>in</strong></span> <span class='ocrx_word' id='word_1_49' title='bbox 634 892 972 943; x_wconf 77' lang='lat' dir='ltr'><strong>creaturam</strong></span> <span class='ocrx_word' id='word_1_50' title='bbox 1003 880 1294 939; x_wconf 84' lang='lat' dir='ltr'><strong>omnem?</strong></span> <span class='ocrx_word' id='word_1_51' title='bbox 1341 881 1395 937; x_wconf 88' lang='lat' dir='ltr'><strong>Si</strong></span> <span class='ocrx_word' id='word_1_52' title='bbox 1428 880 1588 936; x_wconf 87' lang='lat' dir='ltr'><strong>enim</strong></span> <span class='ocrx_word' id='word_1_53' title='bbox 1620 881 1787 954; x_wconf 86' lang='lat' dir='ltr'><strong>pium</strong></span> <span class='ocrx_word' id='word_1_54' title='bbox 1819 884 1910 935; x_wconf 89' lang='lat' dir='ltr'><strong>est</strong></span> <span class='ocrx_word' id='word_1_55' title='bbox 1956 879 2200 934; x_wconf 82' lang='lat' dir='ltr'><strong>credere</strong></span> 
     </span>
    </p>
   </div>
   <div class='ocr_carea' id='block_1_11' title="bbox 539 968 2202 1050">
    <p class='ocr_par' dir='ltr' id='par_1_11' title="bbox 539 968 2202 1050">
     <span class='ocr_line' id='line_1_11' title="bbox 539 968 2202 1050; baseline -0.007 -16"><span class='ocrx_word' id='word_1_56' title='bbox 539 979 602 1034; x_wconf 89' lang='lat' dir='ltr'><strong>in</strong></span> <span class='ocrx_word' id='word_1_57' title='bbox 630 983 860 1050; x_wconf 90' lang='lat' dir='ltr'><strong>partem</strong></span> <span class='ocrx_word' id='word_1_58' title='bbox 891 979 1201 1038; x_wconf 69' lang='lat' dir='ltr'><strong>creaturae,</strong></span> <span class='ocrx_word' id='word_1_59' title='bbox 1227 971 1495 1043; x_wconf 81' lang='lat' dir='ltr'><strong>profecto</strong></span> <span class='ocrx_word' id='word_1_60' title='bbox 1512 970 1689 1038; x_wconf 87' lang='lat' dir='ltr'><strong>longe</strong></span> <span class='ocrx_word' id='word_1_61' title='bbox 1714 968 2054 1038; x_wconf 83' lang='lat' dir='ltr'><strong>religiosius</strong></span> <span class='ocrx_word' id='word_1_62' title='bbox 2079 968 2202 1023; x_wconf 54' lang='lat' dir='ltr'><strong>{uec</strong></span> 
     </span>
    </p>
   </div>
   <div class='ocr_carea' id='block_1_12' title="bbox 539 1057 2199 1124">
    <p class='ocr_par' dir='ltr' id='par_1_12' title="bbox 539 1057 2199 1124">
     <span class='ocr_line' id='line_1_12' title="bbox 539 1057 2199 1124; baseline -0.008 0"><span class='ocrx_word' id='word_1_63' title='bbox 539 1070 613 1124; x_wconf 89' lang='lat' dir='ltr'><strong>rit</strong></span> <span class='ocrx_word' id='word_1_64' title='bbox 633 1072 975 1123; x_wconf 82' lang='lat' dir='ltr'><strong>creaturam</strong></span> <span class='ocrx_word' id='word_1_65' title='bbox 998 1078 1240 1118; x_wconf 88' lang='lat' dir='ltr'><strong>omnem</strong></span> <span class='ocrx_word' id='word_1_66' title='bbox 1276 1061 1352 1116; x_wconf 91' lang='lat' dir='ltr'><strong>ad</strong></span> <span class='ocrx_word' id='word_1_67' title='bbox 1376 1061 1534 1115; x_wconf 87' lang='lat' dir='ltr'><strong>hanc</strong></span> <span class='ocrx_word' id='word_1_68' title='bbox 1564 1059 2008 1115; x_wconf 80' lang='lat' dir='ltr'><strong>confessionem</strong></span> <span class='ocrx_word' id='word_1_69' title='bbox 2032 1057 2199 1114; x_wconf 82' lang='lat' dir='ltr'><strong>adhi-</strong></span> 
     </span>
    </p>
   </div>
   <div class='ocr_carea' id='block_1_13' title="bbox 538 1147 2198 1221">
    <p class='ocr_par' dir='ltr' id='par_1_13' title="bbox 538 1147 2198 1221">
     <span class='ocr_line' id='line_1_13' title="bbox 538 1147 2198 1221; baseline -0.007 -8"><span class='ocrx_word' id='word_1_70' title='bbox 538 1158 702 1214; x_wconf 90' lang='lat' dir='ltr'><strong>bere.</strong></span> <span class='ocrx_word' id='word_1_71' title='bbox 729 1155 898 1221; x_wconf 87' lang='lat' dir='ltr'><strong>Quod</strong></span> <span class='ocrx_word' id='word_1_72' title='bbox 925 1153 974 1207; x_wconf 92' lang='lat' dir='ltr'><strong>si</strong></span> <span class='ocrx_word' id='word_1_73' title='bbox 1005 1151 1219 1207; x_wconf 89' lang='lat' dir='ltr'><strong>credas</strong></span> <span class='ocrx_word' id='word_1_74' title='bbox 1241 1150 1301 1204; x_wconf 91' lang='lat' dir='ltr'><strong>in</strong></span> <span class='ocrx_word' id='word_1_75' title='bbox 1323 1164 1568 1204; x_wconf 89' lang='lat' dir='ltr'><strong>omnem</strong></span> <span class='ocrx_word' id='word_1_76' title='bbox 1597 1154 1959 1215; x_wconf 80' lang='lat' dir='ltr'><strong>creaturam,</strong></span> <span class='ocrx_word' id='word_1_77' title='bbox 1983 1163 2104 1204; x_wconf 89' lang='lat' dir='ltr'><strong>non</strong></span> <span class='ocrx_word' id='word_1_78' title='bbox 2137 1147 2198 1203; x_wconf 87' lang='lat' dir='ltr'><strong>in</strong></span> 
     </span>
    </p>
   </div>
   <div class='ocr_carea' id='block_1_14' title="bbox 541 1235 2196 1318">
    <p class='ocr_par' dir='ltr' id='par_1_14' title="bbox 541 1235 2196 1318">
     <span class='ocr_line' id='line_1_14' title="bbox 541 1235 2196 1318; baseline -0.009 -14"><span class='ocrx_word' id='word_1_79' title='bbox 541 1245 788 1318; x_wconf 78' lang='lat' dir='ltr'><strong>angelos</strong></span> <span class='ocrx_word' id='word_1_80' title='bbox 818 1248 875 1299; x_wconf 89' lang='lat' dir='ltr'><strong>et</strong></span> <span class='ocrx_word' id='word_1_81' title='bbox 903 1239 1293 1297; x_wconf 85' lang='lat' dir='ltr'><strong>administros</strong></span> <span class='ocrx_word' id='word_1_82' title='bbox 1333 1237 1578 1310; x_wconf 78' lang='lat' dir='ltr'><strong>spiritus</strong></span> <span class='ocrx_word' id='word_1_83' title='bbox 1604 1237 1813 1292; x_wconf 90' lang='lat' dir='ltr'><strong>credes</strong></span> <span class='ocrx_word' id='word_1_84' title='bbox 1839 1236 2057 1303; x_wconf 91' lang='lat' dir='ltr'><strong>solum,</strong></span> <span class='ocrx_word' id='word_1_85' title='bbox 2089 1235 2196 1290; x_wconf 91' lang='lat' dir='ltr'><strong>sed</strong></span> 
     </span>
    </p>
   </div>
   <div class='ocr_carea' id='block_1_15' title="bbox 537 1327 2197 1405">
    <p class='ocr_par' dir='ltr' id='par_1_15' title="bbox 537 1327 2197 1405">
     <span class='ocr_line' id='line_1_15' title="bbox 537 1327 2197 1405; baseline -0.006 -12"><span class='ocrx_word' id='word_1_86' title='bbox 537 1338 720 1393; x_wconf 86' lang='lat' dir='ltr'><strong>etiam</strong></span> <span class='ocrx_word' id='word_1_87' title='bbox 755 1335 804 1390; x_wconf 93' lang='lat' dir='ltr'><strong>si</strong></span> <span class='ocrx_word' id='word_1_88' title='bbox 833 1347 971 1405; x_wconf 70' lang='lat' dir='ltr'><strong>qua:</strong></span> <span class='ocrx_word' id='word_1_89' title='bbox 1004 1334 1145 1384; x_wconf 91' lang='lat' dir='ltr'><strong>sunt</strong></span> <span class='ocrx_word' id='word_1_90' title='bbox 1175 1327 1538 1384; x_wconf 67' lang='lat' dir='ltr'><strong>adversariae</strong></span> <span class='ocrx_word' id='word_1_91' title='bbox 1572 1333 1919 1400; x_wconf 83' lang='lat' dir='ltr'><strong>potestates,</strong></span> <span class='ocrx_word' id='word_1_92' title='bbox 1969 1343 2106 1382; x_wconf 92' lang='lat' dir='ltr'><strong>cum</strong></span> <span class='ocrx_word' id='word_1_93' title='bbox 2139 1330 2197 1383; x_wconf 89' lang='lat' dir='ltr'><strong>et</strong></span> 
     </span>
    </p>
   </div>
   <div class='ocr_carea' id='block_1_16' title="bbox 536 1415 2192 1498">
    <p class='ocr_par' dir='ltr' id='par_1_16' title="bbox 536 1415 2192 1498">
     <span class='ocr_line' id='line_1_16' title="bbox 536 1415 2192 1498; baseline -0.007 -16"><span class='ocrx_word' id='word_1_94' title='bbox 536 1428 683 1498; x_wconf 70' lang='lat' dir='ltr'><strong>ipsa:</strong></span> <span class='ocrx_word' id='word_1_95' title='bbox 716 1440 854 1495; x_wconf 89' lang='lat' dir='ltr'><strong>pars</strong></span> <span class='ocrx_word' id='word_1_96' title='bbox 895 1421 1011 1475; x_wconf 80' lang='lat' dir='ltr'><strong>sint</strong></span> <span class='ocrx_word' id='word_1_97' title='bbox 1048 1424 1356 1483; x_wconf 72' lang='lat' dir='ltr'><strong>creaturas,</strong></span> <span class='ocrx_word' id='word_1_98' title='bbox 1402 1425 1582 1490; x_wconf 89' lang='lat' dir='ltr'><strong>atque</strong></span> <span class='ocrx_word' id='word_1_99' title='bbox 1630 1417 1689 1472; x_wconf 91' lang='lat' dir='ltr'><strong>in</strong></span> <span class='ocrx_word' id='word_1_100' title='bbox 1721 1416 2093 1489; x_wconf 80' lang='lat' dir='ltr'><strong>professione</strong></span> <span class='ocrx_word' id='word_1_101' title='bbox 2121 1415 2192 1471; x_wconf 85' lang='lat' dir='ltr'><strong>ﬁ-</strong></span> 
     </span>
    </p>
   </div>
   <div class='ocr_carea' id='block_1_17' title="bbox 537 1506 2194 1582">
    <p class='ocr_par' dir='ltr' id='par_1_17' title="bbox 537 1506 2194 1582">
     <span class='ocr_line' id='line_1_17' title="bbox 537 1506 2194 1582; baseline -0.005 -12"><span class='ocrx_word' id='word_1_102' title='bbox 537 1515 635 1570; x_wconf 90' lang='lat' dir='ltr'><strong>dei</strong></span> <span class='ocrx_word' id='word_1_103' title='bbox 662 1529 800 1568; x_wconf 88' lang='lat' dir='ltr'><strong>cum</strong></span> <span class='ocrx_word' id='word_1_104' title='bbox 830 1511 916 1566; x_wconf 90' lang='lat' dir='ltr'><strong>eis</strong></span> <span class='ocrx_word' id='word_1_105' title='bbox 948 1510 1272 1582; x_wconf 84' lang='lat' dir='ltr'><strong>paciscere.</strong></span> <span class='ocrx_word' id='word_1_106' title='bbox 1303 1507 1396 1563; x_wconf 90' lang='lat' dir='ltr'><strong>Sic</strong></span> <span class='ocrx_word' id='word_1_107' title='bbox 1427 1523 1500 1562; x_wconf 89' lang='lat' dir='ltr'><strong>ea</strong></span> <span class='ocrx_word' id='word_1_108' title='bbox 1529 1524 1665 1579; x_wconf 80' lang='lat' dir='ltr'><strong>quae</strong></span> <span class='ocrx_word' id='word_1_109' title='bbox 1695 1507 1756 1562; x_wconf 91' lang='lat' dir='ltr'><strong>in</strong></span> <span class='ocrx_word' id='word_1_110' title='bbox 1787 1506 2074 1578; x_wconf 87' lang='lat' dir='ltr'><strong>Spiritum</strong></span> <span class='ocrx_word' id='word_1_111' title='bbox 2104 1511 2194 1563; x_wconf 89' lang='lat' dir='ltr'><strong>est</strong></span> 
     </span>
    </p>
   </div>
   <div class='ocr_carea' id='block_1_18' title="bbox 537 1596 2191 1676">
    <p class='ocr_par' dir='ltr' id='par_1_18' title="bbox 537 1596 2191 1676">
     <span class='ocr_line' id='line_1_18' title="bbox 537 1596 2191 1676; baseline -0.004 -17"><span class='ocrx_word' id='word_1_112' title='bbox 537 1601 936 1676; x_wconf 84' lang='lat' dir='ltr'><strong>blasphemia,</strong></span> <span class='ocrx_word' id='word_1_113' title='bbox 975 1599 1036 1654; x_wconf 90' lang='lat' dir='ltr'><strong>in</strong></span> <span class='ocrx_word' id='word_1_114' title='bbox 1076 1597 1297 1669; x_wconf 90' lang='lat' dir='ltr'><strong>impios</strong></span> <span class='ocrx_word' id='word_1_115' title='bbox 1340 1612 1410 1652; x_wconf 87' lang='lat' dir='ltr'><strong>ac</strong></span> <span class='ocrx_word' id='word_1_116' title='bbox 1460 1596 1759 1652; x_wconf 80' lang='lat' dir='ltr'><strong>nefandos</strong></span> <span class='ocrx_word' id='word_1_117' title='bbox 1795 1611 2104 1652; x_wconf 88' lang='lat' dir='ltr'><strong>sermones</strong></span> <span class='ocrx_word' id='word_1_118' title='bbox 2138 1601 2191 1652; x_wconf 91' lang='lat' dir='ltr'><strong>te</strong></span> 
     </span>
    </p>
   </div>
   <div class='ocr_carea' id='block_1_19' title="bbox 536 1686 2189 1759">
    <p class='ocr_par' dir='ltr' id='par_1_19' title="bbox 536 1686 2189 1759">
     <span class='ocr_line' id='line_1_19' title="bbox 536 1686 2189 1759; baseline -0.005 -9"><span class='ocrx_word' id='word_1_119' title='bbox 536 1693 841 1752; x_wconf 74' lang='lat' dir='ltr'><strong>conducxt.</strong></span> <span class='ocrx_word' id='word_1_120' title='bbox 888 1693 1037 1747; x_wconf 83' lang='lat' dir='ltr'><strong>Nam</strong></span> <span class='ocrx_word' id='word_1_121' title='bbox 1081 1689 1184 1743; x_wconf 89' lang='lat' dir='ltr'><strong>ubi</strong></span> <span class='ocrx_word' id='word_1_122' title='bbox 1230 1687 1494 1759; x_wconf 90' lang='lat' dir='ltr'><strong>primum</strong></span> <span class='ocrx_word' id='word_1_123' title='bbox 1540 1686 1615 1742; x_wconf 90' lang='lat' dir='ltr'><strong>de</strong></span> <span class='ocrx_word' id='word_1_124' title='bbox 1649 1686 1866 1758; x_wconf 90' lang='lat' dir='ltr'><strong>Spiritu</strong></span> <span class='ocrx_word' id='word_1_125' title='bbox 1896 1702 2033 1758; x_wconf 65' lang='lat' dir='ltr'><strong>qua:</strong></span> <span class='ocrx_word' id='word_1_126' title='bbox 2065 1701 2189 1742; x_wconf 92' lang='lat' dir='ltr'><strong>non</strong></span> 
     </span>
    </p>
   </div>
   <div class='ocr_carea' id='block_1_20' title="bbox 2305 525 3887 602">
    <p class='ocr_par' dir='ltr' id='par_1_20' title="bbox 2305 525 3887 602">
     <span class='ocr_line' id='line_1_20' title="bbox 2305 525 3887 602; baseline 0.005 -27"><span class='ocrx_word' id='word_1_127' title='bbox 2305 529 2405 576; x_wconf 79' lang='grc' dir='ltr'><strong>Καὶ</strong></span> <span class='ocrx_word' id='word_1_128' title='bbox 2458 525 2502 578; x_wconf 87' lang='grc' dir='ltr'>εἰ</span> <span class='ocrx_word' id='word_1_129' title='bbox 2557 528 2606 580; x_wconf 84' lang='grc' dir='ltr'>ἐν</span> <span class='ocrx_word' id='word_1_130' title='bbox 2665 547 2714 579; x_wconf 91' lang='grc' dir='ltr'><strong>τι</strong></span> <span class='ocrx_word' id='word_1_131' title='bbox 2770 527 2922 580; x_wconf 73' lang='grc' dir='ltr'>πάλιν</span> <span class='ocrx_word' id='word_1_132' title='bbox 2981 525 3080 580; x_wconf 85' lang='grc' dir='ltr'>ἀπὸ</span> <span class='ocrx_word' id='word_1_133' title='bbox 3137 535 3231 590; x_wconf 83' lang='grc' dir='ltr'>τῆς</span> <span class='ocrx_word' id='word_1_134' title='bbox 3275 532 3491 589; x_wconf 86' lang='grc' dir='ltr'>κτίσεως</span> <span class='ocrx_word' id='word_1_135' title='bbox 3548 532 3887 602; x_wconf 71' lang='grc' dir='ltr'>προσαφθείη,</span> 
     </span>
    </p>
   </div>
   <div class='ocr_carea' id='block_1_21' title="bbox 2301 616 3893 694">
    <p class='ocr_par' dir='ltr' id='par_1_21' title="bbox 2301 616 3893 694">
     <span class='ocr_line' id='line_1_21' title="bbox 2301 616 3893 694; baseline 0.005 -30"><span class='ocrx_word' id='word_1_136' title='bbox 2301 619 2450 665; x_wconf 86' lang='grc' dir='ltr'>πᾶσα</span> <span class='ocrx_word' id='word_1_137' title='bbox 2496 617 2525 672; x_wconf 83' lang='grc' dir='ltr'><strong>ἠ</strong></span> <span class='ocrx_word' id='word_1_138' title='bbox 2575 621 2750 678; x_wconf 87' lang='grc' dir='ltr'>κτίσις</span> <span class='ocrx_word' id='word_1_139' title='bbox 2795 616 3238 670; x_wconf 72' lang='grc' dir='ltr'>συνεισελεύσεται</span> <span class='ocrx_word' id='word_1_140' title='bbox 3285 619 3356 679; x_wconf 84' lang='grc' dir='ltr'>εἰς</span> <span class='ocrx_word' id='word_1_141' title='bbox 3403 622 3496 676; x_wconf 76' lang='grc' dir='ltr'>τὴν</span> <span class='ocrx_word' id='word_1_142' title='bbox 3543 627 3636 671; x_wconf 84' lang='grc' dir='ltr'><strong>τοῦ</strong></span> <span class='ocrx_word' id='word_1_143' title='bbox 3697 623 3893 694; x_wconf 80' lang='grc' dir='ltr'><strong>Πατρός</strong></span> 
     </span>
    </p>
   </div>
   <div class='ocr_carea' id='block_1_22' title="bbox 2302 706 3892 780">
    <p class='ocr_par' dir='ltr' id='par_1_22' title="bbox 2302 706 3892 780">
     <span class='ocr_line' id='line_1_22' title="bbox 2302 706 3892 780; baseline 0.005 -28"><span class='ocrx_word' id='word_1_144' title='bbox 2302 707 2392 754; x_wconf 77' lang='grc' dir='ltr'>καὶ</span> <span class='ocrx_word' id='word_1_145' title='bbox 2470 706 2592 756; x_wconf 80' lang='grc' dir='ltr'>Υίοῦ</span> <span class='ocrx_word' id='word_1_146' title='bbox 2661 708 3082 780; x_wconf 74' lang='grc' dir='ltr'>συναρίθμησιν.</span> <span class='ocrx_word' id='word_1_147' title='bbox 3149 707 3212 760; x_wconf 89' lang='grc' dir='ltr'>Τί</span> <span class='ocrx_word' id='word_1_148' title='bbox 3291 709 3390 779; x_wconf 77' lang='grc' dir='ltr'><strong>γὰρ</strong></span> <span class='ocrx_word' id='word_1_149' title='bbox 3457 707 3641 760; x_wconf 82' lang='grc' dir='ltr'>κωλύει</span> <span class='ocrx_word' id='word_1_150' title='bbox 3696 707 3892 780; x_wconf 71' lang='grc' dir='ltr'>λέγειν’</span> 
     </span>
    </p>
   </div>
   <div class='ocr_carea' id='block_1_23' title="bbox 2305 794 3892 867">
    <p class='ocr_par' dir='ltr' id='par_1_23' title="bbox 2305 794 3892 867">
     <span class='ocr_line' id='line_1_23' title="bbox 2305 794 3892 867; baseline 0.006 -26"><span class='ocrx_word' id='word_1_151' title='bbox 2305 794 2620 866; x_wconf 84' lang='grc' dir='ltr'>Πιστεύομεν</span> <span class='ocrx_word' id='word_1_152' title='bbox 2671 795 2738 855; x_wconf 87' lang='grc' dir='ltr'><strong>εἰς</strong></span> <span class='ocrx_word' id='word_1_153' title='bbox 2794 798 3000 867; x_wconf 79' lang='grc' dir='ltr'><strong>Πατέρα</strong></span> <span class='ocrx_word' id='word_1_154' title='bbox 3044 799 3132 847; x_wconf 82' lang='grc' dir='ltr'>καὶ</span> <span class='ocrx_word' id='word_1_155' title='bbox 3191 797 3308 849; x_wconf 81' lang='grc' dir='ltr'><strong>Υίόν</strong></span> <span class='ocrx_word' id='word_1_156' title='bbox 3359 799 3450 848; x_wconf 84' lang='grc' dir='ltr'>καὶ</span> <span class='ocrx_word' id='word_1_157' title='bbox 3501 796 3569 858; x_wconf 85' lang='grc' dir='ltr'>εἰς</span> <span class='ocrx_word' id='word_1_158' title='bbox 3597 803 3770 850; x_wconf 82' lang='grc' dir='ltr'>πᾶσαν</span> <span class='ocrx_word' id='word_1_159' title='bbox 3806 802 3892 856; x_wconf 73' lang='grc' dir='ltr'>τὴν</span> 
     </span>
    </p>
   </div>
   <div class='ocr_carea' id='block_1_24' title="bbox 2303 883 3893 962">
    <p class='ocr_par' dir='ltr' id='par_1_24' title="bbox 2303 883 3893 962">
     <span class='ocr_line' id='line_1_24' title="bbox 2303 883 3893 962; baseline 0.007 -33"><span class='ocrx_word' id='word_1_160' title='bbox 2303 883 2519 948; x_wconf 84' lang='grc' dir='ltr'>κτίσιν;</span> <span class='ocrx_word' id='word_1_161' title='bbox 2575 883 2635 936; x_wconf 83' lang='grc' dir='ltr'><strong>Εἰ</strong></span> <span class='ocrx_word' id='word_1_162' title='bbox 2676 885 2776 958; x_wconf 88' lang='grc' dir='ltr'><strong>γάρ</strong></span> <span class='ocrx_word' id='word_1_163' title='bbox 2822 883 3024 946; x_wconf 66' lang='grc' dir='ltr'>εὐσεϐὲς</span> <span class='ocrx_word' id='word_1_164' title='bbox 3065 887 3122 936; x_wconf 90' lang='grc' dir='ltr'><strong>τό</strong></span> <span class='ocrx_word' id='word_1_165' title='bbox 3171 887 3432 937; x_wconf 73' lang='grc' dir='ltr'><strong>πιστεύειν</strong></span> <span class='ocrx_word' id='word_1_166' title='bbox 3485 884 3553 946; x_wconf 87' lang='grc' dir='ltr'><strong>εἰς</strong></span> <span class='ocrx_word' id='word_1_167' title='bbox 3604 890 3759 962; x_wconf 78' lang='grc' dir='ltr'>μέρος</span> <span class='ocrx_word' id='word_1_168' title='bbox 3802 895 3893 951; x_wconf 77' lang='grc' dir='ltr'>τῆς</span> 
     </span>
    </p>
   </div>
   <div class='ocr_carea' id='block_1_25' title="bbox 2304 969 3895 1048">
    <p class='ocr_par' dir='ltr' id='par_1_25' title="bbox 2304 969 3895 1048">
     <span class='ocr_line' id='line_1_25' title="bbox 2304 969 3895 1048; baseline 0.006 -28"><span class='ocrx_word' id='word_1_169' title='bbox 2304 973 2542 1036; x_wconf 89' lang='grc' dir='ltr'>κτίσεως,</span> <span class='ocrx_word' id='word_1_170' title='bbox 2588 972 2755 1043; x_wconf 72' lang='grc' dir='ltr'>πολλῷ</span> <span class='ocrx_word' id='word_1_171' title='bbox 2795 969 2970 1031; x_wconf 73' lang='grc' dir='ltr'>δήπου</span> <span class='ocrx_word' id='word_1_172' title='bbox 3021 992 3316 1048; x_wconf 84' lang='grc' dir='ltr'>σεμνότεριν</span> <span class='ocrx_word' id='word_1_173' title='bbox 3345 977 3403 1026; x_wconf 87' lang='grc' dir='ltr'>τὸ</span> <span class='ocrx_word' id='word_1_174' title='bbox 3433 981 3607 1027; x_wconf 81' lang='grc' dir='ltr'>πᾶσαν</span> <span class='ocrx_word' id='word_1_175' title='bbox 3635 979 3729 1034; x_wconf 72' lang='grc' dir='ltr'>τὴν</span> <span class='ocrx_word' id='word_1_176' title='bbox 3778 980 3895 1030; x_wconf 86' lang='grc' dir='ltr'>κτί-</span> 
     </span>
    </p>
   </div>
   <div class='ocr_carea' id='block_1_26' title="bbox 2307 1059 3895 1135">
    <p class='ocr_par' dir='ltr' id='par_1_26' title="bbox 2307 1059 3895 1135">
     <span class='ocr_line' id='line_1_26' title="bbox 2307 1059 3895 1135; baseline 0.006 -25"><span class='ocrx_word' id='word_1_177' title='bbox 2307 1076 2391 1110; x_wconf 85' lang='grc' dir='ltr'><strong>σιν</strong></span> <span class='ocrx_word' id='word_1_178' title='bbox 2438 1059 2505 1120; x_wconf 84' lang='grc' dir='ltr'><strong>εἰς</strong></span> <span class='ocrx_word' id='word_1_179' title='bbox 2560 1063 2653 1119; x_wconf 75' lang='grc' dir='ltr'>τὴν</span> <span class='ocrx_word' id='word_1_180' title='bbox 2702 1061 2980 1133; x_wconf 75' lang='grc' dir='ltr'>ὁμολογίαν</span> <span class='ocrx_word' id='word_1_181' title='bbox 3027 1062 3468 1135; x_wconf 75' lang='grc' dir='ltr'>παραλαμϐάνειν.</span> <span class='ocrx_word' id='word_1_182' title='bbox 3516 1067 3780 1118; x_wconf 80' lang='grc' dir='ltr'>Πιστεύων</span> <span class='ocrx_word' id='word_1_183' title='bbox 3835 1060 3895 1119; x_wconf 66' lang='grc' dir='ltr'>δε</span> 
     </span>
    </p>
   </div>
   <div class='ocr_carea' id='block_1_27' title="bbox 2303 1146 3898 1227">
    <p class='ocr_par' dir='ltr' id='par_1_27' title="bbox 2303 1146 3898 1227">
     <span class='ocr_line' id='line_1_27' title="bbox 2303 1146 3898 1227; baseline 0.006 -28"><span class='ocrx_word' id='word_1_184' title='bbox 2303 1146 2370 1208; x_wconf 85' lang='grc' dir='ltr'>εἰς</span> <span class='ocrx_word' id='word_1_185' title='bbox 2395 1155 2569 1201; x_wconf 78' lang='grc' dir='ltr'>πᾶσαν</span> <span class='ocrx_word' id='word_1_186' title='bbox 2598 1154 2686 1209; x_wconf 74' lang='grc' dir='ltr'>τὴν</span> <span class='ocrx_word' id='word_1_187' title='bbox 2717 1155 2910 1217; x_wconf 80' lang='grc' dir='ltr'>κτίσιν,</span> <span class='ocrx_word' id='word_1_188' title='bbox 2958 1152 3052 1204; x_wconf 79' lang='grc' dir='ltr'>οὐκ</span> <span class='ocrx_word' id='word_1_189' title='bbox 3097 1152 3162 1213; x_wconf 88' lang='grc' dir='ltr'><strong>εἰς</strong></span> <span class='ocrx_word' id='word_1_190' title='bbox 3218 1151 3464 1224; x_wconf 76' lang='grc' dir='ltr'>ἀγγέλους</span> <span class='ocrx_word' id='word_1_191' title='bbox 3493 1156 3753 1215; x_wconf 74' lang='grc' dir='ltr'><strong>πιστεύεις</strong></span> <span class='ocrx_word' id='word_1_192' title='bbox 3803 1159 3898 1227; x_wconf 82' lang='grc' dir='ltr'>μό-</span> 
     </span>
    </p>
   </div>
   <div class='ocr_carea' id='block_1_28' title="bbox 2301 1239 3898 1314">
    <p class='ocr_par' dir='ltr' id='par_1_28' title="bbox 2301 1239 3898 1314">
     <span class='ocr_line' id='line_1_28' title="bbox 2301 1239 3898 1314; baseline 0.006 -27"><span class='ocrx_word' id='word_1_193' title='bbox 2301 1256 2382 1288; x_wconf 86' lang='grc' dir='ltr'><strong>νον</strong></span> <span class='ocrx_word' id='word_1_194' title='bbox 2411 1242 2594 1291; x_wconf 81' lang='grc' dir='ltr'>καὶτὰ</span> <span class='ocrx_word' id='word_1_195' title='bbox 2649 1239 2976 1314; x_wconf 71' lang='grc' dir='ltr'>λειτουργικὰ</span> <span class='ocrx_word' id='word_1_196' title='bbox 3025 1245 3314 1313; x_wconf 75' lang='grc' dir='ltr'>πνεύματα,</span> <span class='ocrx_word' id='word_1_197' title='bbox 3367 1240 3495 1294; x_wconf 83' lang='grc' dir='ltr'><strong>ἀλλά</strong></span> <span class='ocrx_word' id='word_1_198' title='bbox 3540 1247 3630 1311; x_wconf 80' lang='grc' dir='ltr'>καὶ</span> <span class='ocrx_word' id='word_1_199' title='bbox 3682 1247 3725 1295; x_wconf 87' lang='grc' dir='ltr'>εἷ</span> <span class='ocrx_word' id='word_1_200' title='bbox 3763 1263 3898 1306; x_wconf 88' lang='grc' dir='ltr'>τινες</span> 
     </span>
    </p>
   </div>
   <div class='ocr_carea' id='block_1_29' title="bbox 2303 1324 3899 1404">
    <p class='ocr_par' dir='ltr' id='par_1_29' title="bbox 2303 1324 3899 1404">
     <span class='ocr_line' id='line_1_29' title="bbox 2303 1324 3899 1404; baseline 0.006 -28"><span class='ocrx_word' id='word_1_201' title='bbox 2303 1324 2647 1400; x_wconf 89' lang='grc' dir='ltr'>ἀντικείμεναι</span> <span class='ocrx_word' id='word_1_202' title='bbox 2715 1327 2959 1403; x_wconf 69' lang='grc' dir='ltr'>δυνάμεις</span> <span class='ocrx_word' id='word_1_203' title='bbox 3026 1330 3176 1385; x_wconf 80' lang='grc' dir='ltr'>εἰσὶν.</span> <span class='ocrx_word' id='word_1_204' title='bbox 3245 1327 3426 1390; x_wconf 73' lang='grc' dir='ltr'>ἐπειδὴ</span> <span class='ocrx_word' id='word_1_205' title='bbox 3475 1335 3564 1384; x_wconf 87' lang='grc' dir='ltr'>καὶ</span> <span class='ocrx_word' id='word_1_206' title='bbox 3612 1332 3763 1385; x_wconf 71' lang='grc' dir='ltr'>αὐταὶ</span> <span class='ocrx_word' id='word_1_207' title='bbox 3809 1335 3899 1404; x_wconf 71' lang='grc' dir='ltr'>με·</span> 
     </span>
    </p>
   </div>
   <div class='ocr_carea' id='block_1_30' title="bbox 2299 1417 3900 1495">
    <p class='ocr_par' dir='ltr' id='par_1_30' title="bbox 2299 1417 3900 1495">
     <span class='ocr_line' id='line_1_30' title="bbox 2299 1417 3900 1495; baseline 0.004 -28"><span class='ocrx_word' id='word_1_208' title='bbox 2299 1435 2386 1490; x_wconf 88' lang='grc' dir='ltr'>ρος</span> <span class='ocrx_word' id='word_1_209' title='bbox 2445 1417 2547 1469; x_wconf 80' lang='grc' dir='ltr'><strong>εἰσὶ</strong></span> <span class='ocrx_word' id='word_1_210' title='bbox 2609 1428 2703 1480; x_wconf 77' lang='grc' dir='ltr'>τῆς</span> <span class='ocrx_word' id='word_1_211' title='bbox 2760 1424 2999 1486; x_wconf 78' lang='grc' dir='ltr'><strong>κτίσεως,</strong></span> <span class='ocrx_word' id='word_1_212' title='bbox 3056 1425 3144 1472; x_wconf 79' lang='grc' dir='ltr'>καὶ</span> <span class='ocrx_word' id='word_1_213' title='bbox 3199 1422 3414 1481; x_wconf 75' lang='grc' dir='ltr'>ταύταις</span> <span class='ocrx_word' id='word_1_214' title='bbox 3476 1423 3711 1495; x_wconf 71' lang='grc' dir='ltr'>συνθήσῃ</span> <span class='ocrx_word' id='word_1_215' title='bbox 3763 1423 3900 1474; x_wconf 86' lang='grc' dir='ltr'>κατὰ</span> 
     </span>
    </p>
   </div>
   <div class='ocr_carea' id='block_1_31' title="bbox 2298 1507 3902 1584">
    <p class='ocr_par' dir='ltr' id='par_1_31' title="bbox 2298 1507 3902 1584">
     <span class='ocr_line' id='line_1_31' title="bbox 2298 1507 3902 1584; baseline 0.004 -29"><span class='ocrx_word' id='word_1_216' title='bbox 2298 1509 2392 1562; x_wconf 76' lang='grc' dir='ltr'>τὴν</span> <span class='ocrx_word' id='word_1_217' title='bbox 2436 1512 2635 1563; x_wconf 84' lang='grc' dir='ltr'>πίστιν.</span> <span class='ocrx_word' id='word_1_218' title='bbox 2688 1509 2868 1570; x_wconf 66' lang='grc' dir='ltr'>Οὕτως</span> <span class='ocrx_word' id='word_1_219' title='bbox 2915 1510 2944 1567; x_wconf 83' lang='grc' dir='ltr'><strong>ἠ</strong></span> <span class='ocrx_word' id='word_1_220' title='bbox 2997 1507 3130 1561; x_wconf 87' lang='grc' dir='ltr'><strong>κατά</strong></span> <span class='ocrx_word' id='word_1_221' title='bbox 3171 1517 3262 1562; x_wconf 80' lang='grc' dir='ltr'><strong>τοῦ</strong></span> <span class='ocrx_word' id='word_1_222' title='bbox 3317 1509 3614 1582; x_wconf 69' lang='grc' dir='ltr'>Πνεῦματός</span> <span class='ocrx_word' id='word_1_223' title='bbox 3663 1508 3902 1584; x_wconf 69' lang='grc' dir='ltr'><strong>βλασφη-</strong></span> 
     </span>
    </p>
   </div>
   <div class='ocr_carea' id='block_1_32' title="bbox 2294 1591 3898 1676">
    <p class='ocr_par' dir='ltr' id='par_1_32' title="bbox 2294 1591 3898 1676">
     <span class='ocr_line' id='line_1_32' title="bbox 2294 1591 3898 1676; baseline 0.007 -32"><span class='ocrx_word' id='word_1_224' title='bbox 2294 1598 2394 1676; x_wconf 86' lang='grc' dir='ltr'><strong>μία</strong></span> <span class='ocrx_word' id='word_1_225' title='bbox 2420 1594 2487 1655; x_wconf 86' lang='grc' dir='ltr'>εἰς</span> <span class='ocrx_word' id='word_1_226' title='bbox 2518 1591 2792 1657; x_wconf 73' lang='grc' dir='ltr'>δυσσεϐεῖς</span> <span class='ocrx_word' id='word_1_227' title='bbox 2839 1603 2931 1650; x_wconf 80' lang='grc' dir='ltr'>καὶ</span> <span class='ocrx_word' id='word_1_228' title='bbox 2980 1597 3260 1669; x_wconf 73' lang='grc' dir='ltr'>ἀθεμίτους</span> <span class='ocrx_word' id='word_1_229' title='bbox 3302 1601 3538 1672; x_wconf 73' lang='grc' dir='ltr'>περιάγει</span> <span class='ocrx_word' id='word_1_230' title='bbox 3587 1617 3645 1652; x_wconf 89' lang='grc' dir='ltr'><strong>σε</strong></span> <span class='ocrx_word' id='word_1_231' title='bbox 3694 1598 3898 1670; x_wconf 74' lang='grc' dir='ltr'>λόγους.</span> 
     </span>
    </p>
   </div>
   <div class='ocr_carea' id='block_1_33' title="bbox 2311 1683 3900 1762">
    <p class='ocr_par' dir='ltr' id='par_1_33' title="bbox 2311 1683 3900 1762">
     <span class='ocr_line' id='line_1_33' title="bbox 2311 1683 3900 1762; baseline 0.005 -28"><span class='ocrx_word' id='word_1_232' title='bbox 2311 1690 2456 1755; x_wconf 83' lang='grc' dir='ltr'>Ομοῦ</span> <span class='ocrx_word' id='word_1_233' title='bbox 2489 1703 2542 1738; x_wconf 88' lang='grc' dir='ltr'><strong>τε</strong></span> <span class='ocrx_word' id='word_1_234' title='bbox 2580 1687 2680 1760; x_wconf 84' lang='grc' dir='ltr'><strong>γὰρ</strong></span> <span class='ocrx_word' id='word_1_235' title='bbox 2715 1683 2860 1748; x_wconf 82' lang='grc' dir='ltr'>εἶπας</span> <span class='ocrx_word' id='word_1_236' title='bbox 2899 1685 2933 1738; x_wconf 76' lang='grc' dir='ltr'><em>ἃ</em></span> <span class='ocrx_word' id='word_1_237' title='bbox 2959 1691 3030 1758; x_wconf 83' lang='grc' dir='ltr'>μὴ</span> <span class='ocrx_word' id='word_1_238' title='bbox 3067 1684 3150 1739; x_wconf 76' lang='grc' dir='ltr'><strong>δεῖ</strong></span> <span class='ocrx_word' id='word_1_239' title='bbox 3178 1689 3293 1756; x_wconf 76' lang='grc'><strong>(29)</strong></span> <span class='ocrx_word' id='word_1_240' title='bbox 3347 1693 3464 1760; x_wconf 84' lang='grc' dir='ltr'>περὶ</span> <span class='ocrx_word' id='word_1_241' title='bbox 3514 1695 3606 1740; x_wconf 88' lang='grc' dir='ltr'><strong>τοῦ</strong></span> <span class='ocrx_word' id='word_1_242' title='bbox 3655 1693 3900 1762; x_wconf 75' lang='grc' dir='ltr'>Πνεῦμα-</span> 
     </span>
    </p>
   </div>
   <div class='ocr_carea' id='block_1_34' title="bbox 533 1773 2180 1857">
    <p class='ocr_par' dir='ltr' id='par_1_34' title="bbox 533 1775 2180 1857">
     <span class='ocr_line' id='line_1_34' title="bbox 533 1775 2180 1857; baseline -0.007 -15"><span class='ocrx_word' id='word_1_243' title='bbox 533 1788 769 1857; x_wconf 91' lang='lat' dir='ltr'><strong>oportet</strong></span> <span class='ocrx_word' id='word_1_244' title='bbox 803 1780 1046 1846; x_wconf 83' lang='lat' dir='ltr'><strong>dixeris,</strong></span> <span class='ocrx_word' id='word_1_245' title='bbox 1113 1778 1227 1834; x_wconf 91' lang='lat' dir='ltr'><strong>hoc</strong></span> <span class='ocrx_word' id='word_1_246' title='bbox 1259 1777 1360 1832; x_wconf 86' lang='lat' dir='ltr'><strong>tibi</strong></span> <span class='ocrx_word' id='word_1_247' title='bbox 1389 1776 1770 1849; x_wconf 89' lang='lat' dir='ltr'><strong>exploratum</strong></span> <span class='ocrx_word' id='word_1_248' title='bbox 1800 1775 1866 1832; x_wconf 84' lang='lat' dir='ltr'><strong>ﬁt</strong></span> <span class='ocrx_word' id='word_1_249' title='bbox 1894 1782 1952 1831; x_wconf 91' lang='lat' dir='ltr'><strong>et</strong></span> <span class='ocrx_word' id='word_1_250' title='bbox 1979 1777 2180 1845; x_wconf 86' lang='lat' dir='ltr'><strong>cogni-</strong></span> 
     </span>
    </p>
   </div>
   <div class='ocr_carea' id='block_1_35' title="bbox 2289 1773 3898 1857">
    <p class='ocr_par' dir='ltr' id='par_1_35' title="bbox 2298 1773 3898 1849">
     <span class='ocr_line' id='line_1_35' title="bbox 2298 1773 3898 1849; baseline 0.004 -26"><span class='ocrx_word' id='word_1_251' title='bbox 2298 1791 2404 1838; x_wconf 90' lang='grc' dir='ltr'>τος,</span> <span class='ocrx_word' id='word_1_252' title='bbox 2458 1778 2547 1825; x_wconf 87' lang='grc' dir='ltr'>καὶ</span> <span class='ocrx_word' id='word_1_253' title='bbox 2590 1773 2882 1848; x_wconf 72' lang='grc' dir='ltr'>ἐπεσήμηνέ</span> <span class='ocrx_word' id='word_1_254' title='bbox 2945 1795 3028 1828; x_wconf 89' lang='grc' dir='ltr'><strong>σοι</strong></span> <span class='ocrx_word' id='word_1_255' title='bbox 3084 1777 3114 1834; x_wconf 80' lang='grc' dir='ltr'>ἡ</span> <span class='ocrx_word' id='word_1_256' title='bbox 3170 1786 3259 1830; x_wconf 83' lang='grc' dir='ltr'><strong>τοῦ</strong></span> <span class='ocrx_word' id='word_1_257' title='bbox 3321 1779 3612 1849; x_wconf 84' lang='grc' dir='ltr'>Πνεύματος</span> <span class='ocrx_word' id='word_1_258' title='bbox 3669 1777 3898 1849; x_wconf 74' lang='grc' dir='ltr'>ἐγκατά-</span> 
     </span>
    </p>
   </div>
   <div class='ocr_carea' id='block_1_36' title="bbox 533 1865 2192 1942">
    <p class='ocr_par' dir='ltr' id='par_1_36' title="bbox 533 1865 2192 1942">
     <span class='ocr_line' id='line_1_36' title="bbox 533 1865 2192 1942; baseline -0.005 -12"><span class='ocrx_word' id='word_1_259' title='bbox 533 1881 663 1930; x_wconf 89' lang='lat' dir='ltr'><strong>tum</strong></span> <span class='ocrx_word' id='word_1_260' title='bbox 683 1888 756 1928; x_wconf 85' lang='lat' dir='ltr'><strong>ex</strong></span> <span class='ocrx_word' id='word_1_261' title='bbox 778 1869 1030 1942; x_wconf 86' lang='lat' dir='ltr'><strong>Spiritus</strong></span> <span class='ocrx_word' id='word_1_262' title='bbox 1051 1866 1455 1924; x_wconf 89' lang='lat' dir='ltr'><strong>derelictione.</strong></span> <span class='ocrx_word' id='word_1_263' title='bbox 1480 1866 1641 1922; x_wconf 86' lang='lat' dir='ltr'><strong>Sicut</strong></span> <span class='ocrx_word' id='word_1_264' title='bbox 1661 1866 1822 1921; x_wconf 88' lang='lat' dir='ltr'><strong>enim</strong></span> <span class='ocrx_word' id='word_1_265' title='bbox 1843 1865 1948 1938; x_wconf 89' lang='lat' dir='ltr'><strong>qui</strong></span> <span class='ocrx_word' id='word_1_266' title='bbox 1977 1865 2192 1922; x_wconf 88' lang='lat' dir='ltr'><strong>clausit</strong></span> 
     </span>
    </p>
   </div>
   <div class='ocr_carea' id='block_1_37' title="bbox 533 1953 2191 2031">
    <p class='ocr_par' dir='ltr' id='par_1_37' title="bbox 533 1953 2191 2031">
     <span class='ocr_line' id='line_1_37' title="bbox 533 1953 2191 2031; baseline -0.005 -13"><span class='ocrx_word' id='word_1_267' title='bbox 533 1962 768 2031; x_wconf 88' lang='lat' dir='ltr'><strong>oculos,</strong></span> <span class='ocrx_word' id='word_1_268' title='bbox 795 1959 1162 2015; x_wconf 87' lang='lat' dir='ltr'><strong>domesticas</strong></span> <span class='ocrx_word' id='word_1_269' title='bbox 1188 1956 1249 2012; x_wconf 90' lang='lat' dir='ltr'><strong>in</strong></span> <span class='ocrx_word' id='word_1_270' title='bbox 1293 1971 1356 2010; x_wconf 90' lang='lat' dir='ltr'><strong>se</strong></span> <span class='ocrx_word' id='word_1_271' title='bbox 1395 1954 1578 2011; x_wconf 86' lang='lat' dir='ltr'><strong>habet</strong></span> <span class='ocrx_word' id='word_1_272' title='bbox 1607 1954 1924 2011; x_wconf 89' lang='lat' dir='ltr'><strong>tenebras:</strong></span> <span class='ocrx_word' id='word_1_273' title='bbox 1958 1954 2039 2011; x_wconf 89' lang='lat' dir='ltr'><strong>ita</strong></span> <span class='ocrx_word' id='word_1_274' title='bbox 2085 1953 2191 2027; x_wconf 87' lang='lat' dir='ltr'><strong>qui</strong></span> 
     </span>
    </p>
   </div>
   <div class='ocr_carea' id='block_1_38' title="bbox 535 2045 2191 2121">
    <p class='ocr_par' dir='ltr' id='par_1_38' title="bbox 535 2045 2191 2121">
     <span class='ocr_line' id='line_1_38' title="bbox 535 2045 2191 2121; baseline -0.005 -13"><span class='ocrx_word' id='word_1_275' title='bbox 535 2051 782 2108; x_wconf 89' lang='lat' dir='ltr'><strong>secessit</strong></span> <span class='ocrx_word' id='word_1_276' title='bbox 808 2066 842 2106; x_wconf 91' lang='lat' dir='ltr'><strong>a</strong></span> <span class='ocrx_word' id='word_1_277' title='bbox 869 2048 1113 2121; x_wconf 85' lang='lat' dir='ltr'><strong>Spiritu,</strong></span> <span class='ocrx_word' id='word_1_278' title='bbox 1141 2046 1190 2102; x_wconf 91' lang='lat' dir='ltr'><strong>is</strong></span> <span class='ocrx_word' id='word_1_279' title='bbox 1221 2045 1301 2103; x_wconf 89' lang='lat' dir='ltr'><strong>ab</strong></span> <span class='ocrx_word' id='word_1_280' title='bbox 1333 2045 1712 2102; x_wconf 72' lang='lat' dir='ltr'><strong>illuminante</strong></span> <span class='ocrx_word' id='word_1_281' title='bbox 1741 2051 2032 2113; x_wconf 86' lang='lat' dir='ltr'><strong>semotus,</strong></span> <span class='ocrx_word' id='word_1_282' title='bbox 2065 2045 2191 2101; x_wconf 90' lang='lat' dir='ltr'><strong>ani-</strong></span> 
     </span>
    </p>
   </div>
   <div class='ocr_carea' id='block_1_39' title="bbox 532 2136 1352 2197">
    <p class='ocr_par' dir='ltr' id='par_1_39' title="bbox 532 2136 1352 2197">
     <span class='ocr_line' id='line_1_39' title="bbox 532 2136 1352 2197; baseline -0.01 0"><span class='ocrx_word' id='word_1_283' title='bbox 532 2143 617 2197; x_wconf 84' lang='lat' dir='ltr'><strong>mi</strong></span> <span class='ocrx_word' id='word_1_284' title='bbox 645 2140 906 2196; x_wconf 67' lang='lat' dir='ltr'><strong>caecitate</strong></span> <span class='ocrx_word' id='word_1_285' title='bbox 937 2136 1352 2194; x_wconf 80' lang='lat' dir='ltr'><strong>confunditur.</strong></span> 
     </span>
    </p>
   </div>
   <div class='ocr_carea' id='block_1_40' title="bbox 605 2223 2189 2297">
    <p class='ocr_par' dir='ltr' id='par_1_40' title="bbox 605 2223 2189 2297">
     <span class='ocr_line' id='line_1_40' title="bbox 605 2223 2189 2297; baseline -0.004 -11"><span class='ocrx_word' id='word_1_286' title='bbox 605 2235 657 2286; x_wconf 90' lang='lat'><strong>6.</strong></span> <span class='ocrx_word' id='word_1_287' title='bbox 689 2236 760 2285; x_wconf 81' lang='lat' dir='ltr'><strong>At</strong></span> <span class='ocrx_word' id='word_1_288' title='bbox 784 2244 860 2284; x_wconf 91' lang='lat' dir='ltr'><strong>ne</strong></span> <span class='ocrx_word' id='word_1_289' title='bbox 903 2241 1148 2297; x_wconf 88' lang='lat' dir='ltr'><strong>separes</strong></span> <span class='ocrx_word' id='word_1_290' title='bbox 1187 2241 1224 2280; x_wconf 90' lang='lat' dir='ltr'><strong>a</strong></span> <span class='ocrx_word' id='word_1_291' title='bbox 1262 2227 1432 2279; x_wconf 84' lang='lat' dir='ltr'><strong>Patre</strong></span> <span class='ocrx_word' id='word_1_292' title='bbox 1460 2228 1520 2279; x_wconf 90' lang='lat' dir='ltr'><strong>et</strong></span> <span class='ocrx_word' id='word_1_293' title='bbox 1568 2223 1708 2280; x_wconf 88' lang='lat' dir='ltr'><strong>Filio</strong></span> <span class='ocrx_word' id='word_1_294' title='bbox 1739 2224 2024 2296; x_wconf 84' lang='lat' dir='ltr'><strong>Spiritum</strong></span> <span class='ocrx_word' id='word_1_295' title='bbox 2053 2239 2189 2281; x_wconf 88' lang='lat' dir='ltr'><strong>san-</strong></span> 
     </span>
    </p>
   </div>
   <div class='ocr_carea' id='block_1_41' title="bbox 531 2312 2183 2386">
    <p class='ocr_par' dir='ltr' id='par_1_41' title="bbox 531 2312 2183 2386">
     <span class='ocr_line' id='line_1_41' title="bbox 531 2312 2183 2386; baseline -0.004 -11"><span class='ocrx_word' id='word_1_296' title='bbox 531 2323 715 2386; x_wconf 89' lang='lat' dir='ltr'><strong>ctum,</strong></span> <span class='ocrx_word' id='word_1_297' title='bbox 747 2317 1082 2372; x_wconf 85' lang='lat' dir='ltr'><strong>absterreat</strong></span> <span class='ocrx_word' id='word_1_298' title='bbox 1112 2319 1167 2368; x_wconf 91' lang='lat' dir='ltr'><strong>te</strong></span> <span class='ocrx_word' id='word_1_299' title='bbox 1198 2312 1463 2369; x_wconf 86' lang='lat' dir='ltr'><strong>traditio.</strong></span> <span class='ocrx_word' id='word_1_300' title='bbox 1514 2312 1607 2367; x_wconf 90' lang='lat' dir='ltr'><strong>Sic</strong></span> <span class='ocrx_word' id='word_1_301' title='bbox 1636 2314 1929 2368; x_wconf 87' lang='lat' dir='ltr'><strong>Dominus</strong></span> <span class='ocrx_word' id='word_1_302' title='bbox 1959 2313 2183 2380; x_wconf 88' lang='lat' dir='ltr'><strong>docuit,</strong></span> 
     </span>
    </p>
   </div>
   <div class='ocr_carea' id='block_1_42' title="bbox 529 2401 2186 2481">
    <p class='ocr_par' dir='ltr' id='par_1_42' title="bbox 529 2401 2186 2481">
     <span class='ocr_line' id='line_1_42' title="bbox 529 2401 2186 2481; baseline -0.004 -18"><span class='ocrx_word' id='word_1_303' title='bbox 529 2407 936 2481; x_wconf 72' lang='lat' dir='ltr'><strong>praedicavere</strong></span> <span class='ocrx_word' id='word_1_304' title='bbox 956 2401 1235 2475; x_wconf 89' lang='lat' dir='ltr'><strong>apostoli,</strong></span> <span class='ocrx_word' id='word_1_305' title='bbox 1260 2404 1456 2456; x_wconf 89' lang='lat' dir='ltr'><strong>Patres</strong></span> <span class='ocrx_word' id='word_1_306' title='bbox 1479 2417 1936 2468; x_wconf 84' lang='lat' dir='ltr'><strong>conservavere,</strong></span> <span class='ocrx_word' id='word_1_307' title='bbox 1964 2401 2186 2458; x_wconf 84' lang='lat' dir='ltr'><strong>confir-</strong></span> 
     </span>
    </p>
   </div>
   <div class='ocr_carea' id='block_1_43' title="bbox 529 2489 2184 2565">
    <p class='ocr_par' dir='ltr' id='par_1_43' title="bbox 529 2489 2184 2565">
     <span class='ocr_line' id='line_1_43' title="bbox 529 2489 2184 2565; baseline -0.005 -11"><span class='ocrx_word' id='word_1_308' title='bbox 529 2513 774 2554; x_wconf 85' lang='lat' dir='ltr'><strong>mavere</strong></span> <span class='ocrx_word' id='word_1_309' title='bbox 806 2500 1122 2565; x_wconf 85' lang='lat' dir='ltr'><strong>martyres.</strong></span> <span class='ocrx_word' id='word_1_310' title='bbox 1158 2491 1312 2548; x_wconf 88' lang='lat' dir='ltr'><strong>Satis</strong></span> <span class='ocrx_word' id='word_1_311' title='bbox 1353 2490 1585 2546; x_wconf 87' lang='lat' dir='ltr'><strong>habeas</strong></span> <span class='ocrx_word' id='word_1_312' title='bbox 1615 2489 1776 2563; x_wconf 87' lang='lat' dir='ltr'><strong>loqui</strong></span> <span class='ocrx_word' id='word_1_313' title='bbox 1806 2491 1909 2556; x_wconf 88' lang='lat' dir='ltr'><strong>ita,</strong></span> <span class='ocrx_word' id='word_1_314' title='bbox 1942 2495 2006 2546; x_wconf 89' lang='lat' dir='ltr'><strong>ut</strong></span> <span class='ocrx_word' id='word_1_315' title='bbox 2035 2491 2184 2546; x_wconf 88' lang='lat' dir='ltr'><strong>edo-</strong></span> 
     </span>
    </p>
   </div>
   <div class='ocr_carea' id='block_1_44' title="bbox 529 2579 2183 2652">
    <p class='ocr_par' dir='ltr' id='par_1_44' title="bbox 529 2579 2183 2652">
     <span class='ocr_line' id='line_1_44' title="bbox 529 2579 2183 2652; baseline -0.005 -8"><span class='ocrx_word' id='word_1_316' title='bbox 529 2594 660 2644; x_wconf 89' lang='lat' dir='ltr'><strong>ctus</strong></span> <span class='ocrx_word' id='word_1_317' title='bbox 687 2601 772 2642; x_wconf 90' lang='lat' dir='ltr'><strong>es.</strong></span> <span class='ocrx_word' id='word_1_318' title='bbox 818 2587 882 2640; x_wconf 86' lang='lat' dir='ltr'><strong>Et</strong></span> <span class='ocrx_word' id='word_1_319' title='bbox 927 2599 1072 2640; x_wconf 86' lang='lat' dir='ltr'><strong>cave</strong></span> <span class='ocrx_word' id='word_1_320' title='bbox 1119 2587 1334 2652; x_wconf 80' lang='lat' dir='ltr'><strong>arguta</strong></span> <span class='ocrx_word' id='word_1_321' title='bbox 1384 2579 1486 2636; x_wconf 91' lang='lat' dir='ltr'><strong>illa</strong></span> <span class='ocrx_word' id='word_1_322' title='bbox 1523 2586 1578 2635; x_wconf 92' lang='lat' dir='ltr'><strong>et</strong></span> <span class='ocrx_word' id='word_1_323' title='bbox 1608 2581 1883 2652; x_wconf 87' lang='lat' dir='ltr'><strong>captiosa</strong></span> <span class='ocrx_word' id='word_1_324' title='bbox 1933 2580 2183 2651; x_wconf 87' lang='lat' dir='ltr'><strong>objicias</strong></span> 
     </span>
    </p>
   </div>
   <div class='ocr_carea' id='block_1_45' title="bbox 529 2670 2183 2744">
    <p class='ocr_par' dir='ltr' id='par_1_45' title="bbox 529 2670 2183 2744">
     <span class='ocr_line' id='line_1_45' title="bbox 529 2670 2183 2744; baseline -0.005 -11"><span class='ocrx_word' id='word_1_325' title='bbox 529 2677 715 2733; x_wconf 88' lang='lat' dir='ltr'><strong>mihi:</strong></span> <span class='ocrx_word' id='word_1_326' title='bbox 751 2674 1058 2744; x_wconf 85' lang='lat' dir='ltr'><strong>Ingenitus</strong></span> <span class='ocrx_word' id='word_1_327' title='bbox 1089 2678 1197 2741; x_wconf 88' lang='lat' dir='ltr'><strong>est,</strong></span> <span class='ocrx_word' id='word_1_328' title='bbox 1238 2677 1344 2727; x_wconf 91' lang='lat' dir='ltr'><strong>aut</strong></span> <span class='ocrx_word' id='word_1_329' title='bbox 1373 2670 1637 2738; x_wconf 83' lang='lat' dir='ltr'><strong>genitus.</strong></span> <span class='ocrx_word' id='word_1_330' title='bbox 1668 2671 1836 2736; x_wconf 86' lang='lat' dir='ltr'><strong>Quod</strong></span> <span class='ocrx_word' id='word_1_331' title='bbox 1870 2670 1918 2725; x_wconf 91' lang='lat' dir='ltr'><strong>si</strong></span> <span class='ocrx_word' id='word_1_332' title='bbox 1947 2672 2183 2740; x_wconf 88' lang='lat' dir='ltr'><strong>ingeni-</strong></span> 
     </span>
    </p>
   </div>
   <div class='ocr_carea' id='block_1_46' title="bbox 527 2759 2178 2833">
    <p class='ocr_par' dir='ltr' id='par_1_46' title="bbox 527 2759 2178 2833">
     <span class='ocr_line' id='line_1_46' title="bbox 527 2759 2178 2833; baseline -0.002 -11"><span class='ocrx_word' id='word_1_333' title='bbox 527 2771 624 2823; x_wconf 89' lang='lat' dir='ltr'><strong>tus</strong></span> <span class='ocrx_word' id='word_1_334' title='bbox 653 2771 763 2833; x_wconf 92' lang='lat' dir='ltr'><strong>est,</strong></span> <span class='ocrx_word' id='word_1_335' title='bbox 805 2765 977 2818; x_wconf 90' lang='lat' dir='ltr'><strong>Pater</strong></span> <span class='ocrx_word' id='word_1_336' title='bbox 1013 2767 1137 2828; x_wconf 88' lang='lat' dir='ltr'><strong>est;</strong></span> <span class='ocrx_word' id='word_1_337' title='bbox 1173 2762 1265 2816; x_wconf 91' lang='lat' dir='ltr'><strong>sin</strong></span> <span class='ocrx_word' id='word_1_338' title='bbox 1305 2766 1511 2816; x_wconf 89' lang='lat' dir='ltr'><strong>autem</strong></span> <span class='ocrx_word' id='word_1_339' title='bbox 1549 2760 1804 2830; x_wconf 88' lang='lat' dir='ltr'><strong>genitus,</strong></span> <span class='ocrx_word' id='word_1_340' title='bbox 1847 2759 2024 2816; x_wconf 87' lang='lat' dir='ltr'><strong>Filius</strong></span> <span class='ocrx_word' id='word_1_341' title='bbox 2054 2766 2178 2818; x_wconf 90' lang='lat' dir='ltr'><strong>est:</strong></span> 
     </span>
    </p>
   </div>
   <div class='ocr_carea' id='block_1_47' title="bbox 528 2849 2184 2924">
    <p class='ocr_par' dir='ltr' id='par_1_47' title="bbox 528 2849 2184 2924">
     <span class='ocr_line' id='line_1_47' title="bbox 528 2849 2184 2924; baseline -0.002 -14"><span class='ocrx_word' id='word_1_342' title='bbox 528 2853 576 2910; x_wconf 89' lang='lat' dir='ltr'><strong>si</strong></span> <span class='ocrx_word' id='word_1_343' title='bbox 603 2854 866 2924; x_wconf 78' lang='lat' dir='ltr'><strong>denique</strong></span> <span class='ocrx_word' id='word_1_344' title='bbox 895 2856 1175 2906; x_wconf 91' lang='lat' dir='ltr'><strong>neutrum</strong></span> <span class='ocrx_word' id='word_1_345' title='bbox 1209 2849 1449 2918; x_wconf 90' lang='lat' dir='ltr'><strong>horum,</strong></span> <span class='ocrx_word' id='word_1_346' title='bbox 1482 2855 1756 2905; x_wconf 87' lang='lat' dir='ltr'><strong>creatura</strong></span> <span class='ocrx_word' id='word_1_347' title='bbox 1785 2856 1892 2906; x_wconf 89' lang='lat' dir='ltr'><strong>est.</strong></span> <span class='ocrx_word' id='word_1_348' title='bbox 1928 2852 2048 2921; x_wconf 84' lang='lat' dir='ltr'><strong>Ego</strong></span> <span class='ocrx_word' id='word_1_349' title='bbox 2078 2866 2184 2906; x_wconf 90' lang='lat' dir='ltr'><strong>au-</strong></span> 
     </span>
    </p>
   </div>
   <div class='ocr_carea' id='block_1_48' title="bbox 528 2937 2179 3011">
    <p class='ocr_par' dir='ltr' id='par_1_48' title="bbox 528 2937 2179 3011">
     <span class='ocr_line' id='line_1_48' title="bbox 528 2937 2179 3011; baseline -0.001 -13"><span class='ocrx_word' id='word_1_350' title='bbox 528 2947 647 2999; x_wconf 91' lang='lat' dir='ltr'><strong>tem</strong></span> <span class='ocrx_word' id='word_1_351' title='bbox 673 2958 812 2997; x_wconf 90' lang='lat' dir='ltr'><strong>cum</strong></span> <span class='ocrx_word' id='word_1_352' title='bbox 845 2943 1012 2996; x_wconf 88' lang='lat' dir='ltr'><strong>Patre</strong></span> <span class='ocrx_word' id='word_1_353' title='bbox 1041 2937 1288 3011; x_wconf 84' lang='lat' dir='ltr'><strong>quidem</strong></span> <span class='ocrx_word' id='word_1_354' title='bbox 1315 2937 1594 3009; x_wconf 87' lang='lat' dir='ltr'><strong>Spiritum</strong></span> <span class='ocrx_word' id='word_1_355' title='bbox 1621 2941 1784 3006; x_wconf 89' lang='lat' dir='ltr'><strong>novi,</strong></span> <span class='ocrx_word' id='word_1_356' title='bbox 1805 2945 1866 2994; x_wconf 91' lang='lat' dir='ltr'><strong>at</strong></span> <span class='ocrx_word' id='word_1_357' title='bbox 1885 2939 2026 2995; x_wconf 90' lang='lat' dir='ltr'><strong>novi</strong></span> <span class='ocrx_word' id='word_1_358' title='bbox 2056 2955 2179 2997; x_wconf 91' lang='lat' dir='ltr'><strong>non</strong></span> 
     </span>
    </p>
   </div>
   <div class='ocr_carea' id='block_1_49' title="bbox 526 3027 2179 3102">
    <p class='ocr_par' dir='ltr' id='par_1_49' title="bbox 526 3027 2179 3102">
     <span class='ocr_line' id='line_1_49' title="bbox 526 3027 2179 3102; baseline -0.001 -14"><span class='ocrx_word' id='word_1_359' title='bbox 526 3048 660 3089; x_wconf 90' lang='lat' dir='ltr'><strong>esse</strong></span> <span class='ocrx_word' id='word_1_360' title='bbox 689 3034 957 3087; x_wconf 88' lang='lat' dir='ltr'><strong>Patrem:</strong></span> <span class='ocrx_word' id='word_1_361' title='bbox 1009 3030 1173 3095; x_wconf 84' lang='lat' dir='ltr'><strong>item,</strong></span> <span class='ocrx_word' id='word_1_362' title='bbox 1225 3027 1390 3083; x_wconf 89' lang='lat' dir='ltr'><strong>illum</strong></span> <span class='ocrx_word' id='word_1_363' title='bbox 1441 3044 1581 3084; x_wconf 88' lang='lat' dir='ltr'><strong>cum</strong></span> <span class='ocrx_word' id='word_1_364' title='bbox 1627 3029 1772 3085; x_wconf 91' lang='lat' dir='ltr'><strong>Filio</strong></span> <span class='ocrx_word' id='word_1_365' title='bbox 1801 3029 2026 3102; x_wconf 90' lang='lat' dir='ltr'><strong>accepi,</strong></span> <span class='ocrx_word' id='word_1_366' title='bbox 2073 3031 2179 3087; x_wconf 92' lang='lat' dir='ltr'><strong>sed</strong></span> 
     </span>
    </p>
   </div>
   <div class='ocr_carea' id='block_1_50' title="bbox 2297 1861 3897 1940">
    <p class='ocr_par' dir='ltr' id='par_1_50' title="bbox 2297 1861 3897 1940">
     <span class='ocr_line' id='line_1_50' title="bbox 2297 1861 3897 1940; baseline 0.004 -26"><span class='ocrx_word' id='word_1_367' title='bbox 2297 1861 2482 1932; x_wconf 64' lang='grc' dir='ltr'>λειψις.</span> <span class='ocrx_word' id='word_1_368' title='bbox 2530 1863 2614 1924; x_wconf 82' lang='grc' dir='ltr'>Ὠς</span> <span class='ocrx_word' id='word_1_369' title='bbox 2667 1867 2768 1937; x_wconf 86' lang='grc' dir='ltr'><strong>γάρ</strong></span> <span class='ocrx_word' id='word_1_370' title='bbox 2823 1868 2847 1917; x_wconf 86' lang='grc' dir='ltr'><strong><em>ὁ</em></strong></span> <span class='ocrx_word' id='word_1_371' title='bbox 2900 1864 3155 1938; x_wconf 78' lang='grc' dir='ltr'>ἐπιμύσας</span> <span class='ocrx_word' id='word_1_372' title='bbox 3207 1870 3324 1927; x_wconf 83' lang='grc' dir='ltr'>τοῦς</span> <span class='ocrx_word' id='word_1_373' title='bbox 3369 1865 3658 1940; x_wconf 76' lang='grc' dir='ltr'>ὀφθαλμοὺς</span> <span class='ocrx_word' id='word_1_374' title='bbox 3709 1867 3897 1921; x_wconf 84' lang='grc' dir='ltr'>οἰκεῖον</span> 
     </span>
    </p>
   </div>
   <div class='ocr_carea' id='block_1_51' title="bbox 2298 1953 3892 2029">
    <p class='ocr_par' dir='ltr' id='par_1_51' title="bbox 2298 1953 3892 2029">
     <span class='ocr_line' id='line_1_51' title="bbox 2298 1953 3892 2029; baseline 0.004 -26"><span class='ocrx_word' id='word_1_375' title='bbox 2298 1953 2410 2023; x_wconf 77' lang='grc' dir='ltr'>ἔχει</span> <span class='ocrx_word' id='word_1_376' title='bbox 2435 1956 2493 2004; x_wconf 88' lang='grc' dir='ltr'><strong>τό</strong></span> <span class='ocrx_word' id='word_1_377' title='bbox 2527 1959 2730 2023; x_wconf 79' lang='grc' dir='ltr'>σκότος,</span> <span class='ocrx_word' id='word_1_378' title='bbox 2761 1955 2920 2016; x_wconf 71' lang='grc' dir='ltr'>οὕτως</span> <span class='ocrx_word' id='word_1_379' title='bbox 2967 1956 2993 2007; x_wconf 88' lang='grc' dir='ltr'><strong>ό</strong></span> <span class='ocrx_word' id='word_1_380' title='bbox 3038 1953 3395 2028; x_wconf 76' lang='grc' dir='ltr'>ἀναχωρήσας</span> <span class='ocrx_word' id='word_1_381' title='bbox 3442 1964 3535 2008; x_wconf 86' lang='grc' dir='ltr'><strong>τοῦ</strong></span> <span class='ocrx_word' id='word_1_382' title='bbox 3576 1959 3892 2029; x_wconf 81' lang='grc' dir='ltr'>Πνεῦματος,</span> 
     </span>
    </p>
   </div>
   <div class='ocr_carea' id='block_1_52' title="bbox 2297 2041 3894 2120">
    <p class='ocr_par' dir='ltr' id='par_1_52' title="bbox 2297 2041 3894 2120">
     <span class='ocr_line' id='line_1_52' title="bbox 2297 2041 3894 2120; baseline 0.003 -26"><span class='ocrx_word' id='word_1_383' title='bbox 2297 2041 2391 2104; x_wconf 78' lang='grc' dir='ltr'><strong>ἔξω</strong></span> <span class='ocrx_word' id='word_1_384' title='bbox 2420 2048 2684 2116; x_wconf 81' lang='grc' dir='ltr'>γενόμενος</span> <span class='ocrx_word' id='word_1_385' title='bbox 2730 2052 2822 2096; x_wconf 88' lang='grc' dir='ltr'><strong>τοῦ</strong></span> <span class='ocrx_word' id='word_1_386' title='bbox 2869 2046 3198 2116; x_wconf 70' lang='grc' dir='ltr'>φωτίζοντος,</span> <span class='ocrx_word' id='word_1_387' title='bbox 3249 2046 3349 2097; x_wconf 77' lang='grc' dir='ltr'><strong>ὑπὸ</strong></span> <span class='ocrx_word' id='word_1_388' title='bbox 3397 2053 3489 2106; x_wconf 77' lang='grc' dir='ltr'>τῆς</span> <span class='ocrx_word' id='word_1_389' title='bbox 3531 2048 3668 2100; x_wconf 79' lang='grc' dir='ltr'>κατὰ</span> <span class='ocrx_word' id='word_1_390' title='bbox 3711 2046 3894 2120; x_wconf 72' lang='grc' dir='ltr'>ψυχὴν</span> 
     </span>
    </p>
   </div>
   <div class='ocr_carea' id='block_1_53' title="bbox 2297 2129 2930 2206">
    <p class='ocr_par' dir='ltr' id='par_1_53' title="bbox 2297 2129 2930 2206">
     <span class='ocr_line' id='line_1_53' title="bbox 2297 2129 2930 2206; baseline 0.006 -23"><span class='ocrx_word' id='word_1_391' title='bbox 2297 2129 2548 2203; x_wconf 90' lang='grc' dir='ltr'>ἀορασίας</span> <span class='ocrx_word' id='word_1_392' title='bbox 2579 2136 2930 2206; x_wconf 72' lang='grc' dir='ltr'>συγκέχυται.</span> 
     </span>
    </p>
   </div>
   <div class='ocr_carea' id='block_1_54' title="bbox 2368 2220 3896 2300">
    <p class='ocr_par' dir='ltr' id='par_1_54' title="bbox 2368 2220 3896 2300">
     <span class='ocr_line' id='line_1_54' title="bbox 2368 2220 3896 2300; baseline 0.004 -26"><span class='ocrx_word' id='word_1_393' title='bbox 2368 2220 2523 2274; x_wconf 79' lang='grc' dir='ltr'><strong>Ἀλλά</strong></span> <span class='ocrx_word' id='word_1_394' title='bbox 2559 2226 2630 2295; x_wconf 82' lang='grc' dir='ltr'>μὴ</span> <span class='ocrx_word' id='word_1_395' title='bbox 2687 2228 2931 2296; x_wconf 72' lang='grc' dir='ltr'>χωρίσῇς</span> <span class='ocrx_word' id='word_1_396' title='bbox 2989 2225 3196 2300; x_wconf 86' lang='grc' dir='ltr'>Πατρός</span> <span class='ocrx_word' id='word_1_397' title='bbox 3245 2227 3337 2276; x_wconf 73' lang='grc' dir='ltr'><strong>καὶ⁹</strong></span> <span class='ocrx_word' id='word_1_398' title='bbox 3389 2225 3511 2277; x_wconf 82' lang='grc' dir='ltr'>Υἱοῦ</span> <span class='ocrx_word' id='word_1_399' title='bbox 3567 2227 3626 2278; x_wconf 86' lang='grc' dir='ltr'><strong>τό</strong></span> <span class='ocrx_word' id='word_1_400' title='bbox 3683 2231 3896 2300; x_wconf 83' lang='grc' dir='ltr'>Πνεῦμα</span> 
     </span>
    </p>
   </div>
   <div class='ocr_carea' id='block_1_55' title="bbox 2293 2308 3894 2390">
    <p class='ocr_par' dir='ltr' id='par_1_55' title="bbox 2293 2308 3894 2390">
     <span class='ocr_line' id='line_1_55' title="bbox 2293 2308 3894 2390; baseline 0.004 -28"><span class='ocrx_word' id='word_1_401' title='bbox 2293 2312 2352 2363; x_wconf 87' lang='grc' dir='ltr'>τὸ</span> <span class='ocrx_word' id='word_1_402' title='bbox 2408 2312 2577 2383; x_wconf 78' lang='grc' dir='ltr'>ἅγιον,</span> <span class='ocrx_word' id='word_1_403' title='bbox 2629 2308 2938 2366; x_wconf 72' lang='grc' dir='ltr'>δυσωπείτω</span> <span class='ocrx_word' id='word_1_404' title='bbox 2992 2332 3050 2365; x_wconf 91' lang='grc' dir='ltr'><strong>σε</strong></span> <span class='ocrx_word' id='word_1_405' title='bbox 3096 2316 3125 2372; x_wconf 66' lang='grc' dir='ltr'><em>ἡ</em></span> <span class='ocrx_word' id='word_1_406' title='bbox 3198 2310 3522 2386; x_wconf 78' lang='grc' dir='ltr'>παράδοσις.</span> <span class='ocrx_word' id='word_1_407' title='bbox 3585 2313 3642 2366; x_wconf 84' lang='grc' dir='ltr'>Ὀ</span> <span class='ocrx_word' id='word_1_408' title='bbox 3703 2318 3894 2390; x_wconf 80' lang='grc' dir='ltr'>Κύριος</span> 
     </span>
    </p>
   </div>
   <div class='ocr_carea' id='block_1_56' title="bbox 2293 2397 3893 2478">
    <p class='ocr_par' dir='ltr' id='par_1_56' title="bbox 2293 2397 3893 2478">
     <span class='ocr_line' id='line_1_56' title="bbox 2293 2397 3893 2478; baseline 0.003 -24"><span class='ocrx_word' id='word_1_409' title='bbox 2293 2401 2453 2462; x_wconf 71' lang='grc' dir='ltr'>οὕτως</span> <span class='ocrx_word' id='word_1_410' title='bbox 2509 2397 2768 2467; x_wconf 71' lang='grc' dir='ltr'>ἐδίδαξεν,</span> <span class='ocrx_word' id='word_1_411' title='bbox 2839 2401 3121 2454; x_wconf 72' lang='grc' dir='ltr'>ἀπόστολοι</span> <span class='ocrx_word' id='word_1_412' title='bbox 3180 2401 3457 2478; x_wconf 77' lang='grc' dir='ltr'>ἐκήρυξαν,</span> <span class='ocrx_word' id='word_1_413' title='bbox 3520 2407 3745 2478; x_wconf 88' lang='grc' dir='ltr'>Πατέρες</span> <span class='ocrx_word' id='word_1_414' title='bbox 3810 2402 3893 2458; x_wconf 78' lang='grc' dir='ltr'><strong>διο</strong></span> 
     </span>
    </p>
   </div>
   <div class='ocr_carea' id='block_1_57' title="bbox 2294 2490 3892 2565">
    <p class='ocr_par' dir='ltr' id='par_1_57' title="bbox 2294 2490 3892 2565">
     <span class='ocr_line' id='line_1_57' title="bbox 2294 2490 3892 2565; baseline 0.003 -23"><span class='ocrx_word' id='word_1_415' title='bbox 2294 2495 2577 2564; x_wconf 78' lang='grc' dir='ltr'>ετὴρησαν,</span> <span class='ocrx_word' id='word_1_416' title='bbox 2627 2492 2889 2565; x_wconf 80' lang='grc' dir='ltr'>μάρτυρες</span> <span class='ocrx_word' id='word_1_417' title='bbox 2945 2490 3303 2547; x_wconf 72' lang='grc' dir='ltr'>ἐϐεϐαίωσαν.</span> <span class='ocrx_word' id='word_1_418' title='bbox 3365 2492 3678 2565; x_wconf 76' lang='grc' dir='ltr'>Ἀρκέσθητι</span> <span class='ocrx_word' id='word_1_419' title='bbox 3726 2493 3892 2564; x_wconf 56' lang='grc' dir='ltr'>Μγειν</span> 
     </span>
    </p>
   </div>
   <div class='ocr_carea' id='block_1_58' title="bbox 2291 2575 3890 2654">
    <p class='ocr_par' dir='ltr' id='par_1_58' title="bbox 2291 2575 3890 2654">
     <span class='ocr_line' id='line_1_58' title="bbox 2291 2575 3890 2654; baseline 0.002 -23"><span class='ocrx_word' id='word_1_420' title='bbox 2291 2581 2360 2641; x_wconf 85' lang='grc' dir='ltr'>ὡς</span> <span class='ocrx_word' id='word_1_421' title='bbox 2384 2575 2702 2651; x_wconf 71' lang='grc' dir='ltr'><strong>ἐδιδάχθης,</strong></span> <span class='ocrx_word' id='word_1_422' title='bbox 2735 2585 2823 2632; x_wconf 80' lang='grc' dir='ltr'>καὶ</span> <span class='ocrx_word' id='word_1_423' title='bbox 2861 2585 2932 2652; x_wconf 83' lang='grc' dir='ltr'>μὴ</span> <span class='ocrx_word' id='word_1_424' title='bbox 2965 2600 3056 2654; x_wconf 87' lang='grc' dir='ltr'><strong>μοι</strong></span> <span class='ocrx_word' id='word_1_425' title='bbox 3097 2583 3164 2634; x_wconf 87' lang='grc' dir='ltr'><strong>τά</strong></span> <span class='ocrx_word' id='word_1_426' title='bbox 3223 2583 3359 2654; x_wconf 77' lang='grc' dir='ltr'><strong>σοφά</strong></span> <span class='ocrx_word' id='word_1_427' title='bbox 3402 2589 3584 2634; x_wconf 79' lang='grc' dir='ltr'>ταῦτα·</span> <span class='ocrx_word' id='word_1_428' title='bbox 3642 2582 3890 2654; x_wconf 74' lang='grc' dir='ltr'>Ἀγέννη-</span> 
     </span>
    </p>
   </div>
   <div class='ocr_carea' id='block_1_59' title="bbox 2289 2667 3891 2748">
    <p class='ocr_par' dir='ltr' id='par_1_59' title="bbox 2289 2667 3891 2748">
     <span class='ocr_line' id='line_1_59' title="bbox 2289 2667 3891 2748; baseline 0.002 -26"><span class='ocrx_word' id='word_1_429' title='bbox 2289 2673 2374 2722; x_wconf 88' lang='grc' dir='ltr'><strong>τόν</strong></span> <span class='ocrx_word' id='word_1_430' title='bbox 2423 2667 2584 2736; x_wconf 87' lang='grc' dir='ltr'>ἐστιν,</span> <span class='ocrx_word' id='word_1_431' title='bbox 2642 2671 2671 2728; x_wconf 73' lang='grc' dir='ltr'>ἡ</span> <span class='ocrx_word' id='word_1_432' title='bbox 2731 2674 2991 2740; x_wconf 84' lang='grc' dir='ltr'>γεννητόν.</span> <span class='ocrx_word' id='word_1_433' title='bbox 3046 2671 3107 2724; x_wconf 79' lang='grc' dir='ltr'><strong>Εἰ</strong></span> <span class='ocrx_word' id='word_1_434' title='bbox 3153 2675 3243 2744; x_wconf 70' lang='grc' dir='ltr'>μὲν</span> <span class='ocrx_word' id='word_1_435' title='bbox 3288 2674 3390 2748; x_wconf 81' lang='grc' dir='ltr'>γὰρ</span> <span class='ocrx_word' id='word_1_436' title='bbox 3442 2671 3732 2744; x_wconf 75' lang='grc' dir='ltr'>ἀγέννητον,</span> <span class='ocrx_word' id='word_1_437' title='bbox 3782 2680 3891 2726; x_wconf 88' lang='grc' dir='ltr'>Πα-</span> 
     </span>
    </p>
   </div>
   <div class='ocr_carea' id='block_1_60' title="bbox 2289 2755 3885 2836">
    <p class='ocr_par' dir='ltr' id='par_1_60' title="bbox 2289 2755 3885 2836">
     <span class='ocr_line' id='line_1_60' title="bbox 2289 2755 3885 2836; baseline 0.003 -25"><span class='ocrx_word' id='word_1_438' title='bbox 2289 2763 2408 2833; x_wconf 75' lang='grc' dir='ltr'>τήρ·</span> <span class='ocrx_word' id='word_1_439' title='bbox 2451 2759 2494 2811; x_wconf 89' lang='grc' dir='ltr'><strong>εἰ</strong></span> <span class='ocrx_word' id='word_1_440' title='bbox 2532 2755 2591 2812; x_wconf 75' lang='grc' dir='ltr'>ὃε</span> <span class='ocrx_word' id='word_1_441' title='bbox 2619 2763 2882 2830; x_wconf 80' lang='grc' dir='ltr'>γεννητόν,</span> <span class='ocrx_word' id='word_1_442' title='bbox 2916 2762 3054 2823; x_wconf 79' lang='grc' dir='ltr'>Υἱός·</span> <span class='ocrx_word' id='word_1_443' title='bbox 3097 2761 3140 2813; x_wconf 87' lang='grc' dir='ltr'>εἰ</span> <span class='ocrx_word' id='word_1_444' title='bbox 3178 2757 3238 2814; x_wconf 75' lang='grc' dir='ltr'><strong>δὲ</strong></span> <span class='ocrx_word' id='word_1_445' title='bbox 3283 2757 3414 2833; x_wconf 69' lang='grc' dir='ltr'><strong>μηδ’</strong></span> <span class='ocrx_word' id='word_1_446' title='bbox 3462 2763 3630 2836; x_wconf 77' lang='grc' dir='ltr'>ἕτερον</span> <span class='ocrx_word' id='word_1_447' title='bbox 3670 2765 3885 2830; x_wconf 81' lang='grc' dir='ltr'>τούτων,</span> 
     </span>
    </p>
   </div>
   <div class='ocr_carea' id='block_1_61' title="bbox 2287 2844 3889 2925">
    <p class='ocr_par' dir='ltr' id='par_1_61' title="bbox 2287 2844 3889 2925">
     <span class='ocr_line' id='line_1_61' title="bbox 2287 2844 3889 2925; baseline 0.004 -26"><span class='ocrx_word' id='word_1_448' title='bbox 2287 2853 2506 2922; x_wconf 84' lang='grc' dir='ltr'>κτίσμα.</span> <span class='ocrx_word' id='word_1_449' title='bbox 2566 2847 2698 2919; x_wconf 82' lang='grc' dir='ltr'><strong>Ἐγώ</strong></span> <span class='ocrx_word' id='word_1_450' title='bbox 2748 2844 2808 2902; x_wconf 68' lang='grc' dir='ltr'><strong>δὲ</strong></span> <span class='ocrx_word' id='word_1_451' title='bbox 2853 2852 2986 2922; x_wconf 88' lang='grc' dir='ltr'><strong>μετά</strong></span> <span class='ocrx_word' id='word_1_452' title='bbox 3044 2853 3247 2925; x_wconf 84' lang='grc' dir='ltr'>Πατρός</span> <span class='ocrx_word' id='word_1_453' title='bbox 3301 2853 3392 2922; x_wconf 68' lang='grc' dir='ltr'><strong>μεν</strong></span> <span class='ocrx_word' id='word_1_454' title='bbox 3448 2847 3593 2918; x_wconf 73' lang='grc' dir='ltr'>οἶδα,</span> <span class='ocrx_word' id='word_1_455' title='bbox 3640 2850 3767 2922; x_wconf 73' lang='grc' dir='ltr'>ούχὶ</span> <span class='ocrx_word' id='word_1_456' title='bbox 3827 2848 3889 2906; x_wconf 71' lang='grc' dir='ltr'>δε</span> 
     </span>
    </p>
   </div>
   <div class='ocr_carea' id='block_1_62' title="bbox 2290 2939 3884 3013">
    <p class='ocr_par' dir='ltr' id='par_1_62' title="bbox 2290 2939 3884 3013">
     <span class='ocr_line' id='line_1_62' title="bbox 2290 2939 3884 3013; baseline 0.002 -23"><span class='ocrx_word' id='word_1_457' title='bbox 2290 2942 2496 3013; x_wconf 79' lang='grc' dir='ltr'>Πατέρα</span> <span class='ocrx_word' id='word_1_458' title='bbox 2560 2941 2618 2990; x_wconf 88' lang='grc' dir='ltr'><strong>τό</strong></span> <span class='ocrx_word' id='word_1_459' title='bbox 2683 2945 2910 3010; x_wconf 79' lang='grc' dir='ltr'>Πνεῦμα·</span> <span class='ocrx_word' id='word_1_460' title='bbox 2984 2944 3075 2991; x_wconf 80' lang='grc' dir='ltr'>καὶ</span> <span class='ocrx_word' id='word_1_461' title='bbox 3157 2941 3291 3012; x_wconf 87' lang='grc' dir='ltr'><strong>μετά</strong></span> <span class='ocrx_word' id='word_1_462' title='bbox 3368 2942 3490 2993; x_wconf 80' lang='grc' dir='ltr'>Υίοῦ</span> <span class='ocrx_word' id='word_1_463' title='bbox 3573 2939 3884 3013; x_wconf 68' lang='grc' dir='ltr'>παρέλαϐον,</span> 
     </span>
    </p>
   </div>
   <div class='ocr_carea' id='block_1_63' title="bbox 2287 3023 3892 3103">
    <p class='ocr_par' dir='ltr' id='par_1_63' title="bbox 2287 3023 3892 3103">
     <span class='ocr_line' id='line_1_63' title="bbox 2287 3023 3892 3103; baseline 0.003 -24"><span class='ocrx_word' id='word_1_464' title='bbox 2287 3027 2417 3099; x_wconf 69' lang='grc' dir='ltr'>οὐχί</span> <span class='ocrx_word' id='word_1_465' title='bbox 2482 3023 2540 3080; x_wconf 62' lang='grc' dir='ltr'><strong>δὲ</strong></span> <span class='ocrx_word' id='word_1_466' title='bbox 2609 3030 2727 3080; x_wconf 82' lang='grc' dir='ltr'>Υίόν</span> <span class='ocrx_word' id='word_1_467' title='bbox 2811 3028 3193 3101; x_wconf 79' lang='grc' dir='ltr'>ὠνομασμένον.</span> <span class='ocrx_word' id='word_1_468' title='bbox 3262 3027 3418 3084; x_wconf 79' lang='grc' dir='ltr'><strong>Ἀλλὰ</strong></span> <span class='ocrx_word' id='word_1_469' title='bbox 3467 3033 3561 3088; x_wconf 75' lang='grc' dir='ltr'>τὴν</span> <span class='ocrx_word' id='word_1_470' title='bbox 3617 3033 3707 3103; x_wconf 64' lang='grc' dir='ltr'>μὲν</span> <span class='ocrx_word' id='word_1_471' title='bbox 3755 3034 3892 3103; x_wconf 80' lang='grc' dir='ltr'>πρὸς</span> 
     </span>
    </p>
   </div>
   <div class='ocr_carea' id='block_1_64' title="bbox 524 3115 2180 3193">
    <p class='ocr_par' dir='ltr' id='par_1_64' title="bbox 524 3116 2179 3193">
     <span class='ocr_line' id='line_1_64' title="bbox 524 3116 2179 3193; baseline -0.002 -15"><span class='ocrx_word' id='word_1_472' title='bbox 524 3137 649 3178; x_wconf 86' lang='lat' dir='ltr'><strong>non</strong></span> <span class='ocrx_word' id='word_1_473' title='bbox 696 3120 898 3193; x_wconf 91' lang='lat' dir='ltr'><strong>accepi</strong></span> <span class='ocrx_word' id='word_1_474' title='bbox 949 3118 1154 3174; x_wconf 87' lang='lat' dir='ltr'><strong>Filium</strong></span> <span class='ocrx_word' id='word_1_475' title='bbox 1189 3116 1375 3172; x_wconf 82' lang='lat' dir='ltr'><strong>fuisse</strong></span> <span class='ocrx_word' id='word_1_476' title='bbox 1407 3117 1798 3189; x_wconf 88' lang='lat' dir='ltr'><strong>appellatum.</strong></span> <span class='ocrx_word' id='word_1_477' title='bbox 1835 3119 2011 3191; x_wconf 83' lang='lat' dir='ltr'><strong>Atqui</strong></span> <span class='ocrx_word' id='word_1_478' title='bbox 2038 3136 2179 3176; x_wconf 89' lang='lat' dir='ltr'><strong>eon-</strong></span> 
     </span>
    </p>
   </div>
   <div class='ocr_carea' id='block_1_65' title="bbox 2289 3115 3888 3193">
    <p class='ocr_par' dir='ltr' id='par_1_65' title="bbox 2291 3115 3888 3192">
     <span class='ocr_line' id='line_1_65' title="bbox 2291 3115 3888 3192; baseline 0.003 -25"><span class='ocrx_word' id='word_1_479' title='bbox 2291 3121 2498 3189; x_wconf 78' lang='grc' dir='ltr'>Πατέρα</span> <span class='ocrx_word' id='word_1_480' title='bbox 2557 3116 2856 3176; x_wconf 76' lang='grc' dir='ltr'>οἰκειότητα</span> <span class='ocrx_word' id='word_1_481' title='bbox 2904 3126 3022 3178; x_wconf 81' lang='grc' dir='ltr'>νοῶ,</span> <span class='ocrx_word' id='word_1_482' title='bbox 3079 3115 3259 3177; x_wconf 74' lang='grc' dir='ltr'>ἐπειδὴ</span> <span class='ocrx_word' id='word_1_483' title='bbox 3328 3118 3386 3171; x_wconf 83' lang='grc' dir='ltr'><strong>έκ</strong></span> <span class='ocrx_word' id='word_1_484' title='bbox 3453 3123 3657 3192; x_wconf 80' lang='grc' dir='ltr'>Πατρός</span> <span class='ocrx_word' id='word_1_485' title='bbox 3727 3117 3888 3172; x_wconf 79' lang='grc' dir='ltr'>ἐκπο-</span> 
     </span>
    </p>
   </div>
   <div class='ocr_carea' id='block_1_66' title="bbox 518 3208 2179 3282">
    <p class='ocr_par' dir='ltr' id='par_1_66' title="bbox 518 3208 2179 3282">
     <span class='ocr_line' id='line_1_66' title="bbox 518 3208 2179 3282; baseline 0 -16"><span class='ocrx_word' id='word_1_486' title='bbox 518 3211 894 3282; x_wconf 88' lang='lat' dir='ltr'><strong>junctionem</strong></span> <span class='ocrx_word' id='word_1_487' title='bbox 911 3208 1156 3281; x_wconf 82' lang='lat' dir='ltr'><strong>quidem</strong></span> <span class='ocrx_word' id='word_1_488' title='bbox 1171 3221 1356 3279; x_wconf 85' lang='lat' dir='ltr'><strong>quam</strong></span> <span class='ocrx_word' id='word_1_489' title='bbox 1373 3222 1512 3262; x_wconf 89' lang='lat' dir='ltr'><strong>cum</strong></span> <span class='ocrx_word' id='word_1_490' title='bbox 1533 3208 1703 3263; x_wconf 88' lang='lat' dir='ltr'><strong>Patre</strong></span> <span class='ocrx_word' id='word_1_491' title='bbox 1718 3208 1900 3264; x_wconf 89' lang='lat' dir='ltr'><strong>habet</strong></span> <span class='ocrx_word' id='word_1_492' title='bbox 1916 3209 2179 3280; x_wconf 89' lang='lat' dir='ltr'><strong>intelligo</strong></span> 
     </span>
    </p>
   </div>
   <div class='ocr_carea' id='block_1_67' title="bbox 523 3295 2181 3370">
    <p class='ocr_par' dir='ltr' id='par_1_67' title="bbox 523 3295 2181 3370">
     <span class='ocr_line' id='line_1_67' title="bbox 523 3295 2181 3370; baseline -0.001 -14"><span class='ocrx_word' id='word_1_493' title='bbox 523 3315 597 3356; x_wconf 91' lang='lat' dir='ltr'><strong>ex</strong></span> <span class='ocrx_word' id='word_1_494' title='bbox 621 3298 890 3370; x_wconf 90' lang='lat' dir='ltr'><strong>eo,quod</strong></span> <span class='ocrx_word' id='word_1_495' title='bbox 915 3313 988 3353; x_wconf 88' lang='lat' dir='ltr'><strong>ex</strong></span> <span class='ocrx_word' id='word_1_496' title='bbox 1021 3299 1186 3352; x_wconf 90' lang='lat' dir='ltr'><strong>Patre</strong></span> <span class='ocrx_word' id='word_1_497' title='bbox 1212 3295 1518 3368; x_wconf 83' lang='lat' dir='ltr'><strong>procedit:</strong></span> <span class='ocrx_word' id='word_1_498' title='bbox 1549 3311 1685 3351; x_wconf 91' lang='lat' dir='ltr'><strong>eam</strong></span> <span class='ocrx_word' id='word_1_499' title='bbox 1708 3313 1850 3353; x_wconf 87' lang='lat' dir='ltr'><strong>vero</strong></span> <span class='ocrx_word' id='word_1_500' title='bbox 1871 3313 2058 3369; x_wconf 90' lang='lat' dir='ltr'><strong>quam</strong></span> <span class='ocrx_word' id='word_1_501' title='bbox 2079 3298 2181 3354; x_wconf 88' lang='lat' dir='ltr'><strong>ha-</strong></span> 
     </span>
    </p>
   </div>
   <div class='ocr_carea' id='block_1_68' title="bbox 521 3384 2176 3457">
    <p class='ocr_par' dir='ltr' id='par_1_68' title="bbox 521 3384 2176 3457">
     <span class='ocr_line' id='line_1_68' title="bbox 521 3384 2176 3457; baseline -0.001 -13"><span class='ocrx_word' id='word_1_502' title='bbox 521 3388 623 3444; x_wconf 86' lang='lat' dir='ltr'><strong>bet</strong></span> <span class='ocrx_word' id='word_1_503' title='bbox 670 3403 810 3441; x_wconf 91' lang='lat' dir='ltr'><strong>cum</strong></span> <span class='ocrx_word' id='word_1_504' title='bbox 841 3385 1009 3452; x_wconf 87' lang='lat' dir='ltr'><strong>Filio,</strong></span> <span class='ocrx_word' id='word_1_505' title='bbox 1038 3385 1330 3457; x_wconf 90' lang='lat' dir='ltr'><strong>quoniam</strong></span> <span class='ocrx_word' id='word_1_506' title='bbox 1363 3384 1583 3440; x_wconf 88' lang='lat' dir='ltr'><strong>audio:</strong></span> <span class='ocrx_word' id='word_1_507' title='bbox 1629 3386 1696 3441; x_wconf 84' lang='lat' dir='ltr'><strong>Si</strong></span> <span class='ocrx_word' id='word_1_508' title='bbox 1719 3388 1854 3456; x_wconf 85' lang='lat' dir='ltr'><strong>quis</strong></span> <span class='ocrx_word' id='word_1_509' title='bbox 1882 3389 2176 3454; x_wconf 79' lang='lat' dir='ltr'><strong>Spiritum</strong></span> 
     </span>
    </p>
   </div>
   <div class='ocr_carea' id='block_1_69' title="bbox 525 3475 2178 3544">
    <p class='ocr_par' dir='ltr' id='par_1_69' title="bbox 525 3475 2178 3544">
     <span class='ocr_line' id='line_1_69' title="bbox 525 3475 2178 3544; baseline 0 -11"><span class='ocrx_word' id='word_1_510' title='bbox 525 3476 759 3534; x_wconf 83' lang='lat' dir='ltr'><strong>Christi</strong></span> <span class='ocrx_word' id='word_1_511' title='bbox 778 3491 900 3531; x_wconf 83' lang='lat' dir='ltr'><strong>non</strong></span> <span class='ocrx_word' id='word_1_512' title='bbox 940 3475 1141 3544; x_wconf 81' lang='lat' dir='ltr'><strong>habet,</strong></span> <span class='ocrx_word' id='word_1_513' title='bbox 1187 3475 1285 3530; x_wconf 79' lang='lat' dir='ltr'><strong>hic</strong></span> <span class='ocrx_word' id='word_1_514' title='bbox 1314 3490 1435 3530; x_wconf 81' lang='lat' dir='ltr'><strong>non</strong></span> <span class='ocrx_word' id='word_1_515' title='bbox 1481 3481 1564 3531; x_wconf 88' lang='lat' dir='ltr'><strong>est</strong></span> <span class='ocrx_word' id='word_1_516' title='bbox 1607 3476 1738 3544; x_wconf 85' lang='lat' dir='ltr'><strong>eius</strong></span> <span class='ocrx_word' id='word_1_517' title='bbox 1767 3477 1832 3530; x_wconf 74' lang='lat'><strong>‘3.</strong></span> <span class='ocrx_word' id='word_1_518' title='bbox 1868 3477 2096 3532; x_wconf 84' lang='lat' dir='ltr'><strong>Etenim</strong></span> <span class='ocrx_word' id='word_1_519' title='bbox 2129 3478 2178 3534; x_wconf 88' lang='lat' dir='ltr'><strong>si</strong></span> 
     </span>
    </p>
   </div>
   <div class='ocr_carea' id='block_1_70' title="bbox 522 3564 2177 3636">
    <p class='ocr_par' dir='ltr' id='par_1_70' title="bbox 522 3564 2177 3636">
     <span class='ocr_line' id='line_1_70' title="bbox 522 3564 2177 3636; baseline 0.001 -15"><span class='ocrx_word' id='word_1_520' title='bbox 522 3564 752 3622; x_wconf 85' lang='lat' dir='ltr'><strong>Christo</strong></span> <span class='ocrx_word' id='word_1_521' title='bbox 781 3565 1138 3635; x_wconf 90' lang='lat' dir='ltr'><strong>conjunctus</strong></span> <span class='ocrx_word' id='word_1_522' title='bbox 1163 3579 1287 3619; x_wconf 90' lang='lat' dir='ltr'><strong>non</strong></span> <span class='ocrx_word' id='word_1_523' title='bbox 1310 3570 1422 3631; x_wconf 91' lang='lat' dir='ltr'><strong>est,</strong></span> <span class='ocrx_word' id='word_1_524' title='bbox 1443 3564 1756 3636; x_wconf 89' lang='lat' dir='ltr'><strong>quomodo</strong></span> <span class='ocrx_word' id='word_1_525' title='bbox 1783 3581 1920 3620; x_wconf 87' lang='lat' dir='ltr'><strong>cum</strong></span> <span class='ocrx_word' id='word_1_526' title='bbox 1944 3566 2177 3623; x_wconf 88' lang='lat' dir='ltr'><strong>Christo</strong></span> 
     </span>
    </p>
   </div>
   <div class='ocr_carea' id='block_1_71' title="bbox 519 3653 2174 3726">
    <p class='ocr_par' dir='ltr' id='par_1_71' title="bbox 519 3653 2174 3726">
     <span class='ocr_line' id='line_1_71' title="bbox 519 3653 2174 3726; baseline 0.001 -14"><span class='ocrx_word' id='word_1_527' title='bbox 519 3654 870 3726; x_wconf 82' lang='lat' dir='ltr'><strong>conjungit?</strong></span> <span class='ocrx_word' id='word_1_528' title='bbox 898 3653 1011 3710; x_wconf 91' lang='lat' dir='ltr'><strong>Sed</strong></span> <span class='ocrx_word' id='word_1_529' title='bbox 1041 3659 1098 3710; x_wconf 85' lang='lat' dir='ltr'><strong>et</strong></span> <span class='ocrx_word' id='word_1_530' title='bbox 1131 3653 1415 3724; x_wconf 88' lang='lat' dir='ltr'><strong>Spiritum</strong></span> <span class='ocrx_word' id='word_1_531' title='bbox 1443 3654 1708 3710; x_wconf 86' lang='lat' dir='ltr'><strong>veritatis</strong></span> <span class='ocrx_word' id='word_1_532' title='bbox 1751 3655 1868 3711; x_wconf 92' lang='lat' dir='ltr'><strong>dici</strong></span> <span class='ocrx_word' id='word_1_533' title='bbox 1898 3657 2081 3713; x_wconf 88' lang='lat' dir='ltr'><strong>audio</strong></span> <span class='ocrx_word' id='word_1_534' title='bbox 2103 3657 2174 3713; x_wconf 57' lang='grc' dir='ltr'><strong>δι.</strong></span> 
     </span>
    </p>
   </div>
   <div class='ocr_carea' id='block_1_72' title="bbox 523 3744 2175 3803">
    <p class='ocr_par' dir='ltr' id='par_1_72' title="bbox 523 3744 2175 3803">
     <span class='ocr_line' id='line_1_72' title="bbox 523 3744 2175 3803; baseline 0.002 -3"><span class='ocrx_word' id='word_1_535' title='bbox 523 3745 744 3802; x_wconf 84' lang='lat' dir='ltr'><strong>Veritas</strong></span> <span class='ocrx_word' id='word_1_536' title='bbox 782 3750 986 3800; x_wconf 86' lang='lat' dir='ltr'><strong>autem</strong></span> <span class='ocrx_word' id='word_1_537' title='bbox 1013 3744 1304 3800; x_wconf 90' lang='lat' dir='ltr'><strong>Dominus</strong></span> <span class='ocrx_word' id='word_1_538' title='bbox 1342 3751 1432 3798; x_wconf 85' lang='lat' dir='ltr'><strong>est</strong></span> <span class='ocrx_word' id='word_1_539' title='bbox 1456 3745 1524 3800; x_wconf 71' lang='lat'><strong>‘5.</strong></span> <span class='ocrx_word' id='word_1_540' title='bbox 1577 3748 1724 3801; x_wconf 90' lang='lat' dir='ltr'><strong>Cum</strong></span> <span class='ocrx_word' id='word_1_541' title='bbox 1756 3751 1959 3802; x_wconf 87' lang='lat' dir='ltr'><strong>autem</strong></span> <span class='ocrx_word' id='word_1_542' title='bbox 1990 3747 2175 3803; x_wconf 89' lang='lat' dir='ltr'><strong>audio</strong></span> 
     </span>
    </p>
   </div>
   <div class='ocr_carea' id='block_1_73' title="bbox 519 3831 2176 3906">
    <p class='ocr_par' dir='ltr' id='par_1_73' title="bbox 519 3831 2176 3906">
     <span class='ocr_line' id='line_1_73' title="bbox 519 3831 2176 3906; baseline 0.001 -15"><span class='ocrx_word' id='word_1_543' title='bbox 519 3834 799 3906; x_wconf 91' lang='lat' dir='ltr'><strong>Spiritum</strong></span> <span class='ocrx_word' id='word_1_544' title='bbox 823 3833 1168 3905; x_wconf 88' lang='lat' dir='ltr'><strong>ad0ptionis</strong></span> <span class='ocrx_word' id='word_1_545' title='bbox 1191 3835 1257 3895; x_wconf 71' lang='lat'><strong>“,</strong></span> <span class='ocrx_word' id='word_1_546' title='bbox 1285 3831 1571 3888; x_wconf 88' lang='lat' dir='ltr'><strong>recordor</strong></span> <span class='ocrx_word' id='word_1_547' title='bbox 1595 3835 1728 3904; x_wconf 87' lang='lat' dir='ltr'><strong>ejus</strong></span> <span class='ocrx_word' id='word_1_548' title='bbox 1749 3851 1933 3906; x_wconf 91' lang='lat' dir='ltr'><strong>quam</strong></span> <span class='ocrx_word' id='word_1_549' title='bbox 1963 3843 2176 3892; x_wconf 86' lang='lat' dir='ltr'><strong>natura</strong></span> 
     </span>
    </p>
   </div>
   <div class='ocr_carea' id='block_1_74' title="bbox 516 3922 2173 3989">
    <p class='ocr_par' dir='ltr' id='par_1_74' title="bbox 516 3922 2173 3989">
     <span class='ocr_line' id='line_1_74' title="bbox 516 3922 2173 3989; baseline 0.001 -9"><span class='ocrx_word' id='word_1_550' title='bbox 516 3924 700 3981; x_wconf 88' lang='lat' dir='ltr'><strong>habet</strong></span> <span class='ocrx_word' id='word_1_551' title='bbox 725 3939 867 3980; x_wconf 89' lang='lat' dir='ltr'><strong>cum</strong></span> <span class='ocrx_word' id='word_1_552' title='bbox 901 3922 1039 3979; x_wconf 84' lang='lat' dir='ltr'><strong>Filio</strong></span> <span class='ocrx_word' id='word_1_553' title='bbox 1069 3927 1127 3978; x_wconf 94' lang='lat' dir='ltr'><strong>et</strong></span> <span class='ocrx_word' id='word_1_554' title='bbox 1152 3925 1320 3978; x_wconf 87' lang='lat' dir='ltr'><strong>Patre</strong></span> <span class='ocrx_word' id='word_1_555' title='bbox 1350 3922 1622 3979; x_wconf 87' lang='lat' dir='ltr'><strong>unitatis.</strong></span> <span class='ocrx_word' id='word_1_556' title='bbox 1663 3925 1981 3989; x_wconf 88' lang='lat' dir='ltr'><strong>Quomodo</strong></span> <span class='ocrx_word' id='word_1_557' title='bbox 2011 3927 2173 3982; x_wconf 90' lang='lat' dir='ltr'><strong>enim</strong></span> 
     </span>
    </p>
   </div>
   <div class='ocr_carea' id='block_1_75' title="bbox 515 4012 2173 4085">
    <p class='ocr_par' dir='ltr' id='par_1_75' title="bbox 515 4012 2173 4085">
     <span class='ocr_line' id='line_1_75' title="bbox 515 4012 2173 4085; baseline 0.003 -16"><span class='ocrx_word' id='word_1_558' title='bbox 515 4013 833 4084; x_wconf 87' lang='lat' dir='ltr'><strong>adoptaret</strong></span> <span class='ocrx_word' id='word_1_559' title='bbox 861 4013 1027 4085; x_wconf 91' lang='lat' dir='ltr'><strong>quod</strong></span> <span class='ocrx_word' id='word_1_560' title='bbox 1057 4017 1415 4067; x_wconf 83' lang='lat' dir='ltr'><strong>extraneum</strong></span> <span class='ocrx_word' id='word_1_561' title='bbox 1446 4018 1534 4066; x_wconf 91' lang='lat' dir='ltr'><strong>est</strong></span> <span class='ocrx_word' id='word_1_562' title='bbox 1555 4012 1583 4066; x_wconf 65' lang='grc' dir='ltr'><strong><em>Ἰ</em></strong></span> <span class='ocrx_word' id='word_1_563' title='bbox 1624 4015 1937 4085; x_wconf 88' lang='lat' dir='ltr'><strong>quomodo</strong></span> <span class='ocrx_word' id='word_1_564' title='bbox 1967 4033 2173 4074; x_wconf 85' lang='lat' dir='ltr'><strong>rursus</strong></span> 
     </span>
    </p>
   </div>
   <div class='ocr_carea' id='block_1_76' title="bbox 516 4099 2168 4180">
    <p class='ocr_par' dir='ltr' id='par_1_76' title="bbox 516 4099 2168 4180">
     <span class='ocr_line' id='line_1_76' title="bbox 516 4099 2168 4180; baseline 0.001 -22"><span class='ocrx_word' id='word_1_565' title='bbox 516 4100 1001 4172; x_wconf 85' lang='lat' dir='ltr'><strong>conciliaretconj</strong></span> <span class='ocrx_word' id='word_1_566' title='bbox 1014 4104 1382 4171; x_wconf 86' lang='lat' dir='ltr'><strong>ungeretque</strong></span> <span class='ocrx_word' id='word_1_567' title='bbox 1399 4100 1563 4171; x_wconf 89' lang='lat' dir='ltr'><strong>quod</strong></span> <span class='ocrx_word' id='word_1_568' title='bbox 1577 4099 1841 4156; x_wconf 89' lang='lat' dir='ltr'><strong>alienum</strong></span> <span class='ocrx_word' id='word_1_569' title='bbox 1860 4105 1978 4159; x_wconf 87' lang='lat' dir='ltr'><strong>est?</strong></span> <span class='ocrx_word' id='word_1_570' title='bbox 1997 4107 2039 4176; x_wconf 79' lang='grc' dir='ltr'>ι</span> <span class='ocrx_word' id='word_1_571' title='bbox 2052 4107 2168 4180; x_wconf 82' lang='lat'><strong>95</strong></span> 
     </span>
    </p>
   </div>
   <div class='ocr_carea' id='block_1_77' title="bbox 517 4187 2174 4264">
    <p class='ocr_par' dir='ltr' id='par_1_77' title="bbox 517 4187 2174 4264">
     <span class='ocr_line' id='line_1_77' title="bbox 517 4187 2174 4264; baseline 0.001 -17"><span class='ocrx_word' id='word_1_572' title='bbox 517 4191 609 4247; x_wconf 91' lang='lat' dir='ltr'><strong>Sic</strong></span> <span class='ocrx_word' id='word_1_573' title='bbox 637 4191 839 4263; x_wconf 89' lang='lat' dir='ltr'><strong>itaque</strong></span> <span class='ocrx_word' id='word_1_574' title='bbox 886 4205 1084 4262; x_wconf 83' lang='lat' dir='ltr'><strong>neque</strong></span> <span class='ocrx_word' id='word_1_575' title='bbox 1128 4205 1262 4244; x_wconf 91' lang='lat' dir='ltr'><strong>sum</strong></span> <span class='ocrx_word' id='word_1_576' title='bbox 1298 4187 1623 4244; x_wconf 88' lang='lat' dir='ltr'><strong>verborum</strong></span> <span class='ocrx_word' id='word_1_577' title='bbox 1654 4190 2042 4264; x_wconf 89' lang='lat' dir='ltr'><strong>architectus,</strong></span> <span class='ocrx_word' id='word_1_578' title='bbox 2076 4213 2174 4253; x_wconf 87' lang='lat' dir='ltr'><strong>ne-</strong></span> 
     </span>
    </p>
   </div>
   <div class='ocr_carea' id='block_1_78' title="bbox 513 4277 2170 4359">
    <p class='ocr_par' dir='ltr' id='par_1_78' title="bbox 513 4277 2170 4359">
     <span class='ocr_line' id='line_1_78' title="bbox 513 4277 2170 4359; baseline 0.005 -25"><span class='ocrx_word' id='word_1_579' title='bbox 513 4294 632 4352; x_wconf 90' lang='lat' dir='ltr'><strong>que</strong></span> <span class='ocrx_word' id='word_1_580' title='bbox 671 4280 1053 4350; x_wconf 87' lang='lat' dir='ltr'><strong>majestatem</strong></span> <span class='ocrx_word' id='word_1_581' title='bbox 1108 4277 1374 4346; x_wconf 82' lang='lat' dir='ltr'><strong>Spiritus</strong></span> <span class='ocrx_word' id='word_1_582' title='bbox 1422 4277 1729 4349; x_wconf 90' lang='lat' dir='ltr'><strong>reprobo:</strong></span> <span class='ocrx_word' id='word_1_583' title='bbox 1778 4282 1884 4337; x_wconf 88' lang='lat' dir='ltr'><strong>sed</strong></span> <span class='ocrx_word' id='word_1_584' title='bbox 1936 4299 2038 4339; x_wconf 92' lang='lat' dir='ltr'><strong>eos</strong></span> <span class='ocrx_word' id='word_1_585' title='bbox 2066 4285 2170 4359; x_wconf 94' lang='lat' dir='ltr'><strong>qui</strong></span> 
     </span>
    </p>
   </div>
   <div class='ocr_carea' id='block_1_79' title="bbox 513 4366 2167 4442">
    <p class='ocr_par' dir='ltr' id='par_1_79' title="bbox 513 4366 2167 4442">
     <span class='ocr_line' id='line_1_79' title="bbox 513 4366 2167 4442; baseline 0.005 -19"><span class='ocrx_word' id='word_1_586' title='bbox 513 4375 850 4423; x_wconf 87' lang='lat' dir='ltr'><strong>creaturam</strong></span> <span class='ocrx_word' id='word_1_587' title='bbox 923 4366 1228 4440; x_wconf 88' lang='lat' dir='ltr'><strong>appellare</strong></span> <span class='ocrx_word' id='word_1_588' title='bbox 1285 4367 1558 4434; x_wconf 85' lang='lat' dir='ltr'><strong>audent,</strong></span> <span class='ocrx_word' id='word_1_589' title='bbox 1631 4367 1881 4442; x_wconf 84' lang='lat' dir='ltr'><strong>deploro</strong></span> <span class='ocrx_word' id='word_1_590' title='bbox 1945 4373 2167 4432; x_wconf 86' lang='lat' dir='ltr'><strong>deﬂeo-</strong></span> 
     </span>
    </p>
   </div>
   <div class='ocr_carea' id='block_1_80' title="bbox 513 4456 2164 4532">
    <p class='ocr_par' dir='ltr' id='par_1_80' title="bbox 513 4456 2164 4532">
     <span class='ocr_line' id='line_1_80' title="bbox 513 4456 2164 4532; baseline 0.006 -22"><span class='ocrx_word' id='word_1_591' title='bbox 513 4471 653 4529; x_wconf 90' lang='lat' dir='ltr'><strong>que,</strong></span> <span class='ocrx_word' id='word_1_592' title='bbox 703 4456 866 4528; x_wconf 93' lang='lat' dir='ltr'><strong>quod</strong></span> <span class='ocrx_word' id='word_1_593' title='bbox 913 4457 1288 4528; x_wconf 88' lang='lat' dir='ltr'><strong>sophismate</strong></span> <span class='ocrx_word' id='word_1_594' title='bbox 1330 4457 1465 4512; x_wconf 89' lang='lat' dir='ltr'><strong>exili</strong></span> <span class='ocrx_word' id='word_1_595' title='bbox 1515 4460 1573 4513; x_wconf 88' lang='lat' dir='ltr'><strong>et-</strong></span> <span class='ocrx_word' id='word_1_596' title='bbox 1625 4459 2034 4532; x_wconf 83' lang='lat' dir='ltr'><strong>paralogismo</strong></span> <span class='ocrx_word' id='word_1_597' title='bbox 2069 4466 2164 4521; x_wconf 85' lang='lat' dir='ltr'><strong>fu-</strong></span> 
     </span>
    </p>
   </div>
   <div class='ocr_carea' id='block_1_81' title="bbox 513 4543 2164 4621">
    <p class='ocr_par' dir='ltr' id='par_1_81' title="bbox 513 4543 2164 4621">
     <span class='ocr_line' id='line_1_81' title="bbox 513 4543 2164 4621; baseline 0.007 -21"><span class='ocrx_word' id='word_1_598' title='bbox 513 4549 648 4600; x_wconf 88' lang='lat' dir='ltr'><strong>cato</strong></span> <span class='ocrx_word' id='word_1_599' title='bbox 668 4544 728 4599; x_wconf 88' lang='lat' dir='ltr'><strong>in</strong></span> <span class='ocrx_word' id='word_1_600' title='bbox 751 4543 1106 4600; x_wconf 88' lang='lat' dir='ltr'><strong>barathrum</strong></span> <span class='ocrx_word' id='word_1_601' title='bbox 1128 4545 1454 4601; x_wconf 84' lang='lat' dir='ltr'><strong>detrudant</strong></span> <span class='ocrx_word' id='word_1_602' title='bbox 1475 4548 1856 4620; x_wconf 91' lang='lat' dir='ltr'><strong>semetipsos.</strong></span> <span class='ocrx_word' id='word_1_603' title='bbox 1878 4554 2048 4621; x_wconf 86' lang='lat' dir='ltr'><strong>Nam,</strong></span> <span class='ocrx_word' id='word_1_604' title='bbox 2072 4556 2164 4611; x_wconf 86' lang='lat' dir='ltr'><strong>in-</strong></span> 
     </span>
    </p>
   </div>
   <div class='ocr_carea' id='block_1_82' title="bbox 511 4632 2166 4715">
    <p class='ocr_par' dir='ltr' id='par_1_82' title="bbox 511 4632 2166 4715">
     <span class='ocr_line' id='line_1_82' title="bbox 511 4632 2166 4715; baseline 0.007 -27"><span class='ocrx_word' id='word_1_605' title='bbox 511 4634 747 4706; x_wconf 87' lang='lat' dir='ltr'><strong>quiunt,</strong></span> <span class='ocrx_word' id='word_1_606' title='bbox 783 4632 896 4689; x_wconf 88' lang='lat' dir='ltr'><strong>tria</strong></span> <span class='ocrx_word' id='word_1_607' title='bbox 920 4633 1048 4689; x_wconf 64' lang='lat' dir='ltr'><strong>haec</strong></span> <span class='ocrx_word' id='word_1_608' title='bbox 1080 4650 1253 4689; x_wconf 89' lang='lat' dir='ltr'><strong>mens</strong></span> <span class='ocrx_word' id='word_1_609' title='bbox 1291 4641 1500 4691; x_wconf 84' lang='lat' dir='ltr'><strong>nostra</strong></span> <span class='ocrx_word' id='word_1_610' title='bbox 1531 4638 1817 4708; x_wconf 84' lang='lat' dir='ltr'><strong>percipit;</strong></span> <span class='ocrx_word' id='word_1_611' title='bbox 1863 4656 1973 4696; x_wconf 91' lang='lat' dir='ltr'><strong>nec</strong></span> <span class='ocrx_word' id='word_1_612' title='bbox 1993 4644 2166 4715; x_wconf 88' lang='lat' dir='ltr'><strong>quid-</strong></span> 
     </span>
    </p>
   </div>
   <div class='ocr_carea' id='block_1_83' title="bbox 510 4722 2163 4796">
    <p class='ocr_par' dir='ltr' id='par_1_83' title="bbox 510 4722 2163 4796">
     <span class='ocr_line' id='line_1_83' title="bbox 510 4722 2163 4796; baseline 0.007 -17"><span class='ocrx_word' id='word_1_613' title='bbox 510 4739 698 4796; x_wconf 88' lang='lat' dir='ltr'><strong>quam</strong></span> <span class='ocrx_word' id='word_1_614' title='bbox 727 4727 814 4780; x_wconf 88' lang='lat' dir='ltr'><strong>est</strong></span> <span class='ocrx_word' id='word_1_615' title='bbox 841 4722 902 4778; x_wconf 90' lang='lat' dir='ltr'><strong>in</strong></span> <span class='ocrx_word' id='word_1_616' title='bbox 932 4737 1134 4779; x_wconf 90' lang='lat' dir='ltr'><strong>rerum</strong></span> <span class='ocrx_word' id='word_1_617' title='bbox 1163 4727 1402 4789; x_wconf 87' lang='lat' dir='ltr'><strong>natura,</strong></span> <span class='ocrx_word' id='word_1_618' title='bbox 1431 4725 1599 4796; x_wconf 91' lang='lat' dir='ltr'><strong>quod</strong></span> <span class='ocrx_word' id='word_1_619' title='bbox 1629 4742 1754 4783; x_wconf 89' lang='lat' dir='ltr'><strong>non</strong></span> <span class='ocrx_word' id='word_1_620' title='bbox 1783 4729 1845 4784; x_wconf 90' lang='lat' dir='ltr'><strong>in</strong></span> <span class='ocrx_word' id='word_1_621' title='bbox 1873 4728 2034 4788; x_wconf 89' lang='lat' dir='ltr'><strong>hanc</strong></span> <span class='ocrx_word' id='word_1_622' title='bbox 2067 4749 2163 4791; x_wconf 90' lang='lat' dir='ltr'><strong>re-</strong></span> 
     </span>
    </p>
   </div>
   <div class='ocr_carea' id='block_1_84' title="bbox 1749 4899 2062 4961">
    <p class='ocr_par' dir='ltr' id='par_1_84' title="bbox 1749 4899 2062 4961">
     <span class='ocr_line' id='line_1_84' title="bbox 1749 4899 2062 4961; baseline 0.013 -4"><span class='ocrx_word' id='word_1_623' title='bbox 1749 4899 1796 4936; x_wconf 71' lang='lat'><strong>“</strong></span> <span class='ocrx_word' id='word_1_624' title='bbox 1823 4899 1973 4958; x_wconf 90' lang='lat' dir='ltr'><strong>ibid.</strong></span> <span class='ocrx_word' id='word_1_625' title='bbox 2005 4907 2062 4961; x_wconf 85' lang='lat'><strong>6.</strong></span> 
     </span>
    </p>
   </div>
   <div class='ocr_carea' id='block_1_85' title="bbox 583 4894 1672 4967">
    <p class='ocr_par' dir='ltr' id='par_1_85' title="bbox 583 4894 1672 4967">
     <span class='ocr_line' id='line_1_85' title="bbox 583 4894 1672 4967; baseline 0.002 -15"><span class='ocrx_word' id='word_1_626' title='bbox 583 4895 632 4930; x_wconf 73' lang='lat'><strong>‘3</strong></span> <span class='ocrx_word' id='word_1_627' title='bbox 662 4895 833 4952; x_wconf 83' lang='lat' dir='ltr'><strong>Rom.</strong></span> <span class='ocrx_word' id='word_1_628' title='bbox 860 4908 982 4966; x_wconf 86' lang='lat' dir='ltr'><strong>vm,</strong></span> <span class='ocrx_word' id='word_1_629' title='bbox 1017 4897 1071 4952; x_wconf 82' lang='lat'><strong>9.</strong></span> <span class='ocrx_word' id='word_1_630' title='bbox 1150 4894 1198 4930; x_wconf 74' lang='lat'><strong>“</strong></span> <span class='ocrx_word' id='word_1_631' title='bbox 1227 4895 1400 4952; x_wconf 81' lang='lat' dir='ltr'><strong>Joan.</strong></span> <span class='ocrx_word' id='word_1_632' title='bbox 1431 4911 1556 4967; x_wconf 78' lang='lat' dir='ltr'><strong>xxv,</strong></span> <span class='ocrx_word' id='word_1_633' title='bbox 1587 4901 1672 4954; x_wconf 86' lang='lat' dir='ltr'><strong>t7.</strong></span> 
     </span>
    </p>
   </div>
   <div class='ocr_carea' id='block_1_86' title="bbox 580 5044 2170 5127">
    <p class='ocr_par' dir='ltr' id='par_1_86' title="bbox 580 5044 2170 5127">
     <span class='ocr_line' id='line_1_86' title="bbox 580 5044 2170 5127; baseline 0.006 -23"><span class='ocrx_word' id='word_1_634' title='bbox 580 5048 694 5120; x_wconf 83' lang='lat'><strong>(29)</strong></span> <span class='ocrx_word' id='word_1_635' title='bbox 724 5047 816 5103; x_wconf 90' lang='lat' dir='ltr'><strong>Sic</strong></span> <span class='ocrx_word' id='word_1_636' title='bbox 849 5045 1086 5127; x_wconf 74' lang='lat' dir='ltr'><strong>codices</strong></span> <span class='ocrx_word' id='word_1_637' title='bbox 1115 5046 1258 5127; x_wconf 88' lang='lat' dir='ltr'><strong>duo.</strong></span> <span class='ocrx_word' id='word_1_638' title='bbox 1293 5048 1443 5127; x_wconf 74' lang='lat' dir='ltr'><strong>Editi</strong></span> <span class='ocrx_word' id='word_1_639' title='bbox 1475 5044 1604 5106; x_wconf 79' lang='grc' dir='ltr'>δεῖν.</span> <span class='ocrx_word' id='word_1_640' title='bbox 1637 5051 1834 5127; x_wconf 81' lang='lat' dir='ltr'><strong>_Ver_ba</strong></span> <span class='ocrx_word' id='word_1_641' title='bbox 1858 5070 1994 5127; x_wconf 75' lang='lat' dir='ltr'><strong>quae</strong></span> <span class='ocrx_word' id='word_1_642' title='bbox 2026 5073 2170 5114; x_wconf 90' lang='lat' dir='ltr'><strong>mox</strong></span> 
     </span>
    </p>
   </div>
   <div class='ocr_carea' id='block_1_87' title="bbox 509 5114 2169 5198">
    <p class='ocr_par' dir='ltr' id='par_1_87' title="bbox 509 5114 2169 5198">
     <span class='ocr_line' id='line_1_87' title="bbox 509 5114 2169 5198; baseline 0.005 -21"><span class='ocrx_word' id='word_1_643' title='bbox 509 5114 978 5198; x_wconf 39' lang='lat' dir='ltr'><strong>sequuntur,‘xa‘c</strong></span> <span class='ocrx_word' id='word_1_644' title='bbox 1009 5114 1434 5198; x_wconf 66' lang='grc' dir='ltr'>ἐπεσήμηνέοοι,</span> <span class='ocrx_word' id='word_1_645' title='bbox 1464 5126 1598 5193; x_wconf 81' lang='lat' dir='ltr'><strong>etc.,</strong></span> <span class='ocrx_word' id='word_1_646' title='bbox 1632 5123 1714 5181; x_wconf 90' lang='lat' dir='ltr'><strong>ita</strong></span> <span class='ocrx_word' id='word_1_647' title='bbox 1740 5114 2169 5198; x_wconf 70' lang='lat' dir='ltr'><strong>interpretatus</strong></span> 
     </span>
    </p>
   </div>
   <div class='ocr_carea' id='block_1_88' title="bbox 509 5173 2168 5268">
    <p class='ocr_par' dir='ltr' id='par_1_88' title="bbox 509 5173 2168 5268">
     <span class='ocr_line' id='line_1_88' title="bbox 509 5173 2168 5268; baseline 0.005 -20"><span class='ocrx_word' id='word_1_648' title='bbox 509 5173 1042 5268; x_wconf 32' lang='lat' dir='ltr'><strong>estjCombelisiu‘s,</strong></span> <span class='ocrx_word' id='word_1_649' title='bbox 1069 5173 1493 5268; x_wconf 63' lang='lat' dir='ltr'><strong>iudicationem</strong></span> <span class='ocrx_word' id='word_1_650' title='bbox 1524 5173 1874 5252; x_wconf 53' lang='lat' dir='ltr'><strong>adcessionis</strong></span> 
     </span>
    </p>
   </div>
   <div class='ocr_carea' id='block_1_89' title="bbox 510 5264 2169 5336">
    <p class='ocr_par' dir='ltr' id='par_1_89' title="bbox 510 5264 2169 5336">
     <span class='ocr_line' id='line_1_89' title="bbox 510 5264 2169 5336; baseline 0.007 -20"><span class='ocrx_word' id='word_1_651' title='bbox 510 5265 619 5336; x_wconf 73' lang='lat' dir='ltr'><strong>tibi</strong></span> <span class='ocrx_word' id='word_1_652' title='bbox 633 5264 942 5336; x_wconf 76' lang='lat' dir='ltr'><strong>derelictio</strong></span> <span class='ocrx_word' id='word_1_653' title='bbox 956 5264 1102 5332; x_wconf 71' lang='lat' dir='ltr'><strong>feeit</strong></span> <span class='ocrx_word' id='word_1_654' title='bbox 1118 5279 1139 5319; x_wconf 72' lang='grc' dir='ltr'><strong>,ο</strong></span> <span class='ocrx_word' id='word_1_655' title='bbox 1159 5279 1298 5336; x_wconf 71' lang='lat' dir='ltr'><strong>quae</strong></span> <span class='ocrx_word' id='word_1_656' title='bbox 1317 5265 1818 5336; x_wconf 88' lang='lat' dir='ltr'><strong>interpretatio,ut</strong></span> <span class='ocrx_word' id='word_1_657' title='bbox 1834 5264 1977 5336; x_wconf 87' lang='lat' dir='ltr'><strong>dixi,</strong></span> <span class='ocrx_word' id='word_1_658' title='bbox 1993 5272 2169 5328; x_wconf 74' lang='lat' dir='ltr'><strong>Com~</strong></span> 
     </span>
    </p>
   </div>
   <div class='ocr_carea' id='block_1_90' title="bbox 506 5332 2171 5405">
    <p class='ocr_par' dir='ltr' id='par_1_90' title="bbox 506 5332 2171 5405">
     <span class='ocr_line' id='line_1_90' title="bbox 506 5332 2171 5405; baseline 0.007 -17"><span class='ocrx_word' id='word_1_659' title='bbox 506 5332 704 5405; x_wconf 87' lang='lat' dir='ltr'><strong>betisii</strong></span> <span class='ocrx_word' id='word_1_660' title='bbox 726 5340 834 5398; x_wconf 89' lang='lat' dir='ltr'><strong>est,</strong></span> <span class='ocrx_word' id='word_1_661' title='bbox 866 5335 983 5389; x_wconf 92' lang='lat' dir='ltr'><strong>hoc</strong></span> <span class='ocrx_word' id='word_1_662' title='bbox 1008 5341 1115 5405; x_wconf 84' lang='lat' dir='ltr'><strong>est,</strong></span> <span class='ocrx_word' id='word_1_663' title='bbox 1152 5332 1529 5392; x_wconf 72' lang='lat' dir='ltr'><strong>siibobscura</strong></span> <span class='ocrx_word' id='word_1_664' title='bbox 1584 5343 1664 5393; x_wconf 89' lang='lat' dir='ltr'><strong>tta</strong></span> <span class='ocrx_word' id='word_1_665' title='bbox 1687 5332 1887 5395; x_wconf 88' lang='lat' dir='ltr'><strong>autem</strong></span> <span class='ocrx_word' id='word_1_666' title='bbox 1917 5332 2171 5399; x_wconf 81' lang='lat' dir='ltr'><strong>verterat</strong></span> 
     </span>
    </p>
   </div>
   <div class='ocr_carea' id='block_1_91' title="bbox 506 5404 2167 5477">
    <p class='ocr_par' dir='ltr' id='par_1_91' title="bbox 506 5404 2167 5477">
     <span class='ocr_line' id='line_1_91' title="bbox 506 5404 2167 5477; baseline 0.007 -18"><span class='ocrx_word' id='word_1_667' title='bbox 506 5404 998 5477; x_wconf 86' lang='lat' dir='ltr'><strong>interpres_vetus</strong></span> <span class='ocrx_word' id='word_1_668' title='bbox 1033 5423 1045 5460; x_wconf 90' lang='lat'><strong>:</strong></span> <span class='ocrx_word' id='word_1_669' title='bbox 1098 5407 1244 5461; x_wconf 76' lang='lat' dir='ltr'><strong>Mox</strong></span> <span class='ocrx_word' id='word_1_670' title='bbox 1272 5422 1425 5463; x_wconf 70' lang='lat' dir='ltr'><strong>enim</strong></span> <span class='ocrx_word' id='word_1_671' title='bbox 1457 5409 1561 5463; x_wconf 85' lang='lat' dir='ltr'><strong>ubi</strong></span> <span class='ocrx_word' id='word_1_672' title='bbox 1589 5411 1661 5465; x_wconf 86' lang='lat' dir='ltr'><strong>de</strong></span> <span class='ocrx_word' id='word_1_673' title='bbox 1688 5412 1926 5477; x_wconf 77' lang='lat' dir='ltr'><strong>Spiritu</strong></span> <span class='ocrx_word' id='word_1_674' title='bbox 1955 5422 2167 5470; x_wconf 84' lang='lat' dir='ltr'><strong>sancto</strong></span> 
     </span>
    </p>
   </div>
   <div class='ocr_carea' id='block_1_92' title="bbox 509 5475 2168 5554">
    <p class='ocr_par' dir='ltr' id='par_1_92' title="bbox 509 5475 2168 5554">
     <span class='ocr_line' id='line_1_92' title="bbox 509 5475 2168 5554; baseline 0.008 -26"><span class='ocrx_word' id='word_1_675' title='bbox 509 5490 640 5554; x_wconf 59' lang='lat' dir='ltr'><strong>qua</strong></span> <span class='ocrx_word' id='word_1_676' title='bbox 657 5491 774 5554; x_wconf 80' lang='lat' dir='ltr'><strong>non</strong></span> <span class='ocrx_word' id='word_1_677' title='bbox 789 5475 994 5554; x_wconf 70' lang='lat' dir='ltr'><strong>decent</strong></span> <span class='ocrx_word' id='word_1_678' title='bbox 1017 5477 1476 5554; x_wconf 62' lang='lat' dir='ltr'><strong>dixerismolgm</strong></span> <span class='ocrx_word' id='word_1_679' title='bbox 1492 5495 1725 5551; x_wconf 87' lang='lat' dir='ltr'><strong>quoque</strong></span> <span class='ocrx_word' id='word_1_680' title='bbox 1738 5475 1915 5554; x_wconf 67' lang='lat' dir='ltr'><strong>[tabes</strong></span> <span class='ocrx_word' id='word_1_681' title='bbox 1931 5492 1982 5540; x_wconf 87' lang='lat' dir='ltr'><strong>et</strong></span> <span class='ocrx_word' id='word_1_682' title='bbox 1997 5501 2168 5554; x_wconf 82' lang='lat' dir='ltr'><strong>aper-</strong></span> 
     </span>
    </p>
   </div>
   <div class='ocr_carea' id='block_1_93' title="bbox 509 5546 2163 5618">
    <p class='ocr_par' dir='ltr' id='par_1_93' title="bbox 509 5546 2163 5618">
     <span class='ocr_line' id='line_1_93' title="bbox 509 5546 2163 5618; baseline 0.008 -18"><span class='ocrx_word' id='word_1_683' title='bbox 509 5552 628 5602; x_wconf 87' lang='lat' dir='ltr'><strong>tam</strong></span> <span class='ocrx_word' id='word_1_684' title='bbox 651 5546 1339 5618; x_wconf 74' lang='lat' dir='ltr'><strong>signiﬁcationem,quod</strong></span> <span class='ocrx_word' id='word_1_685' title='bbox 1350 5546 1586 5618; x_wconf 74' lang='lat' dir='ltr'><strong>Spiritu</strong></span> <span class='ocrx_word' id='word_1_686' title='bbox 1603 5546 1709 5607; x_wconf 81' lang='lat' dir='ltr'><strong>Dei</strong></span> <span class='ocrx_word' id='word_1_687' title='bbox 1727 5546 2047 5611; x_wconf 75' lang='lat' dir='ltr'><strong>destitutus</strong></span> <span class='ocrx_word' id='word_1_688' title='bbox 2065 5559 2163 5613; x_wconf 79' lang='lat' dir='ltr'><strong>sis.</strong></span> 
     </span>
    </p>
   </div>
   <div class='ocr_carea' id='block_1_94' title="bbox 510 5617 2167 5697">
    <p class='ocr_par' dir='ltr' id='par_1_94' title="bbox 510 5617 2167 5697">
     <span class='ocr_line' id='line_1_94' title="bbox 510 5617 2167 5697; baseline 0.007 -23"><span class='ocrx_word' id='word_1_689' title='bbox 510 5618 602 5674; x_wconf 89' lang='lat' dir='ltr'><strong>Sic</strong></span> <span class='ocrx_word' id='word_1_690' title='bbox 633 5617 814 5672; x_wconf 89' lang='lat' dir='ltr'><strong>velim</strong></span> <span class='ocrx_word' id='word_1_691' title='bbox 856 5617 1121 5688; x_wconf 87' lang='lat' dir='ltr'><strong>accipias</strong></span> <span class='ocrx_word' id='word_1_692' title='bbox 1159 5617 1346 5676; x_wconf 70' lang='lat' dir='ltr'><strong>verba</strong></span> <span class='ocrx_word' id='word_1_693' title='bbox 1381 5619 1612 5677; x_wconf 79' lang='lat' dir='ltr'><strong>Basilii:</strong></span> <span class='ocrx_word' id='word_1_694' title='bbox 1658 5623 1763 5678; x_wconf 82' lang='lat' dir='ltr'><strong>Ubi</strong></span> <span class='ocrx_word' id='word_1_695' title='bbox 1797 5627 2062 5697; x_wconf 89' lang='lat' dir='ltr'><strong>primum</strong></span> <span class='ocrx_word' id='word_1_696' title='bbox 2093 5629 2167 5685; x_wconf 89' lang='lat' dir='ltr'><strong>de</strong></span> 
     </span>
    </p>
   </div>
   <div class='ocr_carea' id='block_1_95' title="bbox 2285 3203 3892 3281">
    <p class='ocr_par' dir='ltr' id='par_1_95' title="bbox 2285 3203 3892 3281">
     <span class='ocr_line' id='line_1_95' title="bbox 2285 3203 3892 3281; baseline 0.002 -23"><span class='ocrx_word' id='word_1_697' title='bbox 2285 3207 2508 3281; x_wconf 79' lang='grc' dir='ltr'>ρεύεταιο</span> <span class='ocrx_word' id='word_1_698' title='bbox 2559 3211 2652 3267; x_wconf 79' lang='grc' dir='ltr'>τὴν</span> <span class='ocrx_word' id='word_1_699' title='bbox 2711 3210 2835 3280; x_wconf 84' lang='grc' dir='ltr'>πρὸς</span> <span class='ocrx_word' id='word_1_700' title='bbox 2886 3211 3004 3261; x_wconf 82' lang='grc' dir='ltr'><strong>Υὶόν</strong></span> <span class='ocrx_word' id='word_1_701' title='bbox 3057 3203 3135 3274; x_wconf 66' lang='grc' dir='ltr'><strong>δὲ,</strong></span> <span class='ocrx_word' id='word_1_702' title='bbox 3196 3203 3376 3266; x_wconf 75' lang='grc' dir='ltr'>ἐπειδὴ</span> <span class='ocrx_word' id='word_1_703' title='bbox 3429 3206 3620 3261; x_wconf 79' lang='grc' dir='ltr'>ἀκούω·</span> <span class='ocrx_word' id='word_1_704' title='bbox 3681 3212 3742 3263; x_wconf 84' lang='grc' dir='ltr'><strong>Εἰ</strong></span> <span class='ocrx_word' id='word_1_705' title='bbox 3806 3228 3892 3273; x_wconf 87' lang='grc' dir='ltr'><strong>τις</strong></span> 
     </span>
    </p>
   </div>
   <div class='ocr_carea' id='block_1_96' title="bbox 2289 3296 3892 3369">
    <p class='ocr_par' dir='ltr' id='par_1_96' title="bbox 2289 3296 3892 3369">
     <span class='ocr_line' id='line_1_96' title="bbox 2289 3296 3892 3369; baseline 0.003 -22"><span class='ocrx_word' id='word_1_706' title='bbox 2289 3302 2497 3368; x_wconf 77' lang='grc' dir='ltr'>Πνεῦμα</span> <span class='ocrx_word' id='word_1_707' title='bbox 2553 3304 2789 3369; x_wconf 77' lang='grc' dir='ltr'>Χριστοῦ</span> <span class='ocrx_word' id='word_1_708' title='bbox 2845 3296 2940 3348; x_wconf 71' lang='grc' dir='ltr'>οὐκ</span> <span class='ocrx_word' id='word_1_709' title='bbox 3022 3300 3156 3369; x_wconf 72' lang='grc' dir='ltr'>ἔχει,</span> <span class='ocrx_word' id='word_1_710' title='bbox 3229 3297 3379 3360; x_wconf 78' lang='grc' dir='ltr'>οὗτος</span> <span class='ocrx_word' id='word_1_711' title='bbox 3431 3296 3526 3350; x_wconf 84' lang='grc' dir='ltr'><strong>ούκ</strong></span> <span class='ocrx_word' id='word_1_712' title='bbox 3581 3301 3724 3351; x_wconf 77' lang='grc' dir='ltr'>ἔστιν</span> <span class='ocrx_word' id='word_1_713' title='bbox 3785 3298 3892 3352; x_wconf 80' lang='grc' dir='ltr'>αύ-</span> 
     </span>
    </p>
   </div>
   <div class='ocr_carea' id='block_1_97' title="bbox 2285 3385 3893 3462">
    <p class='ocr_par' dir='ltr' id='par_1_97' title="bbox 2285 3385 3893 3462">
     <span class='ocr_line' id='line_1_97' title="bbox 2285 3385 3893 3462; baseline 0.002 -25"><span class='ocrx_word' id='word_1_714' title='bbox 2285 3392 2397 3440; x_wconf 83' lang='grc' dir='ltr'>τοῦ.</span> <span class='ocrx_word' id='word_1_715' title='bbox 2431 3385 2490 3437; x_wconf 83' lang='grc' dir='ltr'><strong>Εἰ</strong></span> <span class='ocrx_word' id='word_1_716' title='bbox 2519 3387 2621 3458; x_wconf 79' lang='grc' dir='ltr'><strong>γὰρ</strong></span> <span class='ocrx_word' id='word_1_717' title='bbox 2669 3392 2740 3458; x_wconf 72' lang='grc' dir='ltr'>μὴ</span> <span class='ocrx_word' id='word_1_718' title='bbox 2774 3387 2960 3438; x_wconf 82' lang='grc' dir='ltr'>οἰκεῖον</span> <span class='ocrx_word' id='word_1_719' title='bbox 2992 3393 3244 3460; x_wconf 83' lang='grc' dir='ltr'>Χριστοῦ,</span> <span class='ocrx_word' id='word_1_720' title='bbox 3286 3395 3396 3449; x_wconf 88' lang='grc' dir='ltr'>πῶς</span> <span class='ocrx_word' id='word_1_721' title='bbox 3425 3386 3609 3440; x_wconf 81' lang='grc' dir='ltr'>οὶκειοῖ</span> <span class='ocrx_word' id='word_1_722' title='bbox 3633 3395 3705 3458; x_wconf 79' lang='grc' dir='ltr'>τῷ</span> <span class='ocrx_word' id='word_1_723' title='bbox 3747 3395 3893 3462; x_wconf 78' lang='grc' dir='ltr'>Χρι-</span> 
     </span>
    </p>
   </div>
   <div class='ocr_carea' id='block_1_98' title="bbox 2286 3475 3887 3549">
    <p class='ocr_par' dir='ltr' id='par_1_98' title="bbox 2286 3475 3887 3549">
     <span class='ocr_line' id='line_1_98' title="bbox 2286 3475 3887 3549; baseline 0.02 -31"><span class='ocrx_word' id='word_1_724' title='bbox 2286 3484 2393 3542; x_wconf 78' lang='grc' dir='ltr'><strong>στῷ</strong></span> <span class='ocrx_word' id='word_1_725' title='bbox 2423 3479 2585 3545; x_wconf 84' lang='grc'><strong>(30);</strong></span> <span class='ocrx_word' id='word_1_726' title='bbox 2644 3475 2796 3528; x_wconf 76' lang='grc' dir='ltr'>Ἀλλά</span> <span class='ocrx_word' id='word_1_727' title='bbox 2837 3480 2928 3528; x_wconf 86' lang='grc' dir='ltr'>καὶ</span> <span class='ocrx_word' id='word_1_728' title='bbox 2978 3483 3188 3549; x_wconf 80' lang='grc' dir='ltr'>Πνεῦμα</span> <span class='ocrx_word' id='word_1_729' title='bbox 3238 3475 3412 3528; x_wconf 80' lang='grc' dir='ltr'>ἀκούω</span> <span class='ocrx_word' id='word_1_730' title='bbox 3467 3486 3565 3540; x_wconf 80' lang='grc' dir='ltr'><strong>τῆς</strong></span> <span class='ocrx_word' id='word_1_731' title='bbox 3621 3476 3887 3540; x_wconf 67' lang='grc' dir='ltr'><strong>ἀληθείαῖ-</strong></span> 
     </span>
    </p>
   </div>
   <div class='ocr_carea' id='block_1_99' title="bbox 2285 3561 3893 3640">
    <p class='ocr_par' dir='ltr' id='par_1_99' title="bbox 2285 3561 3893 3640">
     <span class='ocr_line' id='line_1_99' title="bbox 2285 3561 3893 3640; baseline 0.002 -23"><span class='ocrx_word' id='word_1_732' title='bbox 2285 3563 2528 3622; x_wconf 79' lang='grc' dir='ltr'>Ἀλήθεια</span> <span class='ocrx_word' id='word_1_733' title='bbox 2553 3561 2613 3617; x_wconf 64' lang='grc' dir='ltr'><strong>δὲ</strong></span> <span class='ocrx_word' id='word_1_734' title='bbox 2657 3567 2682 3616; x_wconf 90' lang='grc' dir='ltr'><strong>ό</strong></span> <span class='ocrx_word' id='word_1_735' title='bbox 2724 3567 2930 3640; x_wconf 81' lang='grc' dir='ltr'>Κύριος.</span> <span class='ocrx_word' id='word_1_736' title='bbox 2958 3563 3120 3617; x_wconf 87' lang='grc' dir='ltr'>Ὀταν</span> <span class='ocrx_word' id='word_1_737' title='bbox 3153 3563 3211 3618; x_wconf 65' lang='grc' dir='ltr'>δε</span> <span class='ocrx_word' id='word_1_738' title='bbox 3242 3564 3412 3618; x_wconf 78' lang='grc' dir='ltr'>ἀκούω</span> <span class='ocrx_word' id='word_1_739' title='bbox 3463 3573 3672 3639; x_wconf 84' lang='grc' dir='ltr'>Πνεῦμα</span> <span class='ocrx_word' id='word_1_740' title='bbox 3709 3568 3893 3620; x_wconf 79' lang='grc' dir='ltr'>υἱοθε-</span> 
     </span>
    </p>
   </div>
   <div class='ocr_carea' id='block_1_100' title="bbox 2285 3654 3896 3730">
    <p class='ocr_par' dir='ltr' id='par_1_100' title="bbox 2285 3654 3896 3730">
     <span class='ocr_line' id='line_1_100' title="bbox 2285 3654 3896 3730; baseline 0.002 -24"><span class='ocrx_word' id='word_1_741' title='bbox 2285 3658 2425 3722; x_wconf 88' lang='grc' dir='ltr'>σίας,</span> <span class='ocrx_word' id='word_1_742' title='bbox 2454 3654 2523 3716; x_wconf 89' lang='grc' dir='ltr'><strong>εἰς</strong></span> <span class='ocrx_word' id='word_1_743' title='bbox 2554 3656 2746 3707; x_wconf 85' lang='grc' dir='ltr'>ἔννοιαν</span> <span class='ocrx_word' id='word_1_744' title='bbox 2789 3658 3017 3728; x_wconf 82' lang='grc' dir='ltr'>ἔρχομαι</span> <span class='ocrx_word' id='word_1_745' title='bbox 3046 3664 3137 3716; x_wconf 80' lang='grc' dir='ltr'>τῆς</span> <span class='ocrx_word' id='word_1_746' title='bbox 3183 3659 3309 3730; x_wconf 84' lang='grc' dir='ltr'>πρὸς</span> <span class='ocrx_word' id='word_1_747' title='bbox 3359 3658 3479 3710; x_wconf 83' lang='grc' dir='ltr'><strong>Υίόν</strong></span> <span class='ocrx_word' id='word_1_748' title='bbox 3535 3661 3625 3708; x_wconf 84' lang='grc' dir='ltr'>καὶ</span> <span class='ocrx_word' id='word_1_749' title='bbox 3679 3660 3896 3730; x_wconf 85' lang='grc' dir='ltr'>Πατέρα</span> 
     </span>
    </p>
   </div>
   <div class='ocr_carea' id='block_1_101' title="bbox 2283 3745 3892 3819">
    <p class='ocr_par' dir='ltr' id='par_1_101' title="bbox 2283 3745 3892 3819">
     <span class='ocr_line' id='line_1_101' title="bbox 2283 3745 3892 3819; baseline 0.002 -23"><span class='ocrx_word' id='word_1_750' title='bbox 2283 3747 2419 3796; x_wconf 85' lang='grc' dir='ltr'><strong>κατά</strong></span> <span class='ocrx_word' id='word_1_751' title='bbox 2464 3747 2557 3803; x_wconf 68' lang='grc' dir='ltr'>τὴν</span> <span class='ocrx_word' id='word_1_752' title='bbox 2627 3747 2781 3817; x_wconf 75' lang='grc' dir='ltr'>φύσιν</span> <span class='ocrx_word' id='word_1_753' title='bbox 2844 3745 3096 3806; x_wconf 74' lang='grc' dir='ltr'>ἑνότητός.</span> <span class='ocrx_word' id='word_1_754' title='bbox 3176 3751 3288 3806; x_wconf 81' lang='grc' dir='ltr'>Πῶς</span> <span class='ocrx_word' id='word_1_755' title='bbox 3357 3747 3455 3819; x_wconf 82' lang='grc' dir='ltr'><strong>γὰρ</strong></span> <span class='ocrx_word' id='word_1_756' title='bbox 3527 3747 3746 3798; x_wconf 84' lang='grc' dir='ltr'>υἱοθετεί</span> <span class='ocrx_word' id='word_1_757' title='bbox 3826 3750 3892 3800; x_wconf 84' lang='grc' dir='ltr'>τὸ</span> 
     </span>
    </p>
   </div>
   <div class='ocr_carea' id='block_1_102' title="bbox 2281 3830 3892 3909">
    <p class='ocr_par' dir='ltr' id='par_1_102' title="bbox 2281 3830 3892 3909">
     <span class='ocr_line' id='line_1_102' title="bbox 2281 3830 3892 3909; baseline 0.001 -23"><span class='ocrx_word' id='word_1_758' title='bbox 2281 3832 2454 3902; x_wconf 84' lang='grc' dir='ltr'>ξένόν;</span> <span class='ocrx_word' id='word_1_759' title='bbox 2509 3841 2616 3894; x_wconf 83' lang='grc' dir='ltr'>πῶς</span> <span class='ocrx_word' id='word_1_760' title='bbox 2664 3830 2724 3887; x_wconf 65' lang='lat'><strong>0&quot;&quot;:</strong></span> <span class='ocrx_word' id='word_1_761' title='bbox 2774 3833 2957 3886; x_wconf 81' lang='grc' dir='ltr'>οἰκειοί</span> <span class='ocrx_word' id='word_1_762' title='bbox 3004 3837 3063 3886; x_wconf 88' lang='grc' dir='ltr'><strong>τό</strong></span> <span class='ocrx_word' id='word_1_763' title='bbox 3113 3832 3416 3909; x_wconf 79' lang='grc' dir='ltr'>ἀλλότριον;</span> <span class='ocrx_word' id='word_1_764' title='bbox 3479 3835 3630 3887; x_wconf 74' lang='grc' dir='ltr'>Οὕτω</span> <span class='ocrx_word' id='word_1_765' title='bbox 3677 3838 3769 3908; x_wconf 74' lang='grc' dir='ltr'><strong>μεν</strong></span> <span class='ocrx_word' id='word_1_766' title='bbox 3797 3831 3892 3888; x_wconf 76' lang='grc' dir='ltr'>οὖν</span> 
     </span>
    </p>
   </div>
   <div class='ocr_carea' id='block_1_103' title="bbox 2279 3921 3889 3997">
    <p class='ocr_par' dir='ltr' id='par_1_103' title="bbox 2279 3921 3889 3997">
     <span class='ocr_line' id='line_1_103' title="bbox 2279 3921 3889 3997; baseline 0.001 -21"><span class='ocrx_word' id='word_1_767' title='bbox 2279 3925 2399 3976; x_wconf 66' lang='grc' dir='ltr'>οὔτε</span> <span class='ocrx_word' id='word_1_768' title='bbox 2467 3931 2756 3996; x_wconf 83' lang='grc' dir='ltr'>καινοτομῶ</span> <span class='ocrx_word' id='word_1_769' title='bbox 2823 3923 3057 3997; x_wconf 75' lang='grc' dir='ltr'>ῥήματα,</span> <span class='ocrx_word' id='word_1_770' title='bbox 3126 3926 3243 3976; x_wconf 72' lang='grc' dir='ltr'>οὔτε</span> <span class='ocrx_word' id='word_1_771' title='bbox 3316 3922 3482 3977; x_wconf 81' lang='grc' dir='ltr'>ἀθετῶ</span> <span class='ocrx_word' id='word_1_772' title='bbox 3553 3927 3647 3982; x_wconf 76' lang='grc' dir='ltr'>τὴν</span> <span class='ocrx_word' id='word_1_773' title='bbox 3707 3921 3889 3986; x_wconf 82' lang='grc' dir='ltr'>ἀξίαν-</span> 
     </span>
    </p>
   </div>
   <div class='ocr_carea' id='block_1_104' title="bbox 2280 4008 3893 4088">
    <p class='ocr_par' dir='ltr' id='par_1_104' title="bbox 2280 4008 3893 4088">
     <span class='ocr_line' id='line_1_104' title="bbox 2280 4008 3893 4088; baseline 0.001 -23"><span class='ocrx_word' id='word_1_774' title='bbox 2280 4016 2407 4075; x_wconf 80' lang='grc' dir='ltr'>τοὺς</span> <span class='ocrx_word' id='word_1_775' title='bbox 2455 4008 2513 4065; x_wconf 76' lang='grc' dir='ltr'><strong>δὲ</strong></span> <span class='ocrx_word' id='word_1_776' title='bbox 2563 4013 2856 4086; x_wconf 77' lang='grc' dir='ltr'>τολμῶντας</span> <span class='ocrx_word' id='word_1_777' title='bbox 2924 4016 3120 4084; x_wconf 86' lang='grc' dir='ltr'>κτίσμα</span> <span class='ocrx_word' id='word_1_778' title='bbox 3183 4015 3589 4088; x_wconf 69' lang='grc' dir='ltr'>προσαγορεύειν</span> <span class='ocrx_word' id='word_1_779' title='bbox 3648 4015 3893 4075; x_wconf 74' lang='grc' dir='ltr'>στενάξω</span> 
     </span>
    </p>
   </div>
   <div class='ocr_carea' id='block_1_105' title="bbox 2280 4098 3898 4179">
    <p class='ocr_par' dir='ltr' id='par_1_105' title="bbox 2280 4098 3898 4179">
     <span class='ocr_line' id='line_1_105' title="bbox 2280 4098 3898 4179; baseline 0.001 -25"><span class='ocrx_word' id='word_1_780' title='bbox 2280 4107 2372 4155; x_wconf 78' lang='grc' dir='ltr'>καὶ</span> <span class='ocrx_word' id='word_1_781' title='bbox 2415 4099 2694 4179; x_wconf 77' lang='grc' dir='ltr'>ὀδύρομαι,</span> <span class='ocrx_word' id='word_1_782' title='bbox 2745 4104 2826 4155; x_wconf 87' lang='grc' dir='ltr'>ὃτι</span> <span class='ocrx_word' id='word_1_783' title='bbox 2883 4098 2978 4155; x_wconf 74' lang='grc' dir='ltr'>ὃιά</span> <span class='ocrx_word' id='word_1_784' title='bbox 3041 4110 3232 4178; x_wconf 78' lang='grc' dir='ltr'>μικροῦ</span> <span class='ocrx_word' id='word_1_785' title='bbox 3291 4108 3614 4176; x_wconf 76' lang='grc' dir='ltr'>σοφίσματος</span> <span class='ocrx_word' id='word_1_786' title='bbox 3656 4107 3747 4156; x_wconf 83' lang='grc' dir='ltr'>καὶ</span> <span class='ocrx_word' id='word_1_787' title='bbox 3808 4123 3898 4156; x_wconf 83' lang='grc' dir='ltr'>κι·</span> 
     </span>
    </p>
   </div>
   <div class='ocr_carea' id='block_1_106' title="bbox 2281 4189 3896 4267">
    <p class='ocr_par' dir='ltr' id='par_1_106' title="bbox 2281 4189 3896 4267">
     <span class='ocr_line' id='line_1_106' title="bbox 2281 4189 3896 4267; baseline 0 -21"><span class='ocrx_word' id='word_1_788' title='bbox 2281 4189 2479 4252; x_wconf 78' lang='grc' dir='ltr'>ϐδὴλου</span> <span class='ocrx_word' id='word_1_789' title='bbox 2527 4192 2925 4267; x_wconf 71' lang='grc' dir='ltr'>παραλογισμοῦ</span> <span class='ocrx_word' id='word_1_790' title='bbox 2984 4191 3200 4255; x_wconf 78' lang='grc' dir='ltr'>ἑαυτούς</span> <span class='ocrx_word' id='word_1_791' title='bbox 3242 4192 3466 4245; x_wconf 82' lang='grc' dir='ltr'>ὠθοῦσιν</span> <span class='ocrx_word' id='word_1_792' title='bbox 3520 4191 3605 4245; x_wconf 73' lang='grc' dir='ltr'><strong>ἐπὶ</strong></span> <span class='ocrx_word' id='word_1_793' title='bbox 3652 4195 3710 4245; x_wconf 89' lang='grc' dir='ltr'><strong>τό</strong></span> <span class='ocrx_word' id='word_1_794' title='bbox 3775 4191 3896 4266; x_wconf 80' lang='grc' dir='ltr'>βοί-</span> 
     </span>
    </p>
   </div>
   <div class='ocr_carea' id='block_1_107' title="bbox 2278 4279 3900 4359">
    <p class='ocr_par' dir='ltr' id='par_1_107' title="bbox 2278 4279 3900 4359">
     <span class='ocr_line' id='line_1_107' title="bbox 2278 4279 3900 4359; baseline 0 -23"><span class='ocrx_word' id='word_1_795' title='bbox 2278 4285 2489 4359; x_wconf 83' lang='grc' dir='ltr'>ραθρον.</span> <span class='ocrx_word' id='word_1_796' title='bbox 2545 4279 2753 4340; x_wconf 79' lang='grc' dir='ltr'>Ἐπειδὴ</span> <span class='ocrx_word' id='word_1_797' title='bbox 2831 4285 2956 4355; x_wconf 79' lang='grc' dir='ltr'>γὰρ,</span> <span class='ocrx_word' id='word_1_798' title='bbox 3034 4289 3183 4354; x_wconf 73' lang='grc' dir='ltr'>φησὶ,</span> <span class='ocrx_word' id='word_1_799' title='bbox 3250 4288 3372 4354; x_wconf 87' lang='grc' dir='ltr'>τρία</span> <span class='ocrx_word' id='word_1_800' title='bbox 3432 4291 3598 4335; x_wconf 80' lang='grc' dir='ltr'>ταῦτα</span> <span class='ocrx_word' id='word_1_801' title='bbox 3670 4283 3697 4334; x_wconf 88' lang='grc' dir='ltr'><strong><em>ὁ</em></strong></span> <span class='ocrx_word' id='word_1_802' title='bbox 3763 4292 3900 4346; x_wconf 83' lang='grc' dir='ltr'>νοῦς</span> 
     </span>
    </p>
   </div>
   <div class='ocr_carea' id='block_1_108' title="bbox 2278 4368 3897 4446">
    <p class='ocr_par' dir='ltr' id='par_1_108' title="bbox 2278 4368 3897 4446">
     <span class='ocr_line' id='line_1_108' title="bbox 2278 4368 3897 4446; baseline 0.001 -21"><span class='ocrx_word' id='word_1_803' title='bbox 2278 4374 2424 4446; x_wconf 81' lang='grc' dir='ltr'>ἡμῶν</span> <span class='ocrx_word' id='word_1_804' title='bbox 2472 4374 2764 4446; x_wconf 77' lang='grc' dir='ltr'>κατείληφε,</span> <span class='ocrx_word' id='word_1_805' title='bbox 2797 4377 2888 4424; x_wconf 87' lang='grc' dir='ltr'>καὶ</span> <span class='ocrx_word' id='word_1_806' title='bbox 2917 4369 3068 4426; x_wconf 74' lang='grc' dir='ltr'>οὐδέν</span> <span class='ocrx_word' id='word_1_807' title='bbox 3109 4371 3245 4425; x_wconf 83' lang='grc' dir='ltr'>ἐστιν</span> <span class='ocrx_word' id='word_1_808' title='bbox 3278 4375 3392 4441; x_wconf 77' lang='lat' dir='ltr'><strong>(3i)</strong></span> <span class='ocrx_word' id='word_1_809' title='bbox 3442 4371 3489 4424; x_wconf 78' lang='grc' dir='ltr'>ἐν</span> <span class='ocrx_word' id='word_1_810' title='bbox 3537 4380 3646 4433; x_wconf 89' lang='grc' dir='ltr'>τοῖς</span> <span class='ocrx_word' id='word_1_811' title='bbox 3675 4368 3830 4425; x_wconf 82' lang='grc' dir='ltr'>οὖσιν</span> <span class='ocrx_word' id='word_1_812' title='bbox 3865 4375 3897 4426; x_wconf 84' lang='grc' dir='ltr'><strong><em>ὁ</em></strong></span> 
     </span>
    </p>
   </div>
   <div class='ocr_carea' id='block_1_109' title="bbox 2195 4460 3898 4544">
    <p class='ocr_par' dir='ltr' id='par_1_109' title="bbox 2195 4460 3898 4544">
     <span class='ocr_line' id='line_1_109' title="bbox 2195 4460 3898 4544; baseline 0 -28"><span class='ocrx_word' id='word_1_813' title='bbox 2195 4489 2240 4544; x_wconf 77' lang='lat' dir='ltr'><strong>D</strong></span> <span class='ocrx_word' id='word_1_814' title='bbox 2278 4469 2347 4537; x_wconf 77' lang='grc' dir='ltr'>μὴ</span> <span class='ocrx_word' id='word_1_815' title='bbox 2395 4466 2494 4516; x_wconf 86' lang='grc' dir='ltr'><strong>ύπό</strong></span> <span class='ocrx_word' id='word_1_816' title='bbox 2550 4467 2645 4522; x_wconf 76' lang='grc' dir='ltr'>τὴν</span> <span class='ocrx_word' id='word_1_817' title='bbox 2693 4460 2954 4539; x_wconf 75' lang='grc' dir='ltr'>διαίρεσιν</span> <span class='ocrx_word' id='word_1_818' title='bbox 3009 4465 3204 4521; x_wconf 82' lang='grc' dir='ltr'>ταύτην</span> <span class='ocrx_word' id='word_1_819' title='bbox 3261 4465 3476 4538; x_wconf 74' lang='grc' dir='ltr'>ἔρχεται</span> <span class='ocrx_word' id='word_1_820' title='bbox 3545 4471 3642 4515; x_wconf 84' lang='grc' dir='ltr'>τῶν</span> <span class='ocrx_word' id='word_1_821' title='bbox 3700 4466 3898 4523; x_wconf 81' lang='grc' dir='ltr'>ὄντων,</span> 
     </span>
    </p>
   </div>
   <div class='ocr_carea' id='block_1_110' title="bbox 2303 4551 3894 4629">
    <p class='ocr_par' dir='ltr' id='par_1_110' title="bbox 2303 4551 3894 4629">
     <span class='ocr_line' id='line_1_110' title="bbox 2303 4551 3894 4629; baseline -0.003 -21"><span class='ocrx_word' id='word_1_822' title='bbox 2303 4561 2345 4608; x_wconf 83' lang='grc' dir='ltr'>Η</span> <span class='ocrx_word' id='word_1_823' title='bbox 2400 4556 2502 4629; x_wconf 79' lang='grc' dir='ltr'><strong>γὰρ</strong></span> <span class='ocrx_word' id='word_1_824' title='bbox 2570 4551 2882 4624; x_wconf 67' lang='grc' dir='ltr'>ἀγέννητον,</span> <span class='ocrx_word' id='word_1_825' title='bbox 2943 4557 3142 4625; x_wconf 76' lang='grc' dir='ltr'>φησὶν,</span> <span class='ocrx_word' id='word_1_826' title='bbox 3204 4551 3378 4618; x_wconf 79' lang='grc' dir='ltr'>ἐστὶν,</span> <span class='ocrx_word' id='word_1_827' title='bbox 3435 4553 3462 4612; x_wconf 67' lang='grc' dir='ltr'><em>ἦ</em></span> <span class='ocrx_word' id='word_1_828' title='bbox 3524 4555 3793 4624; x_wconf 69' lang='grc' dir='ltr'>γεννητόν,</span> <span class='ocrx_word' id='word_1_829' title='bbox 3858 4555 3894 4615; x_wconf 79' lang='grc' dir='ltr'><strong>ἣ</strong></span> 
     </span>
    </p>
   </div>
   <div class='ocr_carea' id='block_1_111' title="bbox 2276 4638 3902 4716">
    <p class='ocr_par' dir='ltr' id='par_1_111' title="bbox 2276 4638 3902 4716">
     <span class='ocr_line' id='line_1_111' title="bbox 2276 4638 3902 4716; baseline -0.002 -19"><span class='ocrx_word' id='word_1_830' title='bbox 2276 4650 2507 4697; x_wconf 74' lang='grc' dir='ltr'><strong>κτίστόν⁸</strong></span> <span class='ocrx_word' id='word_1_831' title='bbox 2562 4643 2692 4695; x_wconf 80' lang='grc' dir='ltr'><strong>ἀλλά</strong></span> <span class='ocrx_word' id='word_1_832' title='bbox 2737 4647 2841 4715; x_wconf 80' lang='grc' dir='ltr'>μὴν</span> <span class='ocrx_word' id='word_1_833' title='bbox 2911 4643 3029 4695; x_wconf 67' lang='grc' dir='ltr'>οὔτε</span> <span class='ocrx_word' id='word_1_834' title='bbox 3076 4644 3134 4695; x_wconf 87' lang='grc' dir='ltr'>τὸ</span> <span class='ocrx_word' id='word_1_835' title='bbox 3184 4651 3426 4716; x_wconf 81' lang='grc' dir='ltr'>πρῶτον,</span> <span class='ocrx_word' id='word_1_836' title='bbox 3482 4645 3599 4694; x_wconf 75' lang='grc' dir='ltr'>οὗτε</span> <span class='ocrx_word' id='word_1_837' title='bbox 3653 4646 3711 4694; x_wconf 80' lang='grc' dir='ltr'>τὸ</span> <span class='ocrx_word' id='word_1_838' title='bbox 3766 4638 3902 4696; x_wconf 77' lang='grc' dir='ltr'>δεύ-</span> 
     </span>
    </p>
   </div>
   <div class='ocr_carea' id='block_1_112' title="bbox 2274 4731 3903 4810">
    <p class='ocr_par' dir='ltr' id='par_1_112' title="bbox 2274 4731 3903 4810">
     <span class='ocr_line' id='line_1_112' title="bbox 2274 4731 3903 4810; baseline -0.002 -23"><span class='ocrx_word' id='word_1_839' title='bbox 2274 4753 2440 4810; x_wconf 82' lang='grc' dir='ltr'><strong>⁴ιἐρον,</strong></span> <span class='ocrx_word' id='word_1_840' title='bbox 2494 4737 2553 4788; x_wconf 85' lang='grc' dir='ltr'>τὸ</span> <span class='ocrx_word' id='word_1_841' title='bbox 2597 4737 2771 4808; x_wconf 86' lang='grc' dir='ltr'>τρίτον</span> <span class='ocrx_word' id='word_1_842' title='bbox 2814 4733 2936 4806; x_wconf 81' lang='grc' dir='ltr'>ἄρα.</span> <span class='ocrx_word' id='word_1_843' title='bbox 2981 4738 3146 4786; x_wconf 84' lang='grc' dir='ltr'>Τοῦτο</span> <span class='ocrx_word' id='word_1_844' title='bbox 3199 4733 3341 4804; x_wconf 80' lang='grc' dir='ltr'>ὑμῶν</span> <span class='ocrx_word' id='word_1_845' title='bbox 3397 4733 3455 4783; x_wconf 85' lang='grc' dir='ltr'>τὸ</span> <span class='ocrx_word' id='word_1_846' title='bbox 3486 4732 3590 4806; x_wconf 83' lang='grc' dir='ltr'>ἄρα</span> <span class='ocrx_word' id='word_1_847' title='bbox 3634 4738 3696 4802; x_wconf 76' lang='grc' dir='ltr'>τῇ</span> <span class='ocrx_word' id='word_1_848' title='bbox 3762 4731 3903 4784; x_wconf 81' lang='grc' dir='ltr'>αἰω-</span> 
     </span>
    </p>
   </div>
   <div class='ocr_carea' id='block_1_113' title="bbox 2137 4905 2660 4974">
    <p class='ocr_par' dir='ltr' id='par_1_113' title="bbox 2137 4905 2660 4974">
     <span class='ocr_line' id='line_1_113' title="bbox 2137 4905 2660 4974; baseline -0.004 -10"><span class='ocrx_word' id='word_1_849' title='bbox 2137 4905 2184 4942; x_wconf 76' lang='grc'><strong>⁴⁶</strong></span> <span class='ocrx_word' id='word_1_850' title='bbox 2215 4907 2386 4964; x_wconf 74' lang='lat' dir='ltr'><strong>Rom.</strong></span> <span class='ocrx_word' id='word_1_851' title='bbox 2415 4921 2538 4974; x_wconf 81' lang='lat' dir='ltr'><strong>vni,</strong></span> <span class='ocrx_word' id='word_1_852' title='bbox 2573 4909 2660 4962; x_wconf 80' lang='lat'><strong>15.</strong></span> 
     </span>
    </p>
   </div>
   <div class='ocr_carea' id='block_1_114' title="bbox 2279 5051 3901 5131">
    <p class='ocr_par' dir='ltr' id='par_1_114' title="bbox 2279 5051 3901 5131">
     <span class='ocr_line' id='line_1_114' title="bbox 2279 5051 3901 5131; baseline -0.005 -16"><span class='ocrx_word' id='word_1_853' title='bbox 2279 5057 2500 5131; x_wconf 88' lang='lat' dir='ltr'><strong>Spiritu</strong></span> <span class='ocrx_word' id='word_1_854' title='bbox 2533 5061 2757 5131; x_wconf 82' lang='lat' dir='ltr'><strong>sancto</strong></span> <span class='ocrx_word' id='word_1_855' title='bbox 2780 5054 3004 5112; x_wconf 90' lang='lat' dir='ltr'><strong>dixeris</strong></span> <span class='ocrx_word' id='word_1_856' title='bbox 3052 5067 3190 5126; x_wconf 68' lang='lat' dir='ltr'><strong>qua:</strong></span> <span class='ocrx_word' id='word_1_857' title='bbox 3220 5067 3345 5109; x_wconf 91' lang='lat' dir='ltr'><strong>non</strong></span> <span class='ocrx_word' id='word_1_858' title='bbox 3375 5056 3649 5131; x_wconf 50' lang='lat' dir='ltr'><strong>oportet,</strong></span> <span class='ocrx_word' id='word_1_859' title='bbox 3679 5051 3901 5131; x_wconf 65' lang='lat' dir='ltr'><strong>statim</strong></span> 
     </span>
    </p>
   </div>
   <div class='ocr_carea' id='block_1_115' title="bbox 2276 5124 3906 5202">
    <p class='ocr_par' dir='ltr' id='par_1_115' title="bbox 2276 5124 3906 5202">
     <span class='ocr_line' id='line_1_115' title="bbox 2276 5124 3906 5202; baseline -0.003 -16"><span class='ocrx_word' id='word_1_860' title='bbox 2276 5124 2497 5186; x_wconf 75' lang='lat' dir='ltr'><strong>deserit</strong></span> <span class='ocrx_word' id='word_1_861' title='bbox 2526 5136 2580 5186; x_wconf 89' lang='lat' dir='ltr'><strong>te</strong></span> <span class='ocrx_word' id='word_1_862' title='bbox 2610 5128 2863 5202; x_wconf 73' lang='lat' dir='ltr'><strong>Spiritus</strong></span> <span class='ocrx_word' id='word_1_863' title='bbox 2893 5124 3173 5202; x_wconf 49' lang='lat' dir='ltr'><strong>sanet—us,</strong></span> <span class='ocrx_word' id='word_1_864' title='bbox 3203 5124 3692 5202; x_wconf 71' lang='lat' dir='ltr'><strong>quas__derelictio_</strong></span> <span class='ocrx_word' id='word_1_865' title='bbox 3717 5124 3906 5202; x_wconf 78' lang='lat' dir='ltr'><strong>facit,</strong></span> 
     </span>
    </p>
   </div>
   <div class='ocr_carea' id='block_1_116' title="bbox 2275 5197 3906 5282">
    <p class='ocr_par' dir='ltr' id='par_1_116' title="bbox 2275 5197 3906 5282">
     <span class='ocr_line' id='line_1_116' title="bbox 2275 5197 3906 5282; baseline -0.002 -26"><span class='ocrx_word' id='word_1_866' title='bbox 2275 5206 2341 5282; x_wconf 68' lang='lat' dir='ltr'><strong>ut</strong></span> <span class='ocrx_word' id='word_1_867' title='bbox 2366 5197 2765 5282; x_wconf 60' lang='lat' dir='ltr'><strong>conscius&#39;sis</strong></span> <span class='ocrx_word' id='word_1_868' title='bbox 2802 5197 2926 5266; x_wconf 87' lang='lat' dir='ltr'><strong>tibi,</strong></span> <span class='ocrx_word' id='word_1_869' title='bbox 2975 5203 3030 5254; x_wconf 86' lang='lat' dir='ltr'><strong>te</strong></span> <span class='ocrx_word' id='word_1_870' title='bbox 3061 5197 3568 5254; x_wconf 80' lang='lat' dir='ltr'><strong>contumeliosum</strong></span> <span class='ocrx_word' id='word_1_871' title='bbox 3603 5197 3803 5252; x_wconf 86' lang='lat' dir='ltr'><strong>fuisse</strong></span> <span class='ocrx_word' id='word_1_872' title='bbox 3827 5197 3906 5253; x_wconf 86' lang='lat' dir='ltr'><strong>in</strong></span> 
     </span>
    </p>
   </div>
   <div class='ocr_carea' id='block_1_117' title="bbox 2278 5274 3902 5414">
    <p class='ocr_par' dir='ltr' id='par_1_117' title="bbox 2278 5274 3902 5414">
     <span class='ocr_line' id='line_1_117' title="bbox 2278 5274 3902 5414; baseline -0.003 -14"><span class='ocrx_word' id='word_1_873' title='bbox 2278 5274 2659 5408; x_wconf 41' lang='grc' dir='ltr'><strong>Ξῆιὲδίιυῐῗυε</strong></span> <span class='ocrx_word' id='word_1_874' title='bbox 2688 5341 2854 5399; x_wconf 88' lang='lat' dir='ltr'><strong>Colb.</strong></span> <span class='ocrx_word' id='word_1_875' title='bbox 2873 5339 3261 5414; x_wconf 48' lang='lat' dir='ltr'><strong>adgnitum)“</strong></span> <span class='ocrx_word' id='word_1_876' title='bbox 3280 5346 3520 5414; x_wconf 58' lang='grc' dir='ltr'>Χριστῷ,</span> <span class='ocrx_word' id='word_1_877' title='bbox 3544 5337 3713 5414; x_wconf 54' lang='lat' dir='ltr'><strong>Alius</strong></span> <span class='ocrx_word' id='word_1_878' title='bbox 3735 5339 3902 5410; x_wconf 78' lang='lat' dir='ltr'><strong>Reg.</strong></span> 
     </span>
    </p>
   </div>
   <div class='ocr_carea' id='block_1_118' title="bbox 2276 5410 3904 5492">
    <p class='ocr_par' dir='ltr' id='par_1_118' title="bbox 2276 5410 3904 5492">
     <span class='ocr_line' id='line_1_118' title="bbox 2276 5410 3904 5492; baseline -0.004 -25"><span class='ocrx_word' id='word_1_879' title='bbox 2276 5424 2521 5486; x_wconf 83' lang='grc' dir='ltr'>ῳκειουτο</span> <span class='ocrx_word' id='word_1_880' title='bbox 2549 5423 2786 5492; x_wconf 78' lang='grc' dir='ltr'>Χριστῷ.</span> <span class='ocrx_word' id='word_1_881' title='bbox 2821 5412 2938 5473; x_wconf 82' lang='lat' dir='ltr'><strong>Alii</strong></span> <span class='ocrx_word' id='word_1_882' title='bbox 2969 5412 3093 5470; x_wconf 92' lang='lat' dir='ltr'><strong>duo</strong></span> <span class='ocrx_word' id='word_1_883' title='bbox 3133 5411 3295 5483; x_wconf 74' lang='lat' dir='ltr'><strong>itein</strong></span> <span class='ocrx_word' id='word_1_884' title='bbox 3332 5410 3390 5468; x_wconf 58' lang='lat' dir='ltr'><strong>Et</strong></span> <span class='ocrx_word' id='word_1_885' title='bbox 3423 5411 3565 5468; x_wconf 90' lang='lat' dir='ltr'><strong>editi</strong></span> <span class='ocrx_word' id='word_1_886' title='bbox 3596 5410 3786 5464; x_wconf 88' lang='grc' dir='ltr'>οἰκειοῖ</span> <span class='ocrx_word' id='word_1_887' title='bbox 3817 5419 3904 5481; x_wconf 76' lang='grc' dir='ltr'>τῷ</span> 
     </span>
    </p>
   </div>
   <div class='ocr_carea' id='block_1_119' title="bbox 2276 5494 3908 5629">
    <p class='ocr_par' dir='ltr' id='par_1_119' title="bbox 2276 5494 3908 5629">
     <span class='ocr_line' id='line_1_119' title="bbox 2276 5494 3908 5629; baseline -0.006 -13"><span class='ocrx_word' id='word_1_888' title='bbox 2276 5494 2590 5629; x_wconf 80' lang='lat' dir='ltr'><strong>Sic</strong></span> <span class='ocrx_word' id='word_1_889' title='bbox 2643 5555 2877 5628; x_wconf 80' lang='lat' dir='ltr'><strong>antiqui</strong></span> <span class='ocrx_word' id='word_1_890' title='bbox 2907 5553 3030 5611; x_wconf 89' lang='lat' dir='ltr'><strong>duo</strong></span> <span class='ocrx_word' id='word_1_891' title='bbox 3087 5553 3249 5611; x_wconf 82' lang='lat' dir='ltr'><strong>libri.</strong></span> <span class='ocrx_word' id='word_1_892' title='bbox 3293 5552 3442 5611; x_wconf 80' lang='lat' dir='ltr'><strong>Editi</strong></span> <span class='ocrx_word' id='word_1_893' title='bbox 3473 5556 3562 5606; x_wconf 86' lang='grc' dir='ltr'>καὶ</span> <span class='ocrx_word' id='word_1_894' title='bbox 3592 5553 3685 5605; x_wconf 76' lang='grc' dir='ltr'><strong>οῦκ</strong></span> <span class='ocrx_word' id='word_1_895' title='bbox 3716 5555 3908 5613; x_wconf 77' lang='grc' dir='ltr'>ἔστιν.</span> 
     </span>
    </p>
   </div>
  </div>
