4100 6196
858 268 1096 326 HOMIL.
1135 267 1415 326 CONTRA
1451 267 1794 325 SABELLIA

1908 268 1956 339 ς,
1997 271 2081 326 ar
2116 271 2359 342 ARIUM,
2399 273 2483 329 ar
2519 272 2915 330 mosmos.

3463 283 3567 340 614

197 398 293 464 νίω
321 391 426 468 ἀρᾷ
472 387 754 451 ὑποδίκους
804 391 940 463 ὑμᾶς
973 397 1323 451 καταστήσει.
1363 393 1542 445 Πάντα
1587 389 1795 465 ίξηρευ-

1913 408 2047 449 rum
2077 393 2438 452 divisionem
2470 395 2787 453 cadat.Aut
2817 395 2999 464 enim,
3030 396 3327 470 inquiunt,
3341 400 3567 473 ingeni-

195 499 398 549 νησας;
443 483 614 534 πάντα
637 488 744 542 τοῖς
792 489 987 534 σαυτοῦ
1021 484 1134 551 (3'2)
1160 481 1430 554 λογισμοῖς
1469 483 1568 534 ὑπὸ
1596 477 1800 554 διαίρε-

196 590 280 625 σιν
333 577 568 642 ἣγαγεςς
617 567 768 622 οὐδὲν
814 569 1144 634 ἀνεξέταστον
1183 572 1484 638 κατελιπεκ
1526 572 1694 624 πάντα
1728 578 1798 640 τῷ

190 669 261 730 νῷ
327 659 628 734 περιέλαϐες
673 659 836 730 ‘33);
889 661 1059 712 πάντα
1101 669 1162 733 τῇ
1233 669 1454 713 σεαυτοῦ
1507 659 1799 730 καταλήψει

191 749 573 815 συνὰλεισαςς
626 745 775 809 οἶδας
831 751 898 802 τὰ
949 751 1048 803 ὑπό
1099 758 1246 822 γῆν;
1305 747 1453 812 οἶδας
1506 753 1574 804 τὰ
1629 748 1678 802 ἓν
1723 757 1796 820 τῷ

187 837 380 910 βυθῷ;
415 842 682 909 Δαιμόνων
706 836 1005 898 ἁλαζονιῖαι
1032 859 1046 872 ο

1914 487 2006 537 tus
2035 489 2142 551 est,
2176 491 2279 540 aut
2307 485 2564 555 genitus,
2614 491 2719 541 aut
2769 491 3003 542 creatus
3037 503 3050 542 :
3086 494 3147 544 at
3191 505 3388 561 neque
3447 491 3570 563 pri-

1912 587 2099 639 mum,
2129 589 2326 646 neque
2363 575 2719 644 secundum,
2764 575 2943 645 igitur
2975 577 3233 633 tertium.
3269 579 3429 635 [stud
3465 595 3569 637 ve-

1912 667 2102 718 strum
2123 665 2309 733 igitur
2325 663 2732 720 maledictioni
2753 675 2990 720 internae
3019 683 3118 722 vos
3148 666 3359 724 reddet
3384 667 3572 726 obno-

1907 750 2059 806 xios.
2086 755 2234 808 Esne
2273 759 2683 824 perscrutatus
2726 753 2980 810 omnia?
3009 757 3294 812 omniane
3332 758 3568 815 ratioci-

1907 841 2269 898 nationetua
2290 841 2596 913 subjecisti
2613 841 2887 898 divisioni
2905 843 2932 898 ?
2955 843 3099 899 nihil
3121 844 3567 918 inexploratum

180 926 488 999 reliquisti
507 927 535 980 ?
565 927 775 983 omnia
813 933 1013 983 mente
1042 930 1147 984 tua
1176 927 1530 1001 complexus
1555 943 1619 983 es
1640 928 1668 984 ?
1713 926 1920 984 omnia
1949 933 2053 985 tua
2080 931 2440 1000 cogitatione
2471 931 2981 1003 comprehendisti
3001 933 3028 988 ?
3071 933 3232 990 nosti
3273 951 3411 1008 quae
3451 935 3567 991 sub

180 1022 349 1072 terra
367 1018 396 1072 ἱ)
441 1018 595 1072 nosti
641 1032 782 1089 quas
821 1017 882 1072 in
909 1017 1257 1089 profundo?
1284 1020 1636 1074 Daemonum
1661 1017 1947 1088 jactantia
1989 1019 2118 1074 haec
2140 1026 2264 1076 est:

176 1141 298 1212 (34)
354 1136 500 1195 Οἶδα
555 1140 654 1213 ἑγὼ
705 1139 927 1215 ψάμμου
971 1140 1024 1196 τ’
1054 1140 1312 1216 ἁριθμμόν
1365 1162 1456 1196 και
1493 1146 1654 1217 μέτρα
1713 1143 1811 1194 Θα-

1562 1232 1804 1302 [λάσσης.

249 1319 318 1374 Εἰ
353 1315 414 1372 δε
467 1318 633 1373 πολλὰ
679 1319 897 1392 ἀγνοεῖς,
942 1325 1031 1373 καὶ
1083 1321 1444 1397 μνριοπλάσια
1499 1329 1598 1373 τῶν
1639 1319 1801 1392 ἔγνωτε

181 1414 390 1481 σμένων
450 1407 573 1462 ἱσπὶ
631 1412 698 1462 τὰ
756 1408 1092 1482 ἀγνοούμενα,
1134 1416 1186 1462 τί
1238 1411 1365 1483 οὐχὶ
1412 1413 1543 1482 μετὰ
1597 1413 1799 1463 πάντων

176 1503 269 1550 καὶ
296 1503 423 1572 περὶ
463 1506 555 1550 τοῦ
603 1502 800 1572 τρόπου
847 1507 937 1559 τῆς
985 1498 1248 1574 ὑπάρξεως
1296 1508 1386 1551 τοῦ
1432 1499 1584 1570 ἁγίου
1635 1500 1797 1551 meo-

173 1607 349 1660 ματος
387 1592 486 1646 τὴν
544 1585 821 1640 ἀκίνδυνον
868 1589 1080 1659 ἄγνοιαν
1129 1590 1558 1659 ἁνεπαισχύντως
1610 1587 1797 1660 ὁμολο-

171 1686 337 1749 γεῖς;
400 1677 535 1748 Ἐγὼ
593 1673 655 1729 δε
707 1676 908 1749 σχολὴν
975 1681 1064 1750 μὲν
1129 1678 1222 1730 οὐχ
1282 1680 1395 1749 ἄγω
1450 1677 1642 1749 ί).ἐχειν
1699 1685 1797 1729 τῶν

171 1767 454 1840 λογισμῶν
504 1785 598 1819 σου
637 1771 734 1826 τὴν
784 1772 1131 1838 ματαιότητα,
1163 1763 1288 1820 οὐδε
1344 1764 1608 1820 δεικνύναι
1657 1772 1798 1819 πόσα

172 1855 220 1908 ἐν
261 1863 380 1916 τοῖς
427 1851 551 1908 οὖσι
591 1859 688 1914 τὴν
734 1855 1028 1927 κατάληψίν
1063 1875 1157 1909 σου
1183 1864 1279 1909 τῶν
1309 1855 1573 1929 λογισμῶν
1605 1852 1796 1909 διαπέ-

174 1964 368 2018 φευγεν
401 1967 416 1980 ο
460 1943 618 1999 ἐκεῖνο
660 1942 710 1997 δ’
761 1944 822 1997 ἆν
865 1942 1029 2007 ἡδέως
1076 1950 1196 2007 τοὺς
1230 1945 1306 2018 ἐφ’
1350 1948 1491 2019 ὑμῶν
1529 1949 1645 2014 (353)
1676 1944 1797 2021 ἐρω-

172 2040 436 2106 τήσαιμι,
480 2038 572 2086 καὶ
625 2030 934 2107 διορίζομαι
980 2038 1316 2098 πεποιθότως,
1372 2036 1452 2088 ὃτι
1501 2035 1794 2108 μεταμελή-

176 2142 259 2176 σει
308 2128 396 2176 σοί
436 2141 563 2176 ποτε
589 2130 684 2186 τῆς
716 2123 867 2176 ἀθέου
906 2126 1104 2187 ταύτης
1130 2128 1331 2198 σοφίας,
1362 2143 1567 2198 καισμα
1594 2125 1795 2197 λέγοντι

173 2216 242 2264 τὸ
319 2217 531 2284 Πνεῦμα
572 2216 630 2264 τὸ
692 2212 862 2284 ἅγιον.
919 2212 995 2265 Oi}
1052 2212 1182 2286 φοϐῇ
1245 2217 1340 2272 την
1407 2212 1793 2287 ἀσυγχώρητον

557 2300 624 2354 Ἰῐ
682 2305 736 2353 τί
796 2320 920 2354 ποτε
985 2305 1080 2355 οἴει
1139 2299 1550 2378 δυσσεϐίστερον
1604 2307 1791 2356 τούτου

179 2387 459 2442 δύνασθαι
508 2387 880 2462 βλασφημεῖν;
927 2389 1016 2444 Ἐκ
1057 2392 1159 2465 γὰρ
1213 2397 1334 2464 μιᾶς
1383 2393 1579 2453 ταύτης
1628 2399 1794 2464 φωνῆς

178 2482 360 2532 πάντα
413 2478 592 2538 ίνίστη
644 2482 712 2531 τὰ
760 2475 1030 2533 δεινότατα
1062 2501 1076 2514 ο
1137 2479 1470 2556 ἀλλοτρίωσις
1510 2479 1610 2534 ἀπὸ
1659 2489 1793 2534 Θεοῦ

179 2569 300 2621 κατ’
361 2568 530 2626 αὐτὴν
583 2572 678 2626 την
725 2571 902 2641 φύσιν,
944 2565 1177 2630 δουλείας
1228 2575 1556 2636 ταπείνωσις,
1615 2567 1794 2624 διακο-

178 2663 291 2711 νίαι
342 2657 723 2730 λειτουργιχαὶ,
765 2657 1030 2732 ἁγιασμοῦ
1083 2663 1346 2734 στέρησις,
1388 2667 1479 2712 τοῦ
1518 2661 1654 2712 κατὰ
1701 2661 1795 2732 φύ-

185 2765 272 2801 σιν
334 2746 394 2799 οὐ
459 2751 762 2820 προσόντος,
811 2751 902 2800 καὶ
956 2751 1335 2824 περιστήσεται
1389 2756 1462 2820 τῷ
1509 2751 1792 2821 Πνεύματι,

184 2838 327 2889 οὕτω
375 2840 618 2908 μετέχειν
664 2836 932 2908 ἁγιασμοῦ
987 2835 1042 2888 ἐκ
1087 2844 1180 2898 τῆς
1217 2840 1352 2890 κατὰ
1403 2841 1564 2913 χάριν
1622 2833 1796 2890 διανο-

183 2933 308 2999 μὲς,
341 2929 408 2987 ὡς
457 2929 547 2978 καὶ
583 2927 650 2978 τὰ
694 2925 850 2978 λοιπὰ
879 2929 992 2998 ἔχει
1020 2929 1122 2980 ὅσα
1155 2929 1432 3000 ἡγίασται.
1472 2933 1573 2981 Καί
1619 2931 1792 3003 ὥσπερ

185 3013 406 3069 ⁸Ῐίὸ¹οτικα
465 3016 606 3088 ἠμίμ
643 3017 674 3074 ἡ
735 3019 1018 3090 φανέρωσις
1062 3025 1154 3070 τοῦ
1208 3020 1502 3090 Πνεύματος
1555 3021 1681 3090 πρός
1735 3020 1794 3070 τὸ

188 3109 483 3179 συμφέρον,
549 3109 639 3157 καὶ
699 3107 766 3166 ὡς
827 3105 1172 3180 ἐπιμετρεῖται
1235 3107 1439 3179 ἑκάστῳ
1489 3113 1622 3167 κατὴ
1698 3112 1794 3167 τὴν

185 3192 466 3263 ἀναλογίαν
495 3198 587 3253 τῆς
643 3196 884 3258 πίστεως,
917 3193 1075 3255 οὕτως
1132 3196 1282 3248 ἔσται
1327 3199 1417 3248 καὶ
1476 3199 1536 3248 τὸ
1589 3202 1796 3269 Πνεῦμα

185 3288 279 3334 τοῦ
361 3280 633 3354 ἁγιασμοῦ
697 3286 916 3354 μετέχον
979 3283 1112 3354 (36),
1170 3287 1309 3359 εῖπερ
1377 3288 1531 3346 ὅντως
1580 3288 1794 3339 κτιστόν

188 3372 327 3423 κατὰ
348 3373 445 3428 τὴν
474 3372 938 3442 Πνευματομάχων
964 3371 1245 3445 ὑπόληψιν.

176 2301 456 2376 ἁμαρτίαν
481 2318 496 2367 ;

261 3548 322 3602 ‘7.
351 3546 506 3601 ’Λλλὰ
547 3551 649 3623 γὰρ
700 3550 775 3620 μὴ
819 3553 1255 3623 συγχωρήσωμεν
1279 3568 1373 3610 την
1401 3552 1579 3605 ἄνοιαν
1626 3551 1795 3605 αὐτῶν

191 3637 513 3709 bar/tres,
563 3647 666 3692 τῶν
717 3639 960 3712 οἰομένων
1006 3642 1180 3694 πάντα
1223 3649 1286 3714 τῇ
1339 3641 1531 3695 ἑαυτῶν
1585 3639 1796 3714 διανοίᾳ

191 3727 574 3800 κατεὺπφέναι.
660 3729 1157 3801 Ἀποκρινάσθωσαν
1248 3734 1420 3784 τοίνυν
1511 3732 1658 3804 ἡμῖν.
1733 3736 1796 3785 Τί

191 3835 314 3870 ποτε
341 3820 457 3888 (37)
505 3824 610 3891 ἄρα
655 3818 685 3876 ἠ
718 3826 812 3871 τοῦ
858 3818 1126 3892 αἰσθημοῡ
1165 3818 1316 3878 ἡλίου
1347 3819 1541 3887 οὐσίας
1575 3825 1794 3894 Πότερον

194 3908 318 3960 ἕντι
366 3915 473 3959 τῶν
517 3908 787 3981 τεσσάρων
827 3907 986 3976 ίστὶν,
1030 3910 1060 3968 ἦ
1105 3911 1343 3971 σύνθετός
1397 3909 1541 3963 ἔστιν
1587 3909 1642 3963 ἔκ
1692 3919 1794 3964 τῶν

194 3998 500 4070 “euripus;
545 3995 701 4050 Ἀλλὰ
729 4001 833 4069 μὴν
871 4000 989 4050 οὔτε
1023 4006 1092 4070 γῆ
1148 3997 1305 4058 ίστιν.
1359 4003 1476 4053 οὔτε
1528 3998 1651 4074 ἀὴρ,
1678 4003 1796 4070 οὔτ’⁸

189 4081 329 4162 ὕδωρ
385 4085 554 4149 ἐστὶν,
611 4087 729 4138 οὔτε
783 4093 910 4160 πῦρ.
948 4093 1128 4140 Ταῦτα
1179 4093 1284 4162 γηρ
1329 4086 1404 4141 ἐπ’
1459 4088 1661 4152 εὐθείας
1706 4109 1794 4142 χι-

182 4183 344 4230 νεῖται
376 4196 394 4210 ο
449 4178 519 4228 τὰ
565 4179 656 4248 μεν
694 4177 800 4228 ἅνω
846 4182 1118 4253 φερόμενα,
1147 4180 1216 4231 τὰ
1262 4175 1323 4232 δε
1369 4180 1530 4234 κάτω.
1583 4185 1652 4238 Γῆ
1703 4183 1794 4253 μὲν

182 4268 281 4337 γὰρ
311 4270 408 4318 καὶ
439 4261 587 4338 ὕδωρ
627 4274 895 4340 κατωφιρῆ
930 4265 1048 4320 ἕστε
1095 4263 1190 4320 διὰ
1217 4271 1277 4320 τὸ
1332 4267 1496 4341 βάρος
1521 4289 1534 4302 -
1583 4267 1684 4343 ἀὴρ
1734 4265 1796 4323 δὲ

183 4360 269 4407 καὶ
320 4362 431 4426 πῦρ
488 4354 582 4412 τῆν
646 4355 752 4406 ἄνω
804 4357 962 4430 φορὰν
1017 4364 1234 4409 κινεῖται
1289 4353 1384 4410 διὰ
1437 4362 1735 4431 κουφότητα
1773 4378 1788 4393 ·

1917 1143 2205 1201 Mensura
2226 1151 2309 1201 est
2324 1146 2551 1216 pelagi,
2573 1151 2629 1202 et
2651 1160 2935 1202 numerus
2963 1147 3113 1204 mihi
3141 1153 3318 1204 notus
3343 1163 3566 1219 arena,

1984 1323 2157 1389 Quod
2189 1324 2237 1380 si
2261 1324 2448 1380 multa
2471 1325 2798 1394 ignoras,et
2821 1325 3054 1382 inﬁnito
3074 1325 3250 1398 plura
3274 1333 3413 1384 sunt
3431 1343 3568 1400 quas

1906 1411 2172 1482 ignoras.
2199 1429 2388 1486 quam
2419 1429 2554 1485 qua:
2586 1415 2767 1482 nosti,
2793 1431 2900 1469 cur
2919 1430 3042 1470 non
3066 1416 3246 1472 etiam
3273 1433 3412 1472 cum
3442 1433 3572 1476 om-

1907 1502 2089 1556 nibus
2119 1501 2321 1557 fateris
2341 1503 2489 1557 citra
2521 1501 2816 1573 pudorem
2855 1508 3018 1558 tuam
3048 1503 3226 1560 istam
3258 1505 3334 1559 de
3377 1504 3570 1562 modo

1907 1607 2030 1663 quo
2049 1591 2301 1663 Spiritus
2326 1597 2570 1647 sanctus
2593 1592 2829 1647 exsistit
2845 1593 3416 1663 ignorantiam,cum
3438 1595 3568 1650 haec

1830 1723 1869 1778 Β
1908 1680 2054 1778 nihil
2071 1680 2291 1778 habeat
2308 1679 2587 1752 periculi?
2599 1681 2732 1737 Mihi
2747 1687 2950 1737 autem
2972 1698 3095 1778 non
3118 1688 3294 1739 vacat
3314 1683 3566 1756 quidem

1907 1770 2337 1839 cogitationum
2363 1777 2600 1827 tuarum
2628 1773 2957 1827 vanitatem
2979 1772 3565 1846 redarguere.neque

1905 1874 2092 1931 quam
2123 1859 2312 1914 multa
2341 1861 2398 1914 in
2420 1859 2601 1915 rebus
2631 1859 2751 1915 sint
2796 1876 2935 1932 quae
2961 1862 3182 1916 mentis
3211 1868 3326 1917 tua:
3354 1875 3562 1933 perce-

1881 1948 2174 2022 ptionem
2204 1947 2456 2018 fugiant,
2496 1949 2856 2016 ostendere;
2908 1957 3110 2005 tamen
3140 1950 3288 2006 illud
3335 1958 3562 2007 vestros

1903 2037 2156 2094 libenter
2189 2039 2475 2107 rogarim.
2497 2043 2554 2094 et
2573 2037 2827 2093 ﬁdenter
2851 2036 3089 2094 afﬁrmo
3111 2038 3256 2105 fore,
3291 2045 3354 2094 ut
3373 2040 3565 2111 poeni-

1903 2132 2024 2183 teat
2043 2133 2098 2183 te
2135 2125 2468 2198 aliquando
2503 2127 2705 2198 impia'
2727 2126 2908 2197 hujus
2939 2126 3194 2193 astutias,
3224 2143 3346 2199 qua
3383 2127 3564 2200 Spiri-

1903 2221 2032 2272 tum
2061 2222 2337 2272 sanctum
2367 2221 2708 2270 creaturam
2734 2214 2905 2271 dicis.
2938 2221 3154 2272 Annon
3197 2217 3368 2272 times
3415 2232 3561 2289 pec-

1903 2311 2127 2370 catum,
2158 2304 2329 2375 cujus
2356 2303 2521 2360 nulla
2550 2309 2642 2360 est
2662 2303 2836 2360 venia
2860 2306 2902 2339 ‘7
2921 2306 2950 2362 ?
2989 2310 3106 2360 Aut
3130 2311 3309 2378 putas
3333 2311 3387 2362 te
3429 2321 3564 2378 pro-

1901 2395 2052 2450 ferre
2091 2408 2272 2465 posse
2302 2392 2749 2464 blasphemiam
2788 2394 3166 2466 quampiam,
3216 2409 3353 2466 qua?
3404 2395 3563 2451 hanc

1903 2487 2144 2554 superet
2161 2481 2499 2553 impietate?
2510 2483 2657 2536 Nam
2677 2497 2748 2536 ex
2765 2497 2886 2537 una
2900 2482 3014 2537 hac
3035 2497 3181 2538 voce
3204 2482 3563 2551 gravissima

1901 2586 2161 2643 quaeque
2191 2570 2562 2642 impendent,
2586 2569 2866 2626 alienatio
2895 2586 2932 2626 a
2958 2571 3076 2626 Deo
3097 2570 3433 2625 secundum
3455 2585 3561 2626 na-

1904 2663 2100 2715 turam
2120 2659 2336 2731 ipsam,
2364 2659 2666 2715 servitutis
2695 2658 3028 2728 humilitas,
3061 2658 3299 2715 servilia
3327 2657 3558 2730 munia,

1902 2747 2161 2820 privatio
2200 2748 2638 2814 sanctimoniae,
2680 2765 2816 2805 cum
2863 2764 2936 2804 ea
2975 2747 3129 2804 desit
3161 2764 3299 2820 quae
3329 2753 3560 2804 natura

1904 2838 2198 2907 congruit,
2221 2838 2570 2911 accidetque
2601 2838 2843 2911 Spiritui
2869 2838 3005 2911 ipsi,
3039 2843 3106 2894 ut
3143 2837 3359 2894 eodem
3381 2837 3564 2894 modo

1904 2941 1976 2982 ex
1999 2927 2204 2997 gratiae
2226 2926 2646 2984 distributione
2669 2928 2970 3000 particeps
2992 2928 3099 2984 ﬁat
3123 2926 3560 2994 sanctimoniae,

1903 3030 2028 3087 quo
2051 3031 2188 3071 eam
2211 3021 2267 3072 et
2285 3015 2516 3088 reliqua
2537 3032 2674 3088 quae
2692 3016 3032 3085 significata
3055 3016 3472 3085 sunt,habent.
3495 3017 3562 3071 Et

1906 3104 2057 3160 sicut
2083 3104 2264 3159 datur
2291 3104 2467 3160 nobis
2492 3103 2902 3160 manifestatio
2945 3105 3200 3176 Spiritus
3230 3103 3309 3159 ad
3341 3102 3561 3157 utilita-

1905 3197 2045 3254 tem.
2074 3198 2132 3249 et
2160 3193 2314 3249 sicut
2340 3191 2588 3249 cuilibet
2611 3208 2719 3264 pro
2744 3192 2929 3249 modo
2949 3209 3020 3249 ac
3036 3192 3269 3248 ratione
3290 3189 3433 3246 ﬁdei
3455 3189 3560 3246 ad-

1903 3283 2145 3338 metitur
2164 3283 2234 3351 “,
2273 3282 2356 3340 ita
2384 3287 2443 3340 et
2475 3283 2724 3355 Spiritus
2754 3282 2882 3354 ipse
2932 3280 3348 3338 sanctimoniae
3377 3279 3561 3353 parti-

1903 3387 2045 3444 ceps
2072 3371 2202 3438 erit,
2231 3371 2283 3427 si
2310 3387 2468 3439 vere,
2511 3372 2597 3428 uti
2627 3371 3158 3429 Pneumatomachi
3191 3369 3558 3435 existimant,

1901 3467 2139 3518 creatus
2176 3465 2287 3518 est.

1970 3556 2027 3608 7.
2073 3549 2190 3607 Sed
2218 3565 2294 3606 ne
2319 3550 2594 3608 sinamus
2623 3550 2938 3608 stultitiam
2968 3565 3180 3608 eorum
3201 3548 3307 3623 qui
3345 3564 3409 3605 se
3436 3563 3568 3606 om-

1898 3640 2001 3698 nia
2034 3646 2233 3696 mente
2263 3655 2374 3695 sua
2411 3640 2946 3713 comprehendisse
3002 3644 3238 3711 putant,
3287 3637 3566 3695 confuta-

1898 3732 2060 3788 tione
2087 3746 2311 3788 carere.
2344 3730 2527 3788 Nobis
2551 3731 2732 3801 igitur
2760 3730 3192 3803 respondeant.
3238 3727 3393 3794 Quid
3432 3731 3560 3783 tan-

1898 3820 2040 3876 dem
2071 3825 2159 3876 est
2183 3820 2488 3877 sensibilis
2539 3819 2724 3890 hujus
2764 3817 2908 3874 solis
2951 3817 3255 3874 essentia?
3283 3818 3561 3873 Unumne

1899 3925 1970 3966 ex
2001 3915 2264 3982 quatuor
2285 3909 2616 3972 elementis,
2657 3923 2735 3964 an
2761 3906 3143 3980 compositus
3175 3911 3268 3962 est
3303 3921 3378 3961 ex
3414 3919 3562 3977 qua-

1898 4001 2072 4057 tuor‘t
2099 3999 2278 4072 Atqui
2326 4013 2525 4071 neque
2564 4003 2725 4054 terra
2771 4002 2882 4066 est,
2931 4011 3130 4069 neque
3189 4010 3312 4062 aer,
3363 4007 3560 4065 neque

1898 4104 2282 4163 aqua.neque
2297 4087 2623 4159 ignis.Haec
2638 4087 2801 4144 enim
2817 4091 3048 4143 rectum
3069 4090 3302 4142 motum
3315 4083 3560 4148 habent;

1899 4179 2032 4236 aliis
2055 4179 2459 4248 sursum,aliis
2479 4178 2764 4234 deorsum
2789 4176 3383 4247 vergentibus.Terra
3397 4171 3561 4228 enim

1900 4275 1959 4325 et
1979 4285 2142 4342 aqua
2167 4269 2455 4325 deorsum
2481 4267 2749 4324 feruntur
2774 4273 3019 4338 propter
3050 4263 3431 4335 gravitatem;
3456 4274 3560 4316 aer

1900 4374 2046 4415 vero
2059 4358 2287 4428 etignis
2308 4373 2552 4412 sursum
2574 4371 2786 4411 versus
2806 4359 3125 4411 moventur
3141 4351 3220 4409 ob
3239 4351 3556 4407 levitatem:

181 4451 271 4495 τοῦ
302 4439 365 4496 δέ
397 4441 554 4499 ἡλίου
602 4443 951 4519 κυκλοφορικὴ
1007 4444 1148 4499 ἔστιν
1179 4447 1208 4505 ἠ
1241 4450 1464 4513 κίνησις.
1499 4447 1574 4500 Οὐ
1621 4452 1792 4501 τοίνυν

1908 4447 1993 4504 sol
2022 4425 2222 4503 autem
2251 4447 2313 4501 in
2351 4445 2559 4501 orbem
2579 4450 2875 4501 movetur.
2907 4445 3036 4500 Non
3061 4441 3242 4512 igitur
3262 4456 3454 4497 unum
3485 4454 3559 4495 ex

185 4530 324 4584 ἔστὶν
393 4534 442 4584 ἓν
506 4540 608 4585 τῶν
665 4536 958 4608 τεσσάρων.
1001 4535 1156 4589 Ἀλλὰ
1215 4541 1318 4609 μὴν
1376 4533 1501 4590 οὐδὲ
1549 4540 1794 4600 σύνθετός

183 4618 321 4672 ἐστιν
353 4621 414 4674 ἐκ
441 4623 644 4673 τούτων
671 4642 686 4657 ο
721 4618 862 4675 διότι
892 4626 958 4676 τὰ
1000 4627 1220 4678 σύνθετα
1251 4627 1470 4699 καμάτῳ
1491 4632 1791 4699 συνέχεται,

181 4709 236 4761 i1
448 4720 556 4764 τῶν
622 4711 867 4765 ἐναντίων
925 4718 1018 4774 τὴν
1083 4717 1340 4768 σύστασιν
1389 4719 1597 4788 ἔχοντα,
1657 4716 1794 4772 ἀντι-

187 4806 428 4854 σπὼντων
479 4797 541 4854 δ“ε
589 4798 831 4864 ἀλλήλοις
881 4823 980 4856 των
1033 4803 1272 4858 ἐναντίων
1312 4809 1448 4859 κατὰ
1497 4811 1592 4865 τὴν
1638 4812 1792 4866 κίνη-

187 4905 282 4946 σεν.
335 4890 640 4963 ’Διαματος
708 4887 769 4945 δί
821 4900 916 4945 τοῦ
981 4893 1131 4952 ἡλίου
1189 4899 1418 4964 κίνησις,
1488 4891 1583 4949 διὰ
1636 4903 1792 4951 τοῦτο

251 5025 293 5060 ιτ
326 5025 535 5082 Matth.
562 5040 662 5097 xu,
693 5029 783 5083 32.

251 5148 366 5214 (32)
397 5150 550 5206 Editi
585 5150 792 5206 ίαυτοῦ.
826 5156 916 5208 At.
950 5169 1097 5210 mss.
1131 5159 1252 5212 tres
1293 5165 1538 5214 σεαυτοῦ.

255 5220 366 5301 (Ξ3)
400 5224 942 5301 _\:eter_es__quatuor
969 5225 1103 5282 libri
1130 5227 1444 5301 περιέλαϐες.
1478 5227 1629 5287 Editi
1665 5249 1793 5301 προ-

395 5297 532 5371 llo:
555 5287 723 5350 Colb'.
759 5294 989 5371 primus
1017 5287 1326 5371 κπᾳλῆψειο
1409 5287 1423 5292 ⁷
1705 5287 1714 5305 ⁸

220 5430 230 5440 α
256 5361 364 5430 (34)
391 5369 563 5447 Nota,
595 5361 782 5438 quam
810 5367 890 5447 ad
923 5366 1084 5447 hunc
1107 5361 1306 5428 locum
1335 5371 1570 5432 addidit
1597 5375 1792 5434 erudi-

195 5437 756 5524 tisimusﬂucteus,
776 5439 1146 5524 dignissima
1171 5450 1261 5524 est
1276 5461 1424 5524 quae
1447 5447 1700 5524 legatur.

256 5509 486 5590 t35)_tn
527 5508 822 5590 illis-sei);
866 5508 946 5590 ᾆφ⁹
971 5513 1160 5590 ὑμῶνη
1186 5508 1792 5590 vitii'aliquidinesse

197 5583 298 5631 rati.
319 5593 348 5633 ι
372 5577 799 5653 Combcﬁsius,
829 5577 916 5639 sic
945 5577 1311 5661 emendavit,
1344 5577 1466 5654 τούξ
1504 5589 1590 5663 ἀφ’
1615 5593 1790 5664 ὑμῶνζ

861 5027 910 5063 ⁸⁸
937 5029 957 5083 I
989 5030 1121 5087 Cor.
1152 5045 1250 5101 ni,
1270 5036 1330 5092 7.

1898 4541 2164 4610 quatuor
2190 4539 2298 4590 est.
2329 4538 2455 4590 lmo
2484 4549 2562 4590 ne
2603 4531 2979 4604 compositus
3025 4529 3274 4603 quidem
3323 4544 3398 4584 ex
3443 4527 3559 4583 illis

1898 4632 2008 4694 est,
2039 4641 2178 4682 cum
2208 4639 2282 4680 ea
2332 4638 2471 4696 quas
2501 4621 2840 4694 composita
2869 4624 3032 4687 sunt,
3065 4625 3272 4692 utpote
3315 4634 3388 4674 ex
3421 4631 3561 4672 con-

1897 4715 2091 4773 trariis
2119 4713 2480 4779 constantia,
2501 4711 2800 4777 fatiscant,
2831 4709 2903 4766 iis
2923 4725 3188 4783 quorum
3217 4706 3558 4763 contrarius

1897 4809 2098 4861 motus
2130 4809 2222 4860 est
2253 4817 2318 4859 se
2344 4801 2603 4859 invicem
2625 4800 2745 4857 alio
2775 4797 3290 4873 pertrahentibus.
3323 4800 3394 4850 At
3413 4806 3556 4847 vero

1897 4894 2044 4952 solis
2071 4898 2272 4950 motus
2313 4891 2660 4948 indefessus
2687 4894 2797 4959 est,
2829 4887 2912 4946 ob
2939 4886 3123 4959 idque
3168 4881 3554 4954 irrequietus.

1844 5118 1852 5125 I
1895 5171 2088 5232 quam
2116 5153 2602 5232 emendationem
2619 5147 2775 5232 mihi
2813 5142 3007 5232 valde,
3031 5136 3560 5232 admodum‘pro:

1895 5213 2278 5303 Bariifateor;
2306 5213 2596 5303 quoniam
2615 5229 3051 5303 tamenomnes
3067 5213 3373 5303 “librirztum

1897 5286 2202 5374 descripti.
2231 5286 2358 5356 tum
2391 5298 2626 5374 calamo
2655 5289 2867 5357 notati,
2897 5286 3127 5343 habent
3153 5286 3272 5343 τοὺς
3296 5286 3371 5354 εφ’
3391 5286 3555 5353 ὑμῶν,

1897 5373 2045 5430 nihil
2077 5367 2308 5429 mutare
2342 5367 2519 5425 volui.
2574 5435 2616 5442 η
2660 5437 2668 5442 _
2987 5432 2995 5442 _
3090 5439 3097 5442 λ
3420 5426 3432 5442 ,

1968 5425 2258 5513 βίὼῖἶάἶῇ
2290 5425 2538 5513 μέτοχον.
2574 5435 2806 5513 Veteres
2855 5432 3119 5513 quatuor
3145 5425 3280 5513 libri
3311 5426 3556 5500 μετέχον.

1969 5503 2086 5586 (37)
2121 5515 2270 5570 Editi
2292 5503 2374 5572 ’τίς
2399 5503 2540 5564 τὲὀτι.
2577 5512 2643 5562 At
2670 5520 2824 5561 mss.
2847 5505 3110 5575 quatuor
3135 5503 3187 5554 τί
3210 5517 3353 5557 ποτε.
3557 5519 3560 5521 λ
