4100 6196
181 260 285 314 617
865 215 868 219 ⁵
1081 259 1348 344 ΡιιίενιΑ
1394 258 1779 314 ΙΝΞΤΙΤΙῙΤΙΟ

1890 258 2180 315 ΞΟΕΤΙΟΑ.
2221 289 2291 300 -
2338 261 2672 318 MONITUM.

181 381 208 434 ὀ
246 386 320 455 μὴ
371 390 536 454 τιμῶν
582 383 641 433 τὸ
685 387 894 452 Πνεῦμα
938 379 996 430 οῦ
1037 387 1168 452 τιμᾲ
1206 384 1291 432 τὸν
1322 385 1439 434 Υίὸν
1469 402 1481 414 ·

181 479 345 543 τιμῶν
399 474 486 522 τὸν
539 473 659 523 Υἱόν
711 468 770 521 οῦ
820 475 948 541 τιμᾷ
993 472 1078 520 τὸν
1131 474 1352 545 Πατέρα.
1398 472 1576 532 Οῦτως
1614 472 1717 544 ἄρα
1747 473 1774 527 ἡ

179 566 298 633 περὶ
347 561 397 612 ἓν
446 578 498 611 τι
542 567 642 610 τῶν
687 562 1066 630 πιστευομένων
1119 555 1458 631 ἀγνωμοσύνη
1512 560 1630 621 ὅλης
1673 558 1783 611 ἐστὶ

180 656 273 709 τῆς
319 650 564 708 θεότητος
593 649 831 721 ἄρνησις.
862 647 919 699 Εἰ
948 651 1158 699 κτιστόν
1191 646 1302 700 ἐστι.
1358 651 1416 700 τὸ
1464 656 1688 720 Πνεῦμα,
1722 648 1779 700 οῦ

183 737 333 790 Gaio-1.
376 735 533 790 Ἀλλὰ
587 740 690 808 μὴν
750 742 974 807 Πνεῦμα,
1030 741 1181 808 φησι,
1243 738 1374 789 θεῖον
1431 740 1488 789 τὸ
1553 738 1780 794 ποιῆσαν

1101 827 1126 876 ὁ
1203 829 1333 886 Θεὸς

916 918 1004 966 καὶ
1083 917 1350 975 συνέσεως.

179 844 260 896 με.
313 829 437 890 Καί,
488 824 783 894 Ἐνέπ).ησι,
850 829 1024 895 φησὶν,
1101 827 1126 876 ὁ
1203 829 1333 886 Θεὸς
1397 829 1482 878 τὸν
1546 825 1781 884 Bassiani

180 921 392 985 Πνεῦμα
447 915 579 966 θεῖον
648 918 831 984 σοφίας
916 918 1004 966 καὶ
1083 917 1350 975 συνέσεως.
1430 923 1536 968 Ποῦ
1610 920 1780 967 τοίνυν

179 1004 435 1076 εὑρίσκεις
490 1003 839 1077 προσεγγίζον
883 1006 941 1053 τὸ
1014 1004 1184 1068 Orio»;
1251 1011 1312 1074 τῇ
1390 1005 1626 1070 κτίσει,ἣ
1715 1012 1775 1076 τῇ

180 1095 431 1157 θεὸτητι;
489 1092 547 1143 Εἰ
593 1095 684 1164 μὲν
730 1094 831 1165 γαρ
872 1100 933 1163 τῇ
991 1096 1182 1157 κτίσει,
1229 1098 1317 1143 καὶ
1347 1097 1433 1144 τὸν
1464 1097 1668 1167 Πατέρα
1690 1100 1780 1144 τοῦ

181 1187 378 1254 κυρίην
419 1183 566 1253 ἡμῶν
619 1180 797 1238 Ἰησοῦ
847 1188 1080 1252 Χριστοῦ
1130 1185 1330 1253 κτίσμα
1382 1179 1541 1255 ἐρεῖς·
1595 1186 1783 1254 γέγρα-

178 1289 303 1321 πται
369 1271 475 1344 γὰρ
525 1273 642 1343 περὶ
694 1269 873 1320 αὑτοῦ·
921 1267 985 1321 ’Π
1041 1288 1094 1321 τε
1138 1265 1308 1329 ἀίδιος
1351 1268 1508 1320 αὑτοῦ
1565 1265 1783 1341 δύναμις

177 1365 264 1410 καὶ
320 1361 568 1418 Querar
638 1358 681 1410 si
737 1354 796 1409 δὲ
862 1365 922 1429 τῇ
1005 1359 1230 1423 οεότπτι,
1289 1359 1621 1430 παυσάμενος
1689 1367 1784 1418 τῆς

180 1446 550 1520 βλασφημίας,
621 1446 870 1517 ἐπίγνωθι
921 1454 1011 1498 τοῦ
1070 1451 1361 1519 Πνεῦματος
1426 1451 1518 1505 τὴν
1603 1445 1774 1508 ἀξίαν.

3443 274 3548 326 618

1520 381 1577 434 '0
1609 379 1668 434 δὲ
1705 386 1774 454 μὴ
1817 387 1860 438 Α
1889 396 2099 438 verum
2131 382 2248 440 dici
2269 384 2346 440 ab
2368 384 2876 452 adversariis.Qui
2894 402 2994 442 vos
3016 389 3372 457 spernit,me
3389 406 3550 459 sper-

1891 471 2069 526 nit“.
2113 473 2306 537 Quare
2331 474 2358 529 ?
2399 476 2639 546 Propter
2683 475 2969 547 Spiritum
3001 475 3274 533 videlicet
3305 478 3366 533 in
3404 479 3550 550 ipsis

1889 557 2345 618 inhabitantem.
2377 567 2582 636 Itaque
2613 565 2717 636 qui
2762 580 2883 620 non
2932 565 3192 622 honorat
3242 567 3545 640 Spiritum,

1890 646 2103 704 Filium
2133 665 2253 705 non
2275 651 2570 708 honorat:
2625 653 2857 709 Filium
2882 653 3024 708 vero
3056 656 3160 724 qui
3201 671 3321 711 non
3361 657 3547 713 hono-

1890 743 2009 802 rat,
2035 739 2276 795 Patrem
2299 756 2419 795 non
2452 741 2709 797 honorat
2727 743 2796 798 ⁵⁸.
2813 742 2904 797 Sic
2930 741 3108 812 igitur
3128 743 3384 813 perﬁdia
3409 761 3547 816 quae

1891 825 2221 882 admittitur
2249 828 2311 883 in
2342 846 2531 886 unum
2562 831 2809 903 aliquod
2837 847 3042 886 eorum
3077 833 3242 902 197
3265 849 3400 904 qua:
3427 851 3551 890 cre-

1889 913 2090 971 denda
2121 922 2279 985 sunt,
2311 918 2597 974 inﬁciatio
2627 925 2715 975 est
2756 919 2933 976 totius
2981 920 3242 978 deitatis.
3291 921 3546 994 Spiritus

1891 1003 1940 1057 si
1967 1008 2202 1059 creatus
2232 1009 2338 1071 est,
2361 1022 2482 1062 non
2508 1011 2599 1062 est
2627 1007 2886 1063 divinus.
2928 1009 3107 1080 Atqui
3145 1010 3427 1078 Spiritus,
3460 1011 3549 1067 ιιι-

1889 1093 2040 1165 quit,
2084 1093 2324 1150 divinus
2365 1097 2472 1167 qui
2500 1097 2644 1166 fecit
2699 1113 2789 1152 me
2806 1099 2874 1152 δῖ.
2913 1100 2978 1152 Et
3010 1098 3298 1167 Replevit,
3329 1100 3546 1172 inquit,

1891 1184 2048 1237 Deus
2073 1183 2336 1238 Beseleel
2365 1185 2604 1253 Spiritu
2630 1185 2833 1241 divino
2863 1187 3172 1255 sapientia:
3196 1193 3247 1242 ει
3277 1190 3546 1256 pruden-

1893 1272 2072 1328 είωδδ.
2106 1275 2311 1345 Itaque
2345 1274 2423 1328 ad
2454 1280 2654 1330 utrum
2685 1275 2909 1346 reperis
2927 1275 3200 1331 divinum
3229 1280 3544 1334 accedere?

1893 1359 1970 1417 ad
2001 1367 2356 1427 creaturam,
2383 1378 2458 1418 an
2491 1364 2569 1418 ad
2599 1362 2882 1419 deitatem
2901 1368 2929 1418 ?
2959 1364 3128 1429 Quod
3157 1365 3203 1419 si
3226 1366 3301 1420 ad
3325 1372 3550 1423 creatu-

1892 1465 2048 1520 ram,
2103 1450 2281 1506 etiam
2315 1453 2545 1507 Patrem
2597 1452 2838 1507 Domini
2896 1453 3087 1508 nostri
3143 1455 3281 1508 Jesu
3339 1455 3552 1510 Christi

183 1539 363 1598 037m;
420 1535 668 1598 ἀσύνετος
713 1533 777 1603 εἴ,
832 1537 899 1597 ὡς
957 1532 1086 1608 μηδ’
1125 1536 1210 1588 ὑπ’
1245 1536 1401 1596 αὐτῆς
1421 1538 1779 1610 προσάγεσθαι

1895 1543 2233 1594 creaturam
2258 1539 2443 1595 dices.
2476 1543 2623 1596 Nam
2657 1540 2730 1597 de
2756 1557 2827 1596 eo
2856 1541 3148 1613 scriptum
3179 1547 3293 1598 est:
3327 1545 3552 1614 Sempi-

183 1635 278 1686 τῆς
326 1634 500 1699 φωνῆς
561 1625 630 1687 εἰς
721 1627 813 1686 τὰς
905 1625 1051 1687 ἀξίας
1125 1625 1320 1687 ἑννοίας
1392 1633 1484 1678 τοῦ
1556 1628 1779 1697 Πνεῦμα-

1900 1633 2071 1683 terna
2093 1643 2323 1698 quoque
2359 1631 2487 1698 ejus
2510 1631 2722 1696 virtus,
2756 1636 2810 1686 et
2842 1630 3214 1687 divinitas“.
3243 1633 3453 1689 Sivero
3477 1633 3556 1688 ad

186 1733 269 1777 τος
301 1691 441 1786 (il).
1691 1691 1700 1697 ’
1831 1691 1871 1744 Β
1900 1691 2618 1789 deitatem,blasphemiaa
2641 1691 2927 1791 imposito
2944 1720 3348 1793 ﬁne,Spiritus
3373 1738 3556 1791 agno-

190 1821 286 1861 see
328 1805 740 1876 majestatem.
774 1803 937 1860 Adeo
957 1803 1246 1878 insipiens
1269 1821 1355 1872 es,
1386 1809 1449 1860 ut
1471 1821 1545 1862 ne
1570 1804 1648 1861 ab
1687 1805 1820 1878 ipsa
1851 1804 2099 1878 quidem
2131 1821 2278 1861 voce
2307 1805 2384 1860 ad
2408 1806 2628 1877 dignas
2658 1807 2877 1879 Spiritu
2916 1809 3194 1865 notiones
3225 1811 3554 1868 deducare.

2581 1932 2627 1967 ‘9
2657 1933 2826 1988 Rom.
2858 1947 2896 2000 ι,
2919 1932 3012 1990 20.

905 1623 1051 1687 ἀξίας
1125 1625 1320 1687 ἑννοίας
1392 1633 1484 1678 τοῦ
1556 1628 1787 1697 Πνεῦμα-

265 1931 313 1965 ⁵³
347 1931 487 1986 Luc.
519 1945 581 1998 x,
611 1932 696 1986 16.
774 1929 822 1964 ⁵⁸
851 1930 1027 1985 Joan.
1057 1943 1107 1996 ν,
1132 1929 1220 1985 23.
1298 1928 1342 1964 ³⁷
1369 1927 1501 1986 Job.
1533 1943 1735 1998 χχχιιι,
1767 1931 1779 1982 ἐ

1897 1928 1943 1964 ⁵³
1971 1928 2154 1984 Exod.
2187 1945 2366 2001 xxxv,
2416 1934 2502 1986 3t.

264 2056 378 2125 ut)
409 2054 477 2110 In
506 2053 817 2128 aliquibus
849 2069 1000 2108 mss.
1038 2051 1280 2109 additur
1304 2052 1646 2124 doxologia.

200 2231 3548 2264 ψ

1536 2379 2144 2478 MONITUM
2173 2457 2192 2476 .

272 2651 447 2725 198
470 2649 653 2708 Multa
667 2649 850 2708 hodie
869 2650 1116 2708 nomine
1136 2650 1538 2708 Asceticorum
1560 2648 1993 2723 comprehendi
2016 2649 2226 2719 solent,
2253 2649 2659 2722 Praefationes,
2686 2655 3003 2710 Sermones
3025 2653 3274 2726 quidam
3299 2652 3558 2728 peculia-

195 2756 316 2804 res;
347 2741 594 2796 libellus
614 2741 701 2796 De
717 2740 858 2809 ﬁde,
887 2739 1039 2796 alius
1069 2739 1306 2796 libellus
1337 2741 1422 2797 De
1431 2739 1666 2810 judicio
1687 2741 1816 2804 Dei,
1837 2739 2103 2805 Horatia,
2133 2742 2375 2810 Περαίίε
2405 2745 2686 2811 majores,
2719 2745 2962 2814 Regula?
3002 2745 3282 2811 minores,
3328 2744 3560 2800 Consti-

201 2833 453 2888 tutiones
477 2831 868 2899 monasticae;
897 2829 998 2884 sed
1024 2828 1170 2885 olim
1200 2845 1322 2884 non
1344 2831 1551 2885 omnia
1578 2828 1708 2884 ι]ωο
1728 2829 1788 2884 in
1818 2828 2100 2884 Aseeticis
2123 2830 2820 2902 comprehendebantur.
2843 2837 2926 2889 lta
2951 2833 3130 2903 igitur
3156 2833 3345 2890 Photii
3365 2839 3558 2901 aetate,

196 2919 378 2975 Basilii
396 2935 562 2992 opus
583 2917 871 2976 ἀσκητικὸν
888 2917 1453 2988 restringebatur,ut
1469 2917 1669 2973 solum
1690 2916 1846 2972 duos
1869 2919 1956 2972 De
1967 2919 2203 2986 judicio
2227 2935 2296 2974 ac
2322 2921 2405 2974 De
2415 2919 2536 2986 ﬁde
2555 2919 2814 2988 libellos,
2839 2923 3125 2988 Moralia,
3151 2924 3412 2992 Περαίας
3432 2929 3561 2979 tum

197 3011 455 3078 majores
477 3014 608 3064 tum
631 3009 891 3064 minores
917 3007 1159 3080 proprie
1181 3006 1694 3080 complecteretur.
1728 3009 1798 3062 Ut
1827 3010 2029 3062 autem
2051 3006 2282 3074 reliqua
2305 3006 2425 3061 fere
2448 3009 2654 3062 omnia
2686 3009 2882 3064 Basilii
2906 3026 3093 3081 opera
3119 3011 3178 3064 in
3199 3011 3454 3066 dubium
3473 3027 3561 3066 re-

196 3103 506 3165 vocantur,
537 3096 624 3153 ita
649 3110 896 3169 quoque
926 3095 1194 3152 maxima
1214 3111 1355 3168 pars
1381 3095 1785 3152 Asceticorum
1809 3094 2176 3167 quibusdam
2199 3097 2395 3155 νοθείας
2418 3102 2698 3167 suspecta
2729 3103 2836 3152 est.
2865 3099 3162 3162 Quoniam
3188 3103 3388 3153 tamen
3411 3099 3561 3153 anti-

195 3187 292 3260 qui
312 3188 643 3260 scriptores
667 3185 948 3242 Basilium
971 3191 1278 3242 auctorem
1295 3183 2066 3249 faciuntAsceticorum,vel
2084 3183 2447 3240 morosiores
2463 3183 2646 3239 critici
2667 3184 2878 3240 saltem
2905 3185 3170 3257 aliquam
3195 3201 3403 3240 eorum
3418 3202 3558 3257 par-

193 3281 304 3332 tem
331 3275 511 3333 facile
533 3275 588 3332 ei
612 3274 908 3332 tribuunt:
934 3275 1040 3330 sed
1061 3275 1143 3330 ita
1167 3273 1769 3346 tamen,utquidquid
1790 3273 2158 3346 praecipuum
2175 3277 2471 3341 est,omne
2484 3273 2544 3328 id
2558 3274 2687 3344 ejus
2703 3290 2836 3330 esse
2850 3280 3088 3344 negent.
3111 3278 3222 3330 Nec
3240 3275 3296 3329 hi
3311 3274 3557 3348 quidem

194 3365 340 3422 inter
362 3381 431 3421 se
463 3363 869 3421 consentiunt.
908 3363 1017 3419 Alii
1043 3363 1202 3420 enim
1232 3364 1373 3419 satis
1398 3362 1900 3442 habentRegulas
1923 3362 2220 3418 breviores
2235 3361 2452 3417 Basilio
2474 3365 2686 3433 Magno
2713 3363 3086 3435 abjudicare.
3103 3363 3210 3419 Alii
3233 3364 3562 3436 iniquiores

195 3455 244 3511 ei
268 3455 630 3528 abjudicant
649 3454 912 3524 Περαίας
928 3454 1184 3510 minores
1206 3452 1386 3509 simul
1407 3457 1463 3509 et
1485 3451 2130 3522 majores,etAIoralia,
2163 3455 2218 3506 et
2236 3450 2468 3507 libellos
2489 3452 2576 3508 De
2611 3453 2723 3508 Dei
2735 3454 2970 3521 judicio
3009 3469 3080 3510 ac
3117 3455 3206 3509 De
3244 3469 3381 3509 vera
3418 3455 3556 3522 ﬁde.

197 3545 345 3600 Cum
376 3549 583 3600 autem
609 3541 989 3615 singulorum
1010 3542 1323 3614 opiniones
1344 3541 1664 3615 explicare,
1693 3556 1918 3613 easque
1944 3545 2049 3597 aut
2071 3540 2381 3596 confutare
2421 3546 2526 3596 aut
2565 3541 2907 3613 approbare
2947 3542 3129 3597 nimis
3169 3541 3421 3611 longum
3462 3543 3553 3612 sit,

196 3648 362 3690 more
390 3637 604 3690 nostro
635 3631 711 3687 de
738 3631 831 3687 his
853 3631 1032 3687 rebus
1056 3633 1116 3688 in
1149 3631 1497 3688 Praefatione
1519 3629 1992 3702 disputabimus.

262 3725 466 3780 Pauca
503 3737 753 3794 quoque
782 3723 856 3778 de
885 3719 1051 3776 libris
1082 3721 1343 3794 antiquis
1373 3720 1569 3777 dicere
1592 3719 1757 3776 libet.
1791 3718 2018 3781 Multos,
2043 3733 2268 3790 eosque
2311 3722 2367 3774 et
2392 3718 2655 3790 optimos
2681 3722 2738 3774 et
2757 3718 3199 3774 vetustissimos
3229 3719 3287 3775 in
3311 3718 3382 3774 iis
3405 3734 3559 3790 quas

196 3812 458 3870 invisere
488 3810 660 3868 licuit
678 3809 1055 3866 bibliothecis
1075 3809 1514 3878 invenimus,in
1538 3809 1814 3880 Regia,in
1835 3807 2172 3865 Colbertina
2193 3813 2246 3864 et
2267 3807 2328 3864 in
2352 3807 2736 3865 Coisliniana.
2763 3811 2963 3880 Neque
2986 3823 3127 3864 vero
3150 3825 3220 3864 ex
3240 3807 3334 3864 his
3361 3807 3560 3864 solum

194 3900 582 3958 bibliothecis
609 3915 784 3956 novae
813 3903 1033 3955 nostrae
1055 3897 1300 3955 editioni
1319 3905 1679 3955 ornamenta
1698 3897 2108 3971 quaesivimus,
2131 3896 2236 3953 sed
2258 3901 2490 3952 exteras
2511 3896 2693 3953 etiam
2715 3913 2836 3952 non
2860 3897 3147 3953 duximus
3170 3897 3561 3968 negligendas

194 4007 344 4048 esse.
370 3990 602 4063 Scripsi
630 3989 809 4061 igitur
829 3991 1182 4054 Messanam,
1215 4003 1338 4061 quo
1361 3988 1538 4044 simul
1568 3993 1632 4044 ut
1659 3990 2061 4061 pervenerunt
2079 3985 2284 4042 littera:
2307 3985 2887 4056 meze,eruditissimi
2911 3992 2967 4042 et
2998 3986 3562 4053 humanissimi,viri

195 4080 260 4136 Β.
294 4079 622 4150 Gregorius
641 4083 838 4134 Arena
866 4078 1052 4151 prior,
1084 4083 1140 4134 et
1172 4079 1236 4133 D.
1271 4077 1590 4150 Dionysius
1615 4075 1896 4150 Spagnoli
1921 4075 2144 4146 linguas
2176 4077 2393 4131 Graacaa
2422 4075 2628 4139 lector,
2669 4076 2953 4132 monachi
2978 4076 3206 4132 ordinis
3256 4078 3311 4132 S.
3368 4075 3562 4131 Basilii

191 4169 412 4240 Iagni,
430 4166 619 4224 ambo
639 4181 761 4223 non
783 4165 986 4222 minus
1006 4166 1306 4222 bonarum
1347 4165 1680 4223 litterarum
1697 4164 2127 4237 juvandarum,
2157 4179 2342 4236 quam
2358 4163 2561 4235 gloriae
2584 4165 2946 4220 sanctissimi
2979 4165 3072 4220 sui
3092 4166 3277 4220 Patris
3301 4164 3564 4236 ampliﬁ-

193 4259 412 4316 eandm
446 4255 722 4322 studiosi,
748 4255 1186 4328 amplissimam
1202 4272 1272 4311 ac
1305 4255 1760 4312 celeberrimam
1784 4269 1958 4310 suam
1980 4252 2410 4309 bibliothecam
2439 4253 2892 4323 diligentissime
2935 4255 3188 4310 scrutari
3225 4259 3562 4327 coeperunt:

197 4349 256 4404 in
286 4363 440 4421 qua,
473 4343 645 4418 quod
671 4344 749 4400 ad
771 4361 898 4401 rem
917 4344 1484 4418 pertinet,invenere
1500 4344 1746 4400 brevem
1766 4340 2354 4399 lucubratiunculam
2384 4342 2694 4408 ineditam,
2711 4343 2806 4398 cui
2828 4341 3034 4398 titulus
3060 4348 3173 4399 est:
3203 4351 3320 4404 non;
3337 4341 3420 4396 risi
3438 4343 3566 4396 εἶναι

197 4442 284 4489 τὸν
308 4439 581 4509 fio-mles,
603 4439 661 4490 et
690 4432 1108 4490 additamenta
1129 4431 1412 4506 quaedam
1434 4433 1494 4488 in
1516 4433 1800 4489 Moralia.
1824 4433 2036 4486 Praeter
2066 4430 2212 4497 haec,
2237 4429 2421 4485 aliam
2443 4430 2780 4487 orationem
2803 4431 2880 4487 ad
2905 4447 3002 4486 me
3039 4432 3568 4490 transmittendam

200 4530 500 4583 curarunt
531 4523 592 4592 ii,
623 4538 778 4596 quos
800 4522 986 4580 modo
1015 4522 1162 4591 dixi,
1191 4521 1523 4578 doctissimi
1548 4521 1656 4577 viri
1688 4540 1701 4578 :
1737 4521 1809 4576 de
1829 4534 1952 4593 qua
1973 4518 2354 4575 commodius
2377 4518 2568 4576 multo
2593 4519 2734 4576 alibi
2763 4520 3058 4579 dicemus.

272 4614 500 4672 Omnia
529 4616 737 4669 autem
766 4611 887 4668 fere
917 4617 982 4668 ut
1002 4611 1063 4667 in
1093 4610 1403 4684 impressis
1431 4609 1628 4666 libris:
1657 4613 1718 4666 at
1738 4611 1982 4680 Regula:
2009 4609 2069 4665 in
2095 4608 2224 4665 aliis
2254 4609 2566 4666 codicibus
2589 4609 2706 4666 alio
2728 4611 2938 4668 ordine
2975 4611 3405 4684 disponuntur.
3457 4618 3572 4671 Nec

202 4701 700 4778 pretereundum
724 4699 978 4770 silentio,
993 4699 1383 4773 quasdamex
1403 4700 1647 4770 Regalis
1662 4698 2030 4754 brevioribus
2045 4698 2105 4754 in
2123 4697 2429 4772 aliquibus
2452 4698 2764 4756 codicibus
2778 4700 3016 4769 deessei:
3041 4703 3145 4758 sed
3167 4710 3573 4776 praeterquam

201 4795 372 4866 quod
395 4793 491 4848 hac
511 4805 728 4864 pauca
751 4793 910 4856 sunt,
933 4789 993 4845 in
1016 4788 1163 4862 ipsis
1191 4787 1338 4844 nihil
1364 4792 1452 4844 est
1470 4787 1700 4858 magni,
1720 4791 1824 4844 aut
1843 4787 2011 4861 quod
2032 4787 2286 4858 alicujus
2313 4789 2387 4845 sit
2414 4790 2726 4846 momenti.
2751 4789 2841 4846 Ad
2869 4792 3128 4862 Περαίας
3147 4792 3391 4864 quidem
3407 4792 3573 4864 quod

205 4883 553 4951 attinet,eas
569 4878 786 4935 eodem
807 4878 1012 4934 ordine
1032 4893 1156 4950 quo
1173 4877 1304 4948 jam
1324 4876 1584 4947 vulgatae
1611 4880 1752 4932 sunt
1771 4876 1832 4932 in
1860 4875 2123 4932 editione
2139 4877 2427 4946 Pariensi,
2450 4878 2721 4936 edendas
2751 4879 3102 4936 curabimus
3131 4896 3144 4934 :
3203 4881 3306 4934 sed
3337 4879 3573 4934 libellos

207 4973 291 5027 De
309 4971 425 5028 Dei
430 4968 676 5040 judicio
696 4983 766 5025 ac
787 4967 874 5023 De
893 4965 1162 5036 vera/ide
1173 4965 1343 5022 aliter
1358 4965 1780 5039 disponemus.
1803 4965 1888 5022 Ita
1916 4964 2076 5022 enim
2097 4965 2225 5022 haec
2246 4966 2370 5022 duo
2395 4968 2690 5039 opuscula
2710 4968 2987 5024 locantur
3005 4968 3065 5023 in
3087 4983 3156 5023 ea
3177 4983 3364 5039 quam
3391 4967 3574 5022 modo

209 5060 331 5117 dixi
361 5059 653 5125 editione,
676 5062 744 5112 ut
770 5055 1035 5128 primum
1057 5055 1258 5112 locum
1279 5055 1547 5112 obtineat
1566 5054 1804 5111 libellus
1821 5057 1905 5112 De
1935 5070 2075 5112 veru
2093 5055 2234 5125 fide,
2257 5056 2590 5112 secundum
2618 5055 2854 5112 libellus
2876 5057 3204 5125 Dejudicio
3225 5057 3336 5110 Dei
3343 5070 3366 5111 .·
3407 5056 3576 5126 quod

213 5165 332 5207 non
362 5150 573 5206 minus
601 5146 956 5203 adversatur
974 5145 1168 5218 ipsius
1191 5145 1452 5202 auctoris
1477 5144 1748 5213 consilio,
1771 5160 1957 5216 quam
1974 5149 2243 5200 veterum
2264 5145 2558 5201 librorum
2582 5145 2940 5210 auctoritati,
2963 5147 3022 5198 in
3045 5145 3390 5214 quibushos
3415 5146 3572 5200 duos

217 5253 529 5296 sermones
561 5237 804 5294 inverso
824 5234 1256 5306 ordine,eoque
1276 5249 1415 5291 vero
1441 5233 1781 5306 etproprio,
1806 5233 2088 5290 collocari
2116 5238 2370 5290 constat.
2411 5235 2680 5290 Arbitror
2705 5239 2906 5289 autem
2946 5249 3269 5304 operarum
3291 5234 3471 5306 culpa
3493 5235 3578 5292 fa-

222 5334 376 5386 ctum
405 5343 564 5397 esse,
587 5329 656 5381 ut
679 5325 740 5392 ii,
763 5339 920 5398 quos
949 5323 1280 5389 nominavi,
1303 5321 1489 5379 libelli
1521 5322 1583 5378 in
1613 5321 1867 5379 editione
1894 5323 2213 5379 Parisiensi
2244 5323 2378 5378 loco
2407 5322 2588 5395 positi
2622 5322 2740 5376 sint
2772 5337 2894 5376 non
2925 5337 3033 5378 suo
3058 5339 3070 5376 :
3122 5337 3314 5395 eoque
3362 5326 3576 5396 magis,

225 5419 381 5489 quod
419 5419 590 5491 ipsos
627 5415 690 5472 in
723 5415 982 5470 editione
1010 5414 1239 5470 Veneta
1269 5416 1482 5470 eodem
1501 5430 1623 5485 quo
1652 5414 1712 5469 in
1741 5411 2043 5469 veteribus
2077 5413 2241 5468 libris
2273 5411 2481 5468 ordine
2505 5409 2746 5480 disponi
2776 5410 3110 5465 videamus.
3657 5409 3662 5412 ’

465 5564 718 5619 Panos.
763 5558 864 5613 Gn.
906 5557 1077 5613 XXXI.
3264 5562 3332 5615 20
