4100 6196
611 263 713 317 623

1993 250 2052 305 S.
2093 245 2345 304 BASlLll
2378 248 2598 306 MAGNI

3826 269 3914 324 624

609 382 753 451 cari,
776 384 976 439 astare
1001 379 1138 435 ante
1169 373 1576 445 magistratus,
1597 370 1969 446 populorum
1992 373 2243 428 assultu:

2374 373 2519 439 σθαι,
2568 377 2658 426 καὶ
2709 376 2839 449 πρὸς
2901 377 3161 447 ἄρχοντας
3216 383 3570 453 παραστῆναι,
3625 387 3707 438 καὶ
3752 382 3907 461 δήμων

608 471 871 546 perferre
910 464 1282 525 horrendum
1321 462 1619 519 carniﬁcis
1673 460 1890 518 intueri
1920 464 2260 533 aspectum,

608 562 816 618 audire
846 563 1057 616 vocem
1111 567 1416 627 asperam,
1442 552 1984 609 instrumentorum
2034 549 2115 606 ad
2153 564 2264 622 pu-

606 649 900 709 niendum
936 644 1375 703 destinatorum
1410 656 1660 713 gravem
1697 642 2088 713 conspectum
2116 638 2263 696 tole-

607 755 765 803 rare,
796 737 1097 794 tormenta
1128 730 1403 805 experiri,
1430 735 1487 787 et
1515 745 1707 803 usque
1757 729 1837 786 ad
1874 733 2132 786 mortem
2160 728 2263 784 de-

607 834 858 897 certare,
889 829 1138 899 propter
1164 823 1296 879 htec
1315 820 1523 879 omnia
1541 836 1618 877 ne
1646 819 1915 889 difﬁdas,
1938 818 2018 876 ob
2049 818 2259 875 oculos

601 917 838 975 habens
859 913 1178 982 Christum,
1201 910 1307 984 qui
1330 909 1424 967 his
1447 914 1550 967 tua
1575 924 1766 966 causa
1793 908 1903 965 fuit
1931 907 2256 978 obnoxius,

603 1008 799 1081 sitque
819 1007 1200 1079 compertum
1220 1002 1346 1069 tibi,
1368 1004 1423 1057 te
1447 1000 1510 1057 in
1540 1000 1670 1057 istis
1699 998 1779 1056 ob
1808 997 2110 1057 Christum
2130 1013 2259 1055 ver-

603 1098 723 1154 sari
745 1100 1045 1168 oportere,
1066 1097 1243 1165 teque
1262 1090 1324 1147 in
1352 1089 1498 1162 ipsis
1528 1104 1660 1145 esse
1686 1088 2008 1145 victurum.
2033 1090 2256 1157 Regem

600 1188 763 1246 enim
793 1186 1081 1243 victorem
1121 1180 1412 1254 sequeris,
1442 1179 1549 1252 qui
1577 1184 1634 1235 te
1675 1192 1801 1234 suae
1843 1176 2102 1234 victoria:
2132 1176 2258 1234 vult

600 1292 733 1334 esse
772 1272 1152 1347 participem.
1184 1272 1386 1341 Neque
1416 1267 1579 1324 enim
1617 1267 1805 1323 victus
1833 1282 1921 1334 es,
1956 1265 2068 1323 etsi
2097 1280 2256 1322 mor-

599 1371 760 1429 tuus;
782 1363 907 1419 imo
928 1375 1070 1417 vero
1088 1364 1231 1415 tunc
1254 1356 1706 1429 integerrimam
1735 1355 2055 1428 reportasti
2074 1355 2256 1412 victo-

597 1453 788 1510 riam:
821 1450 1049 1524 quippe
1099 1446 1205 1521 qui
1251 1445 1566 1502 veritatem
1596 1442 2042 1501 immutabilem
2078 1443 2156 1501 ad
2182 1443 2254 1499 ti-

597 1557 741 1600 nem
773 1554 970 1612 usque
1019 1536 1124 1594 tibi
1170 1535 1288 1610 ipsi
1335 1534 1690 1603 servaveris,
1722 1549 1793 1591 ac
1821 1533 2254 1591 inconcussam

595 1628 917 1690 retinueris
947 1625 1236 1700 loquendi
1256 1639 1368 1698 pro
1395 1623 1648 1682 veritate
1676 1622 1985 1680 ﬁduciam.

2371 460 2745 523 ἐπαναστάσεις
2787 466 3097 537 ὑπενεγκεῖν,
3146 470 3237 518 καὶ
3284 463 3486 540 δημίου
3548 469 3741 545 βλέμμα
3785 475 3913 547 ροϐε-

2370 554 2461 625 ρὸν
2491 546 2641 619 ἰδεῖν,
2683 556 2773 605 καὶ
2821 552 3050 629 σκληρὰν
3097 553 3323 608 ἀκοῦσαι
3375 562 3557 630 φωνὴν,
3585 564 3668 612 καὶ
3686 546 3909 622 κολαστη-

2370 644 2494 712 ρίων
2542 639 2663 712 ὄψιν
2699 642 2972 715 ὑπομεῖναι
3017 643 3273 715 χαλεπὴν,
3320 650 3409 698 καὶ
3447 650 3742 722 πειραθῆναι
3758 649 3912 723 βασά-

2368 749 2485 797 νων,
2514 734 2603 783 καὶ
2627 735 2794 805 μέχρι
2837 733 3057 785 θανάτου
3088 729 3525 805 διαγωνίσασθαι,
3554 741 3622 809 μὴ
3655 735 3912 813 amem;

2369 821 2495 893 πρὸς
2536 819 2741 873 ἅπαντα
2794 829 2981 890 ταῦτα,
3032 825 3134 898 πρὸ
3191 822 3464 897 ὀφθαλμῶν
3514 827 3643 896 ἔχων
3687 830 3768 879 τὸν
3806 828 3913 904 ύπὶρ

2371 915 2467 960 σού
2516 906 2566 960 ἔν
2614 911 2815 971 τούτοις
2839 914 3105 984 γενόμενον
3155 913 3402 987 Χριστὸν,
3435 909 3600 981 εἰδὼς,
3626 915 3704 967 ὃτι
3727 912 3813 968 διὰ
3843 920 3915 969 τὸν

2367 998 2599 1070 Χριστὸν
2648 996 2699 1050 ἕν
2752 1002 2957 1062 τούτοις
3001 1001 3243 1072 γενέσθαι
3274 1019 3333 1054 σε
3385 997 3488 1072 δεῖ,
3508 1007 3596 1055 καὶ
3634 1009 3849 1068 νικήσεις
3876 1003 3915 1058 ἰν

2365 1087 2585 1147 τούτοις.
2640 1093 2844 1160 Νικητῇ
2902 1089 3002 1164 γὰρ
3048 1086 3340 1151 ἀκολουθείς
3389 1089 3614 1163 βασιλεῖ,
3662 1101 3751 1155 τῆς
3792 1098 3919 1157 νίκης

2320 1166 2327 1175 ’
2366 1172 2525 1226 αὐτοῦ
2578 1173 2876 1248 βουλομένῳ
2942 1195 3003 1230 σε
3052 1179 3295 1249 γενέσθαι
3355 1183 3613 1235 κοινωνόν.
3662 1179 3791 1234 Ούδὶ
3834 1185 3918 1257 γὰρ

2366 1260 2633 1315 ἀποθανὼν
2663 1265 2918 1333 ἡττήθης,
2968 1263 3100 1318 ἀλλά
3149 1270 3264 1320 τότε
3307 1263 3343 1320 δ
3346 1271 3375 1326 ἡ
3422 1273 3513 1321 καὶ
3538 1268 3804 1322 τελεώτατα
3829 1269 3923 1322 ἐνί-

2363 1370 2553 1420 κησας,
2582 1354 2718 1426 ἄχρι
2768 1353 2939 1415 τέλους
2986 1356 3238 1429 ἄτρεπτον
3300 1355 3528 1429 φυλάξας
3578 1361 3670 1416 τὴν
3712 1356 3922 1416 ἀλήθειαν

2366 1449 2569 1512 σεαυτῷ
2613 1443 2746 1515 (50),
2798 1447 2889 1497 καὶ
2943 1447 3039 1504 τὴν
3085 1445 3212 1521 ὑπερ
3244 1453 3336 1507 τῆς
3384 1444 3628 1509 ἀληθείας
3664 1446 3926 1522 παρῥηκιαν

2364 1526 2737 1603 ἀμετακίνητον
2767 1537 2936 1605 σχών,

668 1723 725 1777 3.
764 1720 830 1774 Et
859 1713 1108 1788 quidem
1133 1712 1213 1771 ab
1249 1712 1492 1770 interitu
1512 1711 1591 1767 ad
1616 1716 1903 1769 aeternam
1941 1711 2152 1776 vitam,
2175 1709 2243 1768 ab

2434 1712 2486 1764 3.
2532 1712 2632 1762 Καὶ
2663 1707 2764 1762 ἀπὸ
2803 1718 2895 1763 τοῦ
2928 1712 3150 1764 θανάτου
3196 1715 3287 1787 μὲν
3326 1716 3463 1787 πρὸς
3488 1713 3692 1767 αἰώνιον
3723 1710 3928 1775 ὀδεύσεις

598 1810 770 1880 201
833 1804 1155 1862 hominum
1211 1801 1547 1875 ignominia
1602 1801 1681 1858 ad
1745 1801 1845 1859 Dei
1901 1800 2175 1871 gloriam,
2216 1816 2253 1858 ιι

593 1896 810 1955 mundi
835 1891 1293 1952 adversitatibus
1320 1895 1504 1964 atque
1526 1889 1835 1964 suppliciis
1856 1888 1936 1947 ad
1962 1895 2250 1948 aeternam

591 1986 885 2061 requiem,
918 1999 1056 2058 quae
1088 1981 1195 2039 tibi
1223 1996 1364 2037 cum
1395 1979 1631 2051 angelis
1657 1979 2005 2036 communis
2046 1978 2251 2036 futura

594 2080 703 2144 est,
732 2071 1170 2148 proﬁsciscere.
1209 2072 1387 2126 Terra
1417 2073 1470 2125 te
1500 2068 1692 2125 civem
1721 2084 1846 2126 non
1871 2067 2158 2141 suscepit,
2188 2072 2251 2124 at

592 2164 817 2222 caelum
847 2160 1155 2233 suscipiet.
1183 2158 1447 2214 Mundus
1478 2162 1828 2229 persecutus
1856 2162 1981 2213 est:
2012 2156 2117 2212 sed
2138 2154 2249 2212 tol-

591 2252 718 2310 lent
745 2256 803 2308 te
824 2249 1045 2321 angeli,
1073 2252 1140 2304 ut
1170 2248 1386 2302 sistant
1405 2251 1462 2302 te
1493 2260 1701 2302 coram
1726 2246 1978 2302 Christo.
2004 2244 2159 2310 Quin
2189 2247 2250 2301 et

594 2341 828 2401 amicus
858 2336 1265 2412 appellabere,
1299 2349 1483 2408 esque
1524 2334 1844 2390 auditurus
1880 2333 2250 2405 jucundissi-

592 2444 761 2488 mam
781 2428 948 2485 illam
972 2425 1253 2483 laudem:
1278 2427 1463 2480 Macte
1483 2422 1710 2493 animo,
1729 2438 1899 2479 serve
1918 2422 2080 2479 bone
2103 2427 2161 2479 et
2179 2422 2245 2478 ﬁ-

591 2519 764 2590 delis,
788 2518 963 2575 miles
979 2529 1294 2587 generose,
1311 2511 1669 2585 Dominique
1691 2511 1975 2584 imitator,
1996 2526 2068 2567 ac
2088 2511 2246 2582 regis

592 2612 873 2675 sectator,
896 2620 1010 2677 ego
1035 2609 1087 2661 te
1108 2603 1259 2659 meis
1280 2601 1458 2659 donis
1487 2599 1955 2670 remunerabor;
1979 2616 2092 2672 ego
2112 2604 2248 2657 tuos

592 2696 829 2754 audiam
843 2690 1475 2764 sermones,quoniam
1486 2694 1550 2745 tu
1562 2689 1745 2746 etiam
1758 2688 2041 2746 audivisti
2051 2705 2222 2746 meos
2231 2730 2245 2745 .

591 2788 760 2842 Petes
790 2783 1044 2840 fratrum
1073 2781 1181 2854 qui
1208 2783 1507 2836 vexantur
1536 2777 1832 2841 salutem;
1859 2783 2042 2851 atque
2068 2779 2247 2835 sociis

590 2872 737 2929 ﬁdei
759 2887 829 2928 ac
850 2886 1041 2928 sacrae
1061 2868 1370 2926 charitatis
1391 2866 1704 2940 discipulis
1724 2867 2028 2924 bonorum
2048 2883 2087 2925 a
2101 2864 2245 2940 rege

589 2959 1208 3021 communicationem
1226 2956 1602 3030 impetrabis,
1624 2962 2041 3030 praetereaque
2060 2957 2246 3031 tripu-

2363 1797 2525 1865 ζωὴν,
2559 1796 2659 1850 ἀπὸ
2714 1795 2775 1852 δὲ
2824 1809 2921 1862 τῆς
2970 1802 3115 1876 παρά
3167 1799 3462 1877 ἀνθρώποις
3517 1802 3724 1876 ἀτιμίας
3752 1801 3929 1860 ἐπὶτήν

2362 1881 2521 1949 δόξαν
2546 1892 2640 1945 τὴν
2668 1890 2814 1962 παρὰ
2840 1897 2995 1957 Θεοῦ,
3029 1895 3119 1943 καὶ
3150 1888 3251 1944 ἀπὸ
3290 1900 3387 1943 τῶν
3426 1895 3477 1945 ἓν
3514 1896 3693 1965 κόσμῳ
3738 1890 3929 1962 θλίψεων

2359 1980 2450 2028 καὶ
2503 1975 2761 2029 κολάσεων
2813 1976 2897 2030 ἐπὶ
2926 1981 3015 2040 τὰς
3067 1979 3306 2042 αἰωνίους
3352 1979 3677 2043 ἀναπαύσεις
3724 1983 3809 2042 τὰς
3848 1982 3926 2031 σὺν

2361 2064 2615 2137 ἀγγέλοις.
2650 2071 2719 2125 Γῆ
2757 2085 2816 2119 σε
2843 2066 3058 2126 πολίτην
3098 2068 3193 2121 οὐκ
3244 2066 3563 2138 ἀπεδέξατο,
3592 2069 3696 2123 ἀλλ’
3741 2069 3929 2142 οὐρανὸς

2359 2150 2682 2219 ὑποδέξεται,
2722 2158 2921 2229 κόσμος
2974 2152 3201 2224 ἐδίωξεν,
3240 2156 3368 2210 ἀλλὰ
3410 2158 3773 2232 βαστάσουσιν
3799 2158 3930 2228 ἀγγε-

2356 2241 2437 2295 λοι
2483 2249 2827 2316 παραστῆσαί
2866 2263 2922 2298 σε
2952 2253 3166 2321 Χριστῷ
3209 2248 3346 2318 (51)·
3402 2254 3498 2302 καὶ
3529 2248 3666 2322 φίλος
3694 2247 3929 2317 κληθήσῃ,

2355 2335 2447 2383 καὶ
2501 2334 2590 2383 τὸν
2630 2335 2987 2387 ποθεινότατον
3058 2337 3263 2387 ἔπαινον
3316 2335 3595 2399 ἀκούσας’
3666 2334 3753 2402 Εὖ,
3804 2331 3933 2386 δοῦλε

2356 2417 2519 2491 ἀγαθὲ
2566 2424 2657 2473 καὶ
2714 2425 2889 2490 πιστε,
2951 2433 3251 2499 στρατιῶτα
3305 2434 3542 2497 γενναῖε,
3609 2430 3696 2479 καὶ
3756 2424 3935 2499 μιμητά

2354 2516 2447 2562 τοῦ
2496 2514 2779 2578 Δεσπότου,
2813 2510 3074 2584 βασιλέως
3117 2504 3396 2584 ἀκόλουθε,
3452 2515 3555 2589 ἐγώ
3585 2535 3644 2570 σε
3688 2523 3791 2577 τοῖς
3820 2512 3935 2585 ἐμοῖς

2354 2596 2643 2671 ἀμεὶψομαι
2696 2595 2905 2673 δώροις·
2962 2599 3062 2673 ἐγὼ
3114 2610 3215 2654 τῶν
3270 2611 3376 2655 σῶν
3439 2603 3736 2679 ἀκούσομαι
3773 2602 3933 2673 λόγων,

2354 2684 2466 2739 ἐπεὶ
2513 2691 2604 2741 καὶ
2655 2692 2719 2741 σύ
2768 2697 2865 2741 τῶν
2918 2688 3072 2763 ἐμῶν.
3120 2692 3361 2754 Αἰτήσεις
3422 2691 3657 2767 ἀδελφῶν
3700 2694 3934 2764 σωτηρίαν

2352 2781 2832 2851 καταπονουμένων,
2881 2783 2971 2832 καὶ
3017 2787 3127 2842 τοῖς
3172 2780 3453 2846 κοινοιναῖς
3475 2792 3572 2847 τῆς
3600 2787 3814 2843 πίστεως
3832 2778 3934 2851 (52)

2351 2869 2442 2918 καὶ
2479 2874 2585 2927 τοῖς
2626 2869 2853 2939 μύσταις
2900 2876 2995 2929 τῆς
3048 2869 3181 2943 ἱερᾶς
3234 2868 3453 2943 ἀγάπης
3480 2871 3625 2947 λήψῃ
3680 2873 3817 2945 παρὰ
3855 2873 3934 2921 τού

2353 2952 2611 3027 βασιλέως
2639 2960 2733 3015 τὴν
2784 2965 2885 3010 τῶν
2942 2955 3151 3029 ἀγαθῶν
3193 2963 3514 3032 μετουσίανο
3577 2963 3842 3037 χορεύσεις
3883 2953 3934 3009 δί

589 3051 788 3109 diabis
802 3048 1067 3122 tripudia
1079 3047 1646 3119 sempiterna,geres
1663 3061 1953 3104 coronam
1968 3046 2123 3104 inter
2140 3063 2243 3104 an-

2353 3045 2445 3104 τὰς
2492 3043 2727 3106 αἰωνίους
2777 3051 3015 3121 χορείας,
3072 3052 3163 3102 καὶ
3216 3050 3427 3122 μεταξὺ
3462 3060 3567 3105 τῶν
3592 3050 3811 3123 ἀγγιλων
3839 3065 3936 3101 στε-

592 3141 776 3212 gelos,
798 3144 980 3212 atque
1000 3137 1288 3195 creaturis
1309 3135 1424 3193 sub
1445 3150 1585 3206 rege
1604 3135 1938 3209 imperans,
1959 3151 2080 3194 una
2102 3152 2243 3194 cum

588 3229 911 3288 beatorum
930 3228 1115 3285 choro
1135 3227 1198 3283 in
1218 3230 1511 3283 aeternum
1539 3225 1758 3281 beatus
1776 3225 1960 3282 vives.
1986 3226 2162 3292 Quod
2191 3225 2244 3283 si

589 3324 647 3378 te
691 3318 890 3376 adhuc
940 3317 1003 3373 in
1060 3315 1293 3372 mundo
1322 3320 1460 3388 post
1496 3314 1831 3371 certamina
1856 3316 2038 3371 etiam
2067 3315 2243 3372 relin-

589 3422 778 3482 quere
792 3405 973 3471 volet,
986 3411 1051 3462 ut
1070 3405 1251 3478 plura
1266 3408 1325 3460 et
1343 3403 1510 3461 varia
1528 3403 1697 3460 ineas
1718 3403 2068 3471 certamina,
2088 3405 2243 3462 mul-

589 3500 810 3569 tosque
834 3509 974 3551 cum
992 3508 1029 3550 a
1056 3490 1332 3548 visibilus
1363 3496 1494 3548 tum
1520 3490 1599 3548 ab
1629 3490 1961 3548 invisibilib
1972 3507 2044 3547 us
2067 3491 2241 3549 bellis

590 3574 790 3645 salvos
809 3589 870 3641 et
887 3582 1221 3640 incolumes
1242 3581 1666 3652 serves,gloria
1678 3585 1787 3638 tua
1806 3581 1988 3639 etiam
2004 3582 2066 3639 in
2084 3587 2243 3639 terra

589 3690 819 3747 magna
846 3674 975 3744 erit,
1005 3676 1060 3730 et
1100 3672 1162 3729 in
1209 3670 1400 3745 pretio
1428 3670 1544 3727 eris
1574 3671 1740 3744 apud
1768 3671 2018 3742 amicos,
2050 3671 2156 3746 qui
2185 3677 2240 3728 te

588 3770 853 3823 tutorem
898 3761 1359 3834 adjutoremque
1406 3775 1478 3816 ac
1514 3759 1748 3815 bonum
1793 3759 2059 3830 legatum
2087 3760 2242 3817 inve-

585 3852 879 3913 nerint.Hi
906 3851 1172 3909 nutriant
1194 3853 1249 3907 te
1279 3853 1576 3922 tanquam
1606 3853 1919 3906 strenuum
1948 3850 2236 3909 militem:

586 3945 651 4003 hi
688 3944 887 4002 colent
915 3946 969 3999 te
997 3940 1182 3998 veluti
1206 3939 1408 3996 virum
1450 3938 1850 3995 fortissimum
1893 3954 1965 3996 ac
1993 3955 2240 4011 genero-

587 4032 898 4091 sissimum
927 4047 940 4086 :
972 4029 1033 4087 hi
1064 4026 1417 4085 salutabunt
1439 4029 1494 4083 te
1522 4028 1716 4083 amice
1745 4031 1802 4083 et
1853 4027 2124 4097 comiter,
2153 4032 2238 4085 te-

584 4138 704 4198 que
732 4120 820 4178 uti
850 4118 951 4177 Dei
977 4116 1266 4188 angelum
1292 4131 1433 4172 cum
1464 4114 1690 4185 gaudio
1713 4115 2066 4188 suscipient,
2088 4131 2237 4191 que-

585 4209 989 4269 madmodum
1019 4205 1243 4264 Paulus
1265 4204 1369 4270 ait,
1389 4202 1554 4260 velut
1592 4203 1894 4261 Christum
1929 4205 2134 4262 Iesum
2164 4208 2233 4262 ⁸⁵.

585 4301 721 4357 Haec
752 4303 810 4355 et
834 4297 1108 4369 ejusdem
1130 4294 1367 4367 generis
1389 4292 1510 4350 alia
1538 4292 1760 4349 divina:
1788 4292 2015 4351 militiae
2036 4310 2233 4352 exem-

2351 3139 2755 3209 φανηφορήσεις,
2805 3133 3099 3207 βασιλεύων
3171 3142 3401 3202 κτίσεως
3455 3142 3559 3194 ὑπὸ
3607 3148 3678 3211 τῷ
3728 3135 3934 3213 βασιλεῖ,

2348 3227 2438 3275 καὶ
2488 3219 2904 3286 σννδιαιωνίζων
2972 3230 3236 3302 μακαρίως
3280 3236 3353 3300 τῷ
3422 3238 3523 3293 τῆς
3576 3231 3938 3304 μακαριότητος

2348 3319 2519 3385 χορῷ.
2553 3312 2615 3364 Εἰ
2664 3308 2724 3364 δὲ
2766 3317 2856 3365 καὶ
2894 3312 2978 3366 ἐπὶ
3024 3318 3227 3389 κόσμου
3256 3335 3315 3369 σε
3378 3318 3699 3390 καταλεὶψαι
3726 3320 3798 3370 in
3824 3315 3938 3389 μετὰ

2347 3404 2471 3463 τούς
2501 3399 2708 3473 ἀγῶνας
2745 3403 2899 3474 θέλοι,
2935 3406 3017 3458 ἱνα
3062 3408 3154 3459 καὶ
3201 3406 3458 3473 πλείονας
3505 3407 3710 3484 ἀγῶνας
3733 3412 3818 3461 καὶ
3842 3424 3941 3461 ποι·

2349 3489 2522 3552 κίλους
2550 3487 2838 3566 διαγωνίσῃ
2873 3493 3011 3565 (53),
3038 3499 3128 3547 καὶ
3158 3500 3339 3570 σώης
3381 3498 3440 3552 ἐκ
3470 3508 3575 3553 τῶν
3610 3498 3834 3575 ἀοράτων
3862 3496 3938 3547 καὶ

2349 3579 2547 3653 ὁρατῶν
2589 3579 2831 3654 πολέμιον
2876 3582 3113 3651 πολλοὺς,
3164 3584 3376 3657 μεγάλη
3431 3607 3532 3643 σου
3562 3592 3656 3643 καὶ
3699 3589 3829 3641 κατά
3855 3591 3939 3657 γῆν

2348 3669 2379 3726 ἠ
2415 3664 2567 3738 δόξα,
2594 3674 2684 3722 καὶ
2720 3672 2865 3747 παρὰ
2892 3678 3003 3735 τοῖς
3027 3672 3185 3745 φίλοις
3212 3676 3303 3748 ἔσῃ
3336 3681 3548 3751 τίμιος,
3581 3677 3873 3753 προστάτην
3892 3688 3940 3725 σε

2347 3762 2438 3809 καὶ
2492 3756 2688 3830 βοηθὸν
2731 3762 2821 3812 καὶ
2866 3760 3189 3835 πρεσϐευτὴν
3220 3761 3430 3835 ἀγαθὸν
3463 3768 3769 3844 εύρηκὸσιν,
3803 3763 3942 3817 Οὗτοι

2350 3845 2631 3920 θρέψουσιν
2659 3849 2731 3910 ὣς
2761 3855 3086 3924 στρατιώτην
3133 3850 3355 3924 ἀγαθόνδ
3391 3852 3547 3911 οὗτοι
3577 3853 3943 3931 τιμήσουσινὼς

2347 3933 2567 4009 ἀριστέα
2607 3945 2856 4008 γενναῖον*
2898 3936 3043 3992 οὗτοι
3086 3936 3447 4004 δεξιώσονται
3478 3950 3574 4000 καὶ
3614 3948 3742 4021 μετὰ
3796 3945 3945 4017 χαρᾶς

2346 4021 2689 4088 ὑποδέξονται
2717 4030 2782 4089 ὡς
2812 4026 3028 4100 ἄγγελον
3076 4037 3211 4083 Θεοῦ
3243 4027 3566 4108 δεχόμενοι,
3599 4038 3741 4089 καθά
3768 4031 3949 4089 Παῦλος

2346 4131 2527 4187 φησιν,
2577 4116 2641 4177 ὡς
2696 4121 2926 4193 Χριστὸν
2986 4118 3212 4178 Ἰησοῦν.
3270 4128 3464 4178 Ταῦτα
3503 4130 3600 4178 καὶ
3638 4127 3706 4179 τὰ
3747 4128 3948 4177 τοιαῦτα

2345 4211 2437 4264 τῆς
2477 4205 2612 4266 θείας
2663 4210 2937 4278 στρατείας
2981 4210 3051 4261 τὰ
3090 4207 3536 4286 παραδείγματα.
3573 4214 3870 4286 Διαλέγεται
3898 4205 3949 4262 δε

2346 4291 2441 4344 οὐκ
2493 4290 2721 4368 ἀνδράσι
2776 4299 2954 4368 μόνοις
2996 4298 3024 4350 ὁ
3077 4297 3225 4370 λόγος
3276 4302 3415 4372 (54).
3448 4306 3800 4381 Στρατεύεται
3855 4300 3946 4372 γὰρ

581 4387 686 4459 pla
708 4391 868 4445 sunt.
884 4388 1086 4459 Neque
1105 4399 1249 4442 vero
1279 4382 1359 4440 ad
1384 4381 1548 4440 solos
1567 4381 1729 4472 viros
1753 4387 1986 4472 spectat
2014 4388 2228 4443 oratio.

2353 4387 2434 4436 καὶ
2463 4386 2522 4437 τὸ
2547 4383 2674 4444 θῆλυ
2717 4388 2862 4460 παρά
2879 4395 3119 4461 Χριστῷ,
3149 4395 3213 4462 τῇ
3254 4389 3482 4468 ψυχικῇ
3537 4392 3762 4469 ἀνδρείᾳ
3809 4408 3951 4445 κατα-

581 4474 786 4533 Militat
803 4474 968 4533 enim
994 4473 1160 4547 apud
1182 4472 1482 4531 Christum
1503 4476 1559 4531 et
1587 4471 1881 4531 muliebre
1911 4488 2124 4545 genus.
2150 4474 2232 4533 ob

650 4636 699 4674 “
741 4632 930 4693 Galat.
964 4647 1044 4705 iv,
1071 4632 1159 4688 l4.

646 4781 761 4852 (ὅθ)
809 4780 951 4852 Regi,
1012 4772 1318 4852 secundus
1377 4769 1713 4852 ἀλήθειαν-ἓν
1759 4782 1983 4852 σεαυτῷ.
2018 4777 2228 4838 Statim

576 4845 757 4913 editio
813 4845 996 4907 Paris.
1027 4851 1118 4901 καὶ
1170 4846 1272 4900 ἀπὸ
1327 4853 1440 4901 τοῦ.
1471 4845 1695 4904 Vocula
1742 4851 1831 4900 καὶ
1879 4845 2051 4906 deest
2078 4855 2137 4908 et
2165 4852 2227 4908 in

574 4925 841 4984 editione
866 4924 1009 4977 Ven.
1042 4922 1108 4991 et
1136 4916 1199 4973 in
1236 4916 1502 4991 antiquis
1534 4917 1727 4991 tribus
1753 4918 1947 4977 libris.

644 4998 759 5069 (51)
784 4991 967 5069 Quod
996 4990 1079 5069 ait
1107 4988 1527 5069 gombeﬁsius,
1549 4988 1708 5069 duos
1731 5007 1879 5049 suos
1908 4996 2136 5069 veteres
2163 4993 2227 5051 li-

570 5059 717 5126 bros
917 5061 1085 5140 et
1103 5059 1191 5117 ita
1214 5059 1461 5140 habere,
1484 5068 1577 5113 τοῦ
1607 5068 1955 5140 παραστῆσαὶ
1985 5073 2200 5140 Χριστῷ
2206 5104 2221 5131 ,

570 5140 633 5196 id
653 5154 779 5196 non
797 5150 939 5209 vere
967 5133 1201 5209 dictum
1224 5136 1332 5209 est,
1348 5147 1490 5209 cum
1508 5133 1729 5209 vocula
1755 5136 1933 5195 resin
1964 5133 2223 5209 utroque

568 5210 726 5267 libro
781 5207 953 5281 desit.
982 5203 1210 5281 _Editi0
1257 5203 1447 5281 Paris.
1500 5204 1713 5281 ἄγγελοι
1762 5203 2143 5281 παραστῆσαι-
2165 5227 2223 5281 σε

570 5287 807 5354 Χριστῷ.
850 5277 1024 5354 illud
1052 5294 1122 5354 σε·
1138 5290 1336 5354 neque
1391 5274 1891 5354 in_nostri_srms's.
1936 5293 2131 5354 neque
2158 5279 2221 5336 in

568 5347 1071 5423 editioneﬂeneta
1107 5348 1592 5423 invenitur._lttox
1622 5347 1800 5423 editio
1846 5347 2218 5423 Paria—Basia,

570 5417 739 5473 δοῦλε.
766 5418 952 5491 Editio
974 5421 1117 5474 Ven.
1142 5423 1200 5491 et
1227 5418 1459 5491 antiqui
1491 5422 1610 5474 tres
1638 5418 1783 5491 libri
1798 5420 1889 5486 Εύ,
1917 5417 2087 5477 δοῦλε.

641 5492 753 5561 (5‘2)
784 5490 871 5544 lta
889 5490 1036 5557 Reg.
1060 5489 1288 5545 tertius.
1309 5488 1413 5545 Illa
1439 5493 1643 5545 autem
1667 5489 2027 5564 verba,quae
2048 5492 2218 5550 addi-

566 5561 789 5630 dimus,
817 5564 907 5613 καὶ
931 5568 1037 5620 τοίς
1058 5567 1323 5622 κοινωνοῖς
1351 5568 1447 5623 τῆς
1477 5580 1721 5634 πιστεως,
1760 5561 2044 5635 leguﬁtur
2067 5581 2214 5640 quo.

2343 4471 2608 4547 λεγόμενον
2653 4474 2721 4537 εἰς
2766 4479 2860 4536 τὴν
2915 4481 3212 4554 στρατείαν,
3242 4483 3334 4533 καὶ
3374 4481 3442 4535 ού
3488 4480 3590 4538 διὰ
3615 4488 3714 4544 τὴν
3741 4488 3834 4536 τοῦ
3863 4482 3950 4533 σώ-

2336 4792 2455 4851 que
2508 4776 2571 4837 in
2625 4779 2899 4853 margine
2949 4781 3174 4841 codicis
3214 4786 3533 4845 Mazarini.
3592 4787 3753 4847 Editi
3779 4790 3836 4845 et
3865 4782 3956 4844 alii

2334 4865 2486 4935 mss.
2515 4856 2998 4935 καταπονουμένων,
3029 4860 3119 4908 καὶ
3162 4863 3281 4935 τοῖς
3302 4860 3788 4935 μύσταις-γᾳυοά
3836 4870 3956 4935 mu-

2335 4921 2506 5005 tilum
2520 4929 2662 5005 lerat
2690 4930 2746 4982 et
2766 4921 3133 5005 truncatum.
3160 4921 3336 5005 Haud
3354 4921 3560 5005 longe
3584 4921 3732 5002 Reg.
3756 4927 3956 4987 tertius

2333 4997 2392 5050 et
2414 4993 3009 5072 editioYenthabent
3024 4998 3089 5054 in
3105 4998 3385 5069 margine
3410 4993 3648 5072 ἀγῖιθῶυ
3675 4993 3953 5058 {mm-ain.

2405 5065 2516 5147 ςξξᾷ)
2542 5065 2733 5147 ξᾶὶιῇο
2758 5069 2899 5147 Yen.
2923 5073 3156 5147 et_mss.
3179 5065 3298 5127 trés
3316 5065 3621 5137 ποιχῦιους
3642 5072 3951 5147 διαγωνίσῃ.

2552 5138 2737 5213 Paris.
2771 5135 3148 5213 dtur/misy:
3216 5211 3223 5213 A
3336 5191 3346 5199 .

2402 5209 2642 5290 (ὅθ-δίο
2677 5209 2911 5290 antiqui
2939 5209 3062 5290 tres
3090 5211 3247 5270 libri.
3281 5213 3491 5290 Editio
3540 5217 3739 5290 paris,
3761 5211 3955 5290 flama

2328 5277 2507 5351 λόγος.⁷
2529 5282 2658 5337 Mox
2685 5277 2992 5358 Μειῖπαρὰ
3018 5291 3091 5354 τῷ
3117 5292 3354 5367 Χριστῷ.
3380 5288 3572 5344 Haud
3596 5277 3785 5362 longe
3803 5284 3957 5344 idem

2326 5350 2522 5408 codex
2549 5358 2896 5416 καταγόμενον
2928 5354 2994 5415 εἰς
3013 5360 3107 5414 τήν
3128 5357 3210 5413 ad
3228 5356 3533 5415 mzliu'am
3571 5358 3955 5416 descendens.

2327 5371 2522 5408 coaex
2549 5371 2896 5426 καταγομενον
2928 5373 2994 5415 εις
3013 5374 3107 5414 την
3128 5371 3207 5413 αα
3228 5371 3533 5415 mumam
3571 5371 3955 5418 descendens.

2327 5423 3139 5508 Βεελῑθιξζὶυε,καθαπτόμενον,
3161 5432 3217 5483 et
3246 5426 3330 5483 ita
3349 5442 3626 5508 quoque
3657 5431 3879 5508 legitur
3901 5427 3955 5481 in

2325 5508 2436 5576 ora
2455 5497 2620 5576 Regii
2632 5497 2831 5576 primi,
2845 5497 3234 5576 non‘quidem
3246 5497 3484 5576 eadem
3508 5497 3854 5576 manuked
3866 5511 3959 5576 an-

2324 5568 2493 5637 tiqua
2511 5570 2739 5626 tamen.
2757 5568 3028 5642 Utraque
3047 5569 3228 5629 editio
3243 5570 3299 5626 et
3330 5570 3409 5628 Η.
3445 5577 3519 5630 ut
3550 5574 3622 5631 in
3649 5568 3951 5634 contextu.
