4100 6196
233 229 343 284 69.5

1191 229 1420 288 SERMO
1461 233 1552 288 DE
1591 231 2161 289 RENUNTIATIONE
2192 230 2480 300 SECULI,
2520 231 2666 287 ETC.

3499 236 3604 290 626

231 374 406 428 ματος
453 352 722 407 ἀσθένειαν
782 350 1320 429 ἁποδοκιμαζόμενον,
1365 361 1454 410 καὶ
1505 357 1690 410 πολλαὶ
1740 377 1813 429 γυ·

1954 354 2143 412 animi
2165 355 2579 412 fortitudinem
2610 354 2689 411 ad
2715 353 2992 410 militiam
3041 352 3364 420 delectum,
3390 370 3501 412 nec
3525 357 3605 412 ob

230 451 409 505 ναῖκες
467 445 788 517 ἠρίστευσαν
843 440 1044 517 ἀνδρῶν
1101 445 1194 498 οὐκ
1251 445 1477 502 ἔλαττον.
1537 447 1658 500 Εἰσὶ
1696 443 1756 499 δὲ
1785 445 1839 498 αἳ

230 537 323 585 καὶ
376 532 634 604 μειζόνως
687 528 1064 604 εὐδοκίμησαν.
1118 533 1207 586 Ἐκ
1253 537 1446 588 τούτων
1505 535 1636 588 εἰσὶν
1664 536 1840 598 αἰτῇς

229 623 516 694 παρθενίας
580 620 878 696 πληροῦσαι
934 626 1020 674 τόν
1066 627 1248 696 χορόν.
1306 623 1393 679 Ἐκ
1422 627 1614 676 τούτων
1647 625 1700 676 ui
1730 632 1839 687 τοῖς

231 709 408 781 ἀγῶσι
464 719 563 772 τῆς
613 709 893 783 ὁμολογίας
946 717 1034 764 καὶ
1074 720 1190 774 ταῖς
1218 717 1387 776 νίκαις
1421 722 1518 776 τῆς
1545 718 1837 788 μαρτυρίας

230 797 651 870 ἐκπὶαμπουσιν.
713 799 1055 853 Ἠκολούοουν
1123 797 1182 855 δε
1242 807 1330 854 xui
1388 802 1528 873 αὐτῷ
1556 812 1628 873 τῷ
1661 808 1834 878 Κυρίῳ

228 891 366 940 κατὰ
391 893 487 947 τὴν
519 894 816 963 παρουσίαν
845 889 938 941 οὐκ
959 887 1147 965 ἄνδρες
1176 894 1348 963 μόνον,
1382 890 1510 944 ἀλλὰ
1530 897 1619 944 καὶ
1658 900 1836 963 γυναῖ-

226 997 331 1041 κες,
379 978 471 1029 xui
525 973 596 1030 δι’
649 976 948 1054 ἀμφοτέρων
999 981 1029 1038 ἡ
1077 979 1376 1054 λειτουργία
1441 987 1532 1034 τοῦ
1601 987 1835 1054 Σωτῆρος

224 1065 529 1121 ὲπετελεῖτο.
559 1070 819 1120 Τοιούτων
850 1073 940 1120 καὶ
967 1069 1131 1131 οὕτως
1197 1066 1418 1132 ἐνδόξων
1487 1068 1831 1142 ἀποκειμένων

223 1166 284 1227 τῇ
347 1162 604 1231 στρατεία
650 1165 712 1229 τῇ
760 1160 903 1208 καπα
955 1161 1207 1231 Χριστὸν,
1257 1157 1670 1232 ἐπιθυμείτωσαν

223 1246 386 1308 αὐτῆς
427 1251 522 1298 καὶ
573 1250 792 1322 πατέρες
847 1243 1072 1314 παίδων,
1129 1254 1218 1301 καὶ
1274 1255 1487 1322 μητέρες
1519 1252 1825 1324 Θυγατέρων.

223 1338 655 1405 Προσαγέτωσαν
705 1337 770 1385 τα
827 1335 994 1387 αὐτῶν
1041 1341 1356 1408 γεννήματα,
1414 1341 1692 1412 χαίροντες
1747 1335 1828 1390 ἐπὶ

215 1431 332 1484 ταῖς
384 1423 620 1484 αἰωνίοις
658 1422 884 1489 ἐλπίσιν,
913 1425 980 1474 ὧν
1032 1427 1080 1476 οἱ
1102 1422 1288 1487 παῖδες
1320 1425 1498 1488 αὐτοῖς
1528 1427 1822 1498 μεθέξουσι,

215 1514 528 1586 προστάτας
567 1515 708 1584 ἔχειν
774 1516 918 1588 παρά
973 1522 1183 1585 Χριστῷ
1222 1520 1310 1566 καὶ
1341 1514 1660 1590 πρεσϐευτὰς
1689 1515 1824 1587 ἀγα-

221 1603 346 1663 σονς
404 1601 797 1673 ἐπιθυμοῦντες,
859 1608 953 1655 Καὶ
1022 1607 1091 1675 μὴ
1149 1603 1480 1677 μικρόψυχοι
1531 1609 1647 1679 περὶ
1704 1609 1825 1667 τοὺς

1951 445 2221 518 corporis
2235 445 2682 502 imbecilitatem
2695 444 3007 514 rejectum,
3024 459 3162 500 cum
3177 443 3417 500 femina:
3440 461 3607 502 com-

1949 534 2153 608 plures
2172 549 2298 590 non
2325 535 2528 590 minus
2542 533 2769 590 fortiter
2789 547 2976 605 quam
2999 531 3114 604 ipsi
3131 533 3387 588 virisese
3410 548 3608 604 gesse-

1945 624 2084 680 rint.
2099 627 2222 680 Imo
2234 622 2417 680 etiam
2431 639 2552 680 non
2569 623 2787 679 desunt
2808 637 2943 694 quas
2957 620 3212 691 gloriam
3225 621 3403 692 longe
3417 623 3606 694 majo-

1945 728 2073 768 rem
2097 717 2433 768 consecutae
2458 712 2696 768 sint.Ex
2741 711 2857 777 his,
2901 715 3042 766 sunt
3067 726 3204 782 quae
3244 710 3604 781 virginalem

1945 801 2202 857 chorum
2228 806 2624 874 componunt.
2653 804 2735 857 Ex
2763 800 2880 869 his,
2903 815 3038 872 quae
3058 799 3459 855 confessionis
3480 817 3606 858 cer-

1945 892 2300 962 taminibus,
2324 897 2382 948 et
2409 891 2683 964 martyrii
2705 891 2968 947 victoriis
2992 890 3241 946 clarent.
3285 890 3440 956 Quin
3481 894 3602 947 Do-

1942 981 2181 1037 minum
2223 981 2423 1054 ipsum
2478 982 2682 1051 etiam,
2717 980 2866 1037 dum
2911 979 3064 1036 inter
3102 995 3215 1035 nos
3239 984 3597 1048 versaretur,

1945 1069 2360 1143 sequebantur
2377 1087 2502 1126 non
2527 1071 2638 1126 viri
2662 1069 2880 1136 solum,
2911 1069 3017 1124 sed
3059 1074 3116 1124 et
3140 1068 3422 1125 mulieres
3449 1085 3600 1142 quo-

1939 1177 2082 1233 que,
2115 1165 2172 1217 et
2196 1176 2304 1232 per
2334 1164 2622 1232 utrosque
2644 1159 3045 1216 ministerium
3100 1159 3430 1215 Servatoris
3458 1174 3595 1231 per-

1938 1250 2271 1308 ﬁciebatur.
2299 1254 2447 1307 Cum
2477 1251 2658 1322 igitur
2688 1249 2829 1306 talia
2859 1253 2917 1305 et
2936 1254 3058 1305 tam
3088 1248 3309 1304 eximia
3339 1248 3596 1320 praemia

1936 1339 2162 1395 militiae
2204 1339 2414 1395 Christi
2449 1339 2846 1405 destinentur,
2896 1353 2967 1393 ac
3016 1341 3413 1409 seponantur,
3461 1337 3594 1406 ejus

1937 1427 2276 1483 afﬁciantur
2305 1426 2602 1482 desiderio
2632 1431 2690 1482 et
2714 1431 2916 1499 patres
2946 1424 3228 1492 ﬁliorum,
3273 1428 3330 1479 et
3365 1429 3592 1480 matres

1933 1515 2218 1572 ﬁliarum.
2251 1516 2571 1572 Adducunt
2599 1531 2710 1571 sua
2736 1516 3010 1588 pignora,
3035 1529 3144 1586 spe
3174 1519 3399 1568 aeterna
3447 1512 3591 1583 laeti,

1933 1605 2107 1675 cujus
2137 1605 2228 1660 sui
2258 1605 2359 1660 filii
2382 1621 2588 1660 secum
2619 1605 2803 1659 futuri
2833 1608 2971 1660 sunt
3000 1603 3345 1674 participes,
3406 1608 3588 1674 atque

211 1689 417 1753 παῖδας
485 1693 773 1764 γενώμεθα,
820 1688 959 1764 μηδὲ
1022 1692 1324 1766 φοϐηθῶμεν
1380 1693 1422 1746 εἰ
1478 1699 1813 1757 πονήσουσιν1

1933 1693 2099 1765 apud
2121 1693 2418 1750 Christum
2446 1699 2738 1766 patronos
2767 1693 3085 1764 bonosque
3114 1691 3345 1761 legatos
3387 1706 3459 1746 ac
3489 1690 3588 1747 de-

357 1782 744 1856 εὐφρανθῶμεν,
780 1783 862 1833 ὃτι
889 1777 1334 1844 δοξασθὴσονται.
1392 1789 1821 1856 Παραστήσωμεν

213 1880 284 1941 τῷ
357 1876 540 1944 Κυρίῳ
589 1873 656 1923 τὰ
695 1867 914 1923 δοθέντα
942 1871 1064 1944 παρ’
1105 1872 1286 1938 αὐτοῦ,
1318 1874 1400 1924 ἵνα
1427 1877 1516 1925 καὶ
1544 1881 1635 1933 τῆς
1665 1870 1819 1925 ευδο-

213 1966 489 2032 κιμήσεως
531 1968 631 2012 τῶν
683 1956 889 2012 παίδων
950 1963 1212 2033 γενώμεθα
1240 1967 1494 2027 κοινωνοὶ,
1539 1981 1819 2036 συμπροσ-

214 2051 425 2120 αὲγοντες
490 2049 705 2110 ἑαυτοὺς
756 2049 872 2119 (56)
922 2054 1011 2102 xui
1054 2059 1537 2124 συμπαριστώντες.
1588 2056 1704 2111 Τοῖς
1748 2047 1815 2110 δὴ

213 2138 352 2190 οὕτω
442 2140 896 2212 προθυμουμένοις
987 2145 1077 2192 καὶ
1168 2141 1325 2200 οὕτως
1423 2138 1818 2212 ἀγωνιζομένοις

212 2225 382 2289 καλῶς
444 2229 507 2278 οἶν
574 2247 654 2289 τις
721 2227 776 2280 ἐκ
827 2236 919 2280 τοῦ
950 2225 1246 2301 Ψαλμῳδοῡ
1274 2228 1439 2300 λέγοι·
1469 2227 1816 2300 Εὐλογημένοι

213 2317 354 2385 ὑμεῖς
436 2324 510 2385 τῷ
577 2320 752 2390 Κυρίῳ
803 2325 875 2386 τῷ
949 2322 1231 2375 ποιήσαντι
1304 2321 1390 2369 τὸν
1456 2316 1670 2392 οὐρανὸν
1726 2323 1816 2370 καὶ

212 2409 299 2461 τήν
365 2413 490 2475 γῆν.
545 2408 643 2458 Καὶ
685 2408 823 2457 κατὰ
869 2409 956 2457 τόν
985 2411 1194 2478 Μωσέα,
1245 2407 1443 2470 εὔξεται
1472 2411 1590 2479 περὶ
1621 2405 1810 2458 αὐτῶν·

214 2493 444 2563 εὐλόγει,
509 2496 686 2566 Κύριε,
736 2496 804 2545 τὰ
846 2497 972 2567 ἔργα
1017 2495 1207 2547 αὐτῶν·
1246 2494 1468 2556 κάταξον
1499 2493 1659 2569 ὀφρὺν

215 2580 608 2639 ἐνθεστπκότων
705 2583 904 2644 αὐτοῖς.
986 2581 1325 2659 Ἀνδρίζεσθι
1405 2587 1474 2644 ως
1561 2592 1806 2654 γενναῖοι,

218 2667 438 2742 δράμετε
493 2676 742 2742 γενναίως
783 2675 872 2724 τόν
915 2669 1109 2746 δρόμον
1167 2671 1250 2724 ἐπὶ
1299 2679 1408 2734 τοῖς
1435 2672 1658 2733 αἰωνίοις
1691 2691 1811 2726 στε-

221 2762 408 2829 φάνοις,
457 2760 509 2812 ἐν
555 2768 772 2833 Χριστῷ
825 2760 1001 2819 Ἰησοῦ
1032 2769 1103 2833 τῷ
1137 2765 1311 2836 Κυρίῳ
1349 2761 1514 2833 ἡμῶν,
1620 2763 1648 2819 ἡ
1680 2757 1811 2826 δόξα

223 2845 285 2910 εἰς
302 2853 424 2912 τοὺς
463 2848 677 2910 αἰῶνας.
705 2848 892 2921 Ἀμήν.

705 2583 857 2635 αὗτοί
864 2604 904 2644 ς.

1929 1788 2275 1855 precatores
2303 1782 2528 1838 habere
2547 1781 2882 1854 cupientes.
2909 1784 3114 1853 Neque
3137 1782 3325 1836 simus
3361 1779 3585 1853 pusillo

1929 1872 2134 1928 animo
2161 1873 2220 1928 in
2247 1872 2491 1940 liberos,
2539 1887 2734 1943 neque
2768 1875 3231 1943 perterreamur,
3284 1869 3331 1925 si
3377 1868 3585 1925 labore

1928 1959 2324 2016 conﬁciantur
2357 1978 2368 2015 :
2400 1959 2510 2014 sed
2536 1959 2610 2014 de
2642 1958 2833 2029 gloria
2877 1958 3022 2031 ipsis
3073 1957 3581 2014 tribuendalaete-

1927 2064 2083 2104 mur.
2116 2047 2450 2105 Offeramus
2474 2048 2724 2102 Domino
2746 2063 2882 2120 quae
2898 2046 2978 2102 ab
3003 2046 3141 2118 ipso
3159 2053 3299 2101 sunt
3327 2046 3490 2110 data,
3516 2050 3582 2101 ut

1927 2137 2073 2194 socii
2100 2137 2276 2194 etiam
2310 2137 2512 2208 gloriae
2537 2136 2800 2192 filiorum
2830 2135 3185 2202 efficiamur,
3208 2134 3579 2191 adducentes

1925 2227 2104 2283 simul
2125 2231 2182 2284 et
2209 2227 2483 2282 sistentes
2509 2225 2938 2297 nosmetipsos.
2965 2225 3138 2295 202
3168 2226 3330 2281 Certe
3368 2223 3439 2278 iis
3468 2222 3577 2294 qui

1922 2315 2082 2372 hanc
2107 2315 2294 2372 animi
2325 2314 2698 2371 alacritatem
2727 2314 3115 2385 ostenderint,
3149 2318 3330 2385 atque
3360 2312 3442 2367 ita
3469 2310 3576 2366 de-

1858 2419 1862 2422 '
1920 2405 2221 2470 certarint,
2269 2405 2402 2475 jure
2429 2419 2500 2460 ac
2525 2403 2738 2460 merito
2769 2403 3079 2476 quispiam
3131 2417 3204 2458 ex
3256 2399 3576 2457 Psalmista

1921 2494 2180 2550 dixerint
2213 2510 2226 2548 :
2259 2493 2574 2550 Benedicti
2592 2508 2690 2548 vos
2716 2508 2753 2549 a
2773 2493 3048 2560 Domino,
3071 2492 3178 2562 qui
3187 2491 3334 2560 fecit
3356 2489 3574 2545 caelum

1920 2589 1977 2640 et
2006 2590 2230 2640 terram
2251 2584 2321 2638 εδ.
2378 2585 2444 2638 Et
2475 2582 2629 2638 sicut
2655 2584 2867 2650 Moses,
2919 2585 3053 2636 orat
3081 2595 3190 2652 pro
3229 2578 3374 2651 ipsis
3403 2594 3417 2633 :
3451 2577 3571 2632 Be-

1919 2673 2113 2740 nedic,
2129 2673 2396 2742 Domine,
2407 2671 2684 2742 operibus
2698 2672 2937 2728 illorum
2950 2672 3172 2741 frange
3181 2668 3571 2738 supercilium

1917 2777 2122 2819 eorum
2139 2764 2244 2834 qui
2267 2761 2390 2817 illis
2411 2761 2906 2818 adversantur“.
2947 2757 3197 2815 Viriliter
3240 2756 3398 2827 agite
3446 2760 3574 2811 tan-

1915 2866 2102 2924 quam
2131 2850 2429 2921 generosi,
2459 2864 2908 2922 generososque
2937 2864 3118 2905 cursu
3143 2847 3224 2904 ad
3262 2846 3574 2919 sempiter-

1914 2954 2028 2995 nas
2071 2954 2330 2996 coronas
2378 2938 2744 3001 contendite,
2777 2937 2839 2994 in
2869 2937 3101 2995 Christo
3127 2939 3272 2994 Jesu
3317 2935 3573 2993 Domino

1836 3029 1876 3088 C
1913 3031 2121 3085 nostro
2148 3028 2242 3084 cui
2273 3026 2466 3097 gloria
2489 3027 2553 3084 in
2579 3025 2823 3084 saecula.
2857 3026 3071 3082 Amen.

223 3171 2020 3194 W

469 3275 604 3321 ΤΟΥ
644 3275 861 3323 ΑΥΤΟΥ
890 3275 1108 3322 ΛΟΓΟΣ
1138 3276 1532 3338 ΑΣΚΙΙΤΙΚΟΣ,

224 3377 303 3425 xui
351 3380 659 3450 παραίνεσις
700 3381 818 3449 περὶ
895 3375 1160 3449 ἁποταγῆς
1218 3376 1363 3450 βίον,
1438 3383 1528 3432 xui

746 3467 873 3510 σεως
895 3468 1016 3501 πνευ
1019 3469 1124 3522 ματ
1132 3458 1212 3509 ixi
1227 3469 1267 3510 ς.

1611 3377 1808 3432 τελειώ-

286 3557 331 3607 1.
380 3560 529 3606 Δεῦτε
581 3557 721 3621 πρὸς
787 3557 868 3627 μὲ,
918 3557 1102 3618 πάντες
1156 3558 1204 3608 οἱ
1247 3565 1526 3620 κοπιῶντες
1572 3559 1663 3610 καὶ
1707 3575 1803 3610 πε-

213 3648 559 3715 φορτισμένοι,
630 3641 776 3714 κάγὼ
829 3642 1114 3697 ἀναπαύσω
1173 3646 1328 3718 ὑμᾶς,
1403 3651 1562 3718 φησιν
1606 3650 1635 3705 ἡ
1693 3648 1804 3699 θεία

211 3738 360 3801 φωνὴ,
424 3737 526 3784 εἰτε
581 3737 676 3790 τὴν
732 3731 835 3785 ἐκεῖ
899 3732 1210 3802 ἀνάπαυσιν,
1280 3739 1380 3788 εἴτε
1417 3741 1509 3794 τὴν
1577 3735 1801 3790 ἐντεῦθεν

208 3821 551 3894 αἰνιττομένη.
598 3822 741 3880 Πλὴν
792 3841 849 3894 γε
895 3824 1267 3898 προσκαλεῖται
1324 3828 1480 3897 ἡμᾶς,
1529 3833 1681 3879 τοῦτο
1711 3830 1801 3899 μεν

205 3914 286 3961 τόν
348 3916 541 3985 φόρτον
579 3920 674 3974 τῆς
718 3911 1078 3975 πολυκτησίας
1109 3911 1143 3966 δ
1149 3917 1201 3966 ια
1249 3923 1344 3975 τῆς
1391 3915 1458 3975 εἰς
1483 3919 1603 3977 τοὺς
1625 3912 1801 3989 δεομέ-

200 4018 314 4061 νους
369 3998 668 4062 ἀποθέσεως
726 4006 1092 4075 προτρέπουσα
1168 4000 1575 4056 ἀποϐάλλεσθαιο
1644 4012 1798 4058 τοῦτο

204 4084 276 4154 δὲ,
329 4093 419 4141 τόν
473 4088 532 4140 ἐκ
603 4092 790 4142 τούτου
835 4096 1237 4165 προσγινόμενον
1295 4095 1420 4165 ἡμῖν
1472 4094 1588 4163 (58)
1641 4093 1798 4167 ἑσμόν

199 4173 292 4228 τῶν
342 4177 740 4250 ἁμαρτημάτων
790 4175 883 4232 διὰ
933 4188 1021 4242 τῆς
1077 4181 1308 4243 εὐποιίας
1372 4187 1463 4234 καὶ
1520 4181 1796 4258 ἐξαγορεύ-

202 4284 321 4328 σεως
349 4265 771 4340 ἀπορρίψαντας,
804 4266 1164 4343 προσδραμεῖν
1203 4278 1272 4340 τῷ
1305 4275 1644 4347 σταυροφόρῳ
1694 4271 1796 4344 βίῳ

2237 3267 2550 3325 EJL'SDEM
2579 3266 2807 3324 SERMO
2847 3263 3246 3329 ASCETICUS,

1914 3382 1968 3436 et
1999 3375 2339 3435 exhortatio
2369 3377 2442 3432 de
2471 3374 2920 3432 renuntiatione
2942 3372 3172 3439 saeculi,
3209 3375 3265 3427 et
3305 3370 3380 3428 de
3423 3385 3564 3441 per-

2420 3449 2545 3518 fect
2554 3448 2686 3502 iane
2703 3445 3042 3515 spirituali.

1985 3563 2037 3614 1.
2073 3559 2276 3615 Venite
2295 3557 2377 3613 ad
2404 3572 2516 3623 me,
2545 3570 2744 3612 omnes
2767 3556 2871 3628 qui
2898 3553 3212 3619 laboratis,
3255 3558 3308 3609 et
3330 3553 3569 3608 onerati

1910 3650 2064 3718 estis,
2091 3654 2146 3704 et
2173 3663 2277 3718 ego
2299 3647 2563 3716 reﬁciam
2591 3660 2711 3712 vos,
2744 3643 2940 3716 inquit
2964 3659 3079 3698 vox
3103 3642 3239 3714 ipsa
3263 3640 3472 3696 divina
3492 3641 3562 3696 ⁸⁸.

1911 3741 2042 3794 Haec
2103 3738 2231 3793 sive
2288 3736 2578 3804 futuram,
2613 3738 2738 3790 sive
2769 3736 3131 3807 prtesentem
3155 3730 3452 3802 signiticet
3478 3745 3566 3786 re-

1907 3827 2134 3902 quiem,
2191 3842 2303 3882 nos
2346 3830 2504 3881 certe
2548 3825 2840 3892 hortatur,
2889 3820 3112 3894 partim
3137 3825 3201 3875 ut
3231 3817 3564 3876 multarum

1905 3916 2252 3973 divitiarum
2274 3930 2429 3971 onus
2460 3913 2841 3986 abjiciamus,
2869 3909 3178 3982 erogando
3204 3924 3308 3964 eas
3338 3923 3565 3980 paupe-

1905 4007 2091 4072 ribus,
2123 4005 2347 4077 partim
2375 4007 2440 4060 ut
2469 4009 2858 4076 peccatorum
2909 3999 3384 4066 multitudinem,
3421 4012 3561 4068 quae

1905 4094 2045 4151 inde
2067 4094 2322 4164 accedit,
2360 4109 2468 4166 per
2488 4091 2907 4149 liberalitatem
2929 4086 3442 4145 etconfessionem
3463 4085 3563 4140 de-

1904 4189 2218 4256 ponentes,
2237 4182 2317 4240 ad
2330 4183 2686 4238 cruciferam
2704 4179 3144 4236 monachorum
3157 4175 3343 4232 vitam
3355 4190 3460 4230 acc
3469 4189 3560 4229 ur-

1903 4289 2131 4329 ramus.
2163 4271 2446 4344 Quisquis
2476 4271 2656 4341 igitur
2683 4268 2937 4325 Domino
2965 4265 3210 4322 obedire
3259 4263 3374 4319 sibi
3419 4277 3557 4335 pro-

198 4361 290 4406 τῶν
331 4365 609 4427 μοναχὼν.
660 4356 718 4408 ’0
770 4361 937 4409 τοίνυν
986 4359 1286 4411 ὑπακοῦσαι
1317 4368 1531 4434 Χριστῷ
1564 4379 1795 4436 προῃρη-

1922 4362 2124 4432 Josuit,
2147 4343 2510 4432 festinatque
2527 4359 2604 4414 ad
2629 4371 2959 4430 pauperem
2981 4370 3052 4410 ac
3067 4354 3334 4426 quietam
3350 4351 3556 4419 vitam,

198 4450 360 4515 μένος,
431 4452 525 4497 καὶ
586 4449 716 4519 πρός
767 4449 853 4498 τόν
882 4451 1097 4519 πτωχόν
1128 4452 1216 4500 καὶ
1245 4447 1635 4524 ἀπερίσπαστον
1677 4449 1793 4522 βίον

199 4531 538 4606 ἐπειγόμενος,
597 4535 899 4605 θαυμαστὸς
950 4538 1014 4597 ὡς
1066 4534 1272 4598 ἀληθῶς
1317 4541 1406 4590 καὶ
1444 4543 1790 4612 μακαριστός.

201 4620 368 4685 ἴηλα,
420 4622 729 4696 παρακαλῶ,
791 4628 862 4696 μὴ
915 4621 1287 4697 ἀδοκιμάστως
1353 4634 1507 4678 τοῦτο
1559 4632 1789 4693 ποιείτω,

199 4708 331 4781 μηδὲ
365 4714 704 4785 ὗπογραῳίτω
735 4713 899 4784 ἑαυτῷ
926 4713 1236 4772 ἀνεκτότητα
1269 4713 1412 4787 βίον,
1471 4720 1560 4768 καὶ
1615 4736 1791 4777 σωτη-

199 4806 309 4872 ρίαν
362 4803 606 4873 ἄμαχον.
864 4802 1053 4875 μᾶλλον
1135 4804 1545 4879 προγυμναξέτω
1612 4806 1790 4860 ἑαυτόν

201 4894 321 4961 πρός
367 4886 717 4962 εὐδοκίμησιν
765 4893 1024 4964 ὑπομονῆς
1081 4891 1299 4964 θλίψεων
1367 4902 1674 4966 σωματικῶν
1738 4914 1793 4948 τε

265 5034 311 5067 ⁶⁶
339 5031 497 5090 Psal.
527 5049 683 5100 CXIII,
716 5039 801 5090 t5.
880 5036 922 5071 σῖ
955 5035 1122 5092 Deut.
1145 5051 1344 5104 χχχιιι,
1372 5041 1454 5093 tt.

267 5178 376 5242 (55)
402 5177 568 5246 Regii
595 5176 826 5253 primus
845 5182 913 5253 et
924 5179 1132 5253 tertius
1153 5179 1379 5253 ίπιονμη
1391 5184 1654 5235 auream.
1675 5183 1792 5240 Ali-

207 5255 417 5324 quanto
438 5254 579 5320 post
603 5249 746 5304 duo.
778 5249 939 5320 Regii
966 5249 1447 5324 προσαγαγέτωσαν
1485 5255 1571 5308 τὰ.
1624 5255 1791 5312 Alius

207 5317 376 5374 codex
417 5317 778 5391 προσαγαγεῖν
809 5317 895 5375 rei.

269 5394 369 5457 (56)
397 5390 812 5466 ῥειιὶςυὶὴόυο
836 5391 974 5447 libri
1008 5395 1466 5466 συμπροσοίγοντις
1509 5396 1718 5458 αὐτούς.

266 5467 369 5531 (57)
399 5461 1342 5546 liditi'etReg.secunduszuraiév
1364 5465 1540 5548 ὀφρύν,
1571 5469 1796 5594 {range

266 5536 622 5594 Mettium;
657 5537 1076 5594 etitauuoaue
1098 5551 1159 5592 in
1188 5539 1331 5594 Reg.
1358 5551 1555 5594 primo
1597 5539 1795 5594 euitur

211 5535 622 5604 supercilium;
657 5533 815 5591 etita
829 5550 1076 5608 quoque
1098 5536 1159 5592 in
1188 5539 1331 5607 Reg.
1358 5533 1555 5610 primo
1571 5533 1795 5610 legitur

1901 4465 2040 4506 vere
2082 4449 2482 4506 admirandus
2538 4451 2647 4513 est,
2701 4445 3040 4517 beatusque
3087 4440 3404 4498 dicendus.
3441 4439 3559 4497 Sed

1901 4539 2214 4608 adhortor,
2236 4546 2300 4593 ut
2318 4553 2391 4594 ne
2411 4535 2933 4593 inconsideranter
2961 4533 3078 4589 hoc
3107 4531 3426 4596 faciat,nec
3444 4529 3558 4590 sibi

1901 4628 2088 4698 ﬁngat
2117 4627 2364 4700 aliquod
2396 4626 2530 4682 vitae
2580 4640 2773 4696 genus
2795 4622 3138 4688 remissum,
3178 4619 3555 4691 salutemque

1901 4718 2029 4774 sine
2058 4733 2266 4790 pugna
2293 4715 2690 4772 obtinendam
2721 4732 2734 4770 :
2767 4713 2918 4786 quin
2947 4711 3147 4786 potius
3179 4713 3358 4765 antea
3382 4723 3551 4762 exer-

1900 4811 2035 4863 ceat
2061 4821 2191 4861 sese
2213 4821 2284 4861 ac
2315 4803 2526 4877 probet
2554 4803 2633 4860 ad
2661 4800 3008 4859 tolerandas
3028 4796 3296 4870 corporis
3340 4793 3552 4850 animi-

1899 4911 2018 4969 que
2047 4894 2391 4953 molestias:
2425 4909 2500 4950 ne
2527 4895 2577 4950 si
2631 4892 2898 4965 seipsum
2943 4889 3005 4947 in
3029 4885 3341 4958 in0pinata
3368 4884 3550 4937 certa-

1533 5039 1580 5074 “
1605 5038 1803 5096 Matth.
1829 5055 1908 5106 XI,
1934 5043 2024 5097 28.

1903 5182 2174 5239 secunda
2202 5197 2410 5237 manu.
2439 5184 2508 5235 At
2537 5178 2597 5234 in
2618 5179 2758 5245 Reg.
2787 5173 2955 5230 tertio
2995 5175 3050 5227 et
3070 5169 3231 5245 apud
3255 5165 3545 5245 Lxxscri-

1903 5261 2075 5327 ptum
2109 5255 2408 5327 invenitur
2426 5248 2657 5327 κάταξον.
2671 5241 3366 5327 6E?~Ju,_[2-apge_'tumbos.
3381 5241 3550 5327 Rape

1903 5311 2255 5380 varietatem
2274 5317 2693 5378 fecitnominis
2714 5311 3064 5370 similitudo.
3098 5311 3350 5379 Ibidem,
3379 5311 3548 5366 initio

1903 5395 2160 5520 periodi,
2185 5399 2327 5464 Reg.
2355 5391 2558 5448 tertius
2590 5395 2646 5443 et
2666 5386 2844 5444 editio
2879 5387 3020 5441 Ven.
3054 5383 3115 5440 in
3162 5385 3433 5456 margine
3465 5384 3548 5437 εὑ-

1939 5486 2152 5520 ονησον.
2471 5482 2480 5489 “

1939 5486 2320 5608 οίέἔῖἰῖοὰθκ
2346 5535 2484 5598 Maz.
2514 5533 2917 5612 προσγενόμενον
2939 5530 3088 5602 ἡμῖν,
