4100 6196
209 229 318 282 ω

1143 222 1371 279 SERMO
1413 222 1502 277 DE
1542 219 2108 277 RENUNTIATIONE
2150 223 2454 291 SJECULI,
2497 226 2646 279 E'l‘C.

3478 231 3581 284 630
3607 209 3610 212 ’

207 349 395 415 αὑτοῦ,
435 352 530 401 καὶ
560 351 656 406 τὴν
693 352 937 417 γυναῖκα,
969 349 1061 398 καὶ
1098 349 1165 399 τὰ
1201 351 1376 415 τέκνα,
1408 349 1484 398 ἔτι
1513 341 1573 398 δὲ
1604 347 1693 397 καὶ
1724 345 1817 401 τὴν

1929 341 2105 402 dixit:
2129 347 2244 413 Qui
2261 355 2425 404 amat
2441 355 2678 418 patrem
2704 354 2809 405 aut
2835 354 3088 406 matrem
3108 351 3248 420 plus
3267 366 3447 422 quam
3470 367 3578 420 me,

205 439 397 492 ἑαυτοῦ
435 436 650 509 ψυχὴν,
705 434 765 486 οὐ
810 431 1031 490 δύναταί
1069 454 1170 508 μου
1215 435 1348 490 εἶναι
1390 437 1650 508 μαθητὴς.

1926 449 2049 490 non
2068 442 2154 492 est
2175 453 2268 494 me
2285 439 2501 508 dignus
2516 441 2586 492 τε.
2606 441 2690 504 Et,
2709 439 2824 505 Qui
2838 452 2959 494 non
2982 440 3106 494 odit
3125 445 3362 509 patrem
3383 455 3580 506 suum,

204 534 264 585 et
277 533 540 584 matrem
561 539 757 591 suam,
779 529 833 580 et
851 538 1126 591 uxorem,
1149 530 1204 581 et
1225 525 1405 596 ﬁlios,
1431 524 1636 582 adhuc
1655 526 1854 580 autem
1879 527 1935 578 et
1959 525 2227 583 animam
2249 541 2440 598 suam,
2466 543 2588 584 non
2612 533 2804 598 potest
2828 542 2992 583 meus
3015 543 3136 584 esse
3153 528 3574 598 discipulus”.

275 618 331 672 2.
374 617 520 690 ’Δρά
561 633 649 668 σοι
697 609 843 668 δοκεῖ
888 616 978 666 καὶ
1022 620 1133 675 τοῖς
1171 616 1512 686 ύπογυναίοις
1555 613 1820 666 τεθεῖσθαι

202 711 273 759 τὰ
324 707 446 776 (65)
513 702 860 775 Εύαγγὲλια;
912 699 1076 770 Ἰδοὺ,
1143 707 1526 777 σεσαφήνισταί
1580 720 1684 768 σοι,
1751 702 1822 760 ὡς

207 797 400 858 πάντες
447 795 721 868 ἄνθρωποι
758 791 1236 867 ἀπαιτηθησόμεθα
1285 798 1380 852 τὴν
1429 795 1564 866 πρὸς
1605 795 1665 843 τὸ
1713 789 1820 844 E6-

204 885 452 957 αγγῦ.ιον
501 885 762 950 ὑπακοὴν,
811 883 1042 955 μοναχοί
1085 901 1141 936 τε
1185 886 1276 936 καὶ
1319 884 1368 935 οἱ
1421 881 1470 935 ἐν
1520 881 1818 953 συζυγίαις.

205 975 456 1047 Ἀρκέσεε
493 974 598 1048 γὰρ
646 979 723 1043 τῷ
763 969 848 1024 ἐπὶ
875 974 1062 1044 ,γὰμον
1100 971 1298 1026 ἐλθόντι
1346 973 1373 1031 ἡ
1410 972 1692 1043 συγγνώμη
1723 977 1820 1031 τῆς

203 1064 472 1137 ἀκρασίας
523 1066 617 1114 καὶ
658 1069 757 1124 τῆς
806 1063 942 1136 πρὸς
983 1064 1042 1114 τὸ
1094 1061 1221 1120 θῆλυ
1275 1060 1551 1132 ἐπιθυμίας
1602 1078 1656 1112 τε
1702 1060 1816 1128 (66)

211 1157 304 1205 καὶ
389 1153 696 1210 συνουσίας·
757 1151 824 1202 τὰ
888 1146 948 1203 δε
1014 1149 1170 1202 λοιπὰ
1231 1158 1333 1202 τῶν
1384 1147 1593 1201 ἐντολῶν
1654 1153 1815 1200 πᾶσιν

208 1244 402 1315 ὁμοίως
454 1241 898 1313 νενομοθετημένα
950 1238 1046 1292 ούκ
1096 1235 1349 1292 ἀκίνδυνα
1398 1245 1504 1298 τοῖς
1548 1235 1814 1312 παραϐαί-

197 1351 372 1384 νουσι.
434 1334 539 1383 Καὶ
581 1331 683 1402 γὰρ
733 1327 1191 1401 εὐαγγελιζόμενος
1247 1328 1274 1380 ό
1331 1331 1563 1400 Χριστὸς
1619 1329 1687 1379 τὰ
1722 1333 1814 1378 τοῦ

201 1423 411 1492 Πατρός
461 1417 777 1490 ἐντάλματα,
833 1424 942 1478 τοῖς
993 1415 1041 1469 ἓν
1077 1425 1148 1487 τῷ
1205 1419 1389 1489 κόσμῳ
1442 1412 1718 1487 διελέγετο·
1773 1415 1816 1467 εἰ

197 1505 257 1562 δέ
302 1527 411 1560 που
461 1504 663 1579 συνέβη
721 1509 812 1558 καὶ
872 1505 984 1558 κατ’
1037 1501 1178 1558 ἰδίαν
1227 1504 1612 1580 ἐπερωτηθέντα
1658 1504 1814 1557 αὐτόν

195 1596 596 1670 ἀποκρίνασθαι
646 1595 765 1665 (67)
804 1602 914 1658 τοῖς
975 1596 1134 1648 αὑτοῦ
1187 1596 1468 1667 μαθηταῖς,
1525 1589 1815 1666 διεμαρτύ-

196 1704 332 1760 ρατο
403 1684 591 1755 λέγων·
658 1683 718 1736 Ἀ
788 1680 849 1736 δὲ
913 1685 1034 1756 ὑμῖν
1097 1683 1254 1755 λέγω,
1315 1688 1450 1735 πᾶσι
1507 1681 1656 1754 λέγω.
1725 1687 1810 1741 Μὴ

195 1779 372 1828 τοίνυν
423 1771 712 1846 ἁναπέσης,
752 1773 793 1822 ὦ
848 1773 999 1835 οὗτος
1028 1773 1054 1825 6
1092 1776 1224 1847 πρὸς
1261 1776 1529 1824 κοινωνίαν
1565 1773 1813 1842 γυναικὸς

199 1867 592 1938 προῃρημένος,
642 1863 712 1923 ὡς
761 1860 839 1915 ἐπ’
884 1860 1121 1925 ἔξουσίας
1166 1863 1303 1933 ἔχων
1334 1861 1418 1913 τὸν
1447 1863 1644 1933 κόσμον
1672 1879 1814 1935 περι-
1840 1888 1882 1945 Β

201 1952 482 2006 ϐαλέσθαι.
552 1950 804 2004 Πλειόνων
875 1952 976 2026 γὰρ
1049 1969 1133 2005 σοι
1194 1953 1360 2003 πόνων
1431 1953 1519 2003 καὶ
1583 1949 1813 2022 φυλακῆς

200 2047 363 2116 χρεία
407 2043 544 2116 πρὸς
582 2045 678 2099 τὴν
716 2049 812 2102 τῆς
845 2044 1106 2112 σωτηρίας
1151 2038 1451 2110 έπιτυχίαν·
1495 2039 1583 2093 ἅτε
1613 2036 1682 2098 ὃη
1723 2043 1813 2092 καὶ

201 2132 249 2183 ἐν
283 2136 430 2203 μσς»
467 2137 571 2182 τῶν
609 2125 854 2200 παγίὸων
891 2133 981 2182 καὶ
1023 2132 1115 2182 τοὺ
1153 2130 1372 2200 κράτους
1401 2137 1500 2182 τῶν
1531 2127 1815 2182 ἀποστατι-

202 2227 308 2271 κῶν
359 2217 630 2292 δυνάμεων
703 2218 860 2271 οἰκεῖν
927 2216 1258 2291 έκλεξαμένῳ,
1316 2223 1407 2270 καὶ
1472 2222 1592 2278 τοὺς
1656 2216 1814 2290 ἐρεθι-

213 2312 380 2381 σμούς
409 2317 512 2361 τῶν
557 2307 828 2382 αμαρτιῶν
872 2306 921 2359 έν
951 2307 1134 2378 ὄψεσιν
1164 2309 1362 2378 ἔχοντι,
1410 2311 1501 2359 καὶ
1546 2308 1678 2381 πρὸς
1718 2309 1813 2364 τὴν

206 2400 370 2451 scitir»
431 2397 716 2470 έπιθυμίαν
761 2400 963 2470 νύκτωρ
1018 2415 1073 2450 τε
1117 2400 1209 2448 καὶ
1255 2397 1366 2470 μεθ’
1415 2398 1610 2472 ἡμέραν
1655 2395 1813 2468 ἐκμο-

206 2488 502 2560 χλενομένῳ
547 2489 720 2547 πάσας
769 2505 865 2539 σου
916 2487 1010 2549 τὰς
1069 2485 1368 2548 αἰσθήσεις.
1427 2489 1654 2538 Γίνωσκε
1709 2489 1813 2538 τοί-

206 2599 311 2646 νύν,
380 2581 452 2638 ὡς
511 2576 573 2628 ού
641 2571 956 2649 διαδράσεις
1015 2579 1110 2633 τὴν
1166 2579 1297 2650 πρὸς
1361 2578 1448 2627 τὸν
1510 2574 1811 2632 ἀποστάτην

209 2666 559 2742 παλαίστραν,
621 2661 747 2718 οὐδε
800 2671 894 2727 τῆς
949 2667 1137 2718 τούτου
1199 2670 1349 2726 νίκης
1412 2664 1626 2737 καθά-,θη
1693 2666 1812 2717 οἰνευ

211 2763 368 2810 πόνων
434 2754 638 2808 πολλῶν
706 2762 807 2807 τῶν
877 2752 962 2807 ἐπὶ

216 2843 510 2918 δογμάτων.
565 2850 680 2904 Πῶς
733 2845 836 2916 γὰρ
892 2839 1097 2916 δυνήσῃ
1153 2845 1488 2916 ἀρνήσασθαι
1539 2847 1632 2901 τὴν
1683 2843 1814 2917 πρὸς

215 2937 295 2986 τὸν
342 2933 538 3007 ἐχθρὸν
592 2934 798 3004 μάχην,
845 2931 895 2984 έν
946 2939 1017 3003 τῷ
1062 2934 1336 3005 σκάμματι
1379 2941 1472 2996 τῆς
1510 2935 1696 3004 μάχῆς
1733 2928 1814 2984 δι-

219 3027 351 3094 άγων
379 3039 394 3090 ;
428 3022 595 3095 Ὀπερ
629 3021 742 3075 ἐστὶ
770 3028 919 3074 πᾶσα
959 3023 990 3079 ἡ
1028 3021 1117 3073 ὑπ’
1147 3022 1360 3097 οὐρανὸν
1387 3030 1478 3093 γῆ,
1512 3021 1560 3073 ἐν
1655 3021 1813 3094 ἐμπε-

217 3115 404 3186 ριάγειν
453 3119 640 3164 τοῦτον
689 3114 781 3163 καὶ
831 3108 1216 3186 ἐμπεριπατεῖν,
1250 3114 1319 3173 ὡς
1362 3113 1492 3162 κύνα
1531 3110 1810 3178 λυττῶντα,

219 3202 471 3262 ζητοῦντα
508 3205 629 3253 τίνα
670 3201 785 3270 (68)
830 3204 1084 3272 καταπίῃ,
1128 3200 1228 3251 ὑπὸ
1269 3206 1363 3260 τῆς
1402 3207 1494 3252 τοῦ
1535 3198 1650 3252 Ἰὼϐ
1687 3217 1814 3272 γραο
1841 3237 1884 3294 C

219 3299 306 3362 γῆς
360 3287 752 3362 διδασκόμεθα.
817 3295 875 3341 Εἰ
929 3292 1100 3341 τοίνυν
1168 3286 1294 3362 ἀρνῇ
1363 3292 1457 3346 τὴν
1521 3291 1651 3364 πρὸς
1725 3293 1814 3342 τὸν

220 3378 606 3451 ἀνταγωνιστήν
679 3379 886 3450 μάχην,
954 3377 1161 3450 μέτελθε
1219 3377 1290 3439 εἰς
1352 3378 1518 3450 ἕτερον
1592 3382 1810 3451 κόσμον,

218 3468 263 3520 ἰν
311 3469 548 3539 ᾧαύτός
595 3467 690 3520 ούκ
739 3470 871 3519 ἔστι·
931 3472 1020 3519 καὶ
1064 3466 1282 3539 ὑπάρξει
1323 3485 1409 3519 σοι
1465 3469 1495 3524 ἡ
1537 3475 1636 3529 τῆς
1686 3471 1814 3541 πρὸς

218 3559 372 3611 αὐτόν
424 3559 592 3617 πάλης
641 3559 878 3631 ἄρνησις,
928 3558 1017 3608 καὶ
1063 3563 1164 3608 τῶν
1211 3555 1551 3628 εύαγγελικῶν
1605 3553 1812 3628 δογμά-

216 3667 312 3700 των
360 3643 642 3706 ἐπικίνδυνος
689 3644 868 3719 ἀργία.
923 3645 984 3696 Εἰ
1026 3641 1085 3698 δὲ
1122 3652 1276 3697 τοῦτο
1307 3642 1584 3712 ἀδύνατον,
1621 3643 1815 3698 σπεῦδε

213 3740 341 3809 πρὸς
362 3738 459 3792 τήν
491 3735 727 3806 μάθησιν
757 3739 820 3791 τῆ
831 3751 853 3792 ς
891 3733 1006 3785 κατ’
1036 3732 1198 3784 αὐτοῦ
1229 3730 1514 3800 ἀθλήσεως,
1549 3729 1584 3785 δ
1591 3728 1815 3786 ιδασκό-

211 3843 362 3897 μενος
415 3826 518 3876 ὑπὸ
566 3830 668 3875 τῶν
721 3828 932 3893 Γραφῶν
1003 3822 1115 3891 (69)
1166 3821 1543 3894 παλαισμάτων
1600 3826 1812 3894 τέχνηνο

213 3917 294 3966 ἵνα
341 3917 442 3986 μὴ,
491 3911 547 3974 ἐξ
598 3909 811 3982 ἀγνοίας
854 3912 1099 3972 ἡττηθεὶς
1147 3910 1234 3962 ὑπ’
1283 3911 1463 3978 αὐτοῦ,
1509 3919 1581 3983 τῷ
1629 3912 1818 3984 αἰωνίῳ

209 4008 340 4076 πυρὶ
385 3997 723 4074 παραδοθῇς.
768 4004 870 4053 Καὶ
906 4006 1075 4052 ταῦτα
1123 4003 1214 4072 μεν
1263 4002 1401 4072 ὅμως
1451 3999 1499 4052 ἐν
1543 3997 1816 4077 παραδρο-

208 4101 280 4165 μῇ
332 4096 472 4165 πρὸς
516 4092 640 4151 τοὺς
669 4087 718 4142 έν
760 4089 1040 4160 συζυγίαις
1088 4085 1377 4152 ἀκινδύνως
1413 4098 1505 4152 τῆς
1547 4099 1647 4143 τῶν
1687 4089 1822 4144 έντο-

207 4182 308 4234 λύν
375 4187 473 4234 τοῦ
523 4174 758 4254 Χριστού
807 4177 1044 4250 φυλακῆς
1101 4177 1516 4250 καταμελοῦντας
1569 4179 1817 4254 εἰρήσθω.

214 4275 279 4321 Σὺ
323 4265 408 4334 ἢ,
458 4269 486 4320 ό
534 4276 634 4319 τῶν
682 4267 933 4339 ούρανίων
983 4266 1372 4340 πολιτευμάτων
1432 4269 1674 4342 ἐραστὴς,
1731 4276 1820 4324 καὶ

1038 2753 1237 2826 φυλακῇ
1312 2761 1410 2807 τῶν
1473 2753 1812 2824 εύαγγελικῶν

1997 612 2054 668 2.
2085 617 2302 672 Annon
2333 615 2439 672 tibi
2468 616 2747 672 videntur
2768 615 2955 672 fuisse
2993 616 3064 672 iis
3095 617 3276 673 etiam
3305 618 3413 690 qui
3437 630 3583 674 uxo-

1927 716 2020 757 res
2050 703 2370 767 duxerunt.
2404 706 2728 775 Evangelia
2764 705 2887 761 lata
2923 706 2951 760 ?
2992 708 3138 762 Ecce
3171 705 3275 761 tibi
3323 706 3579 777 planum

1924 789 2152 848 factum
2191 798 2278 849 est
2307 793 2716 851 obedientiam
2746 809 2882 866 quae
2912 793 3232 864 Evangelio
3264 794 3582 852 reddenda

1927 883 2034 947 est,
2084 879 2164 936 ab
2209 881 2493 939 omnibus
2541 882 2889 939 hominibus
2925 882 3049 938 sive
3093 882 3410 940 monachis
3449 883 3576 938 cive

1924 969 2261 1041 conjugatis
2290 972 2651 1041 exigendam
2681 988 2835 1028 esse.
2873 971 3102 1029 Etenim
3146 971 3250 1044 qui
3290 971 3574 1042 conjugio

1923 1073 2056 1114 sese
2111 1059 2488 1132 implicuerit,
2539 1061 2592 1117 ei
2647 1060 2792 1117 satis
2845 1059 3041 1128 fuerit,
3096 1060 3146 1116 si
3196 1059 3572 1117 incontinen-

1922 1147 2023 1210 tia,
2073 1151 2130 1204 et
2167 1148 2406 1205 feminae
2451 1148 2661 1215 libido,
2705 1164 2940 1221 suaque
2970 1164 3110 1204 cum
3155 1149 3290 1222 ipsa
3318 1163 3570 1205 consue-

1923 1238 2066 1292 tudo
2097 1236 2208 1293 sibi
2241 1238 2652 1294 condonetur:
2685 1236 2792 1293 sed
2821 1236 3056 1308 reliqua
3082 1241 3381 1309 praecepta
3400 1251 3572 1309 atque

1921 1325 2206 1382 omnibus
2237 1327 2466 1383 sancita
2495 1326 2834 1399 periculum
2874 1325 3134 1382 aﬁ‘erunt
3160 1325 3569 1382 violatoribus.

1921 1414 2378 1472 Christusenim
2423 1432 2562 1473 cum
2595 1415 2786 1473 Patris
2824 1418 3130 1487 praecepta
3168 1413 3569 1484 annuntiaret,

1921 1503 2002 1559 ad
2027 1520 2134 1560 eos
2171 1505 2276 1576 qui
2305 1505 2367 1560 in
2397 1505 2631 1562 mundo
2661 1508 2831 1562 erant
2856 1503 3223 1577 loquebatur
3250 1520 3263 1569 ;
3305 1501 3473 1576 quod
3523 1502 3578 1559 si

1921 1593 2166 1663 contigit
2204 1593 2554 1666 aliquando,
2594 1598 2660 1650 ut
2694 1594 2824 1666 ipse
2854 1607 3130 1650 seorsum
3167 1592 3571 1662 interrogatus

1919 1683 2227 1756 discipulis
2243 1684 2368 1740 suis
2383 1683 2784 1756 responderit,
2797 1681 3159 1740 sententiam
3182 1697 3361 1739 suam
3380 1679 3575 1738 decla-

1917 1773 2094 1840 ravit,
2124 1773 2220 1829 his
2258 1773 2460 1831 verbis
2488 1791 2502 1830 :
2534 1773 2678 1843 Quae
2706 1779 2907 1831 autem
2929 1773 3092 1830 vobis
3118 1773 3273 1840 dico,
3297 1771 3572 1828 omnibus

1919 1862 2051 1920 dico
2080 1864 2150 1916 ⁷⁸.
2181 1866 2262 1920 Ne
2300 1863 2478 1932 igitur
2507 1861 2682 1919 deses
2711 1861 2986 1928 exsistas,
3017 1875 3055 1916 ο
3084 1863 3170 1931 tu,
3202 1860 3309 1932 qui
3341 1858 3574 1930 elegisti

1919 1953 2120 2009 uxoris
2152 1953 2520 2020 societatem,
2551 1952 2730 2024 quasi
2753 1949 3055 2007 mundum
3075 1949 3358 2022 amplecti
3386 1963 3574 2021 penes

1921 2044 1975 2095 te
2007 2040 2104 2097 sit.
2129 2044 2278 2096 Nam
2312 2041 2587 2113 pluribus
2615 2039 2930 2098 laboribus
2950 2043 3008 2096 et
3036 2036 3313 2094 custodia
3341 2038 3576 2108 majore

1920 2128 2027 2186 tibi
2055 2141 2211 2201 opus
2241 2135 2328 2186 est
2357 2130 2438 2187 ad
2467 2129 2859 2185 obtinendam
2881 2127 3136 2184 salutem
3170 2144 3183 2183 :
3218 2126 3444 2200 quippe
3468 2125 3576 2198 qui

1919 2217 1982 2274 in
2003 2219 2217 2294 mediis
2240 2219 2496 2291 laqueis,
2521 2217 2842 2290 mediaque
2863 2215 3177 2273 rebellium
3205 2218 3577 2288 potestatum

1921 2306 2144 2364 ditione
2167 2309 2376 2364 sedem
2395 2307 2708 2380 delegeris,
2730 2306 3082 2379 habeasque
3107 2304 3187 2362 ob
3207 2303 3417 2361 oculos
3439 2319 3578 2376 pec-

1921 2402 2193 2454 catorum
2218 2399 2613 2466 irritamenta,
2646 2401 2827 2469 atque
2855 2395 2936 2453 ad
2965 2411 3039 2452 ea
3083 2392 3574 2466 concupiscenda

1921 2503 2135 2543 omnes
2179 2487 2263 2543 tui
2307 2502 2520 2542 sensus
2559 2486 2736 2558 quasi
2760 2484 2895 2542 loco
2922 2499 3032 2540 suo
3059 2483 3241 2538 emoti
3268 2486 3575 2553 noctuque

1921 2575 2146 2648 diuque
2170 2575 2576 2648 impellantur.
2610 2574 2776 2631 Scias
2801 2572 2982 2642 igitur
3009 2576 3065 2628 te
3095 2587 3236 2627 cum
3274 2568 3574 2625 defectore

1918 2665 2307 2722 luctationem
2331 2681 2454 2722 non
2475 2665 2837 2721 evitaturum
2857 2677 3011 2727 esse,
3031 2676 3229 2733 neque
3247 2659 3321 2716 de
3341 2673 3414 2716 eo
3429 2657 3578 2716 citra.

1920 2754 2142 2811 multos
2161 2754 2403 2811 labores
2426 2754 2742 2811 victoriam
2760 2755 3210 2826 reportaturum
3229 2749 3292 2806 in
3315 2762 3578 2818 evange-

1921 2842 2048 2899 licis
2072 2844 2461 2914 dogmatibus
2490 2842 2930 2899 custodiendis.
2971 2838 3290 2908 Quomodo
3316 2837 3482 2895 enim
3512 2836 3579 2894 in

1919 2931 2056 3004 ipsa
2075 2933 2416 2989 certaminis
2436 2932 2602 2988 fossa
2621 2946 2898 2998 versans,
2913 2934 3218 2986 certamen
3241 2944 3381 2984 cum
3400 2927 3575 2984 hoste

1921 3021 2250 3079 detrectare
2277 3020 2499 3093 poteris
2523 3021 2551 3076 ?
2594 3023 2736 3084 Quae
2761 3019 2968 3090 utique
2999 3023 3122 3074 tota
3161 3021 3250 3073 est
3281 3021 3436 3072 terra
3461 3013 3575 3069 sub

1922 3112 2072 3169 caelo
2088 3115 2399 3166 contenta:
2423 3124 2530 3180 per
2549 3123 2737 3180 quam
2761 3107 3076 3162 circumire
3100 3106 3264 3160 hunc
3284 3108 3341 3159 et
3361 3101 3574 3158 obam-

1919 3201 2128 3259 bulare
2168 3205 2461 3271 tanquam
2525 3197 2840 3252 rabiosum
2901 3210 3135 3261 canem,
3202 3194 3573 3265 qumrentem

1919 3307 2101 3365 quem
2122 3289 2384 3353 devoret,
2409 3303 2481 3342 ex
2505 3285 2638 3342 Jobi
2656 3284 2904 3342 historia
2925 3283 3269 3339 edocemur.
3296 3281 3504 3353 Itaque
3524 3279 3576 3336 si

1919 3397 2057 3438 cum
2075 3377 2427 3436 adversario
2444 3377 2591 3432 inire
2607 3390 2879 3448 pugnam
2894 3389 3157 3441 recuses,
3169 3370 3425 3429 transiin
3440 3370 3576 3427 alte-

1916 3487 2052 3527 rum
2077 3468 2396 3535 mundum,
2420 3467 2482 3523 in
2502 3482 2623 3539 quo
2643 3466 2771 3537 ipse
2791 3479 2915 3520 non
2946 3463 3023 3519 sit
3050 3481 3063 3527 ;
3093 3466 3343 3535 tumque
3369 3459 3576 3517 licebit

1916 3560 2026 3616 tibi
2044 3557 2221 3630 204
2241 3573 2379 3613 cum
2396 3555 2496 3612 illo
2521 3570 2646 3611 non
2666 3555 3180 3625 decertare,atque
3201 3551 3263 3606 in
3280 3548 3574 3619 dogmati-

1915 3649 2031 3705 bus
2047 3645 2403 3716 evangelicis
2419 3643 2729 3700 servandis
2747 3643 2872 3698 sine
2887 3641 3152 3714 periculo
3166 3639 3325 3696 iners
3339 3651 3576 3710 perma-

1917 3753 2078 3794 nere.
2105 3736 2277 3802 Quod
2302 3735 2352 3790 si
2375 3735 2436 3790 id
2462 3733 2591 3790 ﬁeri
2607 3748 2728 3788 non
2749 3735 2962 3804 potest,
2987 3745 3124 3786 eam
3146 3744 3281 3801 qua:
3305 3727 3413 3784 tibi
3431 3742 3573 3782 cum

1917 3827 2018 3884 illo
2044 3826 2243 3882 futura
2281 3829 2370 3881 est
2392 3838 2666 3897 pugnam
2706 3821 2933 3877 discere
2961 3819 3224 3885 festines,
3256 3820 3446 3874 artem
3476 3815 3573 3872 lu-

1922 3917 2255 3974 ctaminum
2277 3931 2350 3971 ex
2373 3912 2689 3986 Scripturis
2709 3909 2992 3976 edoctus;
3012 3911 3170 3966 utne
3187 3923 3258 3964 ex
3284 3907 3571 3978 ignoran-

1922 4007 2006 4064 tia
2035 4005 2114 4062 ah
2140 4005 2273 4077 ipso
2304 4002 2598 4070 devictus,
2627 4005 2849 4056 aeterno
2879 3999 3004 4070 igni
3033 3996 3309 4055 tradaris.
3343 3998 3410 4052 Et
3441 3994 3572 4051 hinc

1924 4094 2173 4169 quidem
2203 4093 2499 4150 adversus
2527 4106 2630 4148 eos
2659 4089 2763 4162 qui
2790 4087 3180 4145 matrimonio
3201 4084 3392 4157 juncti
3417 4099 3574 4158 prae-

1925 4189 2096 4257 cepta
2127 4181 2337 4240 Christi
2355 4181 2678 4237 observare
2707 4193 2914 4236 secure
2943 4177 3276 4248 negligunt,
3307 4175 3482 4248 quasi
3507 4175 3573 4230 in

1925 4278 2275 4330 transcursu
2295 4271 2456 4326 dicta
2476 4270 2612 4326 sint.
2639 4273 2722 4326 Tu
2743 4284 2906 4334 vero,
2925 4267 3030 4340 qui
3051 4265 3310 4322 ccelestis
3331 4263 3576 4320 vivendi

213 4367 310 4420 τῆς
341 4357 634 4429 ἀγγελικῆς
665 4352 937 4427 διαγωγῆς
977 4358 1085 4424 (70)
1126 4362 1552 4431 πραγματευτὴς,
1603 4363 1692 4410 καὶ
1722 4368 1821 4412 τῶν

1927 4363 2074 4419 ritus
2115 4365 2349 4416 amator
2390 4375 2474 4428 es,
2516 4363 2698 4430 atquc
2737 4356 3024 4427 angelicae
3049 4358 3187 4412 vitae
3215 4353 3573 4426 negotiator,

218 4448 382 4517 ἁγίων
431 4447 684 4518 μαθητῶν
719 4453 811 4498 τού
861 4452 1094 4519 Χριστοῦ
1137 4451 1536 4518 συστρατιώτης
1581 4451 1824 4520 γενέσθαι
1856 4499 1867 4511 ,

221 4534 509 4609 ἐπιθυμῶν,
559 4539 784 4587 τόνωσον
832 4537 1048 4587 σεαυτόν
1095 4537 1225 4608 πρός
1271 4541 1365 4594 τὴν
1409 4538 1671 4610 ὑπομονὴν
1722 4549 1820 4592 τῶν

292 4715 341 4751 τι
372 4711 576 4772 Matth.
604 4727 661 4776 κ,
695 4714 784 4768 37.
861 4711 910 4746 τ³
943 4713 1080 4767 Luc.
1115 4727 1231 4782 XIV,
1261 4715 1350 4768 26.

295 4890 406 4960 (65)
433 4892 675 4945 Veteres
696 4888 818 4944 duo
836 4888 974 4963 libri
1003 4894 1092 4963 καὶ
1121 4890 1435 4963 ύπογυνέαίος
1456 4893 1714 4963 τετάχθαι
1734 4897 1818 4946 τά.

233 4959 566 5036 Βῠαπρςιιά
593 4962 977 5036 prcesnripta.
1009 4959 1174 5036 Bona
1197 4959 1390 5016 lectio.
1424 4959 1683 5036 Utraque
1705 4964 1828 5020 edi-

233 5033 307 5089 tio
349 5030 419 5090 et_
450 5030 600 5103 Reg.
632 5030 939 5087 secundus
971 5036 1035 5086 ut
1062 5030 1122 5085 in
1156 5036 1454 5103 contextu.

236 5105 413 5230 (1,865)
447 5101 746 5160 Voculam
775 5121 828 5154 τε
857 5118 929 5157 ex
967 5102 1232 5174 antiquis
1264 5101 1505 5159 duobus
1533 5103 1698 5161 libris
1729 5106 1832 5162 ad-

275 5191 292 5230 ι
338 5193 520 5230 imus.

275 5191 420 5232 ιαιω
430 5193 520 5232 us.

297 5249 405 5317 (67)
437 5243 854 5320 ﬂeg._pr_ingu§
883 5243 1038 5320 αὑτὸν
1067 5241 1459 5320 ἀποκρίνεσθαι.
1497 5247 1706 5305 Statim
1732 5265 1833 5305 ve-

240 5313 384 5374 teres
414 5313 705 5373 duo'libri
750 5317 774 5367 ὁ
804 5313 862 5369 6'":
893 5317 1034 5374 ὑμῖν,

302 5391 414 5456 (68)
457 5387 654 5446 Editio
697 5387 882 5444 Paris.
924 5387 1183 5448 ζητοῦντα
1221 5391 1356 5442 τίνα.
1406 5391 1530 5445 Vox
1581 5390 1842 5452 ζητοῦντα

243 5461 516 5535 nequein
547 5458 770 5518 nostris
794 5458 984 5535 tribus
1005 5475 1154 5535 mss.
1176 5459 1393 5530 Regiis,
1423 5475 1622 5535 neque
1641 5463 1703 5519 in
1723 5461 1842 5519 edi-

247 5529 394 5592 tione
420 5531 658 5593 Veneta
681 5529 992 5607 reperitur.
1025 5529 1349 5612 Aliquanto
1375 5529 1662 5618 post‘duo
1691 5549 1843 5602 mss.

1927 4451 2153 4524 quique
2183 4453 2530 4505 sanctorum
2556 4447 2766 4503 Christi
2787 4445 3224 4519 discipulorum
3247 4443 3578 4501 commilito

1930 4555 2063 4597 esse
2085 4539 2276 4612 cupis,
2299 4537 2626 4595 corrobora
2646 4537 2910 4610 teipsum
2930 4535 3010 4595 ad
3029 4551 3124 4594 res
3145 4536 3427 4595 adversas
3449 4548 3579 4607 per«

1429 4715 1477 4747 ⁷⁵
1510 4715 1686 4772 Marc.
1711 4721 1836 4789 xui,
1867 4721 1958 4775 37.

1934 4895 1980 4948 ἐν
2009 4895 2048 4966 ᾧ
2078 4897 2247 4956 οὗτος.
2275 4893 2540 4966 Subinde
2569 4893 2749 4950 editio
2797 4895 2939 4949 Ven.
2974 4891 3036 4947 in
3069 4891 3350 4946 contextu
3374 4888 3585 4959 εὖαγγιο

1935 4963 2090 5018 λικῶν
2117 4968 2363 5041 ῥημάτων
2391 4963 2686 5041 ἀκίνδυνος.

2007 5032 2395 5108 (69)'U'traque
2417 5035 2598 5108 editio
2630 5041 2686 5091 et
2724 5038 2864 5103 Reg.
2897 5033 3103 5088 tertius
3129 5032 3365 5108 υπὸ-τῷν
3398 5048 3586 5108 γραφιῖ

1939 5077 2389 5180 κῶζίέοιτιιξῖῑθ.
2433 5107 2634 5180 Codex
2678 5110 2759 5180 ll._
2778 5077 3030 5180 ﬁssa»,
3043 5101 3383 5180 emendate.
3405 5077 3590 5180 ’ῥηΒᾴ

1942 5179 2022 5236 ait
2050 5169 2469 5236 'Combétisius
2500 5177 2699 5232 statim
2744 5169 2859 5244 legi
2893 5169 2969 5228 'in
3012 5176 3151 5229 Maz.
3194 5173 3520 5244 μεν-ὁμοίως
3542 5169 3590 5223 ἐν

1943 5248 2288 5327 παραδρομῇ,
2316 5250 2390 5327 de
2436 5265 2507 5327 eo
2523 5248 2693 5327 aliter
2712 5241 2928 5327 sentiet
2947 5241 3236 5327 quib-unc
3264 5241 3489 5325 librum
3507 5241 3595 5298 le-

1947 5313 2417 5390 gerit.'lt'a'enim
2440 5319 2644 5390 habet,
2673 5318 2760 5387 μὶν
2789 5319 2856 5376 ὡς
2876 5313 3140 5390 ΔἐνξΕᾱὶιὶ
3172 5316 3260 5386 μὲν
3291 5314 3449 5390 όμως.

2018 5395 2132 5462 (70‘)
2177 5391 2341 5461 Regii
2380 5389 2612 5462 primus
2662 5385 2730 5462 et
2760 5385 2986 5442 tertiusi
3024 5392 3113 5438 καὶ
3144 5385 3238 5449 τῆς
3264 5385 3599 5462 εὐαγγελικῆς

1952 5459 2248 5539 διάγωγῆς,
2271 5459 2642 5536 evangelia-te
2670 5459 2827 5519 vitae.
