4100 6196
505 280 602 336 631

1895 271 1955 327 S.
1984 267 2234 327 BASILII
2258 268 2476 326 MAGNI

3760 278 3869 332 632

501 400 805 466 ferendas,
845 402 902 456 et
925 398 1074 456 virili
1116 397 1320 455 animo
1357 396 1804 453 monachorum
1836 396 2051 451 emtum
2082 407 2154 449 ac

2272 390 2508 463 θλίψεων,
2557 400 2647 447 καὶ
2694 393 2943 471 ἀνδρείως
2987 393 3241 471 πρόσελθε
3293 402 3358 466 τῇ
3421 394 3701 469 συγκλήτῳ
3766 406 3867 451 τῶν

503 495 783 547 senatum
799 487 899 545 adi
927 505 940 543 :
974 503 1046 544 ac
1070 485 1239 543 initio
1263 485 1517 558 quidem
1540 489 1659 542 tute
1686 482 2154 542 renuntiationis

501 580 701 636 virum
738 582 794 634 te
832 575 1105 646 ostende,
1138 579 1202 631 ut
1229 590 1304 631 ne
1334 574 1416 631 ob
1440 589 1652 633 eorum
1681 574 1788 646 qui
1816 569 2156 628 secundum

504 684 747 726 carnem
766 666 1007 736 cognati
1028 669 1184 727 sunt,
1199 680 1471 721 amorem
1487 668 1546 720 et
1562 663 1849 721 affectum
1868 662 2158 719 deorsum

504 759 759 823 trahare,
807 753 914 809 sed
942 752 1143 809 valido
1182 757 1241 809 et
1278 752 1415 809 forti
1444 753 1651 809 animo
1689 750 1975 808 mortalia
2017 763 2158 804 cum

501 842 943 902 immortalibus
974 845 1332 899 commutes.
1388 841 1497 898 Ubi
1526 858 1670 898 vero
1698 856 1794 898 res
1824 856 1961 913 quae
1992 837 2073 895 ad
2103 841 2159 894 te

503 933 798 1007 pertinent
817 930 1375 1004 dereliqueris,esto
1396 930 1741 987 inﬂexibilis
1764 936 1822 987 et
1844 932 2153 998 constans,

503 1026 784 1094 certoque
815 1021 968 1077 scias
999 1036 1104 1076 eas
1129 1020 1489 1093 praemittere
1515 1024 1570 1076 te
1591 1021 1653 1076 in
1678 1019 1899 1076 caelum
1929 1036 1942 1073 :
1977 1017 2156 1090 siqui-

502 1110 638 1167 dem
661 1111 826 1182 ipsas
844 1109 907 1165 in
930 1109 1065 1165 sinu
1083 1124 1422 1181 pauperum
1439 1107 1782 1164 reconditas
1805 1123 1943 1163 cum
1966 1106 2158 1163 multa

503 1200 848 1257 accessione
882 1198 1048 1271 apud
1082 1201 1268 1253 Deum
1290 1213 1352 1253 es
1373 1198 1749 1253 inventurus.
1774 1198 1922 1252 Cum
1953 1199 2156 1252 autem

505 1289 585 1346 ab
616 1288 827 1346 amicis
848 1303 917 1343 ac
948 1285 1348 1343 familiaribus
1368 1284 1686 1354 divelleris,
1709 1301 1855 1341 cave
1876 1283 2155 1341 coniicia-

501 1378 583 1434 ris
602 1391 857 1433 maerore
883 1373 1609 1447 nimio,quandoquidem
1631 1390 1772 1431 cum
1793 1373 2027 1431 Christo
2047 1372 2155 1446 qui

504 1482 613 1538 pro
665 1470 719 1520 te
769 1463 1093 1519 cruciﬁxus
1142 1467 1248 1531 est,
1292 1462 1724 1534 conjungeris:
1773 1462 1936 1536 quod
1983 1462 2155 1536 quid,

502 1567 732 1625 quaeso,
746 1569 782 1609 a
794 1551 970 1608 nobis
988 1550 1311 1608 amabilius
1323 1551 1646 1623 excogitari
1658 1553 1889 1624 potest?
1901 1550 2154 1617 Quando

504 1646 726 1710 autem,
756 1644 874 1697 Deo
900 1640 1173 1711 juvante,
1206 1640 1267 1698 in
1293 1641 1492 1714 primo
1520 1640 1636 1699 hoc
1668 1641 1942 1714 pugilatu
1983 1644 2155 1697 tuum

2266 491 2533 553 μοναχῶν·
2592 489 2680 537 καὶ
2736 482 2784 536 ἐν
2836 488 2924 557 μεν
2968 491 3031 556 τῇ
3093 482 3238 556 ἀρχῇ
3295 491 3390 545 τῆς
3434 481 3710 557 ἀποταγῆς
3768 505 3868 539 σου

2268 566 2542 643 ἀνδρίζον,
2598 576 2670 644 μὴ
2730 572 3147 631 καθελκυσθῆναι
3194 573 3296 624 {me
3354 581 3451 635 τῆς
3508 576 3870 649 προσπαθείας

2266 666 2365 710 τῶν
2401 662 2539 712 κατά
2569 662 2742 736 σάρκα
2783 669 3065 733 συγγενῶν,
3096 668 3159 734 τῇ
3205 659 3493 735 ἀνταλλαγῇ
3534 671 3635 714 τῶν
3668 665 3868 721 θνητῶν

2265 751 2394 821 πρὸς
2441 751 2509 801 τὰ
2556 747 2789 803 ἀθάνατα
2838 751 2954 821 (71)
3002 748 3389 823 ἐνισχυόμενος
3442 753 3598 809 ἡνίκα
3654 749 3716 805 δί
3764 762 3869 806 τῶν

2265 842 2562 911 προσόντων
2611 858 2696 892 σοι
2752 841 3070 913 πραγμάτων
3125 847 3248 912 ποιῇ
3309 844 3404 900 τήν
3460 839 3731 914 ἀπόθεσιν,
3775 845 3869 896 ἔσο

2267 923 2533 999 ἀκαμπής,
2593 933 2914 1003 προπέμπειν
2973 928 3108 981 αύτά
3172 928 3239 989 εἰς
3298 929 3548 1004 οὐρανούς
3601 930 3866 1007 πληροφο-

2263 1018 2528 1088 ρούμενος,
2579 1025 2690 1078 τοῖς
2743 1021 2833 1090 μὲν
2880 1016 3091 1080 κόλποις
3141 1026 3241 1070 τῶν
3296 1027 3526 1090 πτωχῶν
3584 1018 3870 1095 ἐναποκρύ-

2264 1123 2403 1155 πτων
2442 1105 2593 1171 αύτά,
2639 1125 2783 1179 παρα
2822 1102 2882 1158 δὲ
2929 1113 3043 1177 Θεῷ
3086 1110 3201 1171 (72)
3247 1108 3503 1179 εὑρίσκων
3558 1111 3651 1159 σύν
3696 1109 3865 1182 πολλῇ

2263 1200 2325 1263 τῇ
2381 1194 2683 1265 προσθήκη.
2732 1194 2894 1247 Φίλων
2941 1190 3001 1247 δὲ
3046 1200 3136 1247 καὶ
3185 1196 3422 1254 συνήθων
3472 1192 3864 1269 διασπώμενος,

2262 1285 2331 1352 μὴ
2413 1289 2563 1352 γενοῦ
2639 1282 2964 1357 περιθλιϐὴς,
3041 1291 3259 1356 Χριστῷ
3343 1288 3721 1359 συναπτόμενος
3784 1295 3869 1358 τῷ

2263 1370 2388 1445 ύπὶρ
2435 1378 2530 1423 σού
2577 1374 2946 1447 σταυρωθίντι·
2998 1373 3059 1425 ού
3097 1378 3150 1426 τί
3194 1372 3255 1425 ἀν
3297 1372 3564 1446 λογιστέον
3605 1377 3730 1449 ἡμῖν
3770 1395 3870 1448 φι-

2261 1458 2582 1534 λικῶτερονς
2641 1460 2824 1514 Ἠνίκα
2877 1458 2936 1515 δὲ
3000 1468 3246 1537 συνεργία
3308 1472 3443 1517 Θεοῦ
3501 1468 3595 1523 τὴν
3649 1470 3871 1541 πρώτην

2262 1551 2457 1608 ταύτην
2513 1556 2725 1623 πυγμὴν
2768 1556 2994 1625 νικήσῃς
3036 1555 3122 1605 τόν
3176 1556 3266 1605 σόν
3309 1551 3521 1627 ἕχθρόν,
3564 1558 3644 1627 μή
3695 1554 3871 1630 ῥίψῃς

2266 1643 2479 1692 σεαυτόν
2527 1641 2702 1714 ὥσπερ
2747 1660 2800 1693 τι
2845 1649 2945 1694 τῶν
2984 1638 3184 1714 ἀτίμων
3216 1650 3432 1710 σκευῶν,
3475 1639 3619 1702 Ἰιδη
3661 1646 3763 1719 γὰρ
3793 1652 3865 1717 τῇ

503 1730 581 1786 ad
591 1730 921 1786 versarium
946 1730 1348 1802 superaveris,
1368 1729 1555 1786 nolito
1576 1730 1836 1803 teipsum
1860 1734 2153 1802 tanquam

2263 1726 2499 1801 ἀποταγῇ
2552 1737 2652 1781 τῶν
2695 1735 2889 1801 γηίνων
2931 1733 3260 1805 πραγμάτων
3316 1736 3598 1805 τετίμηκας
3644 1736 3870 1786 σεαυτόν

502 1835 611 1875 vas
623 1818 933 1891 quoddam
951 1819 1425 1889 ignominiosum
1438 1821 1749 1892 projicere.
1765 1823 1846 1875 Ex
1858 1836 1980 1893 quo
1992 1819 2154 1875 enim

503 1907 687 1963 rebus
718 1908 966 1964 terrenis
1005 1907 1290 1964 remisisti
1334 1909 1634 1975 nuntium,
1683 1909 1812 1979 jam
1858 1909 2153 1965 honorem

503 1996 669 2069 apud
705 1996 1010 2053 Christum
1055 1997 1161 2053 tibi
1207 1996 1541 2054 conciliasti
1582 2016 1595 2065 ;
1633 1997 1740 2053 sed
1782 2012 2153 2070 magnopere

505 2102 652 2143 cura
669 2091 725 2142 et
757 2086 1027 2159 provide,
1051 2090 1117 2143 ut
1134 2086 1333 2143 virum
1365 2091 1483 2144 tuae
1505 2088 1636 2143 vitae
1660 2087 2028 2143 tutissimum
2048 2086 2156 2144 du-

501 2191 631 2232 cem
654 2175 937 2248 reperias,
960 2176 1149 2247 probe
1170 2175 1456 2232 edoctum
1473 2176 1811 2233 conducere
1829 2192 1932 2231 eos
1952 2175 2057 2248 qui
2074 2176 2154 2233 ad

502 2267 692 2319 Deum
741 2269 1025 2335 pergunt.
1066 2263 1315 2335 plenum
1362 2264 1703 2329 virtutibus,
1740 2265 1871 2335 ejus
1915 2280 2055 2337 quae
2090 2264 2153 2320 in

502 2353 691 2406 Deum
713 2355 801 2405 est
815 2349 1147 2406 dilectionis
1166 2350 1575 2406 testimonium
1592 2350 1916 2407 habentem
1937 2367 2011 2407 ex
2027 2350 2153 2407 suis

498 2437 693 2510 ipsius
715 2436 1021 2509 operibus,
1045 2437 1389 2494 divinarum
1409 2439 1849 2510 Scripturarum
1871 2454 2150 2508 gnarum,

500 2526 705 2583 animo
730 2526 935 2581 sedato
965 2525 1312 2598 praaditum,
1343 2527 1742 2599 pecuniarum
1788 2543 1911 2584 non
1943 2542 2153 2584 aman-

406 2646 427 2653 -
499 2622 643 2681 tem,
668 2630 704 2670 a
744 2614 1001 2683 negotiis
1027 2614 1315 2680 alienum,
1344 2614 1637 2687 quietum,
1666 2618 1786 2671 Deo
1811 2620 2149 2689 acceptum,

497 2703 850 2773 diligentem
880 2719 1203 2775 pauperes,
1227 2719 1351 2760 non
1380 2703 1765 2772 iracundum,
1792 2704 2151 2776 injuriarum

498 2793 944 2856 immemorem,
966 2792 1048 2848 ad
1069 2808 1279 2848 eorum
1298 2792 1403 2865 qui
1422 2793 1627 2865 ipsum
1647 2793 1873 2850 adeunt
1895 2793 2153 2863 aediﬁca-

497 2882 724 2937 tionem
752 2880 1008 2936 multum
1031 2871 1434 2945 laborantem,
1459 2898 1633 2938 vanae
1665 2882 1869 2953 glorias
1899 2899 2023 2939 non
2052 2900 2153 2940 cu-

497 2969 729 3042 pidum,
762 2983 891 3026 non
922 2969 1272 3042 superbum,
1304 2970 1483 3026 nullis
1513 2972 2023 3028 assentationibus
2052 2972 2154 3029 ﬂe-

2261 1820 2405 1890 παρά
2453 1826 2689 1892 Χριστῷ·
2743 1818 2847 1871 ἀλλ’
2894 1817 2942 1870 ἐν
2986 1818 3144 1878 πολλῆ
3199 1817 3439 1894 φροντίδι
3490 1825 3580 1874 καὶ
3626 1826 3873 1897 περινοίᾳ

2259 1911 2482 1965 ποίησαι
2538 1910 2701 1982 εὑρεῖν
2757 1905 2930 1981 ἄνδρα
2973 1905 3202 1984 πρόοδον
3261 1918 3358 1972 τῆς
3434 1919 3535 1972 σῆς
3595 1910 3872 1975 πολιτείας

2263 1994 2484 2063 ἀπλανῆ,
2533 1996 2701 2059 καλῶς
2743 1995 3086 2069 ἓπιστάμενον
3133 1994 3346 2070 ὁδηγεῖν
3394 2003 3515 2061 τοὺς
3558 2004 3691 2075 πρὸς
3729 2004 3868 2054 Θεὸν

2260 2089 2653 2161 πορευομένους,
2696 2095 2937 2159 κομῶντα
2987 2094 3105 2149 ταῖς
3156 2085 3365 2162 ἀρεταῖς
3411 2087 3467 2142 ἐκ
3513 2096 3615 2142 τῶν
3657 2089 3870 2143 οἰκείων

2262 2178 2422 2248 ἔργων
2464 2179 2558 2233 τὴν
2592 2181 2885 2250 μαρτυρίαν
2915 2179 3108 2247 ἔχοντα
3145 2184 3236 2237 τῆς
3274 2179 3406 2251 πρὸς
3454 2179 3582 2230 Θεὸν
3629 2176 3866 2250 ἀγάπης,

2261 2271 2450 2335 γνῶσιν
2520 2266 2713 2336 ἔχοντα
2774 2272 2873 2316 τῶν
2943 2267 3087 2317 θείων
3150 2270 3386 2338 Γραφῶν·
3439 2264 3866 2341 ἀπερίσπαστον,

2263 2350 2632 2427 ἀφιλάργυρον,
2695 2350 3028 2426 ἀπράγμονα,
3096 2355 3348 2427 ἡσύχιον,
3411 2354 3638 2428 θεοφιλῆ,
3709 2355 3867 2429 φιλό-

2260 2461 2496 2513 πτωχον,
2549 2440 2827 2514 ἀόργητον,
2885 2441 3265 2515 ἀμνησίκακον,
3319 2443 3478 2496 πολύν
3524 2444 3597 2506 εἰς
3642 2442 3863 2498 οἰκοδο-

2260 2535 2364 2604 μὴν
2436 2539 2535 2583 τῶν
2602 2530 2912 2603 ἐγγιζόντων
2982 2532 3146 2604 αὐτῷ,
3231 2530 3555 2601 ἀκενόδοξον,
3631 2533 3861 2608 ἀνυπερ-

2261 2625 2471 2691 ἠφανον,
2536 2618 2898 2687 ἀκολάκευτον,
2977 2619 3368 2697 ἀπερίτρεπτον,
3428 2619 3595 2695 μηδέν
3658 2643 3859 2699 προτι-

2258 2716 2437 2781 μῶντα
2482 2716 2574 2761 τοῦ
2618 2716 2751 2761 Θεοῦ
2807 2714 2909 2762 Καὶ
2957 2709 3000 2762 εἰ
3046 2710 3216 2785 εὕροις
3257 2711 3371 2782 (73)
3410 2718 3665 2778 τοιοῦτον,
3701 2710 3863 2775 hic;

2263 2799 2475 2850 σεαυτόν
2514 2796 2674 2867 αύτῷ,
2720 2796 2857 2849 ἅπαν
2903 2797 3101 2871 θέλημα
3146 2802 3236 2852 σόν
3277 2798 3585 2861 ἀποπτύσας
3624 2805 3716 2853 καὶ
3761 2800 3862 2864 ἔξω

2256 2884 2436 2959 ῥίψας,
2487 2886 2571 2936 ἵνα
2616 2886 2829 2958 εὑρεθῇς
2876 2887 2943 2946 ὡς
2990 2888 3218 2960 καθαρόν
3277 2885 3504 2959 ἀγγεῖον,
3545 2891 3615 2941 τά
3668 2887 3722 2941 ἔν
3772 2895 3862 2942 σοὶ

2261 2972 2552 3046 βαλλόμενα
2597 2971 2769 3045 ἀγαθά
2824 2970 3089 3049 διατηρῶν
3140 2978 3271 3051 πρὸς
3336 2978 3541 3030 ἔπαινόν
3602 2995 3700 3030 σου
3767 2982 3861 3031 καὶ

496 3059 944 3127 ctendum,non
967 3058 1300 3115 obnoxium
1323 3060 1662 3131 mutationi,
1687 3061 1835 3117 nihil
1855 3063 1976 3118 Deo
1999 3078 2150 3136 prae-

2262 3059 2436 3125 δόξαν.
2488 3062 2549 3115 Εἰ
2602 3065 2703 3136 γάρ
2752 3081 2804 3115 τι
2851 3061 3204 3138 ἕγκαταλίπης
3245 3064 3412 3135 ἐαυτῷ
3448 3074 3549 3118 τῶν
3587 3074 3862 3141 προϋπαρε

523 3152 807 3205 arentem.
832 3149 920 3215 Et,
947 3149 998 3203 si
1026 3148 1382 3221 quempiam
1395 3149 1752 3221 hujusmodi
1772 3153 2146 3220 nanciscare,

496 3251 743 3293 omnem
770 3240 937 3291 tuam
968 3235 1342 3293 voluntatem
1366 3252 1682 3309 exspuens,
1722 3244 1781 3296 et
1824 3240 1988 3297 foras
2013 3241 2149 3312 reji-

495 3327 682 3393 ciens,
708 3326 848 3381 huic
878 3330 931 3382 te
959 3327 1157 3398 ipsum
1181 3328 1373 3395 trade,
1404 3333 1470 3385 ut
1498 3329 1675 3401 quasi
1706 3346 1813 3385 vas
1843 3331 2148 3388 sincerum

2258 3152 2449 3215 ξάντων
2504 3150 2552 3204 ἐν
2612 3156 2695 3204 σοὶ
2759 3153 2956 3217 παθῶν,
3010 3153 3083 3215 εἰς
3144 3153 3317 3216 ὀξίνην
3373 3159 3739 3227 μεταποιήσας
3794 3159 3863 3208 τὰ

2256 3240 2606 3314 ἐμϐεϐλημένα
2643 3240 2691 3293 ἐν
2753 3246 2836 3294 σοὶ
2877 3240 3071 3313 ἀγαθὰ,
3111 3243 3208 3307 ἔξω
3253 3241 3527 3317 βληθήσῃ,
3577 3246 3756 3320 ὥσπερ
3804 3265 3860 3298 τι

2254 3340 2354 3385 τῶν
2376 3329 2663 3403 ἀχρήστων
2695 3338 2892 3383 σκευῶν
2918 3332 3056 3403 (74).

495 3413 843 3480 inveniaris,
875 3414 980 3485 qui
1006 3415 1230 3470 scilicet
1258 3431 1361 3471 eas
1385 3432 1522 3488 quas
1546 3416 1609 3472 in
1639 3421 1697 3473 te
1724 3417 2126 3475 infunduntur
2149 3419 2394 3477 virtutes
2422 3418 2503 3476 ad
2530 3418 2778 3475 laudem
2807 3422 2866 3476 et
2894 3419 3148 3491 gloriam
3176 3426 3342 3478 tuam
3364 3438 3591 3481 serves.
3622 3423 3858 3481 Etenim

500 3501 552 3557 si
581 3500 901 3573 quidpiam
932 3517 1006 3557 ex
1031 3502 1102 3557 iis
1131 3503 1289 3559 vitiis
1308 3504 1533 3577 quibus
1557 3509 1735 3562 antea
1764 3506 2002 3563 deditus
2024 3523 2179 3581 eras,
2212 3508 2275 3565 in
2305 3508 2496 3582 teipso
2524 3506 2860 3580 reliqueris,
2892 3515 3038 3565 tunc
3065 3509 3244 3567 bonis
3277 3527 3415 3585 quas
3444 3515 3507 3569 in
3534 3516 3587 3569 te
3617 3512 3861 3572 fuerant

496 3588 796 3655 immissa,
833 3589 895 3645 in
936 3606 1206 3663 vappam
1233 3594 1670 3661 transmutatis,
1699 3599 1993 3668 tanquam
2016 3611 2126 3652 vas
2155 3597 2470 3670 quoddam
2494 3596 2644 3653 nulli
2670 3597 2808 3653 usui
2835 3601 3048 3669 aptum
3069 3597 3231 3656 foras
3260 3600 3568 3671 projicere.

571 3683 623 3734 3.
650 3678 775 3734 Hoc
805 3678 1145 3736 secundum
1167 3684 1256 3738 est
1280 3680 1610 3752 luctamen,
1641 3683 1807 3755 quod
1834 3700 1975 3741 cum
1995 3683 2151 3741 salu-

499 3767 574 3822 tis
603 3770 827 3823 nostrae
865 3766 1037 3823 hoste
1076 3766 1415 3825 ineundum
1445 3774 1554 3827 est.
1586 3773 1960 3828 Documenta
1989 3772 2153 3829 enim

480 3855 934 3929 ‘magistrorum
971 3856 1298 3925 bonorum,
1329 3857 1496 3916 bona
1517 3866 1656 3917 sunt
1681 3876 1693 3914 :
1720 3861 2020 3918 malorum
2050 3878 2154 3918 au-

499 3949 645 4012 tem,
672 3943 836 4001 mala
860 3949 1003 4001 sunt
1031 3945 1302 4002 omnino.
1336 3948 1483 4004 Cum
1513 3949 1677 4005 enim
1707 3949 1885 4005 nobis
1910 3965 2156 4022 persua-

500 4034 640 4090 dere
666 4049 789 4090 non
811 4034 1072 4105 potuerit
1090 4033 1288 4090 malus
1306 4034 1403 4093 ille
1424 4037 1806 4094 adversarius
1842 4044 2065 4108 noster,
2088 4043 2156 4096 ut

500 4122 564 4178 in
595 4121 809 4178 mundi
848 4121 1107 4178 tumultu
1138 4128 1194 4178 et
1223 4122 1400 4180 exitio
1426 4141 1949 4197 permaneremus,
1975 4127 2150 4200 205

505 4211 760 4269 suadere
799 4209 1073 4280 conatur,
1106 4227 1182 4268 ne
1223 4213 1361 4269 vita:
1392 4220 1688 4272 accuratm
1726 4215 1914 4273 dediti
1937 4216 2151 4275 simus.

2333 3690 2385 3742 3.
2427 3686 2567 3745 Αὕτη
2601 3682 2821 3761 δευτερα
2858 3685 2994 3743 πάλη
3034 3690 3162 3761 πρὸς
3206 3691 3295 3740 τὸν
3345 3688 3736 3761 ἀνταγωνιστὴν
3764 3702 3864 3755 τῆς

2263 3781 2527 3849 σωτηρίας
2578 3777 2745 3848 ἡμῶν.
2811 3774 3045 3846 Ἀγαθῶν
3110 3779 3210 3850 γὰρ
3273 3773 3611 3832 διδασκάλων
3683 3779 3865 3853 ἀγαθά

2262 3866 2329 3916 τά
2378 3866 2668 3937 μαθήματα
2716 3865 2845 3933 (75)
2904 3864 3109 3927 πάντως
3165 3885 3266 3917 που
3323 3871 3415 3919 καὶ
3469 3877 3642 3921 κακῶν
3698 3874 3860 3929 κακά.

2261 3952 2423 4006 Ὀταν
2478 3955 2579 4027 γὰρ
2629 3957 2701 4025 μὴ
2756 3952 2961 4025 ἰσχύσῃ
3021 3954 3048 4005 ό
3096 3958 3323 4030 πονηρὸς
3382 3958 3527 4028 ἡμῶν
3584 3957 3869 4022 ἀντίπαλος

2262 4050 2445 4095 πεῖσαι
2490 4044 2630 4114 ἡμᾶς
2680 4040 3009 4113 ἕναπομεῑναι
3074 4051 3136 4102 τῆ
3193 4052 3286 4095 τοῦ
3336 4048 3538 4119 κόσμου
3591 4051 3873 4120 συγχύσει

2264 4134 2354 4183 καὶ
2402 4128 2648 4202 ἀπωλείᾳ,
2685 4126 2902 4183 σπεύδει
2930 4137 3113 4184 πεῖσαι
3155 4136 3226 4205 μὴ
3262 4130 3469 4208 ἀκριϐεῖ
3515 4133 3619 4208 βίῳ
3648 4136 3876 4201 ἑαυτούς

2266 4215 2509 4271 ἐκδοῦναι
2558 4219 2669 4288 (76)
2715 4219 2745 4279 ἦ
2798 4214 2955 4293 ἀνδρὶ
2999 4221 3171 4273 πάντα
3210 4222 3356 4294 ἡμῶν
3400 4225 3468 4275 τὰ
3505 4223 3875 4299 ἁμαρτήματα

501 4318 650 4359 neve
670 4302 1091 4374 permittamus
1111 4319 1223 4360 nos
1242 4304 1390 4373 viro,
1423 4305 1530 4378 qui
1555 4306 1763 4363 omnia
1789 4312 1999 4364 nostra
2016 4323 2154 4381 pec-

2265 4307 2352 4361 ύπ’
2382 4306 2502 4379 ὄψιν
2531 4308 2712 4380 ἄγοντι
2740 4311 2831 4360 καὶ
2862 4304 3237 4383 διορθουμένῳ,
3278 4309 3406 4363 ἀλλά
3441 4331 3541 4365 τινι
3570 4321 3669 4366 τῶν
3702 4311 3874 4379 δοξο-

503 4395 641 4447 cata
656 4390 735 4445 ob
752 4391 959 4447 oculos
980 4392 1155 4449 nobis
1175 4398 1382 4466 ponat,
1402 4394 1811 4468 corrigatque:
1834 4396 1941 4453 sed
1961 4402 2028 4454 ut
2041 4413 2154 4454 nos

494 4471 825 4535 'credamus
854 4480 1121 4552 cuipiam
1147 4482 1398 4540 honoris
1419 4499 1628 4542 amore
1648 4484 2157 4554 insanienti,suze-

504 4582 625 4641 que
645 4582 790 4637 erga
809 4584 951 4625 suos
976 4571 1348 4629 convictores
1370 4572 1761 4645 indulgentia:
1782 4575 2030 4633 obtentu
2046 4592 2159 4634 sua

505 4656 696 4730 ipsius
721 4656 862 4713 vitia
882 4661 1336 4718 commendanti
1366 4680 1380 4718 :
1411 4669 1476 4719 ut
1496 4680 1636 4722 cum
1664 4665 1749 4720 ita
1774 4681 1884 4722 nos
1912 4666 2159 4723 latenter

506 4744 841 4802 innumeris
865 4746 1023 4803 vitiis
1045 4764 1256 4805 rursus
1274 4751 1591 4823 addixerit,
1613 4754 1833 4810 nostris
1858 4754 2004 4827 ipsis
2024 4771 2160 4828 pec-

508 4835 625 4893 cati
654 4834 905 4892 vinculis
934 4851 1047 4893 nos
1084 4837 1436 4910 obstringat.
1467 4841 1640 4908 Quod
1660 4842 1709 4899 si
1729 4843 1858 4899 viro
1884 4848 1938 4900 te
1967 4843 2157 4901 dedas

600 5090 689 5155 72)
719 5085 904 5142 Editio
930 5087 1118 5160 Paris.
1153 5085 1248 5160 τῷ,
1270 5096 1404 5160 Θεῷ.
1442 5090 1740 5148 Articulus
1770 5095 1826 5148 et
1845 5092 1905 5148 in
1926 5092 2149 5148 nostris

628 5173 701 5212 us
758 5173 903 5213 mss.
967 5163 1025 5214 et
1065 5158 1124 5214 in
1182 5158 1439 5217 editiOne
1477 5164 1698 5221 Veneta
1752 5162 2153 5222 desideratur.

508 5228 684 5285 Haud
705 5228 884 5354 longe
915 5228 1037 5284 duo
1067 5246 1214 5285 mss.
1245 5236 1317 5304 μὴ
1344 5237 1511 5304 γίνου.

577 5300 688 5354 (73)
722 5303 801 5354 Co
849 5316 922 5354 ex
958 5316 1117 5354 unus
1154 5306 1242 5354 καὶ
1274 5303 1315 5354 εἰ
1355 5304 1509 5354 εὖοῃς

577 5300 688 5367 (‘73)
722 5300 922 5380 Codex
958 5316 1127 5380 unus
1154 5300 1315 5380 nisi
1352 5300 1474 5377 ὲῦρῃ
1488 5325 1528 5380 ς..
1558 5308 1673 5380 Nec
1694 5307 1775 5362 ita
1801 5307 2154 5380 multogpost

506 5369 648 5450 Reg.
684 5370 917 5450 primus
948 5376 1081 5450 πρός
1102 5375 1304 5450 ἔπαινόν
1346 5369 1462 5430 aut:
1495 5378 1704 5433 Statim
1730 5379 1892 5448 Regii
1921 5369 2153 5450 primus

507 5440 794 5522 et‘tertius
843 5440 1281 5522 ἐγκαταλίπηςεν
1322 5454 1543 5522 σεαυτῷ
1581 5453 1640 5504 et
1671 5450 1753 5505 ita
1786 5440 2030 5522 quoque
2074 5447 2153 5504 le-

504 5513 664 5578 gitur
700 5513 759 5565 in
792 5513 1065 5580 margine
1094 5513 1370 5572 editionis
1400 5513 1653 5576 Venetas.

576 5580 691 5650 (74)
723 5581 881 5651 Regii
928 5582 1158 5653 primus
1187 5592 1243 5644 et
1274 5588 1479 5646 tertius
1509 5593 1681 5668 ὥσπερ
1726 5610 1778 5643 τι
1831 5600 1930 5645 τῶν
1979 5591 2151 5665 expa-

580 5014 632 5212 ζ
646 5013 692 5085 1)
726 5014 911 5071 Iidem
940 5031 1088 5073 mss.
1116 5019 1246 5092 πρὸς
1270 5021 1327 5070 τό
1362 5016 1637 5078 ἀθάνατον,

600 5090 689 5155 72)
719 5085 904 5142 Editio
930 5087 1118 5143 Paris.
1157 5095 1230 5158 τῷ
1270 5096 1404 5160 Θεῷ.
1442 5090 1637 5147 Articu

628 5173 701 5212 us
758 5173 903 5212 mss.
967 5163 1025 5212 et
1065 5158 1124 5212 in
1182 5159 1439 5212 editione
1477 5164 1633 5212 νεαρ

506 5155 576 5211 tri

2265 4400 2561 4470 μανούντων
2603 4400 2693 4448 καὶ
2739 4397 2807 4448 τὰ
2853 4396 3019 4450 οἰκεῖα
3072 4400 3214 4457 πάθη
3269 4402 3530 4475 προφάσει
3586 4421 3873 4474 συγκατα-

2268 4486 2467 4549 ϐάσεως
2512 4492 2609 4545 τῆς
2653 4487 2783 4559 πρὸς
2848 4489 2969 4549 τούς
3043 4487 3309 4549 συζῶντας
3359 4498 3690 4559 συνιστῶντι,
3757 4495 3869 4563 ἵνα,

2266 4576 2428 4638 οὕτως
2469 4573 2785 4647 ἀσυμφανῶς
2832 4575 2939 4646 (77)
2978 4574 3131 4628 πάλιν
3160 4580 3502 4652 μυριοπαθεῖς
3530 4581 3671 4652 ἡμᾶς
3710 4590 3873 4642 nam-

2270 4684 2385 4730 σας,
2432 4665 2531 4717 ύπό
2578 4666 2644 4717 τὰ
2689 4663 2855 4716 οἰκεῖα
2893 4660 3067 4737 δεσμὰ
3102 4673 3193 4727 τῆς
3238 4666 3493 4741 ἁμαρτίας
3530 4670 3666 4742 ἡμᾶς
3703 4690 3873 4725 κατα-

2270 4759 2466 4827 στήσῃ.
2508 4752 2569 4807 Εἰ
2607 4748 2667 4805 δὲ
2713 4749 2879 4823 ἐκδῷς
2930 4756 3148 4806 σεαυτὸν
3196 4754 3496 4830 πολυαρέτῳ
3548 4755 3728 4834 ἀνδρὶ,
3780 4782 3871 4834 γε·

2266 4848 2400 4917 νησῃ
2451 4842 2769 4917 κληρονόμος
2812 4850 2911 4894 τῶν
2960 4841 3011 4895 ἐν
3064 4843 3202 4915 αύτῷ
3261 4843 3490 4919 ἀγαθῶν,
3538 4856 3873 4924 μακαριστό-

2263 5041 2398 5074 στων
2433 5030 2648 5095 σκευῶν,
2680 5020 2782 5095 uti
2814 5035 2919 5095 pas
2968 5021 3269 5095 quoddam
3311 5022 3550 5081 inutile.
3592 5024 3668 5079 At
3715 5025 3866 5095 Reg.

2261 5093 2566 5150 secundus
2603 5098 2661 5149 et
2689 5091 2832 5148 editi
2858 5101 2957 5144 τῶν
2977 5090 3181 5165 ’ἀτίμων
3213 5103 3431 5163 σκευῶν,
3461 5102 3528 5151 ut
3557 5106 3664 5151 vas
3690 5090 3870 5165 igno-

2259 5165 2895 5238 miniosum.__Utraque
2925 5163 3224 5238 scriptura
3246 5166 3398 5238 satis
3430 5165 3645 5238 placet.

2329 5237 2445 5310 (75)
2476 5234 2646 5310 Regii
2676 5233 2912 5310 primus
2924 5237 2983 5310 et
3000 5233 3204 5310 tertius
3235 5233 3418 5310 ἀγαθά
3430 5233 3497 5289 τὰ
3522 5233 3862 5310 διδάγματα.

2331 5302 2449 5377 (76)
2480 5302 2869 5377 Antiqui_duo
2896 5302 3032 5377 libri
3056 5302 3286 5367 ἑαυτούς’
3301 5304 3593 5377 ἐπιδοῦναι.

2333 5375 2441 5448 (77)
2473 5375 2702 5452 Editiet
2722 5375 2867 5445 Reg.
2891 5376 3099 5452 tertius
3116 5378 3278 5452 οὕτως
3305 5376 3626 5452 ἀσυμφώνως
3654 5380 3865 5436 incon.

2259 5445 2451 5522 cinae.
2497 5447 2609 5503 Alii
2654 5445 2777 5522 duo
2800 5463 2955 5522 mss.
2988 5447 3153 5519 Regii
3182 5445 3541 5522 famem“
3574 5452 3860 5522 latenter,

2258 5520 2495 5588 melius,
2550 5524 2615 5575 ut
2667 5518 2813 5574 mihi
2860 5517 3115 5594 videtur.
3160 5517 3485 5594 Aliquanto
3529 5521 3689 5589 infra
3733 5520 3860 5591 duo

2258 5608 2410 5649 mss.
2450 5594 2777 5667 μακαριστός
2815 5608 2871 5643 τε
2908 5591 3073 5663 παρά.
3272 5591 3293 5594 ’
3754 5631 3762 5637 .
