  <div class='ocr_page' id='page_1' title='image "/cluster/home/n/w/nwhite01/storage/ocr_20150623/31/hvd.32044048272629/325.png"; bbox 0 0 4100 6196; ppageno 0'>
   <div class='ocr_carea' id='block_1_1' title="bbox 532 277 637 333">
    <p class='ocr_par' dir='ltr' id='par_1_1' title="bbox 532 277 637 333">
     <span class='ocr_line' id='line_1_1' title="bbox 532 277 637 333; baseline -0.019 0"><span class='ocrx_word' id='word_1_1' title='bbox 532 277 637 333; x_wconf 83' lang='lat'>639</span> 
     </span>
    </p>
   </div>
   <div class='ocr_carea' id='block_1_2' title="bbox 532 474 2188 556">
    <p class='ocr_par' dir='ltr' id='par_1_2' title="bbox 532 474 2188 556">
     <span class='ocr_line' id='line_1_2' title="bbox 532 474 2188 556; baseline -0.008 -12"><span class='ocrx_word' id='word_1_2' title='bbox 532 484 830 544; x_wconf 89' lang='lat' dir='ltr'>benevolo</span> <span class='ocrx_word' id='word_1_3' title='bbox 855 481 1176 556; x_wconf 89' lang='lat' dir='ltr'>prodeunt.</span> <span class='ocrx_word' id='word_1_4' title='bbox 1209 476 1445 533; x_wconf 77' lang='lat' dir='ltr'>Accede</span> <span class='ocrx_word' id='word_1_5' title='bbox 1475 477 1555 532; x_wconf 87' lang='lat' dir='ltr'>ad</span> <span class='ocrx_word' id='word_1_6' title='bbox 1589 491 1766 533; x_wconf 89' lang='lat' dir='ltr'>senes</span> <span class='ocrx_word' id='word_1_7' title='bbox 1790 476 1897 549; x_wconf 86' lang='lat' dir='ltr'>qui</span> <span class='ocrx_word' id='word_1_8' title='bbox 1948 474 2188 531; x_wconf 82' lang='lat' dir='ltr'>facilem</span> 
     </span>
    </p>
   </div>
   <div class='ocr_carea' id='block_1_3' title="bbox 535 563 2190 640">
    <p class='ocr_par' dir='ltr' id='par_1_3' title="bbox 535 563 2190 640">
     <span class='ocr_line' id='line_1_3' title="bbox 535 563 2190 640; baseline -0.01 -5"><span class='ocrx_word' id='word_1_9' title='bbox 535 575 614 635; x_wconf 84' lang='lat' dir='ltr'>ad</span> <span class='ocrx_word' id='word_1_10' title='bbox 635 590 697 630; x_wconf 89' lang='lat' dir='ltr'>se</span> <span class='ocrx_word' id='word_1_11' title='bbox 719 573 950 630; x_wconf 83' lang='lat' dir='ltr'>aditum</span> <span class='ocrx_word' id='word_1_12' title='bbox 972 584 1095 626; x_wconf 88' lang='lat' dir='ltr'>non</span> <span class='ocrx_word' id='word_1_13' title='bbox 1121 565 1424 640; x_wconf 68' lang='lat' dir='ltr'>praebent:</span> <span class='ocrx_word' id='word_1_14' title='bbox 1453 565 1559 639; x_wconf 85' lang='lat' dir='ltr'>qui</span> <span class='ocrx_word' id='word_1_15' title='bbox 1579 565 2040 638; x_wconf 89' lang='lat' dir='ltr'>proverbiorum</span> <span class='ocrx_word' id='word_1_16' title='bbox 2060 563 2190 636; x_wconf 89' lang='lat' dir='ltr'>qui-</span> 
     </span>
    </p>
   </div>
   <div class='ocr_carea' id='block_1_4' title="bbox 534 653 2186 728">
    <p class='ocr_par' dir='ltr' id='par_1_4' title="bbox 534 653 2186 728">
     <span class='ocr_line' id='line_1_4' title="bbox 534 653 2186 728; baseline -0.007 -8"><span class='ocrx_word' id='word_1_17' title='bbox 534 663 675 720; x_wconf 87' lang='lat' dir='ltr'>dem</span> <span class='ocrx_word' id='word_1_18' title='bbox 707 658 1014 718; x_wconf 83' lang='lat' dir='ltr'>sententiis</span> <span class='ocrx_word' id='word_1_19' title='bbox 1041 658 1298 728; x_wconf 87' lang='lat' dir='ltr'>juvenes</span> <span class='ocrx_word' id='word_1_20' title='bbox 1343 655 1423 711; x_wconf 89' lang='lat' dir='ltr'>ad</span> <span class='ocrx_word' id='word_1_21' title='bbox 1452 655 1736 711; x_wconf 76' lang='lat' dir='ltr'>virtutem</span> <span class='ocrx_word' id='word_1_22' title='bbox 1781 653 2186 721; x_wconf 80' lang='lat' dir='ltr'>cohortantur,</span> 
     </span>
    </p>
   </div>
   <div class='ocr_carea' id='block_1_5' title="bbox 533 743 2191 810">
    <p class='ocr_par' dir='ltr' id='par_1_5' title="bbox 533 743 2191 810">
     <span class='ocr_line' id='line_1_5' title="bbox 533 743 2191 810; baseline -0.008 0"><span class='ocrx_word' id='word_1_23' title='bbox 533 767 646 810; x_wconf 92' lang='lat' dir='ltr'>nec</span> <span class='ocrx_word' id='word_1_24' title='bbox 674 757 876 807; x_wconf 90' lang='lat' dir='ltr'>tamen</span> <span class='ocrx_word' id='word_1_25' title='bbox 904 743 1331 803; x_wconf 75' lang='lat' dir='ltr'>facilelaedunt</span> <span class='ocrx_word' id='word_1_26' title='bbox 1355 763 1366 800; x_wconf 93' lang='lat'><strong>:</strong></span> <span class='ocrx_word' id='word_1_27' title='bbox 1400 745 1578 800; x_wconf 82' lang='lat' dir='ltr'>Omni</span> <span class='ocrx_word' id='word_1_28' title='bbox 1595 743 1868 800; x_wconf 78' lang='lat' dir='ltr'>custodia</span> <span class='ocrx_word' id='word_1_29' title='bbox 1895 757 2068 800; x_wconf 83' lang='lat' dir='ltr'>serva</span> <span class='ocrx_word' id='word_1_30' title='bbox 2091 757 2191 798; x_wconf 85' lang='lat' dir='ltr'>cor</span> 
     </span>
    </p>
   </div>
   <div class='ocr_carea' id='block_1_6' title="bbox 535 832 2189 898">
    <p class='ocr_par' dir='ltr' id='par_1_6' title="bbox 535 832 2189 898">
     <span class='ocr_line' id='line_1_6' title="bbox 535 832 2189 898; baseline -0.007 -1"><span class='ocrx_word' id='word_1_31' title='bbox 535 848 702 898; x_wconf 84' lang='lat' dir='ltr'>tuum</span> <span class='ocrx_word' id='word_1_32' title='bbox 726 840 794 892; x_wconf 79' lang='grc' dir='ltr'>⁸ο.</span> <span class='ocrx_word' id='word_1_33' title='bbox 818 835 1046 892; x_wconf 84' lang='lat' dir='ltr'>Etenim</span> <span class='ocrx_word' id='word_1_34' title='bbox 1069 834 1156 890; x_wconf 90' lang='lat' dir='ltr'>uti</span> <span class='ocrx_word' id='word_1_35' title='bbox 1176 850 1394 890; x_wconf 89' lang='lat' dir='ltr'>aurum</span> <span class='ocrx_word' id='word_1_36' title='bbox 1416 832 1823 890; x_wconf 79' lang='lat' dir='ltr'>indesinenter</span> <span class='ocrx_word' id='word_1_37' title='bbox 1851 832 1956 888; x_wconf 91' lang='lat' dir='ltr'>diu</span> <span class='ocrx_word' id='word_1_38' title='bbox 1984 836 2189 890; x_wconf 87' lang='lat' dir='ltr'>noctu-</span> 
     </span>
    </p>
   </div>
   <div class='ocr_carea' id='block_1_7' title="bbox 533 920 2189 1002">
    <p class='ocr_par' dir='ltr' id='par_1_7' title="bbox 533 920 2189 1002">
     <span class='ocr_line' id='line_1_7' title="bbox 533 920 2189 1002; baseline -0.004 -18"><span class='ocrx_word' id='word_1_39' title='bbox 533 944 650 1002; x_wconf 89' lang='lat' dir='ltr'>que</span> <span class='ocrx_word' id='word_1_40' title='bbox 671 923 1346 988; x_wconf 88' lang='lat' dir='ltr'>observaturafuribus,</span> <span class='ocrx_word' id='word_1_41' title='bbox 1365 927 1545 996; x_wconf 83' lang='lat' dir='ltr'>atque</span> <span class='ocrx_word' id='word_1_42' title='bbox 1563 927 1780 996; x_wconf 68' lang='lat' dir='ltr'>praeter</span> <span class='ocrx_word' id='word_1_43' title='bbox 1798 920 2189 995; x_wconf 84' lang='lat' dir='ltr'>exspectatio-</span> 
     </span>
    </p>
   </div>
   <div class='ocr_carea' id='block_1_8' title="bbox 533 1012 2188 1086">
    <p class='ocr_par' dir='ltr' id='par_1_8' title="bbox 533 1012 2188 1086">
     <span class='ocr_line' id='line_1_8' title="bbox 533 1012 2188 1086; baseline -0.005 -10"><span class='ocrx_word' id='word_1_44' title='bbox 533 1034 676 1076; x_wconf 88' lang='lat' dir='ltr'>nem</span> <span class='ocrx_word' id='word_1_45' title='bbox 702 1021 759 1074; x_wconf 91' lang='lat' dir='ltr'>et</span> <span class='ocrx_word' id='word_1_46' title='bbox 788 1022 844 1072; x_wconf 91' lang='lat' dir='ltr'>te</span> <span class='ocrx_word' id='word_1_47' title='bbox 875 1015 1066 1072; x_wconf 87' lang='lat' dir='ltr'>inscio</span> <span class='ocrx_word' id='word_1_48' title='bbox 1097 1014 1460 1086; x_wconf 87' lang='lat' dir='ltr'>subripitur;</span> <span class='ocrx_word' id='word_1_49' title='bbox 1494 1029 1636 1070; x_wconf 90' lang='lat' dir='ltr'>cave</span> <span class='ocrx_word' id='word_1_50' title='bbox 1671 1029 1746 1069; x_wconf 90' lang='lat' dir='ltr'>ne</span> <span class='ocrx_word' id='word_1_51' title='bbox 1777 1018 1832 1069; x_wconf 89' lang='lat' dir='ltr'>te</span> <span class='ocrx_word' id='word_1_52' title='bbox 1879 1012 2058 1085; x_wconf 87' lang='lat' dir='ltr'>primi</span> <span class='ocrx_word' id='word_1_53' title='bbox 2087 1027 2188 1084; x_wconf 89' lang='lat' dir='ltr'>pa-</span> 
     </span>
    </p>
   </div>
   <div class='ocr_carea' id='block_1_9' title="bbox 531 1100 2188 1180">
    <p class='ocr_par' dir='ltr' id='par_1_9' title="bbox 531 1100 2188 1180">
     <span class='ocr_line' id='line_1_9' title="bbox 531 1100 2188 1180; baseline -0.005 -15"><span class='ocrx_word' id='word_1_54' title='bbox 531 1107 716 1165; x_wconf 90' lang='lat' dir='ltr'>rentis</span> <span class='ocrx_word' id='word_1_55' title='bbox 733 1109 983 1180; x_wconf 90' lang='lat' dir='ltr'>peccato</span> <span class='ocrx_word' id='word_1_56' title='bbox 1001 1104 1318 1160; x_wconf 87' lang='lat' dir='ltr'>seductum</span> <span class='ocrx_word' id='word_1_57' title='bbox 1335 1101 1396 1158; x_wconf 92' lang='lat' dir='ltr'>in</span> <span class='ocrx_word' id='word_1_58' title='bbox 1415 1118 1678 1158; x_wconf 86' lang='lat' dir='ltr'>errorem</span> <span class='ocrx_word' id='word_1_59' title='bbox 1696 1101 1967 1173; x_wconf 83' lang='lat' dir='ltr'>impellat</span> <span class='ocrx_word' id='word_1_60' title='bbox 1979 1100 2055 1156; x_wconf 88' lang='lat' dir='ltr'>ad</span> <span class='ocrx_word' id='word_1_61' title='bbox 2067 1116 2188 1157; x_wconf 85' lang='lat' dir='ltr'>ver-</span> 
     </span>
    </p>
   </div>
   <div class='ocr_carea' id='block_1_10' title="bbox 532 1189 2185 1267">
    <p class='ocr_par' dir='ltr' id='par_1_10' title="bbox 532 1189 2185 1267">
     <span class='ocr_line' id='line_1_10' title="bbox 532 1189 2185 1267; baseline -0.004 -15"><span class='ocrx_word' id='word_1_62' title='bbox 532 1197 749 1265; x_wconf 90' lang='lat' dir='ltr'>sarius,</span> <span class='ocrx_word' id='word_1_63' title='bbox 781 1201 962 1267; x_wconf 84' lang='lat' dir='ltr'>teque</span> <span class='ocrx_word' id='word_1_64' title='bbox 994 1194 1109 1250; x_wconf 92' lang='lat' dir='ltr'>cito</span> <span class='ocrx_word' id='word_1_65' title='bbox 1140 1209 1211 1248; x_wconf 83' lang='lat' dir='ltr'>ex</span> <span class='ocrx_word' id='word_1_66' title='bbox 1242 1191 1568 1264; x_wconf 83' lang='lat' dir='ltr'>voluptatis</span> <span class='ocrx_word' id='word_1_67' title='bbox 1597 1191 1882 1264; x_wconf 84' lang='lat' dir='ltr'>paradiso</span> <span class='ocrx_word' id='word_1_68' title='bbox 1906 1189 2185 1262; x_wconf 83' lang='lat' dir='ltr'>expellat.</span> 
     </span>
    </p>
   </div>
   <div class='ocr_carea' id='block_1_11' title="bbox 534 1278 2184 1354">
    <p class='ocr_par' dir='ltr' id='par_1_11' title="bbox 534 1278 2184 1354">
     <span class='ocr_line' id='line_1_11' title="bbox 534 1278 2184 1354; baseline -0.004 -13"><span class='ocrx_word' id='word_1_69' title='bbox 534 1285 646 1352; x_wconf 83' lang='lat' dir='ltr'>Qui</span> <span class='ocrx_word' id='word_1_70' title='bbox 667 1285 827 1340; x_wconf 90' lang='lat' dir='ltr'>enim</span> <span class='ocrx_word' id='word_1_71' title='bbox 858 1282 1162 1339; x_wconf 81' lang='lat' dir='ltr'>Adamum</span> <span class='ocrx_word' id='word_1_72' title='bbox 1183 1295 1292 1354; x_wconf 89' lang='lat' dir='ltr'>per</span> <span class='ocrx_word' id='word_1_73' title='bbox 1320 1295 1471 1336; x_wconf 73' lang='lat' dir='ltr'>escae</span> <span class='ocrx_word' id='word_1_74' title='bbox 1493 1279 1716 1336; x_wconf 88' lang='lat' dir='ltr'>furtum</span> <span class='ocrx_word' id='word_1_75' title='bbox 1739 1279 1861 1335; x_wconf 89' lang='lat' dir='ltr'>vita</span> <span class='ocrx_word' id='word_1_76' title='bbox 1883 1278 2184 1352; x_wconf 89' lang='lat' dir='ltr'>spoliavit,</span> 
     </span>
    </p>
   </div>
   <div class='ocr_carea' id='block_1_12' title="bbox 535 1367 2188 1447">
    <p class='ocr_par' dir='ltr' id='par_1_12' title="bbox 535 1367 2188 1447">
     <span class='ocr_line' id='line_1_12' title="bbox 535 1367 2188 1447; baseline -0.002 -18"><span class='ocrx_word' id='word_1_77' title='bbox 535 1377 1004 1447; x_wconf 89' lang='lat' dir='ltr'>speraveratque</span> <span class='ocrx_word' id='word_1_78' title='bbox 1034 1370 1182 1437; x_wconf 88' lang='lat' dir='ltr'>fore,</span> <span class='ocrx_word' id='word_1_79' title='bbox 1222 1374 1287 1426; x_wconf 92' lang='lat' dir='ltr'>ut</span> <span class='ocrx_word' id='word_1_80' title='bbox 1309 1371 1514 1426; x_wconf 88' lang='lat' dir='ltr'>Jesum</span> <span class='ocrx_word' id='word_1_81' title='bbox 1541 1368 1980 1441; x_wconf 87' lang='lat' dir='ltr'>supplantaret,</span> <span class='ocrx_word' id='word_1_82' title='bbox 2002 1368 2053 1425; x_wconf 90' lang='lat' dir='ltr'>is</span> <span class='ocrx_word' id='word_1_83' title='bbox 2083 1367 2188 1425; x_wconf 84' lang='lat' dir='ltr'>tibi</span> 
     </span>
    </p>
   </div>
   <div class='ocr_carea' id='block_1_13' title="bbox 531 1457 2189 1534">
    <p class='ocr_par' dir='ltr' id='par_1_13' title="bbox 531 1457 2189 1534">
     <span class='ocr_line' id='line_1_13' title="bbox 531 1457 2189 1534; baseline -0.004 -16"><span class='ocrx_word' id='word_1_84' title='bbox 531 1477 779 1534; x_wconf 89' lang='lat' dir='ltr'>quoque</span> <span class='ocrx_word' id='word_1_85' title='bbox 803 1460 994 1517; x_wconf 87' lang='lat' dir='ltr'>multo</span> <span class='ocrx_word' id='word_1_86' title='bbox 1022 1459 1218 1529; x_wconf 87' lang='lat' dir='ltr'>magis</span> <span class='ocrx_word' id='word_1_87' title='bbox 1248 1457 1408 1515; x_wconf 84' lang='lat' dir='ltr'>lianc</span> <span class='ocrx_word' id='word_1_88' title='bbox 1439 1459 1699 1531; x_wconf 89' lang='lat' dir='ltr'>primam</span> <span class='ocrx_word' id='word_1_89' title='bbox 1728 1457 2028 1514; x_wconf 90' lang='lat' dir='ltr'>malorum</span> <span class='ocrx_word' id='word_1_90' title='bbox 2051 1472 2189 1513; x_wconf 90' lang='lat' dir='ltr'>cau-</span> 
     </span>
    </p>
   </div>
   <div class='ocr_carea' id='block_1_14' title="bbox 532 1547 2188 1624">
    <p class='ocr_par' dir='ltr' id='par_1_14' title="bbox 532 1547 2188 1624">
     <span class='ocr_line' id='line_1_14' title="bbox 532 1547 2188 1624; baseline -0.002 -18"><span class='ocrx_word' id='word_1_91' title='bbox 532 1567 665 1608; x_wconf 88' lang='lat' dir='ltr'>sam</span> <span class='ocrx_word' id='word_1_92' title='bbox 695 1551 1016 1624; x_wconf 90' lang='lat' dir='ltr'>propinare</span> <span class='ocrx_word' id='word_1_93' title='bbox 1046 1565 1169 1607; x_wconf 90' lang='lat' dir='ltr'>non</span> <span class='ocrx_word' id='word_1_94' title='bbox 1199 1548 1524 1613; x_wconf 85' lang='lat' dir='ltr'>verebitur,</span> <span class='ocrx_word' id='word_1_95' title='bbox 1549 1564 1850 1604; x_wconf 90' lang='lat' dir='ltr'>venenum</span> <span class='ocrx_word' id='word_1_96' title='bbox 1880 1547 2095 1604; x_wconf 80' lang='lat' dir='ltr'>efﬁcax</span> <span class='ocrx_word' id='word_1_97' title='bbox 2123 1548 2188 1604; x_wconf 93' lang='lat' dir='ltr'>id</span> 
     </span>
    </p>
   </div>
   <div class='ocr_carea' id='block_1_15' title="bbox 531 1637 2188 1708">
    <p class='ocr_par' dir='ltr' id='par_1_15' title="bbox 531 1637 2188 1708">
     <span class='ocr_line' id='line_1_15' title="bbox 531 1637 2188 1708; baseline -0.002 -12"><span class='ocrx_word' id='word_1_98' title='bbox 531 1655 664 1698; x_wconf 89' lang='lat' dir='ltr'>esse</span> <span class='ocrx_word' id='word_1_99' title='bbox 694 1655 817 1695; x_wconf 91' lang='lat' dir='ltr'>non</span> <span class='ocrx_word' id='word_1_100' title='bbox 855 1639 1116 1695; x_wconf 89' lang='lat' dir='ltr'>nescius.</span> <span class='ocrx_word' id='word_1_101' title='bbox 1145 1641 1294 1695; x_wconf 83' lang='lat' dir='ltr'>Nam</span> <span class='ocrx_word' id='word_1_102' title='bbox 1326 1638 1480 1708; x_wconf 65' lang='lat' dir='ltr'>gulae</span> <span class='ocrx_word' id='word_1_103' title='bbox 1526 1637 1736 1694; x_wconf 88' lang='lat' dir='ltr'>vitium</span> <span class='ocrx_word' id='word_1_104' title='bbox 1767 1653 1890 1694; x_wconf 88' lang='lat' dir='ltr'>non</span> <span class='ocrx_word' id='word_1_105' title='bbox 1933 1637 1994 1692; x_wconf 92' lang='lat' dir='ltr'>in</span> <span class='ocrx_word' id='word_1_106' title='bbox 2025 1652 2188 1693; x_wconf 81' lang='lat' dir='ltr'>esca-</span> 
     </span>
    </p>
   </div>
   <div class='ocr_carea' id='block_1_16' title="bbox 530 1726 2186 1802">
    <p class='ocr_par' dir='ltr' id='par_1_16' title="bbox 530 1726 2186 1802">
     <span class='ocr_line' id='line_1_16' title="bbox 530 1726 2186 1802; baseline -0.002 -16"><span class='ocrx_word' id='word_1_107' title='bbox 530 1747 665 1787; x_wconf 88' lang='lat' dir='ltr'>rum</span> <span class='ocrx_word' id='word_1_108' title='bbox 697 1729 893 1802; x_wconf 90' lang='lat' dir='ltr'>copia,</span> <span class='ocrx_word' id='word_1_109' title='bbox 927 1729 1104 1800; x_wconf 79' lang='lat'>208</span> <span class='ocrx_word' id='word_1_110' title='bbox 1133 1729 1240 1784; x_wconf 87' lang='lat' dir='ltr'>sed</span> <span class='ocrx_word' id='word_1_111' title='bbox 1269 1729 1332 1785; x_wconf 90' lang='lat' dir='ltr'>in</span> <span class='ocrx_word' id='word_1_112' title='bbox 1364 1729 1732 1800; x_wconf 85' lang='lat' dir='ltr'>appetitione</span> <span class='ocrx_word' id='word_1_113' title='bbox 1759 1733 1816 1784; x_wconf 89' lang='lat' dir='ltr'>et</span> <span class='ocrx_word' id='word_1_114' title='bbox 1853 1727 1916 1784; x_wconf 91' lang='lat' dir='ltr'>in</span> <span class='ocrx_word' id='word_1_115' title='bbox 1943 1726 2186 1783; x_wconf 87' lang='lat' dir='ltr'>modico</span> 
     </span>
    </p>
   </div>
   <div class='ocr_carea' id='block_1_17' title="bbox 531 1816 2187 1890">
    <p class='ocr_par' dir='ltr' id='par_1_17' title="bbox 531 1816 2187 1890">
     <span class='ocr_line' id='line_1_17' title="bbox 531 1816 2187 1890; baseline -0.002 -15"><span class='ocrx_word' id='word_1_116' title='bbox 531 1825 795 1890; x_wconf 86' lang='lat' dir='ltr'>gustatu,</span> <span class='ocrx_word' id='word_1_117' title='bbox 828 1819 953 1875; x_wconf 85' lang='lat' dir='ltr'>vim</span> <span class='ocrx_word' id='word_1_118' title='bbox 980 1835 1158 1874; x_wconf 88' lang='lat' dir='ltr'>suam</span> <span class='ocrx_word' id='word_1_119' title='bbox 1188 1833 1461 1874; x_wconf 80' lang='lat' dir='ltr'>exserere</span> <span class='ocrx_word' id='word_1_120' title='bbox 1511 1817 1680 1874; x_wconf 88' lang='lat' dir='ltr'>solet.</span> <span class='ocrx_word' id='word_1_121' title='bbox 1715 1819 1869 1886; x_wconf 88' lang='lat' dir='ltr'>Ergo</span> <span class='ocrx_word' id='word_1_122' title='bbox 1910 1817 1957 1872; x_wconf 92' lang='lat' dir='ltr'>si</span> <span class='ocrx_word' id='word_1_123' title='bbox 1986 1816 2187 1872; x_wconf 85' lang='lat' dir='ltr'>brevis</span> 
     </span>
    </p>
   </div>
   <div class='ocr_carea' id='block_1_18' title="bbox 531 1905 2185 1980">
    <p class='ocr_par' dir='ltr' id='par_1_18' title="bbox 531 1905 2185 1980">
     <span class='ocr_line' id='line_1_18' title="bbox 531 1905 2185 1980; baseline -0.002 -15"><span class='ocrx_word' id='word_1_124' title='bbox 531 1908 787 1978; x_wconf 89' lang='lat' dir='ltr'>alicujus</span> <span class='ocrx_word' id='word_1_125' title='bbox 818 1911 1092 1978; x_wconf 83' lang='lat' dir='ltr'>gustatus</span> <span class='ocrx_word' id='word_1_126' title='bbox 1121 1907 1409 1980; x_wconf 89' lang='lat' dir='ltr'>appetitio</span> <span class='ocrx_word' id='word_1_127' title='bbox 1447 1906 1638 1979; x_wconf 88' lang='lat' dir='ltr'>potuit</span> <span class='ocrx_word' id='word_1_128' title='bbox 1691 1905 1985 1976; x_wconf 83' lang='lat' dir='ltr'>subjicere</span> <span class='ocrx_word' id='word_1_129' title='bbox 2015 1909 2073 1961; x_wconf 88' lang='lat' dir='ltr'>te</span> <span class='ocrx_word' id='word_1_130' title='bbox 2101 1905 2185 1962; x_wconf 88' lang='lat' dir='ltr'>in-</span> 
     </span>
    </p>
   </div>
   <div class='ocr_carea' id='block_1_19' title="bbox 530 1995 2180 2070">
    <p class='ocr_par' dir='ltr' id='par_1_19' title="bbox 530 1995 2180 2070">
     <span class='ocr_line' id='line_1_19' title="bbox 530 1995 2180 2070; baseline -0.002 -16"><span class='ocrx_word' id='word_1_131' title='bbox 530 1995 748 2070; x_wconf 88' lang='lat' dir='ltr'>gluviei</span> <span class='ocrx_word' id='word_1_132' title='bbox 774 1997 934 2069; x_wconf 88' lang='lat' dir='ltr'>vitio,</span> <span class='ocrx_word' id='word_1_133' title='bbox 970 1997 1077 2054; x_wconf 89' lang='lat' dir='ltr'>tibi</span> <span class='ocrx_word' id='word_1_134' title='bbox 1121 1997 1287 2067; x_wconf 78' lang='lat' dir='ltr'>nullo</span> <span class='ocrx_word' id='word_1_135' title='bbox 1327 1997 1569 2067; x_wconf 88' lang='lat' dir='ltr'>negotio</span> <span class='ocrx_word' id='word_1_136' title='bbox 1604 1995 1906 2053; x_wconf 85' lang='lat' dir='ltr'>interitum</span> <span class='ocrx_word' id='word_1_137' title='bbox 1956 1995 2180 2052; x_wconf 75' lang='lat' dir='ltr'>afferet.</span> 
     </span>
    </p>
   </div>
   <div class='ocr_carea' id='block_1_20' title="bbox 531 2084 2185 2158">
    <p class='ocr_par' dir='ltr' id='par_1_20' title="bbox 531 2084 2185 2158">
     <span class='ocr_line' id='line_1_20' title="bbox 531 2084 2185 2158; baseline -0.002 -16"><span class='ocrx_word' id='word_1_138' title='bbox 531 2087 1061 2154; x_wconf 85' lang='lat' dir='ltr'>Quemadmodum</span> <span class='ocrx_word' id='word_1_139' title='bbox 1089 2087 1252 2142; x_wconf 90' lang='lat' dir='ltr'>enim</span> <span class='ocrx_word' id='word_1_140' title='bbox 1291 2102 1467 2158; x_wconf 81' lang='lat' dir='ltr'>aquae</span> <span class='ocrx_word' id='word_1_141' title='bbox 1518 2085 1823 2154; x_wconf 81' lang='lat' dir='ltr'>scaturigo</span> <span class='ocrx_word' id='word_1_142' title='bbox 1852 2084 1914 2140; x_wconf 89' lang='lat' dir='ltr'>in</span> <span class='ocrx_word' id='word_1_143' title='bbox 1961 2084 2185 2140; x_wconf 89' lang='lat' dir='ltr'>multos</span> 
     </span>
    </p>
   </div>
   <div class='ocr_carea' id='block_1_21' title="bbox 529 2172 2184 2244">
    <p class='ocr_par' dir='ltr' id='par_1_21' title="bbox 529 2172 2184 2244">
     <span class='ocr_line' id='line_1_21' title="bbox 529 2172 2184 2244; baseline -0.003 -11"><span class='ocrx_word' id='word_1_144' title='bbox 529 2175 746 2233; x_wconf 90' lang='lat' dir='ltr'>ductus</span> <span class='ocrx_word' id='word_1_145' title='bbox 788 2176 984 2233; x_wconf 89' lang='lat' dir='ltr'>divisa</span> <span class='ocrx_word' id='word_1_146' title='bbox 1029 2176 1191 2244; x_wconf 87' lang='lat' dir='ltr'>facit,</span> <span class='ocrx_word' id='word_1_147' title='bbox 1220 2180 1284 2231; x_wconf 90' lang='lat' dir='ltr'>ut</span> <span class='ocrx_word' id='word_1_148' title='bbox 1310 2175 1510 2231; x_wconf 90' lang='lat' dir='ltr'>omnis</span> <span class='ocrx_word' id='word_1_149' title='bbox 1548 2174 1718 2230; x_wconf 88' lang='lat' dir='ltr'>locus</span> <span class='ocrx_word' id='word_1_150' title='bbox 1764 2173 1855 2230; x_wconf 85' lang='lat' dir='ltr'>his</span> <span class='ocrx_word' id='word_1_151' title='bbox 1903 2172 2184 2229; x_wconf 87' lang='lat' dir='ltr'>ductibus</span> 
     </span>
    </p>
   </div>
   <div class='ocr_carea' id='block_1_22' title="bbox 529 2261 2184 2336">
    <p class='ocr_par' dir='ltr' id='par_1_22' title="bbox 529 2261 2184 2336">
     <span class='ocr_line' id='line_1_22' title="bbox 529 2261 2184 2336; baseline -0.002 -15"><span class='ocrx_word' id='word_1_152' title='bbox 529 2265 970 2336; x_wconf 80' lang='lat' dir='ltr'>circumjecens</span> <span class='ocrx_word' id='word_1_153' title='bbox 1001 2265 1298 2320; x_wconf 88' lang='lat' dir='ltr'>virescat:</span> <span class='ocrx_word' id='word_1_154' title='bbox 1327 2265 1411 2319; x_wconf 90' lang='lat' dir='ltr'>ita</span> <span class='ocrx_word' id='word_1_155' title='bbox 1441 2269 1498 2318; x_wconf 92' lang='lat' dir='ltr'>et</span> <span class='ocrx_word' id='word_1_156' title='bbox 1529 2262 1681 2333; x_wconf 79' lang='lat' dir='ltr'>gulae</span> <span class='ocrx_word' id='word_1_157' title='bbox 1712 2263 1922 2318; x_wconf 89' lang='lat' dir='ltr'>vitium</span> <span class='ocrx_word' id='word_1_158' title='bbox 1955 2262 2006 2317; x_wconf 88' lang='lat' dir='ltr'>si</span> <span class='ocrx_word' id='word_1_159' title='bbox 2037 2278 2100 2318; x_wconf 91' lang='lat' dir='ltr'>se</span> <span class='ocrx_word' id='word_1_160' title='bbox 2121 2261 2184 2317; x_wconf 89' lang='lat' dir='ltr'>in</span> 
     </span>
    </p>
   </div>
   <div class='ocr_carea' id='block_1_23' title="bbox 529 2353 2184 2426">
    <p class='ocr_par' dir='ltr' id='par_1_23' title="bbox 529 2353 2184 2426">
     <span class='ocr_line' id='line_1_23' title="bbox 529 2353 2184 2426; baseline -0.005 -11"><span class='ocrx_word' id='word_1_161' title='bbox 529 2374 632 2415; x_wconf 89' lang='lat' dir='ltr'>cor</span> <span class='ocrx_word' id='word_1_162' title='bbox 662 2362 837 2414; x_wconf 91' lang='lat' dir='ltr'>tuum</span> <span class='ocrx_word' id='word_1_163' title='bbox 881 2355 1178 2422; x_wconf 78' lang='lat' dir='ltr'>effuderit,</span> <span class='ocrx_word' id='word_1_164' title='bbox 1220 2355 1418 2426; x_wconf 91' lang='lat' dir='ltr'>ipsum</span> <span class='ocrx_word' id='word_1_165' title='bbox 1468 2354 1727 2423; x_wconf 84' lang='lat' dir='ltr'>irrigatis</span> <span class='ocrx_word' id='word_1_166' title='bbox 1755 2353 2040 2409; x_wconf 88' lang='lat' dir='ltr'>omnibus</span> <span class='ocrx_word' id='word_1_167' title='bbox 2069 2353 2184 2408; x_wconf 88' lang='lat' dir='ltr'>tuis</span> 
     </span>
    </p>
   </div>
   <div class='ocr_carea' id='block_1_24' title="bbox 531 2442 2184 2518">
    <p class='ocr_par' dir='ltr' id='par_1_24' title="bbox 531 2442 2184 2518">
     <span class='ocr_line' id='line_1_24' title="bbox 531 2442 2184 2518; baseline -0.004 -14"><span class='ocrx_word' id='word_1_168' title='bbox 531 2446 838 2515; x_wconf 88' lang='lat' dir='ltr'>sensibus,</span> <span class='ocrx_word' id='word_1_169' title='bbox 865 2445 969 2518; x_wconf 92' lang='lat' dir='ltr'>qui</span> <span class='ocrx_word' id='word_1_170' title='bbox 997 2449 1139 2500; x_wconf 89' lang='lat' dir='ltr'>sunt</span> <span class='ocrx_word' id='word_1_171' title='bbox 1167 2444 1452 2516; x_wconf 81' lang='lat' dir='ltr'>nequitiae</span> <span class='ocrx_word' id='word_1_172' title='bbox 1483 2443 1662 2515; x_wconf 90' lang='lat' dir='ltr'>quasi</span> <span class='ocrx_word' id='word_1_173' title='bbox 1687 2442 1836 2498; x_wconf 90' lang='lat' dir='ltr'>silva</span> <span class='ocrx_word' id='word_1_174' title='bbox 1863 2442 1924 2498; x_wconf 93' lang='lat' dir='ltr'>in</span> <span class='ocrx_word' id='word_1_175' title='bbox 1956 2447 2010 2498; x_wconf 93' lang='lat' dir='ltr'>te</span> <span class='ocrx_word' id='word_1_176' title='bbox 2040 2456 2184 2498; x_wconf 89' lang='lat' dir='ltr'>con-</span> 
     </span>
    </p>
   </div>
   <div class='ocr_carea' id='block_1_25' title="bbox 529 2532 2180 2608">
    <p class='ocr_par' dir='ltr' id='par_1_25' title="bbox 529 2532 2180 2608">
     <span class='ocr_line' id='line_1_25' title="bbox 529 2532 2180 2608; baseline -0.003 -13"><span class='ocrx_word' id='word_1_177' title='bbox 529 2539 664 2608; x_wconf 87' lang='lat' dir='ltr'>sita,</span> <span class='ocrx_word' id='word_1_178' title='bbox 689 2537 960 2594; x_wconf 86' lang='lat' dir='ltr'>animam</span> <span class='ocrx_word' id='word_1_179' title='bbox 987 2539 1157 2592; x_wconf 81' lang='lat' dir='ltr'>tuam</span> <span class='ocrx_word' id='word_1_180' title='bbox 1191 2535 1451 2590; x_wconf 88' lang='lat' dir='ltr'>ferarum</span> <span class='ocrx_word' id='word_1_181' title='bbox 1498 2532 1916 2588; x_wconf 84' lang='lat' dir='ltr'>habitaculum</span> <span class='ocrx_word' id='word_1_182' title='bbox 1945 2532 2180 2590; x_wconf 84' lang='lat' dir='ltr'>efﬁciet.</span> 
     </span>
    </p>
   </div>
   <div class='ocr_carea' id='block_1_26' title="bbox 527 2621 2183 2698">
    <p class='ocr_par' dir='ltr' id='par_1_26' title="bbox 527 2621 2183 2698">
     <span class='ocr_line' id='line_1_26' title="bbox 527 2621 2183 2698; baseline -0.004 -14"><span class='ocrx_word' id='word_1_183' title='bbox 527 2631 649 2698; x_wconf 89' lang='lat' dir='ltr'>Ego</span> <span class='ocrx_word' id='word_1_184' title='bbox 677 2627 836 2683; x_wconf 90' lang='lat' dir='ltr'>enim</span> <span class='ocrx_word' id='word_1_185' title='bbox 881 2625 1005 2681; x_wconf 91' lang='lat' dir='ltr'>vidi</span> <span class='ocrx_word' id='word_1_186' title='bbox 1035 2624 1278 2691; x_wconf 89' lang='lat' dir='ltr'>multos,</span> <span class='ocrx_word' id='word_1_187' title='bbox 1311 2623 1416 2696; x_wconf 89' lang='lat' dir='ltr'>qui</span> <span class='ocrx_word' id='word_1_188' title='bbox 1447 2622 1604 2678; x_wconf 89' lang='lat' dir='ltr'>vitiis</span> <span class='ocrx_word' id='word_1_189' title='bbox 1632 2622 1964 2694; x_wconf 88' lang='lat' dir='ltr'>mancipati</span> <span class='ocrx_word' id='word_1_190' title='bbox 1992 2621 2183 2678; x_wconf 86' lang='lat' dir='ltr'>redie-</span> 
     </span>
    </p>
   </div>
   <div class='ocr_carea' id='block_1_27' title="bbox 527 2709 2181 2783">
    <p class='ocr_par' dir='ltr' id='par_1_27' title="bbox 527 2709 2181 2783">
     <span class='ocr_line' id='line_1_27' title="bbox 527 2709 2181 2783; baseline -0.004 -11"><span class='ocrx_word' id='word_1_191' title='bbox 527 2720 670 2772; x_wconf 90' lang='lat' dir='ltr'>runt</span> <span class='ocrx_word' id='word_1_192' title='bbox 693 2716 774 2772; x_wconf 89' lang='lat' dir='ltr'>ad</span> <span class='ocrx_word' id='word_1_193' title='bbox 799 2714 1118 2771; x_wconf 86' lang='lat' dir='ltr'>sanitatem</span> <span class='ocrx_word' id='word_1_194' title='bbox 1142 2730 1155 2770; x_wconf 90' lang='lat'><strong>:</strong></span> <span class='ocrx_word' id='word_1_195' title='bbox 1185 2712 1292 2768; x_wconf 90' lang='lat' dir='ltr'>sed</span> <span class='ocrx_word' id='word_1_196' title='bbox 1317 2727 1388 2767; x_wconf 86' lang='lat' dir='ltr'>ex</span> <span class='ocrx_word' id='word_1_197' title='bbox 1419 2711 1704 2768; x_wconf 91' lang='lat' dir='ltr'>omnibus</span> <span class='ocrx_word' id='word_1_198' title='bbox 1733 2726 1809 2766; x_wconf 89' lang='lat' dir='ltr'>ne</span> <span class='ocrx_word' id='word_1_199' title='bbox 1830 2726 2020 2766; x_wconf 91' lang='lat' dir='ltr'>unum</span> <span class='ocrx_word' id='word_1_200' title='bbox 2046 2709 2181 2783; x_wconf 90' lang='lat' dir='ltr'>qui-</span> 
     </span>
    </p>
   </div>
   <div class='ocr_carea' id='block_1_28' title="bbox 526 2799 2181 2874">
    <p class='ocr_par' dir='ltr' id='par_1_28' title="bbox 526 2799 2181 2874">
     <span class='ocr_line' id='line_1_28' title="bbox 526 2799 2181 2874; baseline -0.002 -15"><span class='ocrx_word' id='word_1_201' title='bbox 526 2804 688 2865; x_wconf 90' lang='lat' dir='ltr'>dem,</span> <span class='ocrx_word' id='word_1_202' title='bbox 721 2803 826 2874; x_wconf 89' lang='lat' dir='ltr'>qui</span> <span class='ocrx_word' id='word_1_203' title='bbox 855 2802 1088 2858; x_wconf 90' lang='lat' dir='ltr'>occulte</span> <span class='ocrx_word' id='word_1_204' title='bbox 1139 2800 1561 2865; x_wconf 89' lang='lat' dir='ltr'>manducaret,</span> <span class='ocrx_word' id='word_1_205' title='bbox 1599 2805 1703 2856; x_wconf 89' lang='lat' dir='ltr'>aut</span> <span class='ocrx_word' id='word_1_206' title='bbox 1727 2799 1980 2870; x_wconf 86' lang='lat' dir='ltr'>gulosus</span> <span class='ocrx_word' id='word_1_207' title='bbox 2003 2803 2181 2869; x_wconf 88' lang='lat' dir='ltr'>esset,</span> 
     </span>
    </p>
   </div>
   <div class='ocr_carea' id='block_1_29' title="bbox 526 2887 2183 2957">
    <p class='ocr_par' dir='ltr' id='par_1_29' title="bbox 526 2887 2183 2957">
     <span class='ocr_line' id='line_1_29' title="bbox 526 2887 2183 2957; baseline -0.004 -9"><span class='ocrx_word' id='word_1_208' title='bbox 526 2889 920 2948; x_wconf 87' lang='lat' dir='ltr'>emendatum</span> <span class='ocrx_word' id='word_1_209' title='bbox 940 2889 1090 2957; x_wconf 89' lang='lat' dir='ltr'>vidi;</span> <span class='ocrx_word' id='word_1_210' title='bbox 1118 2888 1242 2945; x_wconf 91' lang='lat' dir='ltr'>imo</span> <span class='ocrx_word' id='word_1_211' title='bbox 1263 2904 1408 2944; x_wconf 89' lang='lat' dir='ltr'>vero</span> <span class='ocrx_word' id='word_1_212' title='bbox 1429 2893 1534 2945; x_wconf 89' lang='lat' dir='ltr'>aut</span> <span class='ocrx_word' id='word_1_213' title='bbox 1559 2889 1694 2944; x_wconf 68' lang='lat' dir='ltr'>vita:</span> <span class='ocrx_word' id='word_1_214' title='bbox 1718 2887 2078 2944; x_wconf 90' lang='lat' dir='ltr'>continentis</span> <span class='ocrx_word' id='word_1_215' title='bbox 2095 2887 2183 2943; x_wconf 91' lang='lat' dir='ltr'>in-</span> 
     </span>
    </p>
   </div>
   <div class='ocr_carea' id='block_1_30' title="bbox 527 2978 2180 3051">
    <p class='ocr_par' dir='ltr' id='par_1_30' title="bbox 527 2978 2180 3051">
     <span class='ocr_line' id='line_1_30' title="bbox 527 2978 2180 3051; baseline -0.002 -15"><span class='ocrx_word' id='word_1_216' title='bbox 527 2980 801 3036; x_wconf 89' lang='lat' dir='ltr'>stitutum</span> <span class='ocrx_word' id='word_1_217' title='bbox 829 2978 1133 3047; x_wconf 90' lang='lat' dir='ltr'>deserunt,</span> <span class='ocrx_word' id='word_1_218' title='bbox 1153 2982 1332 3051; x_wconf 88' lang='lat' dir='ltr'>atque</span> <span class='ocrx_word' id='word_1_219' title='bbox 1353 2979 1414 3035; x_wconf 91' lang='lat' dir='ltr'>in</span> <span class='ocrx_word' id='word_1_220' title='bbox 1437 2978 1668 3034; x_wconf 88' lang='lat' dir='ltr'>mundo</span> <span class='ocrx_word' id='word_1_221' title='bbox 1689 2981 2180 3050; x_wconf 88' lang='lat' dir='ltr'>corrumpuntur,</span> 
     </span>
    </p>
   </div>
   <div class='ocr_carea' id='block_1_31' title="bbox 526 3065 2181 3137">
    <p class='ocr_par' dir='ltr' id='par_1_31' title="bbox 526 3065 2181 3137">
     <span class='ocr_line' id='line_1_31' title="bbox 526 3065 2181 3137; baseline -0.002 -12"><span class='ocrx_word' id='word_1_222' title='bbox 526 3072 632 3126; x_wconf 83' lang='lat' dir='ltr'>aut</span> <span class='ocrx_word' id='word_1_223' title='bbox 677 3068 830 3124; x_wconf 91' lang='lat' dir='ltr'>inter</span> <span class='ocrx_word' id='word_1_224' title='bbox 872 3067 1249 3124; x_wconf 90' lang='lat' dir='ltr'>continentes</span> <span class='ocrx_word' id='word_1_225' title='bbox 1281 3067 1570 3123; x_wconf 88' lang='lat' dir='ltr'>occultari</span> <span class='ocrx_word' id='word_1_226' title='bbox 1609 3071 1924 3137; x_wconf 87' lang='lat' dir='ltr'>conantur,</span> <span class='ocrx_word' id='word_1_227' title='bbox 1967 3069 2025 3121; x_wconf 92' lang='lat' dir='ltr'>et</span> <span class='ocrx_word' id='word_1_228' title='bbox 2051 3065 2181 3122; x_wconf 89' lang='lat' dir='ltr'>dia-</span> 
     </span>
    </p>
   </div>
   <div class='ocr_carea' id='block_1_32' title="bbox 523 3153 2183 3227">
    <p class='ocr_par' dir='ltr' id='par_1_32' title="bbox 523 3153 2183 3227">
     <span class='ocr_line' id='line_1_32' title="bbox 523 3153 2183 3227; baseline -0.001 -14"><span class='ocrx_word' id='word_1_229' title='bbox 523 3155 648 3213; x_wconf 86' lang='lat' dir='ltr'>boli</span> <span class='ocrx_word' id='word_1_230' title='bbox 677 3155 831 3212; x_wconf 81' lang='lat' dir='ltr'>ﬁunt</span> <span class='ocrx_word' id='word_1_231' title='bbox 856 3155 1297 3211; x_wconf 85' lang='lat' dir='ltr'>commilitones</span> <span class='ocrx_word' id='word_1_232' title='bbox 1340 3171 1447 3227; x_wconf 90' lang='lat' dir='ltr'>per</span> <span class='ocrx_word' id='word_1_233' title='bbox 1492 3153 1890 3226; x_wconf 88' lang='lat' dir='ltr'>voluptatem.</span> <span class='ocrx_word' id='word_1_234' title='bbox 1930 3153 1996 3210; x_wconf 80' lang='lat' dir='ltr'>Hi</span> <span class='ocrx_word' id='word_1_235' title='bbox 2021 3154 2183 3211; x_wconf 88' lang='lat' dir='ltr'>enim</span> 
     </span>
    </p>
   </div>
   <div class='ocr_carea' id='block_1_33' title="bbox 525 3242 2182 3314">
    <p class='ocr_par' dir='ltr' id='par_1_33' title="bbox 525 3242 2182 3314">
     <span class='ocr_line' id='line_1_33' title="bbox 525 3242 2182 3314; baseline -0.001 -13"><span class='ocrx_word' id='word_1_236' title='bbox 525 3243 852 3302; x_wconf 89' lang='lat' dir='ltr'>mendaces</span> <span class='ocrx_word' id='word_1_237' title='bbox 872 3247 1032 3310; x_wconf 91' lang='lat' dir='ltr'>sunt,</span> <span class='ocrx_word' id='word_1_238' title='bbox 1051 3243 1255 3300; x_wconf 87' lang='lat' dir='ltr'>multis</span> <span class='ocrx_word' id='word_1_239' title='bbox 1265 3243 1286 3314; x_wconf 90' lang='lat' dir='ltr'>j</span> <span class='ocrx_word' id='word_1_240' title='bbox 1299 3243 1628 3300; x_wconf 90' lang='lat' dir='ltr'>uramentis</span> <span class='ocrx_word' id='word_1_241' title='bbox 1651 3242 1920 3311; x_wconf 83' lang='lat' dir='ltr'>obnoxii,</span> <span class='ocrx_word' id='word_1_242' title='bbox 1935 3243 2060 3314; x_wconf 90' lang='lat' dir='ltr'>perj</span> <span class='ocrx_word' id='word_1_243' title='bbox 2069 3244 2182 3314; x_wconf 89' lang='lat' dir='ltr'>uri,</span> 
     </span>
    </p>
   </div>
   <div class='ocr_carea' id='block_1_34' title="bbox 527 3331 2184 3404">
    <p class='ocr_par' dir='ltr' id='par_1_34' title="bbox 527 3331 2184 3404">
     <span class='ocr_line' id='line_1_34' title="bbox 527 3331 2184 3404; baseline -0.001 -14"><span class='ocrx_word' id='word_1_244' title='bbox 527 3332 908 3401; x_wconf 88' lang='lat' dir='ltr'>contentiosi,</span> <span class='ocrx_word' id='word_1_245' title='bbox 931 3333 1009 3388; x_wconf 91' lang='lat' dir='ltr'>ad</span> <span class='ocrx_word' id='word_1_246' title='bbox 1031 3332 1439 3389; x_wconf 88' lang='lat' dir='ltr'>referiendum</span> <span class='ocrx_word' id='word_1_247' title='bbox 1459 3332 1674 3404; x_wconf 89' lang='lat' dir='ltr'>parati,</span> <span class='ocrx_word' id='word_1_248' title='bbox 1701 3331 1978 3400; x_wconf 88' lang='lat' dir='ltr'>clamosi,</span> <span class='ocrx_word' id='word_1_249' title='bbox 2001 3337 2058 3387; x_wconf 91' lang='lat' dir='ltr'>et</span> <span class='ocrx_word' id='word_1_250' title='bbox 2078 3333 2184 3404; x_wconf 89' lang='lat' dir='ltr'>qui</span> 
     </span>
    </p>
   </div>
   <div class='ocr_carea' id='block_1_35' title="bbox 525 3421 2180 3494">
    <p class='ocr_par' dir='ltr' id='par_1_35' title="bbox 525 3421 2180 3494">
     <span class='ocr_line' id='line_1_35' title="bbox 525 3421 2180 3494; baseline -0.002 -15"><span class='ocrx_word' id='word_1_251' title='bbox 525 3428 748 3494; x_wconf 88' lang='lat' dir='ltr'>negent</span> <span class='ocrx_word' id='word_1_252' title='bbox 779 3439 844 3478; x_wconf 86' lang='lat' dir='ltr'>se</span> <span class='ocrx_word' id='word_1_253' title='bbox 889 3422 1248 3489; x_wconf 90' lang='lat' dir='ltr'>comedisse,</span> <span class='ocrx_word' id='word_1_254' title='bbox 1279 3421 1624 3492; x_wconf 86' lang='lat' dir='ltr'>illiberales,</span> <span class='ocrx_word' id='word_1_255' title='bbox 1661 3421 1894 3488; x_wconf 90' lang='lat' dir='ltr'>molles,</span> <span class='ocrx_word' id='word_1_256' title='bbox 1923 3421 2180 3493; x_wconf 88' lang='lat' dir='ltr'>queruli,</span> 
     </span>
    </p>
   </div>
   <div class='ocr_carea' id='block_1_36' title="bbox 526 3510 2184 3583">
    <p class='ocr_par' dir='ltr' id='par_1_36' title="bbox 526 3510 2184 3583">
     <span class='ocr_line' id='line_1_36' title="bbox 526 3510 2184 3583; baseline -0.002 -15"><span class='ocrx_word' id='word_1_257' title='bbox 526 3515 912 3580; x_wconf 86' lang='lat' dir='ltr'>scrutatores,</span> <span class='ocrx_word' id='word_1_258' title='bbox 944 3515 1002 3567; x_wconf 91' lang='lat' dir='ltr'>et</span> <span class='ocrx_word' id='word_1_259' title='bbox 1049 3511 1153 3583; x_wconf 91' lang='lat' dir='ltr'>qui</span> <span class='ocrx_word' id='word_1_260' title='bbox 1200 3511 1462 3567; x_wconf 89' lang='lat' dir='ltr'>tenebris</span> <span class='ocrx_word' id='word_1_261' title='bbox 1506 3510 1834 3581; x_wconf 88' lang='lat' dir='ltr'>gaudeant,</span> <span class='ocrx_word' id='word_1_262' title='bbox 1882 3525 2184 3582; x_wconf 83' lang='lat' dir='ltr'>omneque</span> 
     </span>
    </p>
   </div>
   <div class='ocr_carea' id='block_1_37' title="bbox 524 3599 2180 3673">
    <p class='ocr_par' dir='ltr' id='par_1_37' title="bbox 524 3599 2180 3673">
     <span class='ocr_line' id='line_1_37' title="bbox 524 3599 2180 3673; baseline -0.001 -17"><span class='ocrx_word' id='word_1_263' title='bbox 524 3602 662 3657; x_wconf 80' lang='lat' dir='ltr'>vitae</span> <span class='ocrx_word' id='word_1_264' title='bbox 705 3600 819 3673; x_wconf 69' lang='lat' dir='ltr'>piae</span> <span class='ocrx_word' id='word_1_265' title='bbox 865 3616 936 3656; x_wconf 90' lang='lat' dir='ltr'>ac</span> <span class='ocrx_word' id='word_1_266' title='bbox 977 3603 1199 3656; x_wconf 66' lang='lat' dir='ltr'>sanctae</span> <span class='ocrx_word' id='word_1_267' title='bbox 1239 3600 1582 3656; x_wconf 87' lang='lat' dir='ltr'>institutum</span> <span class='ocrx_word' id='word_1_268' title='bbox 1621 3599 1776 3655; x_wconf 86' lang='lat' dir='ltr'>ultro</span> <span class='ocrx_word' id='word_1_269' title='bbox 1804 3603 2180 3671; x_wconf 86' lang='lat' dir='ltr'>oppugnent.</span> 
     </span>
    </p>
   </div>
   <div class='ocr_carea' id='block_1_38' title="bbox 523 3689 2186 3760">
    <p class='ocr_par' dir='ltr' id='par_1_38' title="bbox 523 3689 2186 3760">
     <span class='ocr_line' id='line_1_38' title="bbox 523 3689 2186 3760; baseline -0.001 -14"><span class='ocrx_word' id='word_1_270' title='bbox 523 3689 778 3757; x_wconf 86' lang='lat' dir='ltr'>Etenim,</span> <span class='ocrx_word' id='word_1_271' title='bbox 801 3695 867 3746; x_wconf 90' lang='lat' dir='ltr'>ut</span> <span class='ocrx_word' id='word_1_272' title='bbox 894 3689 1049 3760; x_wconf 70' lang='lat' dir='ltr'>gulae</span> <span class='ocrx_word' id='word_1_273' title='bbox 1080 3689 1293 3746; x_wconf 90' lang='lat' dir='ltr'>vitium</span> <span class='ocrx_word' id='word_1_274' title='bbox 1319 3694 1664 3760; x_wconf 86' lang='lat' dir='ltr'>contegant,</span> <span class='ocrx_word' id='word_1_275' title='bbox 1688 3689 1750 3745; x_wconf 90' lang='lat' dir='ltr'>in</span> <span class='ocrx_word' id='word_1_276' title='bbox 1772 3689 2077 3745; x_wconf 89' lang='lat' dir='ltr'>malorum</span> <span class='ocrx_word' id='word_1_277' title='bbox 2097 3691 2186 3744; x_wconf 87' lang='lat' dir='ltr'>in-</span> 
     </span>
    </p>
   </div>
   <div class='ocr_carea' id='block_1_39' title="bbox 525 3778 2183 3851">
    <p class='ocr_par' dir='ltr' id='par_1_39' title="bbox 525 3778 2183 3851">
     <span class='ocr_line' id='line_1_39' title="bbox 525 3778 2183 3851; baseline -0.001 -15"><span class='ocrx_word' id='word_1_278' title='bbox 525 3779 731 3836; x_wconf 88' lang='lat' dir='ltr'>cidunt</span> <span class='ocrx_word' id='word_1_279' title='bbox 775 3778 1264 3836; x_wconf 88' lang='lat' dir='ltr'>multitudinem:</span> <span class='ocrx_word' id='word_1_280' title='bbox 1313 3779 1417 3851; x_wconf 90' lang='lat' dir='ltr'>qui</span> <span class='ocrx_word' id='word_1_281' title='bbox 1466 3779 1716 3850; x_wconf 90' lang='lat' dir='ltr'>quidem</span> <span class='ocrx_word' id='word_1_282' title='bbox 1765 3779 1961 3850; x_wconf 90' lang='lat' dir='ltr'>specie</span> <span class='ocrx_word' id='word_1_283' title='bbox 2009 3785 2183 3834; x_wconf 90' lang='lat' dir='ltr'>tenus</span> 
     </span>
    </p>
   </div>
   <div class='ocr_carea' id='block_1_40' title="bbox 523 3867 2179 3940">
    <p class='ocr_par' dir='ltr' id='par_1_40' title="bbox 523 3867 2179 3940">
     <span class='ocr_line' id='line_1_40' title="bbox 523 3867 2179 3940; baseline -0.001 -16"><span class='ocrx_word' id='word_1_284' title='bbox 523 3867 675 3925; x_wconf 90' lang='lat' dir='ltr'>inter</span> <span class='ocrx_word' id='word_1_285' title='bbox 695 3868 937 3936; x_wconf 90' lang='lat' dir='ltr'>electos,</span> <span class='ocrx_word' id='word_1_286' title='bbox 963 3872 1025 3923; x_wconf 89' lang='lat' dir='ltr'>at</span> <span class='ocrx_word' id='word_1_287' title='bbox 1043 3870 1245 3940; x_wconf 90' lang='lat' dir='ltr'>reipsa</span> <span class='ocrx_word' id='word_1_288' title='bbox 1267 3867 1419 3924; x_wconf 89' lang='lat' dir='ltr'>inter</span> <span class='ocrx_word' id='word_1_289' title='bbox 1443 3867 1740 3940; x_wconf 87' lang='lat' dir='ltr'>reprobos</span> <span class='ocrx_word' id='word_1_290' title='bbox 1761 3872 2179 3924; x_wconf 89' lang='lat' dir='ltr'>numerantur.</span> 
     </span>
    </p>
   </div>
   <div class='ocr_carea' id='block_1_41' title="bbox 594 3956 2184 4029">
    <p class='ocr_par' dir='ltr' id='par_1_41' title="bbox 594 3956 2184 4029">
     <span class='ocr_line' id='line_1_41' title="bbox 594 3956 2184 4029; baseline -0.001 -15"><span class='ocrx_word' id='word_1_291' title='bbox 594 3964 647 4014; x_wconf 88' lang='lat'>7.</span> <span class='ocrx_word' id='word_1_292' title='bbox 693 3957 994 4029; x_wconf 87' lang='lat' dir='ltr'>lngluvies</span> <span class='ocrx_word' id='word_1_293' title='bbox 1023 3957 1200 4013; x_wconf 88' lang='lat' dir='ltr'>morti</span> <span class='ocrx_word' id='word_1_294' title='bbox 1229 3956 1477 4013; x_wconf 89' lang='lat' dir='ltr'>tradidit</span> <span class='ocrx_word' id='word_1_295' title='bbox 1513 3957 1835 4023; x_wconf 79' lang='lat' dir='ltr'>Adamum,</span> <span class='ocrx_word' id='word_1_296' title='bbox 1867 3961 2047 4028; x_wconf 90' lang='lat' dir='ltr'>atque</span> <span class='ocrx_word' id='word_1_297' title='bbox 2076 3972 2184 4028; x_wconf 91' lang='lat' dir='ltr'>per</span> 
     </span>
    </p>
   </div>
   <div class='ocr_carea' id='block_1_42' title="bbox 523 4044 2184 4118">
    <p class='ocr_par' dir='ltr' id='par_1_42' title="bbox 523 4044 2184 4118">
     <span class='ocr_line' id='line_1_42' title="bbox 523 4044 2184 4118; baseline -0.002 -15"><span class='ocrx_word' id='word_1_298' title='bbox 523 4047 746 4104; x_wconf 87' lang='lat' dir='ltr'>ventris</span> <span class='ocrx_word' id='word_1_299' title='bbox 775 4045 1148 4118; x_wconf 87' lang='lat' dir='ltr'>voluptatem</span> <span class='ocrx_word' id='word_1_300' title='bbox 1187 4045 1421 4101; x_wconf 91' lang='lat' dir='ltr'>mundo</span> <span class='ocrx_word' id='word_1_301' title='bbox 1452 4046 1700 4101; x_wconf 83' lang='lat' dir='ltr'>exitium</span> <span class='ocrx_word' id='word_1_302' title='bbox 1743 4044 2018 4101; x_wconf 67' lang='lat' dir='ltr'>intulit“.</span> <span class='ocrx_word' id='word_1_303' title='bbox 2047 4044 2184 4102; x_wconf 92' lang='lat' dir='ltr'>lrri-</span> 
     </span>
    </p>
   </div>
   <div class='ocr_carea' id='block_1_43' title="bbox 522 4134 2184 4206">
    <p class='ocr_par' dir='ltr' id='par_1_43' title="bbox 522 4134 2184 4206">
     <span class='ocr_line' id='line_1_43' title="bbox 522 4134 2184 4206; baseline -0.001 -14"><span class='ocrx_word' id='word_1_304' title='bbox 522 4135 697 4192; x_wconf 90' lang='lat' dir='ltr'>detur</span> <span class='ocrx_word' id='word_1_305' title='bbox 743 4139 886 4198; x_wconf 78' lang='lat' dir='ltr'>Noe,</span> <span class='ocrx_word' id='word_1_306' title='bbox 911 4135 1100 4192; x_wconf 82' lang='lat' dir='ltr'>Cham</span> <span class='ocrx_word' id='word_1_307' title='bbox 1131 4135 1381 4191; x_wconf 91' lang='lat' dir='ltr'>devotus</span> <span class='ocrx_word' id='word_1_308' title='bbox 1421 4135 1596 4204; x_wconf 69' lang='lat' dir='ltr'>est”,</span> <span class='ocrx_word' id='word_1_309' title='bbox 1627 4134 2010 4206; x_wconf 88' lang='lat' dir='ltr'>primogeniti</span> <span class='ocrx_word' id='word_1_310' title='bbox 2041 4135 2184 4204; x_wconf 86' lang='lat' dir='ltr'>jura</span> 
     </span>
    </p>
   </div>
   <div class='ocr_carea' id='block_1_44' title="bbox 524 4222 2183 4295">
    <p class='ocr_par' dir='ltr' id='par_1_44' title="bbox 524 4222 2183 4295">
     <span class='ocr_line' id='line_1_44' title="bbox 524 4222 2183 4295; baseline -0.001 -14"><span class='ocrx_word' id='word_1_311' title='bbox 524 4224 740 4281; x_wconf 89' lang='lat' dir='ltr'>amittit</span> <span class='ocrx_word' id='word_1_312' title='bbox 782 4227 938 4281; x_wconf 86' lang='lat' dir='ltr'>Esau</span> <span class='ocrx_word' id='word_1_313' title='bbox 955 4225 1024 4292; x_wconf 80' lang='grc'>⁸³,</span> <span class='ocrx_word' id='word_1_314' title='bbox 1067 4235 1249 4295; x_wconf 86' lang='lat' dir='ltr'>atque</span> <span class='ocrx_word' id='word_1_315' title='bbox 1279 4238 1417 4279; x_wconf 91' lang='lat' dir='ltr'>cum</span> <span class='ocrx_word' id='word_1_316' title='bbox 1447 4222 1804 4278; x_wconf 75' lang='lat' dir='ltr'>Chananteis</span> <span class='ocrx_word' id='word_1_317' title='bbox 1827 4222 2183 4280; x_wconf 80' lang='lat' dir='ltr'>affinitatem</span> 
     </span>
    </p>
   </div>
   <div class='ocr_carea' id='block_1_45' title="bbox 523 4312 2182 4384">
    <p class='ocr_par' dir='ltr' id='par_1_45' title="bbox 523 4312 2182 4384">
     <span class='ocr_line' id='line_1_45' title="bbox 523 4312 2182 4384; baseline 0.001 -16"><span class='ocrx_word' id='word_1_318' title='bbox 523 4313 903 4370; x_wconf 71' lang='lat' dir='ltr'>contrahit&quot;.</span> <span class='ocrx_word' id='word_1_319' title='bbox 953 4317 1059 4370; x_wconf 89' lang='lat' dir='ltr'>Lot</span> <span class='ocrx_word' id='word_1_320' title='bbox 1108 4312 1369 4368; x_wconf 78' lang='lat' dir='ltr'>filiarum</span> <span class='ocrx_word' id='word_1_321' title='bbox 1425 4312 1676 4368; x_wconf 86' lang='lat' dir='ltr'>maritus</span> <span class='ocrx_word' id='word_1_322' title='bbox 1727 4312 1796 4368; x_wconf 88' lang='lat' dir='ltr'>ﬁt</span> <span class='ocrx_word' id='word_1_323' title='bbox 1816 4313 1886 4380; x_wconf 76' lang='grc'>⁸⁵,</span> <span class='ocrx_word' id='word_1_324' title='bbox 1932 4313 2058 4384; x_wconf 91' lang='lat' dir='ltr'>ipse</span> <span class='ocrx_word' id='word_1_325' title='bbox 2089 4313 2182 4369; x_wconf 90' lang='lat' dir='ltr'>sui</span> 
     </span>
    </p>
   </div>
   <div class='ocr_carea' id='block_1_46' title="bbox 523 4400 2181 4474">
    <p class='ocr_par' dir='ltr' id='par_1_46' title="bbox 523 4400 2181 4474">
     <span class='ocr_line' id='line_1_46' title="bbox 523 4400 2181 4474; baseline 0.002 -19"><span class='ocrx_word' id='word_1_326' title='bbox 523 4400 714 4473; x_wconf 91' lang='lat' dir='ltr'>ipsius</span> <span class='ocrx_word' id='word_1_327' title='bbox 764 4417 948 4472; x_wconf 87' lang='lat' dir='ltr'>gener</span> <span class='ocrx_word' id='word_1_328' title='bbox 987 4407 1043 4458; x_wconf 90' lang='lat' dir='ltr'>et</span> <span class='ocrx_word' id='word_1_329' title='bbox 1091 4418 1279 4470; x_wconf 90' lang='lat' dir='ltr'>socer,</span> <span class='ocrx_word' id='word_1_330' title='bbox 1325 4406 1496 4474; x_wconf 88' lang='lat' dir='ltr'>pater</span> <span class='ocrx_word' id='word_1_331' title='bbox 1545 4401 1651 4470; x_wconf 90' lang='lat' dir='ltr'>vir,</span> <span class='ocrx_word' id='word_1_332' title='bbox 1697 4405 1755 4456; x_wconf 93' lang='lat' dir='ltr'>et</span> <span class='ocrx_word' id='word_1_333' title='bbox 1809 4418 1960 4457; x_wconf 89' lang='lat' dir='ltr'>avus</span> <span class='ocrx_word' id='word_1_334' title='bbox 2010 4405 2181 4474; x_wconf 87' lang='lat' dir='ltr'>pater</span> 
     </span>
    </p>
   </div>
   <div class='ocr_carea' id='block_1_47' title="bbox 521 4487 2175 4559">
    <p class='ocr_par' dir='ltr' id='par_1_47' title="bbox 521 4487 2175 4559">
     <span class='ocr_line' id='line_1_47' title="bbox 521 4487 2175 4559; baseline 0.002 -18"><span class='ocrx_word' id='word_1_335' title='bbox 521 4487 802 4559; x_wconf 89' lang='lat' dir='ltr'>utrinque</span> <span class='ocrx_word' id='word_1_336' title='bbox 847 4493 1079 4545; x_wconf 82' lang='lat' dir='ltr'>naturae</span> <span class='ocrx_word' id='word_1_337' title='bbox 1137 4489 1426 4545; x_wconf 89' lang='lat' dir='ltr'>terminos</span> <span class='ocrx_word' id='word_1_338' title='bbox 1476 4488 1746 4546; x_wconf 86' lang='lat' dir='ltr'>afﬁciens</span> <span class='ocrx_word' id='word_1_339' title='bbox 1794 4489 2175 4546; x_wconf 89' lang='lat' dir='ltr'>contumelia.</span> 
     </span>
    </p>
   </div>
   <div class='ocr_carea' id='block_1_48' title="bbox 524 4575 2180 4649">
    <p class='ocr_par' dir='ltr' id='par_1_48' title="bbox 524 4575 2180 4649">
     <span class='ocr_line' id='line_1_48' title="bbox 524 4575 2180 4649; baseline 0.002 -19"><span class='ocrx_word' id='word_1_340' title='bbox 524 4577 656 4631; x_wconf 76' lang='lat' dir='ltr'>Haec</span> <span class='ocrx_word' id='word_1_341' title='bbox 679 4575 860 4631; x_wconf 87' lang='lat' dir='ltr'>etiam</span> <span class='ocrx_word' id='word_1_342' title='bbox 881 4575 1157 4632; x_wconf 90' lang='lat' dir='ltr'>lsraelem</span> <span class='ocrx_word' id='word_1_343' title='bbox 1176 4576 1415 4649; x_wconf 89' lang='lat' dir='ltr'>impulit</span> <span class='ocrx_word' id='word_1_344' title='bbox 1431 4578 1508 4633; x_wconf 91' lang='lat' dir='ltr'>ad</span> <span class='ocrx_word' id='word_1_345' title='bbox 1527 4577 1914 4634; x_wconf 88' lang='lat' dir='ltr'>adorandum</span> <span class='ocrx_word' id='word_1_346' title='bbox 1935 4578 2180 4634; x_wconf 82' lang='lat' dir='ltr'>simula-</span> 
     </span>
    </p>
   </div>
   <div class='ocr_carea' id='block_1_49' title="bbox 593 4683 1630 4751">
    <p class='ocr_par' dir='ltr' id='par_1_49' title="bbox 593 4683 1630 4751">
     <span class='ocr_line' id='line_1_49' title="bbox 593 4683 1630 4751; baseline 0.001 -14"><span class='ocrx_word' id='word_1_347' title='bbox 593 4683 642 4716; x_wconf 82' lang='grc' dir='ltr'>⁸ο</span> <span class='ocrx_word' id='word_1_348' title='bbox 683 4684 855 4742; x_wconf 82' lang='lat' dir='ltr'>Prov.</span> <span class='ocrx_word' id='word_1_349' title='bbox 897 4698 969 4750; x_wconf 78' lang='lat' dir='ltr'>Iv,</span> <span class='ocrx_word' id='word_1_350' title='bbox 1011 4687 1101 4738; x_wconf 85' lang='lat'>23.</span> <span class='ocrx_word' id='word_1_351' title='bbox 1181 4685 1225 4719; x_wconf 77' lang='grc'>⁸³</span> <span class='ocrx_word' id='word_1_352' title='bbox 1271 4685 1415 4740; x_wconf 88' lang='lat' dir='ltr'>Gen.</span> <span class='ocrx_word' id='word_1_353' title='bbox 1453 4699 1534 4751; x_wconf 76' lang='lat' dir='ltr'>nt,</span> <span class='ocrx_word' id='word_1_354' title='bbox 1578 4687 1630 4739; x_wconf 90' lang='lat'>6.</span> 
     </span>
    </p>
   </div>
   <div class='ocr_carea' id='block_1_50' title="bbox 520 4756 758 4823">
    <p class='ocr_par' dir='ltr' id='par_1_50' title="bbox 520 4756 758 4823">
     <span class='ocr_line' id='line_1_50' title="bbox 520 4756 758 4823; baseline -0.004 -13"><span class='ocrx_word' id='word_1_355' title='bbox 520 4769 630 4823; x_wconf 79' lang='lat' dir='ltr'>nx,</span> <span class='ocrx_word' id='word_1_356' title='bbox 670 4756 758 4810; x_wconf 80' lang='lat'>35.</span> 
     </span>
    </p>
   </div>
   <div class='ocr_carea' id='block_1_51' title="bbox 524 4859 2173 4935">
    <p class='ocr_par' dir='ltr' id='par_1_51' title="bbox 524 4859 2173 4935">
     <span class='ocr_line' id='line_1_51' title="bbox 524 4859 2173 4935; baseline -0.002 -19"><span class='ocrx_word' id='word_1_357' title='bbox 524 4860 714 4916; x_wconf 87' lang='lat' dir='ltr'>Editio</span> <span class='ocrx_word' id='word_1_358' title='bbox 744 4859 928 4917; x_wconf 87' lang='lat' dir='ltr'>Paris.</span> <span class='ocrx_word' id='word_1_359' title='bbox 961 4865 1018 4917; x_wconf 93' lang='lat' dir='ltr'>et</span> <span class='ocrx_word' id='word_1_360' title='bbox 1052 4859 1234 4916; x_wconf 87' lang='lat' dir='ltr'>editio</span> <span class='ocrx_word' id='word_1_361' title='bbox 1263 4863 1406 4916; x_wconf 88' lang='lat' dir='ltr'>Ven.</span> <span class='ocrx_word' id='word_1_362' title='bbox 1439 4861 1502 4916; x_wconf 92' lang='lat' dir='ltr'>in</span> <span class='ocrx_word' id='word_1_363' title='bbox 1540 4861 1814 4929; x_wconf 88' lang='lat' dir='ltr'>margine</span> <span class='ocrx_word' id='word_1_364' title='bbox 1842 4861 2001 4934; x_wconf 74' lang='grc' dir='ltr'>πολλῇ</span> <span class='ocrx_word' id='word_1_365' title='bbox 2031 4881 2086 4914; x_wconf 86' lang='grc' dir='ltr'>τε</span> <span class='ocrx_word' id='word_1_366' title='bbox 2112 4871 2173 4935; x_wconf 75' lang='grc' dir='ltr'>τῇ</span> 
     </span>
    </p>
   </div>
   <div class='ocr_carea' id='block_1_52' title="bbox 521 4936 2172 5006">
    <p class='ocr_par' dir='ltr' id='par_1_52' title="bbox 521 4936 2172 5006">
     <span class='ocr_line' id='line_1_52' title="bbox 521 4936 2172 5006; baseline 0.001 -22"><span class='ocrx_word' id='word_1_367' title='bbox 521 4937 676 5006; x_wconf 80' lang='grc' dir='ltr'>πείρᾳ</span> <span class='ocrx_word' id='word_1_368' title='bbox 701 4941 800 4984; x_wconf 82' lang='grc' dir='ltr'>τῶν</span> <span class='ocrx_word' id='word_1_369' title='bbox 825 4937 1166 4985; x_wconf 77' lang='grc' dir='ltr'>πεπτωκότων</span> <span class='ocrx_word' id='word_1_370' title='bbox 1197 4940 1430 5004; x_wconf 75' lang='grc' dir='ltr'>προφανῆ</span> <span class='ocrx_word' id='word_1_371' title='bbox 1473 4951 1556 4984; x_wconf 91' lang='grc' dir='ltr'>σοι</span> <span class='ocrx_word' id='word_1_372' title='bbox 1580 4940 1748 4985; x_wconf 74' lang='grc' dir='ltr'>ταυτα</span> <span class='ocrx_word' id='word_1_373' title='bbox 1789 4936 2172 5004; x_wconf 77' lang='grc' dir='ltr'>φαινέσθωσαν,</span> 
     </span>
    </p>
   </div>
   <div class='ocr_carea' id='block_1_53' title="bbox 523 5005 2175 5076">
    <p class='ocr_par' dir='ltr' id='par_1_53' title="bbox 523 5005 2175 5076">
     <span class='ocr_line' id='line_1_53' title="bbox 523 5005 2175 5076; baseline 0.001 -16"><span class='ocrx_word' id='word_1_374' title='bbox 523 5009 578 5060; x_wconf 86' lang='lat' dir='ltr'>et</span> <span class='ocrx_word' id='word_1_375' title='bbox 602 5005 718 5074; x_wconf 70' lang='lat' dir='ltr'>per</span> <span class='ocrx_word' id='word_1_376' title='bbox 746 5005 1002 5060; x_wconf 83' lang='lat' dir='ltr'>multam</span> <span class='ocrx_word' id='word_1_377' title='bbox 1024 5005 1459 5076; x_wconf 68' lang='lat' dir='ltr'>experientiam</span> <span class='ocrx_word' id='word_1_378' title='bbox 1479 5018 1682 5060; x_wconf 84' lang='lat' dir='ltr'>eorum</span> <span class='ocrx_word' id='word_1_379' title='bbox 1706 5006 1810 5076; x_wconf 80' lang='lat' dir='ltr'>qui</span> <span class='ocrx_word' id='word_1_380' title='bbox 1839 5006 1998 5074; x_wconf 77' lang='lat' dir='ltr'>lapsi</span> <span class='ocrx_word' id='word_1_381' title='bbox 2013 5011 2175 5073; x_wconf 85' lang='lat' dir='ltr'>sunt,</span> 
     </span>
    </p>
   </div>
   <div class='ocr_carea' id='block_1_54' title="bbox 521 5074 1435 5146">
    <p class='ocr_par' dir='ltr' id='par_1_54' title="bbox 521 5074 1435 5146">
     <span class='ocr_line' id='line_1_54' title="bbox 521 5074 1435 5146; baseline -0.003 -15"><span class='ocrx_word' id='word_1_382' title='bbox 521 5077 850 5146; x_wconf 78' lang='lat' dir='ltr'>manifesta</span> <span class='ocrx_word' id='word_1_383' title='bbox 876 5077 1034 5144; x_wconf 83' lang='lat' dir='ltr'>ﬁant</span> <span class='ocrx_word' id='word_1_384' title='bbox 1061 5076 1271 5146; x_wconf 65' lang='lat' dir='ltr'>ist/iac</span> <span class='ocrx_word' id='word_1_385' title='bbox 1299 5074 1435 5129; x_wconf 80' lang='lat' dir='ltr'>tibi.</span> 
     </span>
    </p>
   </div>
   <div class='ocr_carea' id='block_1_55' title="bbox 595 5141 2178 5221">
    <p class='ocr_par' dir='ltr' id='par_1_55' title="bbox 595 5141 2178 5221">
     <span class='ocr_line' id='line_1_55' title="bbox 595 5141 2178 5221; baseline 0 -18"><span class='ocrx_word' id='word_1_386' title='bbox 595 5141 954 5220; x_wconf 43' lang='lat' dir='ltr'>(3)&#39;Antiq&#39;ui</span> <span class='ocrx_word' id='word_1_387' title='bbox 983 5147 1106 5202; x_wconf 91' lang='lat' dir='ltr'>duo</span> <span class='ocrx_word' id='word_1_388' title='bbox 1141 5145 1276 5201; x_wconf 81' lang='lat' dir='ltr'>libri</span> <span class='ocrx_word' id='word_1_389' title='bbox 1319 5141 1547 5219; x_wconf 75' lang='grc' dir='ltr'>καρδίας</span> <span class='ocrx_word' id='word_1_390' title='bbox 1575 5150 2029 5221; x_wconf 77' lang='grc' dir='ltr'>προσφερομένοις.</span> <span class='ocrx_word' id='word_1_391' title='bbox 2063 5145 2178 5202; x_wconf 81' lang='lat' dir='ltr'>lbi-</span> 
     </span>
    </p>
   </div>
   <div class='ocr_carea' id='block_1_56' title="bbox 522 5215 2175 5344">
    <p class='ocr_par' dir='ltr' id='par_1_56' title="bbox 522 5215 2175 5344">
     <span class='ocr_line' id='line_1_56' title="bbox 522 5215 2175 5344; baseline -0.001 -73"><span class='ocrx_word' id='word_1_392' title='bbox 522 5215 662 5341; x_wconf 50' lang='lat' dir='ltr'>dam</span> <span class='ocrx_word' id='word_1_393' title='bbox 693 5223 834 5344; x_wconf 73' lang='lat' dir='ltr'>dtres</span> <span class='ocrx_word' id='word_1_394' title='bbox 866 5215 1041 5274; x_wconf 43' lang='lat' dir='ltr'>&#39;mss.</span> <span class='ocrx_word' id='word_1_395' title='bbox 1097 5215 1398 5292; x_wconf 79' lang='grc' dir='ltr'>πρόστρεχέ</span> <span class='ocrx_word' id='word_1_396' title='bbox 1445 5215 1680 5292; x_wconf 78' lang='grc' dir='ltr'>γέρουσι.</span> <span class='ocrx_word' id='word_1_397' title='bbox 1724 5215 1885 5274; x_wconf 63' lang='grc' dir='ltr'>Ἐἂίιὶ</span> <span class='ocrx_word' id='word_1_398' title='bbox 1924 5224 2175 5293; x_wconf 75' lang='grc' dir='ltr'>πρόσεχε,</span> 
     </span>
     <span class='ocr_line' id='line_1_57' title="bbox 523 5301 786 5344; baseline 0.008 -2"><span class='ocrx_word' id='word_1_399' title='bbox 523 5301 560 5342; x_wconf 89' lang='grc' dir='ltr'>α</span> <span class='ocrx_word' id='word_1_400' title='bbox 617 5305 686 5342; x_wconf 78' lang='lat' dir='ltr'>en</span> <span class='ocrx_word' id='word_1_401' title='bbox 736 5306 786 5344; x_wconf 78' lang='grc' dir='ltr'>θ.</span> 
     </span>
    </p>
   </div>
   <div class='ocr_carea' id='block_1_57' title="bbox 523 5294 786 5345">
    <p class='ocr_par' dir='ltr' id='par_1_57' title="bbox 523 5294 786 5345">
     <span class='ocr_line' id='line_1_58' title="bbox 523 5294 786 5345; baseline 0.015 -4"><span class='ocrx_word' id='word_1_402' title='bbox 523 5294 786 5345; x_wconf 82' lang='lat' dir='ltr'>attende.</span> 
     </span>
    </p>
   </div>
   <div class='ocr_carea' id='block_1_58' title="bbox 595 5357 2180 5436">
    <p class='ocr_par' dir='ltr' id='par_1_58' title="bbox 595 5357 2180 5436">
     <span class='ocr_line' id='line_1_59' title="bbox 595 5357 2180 5436; baseline 0.002 -24"><span class='ocrx_word' id='word_1_403' title='bbox 595 5358 667 5426; x_wconf 69' lang='grc'>(4)</span> <span class='ocrx_word' id='word_1_404' title='bbox 711 5360 864 5414; x_wconf 82' lang='lat' dir='ltr'>Editi</span> <span class='ocrx_word' id='word_1_405' title='bbox 894 5367 949 5415; x_wconf 89' lang='lat' dir='ltr'>et</span> <span class='ocrx_word' id='word_1_406' title='bbox 976 5365 1116 5436; x_wconf 73' lang='lat' dir='ltr'>Reg.</span> <span class='ocrx_word' id='word_1_407' title='bbox 1159 5360 1371 5416; x_wconf 87' lang='lat' dir='ltr'>tertius</span> <span class='ocrx_word' id='word_1_408' title='bbox 1409 5357 1788 5436; x_wconf 77' lang='grc' dir='ltr'>προσδοκήσας</span> <span class='ocrx_word' id='word_1_409' title='bbox 1834 5378 1888 5412; x_wconf 89' lang='grc' dir='ltr'>τε</span> <span class='ocrx_word' id='word_1_410' title='bbox 1930 5363 2038 5414; x_wconf 90' lang='grc' dir='ltr'>καί.</span> <span class='ocrx_word' id='word_1_411' title='bbox 2071 5359 2180 5415; x_wconf 80' lang='lat' dir='ltr'>Alii</span> 
     </span>
    </p>
   </div>
   <div class='ocr_carea' id='block_1_59' title="bbox 522 5427 1456 5502">
    <p class='ocr_par' dir='ltr' id='par_1_59' title="bbox 522 5427 1456 5502">
     <span class='ocr_line' id='line_1_60' title="bbox 522 5427 1456 5502; baseline 0.006 -22"><span class='ocrx_word' id='word_1_412' title='bbox 522 5427 647 5481; x_wconf 87' lang='lat' dir='ltr'>duo</span> <span class='ocrx_word' id='word_1_413' title='bbox 678 5444 823 5484; x_wconf 87' lang='lat' dir='ltr'>mss.</span> <span class='ocrx_word' id='word_1_414' title='bbox 843 5427 1238 5502; x_wconf 43' lang='lat' dir='ltr'>argos-dorica;</span> <span class='ocrx_word' id='word_1_415' title='bbox 1262 5451 1317 5484; x_wconf 84' lang='grc' dir='ltr'>τε</span> <span class='ocrx_word' id='word_1_416' title='bbox 1347 5427 1456 5486; x_wconf 63' lang='grc' dir='ltr'>καίξ</span> 
     </span>
    </p>
   </div>
   <div class='ocr_carea' id='block_1_60' title="bbox 594 5500 2180 5574">
    <p class='ocr_par' dir='ltr' id='par_1_60' title="bbox 594 5500 2180 5574">
     <span class='ocr_line' id='line_1_61' title="bbox 594 5500 2180 5574; baseline 0.002 -23"><span class='ocrx_word' id='word_1_417' title='bbox 594 5500 673 5574; x_wconf 47' lang='grc' dir='ltr'>(μό)</span> <span class='ocrx_word' id='word_1_418' title='bbox 716 5500 1151 5574; x_wconf 68' lang='grc' dir='ltr'>Βοεϋρείωιιε</span> <span class='ocrx_word' id='word_1_419' title='bbox 1181 5509 1239 5558; x_wconf 91' lang='lat' dir='ltr'>et</span> <span class='ocrx_word' id='word_1_420' title='bbox 1281 5504 1487 5559; x_wconf 89' lang='lat' dir='ltr'>tertius</span> <span class='ocrx_word' id='word_1_421' title='bbox 1517 5501 1624 5554; x_wconf 80' lang='grc' dir='ltr'>ἀλλ’</span> <span class='ocrx_word' id='word_1_422' title='bbox 1669 5502 1717 5554; x_wconf 81' lang='grc' dir='ltr'>ἐν</span> <span class='ocrx_word' id='word_1_423' title='bbox 1759 5502 2012 5574; x_wconf 65' lang='grc' dir='ltr'>ἐπιθυμία</span> <span class='ocrx_word' id='word_1_424' title='bbox 2041 5500 2180 5574; x_wconf 81' lang='grc' dir='ltr'>βρα-</span> 
     </span>
    </p>
   </div>
   <div class='ocr_carea' id='block_1_61' title="bbox 525 5572 2180 5647">
    <p class='ocr_par' dir='ltr' id='par_1_61' title="bbox 525 5572 2180 5647">
     <span class='ocr_line' id='line_1_62' title="bbox 525 5572 2180 5647; baseline 0.004 -29"><span class='ocrx_word' id='word_1_425' title='bbox 525 5572 677 5638; x_wconf 83' lang='grc' dir='ltr'>χείας</span> <span class='ocrx_word' id='word_1_426' title='bbox 722 5572 860 5630; x_wconf 86' lang='grc' dir='ltr'>τινὸς</span> <span class='ocrx_word' id='word_1_427' title='bbox 905 5574 1148 5642; x_wconf 70' lang='grc' dir='ltr'>γεύσεως.</span> <span class='ocrx_word' id='word_1_428' title='bbox 1197 5574 1259 5628; x_wconf 81' lang='grc' dir='ltr'>Εἰ</span> <span class='ocrx_word' id='word_1_429' title='bbox 1315 5576 1417 5647; x_wconf 80' lang='grc' dir='ltr'>γὰρ</span> <span class='ocrx_word' id='word_1_430' title='bbox 1471 5593 1528 5628; x_wconf 89' lang='grc' dir='ltr'>σε</span> <span class='ocrx_word' id='word_1_431' title='bbox 1578 5574 1799 5646; x_wconf 76' lang='grc' dir='ltr'>ἰσχύσει</span> <span class='ocrx_word' id='word_1_432' title='bbox 1850 5572 2180 5640; x_wconf 63' lang='grc' dir='ltr'>καταϐαλεῖν,</span> 
     </span>
    </p>
   </div>
   <div class='ocr_carea' id='block_1_62' title="bbox 1910 259 2514 319">
    <p class='ocr_par' dir='ltr' id='par_1_62' title="bbox 1910 259 2514 319">
     <span class='ocr_line' id='line_1_63' title="bbox 1910 259 2514 319; baseline -0.002 -2"><span class='ocrx_word' id='word_1_433' title='bbox 1910 261 1968 319; x_wconf 92' lang='lat' dir='ltr'>S.</span> <span class='ocrx_word' id='word_1_434' title='bbox 2009 259 2162 317; x_wconf 79' lang='grc' dir='ltr'>ΒΑ81</span> <span class='ocrx_word' id='word_1_435' title='bbox 2171 259 2258 315; x_wconf 81' lang='lat' dir='ltr'>L11</span> <span class='ocrx_word' id='word_1_436' title='bbox 2295 259 2514 317; x_wconf 71' lang='lat' dir='ltr'><strong>MAGNI</strong></span> 
     </span>
    </p>
   </div>
   <div class='ocr_carea' id='block_1_63' title="bbox 607 385 2272 461">
    <p class='ocr_par' dir='ltr' id='par_1_63' title="bbox 607 385 2272 461">
     <span class='ocr_line' id='line_1_64' title="bbox 607 385 2272 461; baseline -0.007 -8"><span class='ocrx_word' id='word_1_437' title='bbox 607 403 660 453; x_wconf 89' lang='lat'>6.</span> <span class='ocrx_word' id='word_1_438' title='bbox 701 393 886 454; x_wconf 89' lang='lat' dir='ltr'>Crede</span> <span class='ocrx_word' id='word_1_439' title='bbox 912 391 1063 449; x_wconf 88' lang='lat' dir='ltr'>meis</span> <span class='ocrx_word' id='word_1_440' title='bbox 1092 389 1314 458; x_wconf 90' lang='lat' dir='ltr'>verbis,</span> <span class='ocrx_word' id='word_1_441' title='bbox 1356 403 1493 461; x_wconf 75' lang='lat' dir='ltr'>quae</span> <span class='ocrx_word' id='word_1_442' title='bbox 1545 403 1616 443; x_wconf 77' lang='lat' dir='ltr'>ex</span> <span class='ocrx_word' id='word_1_443' title='bbox 1654 387 1832 444; x_wconf 89' lang='lat' dir='ltr'>corde</span> <span class='ocrx_word' id='word_1_444' title='bbox 1870 386 1933 444; x_wconf 91' lang='lat' dir='ltr'>in</span> <span class='ocrx_word' id='word_1_445' title='bbox 1974 385 2187 443; x_wconf 87' lang='lat' dir='ltr'>fratres</span> <span class='ocrx_word' id='word_1_446' title='bbox 2224 388 2272 442; x_wconf 77' lang='grc' dir='ltr'><strong>Α</strong></span> 
     </span>
    </p>
   </div>
   <div class='ocr_carea' id='block_1_64' title="bbox 1708 4685 2199 4756">
    <p class='ocr_par' dir='ltr' id='par_1_64' title="bbox 1708 4685 2199 4756">
     <span class='ocr_line' id='line_1_65' title="bbox 1708 4685 2199 4756; baseline 0.002 -16"><span class='ocrx_word' id='word_1_447' title='bbox 1708 4686 1755 4720; x_wconf 79' lang='grc'>⁸²</span> <span class='ocrx_word' id='word_1_448' title='bbox 1796 4685 1944 4743; x_wconf 89' lang='lat' dir='ltr'>Gen.</span> <span class='ocrx_word' id='word_1_449' title='bbox 1994 4701 2067 4756; x_wconf 79' lang='lat' dir='ltr'>ix,</span> <span class='ocrx_word' id='word_1_450' title='bbox 2109 4690 2199 4754; x_wconf 78' lang='lat' dir='ltr'>2t,</span> 
     </span>
    </p>
   </div>
   <div class='ocr_carea' id='block_1_65' title="bbox 3790 271 3902 324">
    <p class='ocr_par' dir='ltr' id='par_1_65' title="bbox 3790 271 3902 324">
     <span class='ocr_line' id='line_1_66' title="bbox 3790 271 3902 324; baseline 0 0"><span class='ocrx_word' id='word_1_451' title='bbox 3790 271 3902 324; x_wconf 77' lang='grc'>640</span> 
     </span>
    </p>
   </div>
   <div class='ocr_carea' id='block_1_66' title="bbox 2373 386 3903 465">
    <p class='ocr_par' dir='ltr' id='par_1_66' title="bbox 2373 386 3903 465">
     <span class='ocr_line' id='line_1_67' title="bbox 2373 386 3903 465; baseline 0.003 -25"><span class='ocrx_word' id='word_1_452' title='bbox 2373 389 2425 440; x_wconf 85' lang='grc'>6.</span> <span class='ocrx_word' id='word_1_453' title='bbox 2472 389 2690 440; x_wconf 84' lang='grc' dir='ltr'>Πίστευε</span> <span class='ocrx_word' id='word_1_454' title='bbox 2726 394 2836 448; x_wconf 87' lang='grc' dir='ltr'>τοῖς</span> <span class='ocrx_word' id='word_1_455' title='bbox 2869 394 3007 459; x_wconf 80' lang='grc' dir='ltr'>ἐμοῖς</span> <span class='ocrx_word' id='word_1_456' title='bbox 3031 386 3197 460; x_wconf 82' lang='grc' dir='ltr'>λόγοις</span> <span class='ocrx_word' id='word_1_457' title='bbox 3239 386 3295 440; x_wconf 77' lang='grc' dir='ltr'>ἐκ</span> <span class='ocrx_word' id='word_1_458' title='bbox 3325 386 3639 462; x_wconf 68' lang='grc' dir='ltr'>φιλάδελφον</span> <span class='ocrx_word' id='word_1_459' title='bbox 3669 389 3903 465; x_wconf 77' lang='grc' dir='ltr'>καρδίας</span> 
     </span>
    </p>
   </div>
   <div class='ocr_carea' id='block_1_67' title="bbox 2299 475 3900 552">
    <p class='ocr_par' dir='ltr' id='par_1_67' title="bbox 2299 475 3900 552">
     <span class='ocr_line' id='line_1_68' title="bbox 2299 475 3900 552; baseline 0.003 -24"><span class='ocrx_word' id='word_1_460' title='bbox 2299 481 2718 550; x_wconf 69' lang='grc' dir='ltr'>προφερομένοις.</span> <span class='ocrx_word' id='word_1_461' title='bbox 2763 481 3066 550; x_wconf 85' lang='grc' dir='ltr'>Πρόστρεχε</span> <span class='ocrx_word' id='word_1_462' title='bbox 3105 480 3322 552; x_wconf 82' lang='grc' dir='ltr'>γέρουσι</span> <span class='ocrx_word' id='word_1_463' title='bbox 3352 477 3431 548; x_wconf 91' lang='grc'>(3)</span> <span class='ocrx_word' id='word_1_464' title='bbox 3477 475 3900 552; x_wconf 77' lang='grc' dir='ltr'>δυσεντεύκτοις,</span> 
     </span>
    </p>
   </div>
   <div class='ocr_carea' id='block_1_68' title="bbox 2300 564 3902 640">
    <p class='ocr_par' dir='ltr' id='par_1_68' title="bbox 2300 564 3902 640">
     <span class='ocr_line' id='line_1_69' title="bbox 2300 564 3902 640; baseline 0.004 -24"><span class='ocrx_word' id='word_1_465' title='bbox 2300 567 2484 627; x_wconf 81' lang='grc' dir='ltr'>οἵτινες</span> <span class='ocrx_word' id='word_1_466' title='bbox 2539 564 2709 637; x_wconf 84' lang='grc' dir='ltr'>λόγοις</span> <span class='ocrx_word' id='word_1_467' title='bbox 2762 567 2852 638; x_wconf 67' lang='grc' dir='ltr'>μεν</span> <span class='ocrx_word' id='word_1_468' title='bbox 2903 575 3198 640; x_wconf 75' lang='grc' dir='ltr'>παροιμιῶν</span> <span class='ocrx_word' id='word_1_469' title='bbox 3255 565 3524 639; x_wconf 70' lang='grc' dir='ltr'>ἀλείφουσι</span> <span class='ocrx_word' id='word_1_470' title='bbox 3577 573 3698 632; x_wconf 75' lang='grc' dir='ltr'>τοὺς</span> <span class='ocrx_word' id='word_1_471' title='bbox 3752 573 3902 633; x_wconf 83' lang='grc' dir='ltr'>νέους</span> 
     </span>
    </p>
   </div>
   <div class='ocr_carea' id='block_1_69' title="bbox 2297 654 3898 732">
    <p class='ocr_par' dir='ltr' id='par_1_69' title="bbox 2297 654 3898 732">
     <span class='ocr_line' id='line_1_70' title="bbox 2297 654 3898 732; baseline 0.003 -25"><span class='ocrx_word' id='word_1_472' title='bbox 2297 659 2424 730; x_wconf 88' lang='grc' dir='ltr'>πρὸς</span> <span class='ocrx_word' id='word_1_473' title='bbox 2462 658 2553 718; x_wconf 84' lang='grc' dir='ltr'>τὰς</span> <span class='ocrx_word' id='word_1_474' title='bbox 2605 655 2868 728; x_wconf 76' lang='grc' dir='ltr'>ἐναρέτους</span> <span class='ocrx_word' id='word_1_475' title='bbox 2909 655 3139 730; x_wconf 84' lang='grc' dir='ltr'>πράξεις,</span> <span class='ocrx_word' id='word_1_476' title='bbox 3182 655 3484 728; x_wconf 69' lang='grc' dir='ltr'>βλάπτουσι</span> <span class='ocrx_word' id='word_1_477' title='bbox 3526 654 3587 711; x_wconf 66' lang='grc' dir='ltr'>δε</span> <span class='ocrx_word' id='word_1_478' title='bbox 3628 667 3898 732; x_wconf 76' lang='grc' dir='ltr'>προσώπῳ</span> 
     </span>
    </p>
   </div>
   <div class='ocr_carea' id='block_1_70' title="bbox 2299 741 3897 822">
    <p class='ocr_par' dir='ltr' id='par_1_70' title="bbox 2299 741 3897 822">
     <span class='ocr_line' id='line_1_71' title="bbox 2299 741 3897 822; baseline 0.003 -25"><span class='ocrx_word' id='word_1_479' title='bbox 2299 741 2566 818; x_wconf 68' lang='grc' dir='ltr'>οὐδαμῶς.</span> <span class='ocrx_word' id='word_1_480' title='bbox 2616 747 2768 817; x_wconf 68' lang='grc' dir='ltr'>Πάσῃ</span> <span class='ocrx_word' id='word_1_481' title='bbox 2821 744 3019 817; x_wconf 69' lang='grc' dir='ltr'>φυλακῇ</span> <span class='ocrx_word' id='word_1_482' title='bbox 3072 751 3212 819; x_wconf 76' lang='grc' dir='ltr'>τήρει</span> <span class='ocrx_word' id='word_1_483' title='bbox 3258 750 3355 803; x_wconf 76' lang='grc' dir='ltr'>σὴν</span> <span class='ocrx_word' id='word_1_484' title='bbox 3403 743 3649 819; x_wconf 88' lang='grc' dir='ltr'>καρδίαν.</span> <span class='ocrx_word' id='word_1_485' title='bbox 3693 748 3897 822; x_wconf 70' lang='grc' dir='ltr'>⁶Ωσπερ</span> 
     </span>
    </p>
   </div>
   <div class='ocr_carea' id='block_1_71' title="bbox 2296 832 3899 911">
    <p class='ocr_par' dir='ltr' id='par_1_71' title="bbox 2296 832 3899 911">
     <span class='ocr_line' id='line_1_72' title="bbox 2296 832 3899 911; baseline 0.002 -23"><span class='ocrx_word' id='word_1_486' title='bbox 2296 837 2399 908; x_wconf 83' lang='grc' dir='ltr'>γὰρ</span> <span class='ocrx_word' id='word_1_487' title='bbox 2447 838 2654 911; x_wconf 82' lang='grc' dir='ltr'>χρυσὸς</span> <span class='ocrx_word' id='word_1_488' title='bbox 2691 843 3102 888; x_wconf 82' lang='grc' dir='ltr'>κατασκοπεῖται</span> <span class='ocrx_word' id='word_1_489' title='bbox 3140 838 3230 907; x_wconf 72' lang='grc' dir='ltr'>μεν</span> <span class='ocrx_word' id='word_1_490' title='bbox 3276 832 3619 898; x_wconf 76' lang='grc' dir='ltr'>ἀδιαλείπτως</span> <span class='ocrx_word' id='word_1_491' title='bbox 3664 840 3764 890; x_wconf 71' lang='grc' dir='ltr'>ὑπὸ</span> <span class='ocrx_word' id='word_1_492' title='bbox 3795 846 3899 891; x_wconf 82' lang='grc' dir='ltr'>τῶν</span> 
     </span>
    </p>
   </div>
   <div class='ocr_carea' id='block_1_72' title="bbox 2298 922 3902 1002">
    <p class='ocr_par' dir='ltr' id='par_1_72' title="bbox 2298 922 3902 1002">
     <span class='ocr_line' id='line_1_73' title="bbox 2298 922 3902 1002; baseline 0.002 -25"><span class='ocrx_word' id='word_1_493' title='bbox 2298 924 2527 977; x_wconf 85' lang='grc' dir='ltr'>κλεπτῶν</span> <span class='ocrx_word' id='word_1_494' title='bbox 2559 924 2607 977; x_wconf 82' lang='grc' dir='ltr'>ἐν</span> <span class='ocrx_word' id='word_1_495' title='bbox 2636 930 2785 978; x_wconf 81' lang='grc' dir='ltr'>νυκτὶ</span> <span class='ocrx_word' id='word_1_496' title='bbox 2824 930 2914 977; x_wconf 82' lang='grc' dir='ltr'>καὶ</span> <span class='ocrx_word' id='word_1_497' title='bbox 2964 924 3009 976; x_wconf 88' lang='grc' dir='ltr'>ἐν</span> <span class='ocrx_word' id='word_1_498' title='bbox 3039 925 3228 998; x_wconf 72' lang='grc' dir='ltr'>ἡμέρᾳ,</span> <span class='ocrx_word' id='word_1_499' title='bbox 3263 924 3554 998; x_wconf 77' lang='grc' dir='ltr'>ἁρπάζεται</span> <span class='ocrx_word' id='word_1_500' title='bbox 3597 922 3657 980; x_wconf 66' lang='grc' dir='ltr'>δὲ</span> <span class='ocrx_word' id='word_1_501' title='bbox 3699 925 3902 1002; x_wconf 77' lang='grc' dir='ltr'>ἀπροσ-</span> 
     </span>
    </p>
   </div>
   <div class='ocr_carea' id='block_1_73' title="bbox 2300 1011 3900 1090">
    <p class='ocr_par' dir='ltr' id='par_1_73' title="bbox 2300 1011 3900 1090">
     <span class='ocr_line' id='line_1_74' title="bbox 2300 1011 3900 1090; baseline 0.002 -23"><span class='ocrx_word' id='word_1_502' title='bbox 2300 1011 2558 1081; x_wconf 75' lang='grc' dir='ltr'>δοκήτως,</span> <span class='ocrx_word' id='word_1_503' title='bbox 2607 1019 2697 1067; x_wconf 83' lang='grc' dir='ltr'>καὶ</span> <span class='ocrx_word' id='word_1_504' title='bbox 2747 1014 2805 1067; x_wconf 69' lang='grc' dir='ltr'>οὗ</span> <span class='ocrx_word' id='word_1_505' title='bbox 2849 1020 3161 1086; x_wconf 75' lang='grc' dir='ltr'>γινώσκεις·</span> <span class='ocrx_word' id='word_1_506' title='bbox 3209 1016 3306 1089; x_wconf 83' lang='grc' dir='ltr'>ὅρα</span> <span class='ocrx_word' id='word_1_507' title='bbox 3344 1021 3415 1087; x_wconf 78' lang='grc' dir='ltr'><em>μή</em></span> <span class='ocrx_word' id='word_1_508' title='bbox 3474 1034 3530 1069; x_wconf 89' lang='grc' dir='ltr'>σε</span> <span class='ocrx_word' id='word_1_509' title='bbox 3577 1015 3818 1090; x_wconf 70' lang='grc' dir='ltr'>πλανήσῃ</span> <span class='ocrx_word' id='word_1_510' title='bbox 3873 1020 3900 1070; x_wconf 83' lang='grc' dir='ltr'><strong><em>ὁ</em></strong></span> 
     </span>
    </p>
   </div>
   <div class='ocr_carea' id='block_1_74' title="bbox 2300 1104 3902 1180">
    <p class='ocr_par' dir='ltr' id='par_1_74' title="bbox 2300 1104 3902 1180">
     <span class='ocr_line' id='line_1_75' title="bbox 2300 1104 3902 1180; baseline 0.002 -24"><span class='ocrx_word' id='word_1_511' title='bbox 2300 1104 2493 1179; x_wconf 84' lang='grc' dir='ltr'>ἐχθρὸς</span> <span class='ocrx_word' id='word_1_512' title='bbox 2529 1112 2591 1176; x_wconf 71' lang='grc' dir='ltr'>τῇ</span> <span class='ocrx_word' id='word_1_513' title='bbox 2625 1112 2716 1156; x_wconf 72' lang='grc' dir='ltr'>τοῦ</span> <span class='ocrx_word' id='word_1_514' title='bbox 2747 1107 3074 1180; x_wconf 75' lang='grc' dir='ltr'>προπάτορος</span> <span class='ocrx_word' id='word_1_515' title='bbox 3121 1104 3374 1180; x_wconf 82' lang='grc' dir='ltr'>ἁμαρτίᾳ,</span> <span class='ocrx_word' id='word_1_516' title='bbox 3404 1109 3495 1158; x_wconf 81' lang='grc' dir='ltr'>καὶ</span> <span class='ocrx_word' id='word_1_517' title='bbox 3532 1107 3590 1157; x_wconf 87' lang='grc' dir='ltr'>τὸ</span> <span class='ocrx_word' id='word_1_518' title='bbox 3632 1107 3800 1178; x_wconf 85' lang='grc' dir='ltr'>τάχος</span> <span class='ocrx_word' id='word_1_519' title='bbox 3843 1126 3902 1159; x_wconf 89' lang='grc' dir='ltr'>σε</span> 
     </span>
    </p>
   </div>
   <div class='ocr_carea' id='block_1_75' title="bbox 2299 1189 3903 1268">
    <p class='ocr_par' dir='ltr' id='par_1_75' title="bbox 2299 1189 3903 1268">
     <span class='ocr_line' id='line_1_76' title="bbox 2299 1189 3903 1268; baseline 0.001 -22"><span class='ocrx_word' id='word_1_520' title='bbox 2299 1193 2486 1266; x_wconf 72' lang='grc' dir='ltr'>ἐκϐάλῃ</span> <span class='ocrx_word' id='word_1_521' title='bbox 2541 1201 2634 1246; x_wconf 73' lang='grc' dir='ltr'>τοῦ</span> <span class='ocrx_word' id='word_1_522' title='bbox 2701 1189 3030 1266; x_wconf 79' lang='grc' dir='ltr'>παραδείσου</span> <span class='ocrx_word' id='word_1_523' title='bbox 3094 1201 3185 1254; x_wconf 81' lang='grc' dir='ltr'>τῆς</span> <span class='ocrx_word' id='word_1_524' title='bbox 3250 1202 3464 1266; x_wconf 73' lang='grc' dir='ltr'>τρυφῆς.</span> <span class='ocrx_word' id='word_1_525' title='bbox 3520 1201 3578 1246; x_wconf 85' lang='grc' dir='ltr'>ὐ</span> <span class='ocrx_word' id='word_1_526' title='bbox 3641 1198 3744 1268; x_wconf 81' lang='grc' dir='ltr'>γὰρ</span> <span class='ocrx_word' id='word_1_527' title='bbox 3809 1198 3903 1248; x_wconf 82' lang='grc' dir='ltr'>τὸν</span> 
     </span>
    </p>
   </div>
   <div class='ocr_carea' id='block_1_76' title="bbox 2300 1279 3901 1357">
    <p class='ocr_par' dir='ltr' id='par_1_76' title="bbox 2300 1279 3901 1357">
     <span class='ocr_line' id='line_1_77' title="bbox 2300 1279 3901 1357; baseline 0 -21"><span class='ocrx_word' id='word_1_528' title='bbox 2300 1279 2474 1355; x_wconf 83' lang='grc' dir='ltr'>Ἀδὰμ</span> <span class='ocrx_word' id='word_1_529' title='bbox 2517 1290 2579 1356; x_wconf 71' lang='grc' dir='ltr'>τῇ</span> <span class='ocrx_word' id='word_1_530' title='bbox 2622 1290 2717 1343; x_wconf 78' lang='grc' dir='ltr'>τῆς</span> <span class='ocrx_word' id='word_1_531' title='bbox 2767 1281 3016 1357; x_wconf 77' lang='grc' dir='ltr'>βρώσεως</span> <span class='ocrx_word' id='word_1_532' title='bbox 3064 1281 3227 1355; x_wconf 73' lang='grc' dir='ltr'>κλοπῇ</span> <span class='ocrx_word' id='word_1_533' title='bbox 3280 1283 3565 1355; x_wconf 69' lang='grc' dir='ltr'>ὐφελκύσας</span> <span class='ocrx_word' id='word_1_534' title='bbox 3606 1291 3702 1346; x_wconf 81' lang='grc' dir='ltr'>τῆς</span> <span class='ocrx_word' id='word_1_535' title='bbox 3738 1285 3901 1356; x_wconf 77' lang='grc' dir='ltr'>ζωῆς,</span> 
     </span>
    </p>
   </div>
   <div class='ocr_carea' id='block_1_77' title="bbox 2297 1369 3902 1446">
    <p class='ocr_par' dir='ltr' id='par_1_77' title="bbox 2297 1369 3902 1446">
     <span class='ocr_line' id='line_1_78' title="bbox 2297 1369 3902 1446; baseline 0.001 -22"><span class='ocrx_word' id='word_1_536' title='bbox 2297 1369 2679 1446; x_wconf 70' lang='grc' dir='ltr'>προσδοκήσας</span> <span class='ocrx_word' id='word_1_537' title='bbox 2729 1391 2784 1425; x_wconf 87' lang='grc' dir='ltr'>τε</span> <span class='ocrx_word' id='word_1_538' title='bbox 2839 1377 2930 1424; x_wconf 85' lang='grc' dir='ltr'>καὶ</span> <span class='ocrx_word' id='word_1_539' title='bbox 2969 1373 3046 1442; x_wconf 62' lang='lat' dir='ltr'>(li)</span> <span class='ocrx_word' id='word_1_540' title='bbox 3100 1371 3303 1429; x_wconf 76' lang='grc' dir='ltr'>Ἰησοῦν</span> <span class='ocrx_word' id='word_1_541' title='bbox 3362 1371 3742 1441; x_wconf 70' lang='grc' dir='ltr'>ὑποσκελίζειν,</span> <span class='ocrx_word' id='word_1_542' title='bbox 3801 1375 3902 1426; x_wconf 69' lang='grc' dir='ltr'>οὐκ</span> 
     </span>
    </p>
   </div>
   <div class='ocr_carea' id='block_1_78' title="bbox 2299 1461 3903 1538">
    <p class='ocr_par' dir='ltr' id='par_1_78' title="bbox 2299 1461 3903 1538">
     <span class='ocr_line' id='line_1_79' title="bbox 2299 1461 3903 1538; baseline 0 -24"><span class='ocrx_word' id='word_1_543' title='bbox 2299 1461 2678 1537; x_wconf 57' lang='grc' dir='ltr'>ἐπιτραπήσεται</span> <span class='ocrx_word' id='word_1_544' title='bbox 2722 1461 2890 1532; x_wconf 82' lang='grc' dir='ltr'>πολλῷ</span> <span class='ocrx_word' id='word_1_545' title='bbox 2933 1461 3123 1534; x_wconf 80' lang='grc' dir='ltr'>μᾶλλον</span> <span class='ocrx_word' id='word_1_546' title='bbox 3161 1468 3251 1514; x_wconf 86' lang='grc' dir='ltr'>καὶ</span> <span class='ocrx_word' id='word_1_547' title='bbox 3293 1467 3378 1515; x_wconf 78' lang='grc' dir='ltr'>σοὶ</span> <span class='ocrx_word' id='word_1_548' title='bbox 3421 1465 3643 1537; x_wconf 80' lang='grc' dir='ltr'>κεράσαι</span> <span class='ocrx_word' id='word_1_549' title='bbox 3672 1467 3730 1516; x_wconf 83' lang='grc' dir='ltr'>τὸ</span> <span class='ocrx_word' id='word_1_550' title='bbox 3759 1473 3903 1538; x_wconf 67' lang='grc' dir='ltr'>πρῶ-</span> 
     </span>
    </p>
   </div>
   <div class='ocr_carea' id='block_1_79' title="bbox 2297 1548 3900 1625">
    <p class='ocr_par' dir='ltr' id='par_1_79' title="bbox 2297 1548 3900 1625">
     <span class='ocr_line' id='line_1_80' title="bbox 2297 1548 3900 1625; baseline 0.001 -21"><span class='ocrx_word' id='word_1_551' title='bbox 2297 1570 2382 1604; x_wconf 85' lang='grc' dir='ltr'>τον</span> <span class='ocrx_word' id='word_1_552' title='bbox 2437 1554 2602 1604; x_wconf 82' lang='grc' dir='ltr'>αἴτιον</span> <span class='ocrx_word' id='word_1_553' title='bbox 2656 1559 2755 1603; x_wconf 87' lang='grc' dir='ltr'>τῶν</span> <span class='ocrx_word' id='word_1_554' title='bbox 2814 1558 3019 1618; x_wconf 80' lang='grc' dir='ltr'>κακῶν,</span> <span class='ocrx_word' id='word_1_555' title='bbox 3079 1551 3308 1625; x_wconf 78' lang='grc' dir='ltr'>ἰσχυρὸν</span> <span class='ocrx_word' id='word_1_556' title='bbox 3365 1548 3685 1625; x_wconf 71' lang='grc' dir='ltr'>δηλητήριον</span> <span class='ocrx_word' id='word_1_557' title='bbox 3743 1561 3900 1606; x_wconf 75' lang='grc' dir='ltr'>τοῦτο</span> 
     </span>
    </p>
   </div>
   <div class='ocr_carea' id='block_1_80' title="bbox 2295 1641 3899 1714">
    <p class='ocr_par' dir='ltr' id='par_1_80' title="bbox 2295 1641 3899 1714">
     <span class='ocr_line' id='line_1_81' title="bbox 2295 1641 3899 1714; baseline 0.002 -23"><span class='ocrx_word' id='word_1_558' title='bbox 2295 1646 2585 1712; x_wconf 76' lang='grc' dir='ltr'>γινώσκων.</span> <span class='ocrx_word' id='word_1_559' title='bbox 2618 1644 2687 1693; x_wconf 83' lang='grc' dir='ltr'>Τὸ</span> <span class='ocrx_word' id='word_1_560' title='bbox 2735 1642 2836 1714; x_wconf 81' lang='grc' dir='ltr'>γὰρ</span> <span class='ocrx_word' id='word_1_561' title='bbox 2891 1649 2982 1700; x_wconf 71' lang='grc' dir='ltr'>τῆς</span> <span class='ocrx_word' id='word_1_562' title='bbox 3026 1645 3449 1714; x_wconf 67' lang='grc' dir='ltr'>γαστριμαργίας</span> <span class='ocrx_word' id='word_1_563' title='bbox 3494 1642 3657 1700; x_wconf 87' lang='grc' dir='ltr'>πάθος</span> <span class='ocrx_word' id='word_1_564' title='bbox 3704 1641 3799 1694; x_wconf 67' lang='grc' dir='ltr'>οὐκ</span> <span class='ocrx_word' id='word_1_565' title='bbox 3851 1641 3899 1694; x_wconf 84' lang='grc' dir='ltr'>ἐν</span> 
     </span>
    </p>
   </div>
   <div class='ocr_carea' id='block_1_81' title="bbox 2225 1725 3901 1802">
    <p class='ocr_par' dir='ltr' id='par_1_81' title="bbox 2225 1725 3901 1802">
     <span class='ocr_line' id='line_1_82' title="bbox 2225 1725 3901 1802; baseline 0.001 -20"><span class='ocrx_word' id='word_1_566' title='bbox 2225 1741 2267 1795; x_wconf 82' lang='grc' dir='ltr'>Β</span> <span class='ocrx_word' id='word_1_567' title='bbox 2297 1729 2481 1788; x_wconf 73' lang='grc' dir='ltr'>πληθει</span> <span class='ocrx_word' id='word_1_568' title='bbox 2526 1727 2820 1802; x_wconf 76' lang='grc' dir='ltr'>βρωμάτων</span> <span class='ocrx_word' id='word_1_569' title='bbox 2866 1734 2961 1787; x_wconf 76' lang='grc' dir='ltr'>τὴν</span> <span class='ocrx_word' id='word_1_570' title='bbox 3009 1725 3148 1781; x_wconf 83' lang='grc' dir='ltr'>ἰδίαν</span> <span class='ocrx_word' id='word_1_571' title='bbox 3191 1729 3352 1800; x_wconf 76' lang='grc' dir='ltr'>ἰσχὺν</span> <span class='ocrx_word' id='word_1_572' title='bbox 3387 1726 3781 1782; x_wconf 76' lang='grc' dir='ltr'>ἐπιδείκνυσθαι</span> <span class='ocrx_word' id='word_1_573' title='bbox 3809 1735 3901 1783; x_wconf 75' lang='grc' dir='ltr'>πέ-</span> 
     </span>
    </p>
   </div>
   <div class='ocr_carea' id='block_1_82' title="bbox 2298 1816 3900 1890">
    <p class='ocr_par' dir='ltr' id='par_1_82' title="bbox 2298 1816 3900 1890">
     <span class='ocr_line' id='line_1_83' title="bbox 2298 1816 3900 1890; baseline 0.001 -20"><span class='ocrx_word' id='word_1_574' title='bbox 2298 1838 2472 1890; x_wconf 77' lang='grc' dir='ltr'>φυκεν,</span> <span class='ocrx_word' id='word_1_575' title='bbox 2521 1816 2625 1869; x_wconf 80' lang='grc' dir='ltr'>ἀλλ’</span> <span class='ocrx_word' id='word_1_576' title='bbox 2681 1817 2728 1870; x_wconf 86' lang='grc' dir='ltr'>ἐν</span> <span class='ocrx_word' id='word_1_577' title='bbox 2786 1817 3037 1890; x_wconf 77' lang='grc' dir='ltr'>ἐπιθυμία</span> <span class='ocrx_word' id='word_1_578' title='bbox 3086 1823 3176 1870; x_wconf 85' lang='grc' dir='ltr'>καὶ</span> <span class='ocrx_word' id='word_1_579' title='bbox 3228 1824 3393 1890; x_wconf 83' lang='grc' dir='ltr'>μικρᾴ</span> <span class='ocrx_word' id='word_1_580' title='bbox 3442 1821 3619 1889; x_wconf 75' lang='grc' dir='ltr'>γεύσει</span> <span class='ocrx_word' id='word_1_581' title='bbox 3674 1818 3776 1888; x_wconf 85' lang='grc'>(5).</span> <span class='ocrx_word' id='word_1_582' title='bbox 3837 1819 3900 1873; x_wconf 83' lang='grc' dir='ltr'>Εἰ</span> 
     </span>
    </p>
   </div>
   <div class='ocr_carea' id='block_1_83' title="bbox 2297 1904 3901 1980">
    <p class='ocr_par' dir='ltr' id='par_1_83' title="bbox 2297 1904 3901 1980">
     <span class='ocr_line' id='line_1_84' title="bbox 2297 1904 3901 1980; baseline 0.002 -22"><span class='ocrx_word' id='word_1_583' title='bbox 2297 1911 2468 1958; x_wconf 81' lang='grc' dir='ltr'>τοίνυν</span> <span class='ocrx_word' id='word_1_584' title='bbox 2515 1906 2766 1978; x_wconf 79' lang='grc' dir='ltr'>ἐπιθυμία</span> <span class='ocrx_word' id='word_1_585' title='bbox 2815 1904 3073 1980; x_wconf 83' lang='grc' dir='ltr'>βραχείας</span> <span class='ocrx_word' id='word_1_586' title='bbox 3123 1909 3262 1967; x_wconf 86' lang='grc' dir='ltr'>τινὸς</span> <span class='ocrx_word' id='word_1_587' title='bbox 3309 1908 3538 1976; x_wconf 79' lang='grc' dir='ltr'>γεύσεως</span> <span class='ocrx_word' id='word_1_588' title='bbox 3589 1906 3807 1977; x_wconf 73' lang='grc' dir='ltr'>ἰσχύσει</span> <span class='ocrx_word' id='word_1_589' title='bbox 3840 1926 3901 1961; x_wconf 90' lang='grc' dir='ltr'>σε</span> 
     </span>
    </p>
   </div>
   <div class='ocr_carea' id='block_1_84' title="bbox 2295 1994 3898 2069">
    <p class='ocr_par' dir='ltr' id='par_1_84' title="bbox 2295 1994 3898 2069">
     <span class='ocr_line' id='line_1_85' title="bbox 2295 1994 3898 2069; baseline 0.001 -22"><span class='ocrx_word' id='word_1_590' title='bbox 2295 1995 2596 2048; x_wconf 74' lang='grc' dir='ltr'>ὑποϐάλλειν</span> <span class='ocrx_word' id='word_1_591' title='bbox 2647 2002 2718 2065; x_wconf 78' lang='grc' dir='ltr'>τῷ</span> <span class='ocrx_word' id='word_1_592' title='bbox 2767 2004 2861 2056; x_wconf 75' lang='grc' dir='ltr'>τῆς</span> <span class='ocrx_word' id='word_1_593' title='bbox 2915 2000 3340 2068; x_wconf 81' lang='grc' dir='ltr'>γαστριμαργίας</span> <span class='ocrx_word' id='word_1_594' title='bbox 3390 1997 3566 2064; x_wconf 89' lang='grc' dir='ltr'>πάθει,</span> <span class='ocrx_word' id='word_1_595' title='bbox 3610 1994 3898 2069; x_wconf 79' lang='grc' dir='ltr'>ἁκαμάτως</span> 
     </span>
    </p>
   </div>
   <div class='ocr_carea' id='block_1_85' title="bbox 2297 2080 3898 2158">
    <p class='ocr_par' dir='ltr' id='par_1_85' title="bbox 2297 2080 3898 2158">
     <span class='ocr_line' id='line_1_86' title="bbox 2297 2080 3898 2158; baseline -0.001 -22"><span class='ocrx_word' id='word_1_596' title='bbox 2297 2103 2355 2136; x_wconf 85' lang='grc' dir='ltr'>σε</span> <span class='ocrx_word' id='word_1_597' title='bbox 2393 2092 2464 2154; x_wconf 81' lang='grc' dir='ltr'>τῷ</span> <span class='ocrx_word' id='word_1_598' title='bbox 2511 2085 2712 2154; x_wconf 82' lang='grc' dir='ltr'>θανάτῳ</span> <span class='ocrx_word' id='word_1_599' title='bbox 2761 2080 3089 2156; x_wconf 82' lang='grc' dir='ltr'>παραδώσει.</span> <span class='ocrx_word' id='word_1_600' title='bbox 3122 2082 3324 2157; x_wconf 82' lang='grc' dir='ltr'>Ὠσπερ</span> <span class='ocrx_word' id='word_1_601' title='bbox 3367 2086 3468 2158; x_wconf 80' lang='grc' dir='ltr'>γὰρ</span> <span class='ocrx_word' id='word_1_602' title='bbox 3518 2086 3672 2156; x_wconf 60' lang='grc' dir='ltr'>φύσις</span> <span class='ocrx_word' id='word_1_603' title='bbox 3710 2103 3785 2145; x_wconf 90' lang='grc' dir='ltr'>τις</span> <span class='ocrx_word' id='word_1_604' title='bbox 3818 2085 3898 2155; x_wconf 84' lang='grc'>(6)</span> 
     </span>
    </p>
   </div>
   <div class='ocr_carea' id='block_1_86' title="bbox 2295 2168 3896 2244">
    <p class='ocr_par' dir='ltr' id='par_1_86' title="bbox 2295 2168 3896 2244">
     <span class='ocr_line' id='line_1_87' title="bbox 2295 2168 3896 2244; baseline 0.001 -20"><span class='ocrx_word' id='word_1_605' title='bbox 2295 2168 2489 2234; x_wconf 74' lang='grc' dir='ltr'>ὕδατος</span> <span class='ocrx_word' id='word_1_606' title='bbox 2552 2172 2758 2233; x_wconf 86' lang='grc' dir='ltr'>πολλοῖς</span> <span class='ocrx_word' id='word_1_607' title='bbox 2810 2171 2979 2233; x_wconf 79' lang='grc' dir='ltr'>ὁλκοῖς</span> <span class='ocrx_word' id='word_1_608' title='bbox 3039 2168 3518 2244; x_wconf 80' lang='grc' dir='ltr'>προσδιαιρουμένη</span> <span class='ocrx_word' id='word_1_609' title='bbox 3585 2176 3758 2226; x_wconf 88' lang='grc' dir='ltr'>πάντα</span> <span class='ocrx_word' id='word_1_610' title='bbox 3806 2177 3896 2226; x_wconf 84' lang='grc' dir='ltr'>τὸν</span> 
     </span>
    </p>
   </div>
   <div class='ocr_carea' id='block_1_87' title="bbox 2294 2260 3896 2335">
    <p class='ocr_par' dir='ltr' id='par_1_87' title="bbox 2294 2260 3896 2335">
     <span class='ocr_line' id='line_1_88' title="bbox 2294 2260 3896 2335; baseline -0.001 -22"><span class='ocrx_word' id='word_1_611' title='bbox 2294 2265 2412 2335; x_wconf 86' lang='grc' dir='ltr'>περὶ</span> <span class='ocrx_word' id='word_1_612' title='bbox 2458 2265 2575 2322; x_wconf 71' lang='grc' dir='ltr'>τοὺς</span> <span class='ocrx_word' id='word_1_613' title='bbox 2624 2260 2800 2321; x_wconf 70' lang='grc' dir='ltr'>ὁλκοὺς</span> <span class='ocrx_word' id='word_1_614' title='bbox 2844 2264 2998 2312; x_wconf 85' lang='grc' dir='ltr'>τόπον</span> <span class='ocrx_word' id='word_1_615' title='bbox 3044 2260 3244 2312; x_wconf 78' lang='grc' dir='ltr'>θάλλειν</span> <span class='ocrx_word' id='word_1_616' title='bbox 3293 2261 3723 2334; x_wconf 75' lang='grc' dir='ltr'>παρασκευάζει·</span> <span class='ocrx_word' id='word_1_617' title='bbox 3757 2262 3896 2313; x_wconf 70' lang='grc' dir='ltr'>οὕτω</span> 
     </span>
    </p>
   </div>
   <div class='ocr_carea' id='block_1_88' title="bbox 2293 2346 3892 2425">
    <p class='ocr_par' dir='ltr' id='par_1_88' title="bbox 2293 2346 3892 2425">
     <span class='ocr_line' id='line_1_89' title="bbox 2293 2346 3892 2425; baseline 0 -23"><span class='ocrx_word' id='word_1_618' title='bbox 2293 2355 2382 2403; x_wconf 84' lang='grc' dir='ltr'>καὶ</span> <span class='ocrx_word' id='word_1_619' title='bbox 2421 2354 2480 2402; x_wconf 84' lang='grc' dir='ltr'>τὸ</span> <span class='ocrx_word' id='word_1_620' title='bbox 2530 2358 2624 2412; x_wconf 73' lang='grc' dir='ltr'>τῆς</span> <span class='ocrx_word' id='word_1_621' title='bbox 2671 2355 3100 2425; x_wconf 87' lang='grc' dir='ltr'>γαστριμαργίας</span> <span class='ocrx_word' id='word_1_622' title='bbox 3129 2352 3308 2421; x_wconf 83' lang='grc' dir='ltr'>πάθος,</span> <span class='ocrx_word' id='word_1_623' title='bbox 3343 2349 3387 2402; x_wconf 84' lang='grc' dir='ltr'>εἰ</span> <span class='ocrx_word' id='word_1_624' title='bbox 3431 2346 3662 2422; x_wconf 71' lang='grc' dir='ltr'>ἀναδοθῇ</span> <span class='ocrx_word' id='word_1_625' title='bbox 3703 2369 3797 2402; x_wconf 83' lang='grc' dir='ltr'>σου</span> <span class='ocrx_word' id='word_1_626' title='bbox 3828 2359 3892 2422; x_wconf 71' lang='grc' dir='ltr'>τῇ</span> 
     </span>
    </p>
   </div>
   <div class='ocr_carea' id='block_1_89' title="bbox 2293 2436 3901 2514">
    <p class='ocr_par' dir='ltr' id='par_1_89' title="bbox 2293 2436 3901 2514">
     <span class='ocr_line' id='line_1_90' title="bbox 2293 2436 3901 2514; baseline 0.001 -24"><span class='ocrx_word' id='word_1_627' title='bbox 2293 2436 2513 2514; x_wconf 78' lang='grc' dir='ltr'>καρδίᾳ,</span> <span class='ocrx_word' id='word_1_628' title='bbox 2549 2441 2720 2500; x_wconf 89' lang='grc' dir='ltr'>πάσας</span> <span class='ocrx_word' id='word_1_629' title='bbox 2769 2459 2862 2492; x_wconf 88' lang='grc' dir='ltr'>σου</span> <span class='ocrx_word' id='word_1_630' title='bbox 2906 2442 2994 2499; x_wconf 82' lang='grc' dir='ltr'>τὰς</span> <span class='ocrx_word' id='word_1_631' title='bbox 3039 2438 3315 2500; x_wconf 71' lang='grc' dir='ltr'>αἰσθήσεις</span> <span class='ocrx_word' id='word_1_632' title='bbox 3360 2440 3597 2505; x_wconf 82' lang='grc' dir='ltr'>ποτίζον,</span> <span class='ocrx_word' id='word_1_633' title='bbox 3631 2439 3756 2497; x_wconf 65' lang='grc' dir='ltr'>ὓλην</span> <span class='ocrx_word' id='word_1_634' title='bbox 3805 2460 3901 2492; x_wconf 58' lang='grc' dir='ltr'>κου</span> 
     </span>
    </p>
   </div>
   <div class='ocr_carea' id='block_1_90' title="bbox 2293 2528 3898 2602">
    <p class='ocr_par' dir='ltr' id='par_1_90' title="bbox 2293 2528 3898 2602">
     <span class='ocr_line' id='line_1_91' title="bbox 2293 2528 3898 2602; baseline 0.001 -23"><span class='ocrx_word' id='word_1_635' title='bbox 2293 2532 2408 2589; x_wconf 89' lang='grc' dir='ltr'>κίας</span> <span class='ocrx_word' id='word_1_636' title='bbox 2457 2528 2503 2580; x_wconf 80' lang='grc' dir='ltr'>ἐν</span> <span class='ocrx_word' id='word_1_637' title='bbox 2546 2534 2629 2581; x_wconf 80' lang='grc' dir='ltr'>σοὶ</span> <span class='ocrx_word' id='word_1_638' title='bbox 2672 2537 3090 2600; x_wconf 70' lang='grc' dir='ltr'>καταφυτευσαν,</span> <span class='ocrx_word' id='word_1_639' title='bbox 3127 2530 3319 2601; x_wconf 79' lang='grc' dir='ltr'>θηρίων</span> <span class='ocrx_word' id='word_1_640' title='bbox 3353 2534 3757 2602; x_wconf 68' lang='grc' dir='ltr'>κατοικητήριον</span> <span class='ocrx_word' id='word_1_641' title='bbox 3801 2535 3898 2588; x_wconf 64' lang='grc' dir='ltr'>τήν</span> 
     </span>
    </p>
   </div>
   <div class='ocr_carea' id='block_1_91' title="bbox 2295 2617 3902 2692">
    <p class='ocr_par' dir='ltr' id='par_1_91' title="bbox 2295 2617 3902 2692">
     <span class='ocr_line' id='line_1_92' title="bbox 2295 2617 3902 2692; baseline 0 -22"><span class='ocrx_word' id='word_1_642' title='bbox 2295 2623 2392 2678; x_wconf 76' lang='grc' dir='ltr'>σὴν</span> <span class='ocrx_word' id='word_1_643' title='bbox 2418 2619 2604 2690; x_wconf 74' lang='grc' dir='ltr'>ψυχὴν</span> <span class='ocrx_word' id='word_1_644' title='bbox 2636 2624 2984 2676; x_wconf 80' lang='grc' dir='ltr'>καταστήσει.</span> <span class='ocrx_word' id='word_1_645' title='bbox 3011 2617 3230 2678; x_wconf 74' lang='grc' dir='ltr'>Πολλοὺς</span> <span class='ocrx_word' id='word_1_646' title='bbox 3277 2620 3378 2691; x_wconf 80' lang='grc' dir='ltr'>γὰρ</span> <span class='ocrx_word' id='word_1_647' title='bbox 3410 2618 3510 2689; x_wconf 83' lang='grc' dir='ltr'>ἐγὼ</span> <span class='ocrx_word' id='word_1_648' title='bbox 3541 2620 3733 2671; x_wconf 84' lang='grc' dir='ltr'>πάθεσι</span> <span class='ocrx_word' id='word_1_649' title='bbox 3769 2638 3902 2692; x_wconf 87' lang='grc' dir='ltr'>κρα-</span> 
     </span>
    </p>
   </div>
   <div class='ocr_carea' id='block_1_92' title="bbox 2292 2703 3900 2779">
    <p class='ocr_par' dir='ltr' id='par_1_92' title="bbox 2292 2703 3900 2779">
     <span class='ocr_line' id='line_1_93' title="bbox 2292 2703 3900 2779; baseline -0.001 -19"><span class='ocrx_word' id='word_1_650' title='bbox 2292 2709 2537 2768; x_wconf 77' lang='grc' dir='ltr'>τηθέντας</span> <span class='ocrx_word' id='word_1_651' title='bbox 2585 2704 2722 2760; x_wconf 84' lang='grc' dir='ltr'>εἶδον</span> <span class='ocrx_word' id='word_1_652' title='bbox 2773 2708 2819 2759; x_wconf 80' lang='grc' dir='ltr'>ἐν</span> <span class='ocrx_word' id='word_1_653' title='bbox 2868 2709 3018 2779; x_wconf 73' lang='grc' dir='ltr'>ὑγείᾳ</span> <span class='ocrx_word' id='word_1_654' title='bbox 3069 2711 3387 2779; x_wconf 72' lang='grc' dir='ltr'>γενομένους,</span> <span class='ocrx_word' id='word_1_655' title='bbox 3421 2709 3508 2758; x_wconf 81' lang='grc' dir='ltr'>ἕνα</span> <span class='ocrx_word' id='word_1_656' title='bbox 3555 2703 3615 2759; x_wconf 80' lang='grc' dir='ltr'>δε</span> <span class='ocrx_word' id='word_1_657' title='bbox 3663 2707 3718 2759; x_wconf 81' lang='grc' dir='ltr'>ἐκ</span> <span class='ocrx_word' id='word_1_658' title='bbox 3769 2710 3900 2760; x_wconf 60' lang='grc' dir='ltr'>πάνθ</span> 
     </span>
    </p>
   </div>
   <div class='ocr_carea' id='block_1_93' title="bbox 2291 2793 3891 2872">
    <p class='ocr_par' dir='ltr' id='par_1_93' title="bbox 2291 2793 3891 2872">
     <span class='ocr_line' id='line_1_94' title="bbox 2291 2793 3891 2872; baseline -0.001 -22"><span class='ocrx_word' id='word_1_659' title='bbox 2291 2817 2390 2851; x_wconf 88' lang='grc' dir='ltr'>των</span> <span class='ocrx_word' id='word_1_660' title='bbox 2442 2797 2789 2870; x_wconf 66' lang='grc' dir='ltr'>λαθροφάγον,</span> <span class='ocrx_word' id='word_1_661' title='bbox 2822 2799 2850 2855; x_wconf 73' lang='grc' dir='ltr'><strong><em>ἦ</em></strong></span> <span class='ocrx_word' id='word_1_662' title='bbox 2906 2802 3303 2872; x_wconf 82' lang='grc' dir='ltr'>γαστρίμαργον</span> <span class='ocrx_word' id='word_1_663' title='bbox 3350 2795 3443 2849; x_wconf 69' lang='grc' dir='ltr'>οὐκ</span> <span class='ocrx_word' id='word_1_664' title='bbox 3483 2793 3642 2862; x_wconf 82' lang='grc' dir='ltr'>εἶδον,</span> <span class='ocrx_word' id='word_1_665' title='bbox 3696 2795 3806 2848; x_wconf 75' lang='grc' dir='ltr'>ἀλλ’</span> <span class='ocrx_word' id='word_1_666' title='bbox 3861 2798 3891 2855; x_wconf 76' lang='grc' dir='ltr'><strong><em>ἦ</em></strong></span> 
     </span>
    </p>
   </div>
   <div class='ocr_carea' id='block_1_94' title="bbox 2295 2884 3898 2960">
    <p class='ocr_par' dir='ltr' id='par_1_94' title="bbox 2295 2884 3898 2960">
     <span class='ocr_line' id='line_1_95' title="bbox 2295 2884 3898 2960; baseline -0.002 -21"><span class='ocrx_word' id='word_1_667' title='bbox 2295 2885 2676 2960; x_wconf 76' lang='grc' dir='ltr'>ἀπορραγέντας</span> <span class='ocrx_word' id='word_1_668' title='bbox 2726 2893 2818 2938; x_wconf 77' lang='grc' dir='ltr'>τοῦ</span> <span class='ocrx_word' id='word_1_669' title='bbox 2880 2885 3162 2959; x_wconf 72' lang='grc' dir='ltr'>ἐγκρατοῦς</span> <span class='ocrx_word' id='word_1_670' title='bbox 3221 2884 3385 2958; x_wconf 78' lang='grc' dir='ltr'>βίου,</span> <span class='ocrx_word' id='word_1_671' title='bbox 3443 2889 3533 2937; x_wconf 90' lang='grc' dir='ltr'>καί</span> <span class='ocrx_word' id='word_1_672' title='bbox 3587 2893 3661 2955; x_wconf 78' lang='grc' dir='ltr'>τῷ</span> <span class='ocrx_word' id='word_1_673' title='bbox 3710 2888 3898 2957; x_wconf 74' lang='grc' dir='ltr'>κόσμῳ</span> 
     </span>
    </p>
   </div>
   <div class='ocr_carea' id='block_1_95' title="bbox 2294 2972 3901 3050">
    <p class='ocr_par' dir='ltr' id='par_1_95' title="bbox 2294 2972 3901 3050">
     <span class='ocr_line' id='line_1_96' title="bbox 2294 2972 3901 3050; baseline -0.002 -21"><span class='ocrx_word' id='word_1_674' title='bbox 2294 2972 2713 3050; x_wconf 69' lang='grc' dir='ltr'>διαφθαρέντας,</span> <span class='ocrx_word' id='word_1_675' title='bbox 2772 2975 2801 3034; x_wconf 75' lang='grc' dir='ltr'><strong>ᾖ</strong></span> <span class='ocrx_word' id='word_1_676' title='bbox 2869 2982 2979 3036; x_wconf 88' lang='grc' dir='ltr'>τοῖς</span> <span class='ocrx_word' id='word_1_677' title='bbox 3045 2975 3348 3049; x_wconf 83' lang='grc' dir='ltr'>ἐγκρατέσιν</span> <span class='ocrx_word' id='word_1_678' title='bbox 3417 2973 3901 3046; x_wconf 76' lang='grc' dir='ltr'>ἑναποκρύπτεσθαι</span> 
     </span>
    </p>
   </div>
   <div class='ocr_carea' id='block_1_96' title="bbox 2222 3059 3901 3141">
    <p class='ocr_par' dir='ltr' id='par_1_96' title="bbox 2222 3059 3901 3141">
     <span class='ocr_line' id='line_1_97' title="bbox 2222 3059 3901 3141; baseline -0.002 -23"><span class='ocrx_word' id='word_1_679' title='bbox 2222 3086 2264 3141; x_wconf 77' lang='lat' dir='ltr'><strong>C</strong></span> <span class='ocrx_word' id='word_1_680' title='bbox 2292 3069 2656 3140; x_wconf 79' lang='grc' dir='ltr'>πειρωμένους,</span> <span class='ocrx_word' id='word_1_681' title='bbox 2691 3068 2780 3116; x_wconf 86' lang='grc' dir='ltr'>καὶ</span> <span class='ocrx_word' id='word_1_682' title='bbox 2827 3072 2898 3134; x_wconf 78' lang='grc' dir='ltr'>τῷ</span> <span class='ocrx_word' id='word_1_683' title='bbox 2940 3060 2974 3116; x_wconf 89' lang='grc' dir='ltr'>δ</span> <span class='ocrx_word' id='word_1_684' title='bbox 2980 3062 3169 3135; x_wconf 78' lang='grc' dir='ltr'>ιαϐὀλῳ</span> <span class='ocrx_word' id='word_1_685' title='bbox 3207 3072 3268 3135; x_wconf 71' lang='grc' dir='ltr'>τῇ</span> <span class='ocrx_word' id='word_1_686' title='bbox 3304 3059 3608 3134; x_wconf 78' lang='grc' dir='ltr'>ἡδυπαθείᾳ</span> <span class='ocrx_word' id='word_1_687' title='bbox 3639 3082 3901 3116; x_wconf 84' lang='grc' dir='ltr'>συνασπι-</span> 
     </span>
    </p>
   </div>
   <div class='ocr_carea' id='block_1_97' title="bbox 2295 3151 3902 3227">
    <p class='ocr_par' dir='ltr' id='par_1_97' title="bbox 2295 3151 3902 3227">
     <span class='ocr_line' id='line_1_98' title="bbox 2295 3151 3902 3227; baseline -0.002 -20"><span class='ocrx_word' id='word_1_688' title='bbox 2295 3156 2560 3227; x_wconf 77' lang='grc' dir='ltr'>ξομένους.</span> <span class='ocrx_word' id='word_1_689' title='bbox 2611 3160 2844 3208; x_wconf 71' lang='grc' dir='ltr'>Ψεῠσται</span> <span class='ocrx_word' id='word_1_690' title='bbox 2894 3154 2993 3227; x_wconf 89' lang='grc' dir='ltr'>γάρ</span> <span class='ocrx_word' id='word_1_691' title='bbox 3049 3152 3178 3205; x_wconf 87' lang='grc' dir='ltr'>εἰσιν</span> <span class='ocrx_word' id='word_1_692' title='bbox 3235 3152 3378 3205; x_wconf 73' lang='grc' dir='ltr'>οὗτοι</span> <span class='ocrx_word' id='word_1_693' title='bbox 3430 3151 3732 3226; x_wconf 79' lang='grc' dir='ltr'>πολύορκοι,</span> <span class='ocrx_word' id='word_1_694' title='bbox 3789 3152 3902 3205; x_wconf 83' lang='grc' dir='ltr'>ἐπί-</span> 
     </span>
    </p>
   </div>
   <div class='ocr_carea' id='block_1_98' title="bbox 2293 3239 3903 3317">
    <p class='ocr_par' dir='ltr' id='par_1_98' title="bbox 2293 3239 3903 3317">
     <span class='ocr_line' id='line_1_99' title="bbox 2293 3239 3903 3317; baseline -0.002 -20"><span class='ocrx_word' id='word_1_695' title='bbox 2293 3263 2459 3317; x_wconf 88' lang='grc' dir='ltr'>ορκοι,</span> <span class='ocrx_word' id='word_1_696' title='bbox 2520 3241 2844 3309; x_wconf 77' lang='grc' dir='ltr'>ἁντιστάται,</span> <span class='ocrx_word' id='word_1_697' title='bbox 2873 3240 3219 3300; x_wconf 79' lang='grc' dir='ltr'>ἀντιπλῆκται</span> <span class='ocrx_word' id='word_1_698' title='bbox 3248 3241 3348 3312; x_wconf 83' lang='grc'>(7),</span> <span class='ocrx_word' id='word_1_699' title='bbox 3405 3239 3750 3315; x_wconf 72' lang='grc' dir='ltr'>ἀνακράκται,</span> <span class='ocrx_word' id='word_1_700' title='bbox 3806 3239 3903 3313; x_wconf 72' lang='grc' dir='ltr'>ἀρε</span> 
     </span>
    </p>
   </div>
   <div class='ocr_carea' id='block_1_99' title="bbox 2291 3314 3897 3404">
    <p class='ocr_par' dir='ltr' id='par_1_99' title="bbox 2291 3314 3897 3404">
     <span class='ocr_line' id='line_1_100' title="bbox 2291 3314 3897 3404; baseline -0.001 -21"><span class='ocrx_word' id='word_1_701' title='bbox 2291 3336 2576 3403; x_wconf 72' lang='grc' dir='ltr'>νησίφαγοι</span> <span class='ocrx_word' id='word_1_702' title='bbox 2600 3314 2634 3397; x_wconf 51' lang='grc'>,⁸</span> <span class='ocrx_word' id='word_1_703' title='bbox 2665 3328 2981 3402; x_wconf 71' lang='grc' dir='ltr'>ἀνελεύθεροι</span> <span class='ocrx_word' id='word_1_704' title='bbox 3003 3373 3022 3402; x_wconf 88' lang='grc'>,</span> <span class='ocrx_word' id='word_1_705' title='bbox 3075 3327 3409 3403; x_wconf 76' lang='grc' dir='ltr'>ἁϐροδίαιτοι</span> <span class='ocrx_word' id='word_1_706' title='bbox 3436 3372 3451 3397; x_wconf 97' lang='grc'>,</span> <span class='ocrx_word' id='word_1_707' title='bbox 3506 3330 3859 3404; x_wconf 63' lang='grc' dir='ltr'>μεμψίμοιροι</span> <span class='ocrx_word' id='word_1_708' title='bbox 3881 3371 3897 3396; x_wconf 85' lang='grc'>,</span> 
     </span>
    </p>
   </div>
   <div class='ocr_carea' id='block_1_100' title="bbox 2295 3419 3903 3494">
    <p class='ocr_par' dir='ltr' id='par_1_100' title="bbox 2295 3419 3903 3494">
     <span class='ocr_line' id='line_1_101' title="bbox 2295 3419 3903 3494; baseline -0.001 -20"><span class='ocrx_word' id='word_1_709' title='bbox 2295 3421 2584 3493; x_wconf 74' lang='grc' dir='ltr'>ἐρευνηταί,</span> <span class='ocrx_word' id='word_1_710' title='bbox 2643 3428 3080 3494; x_wconf 84' lang='grc' dir='ltr'>σκοτεινοχαρεῖς,</span> <span class='ocrx_word' id='word_1_711' title='bbox 3137 3422 3311 3481; x_wconf 73' lang='grc' dir='ltr'>πάσης</span> <span class='ocrx_word' id='word_1_712' title='bbox 3370 3429 3465 3481; x_wconf 82' lang='grc' dir='ltr'>τῆς</span> <span class='ocrx_word' id='word_1_713' title='bbox 3519 3419 3757 3492; x_wconf 80' lang='grc' dir='ltr'>ἐναρέτου</span> <span class='ocrx_word' id='word_1_714' title='bbox 3807 3439 3903 3472; x_wconf 77' lang='grc' dir='ltr'>πο·</span> 
     </span>
    </p>
   </div>
   <div class='ocr_carea' id='block_1_101' title="bbox 2291 3508 3901 3584">
    <p class='ocr_par' dir='ltr' id='par_1_101' title="bbox 2291 3508 3901 3584">
     <span class='ocr_line' id='line_1_102' title="bbox 2291 3508 3901 3584; baseline -0.001 -22"><span class='ocrx_word' id='word_1_715' title='bbox 2291 3509 2480 3570; x_wconf 88' lang='grc' dir='ltr'>λιτείας</span> <span class='ocrx_word' id='word_1_716' title='bbox 2532 3508 2841 3582; x_wconf 81' lang='grc' dir='ltr'>ἀντεργάται</span> <span class='ocrx_word' id='word_1_717' title='bbox 2896 3510 3144 3564; x_wconf 78' lang='grc' dir='ltr'>ἑκούσιοι.</span> <span class='ocrx_word' id='word_1_718' title='bbox 3176 3508 3288 3563; x_wconf 79' lang='grc' dir='ltr'>Ἵνα</span> <span class='ocrx_word' id='word_1_719' title='bbox 3327 3511 3429 3583; x_wconf 80' lang='grc' dir='ltr'>γὰρ</span> <span class='ocrx_word' id='word_1_720' title='bbox 3466 3512 3524 3562; x_wconf 87' lang='grc' dir='ltr'><strong>τό</strong></span> <span class='ocrx_word' id='word_1_721' title='bbox 3555 3517 3646 3568; x_wconf 78' lang='grc' dir='ltr'>τῆς</span> <span class='ocrx_word' id='word_1_722' title='bbox 3673 3528 3901 3584; x_wconf 86' lang='grc' dir='ltr'>γαστρι-</span> 
     </span>
    </p>
   </div>
   <div class='ocr_carea' id='block_1_102' title="bbox 2291 3599 3897 3672">
    <p class='ocr_par' dir='ltr' id='par_1_102' title="bbox 2291 3599 3897 3672">
     <span class='ocr_line' id='line_1_103' title="bbox 2291 3599 3897 3672; baseline 0.001 -22"><span class='ocrx_word' id='word_1_723' title='bbox 2291 3603 2522 3672; x_wconf 76' lang='grc' dir='ltr'>μαργίας</span> <span class='ocrx_word' id='word_1_724' title='bbox 2560 3601 2722 3660; x_wconf 81' lang='grc' dir='ltr'>πάθος</span> <span class='ocrx_word' id='word_1_725' title='bbox 2772 3601 3098 3666; x_wconf 87' lang='grc' dir='ltr'>σκεπάσωσι,</span> <span class='ocrx_word' id='word_1_726' title='bbox 3143 3607 3217 3670; x_wconf 82' lang='grc' dir='ltr'>τῷ</span> <span class='ocrx_word' id='word_1_727' title='bbox 3261 3599 3402 3672; x_wconf 82' lang='grc' dir='ltr'>ἐσμῷ</span> <span class='ocrx_word' id='word_1_728' title='bbox 3444 3605 3543 3650; x_wconf 85' lang='grc' dir='ltr'>τῶν</span> <span class='ocrx_word' id='word_1_729' title='bbox 3589 3606 3763 3649; x_wconf 86' lang='grc' dir='ltr'>κακῶν</span> <span class='ocrx_word' id='word_1_730' title='bbox 3803 3617 3897 3651; x_wconf 69' lang='grc' dir='ltr'>πεο</span> 
     </span>
    </p>
   </div>
   <div class='ocr_carea' id='block_1_103' title="bbox 2290 3686 3900 3761">
    <p class='ocr_par' dir='ltr' id='par_1_103' title="bbox 2290 3686 3900 3761">
     <span class='ocr_line' id='line_1_104' title="bbox 2290 3686 3900 3761; baseline 0 -21"><span class='ocrx_word' id='word_1_731' title='bbox 2290 3693 2669 3761; x_wconf 79' lang='grc' dir='ltr'>ριπίπτουσινο</span> <span class='ocrx_word' id='word_1_732' title='bbox 2721 3689 2906 3749; x_wconf 77' lang='grc' dir='ltr'>οἵτινες</span> <span class='ocrx_word' id='word_1_733' title='bbox 2949 3696 3022 3758; x_wconf 84' lang='grc' dir='ltr'>τῷ</span> <span class='ocrx_word' id='word_1_734' title='bbox 3070 3690 3160 3760; x_wconf 71' lang='grc' dir='ltr'>μεν</span> <span class='ocrx_word' id='word_1_735' title='bbox 3212 3691 3457 3760; x_wconf 78' lang='grc' dir='ltr'>σχήματί</span> <span class='ocrx_word' id='word_1_736' title='bbox 3509 3686 3641 3739; x_wconf 87' lang='grc' dir='ltr'>εἰσίν</span> <span class='ocrx_word' id='word_1_737' title='bbox 3690 3686 3738 3738; x_wconf 84' lang='grc' dir='ltr'>ἐν</span> <span class='ocrx_word' id='word_1_738' title='bbox 3785 3693 3900 3749; x_wconf 86' lang='grc' dir='ltr'>τοῖς</span> 
     </span>
    </p>
   </div>
   <div class='ocr_carea' id='block_1_104' title="bbox 2295 3774 3900 3850">
    <p class='ocr_par' dir='ltr' id='par_1_104' title="bbox 2295 3774 3900 3850">
     <span class='ocr_line' id='line_1_105' title="bbox 2295 3774 3900 3850; baseline -0.001 -20"><span class='ocrx_word' id='word_1_739' title='bbox 2295 3777 2625 3849; x_wconf 78' lang='grc' dir='ltr'>σωζομένοις,</span> <span class='ocrx_word' id='word_1_740' title='bbox 2674 3783 2781 3838; x_wconf 87' lang='grc' dir='ltr'>τοῖς</span> <span class='ocrx_word' id='word_1_741' title='bbox 2840 3774 2899 3830; x_wconf 74' lang='grc' dir='ltr'>δὲ</span> <span class='ocrx_word' id='word_1_742' title='bbox 2954 3779 3261 3850; x_wconf 85' lang='grc' dir='ltr'>πράγμασιν</span> <span class='ocrx_word' id='word_1_743' title='bbox 3316 3777 3364 3829; x_wconf 82' lang='grc' dir='ltr'>ἐν</span> <span class='ocrx_word' id='word_1_744' title='bbox 3426 3783 3531 3836; x_wconf 88' lang='grc' dir='ltr'>τοῖς</span> <span class='ocrx_word' id='word_1_745' title='bbox 3581 3793 3900 3850; x_wconf 75' lang='grc' dir='ltr'>κατακεκριο</span> 
     </span>
    </p>
   </div>
   <div class='ocr_carea' id='block_1_105' title="bbox 2291 3867 2580 3938">
    <p class='ocr_par' dir='ltr' id='par_1_105' title="bbox 2291 3867 2580 3938">
     <span class='ocr_line' id='line_1_106' title="bbox 2291 3867 2580 3938; baseline 0.014 -19"><span class='ocrx_word' id='word_1_746' title='bbox 2291 3871 2459 3938; x_wconf 82' lang='grc' dir='ltr'>μένοις</span> 
     </span>
    </p>
   </div>
   <div class='ocr_carea' id='block_1_106' title="bbox 2361 3951 3898 4030">
    <p class='ocr_par' dir='ltr' id='par_1_106' title="bbox 2361 3951 3898 4030">
     <span class='ocr_line' id='line_1_107' title="bbox 2361 3951 3898 4030; baseline -0.004 -18"><span class='ocrx_word' id='word_1_747' title='bbox 2361 3962 2415 4012; x_wconf 88' lang='lat'>7.</span> <span class='ocrx_word' id='word_1_748' title='bbox 2459 3957 2599 4014; x_wconf 77' lang='grc' dir='ltr'>Αὕτη</span> <span class='ocrx_word' id='word_1_749' title='bbox 2651 3958 2737 4008; x_wconf 86' lang='grc' dir='ltr'>τὸν</span> <span class='ocrx_word' id='word_1_750' title='bbox 2786 3951 2960 4028; x_wconf 79' lang='grc' dir='ltr'>Ἀδὰμ</span> <span class='ocrx_word' id='word_1_751' title='bbox 3009 3957 3211 4026; x_wconf 82' lang='grc' dir='ltr'>Θανάτῳ</span> <span class='ocrx_word' id='word_1_752' title='bbox 3257 3951 3549 4030; x_wconf 85' lang='grc' dir='ltr'>παρέδωκε,</span> <span class='ocrx_word' id='word_1_753' title='bbox 3582 3958 3774 4024; x_wconf 75' lang='grc' dir='ltr'>καὶτῷ</span> <span class='ocrx_word' id='word_1_754' title='bbox 3801 3957 3898 4006; x_wconf 82' lang='grc' dir='ltr'>κό-</span> 
     </span>
    </p>
   </div>
   <div class='ocr_carea' id='block_1_107' title="bbox 2295 4039 3894 4116">
    <p class='ocr_par' dir='ltr' id='par_1_107' title="bbox 2295 4039 3894 4116">
     <span class='ocr_line' id='line_1_108' title="bbox 2295 4039 3894 4116; baseline -0.001 -19"><span class='ocrx_word' id='word_1_755' title='bbox 2295 4063 2411 4116; x_wconf 80' lang='grc' dir='ltr'>σμῳ</span> <span class='ocrx_word' id='word_1_756' title='bbox 2443 4043 2733 4097; x_wconf 76' lang='grc' dir='ltr'>συντέλειαν</span> <span class='ocrx_word' id='word_1_757' title='bbox 2767 4043 2996 4115; x_wconf 74' lang='grc' dir='ltr'>ἐπήγαγε</span> <span class='ocrx_word' id='word_1_758' title='bbox 3025 4040 3117 4096; x_wconf 90' lang='grc' dir='ltr'>διά</span> <span class='ocrx_word' id='word_1_759' title='bbox 3147 4049 3240 4101; x_wconf 72' lang='grc' dir='ltr'>τὴν</span> <span class='ocrx_word' id='word_1_760' title='bbox 3289 4051 3380 4103; x_wconf 75' lang='grc' dir='ltr'>τῆς</span> <span class='ocrx_word' id='word_1_761' title='bbox 3408 4046 3640 4116; x_wconf 83' lang='grc' dir='ltr'>γαστρὸς</span> <span class='ocrx_word' id='word_1_762' title='bbox 3669 4039 3894 4100; x_wconf 73' lang='grc' dir='ltr'>ἡδονήν.</span> 
     </span>
    </p>
   </div>
   <div class='ocr_carea' id='block_1_108' title="bbox 2285 4130 3902 4206">
    <p class='ocr_par' dir='ltr' id='par_1_108' title="bbox 2285 4130 3902 4206">
     <span class='ocr_line' id='line_1_109' title="bbox 2285 4130 3902 4206; baseline -0.002 -20"><span class='ocrx_word' id='word_1_763' title='bbox 2285 4139 2405 4186; x_wconf 80' lang='grc' dir='ltr'>Νῶε</span> <span class='ocrx_word' id='word_1_764' title='bbox 2451 4133 2685 4204; x_wconf 80' lang='grc' dir='ltr'>γελᾶται,</span> <span class='ocrx_word' id='word_1_765' title='bbox 2736 4136 2859 4205; x_wconf 80' lang='grc' dir='ltr'>Χάμ</span> <span class='ocrx_word' id='word_1_766' title='bbox 2884 4134 2961 4204; x_wconf 84' lang='grc'>(9)</span> <span class='ocrx_word' id='word_1_767' title='bbox 2993 4137 3368 4206; x_wconf 74' lang='grc' dir='ltr'>κεκατὴραται,</span> <span class='ocrx_word' id='word_1_768' title='bbox 3408 4130 3574 4184; x_wconf 65' lang='grc' dir='ltr'>Ἦσαν</span> <span class='ocrx_word' id='word_1_769' title='bbox 3605 4140 3704 4183; x_wconf 82' lang='grc' dir='ltr'>τῶν</span> <span class='ocrx_word' id='word_1_770' title='bbox 3753 4151 3902 4203; x_wconf 67' lang='grc' dir='ltr'>πρωι-</span> 
     </span>
    </p>
   </div>
   <div class='ocr_carea' id='block_1_109' title="bbox 2292 4219 3899 4292">
    <p class='ocr_par' dir='ltr' id='par_1_109' title="bbox 2292 4219 3899 4292">
     <span class='ocr_line' id='line_1_110' title="bbox 2292 4219 3899 4292; baseline -0.001 -18"><span class='ocrx_word' id='word_1_771' title='bbox 2292 4227 2537 4274; x_wconf 86' lang='grc' dir='ltr'>τοτοκίων</span> <span class='ocrx_word' id='word_1_772' title='bbox 2579 4223 2834 4288; x_wconf 81' lang='grc' dir='ltr'>ἐκπίπτει,</span> <span class='ocrx_word' id='word_1_773' title='bbox 2875 4227 2964 4275; x_wconf 82' lang='grc' dir='ltr'>καὶ</span> <span class='ocrx_word' id='word_1_774' title='bbox 3012 4230 3118 4282; x_wconf 86' lang='grc' dir='ltr'>τοῖς</span> <span class='ocrx_word' id='word_1_775' title='bbox 3163 4225 3470 4281; x_wconf 83' lang='grc' dir='ltr'>Χαναναίοις</span> <span class='ocrx_word' id='word_1_776' title='bbox 3522 4219 3899 4292; x_wconf 73' lang='grc' dir='ltr'>ἐπιγαμϐρευε-</span> 
     </span>
    </p>
   </div>
   <div class='ocr_carea' id='block_1_110' title="bbox 2292 4308 3898 4385">
    <p class='ocr_par' dir='ltr' id='par_1_110' title="bbox 2292 4308 3898 4385">
     <span class='ocr_line' id='line_1_111' title="bbox 2292 4308 3898 4385; baseline 0.001 -24"><span class='ocrx_word' id='word_1_777' title='bbox 2292 4330 2400 4377; x_wconf 90' lang='grc' dir='ltr'>ται,</span> <span class='ocrx_word' id='word_1_778' title='bbox 2446 4316 2568 4363; x_wconf 83' lang='grc' dir='ltr'>Λὼτ</span> <span class='ocrx_word' id='word_1_779' title='bbox 2613 4312 3007 4385; x_wconf 85' lang='grc' dir='ltr'>θυγατρὸγαμος</span> <span class='ocrx_word' id='word_1_780' title='bbox 3053 4315 3268 4382; x_wconf 85' lang='grc' dir='ltr'>γίνεται,</span> <span class='ocrx_word' id='word_1_781' title='bbox 3301 4309 3537 4382; x_wconf 73' lang='grc' dir='ltr'>γαμϐρός</span> <span class='ocrx_word' id='word_1_782' title='bbox 3567 4308 3749 4361; x_wconf 73' lang='grc' dir='ltr'>ἑαυτοῦ</span> <span class='ocrx_word' id='word_1_783' title='bbox 3803 4314 3898 4362; x_wconf 87' lang='grc' dir='ltr'>καὶ</span> 
     </span>
    </p>
   </div>
   <div class='ocr_carea' id='block_1_111' title="bbox 2218 4398 3897 4482">
    <p class='ocr_par' dir='ltr' id='par_1_111' title="bbox 2218 4398 3897 4482">
     <span class='ocr_line' id='line_1_112' title="bbox 2218 4398 3897 4482; baseline -0.002 -29"><span class='ocrx_word' id='word_1_784' title='bbox 2218 4429 2262 4482; x_wconf 81' lang='lat' dir='ltr'><strong>D</strong></span> <span class='ocrx_word' id='word_1_785' title='bbox 2293 4402 2529 4473; x_wconf 80' lang='grc' dir='ltr'>πενθερὸς</span> <span class='ocrx_word' id='word_1_786' title='bbox 2558 4422 2570 4433; x_wconf 68' lang='grc' dir='ltr'><strong>ν</strong></span> <span class='ocrx_word' id='word_1_787' title='bbox 2605 4401 2630 4450; x_wconf 85' lang='grc' dir='ltr'>ὀ</span> <span class='ocrx_word' id='word_1_788' title='bbox 2669 4404 2841 4474; x_wconf 72' lang='grc' dir='ltr'>πατὴρ</span> <span class='ocrx_word' id='word_1_789' title='bbox 2891 4398 3042 4473; x_wconf 67' lang='grc' dir='ltr'>ἀνὴρ,</span> <span class='ocrx_word' id='word_1_790' title='bbox 3075 4404 3164 4452; x_wconf 86' lang='grc' dir='ltr'>καὶ</span> <span class='ocrx_word' id='word_1_791' title='bbox 3209 4401 3234 4451; x_wconf 80' lang='grc' dir='ltr'>ὁ</span> <span class='ocrx_word' id='word_1_792' title='bbox 3290 4401 3496 4458; x_wconf 87' lang='grc' dir='ltr'>πάππος</span> <span class='ocrx_word' id='word_1_793' title='bbox 3545 4403 3740 4471; x_wconf 70' lang='grc' dir='ltr'>πατὴρ,</span> <span class='ocrx_word' id='word_1_794' title='bbox 3776 4398 3897 4450; x_wconf 84' lang='grc' dir='ltr'>ἐκα-</span> 
     </span>
    </p>
   </div>
   <div class='ocr_carea' id='block_1_112' title="bbox 2291 4486 3894 4563">
    <p class='ocr_par' dir='ltr' id='par_1_112' title="bbox 2291 4486 3894 4563">
     <span class='ocr_line' id='line_1_113' title="bbox 2291 4486 3894 4563; baseline -0.002 -21"><span class='ocrx_word' id='word_1_795' title='bbox 2291 4490 2507 4563; x_wconf 79' lang='grc' dir='ltr'>τέρωθεν</span> <span class='ocrx_word' id='word_1_796' title='bbox 2559 4491 2676 4548; x_wconf 68' lang='grc' dir='ltr'>τοὺς</span> <span class='ocrx_word' id='word_1_797' title='bbox 2722 4489 2872 4561; x_wconf 82' lang='grc' dir='ltr'>ὅρους</span> <span class='ocrx_word' id='word_1_798' title='bbox 2903 4497 2999 4550; x_wconf 77' lang='grc' dir='ltr'>τῆς</span> <span class='ocrx_word' id='word_1_799' title='bbox 3047 4489 3243 4560; x_wconf 67' lang='grc' dir='ltr'>φύσεως</span> <span class='ocrx_word' id='word_1_800' title='bbox 3289 4486 3584 4560; x_wconf 74' lang='grc' dir='ltr'>ἐνυϐρίζων.</span> <span class='ocrx_word' id='word_1_801' title='bbox 3621 4487 3761 4544; x_wconf 74' lang='grc' dir='ltr'>Αὕτη</span> <span class='ocrx_word' id='word_1_802' title='bbox 3797 4492 3894 4540; x_wconf 83' lang='grc' dir='ltr'>καὶ</span> 
     </span>
    </p>
   </div>
   <div class='ocr_carea' id='block_1_113' title="bbox 2291 4573 3895 4653">
    <p class='ocr_par' dir='ltr' id='par_1_113' title="bbox 2291 4573 3895 4653">
     <span class='ocr_line' id='line_1_114' title="bbox 2291 4573 3895 4653; baseline -0.002 -22"><span class='ocrx_word' id='word_1_803' title='bbox 2291 4583 2377 4631; x_wconf 86' lang='grc' dir='ltr'>τὸν</span> <span class='ocrx_word' id='word_1_804' title='bbox 2427 4577 2640 4653; x_wconf 76' lang='grc' dir='ltr'>Ἰσραὴλ</span> <span class='ocrx_word' id='word_1_805' title='bbox 2688 4573 2903 4630; x_wconf 77' lang='grc' dir='ltr'>εἰδώλου</span> <span class='ocrx_word' id='word_1_806' title='bbox 2953 4582 3319 4651; x_wconf 62' lang='grc' dir='ltr'>προπυνητὴν</span> <span class='ocrx_word' id='word_1_807' title='bbox 3375 4575 3586 4634; x_wconf 81' lang='grc' dir='ltr'>ἐποίησε</span> <span class='ocrx_word' id='word_1_808' title='bbox 3617 4576 3746 4646; x_wconf 80' lang='grc'>(10),</span> <span class='ocrx_word' id='word_1_809' title='bbox 3800 4581 3895 4629; x_wconf 80' lang='grc' dir='ltr'>καὶ</span> 
     </span>
    </p>
   </div>
   <div class='ocr_carea' id='block_1_114' title="bbox 2239 4683 3892 4743">
    <p class='ocr_par' dir='ltr' id='par_1_114' title="bbox 2239 4683 3892 4743">
     <span class='ocr_line' id='line_1_115' title="bbox 2239 4683 3892 4743; baseline 0 -1"><span class='ocrx_word' id='word_1_810' title='bbox 2239 4690 2330 4743; x_wconf 76' lang='lat'>25.</span> <span class='ocrx_word' id='word_1_811' title='bbox 2408 4685 2455 4721; x_wconf 81' lang='grc'>⁸³</span> <span class='ocrx_word' id='word_1_812' title='bbox 2496 4688 2639 4741; x_wconf 89' lang='lat' dir='ltr'>Gen.</span> <span class='ocrx_word' id='word_1_813' title='bbox 2679 4701 2812 4743; x_wconf 76' lang='lat' dir='ltr'>xxv.</span> <span class='ocrx_word' id='word_1_814' title='bbox 2844 4688 2939 4741; x_wconf 87' lang='lat'>33.</span> <span class='ocrx_word' id='word_1_815' title='bbox 3023 4685 3071 4720; x_wconf 63' lang='lat'><strong>3‘</strong></span> <span class='ocrx_word' id='word_1_816' title='bbox 3110 4687 3249 4741; x_wconf 87' lang='lat' dir='ltr'>Gen.</span> <span class='ocrx_word' id='word_1_817' title='bbox 3291 4699 3479 4743; x_wconf 67' lang='lat' dir='ltr'>uva</span> <span class='ocrx_word' id='word_1_818' title='bbox 3519 4686 3574 4738; x_wconf 82' lang='lat'>2.</span> <span class='ocrx_word' id='word_1_819' title='bbox 3652 4683 3700 4718; x_wconf 74' lang='grc'>⁸³</span> <span class='ocrx_word' id='word_1_820' title='bbox 3742 4684 3892 4742; x_wconf 87' lang='lat' dir='ltr'>Gen.</span> 
     </span>
    </p>
   </div>
   <div class='ocr_carea' id='block_1_115' title="bbox 2408 4685 3574 4758">
    <p class='ocr_par' dir='ltr' id='par_1_115' title="bbox 2408 4685 3574 4758">
     <span class='ocr_line' id='line_1_116' title="bbox 2408 4685 3574 4758; baseline -0.003 -17"><span class='ocrx_word' id='word_1_821' title='bbox 2408 4685 2455 4721; x_wconf 81' lang='grc'>⁸³</span> <span class='ocrx_word' id='word_1_822' title='bbox 2496 4688 2639 4741; x_wconf 89' lang='lat' dir='ltr'>Gen.</span> <span class='ocrx_word' id='word_1_823' title='bbox 2679 4701 2812 4758; x_wconf 76' lang='lat' dir='ltr'>xxv,</span> <span class='ocrx_word' id='word_1_824' title='bbox 2844 4688 2939 4741; x_wconf 87' lang='lat'>33.</span> <span class='ocrx_word' id='word_1_825' title='bbox 3023 4685 3071 4720; x_wconf 60' lang='grc' dir='ltr'>εί</span> <span class='ocrx_word' id='word_1_826' title='bbox 3110 4687 3249 4741; x_wconf 89' lang='lat' dir='ltr'>Gen.</span> <span class='ocrx_word' id='word_1_827' title='bbox 3291 4699 3479 4751; x_wconf 57' lang='lat' dir='ltr'>xxxv,</span> <span class='ocrx_word' id='word_1_828' title='bbox 3519 4686 3574 4738; x_wconf 82' lang='lat'>2.</span> 
     </span>
    </p>
   </div>
   <div class='ocr_carea' id='block_1_116' title="bbox 2286 4859 3894 4947">
    <p class='ocr_par' dir='ltr' id='par_1_116' title="bbox 2286 4859 3894 4947">
     <span class='ocr_line' id='line_1_117' title="bbox 2286 4859 3894 4947; baseline -0.001 -28"><span class='ocrx_word' id='word_1_829' title='bbox 2286 4863 2389 4944; x_wconf 78' lang='lat' dir='ltr'>sed</span> <span class='ocrx_word' id='word_1_830' title='bbox 2416 4863 2703 4947; x_wconf 50' lang='lat' dir='ltr'>inti-svis</span> <span class='ocrx_word' id='word_1_831' title='bbox 2729 4863 3044 4935; x_wconf 85' lang='lat' dir='ltr'>cujusdam</span> <span class='ocrx_word' id='word_1_832' title='bbox 3071 4864 3308 4932; x_wconf 82' lang='lat' dir='ltr'>saporis</span> <span class='ocrx_word' id='word_1_833' title='bbox 3338 4860 3722 4931; x_wconf 77' lang='lat' dir='ltr'>appetitione.</span> <span class='ocrx_word' id='word_1_834' title='bbox 3751 4859 3894 4917; x_wconf 85' lang='lat' dir='ltr'>Ete-</span> 
     </span>
    </p>
   </div>
   <div class='ocr_carea' id='block_1_117' title="bbox 2285 4941 3891 5086">
    <p class='ocr_par' dir='ltr' id='par_1_117' title="bbox 2285 4941 3891 5086">
     <span class='ocr_line' id='line_1_118' title="bbox 2285 4941 3891 5086; baseline 0.001 -28"><span class='ocrx_word' id='word_1_835' title='bbox 2285 4941 2695 5086; x_wconf 43' lang='lat' dir='ltr'>mgfiioextgig</span> <span class='ocrx_word' id='word_1_836' title='bbox 2717 5021 2790 5086; x_wconf 81' lang='lat' dir='ltr'>ex</span> <span class='ocrx_word' id='word_1_837' title='bbox 2813 5004 3079 5086; x_wconf 82' lang='lat' dir='ltr'>antiquis</span> <span class='ocrx_word' id='word_1_838' title='bbox 3098 5002 3343 5086; x_wconf 79' lang='lat' dir='ltr'>duobus</span> <span class='ocrx_word' id='word_1_839' title='bbox 3355 5001 3536 5086; x_wconf 38' lang='lat' dir='ltr'>libris.</span> <span class='ocrx_word' id='word_1_840' title='bbox 3552 5001 3891 5086; x_wconf 64' lang='lat' dir='ltr'>additaest.</span> 
     </span>
    </p>
   </div>
   <div class='ocr_carea' id='block_1_118' title="bbox 2325 5075 3896 5165">
    <p class='ocr_par' dir='ltr' id='par_1_118' title="bbox 2325 5075 3896 5165">
     <span class='ocr_line' id='line_1_119' title="bbox 2325 5075 3896 5165; baseline -0.005 -33"><span class='ocrx_word' id='word_1_841' title='bbox 2325 5147 2341 5158; x_wconf 35' lang='lat'><strong>‘</strong></span> <span class='ocrx_word' id='word_1_842' title='bbox 2355 5081 2437 5165; x_wconf 76' lang='lat'>(_7)</span> <span class='ocrx_word' id='word_1_843' title='bbox 2477 5077 2668 5134; x_wconf 87' lang='lat' dir='ltr'>Editio</span> <span class='ocrx_word' id='word_1_844' title='bbox 2691 5081 2944 5149; x_wconf 90' lang='lat' dir='ltr'>utraque</span> <span class='ocrx_word' id='word_1_845' title='bbox 2962 5075 3331 5133; x_wconf 71' lang='grc' dir='ltr'>ἆντίπληκται.</span> <span class='ocrx_word' id='word_1_846' title='bbox 3355 5077 3498 5145; x_wconf 77' lang='lat' dir='ltr'>Reg.</span> <span class='ocrx_word' id='word_1_847' title='bbox 3522 5075 3730 5132; x_wconf 88' lang='lat' dir='ltr'>tertius</span> <span class='ocrx_word' id='word_1_848' title='bbox 3751 5075 3896 5126; x_wconf 76' lang='grc' dir='ltr'>ἀντι-</span> 
     </span>
    </p>
   </div>
   <div class='ocr_carea' id='block_1_119' title="bbox 2285 5164 3896 5306">
    <p class='ocr_par' dir='ltr' id='par_1_119' title="bbox 2285 5164 3896 5306">
     <span class='ocr_line' id='line_1_120' title="bbox 2285 5164 2534 5202; baseline 0.008 -2"><span class='ocrx_word' id='word_1_849' title='bbox 2285 5164 2534 5202; x_wconf 72' lang='grc' dir='ltr'>πλνκται.</span> 
     </span>
     <span class='ocr_line' id='line_1_121' title="bbox 2359 5185 3896 5306; baseline -0.005 -31"><span class='ocrx_word' id='word_1_850' title='bbox 2359 5185 2440 5306; x_wconf 40' lang='lat'>(‘8),</span> <span class='ocrx_word' id='word_1_851' title='bbox 2475 5219 2716 5292; x_wconf 75' lang='lat' dir='ltr'>Antiqui</span> <span class='ocrx_word' id='word_1_852' title='bbox 2764 5219 2888 5275; x_wconf 90' lang='lat' dir='ltr'>duo</span> <span class='ocrx_word' id='word_1_853' title='bbox 2929 5218 3066 5276; x_wconf 86' lang='lat' dir='ltr'>libri</span> <span class='ocrx_word' id='word_1_854' title='bbox 3110 5227 3220 5280; x_wconf 78' lang='grc' dir='ltr'>τοῖς</span> <span class='ocrx_word' id='word_1_855' title='bbox 3246 5214 3304 5271; x_wconf 71' lang='grc' dir='ltr'>δε</span> <span class='ocrx_word' id='word_1_856' title='bbox 3345 5219 3624 5290; x_wconf 85' lang='grc' dir='ltr'>πράγμασι</span> <span class='ocrx_word' id='word_1_857' title='bbox 3661 5235 3896 5269; x_wconf 84' lang='grc' dir='ltr'>κατακε-</span> 
     </span>
    </p>
   </div>
   <div class='ocr_carea' id='block_1_120' title="bbox 2287 5311 3895 5433">
    <p class='ocr_par' dir='ltr' id='par_1_120' title="bbox 2287 5311 3895 5433">
     <span class='ocr_line' id='line_1_122' title="bbox 2287 5311 3895 5433; baseline -0.008 -6"><span class='ocrx_word' id='word_1_858' title='bbox 2287 5311 2739 5433; x_wconf 39' lang='lat' dir='ltr'>ac‘aii‘iimlliraquc</span> <span class='ocrx_word' id='word_1_859' title='bbox 2770 5360 2952 5417; x_wconf 87' lang='lat' dir='ltr'>editio</span> <span class='ocrx_word' id='word_1_860' title='bbox 2982 5366 3038 5417; x_wconf 91' lang='lat' dir='ltr'>et</span> <span class='ocrx_word' id='word_1_861' title='bbox 3067 5364 3209 5433; x_wconf 79' lang='lat' dir='ltr'>Reg.</span> <span class='ocrx_word' id='word_1_862' title='bbox 3239 5360 3445 5417; x_wconf 88' lang='lat' dir='ltr'>tertius</span> <span class='ocrx_word' id='word_1_863' title='bbox 3475 5363 3564 5412; x_wconf 84' lang='grc' dir='ltr'>καὶ</span> <span class='ocrx_word' id='word_1_864' title='bbox 3785 5361 3895 5414; x_wconf 82' lang='lat' dir='ltr'>Vo-</span> 
     </span>
    </p>
   </div>
   <div class='ocr_carea' id='block_1_121' title="bbox 2289 5432 3306 5489">
    <p class='ocr_par' dir='ltr' id='par_1_121' title="bbox 2289 5432 3306 5489">
     <span class='ocr_line' id='line_1_123' title="bbox 2289 5432 3306 5489; baseline -0.002 -1"><span class='ocrx_word' id='word_1_865' title='bbox 2289 5433 2426 5489; x_wconf 91' lang='lat' dir='ltr'>cula</span> <span class='ocrx_word' id='word_1_866' title='bbox 2455 5438 2544 5484; x_wconf 86' lang='grc' dir='ltr'>καί</span> <span class='ocrx_word' id='word_1_867' title='bbox 2574 5432 2909 5488; x_wconf 56' lang='grc' dir='ltr'>ἱῑίάιιοὺυε</span> <span class='ocrx_word' id='word_1_868' title='bbox 2940 5449 3090 5488; x_wconf 91' lang='lat' dir='ltr'>mss.</span> <span class='ocrx_word' id='word_1_869' title='bbox 3118 5432 3306 5488; x_wconf 87' lang='lat' dir='ltr'>deest.</span> 
     </span>
    </p>
   </div>
   <div class='ocr_carea' id='block_1_122' title="bbox 2359 5504 3889 5584">
    <p class='ocr_par' dir='ltr' id='par_1_122' title="bbox 2359 5504 3889 5584">
     <span class='ocr_line' id='line_1_124' title="bbox 2359 5504 3889 5584; baseline -0.001 -25"><span class='ocrx_word' id='word_1_870' title='bbox 2359 5504 2473 5584; x_wconf 53' lang='grc' dir='ltr'>(ιο)</span> <span class='ocrx_word' id='word_1_871' title='bbox 2513 5504 2935 5584; x_wconf 83' lang='lat' dir='ltr'>Reg._primus</span> <span class='ocrx_word' id='word_1_872' title='bbox 2983 5508 3352 5580; x_wconf 65' lang='grc' dir='ltr'>προσκυνητὲν</span> <span class='ocrx_word' id='word_1_873' title='bbox 3395 5506 3698 5562; x_wconf 82' lang='grc' dir='ltr'>πεποίηται.</span> <span class='ocrx_word' id='word_1_874' title='bbox 3735 5504 3889 5576; x_wconf 78' lang='lat' dir='ltr'>Reg.</span> 
     </span>
    </p>
   </div>
   <div class='ocr_carea' id='block_1_123' title="bbox 2286 5579 2798 5637">
    <p class='ocr_par' dir='ltr' id='par_1_123' title="bbox 2286 5579 2798 5637">
     <span class='ocr_line' id='line_1_125' title="bbox 2286 5579 2798 5637; baseline -0.01 -5"><span class='ocrx_word' id='word_1_875' title='bbox 2286 5579 2494 5634; x_wconf 86' lang='lat' dir='ltr'>tertius</span> <span class='ocrx_word' id='word_1_876' title='bbox 2531 5579 2798 5637; x_wconf 77' lang='grc' dir='ltr'>πεποίηκε.</span> 
     </span>
    </p>
   </div>
  </div>
