4100 6196
601 313 705 369 εεὸ

600 435 664 492 in
691 450 762 492 eo
792 434 956 491 statu
984 430 1088 488 diu
1117 427 1612 504 permansissem,
1660 431 1720 486 et
1745 445 1885 489 eam
1915 439 2106 501 quam
2136 423 2262 481 dixi

600 539 851 581 causam
871 520 1185 590 diligenter
1208 521 1643 592 perscrutarer,
1687 519 1835 576 mihi
1880 518 1944 574 in
1992 517 2260 572 mentem

599 612 763 669 venit
810 609 949 667 libri
989 606 1295 675 Judicum,
1346 606 1455 680 qui
1504 612 1711 665 narrat
1756 617 2260 679 unumquemque

601 702 809 758 fecisse
850 696 1019 772 quod
1062 697 1131 768 in
1176 695 1365 753 oculis
1422 696 1546 752 suis
1592 700 1828 754 rectum
1876 697 2024 762 erat,
2079 697 2261 765 atque

602 790 783 848 etiam
803 802 1054 845 causam
1083 786 1218 858 ejus
1247 785 1333 842 rei
1367 784 1654 856 declarat,
1704 785 1800 843 his
1843 782 2139 841 verbis“:
2182 782 2259 837 In

600 878 804 936 diebus
832 876 960 933 illis
979 891 1102 932 non
1134 880 1266 932 erat
1294 889 1408 932 rex
1456 876 1519 931 in
1558 875 1772 933 Israel.
1813 876 2038 930 Horum
2079 870 2262 942 igitur

599 982 739 1024 cum
768 964 917 1023 mihi
946 964 1007 1022 in
1022 967 1290 1021 mentem
1312 962 1591 1032 venisset,
1607 962 1756 1020 illud
1768 976 2013 1036 quoque
2023 960 2099 1016 de
2110 975 2259 1033 prae-

600 1056 756 1113 senti
800 1070 1005 1113 rerum
1049 1058 1209 1111 statu
1256 1052 1636 1123 excogitavi:
1676 1051 1846 1125 quod
1897 1051 2046 1108 forte
2094 1048 2257 1106 dictu

597 1145 847 1220 quidem
876 1142 1251 1201 horrendum
1283 1145 1376 1198 est
1402 1145 1461 1198 et
1488 1140 1788 1206 mirabile,
1819 1140 1924 1196 sed
1947 1146 2174 1204 tamen,
2206 1139 2259 1195 si

594 1234 980 1305 intelligatur,
1019 1230 1407 1288 verissimum
1437 1234 1544 1287 est.
1585 1232 1739 1286 Num
1782 1228 2063 1286 videlicet
2101 1228 2258 1285 inter

595 1323 870 1380 Ecclesiae
901 1320 1182 1379 alumnos
1212 1322 1380 1375 tanta
1407 1318 1538 1374 haec
1583 1317 1894 1375 discordia
1931 1332 2003 1374 ac
2043 1331 2256 1390 pugna

592 1410 894 1482 hodieque
906 1408 1208 1466 exoriatur
1221 1407 1303 1464 ob
1317 1406 1498 1463 unius
1512 1406 1722 1478 magni
1731 1407 1975 1480 verique
1990 1411 2047 1462 et
2066 1404 2254 1461 solius

589 1498 1017 1556 universorum
1046 1496 1207 1567 regis
1235 1510 1307 1553 ac
1338 1495 1441 1553 Dei
1470 1500 1906 1568 contemptum,
1933 1511 2072 1551 cum
2093 1493 2254 1568 quis-

590 1602 710 1661 que
739 1586 975 1643 deserat
1002 1585 1239 1642 Domini
1267 1583 1457 1641 nostri
1479 1587 1623 1640 Jesu
1648 1583 1865 1641 Christi
1886 1583 2245 1654 doctrinam,

588 1682 647 1733 et
673 1676 977 1750 quasdam
1003 1673 1493 1731 ratiocinationes
1525 1689 1597 1730 ac
1626 1672 1869 1744 regulas
1913 1671 2250 1746 peculiares

588 1770 802 1839 suapte
831 1763 1186 1822 auctoritate
1232 1762 1347 1819 sibi
1393 1766 1655 1833 arroget,
1699 1761 1990 1835 malitque
2033 1761 2247 1818 adver-

588 1870 693 1911 sus
726 1853 1047 1910 Dominum
1075 1851 1376 1924 imperare
1403 1866 1593 1924 quam
1610 1867 1648 1908 a
1668 1851 1924 1908 Domino
1943 1850 2091 1921 regi.
2122 1850 2247 1907 Hoc

584 1944 764 2017 igitur
791 1959 929 2000 cum
952 1958 1193 1999 mecum
1211 1946 1613 2015 reputassem,
1654 1956 1918 2013 cumque
1937 1940 2013 1996 de
2032 1939 2246 2014 impie-

583 2032 721 2090 tatis
757 2031 1178 2102 magnitudine
1216 2030 1523 2099 attonitus,
1556 2029 1804 2086 ulterius
1847 2029 2245 2102 pervestigas-

586 2137 736 2189 sem,
768 2120 1163 2178 nihilominus
1191 2119 1342 2176 mihi
1366 2118 1644 2193 persuasi
1669 2117 1764 2175 vel
1794 2134 1869 2175 ex
1894 2117 1967 2174 iis
2005 2133 2141 2191 quas
2181 2117 2245 2174 in

581 2210 708 2267 vita
734 2210 889 2266 ﬁunt
911 2209 1473 2281 rebus,eam,quam
1501 2206 1780 2280 superius
1800 2206 1949 2274 dixi,
1971 2222 2242 2275 causam,

580 2313 792 2356 veram
817 2314 956 2356 esse
993 2302 1049 2355 et
1079 2311 1457 2368 germanam.
1488 2295 1780 2353 Videbam
1803 2295 1964 2352 enim
1995 2310 2244 2352 omnem

582 2388 948 2464 populorum
967 2385 1353 2459 disciplinam
1364 2390 1546 2459 atque
1557 2384 2020 2442 consensionem
2031 2384 2244 2441 tandiu

580 2491 992 2553 perseverare,
1023 2474 1173 2531 dum
1194 2489 1408 2530 omnes
1439 2472 1697 2546 principi
1722 2472 1829 2529 uni
1848 2472 1911 2528 in
1932 2471 2245 2529 communi

582 2568 1042 2639 obtemperant:
1065 2579 1312 2621 omnem
1335 2578 1481 2619 vero
1510 2560 1879 2619 discordiam
1902 2577 1974 2618 ac
2000 2560 2244 2618 seditio-

581 2672 744 2725 nem,
776 2656 1060 2728 itemque,
1082 2656 1417 2710 inultorum
1443 2650 1850 2725 principatum
1875 2665 1951 2707 ex
1977 2649 2150 2706 ducis
2171 2666 2243 2707 ac

578 2744 872 2818 principis
892 2743 1130 2800 defectu
1148 2740 1469 2814 proﬁcisci.
1510 2740 1645 2797 Vidi
1673 2744 1877 2797 autem
1908 2738 2242 2813 aliquando

578 2848 694 2905 ego
723 2835 857 2907 ipse
877 2848 1062 2906 apum
1094 2836 1360 2888 turmam
1372 2829 1504 2902 lege
1523 2830 1790 2903 quadam
1815 2828 2078 2887 naturali
2098 2845 2242 2886 con-

580 2924 848 2991 ductam,
881 2937 1183 2995 suumque
1211 2934 1418 2990 regem
1450 2923 1685 2977 servato
1723 2918 1934 2976 ordine
1982 2933 2244 2993 sequen-

579 3017 723 3070 tem.
754 3013 824 3068 Et
852 3009 1044 3067 multa
1071 3008 1322 3083 quidem
1357 3008 1500 3064 talia
1536 3023 1650 3078 ego
1680 3008 1992 3081 conspexi,
2022 3007 2241 3065 multa-

581 3118 702 3176 que
744 3100 951 3158 audivi
997 3115 1212 3156 verum
1255 3097 1433 3171 plura
1460 3101 1761 3155 noverunt
1787 3098 1963 3171 215
2005 3097 2111 3171 qui
2147 3096 2241 3154 his
2271 3126 2311 3182 ρ

577 3189 1018 3261 investigandis
1035 3202 1290 3262 operam
1301 3190 1626 3255 navarunt,
1648 3186 1736 3243 sic
1748 3191 1815 3243 ut
1837 3201 1910 3243 ex
1938 3186 2033 3243 his
2060 3185 2240 3244 etiam

578 3296 790 3341 verum
814 3294 949 3336 esse
977 3276 1332 3334 ostendatur
1354 3275 1521 3349 quod
1551 3274 1831 3332 dicimus.
1861 3274 1920 3333 Si
1944 3275 2106 3333 enim
2134 3291 2240 3332 eo-

578 3385 719 3428 rum
747 3368 856 3443 qui
884 3366 966 3424 ad
993 3382 1183 3423 unum
1207 3370 1427 3423 nutum
1462 3364 1819 3438 respiciunt,
1852 3368 1913 3421 et
1950 3379 2091 3436 rege
2114 3380 2240 3422 uno

580 3462 852 3527 utuntur,
884 3455 1170 3530 proprius
1200 3458 1288 3511 est
1314 3453 1468 3511 ordo
1510 3457 1709 3511 rectus
1760 3457 1942 3526 atque
1979 3468 2239 3510 consen-

579 3565 721 3605 sus:
749 3548 878 3604 sine
901 3544 1090 3603 dubio
1119 3544 1420 3602 dissensio
1444 3543 1645 3601 omnis
1682 3547 1742 3601 et
1791 3542 2008 3600 seditio
2062 3558 2240 3614 argu-

580 3641 785 3696 mento
803 3640 914 3706 est,
930 3651 1055 3692 non
1080 3648 1214 3691 esse
1233 3633 1341 3707 qui
1370 3633 1643 3707 imperet.
1661 3635 1865 3706 Itaque
1888 3632 2005 3690 hac
2024 3632 2239 3693 eadem

577 3728 831 3795 ratione,
855 3723 1158 3797 ejusmodi
1189 3721 1486 3779 dissensio
1521 3726 1736 3780 mutua
1779 3738 1918 3795 quas
1967 3722 2029 3778 in
2057 3721 2238 3779 nobis

576 3816 871 3890 reperitur
885 3820 1010 3872 tam
1026 3812 1323 3871 adversus
1337 3811 1578 3868 Domini
1595 3815 1919 3884 prmeepta,
1935 3826 2125 3883 quam
2135 3811 2238 3868 ad—

575 3922 786 3965 versus
815 3902 1250 3976 nosmetipsos,
1269 3899 1494 3958 indicio
1522 3901 1619 3966 sit,
1652 3916 1766 3958 nos
1797 3904 1901 3957 aut
1926 3916 2072 3957 vero
2095 3915 2237 3971 rege

577 3994 899 4053 secessisse
933 3992 1107 4064 juxta
1134 3989 1313 4046 illud:
1355 3990 1613 4046 Tantum
1641 3990 1747 4061 qui
1771 3994 1931 4045 tenet
1956 4004 2138 4056 nunc,
2159 3994 2237 4045 te-

573 4090 735 4157 neat,
755 4084 943 4140 donec
961 4079 1282 4138 abcesserit
1307 4080 1349 4114 ¹⁷
1382 4094 1396 4134 :
1439 4082 1547 4135 aut
1575 4093 1716 4134 eum
1753 4092 1980 4148 negare
2026 4093 2235 4135 secun-

1972 302 2031 359 S.
2072 298 2322 357 BASILII
2358 300 2578 359 MAGNI

3857 313 3975 369 656

2373 422 2835 501 πολυπραγμονῶν,
2896 427 2963 490 εἰς
3010 434 3219 503 μνήμην
3273 426 3427 488 ἦλθον
3489 441 3590 496 τῆς
3647 433 3840 508 βίϐλου
3877 447 3981 495 τῶν

2375 521 2598 599 Κριτῶν,
2656 518 2974 592 ίστορούσης
3020 520 3131 593 μὲν,
3174 520 3254 571 ὅτι
3306 520 3524 584 ἕκαστος
3588 526 3648 576 τό
3717 524 3862 587 εὗθὲς
3928 526 3978 579 ἐν

2371 601 2657 677 ὀφθαλμοῖς
2681 605 2840 658 αὐτοῦ
2881 605 3059 675 ἐποίει,
3094 603 3364 669 δηλούσης
3415 607 3474 663 δὲ
3524 616 3616 664 καὶ
3656 619 3752 672 τὴν
3802 615 3977 668 αἰτίαν

2368 689 2418 743 ἕν
2465 699 2537 764 τῷ
2586 694 2741 748 εἰπεῖν
2795 696 2909 767 (47)
2961 697 3060 764 ὅτι,
3108 696 3192 750 Ἐν
3264 704 3379 761 ταῖς
3460 701 3681 776 ἡμέραις
3756 702 3981 769 ἐκείναις

2367 779 2460 834 οὐκ
2507 778 2570 840 ἦν
2624 782 2875 856 βασιλεὺς
2940 784 2989 837 ἐν
3062 784 3296 862 Ἰσραήλ.
3370 790 3578 842 Τούτων
3632 796 3807 844 τοίνυν
3868 792 3980 848 ἐπι·

2366 872 2638 943 μνησθεὶς,
2689 871 3005 947 ἐλογισάμην
3054 880 3143 929 καὶ
3188 879 3309 950 περὶ
3351 885 3451 929 τῶν
3487 882 3756 955 παρόντων
3788 881 3972 950 ἐκεῖνο,

2367 960 2489 1034 ὅπερ
2538 961 2695 1014 εἰπεῖν
2743 966 2835 1036 μὲν
2888 963 3099 1037 φοϐερόν
3150 968 3281 1027 ἴσως
3326 971 3416 1020 καὶ
3453 966 3774 1043 παράδοξον,
3808 991 3971 1025 κατα-

2365 1059 2554 1109 νοῆσαι
2602 1047 2662 1104 δε
2720 1049 3071 1111 ἀληθέστατον
3099 1074 3113 1088 -
3173 1056 3255 1107 ὅτι
3302 1060 3503 1128 μήποτε
3557 1064 3647 1111 καὶ
3684 1067 3774 1111 νυν
3828 1064 3979 1136 παρὰ

2364 1142 2458 1197 τὴν
2514 1146 2606 1191 τοῦ
2649 1139 2760 1201 ἑνὸς
2805 1144 2891 1194 καὶ
2938 1141 3161 1215 μεγάλου
3219 1152 3313 1196 τοῦ
3370 1143 3618 1203 ἀληθινοῦ
3673 1152 3762 1200 καὶ
3810 1156 3975 1223 μόνου

2363 1233 2463 1279 τῶν
2511 1227 2637 1280 ὅλων
2696 1227 2957 1302 βασιλίως
3004 1236 3095 1285 καὶ
3139 1240 3270 1285 Θεοῦ
3315 1232 3563 1293 ἀθέτησιν
3627 1238 3658 1295 ἠ
3729 1242 3974 1299 τοσαύτη

2363 1310 2623 1388 διαφωνία
2671 1322 2762 1371 καὶ
2817 1321 2971 1392 μάχη
3031 1328 3131 1375 τῶν
3184 1319 3233 1373 ἐν
3281 1330 3342 1395 τῇ
3396 1322 3682 1398 Ἐκκλησία
3737 1331 3972 1399 γίνεται,

2362 1405 2581 1457 ἑκάστου
2628 1415 2727 1469 τῆς
2770 1410 2861 1480 μεν
2899 1427 2990 1461 του
3040 1415 3234 1485 Κυρίου
3286 1412 3432 1484 ἡμῶν
3489 1414 3664 1471 Ἰησου
3722 1424 3972 1489 Χριστου

2361 1489 2718 1557 διδασκαλίας
2789 1494 3162 1570 ἀφισταμένου,
3229 1499 3516 1574 λογισμοὺς
3566 1500 3626 1556 δὲ
3681 1523 3825 1567 τινας
3880 1513 3978 1559 καὶ

2358 1582 2511 1657 ὄρους
2587 1580 2757 1648 ἰδίους
2805 1582 3134 1649 ἐκδικουντος
3188 1586 3241 1651 ἐξ
3287 1588 3577 1659 αὐθεντίας,
3632 1598 3722 1645 καὶ
3769 1594 3977 1667 μᾶλλον

2357 1672 2544 1744 ἄρχειν
2605 1671 2697 1725 ἀπ’
2761 1672 2993 1737 ἐναντίας
3036 1695 3128 1728 του
3185 1681 3401 1753 Κυρίου,
3453 1679 3482 1738 ἦ
3533 1682 3801 1754 ἄρχεσθαι
3859 1685 3975 1737 ὑπό

2280 1777 2320 1831 Β
2355 1778 2446 1812 του
2480 1765 2674 1834 Κυρίου
2704 1761 3040 1836 βουλομένου.
3087 1770 3251 1819 Τουτο
3307 1763 3375 1825 δὴ
3434 1769 3548 1839 (48)
3596 1768 3975 1844 λογισάμενος,

2353 1852 2445 1901 καὶ
2495 1854 2625 1924 πρὸς
2678 1854 2737 1903 τὸ
2794 1851 3109 1927 ὑπερϐάλλον
3164 1860 3260 1916 τῆς
3326 1853 3564 1920 ἀσεϐείας
3620 1857 3974 1932 ἐπτοημένος,

2353 1936 2438 1991 ἰπὶ
2493 1937 2664 1992 πλεῖόν
2706 1959 2760 1993 τε
2812 1940 3040 2015 ἐρευνῶν,
3094 1941 3369 2017 ἕπειθόμην
3431 1942 3581 2000 οὐδεν
3651 1949 3811 2006 ἧττον
3879 1958 3978 2004 καὶ

2354 2024 2409 2080 ίκ
2436 2036 2538 2079 τῶν
2575 2027 2624 2080 ἕν
2648 2036 2722 2100 τῷ
2748 2027 2853 2103 βίῳ
2881 2033 3200 2106 πραγμάτων
3237 2030 3405 2093 ἀληθῆ
3460 2031 3587 2088 εἶναι
3639 2041 3735 2096 τὴν
3782 2057 3979 2114 προει-

2351 2120 2579 2193 ρημένην
2631 2118 2822 2173 αἰτίαν.
2898 2118 3098 2195 Ἐὠρων
3161 2123 3265 2195 γὰρ
3336 2128 3510 2176 πᾶσαν
3578 2128 3669 2198 μὶν
3729 2126 3978 2192 πλήθους

2355 2205 2592 2269 εὐταξίαν
2622 2226 2679 2259 τε
2706 2211 2797 2259 καὶ
2828 2212 3134 2281 συμφωνίαν
3173 2211 3310 2283 ἄχρι
3351 2216 3468 2265 τότε
3509 2216 3969 2289 κατορθουμένων,
4056 2272 4061 2281 ,

2351 2295 2516 2369 ἄχρις
2547 2294 2608 2348 ἀν
2646 2298 2675 2355 7';
2699 2300 2829 2372 πρὸς
2859 2298 2946 2350 ἕνα
2972 2300 3088 2350 τινὰ
3111 2300 3199 2350 τόν
3246 2301 3486 2373 ἄρχοντα
3532 2303 3761 2363 σώζεται
3813 2312 3976 2367 κοινὴ

2350 2392 2451 2436 τῶν
2502 2383 2667 2437 ἄλλων
2696 2386 2814 2457 (49)
2864 2385 3121 2440 εὐπείθεια
3143 2406 3156 2422 ο
3207 2394 3380 2441 πᾶσαν
3428 2386 3489 2443 δὲ
3536 2387 3829 2464 διαφωνίαν
3872 2402 3979 2450 καὶ

2353 2467 2658 2541 διάστασιν,
2715 2476 2791 2527 ἔτι
2837 2493 2892 2528 τε
2945 2474 3298 2550 πολυαρχίαν,
3363 2476 3418 2541 ἕξ
3489 2478 3754 2555 ἀναρχίας
3827 2481 3978 2538 ὁδο-

2350 2567 2685 2635 ποιουμένην.
2734 2563 2866 2635 Ἐγὼ
2916 2561 2975 2617 δὲ
3014 2561 3153 2618 εἶδόν
3200 2585 3324 2619 ποτε
3379 2572 3469 2620 καὶ
3518 2568 3785 2642 μελισσῶν
3830 2574 3980 2635 πλῆ-

2353 2650 2440 2712 θος
2493 2654 2633 2724 νόμῳ
2703 2654 2904 2724 φύσεως
2959 2657 3431 2728 στρατηγούμενον,
3489 2661 3580 2710 καὶ
3635 2662 3981 2716 κατακολου-

2352 2741 2473 2793 θουν
2529 2740 2785 2804 εὐτάκτως
2832 2750 2906 2813 τῷ
2960 2739 3082 2815 ἰδίῳ
3134 2742 3365 2816 βασιλεῖ.
3415 2750 3514 2799 Καὶ
3550 2747 3714 2801 πολλά
3733 2754 3830 2823 μὲν

2349 2847 2568 2881 τοιαυτα
2587 2826 2747 2897 εἶδον,
2779 2829 2946 2884 πολλά
2974 2827 3034 2884 δε
3064 2835 3271 2890 ἧκουαα
3293 2854 3306 2867 ·
3348 2836 3502 2888 ἴσασι
3533 2832 3592 2888 δὲ
3620 2843 3710 2890 καὶ
3740 2838 3981 2895 πλείονα

2349 2919 2399 2970 οἱ
2435 2922 2550 2994 περὶ
2594 2938 2764 2972 ταυτα
2809 2919 3188 2994 ἡσχολημίνοι,
3238 2925 3308 2985 ὡς
3348 2928 3438 2976 καὶ
3485 2922 3540 2977 ἔκ
3579 2929 3778 2979 τούτων
3831 2927 3982 2991 ἁλη-

2353 3008 2434 3069 θες
2485 3003 2796 3061 δείκνυσθαι
2850 3012 2910 3061 τὸ
2965 3008 3257 3084 λεγόμενον.
3308 3011 3370 3064 Εἰ
3413 3014 3515 3088 γὰρ
3572 3023 3673 3066 τῶν
3720 3020 3866 3090 πρὸς
3918 3020 3977 3073 ἓν

2348 3114 2511 3169 νευμα
2557 3095 2965 3166 ἀποϐλεπόντων,
3009 3103 3099 3151 καὶ
3139 3097 3352 3172 βασιλεῖ
3377 3107 3661 3176 χρωμένων
3680 3104 3779 3173 ἐνὶ,
3812 3105 3980 3163 ἴδιον

2350 3185 2560 3251 εὐταξία
2604 3190 2735 3262 μετά
2784 3192 3088 3261 συμφωνίας
3118 3209 3133 3224 ο
3209 3192 3314 3266 ἄρα
3360 3188 3619 3264 διαφωνία
3657 3202 3814 3250 πᾶσα
3870 3205 3978 3254 καὶ

2350 3271 2635 3338 διάστασις
2664 3284 2880 3349 σημεῖον
2910 3275 3191 3351 ἀναρχίας.
3226 3283 3372 3333 Κατὰ
3401 3277 3471 3340 δὴ
3501 3283 3617 3353 (-50)
3658 3287 3749 3337 τὸν
3794 3287 3979 3342 αὐτὸν

2346 3363 2518 3438 λόγον,
2572 3366 2604 3425 ἡ
2662 3368 2879 3424 τοιαύτη
2926 3368 3056 3441 πρός
3118 3386 3175 3421 τε
3224 3371 3319 3432 τὰς
3370 3368 3574 3434 ίντολὰς
3617 3391 3709 3425 του
3754 3382 3978 3451 Κυρίου

2346 3460 2438 3509 καὶ
2490 3458 2622 3529 πρὸς
2678 3453 2932 3518 ἀλλήλους
2970 3452 3232 3529 διαφωνία
3264 3462 3354 3512 καὶ
3400 3458 3449 3512 ἕν
3517 3463 3643 3535 ἡμῖν
3710 3466 3978 3539 εὑρισκο-

2346 3548 2470 3618 μένη
2528 3548 2874 3618 κατηγόρημα
2924 3543 2985 3596 ἂν
3033 3548 3108 3603 εἰη
3160 3547 3188 3605 ἣ
3243 3544 3631 3623 ἀναχωρήσεως
3676 3571 3772 3605 του
3835 3553 3981 3616 ἁλι-

2350 3634 2492 3686 θινου
2550 3631 2830 3705 βασιλέως,
2886 3634 3021 3686 κατά
3074 3636 3134 3686 τό
3166 3654 3181 3667 ·
3232 3638 3398 3689 Μόνον
3445 3637 3473 3689 ό
3516 3643 3760 3711 κατέχων
3806 3644 3974 3718 ἄρτι,

2348 3723 2439 3785 ἕως
2491 3721 2552 3774 ἂν
2592 3720 2646 3774 ἐκ
2672 3723 2787 3792 (51)
2837 3726 3000 3795 μέσον
3057 3727 3308 3793 γίνηταιο
3355 3725 3383 3784 ἣ
3445 3724 3712 3800 ἀρνήσεως
3764 3731 3972 3805 αὐτου,

2345 3814 2479 3864 κατά
2504 3816 2564 3864 τό
2587 3832 2602 3845 ·
2648 3813 2798 3865 Εἶπεν
2826 3813 2998 3885 ἄφρων
3030 3810 3077 3864 ἓν
3200 3811 3399 3888 καρδίᾳ
3420 3815 3581 3869 αὐτου
3615 3859 3628 3872 .
3685 3818 3805 3871 Οὐκ
3845 3824 3974 3877 ἔστι

2347 3905 2497 3963 Θεός.
2546 3902 2622 3953 Οὗ
2675 3903 2906 3974 καθάπερ
2967 3906 3183 3975 σημεῖόν
3237 3922 3290 3955 τι
3340 3905 3370 3962 ἦ
3435 3903 3649 3977 ἕλιγχον
3719 3907 3972 3987 ἐπιφέρίί
4004 3914 4019 3919 “

2345 3994 2403 4042 τό
2438 4011 2451 4024 ο
2517 3992 2897 4064 Διφῡάρησαν,
2948 3994 3036 4042 καὶ
3093 3987 3492 4063 ἐϐδελύχθησαν
3540 3992 3588 4046 ἕν
3656 3996 3969 4056 ἐπιτηδεύ-

2345 4098 2527 4153 μασιν.

567 4175 717 4232 dum
742 4172 918 4230 illud:
950 4170 1121 4227 Dixit
1142 4170 1428 4239 insipiens
1448 4169 1513 4224 in
1529 4167 1709 4225 corde
1732 4182 1871 4223 suo:
1891 4167 2025 4224 Non
2055 4173 2142 4224 est
2162 4169 2320 4227 Deus
2339 4171 2405 4225 εδ.
2426 4168 2607 4239 Cujus
2634 4166 2719 4224 rei
2743 4167 2921 4240 quasi
2947 4168 3263 4243 quoddam
3294 4169 3537 4242 signum
3582 4189 3687 4231 seu
3757 4192 3964 4250 argu-

570 4267 848 4321 mentum
866 4259 1184 4333 subjungit
1201 4257 1376 4315 illud:
1407 4258 1702 4327 Corrupit
1729 4262 1894 4326 sunt,
1925 4262 1981 4314 et
2011 4256 2619 4329 abaminabilesfacti
2639 4259 2861 4314 suntin
2881 4259 3100 4316 stud-iis
3121 4261 3245 4316 suis
3262 4262 3332 4316 ".

638 4357 693 4408 3.
725 4352 826 4408 Hic
856 4349 1036 4421 igitur
1062 4346 1395 4421 nequitiam
1427 4361 1588 4416 eam,
1619 4360 1757 4420 qum
1805 4349 2079 4419 apparet,
2112 4344 2228 4403 im-
2259 4369 2307 4426 ι)

566 4439 802 4514 pietatis
831 4438 1403 4510 ejus,quaelatenter
1418 4435 1479 4492 in
1497 4436 1701 4493 animo
1723 4434 2030 4505 delitescit,
2053 4435 2229 4508 quasi

566 4530 810 4601 signum
836 4541 968 4583 esse
999 4526 1259 4583 ostendit
1286 4524 1610 4599 Scriptura.
1656 4529 1727 4582 At
1753 4524 1971 4582 beatus
1990 4530 2229 4598 aposto-

561 4617 660 4675 lus
691 4614 911 4673 Paulus
940 4614 1120 4671 corde
1151 4615 1417 4688 perditos
1446 4613 1526 4671 ad
1556 4614 1833 4671 timorem
1855 4612 2228 4684 judiciorum

562 4706 667 4764 Dei
686 4701 1102 4762 vehementius
1129 4703 1510 4772 reducturus,
1541 4702 1604 4758 id
1631 4716 1828 4777 poenas
1850 4700 1984 4758 loco
2013 4701 2230 4759 consti-

558 4797 763 4871 tuit,ut
782 4793 886 4869 qui
912 4808 1123 4850 veram
1156 4792 1256 4849 Dei
1280 4791 1689 4863 cognitionem
1718 4790 2110 4864 neglexerint,
2142 4791 2228 4849 ita

628 4924 675 4959 ¹⁶
702 4919 892 4978 Judic.
920 4934 1047 4984 xxx,
1068 4920 1157 4975 24.
1235 4918 1278 4954 ¹⁷
1312 4917 1361 4972 ΙΙ
1388 4917 1591 4974 Thess.
1624 4933 1685 4988 ιι,
1718 4922 1771 4972 7.
1853 4917 1897 4954 ⁸⁸
1932 4915 2084 4974 Psal.
2112 4920 2240 4986 xm,

628 5047 743 5118 (47)
771 5046 867 5104 Sic
895 5043 1087 5102 codex
1123 5041 1484 5118 Combef_et
1520 5045 1662 5118 Reg.
1696 5042 1951 5118 primus.
1974 5043 2048 5100 At
2065 5046 2208 5115 Reg.

544 5110 761 5180 tertius
791 5122 848 5175 et
876 5121 1131 5189 utraque
1155 5114 1337 5173 editio
1377 5110 1646 5189 δηλούσρἦς
1690 5110 1749 5189 δί
1797 5115 1909 5188 οἶμα
1957 5118 2049 5189 καί
2096 5110 2192 5189 re}

552 5194 721 5247 αἰτίαν
761 5190 809 5262 ἂν
856 5196 929 5259 τῷ
976 5187 1259 5262 προειπεῖν,
1286 5192 1472 5262 Διιιιιιιε
1500 5187 1681 5244 etiam
1704 5187 2209 5245 haec’vaticinatio

545 5264 730 5320 simul
750 5258 1027 5317 declarat
1043 5262 1173 5330 ejus
1204 5258 1297 5316 rei
1317 5273 1592 5330 causam.

621 5334 908 5411 «ames.
936 5327 1170 5411 ρνξιὴυε
1198 5327 1464 5411 τφιέτοδέ.

618 5398 728 5471 (49)
751 5398 913 5473 Regii
938 5398 1172 5473 primus
1192 5406 1250 5457 et
1268 5402 1478 5473 tertius
1498 5408 1598 5473 τῶν
1629 5399 1779 5463 ὅλων,
1824 5403 1883 5455 et
1923 5398 2007 5473 ita
2028 5414 2205 5473 quo-

542 5470 960 5547 quelegiturin
985 5474 1259 5547 margine
1279 5472 1562 5547 editionis
1576 5470 2013 5528 VenetaeJlaud
2028 5470 2206 5542 longe

547 5541 690 5616 Reg.
715 5543 950 5616 primus
977 5541 1238 5616 ἀναρχίας
1260 5543 1676 5616 εἰσποιουμένην.

609 5610 737 5695 (ξοῖ
760 5616 903 5686 Reg.
925 5610 1147 5671 tertius
1170 5616 1307 5668 κατά
1334 5610 1414 5670 δέ.
1461 5610 1594 5673 Mox
1618 5612 1814 5673 codex
1834 5612 2110 5674 Combef.
2148 5618 2208 5674 et

2412 4352 2462 4404 3.
2496 4348 2731 4399 Ενταυθα
2763 4351 2853 4420 μὲν
2898 4344 2986 4400 οὖν
3025 4350 3199 4423 ὥσπερ
3256 4359 3578 4427 χαρακτῆρα
3619 4362 3717 4415 τῆς
3769 4362 3964 4412 τοιαύ-

2338 4454 2432 4497 της
2482 4433 2717 4499 ἀσεϐείας
2751 4439 2888 4489 κατὰ
2924 4440 2984 4489 τὸ
3021 4436 3237 4500 λεληθὸς
3283 4437 3682 4513 ἐμφω).ευούσης
3856 4446 3969 4518 φη,

2335 4534 2411 4599 xi;
2472 4530 2565 4585 τὴν
2603 4524 2995 4600 ἐπιφαινομένην
3035 4532 3220 4581 κακίαν
3270 4530 3295 4581 ό
3342 4528 3492 4602 λόγος
3541 4528 3847 4596 ἀπέδειξεν.
3894 4536 3961 4590 Ὀ

2334 4634 2394 4687 γε
2449 4619 2551 4689 μην
2610 4619 2863 4692 μακάριος
2933 4617 3221 4681 ἀπόστολος
3289 4620 3512 4688 Παυλος,
3588 4619 3959 4700 σφοδρότερον

2335 4701 2655 4778 ἐπιστρέφων
2702 4706 2776 4769 εἰς
2832 4706 2985 4779 φόϐον
3030 4715 3127 4761 τῶν
3183 4726 3275 4761 τον
3324 4717 3457 4762 Bson
3504 4712 3781 4784 κριμάτων
3834 4720 3962 4776 τοὺς

2334 4789 2719 4855 ἀπολωλεκότας
2746 4797 2857 4871 (52)
2889 4801 2978 4858 τὴν
3021 4794 3269 4872 καρδίαν,
3311 4817 3463 4853 τουτο
3511 4796 3629 4855 ἀντὶ
3681 4810 3963 4880 τιμωρίας

2277 4921 2324 4974 l.
2406 4918 2450 4954 ¹⁸
2482 4917 2632 4975 ibid.

2322 5039 2423 5120 alii
2446 5041 2570 5120 duo
2591 5048 2679 5120 καὶ
2710 5044 2757 5098 ἐν
2789 5045 2934 5120 ἡμῖν.
2976 5046 3200 5106 Vocula
3221 5053 3312 5103 καί
3340 5048 3511 5108 deest
3555 5047 3623 5107 in
3675 5050 3959 5111 editione

2323 5111 2669 5172 Parisiensi.
2824 5111 2834 5120 ’
2882 5136 2885 5137 ⁷

2399 5187 2781 5268 (51)Antiqui
2809 5188 3301 5268 duolibriiméz.
3364 5195 3627 5268 Utraque
3675 5195 3863 5253 editio
3884 5201 3960 5255 et

2320 5274 2480 5318 unus
2504 5259 2811 5323 codex'imq
2838 5262 2919 5326 ἄν,
2941 5261 3132 5320 donec
3156 5266 3484 5322 secesserit.

2388 5335 2503 5413 (an
2525 5333 2783 5405 Utraque
2812 5331 2993 5413 editio
3015 5340 3069 5391 et
3092 5337 3232 5403 Reg.
3256 5335 3467 5413 tertius
3501 5340 3630 5413 τοὺς
3666 5343 3741 5413 μὴ
3777 5337 3922 5413 ἀπο-

2322 5405 2626 5483 iusim-ritur,
2657 5418 2750 5483 eos
2771 5405 2879 5483 qui
2906 5420 3025 5483 non
3044 5413 3197 5483 sunt
3223 5407 3401 5463 corde
3449 5405 3699 5483 perditi.
3728 5411 3953 5483 Codex

2319 5473 2587 5549 Combef.
2612 5479 2739 5549 τοὺς
2762 5473 3191 5549 ἀπολωλεκὸς-αλ
3219 5493 3312 5534 eos
3358 5473 3464 5549 qui
3492 5480 3736 5547 perditi
3790 5489 3951 5538 sunt

2316 5548 2495 5603 corde
2510 5551 2605 5617 ,jet
2623 5547 2707 5602 ita
2725 5546 2843 5617 legi
2864 5546 3083 5605 debere
3108 5546 3816 5609 arbitramur.l'articuia
3836 5568 3951 5608 ue-

2317 5631 2473 5690 gans
2505 5615 2677 5674 deest
2705 5615 2954 5692 quoque
2980 5618 3044 5678 in
3074 5621 3217 5692 Reg.
3250 5619 3470 5694 primo.
