4100 6196
202 224 294 300 es?

1559 250 1650 307 DE
1704 248 1978 309 JUDlCIO
2028 251 2165 310 DEI.

3439 254 3549 309 658

200 368 437 444 ὁρίζεται,
465 365 925 432 καταδικάζεσθαι
975 376 1091 434 τοὺς
1146 382 1239 436 τῆς
1286 373 1513 439 ἀληθοῦς
1566 376 1749 448 θεογιω

1857 417 1866 431 .
1894 376 2393 436 condemnentur.
2427 378 2580 445 Quid
2601 360 2765 435 enim
2783 376 2972 434 dicit?
2992 377 3071 433 Et
3091 375 3249 433 sicut
3271 390 3392 432 non
3409 390 3557 447 pro-

202 460 307 518 σίας
336 456 682 530 ὶμάηκότας.
734 465 799 513 Τί
840 464 941 534 γάρ
974 478 1145 535 onst;
1203 468 1303 517 Καὶ
1345 466 1519 526 καθὼς
1547 463 1641 517 ούκ
1672 460 1787 516 ἕδο-

195 550 411 619 κίμασαν
494 551 583 600 τὸν
656 551 785 602 Θεὸν
858 552 998 623 ἔχειν
1065 551 1116 605 ἕν
1175 550 1467 626 ἐπιγνώσει,
1538 549 1786 629 παρίδω-

193 654 269 688 κεν
330 636 519 700 αὐτοὺς
578 638 605 690 ὁ
660 642 785 700 Θεὸς
848 639 918 702 εἰς
985 637 1240 717 ἀδόκιμον
1296 650 1437 710 νοῦν,
1493 649 1656 696 ποιεῖν
1720 643 1786 695 τά

188 729 255 797 μὴ
340 724 683 795 καθήκοντα,
764 728 1193 805 πεπληρωμένους
1264 733 1441 792 πάσης
1523 727 1777 799 ἀδικίας,

171 820 465 888 πονηρίας,
538 815 867 884 πλεονεξίας,
939 823 1160 889 κακίας,
1242 823 1468 894 μεστούς
1551 822 1777 894 φθόνου,

185 909 266 956 καί
320 913 420 956 τῶν
477 904 563 969 ἐξῆ
575 925 615 967 ς.
649 911 749 959 Καὶ
804 914 957 961 τοῦτο
986 913 1276 967 νενοηκέναι
1320 906 1469 983 οἶμαι
1494 913 1582 962 τὸν
1614 908 1777 961 ’Λπό-

185 992 356 1046 στολον
402 996 462 1046 τὸ
510 1001 695 1070 κρῖμα,
729 994 824 1048 ούκ
870 997 984 1069 (53)
1023 995 1107 1070 ἀφ’
1160 998 1345 1051 ἑαυτοῦ
1395 998 1644 1075 (Χριστόν
1676 1000 1777 1073 γὰρ

182 1079 313 1154 εἶχεν
361 1082 410 1135 ἰν
468 1084 634 1155 ἐαυτῷ
684 1083 980 1157 λαλοῦντα),
1030 1085 1137 1139 ἀλλ’
1169 1085 1223 1152 ἕξ
1248 1086 1441 1149 ἐκείνης
1480 1088 1639 1140 αὐτοῦ
1682 1096 1778 1150 τῆς

180 1180 343 1245 φωνῆς
382 1170 737 1245 ὀδηγηθέντα,
783 1174 838 1233 in
962 1195 1094 1249 φησι
1119 1172 1213 1229 διὰ
1241 1184 1395 1229 τοῦτο
1447 1174 1495 1229 ἓν
1534 1174 1774 1252 παραϐο-

176 1261 283 1325 λαῖς
330 1261 502 1314 λαλεῖν
530 1271 641 1325 τοῖς
672 1263 877 1337 ὄχλοις,
918 1266 1001 1317 ἶνα
1028 1270 1099 1338 μὴ
1139 1270 1374 1325 νοήσωσι
1412 1267 1477 1319 τά
1525 1267 1636 1319 θεῖα
1680 1272 1772 1319 τοῦ

173 1350 490 1422 εὐαγγελίου
564 1357 866 1427 μαστήρια,
932 1356 1013 1406 ὄτι
1079 1355 1369 1427 φθάσαντες
1442 1354 1590 1407 αύτοὶ
1653 1358 1773 1417 τοὺς

174 1438 467 1513 ὀφθαλμούς
525 1440 690 1494 αύτων
748 1440 1076 1516 ίκάμμυσαν,
1128 1449 1218 1497 καὶ
1272 1449 1384 1506 τοῖς
1437 1443 1539 1496 ὡσι
1571 1442 1770 1518 βαρέως

170 1532 426 1597 ἤκουσαν,
455 1535 549 1582 καί
606 1529 882 1603 ἐπαχύνθη
940 1534 970 1591 ἡ
1028 1531 1274 1596 ἀσύνετος
1313 1533 1481 1587 αύτῶν
1533 1530 1766 1609 καρδία·

171 1618 248 1670 ἕνα
304 1620 509 1690 ἔχωσιν
564 1617 678 1673 ἀντὶ
733 1618 993 1697 τιμωρίας
1050 1623 1319 1695 ύπομένειν
1383 1626 1478 1681 τὴν
1516 1626 1654 1698 -περὶ
1700 1623 1768 1674 τά

1894 465 2187 523 baverunt
2214 468 2400 523 Deum
2435 467 2655 525 habere
2698 469 2763 523 in
2800 467 3019 522 notitia
3063 482 3077 521 :
3119 463 3379 522 tradidit
3417 464 3556 521 illos

1890 559 2043 612 Deus
2082 556 2147 612 in
2181 556 2503 628 reprobam
2547 572 2806 624 sensum,
2828 561 2897 612 ut
2917 555 3162 626 faciant
3181 568 3250 612 ea
3270 568 3404 627 quae
3432 568 3554 611 non

1890 647 2537 717 conveniunt,repletos
2560 649 2725 703 omni
2742 644 3553 718 iniquitate,malitza,avari-

1888 733 1997 801 tia,
2013 735 2521 805 nequitia,plenos
2534 735 2767 792 invidia
2778 734 3336 805 ’°,etc.Quanquam
3360 736 3552 805 Apos-

1886 820 2075 878 tolum
2096 804 2358 879 arbitror
2393 836 2519 881 non
2544 838 2581 879 a
2614 822 2939 895 semetipso
2970 804 3348 891 excogitasse
3380 804 3548 891 judi-

1884 909 2046 967 cium
2084 911 2199 967 hoc
2238 911 2562 984 (Christum
2598 913 2760 969 enim
2793 911 2854 967 in
2886 926 2948 966 se
2981 910 3330 984 loquentem
3350 908 3546 965 habe-

1883 998 2094 1072 bat“),
2125 1000 2233 1056 sed
2267 1000 2587 1057 inductum
2615 1000 2718 1057 illa
2736 1015 2888 1057 voce
2922 998 3098 1065 illius,
3121 1013 3247 1071 qua
3280 996 3443 1063 dicit,
3475 1012 3540 1053 se

1882 1087 2020 1144 ideo
2044 1088 2105 1144 in
2126 1088 2435 1161 parabolis
2459 1088 2627 1163 loqui
2651 1089 2730 1146 ad
2751 1087 2985 1155 turbas,
3019 1092 3176 1143 utne
3202 1084 3543 1156 intelligant

1880 1176 2085 1234 divina
2106 1178 2408 1248 Evangelii
2442 1177 2730 1251 mysteria
2742 1180 2813 1245 ³³,
2835 1175 3130 1249 quoniam
3169 1174 3400 1247 priores
3420 1173 3538 1248 ipsi

1879 1265 2088 1322 oculos
2106 1283 2251 1323 suos
2272 1266 2638 1333 clauserant,
2653 1265 3023 1339 auribusque
3047 1263 3305 1334 graviter
3324 1263 3536 1319 audie-

1876 1359 2035 1425 rant,
2059 1360 2116 1412 et
2132 1356 2536 1412 incrassatum
2559 1359 2685 1412 erat
2705 1354 3000 1428 insipiens
3022 1369 3125 1409 cor
3145 1366 3354 1408 eorum
3366 1351 3442 1408 ’δε
3465 1352 3535 1408 ut

1873 1444 2004 1502 vice
2024 1461 2219 1519 paenae
2241 1446 2302 1501 in
2324 1446 2659 1518 majoribus
2696 1445 3016 1501 sufferrent
3052 1442 3400 1508 caecitatem,
3426 1439 3533 1514 qui

1872 1534 2094 1591 scilicet
2113 1535 2365 1609 priores,
2384 1535 2579 1592 oculis
2596 1534 2784 1592 animi
2808 1532 3164 1604 obscuratis,
3185 1535 3396 1605 sponte
3422 1545 3531 1586 ex-

1870 1623 2076 1681 caacati
2106 1629 2303 1681 essent
2345 1640 2359 1680 :
2392 1623 2563 1697 quod
2608 1622 2737 1698 pati
2764 1623 2991 1679 veritus
3028 1620 3218 1677 David
3246 1617 3524 1677 dicebat:

166 1707 379 1778 μείζονα
433 1706 705 1780 «iambicus,
761 1708 832 1777 οἳ,
891 1712 1285 1787 προφθάσαντες
1338 1712 1446 1782 (54)
1495 1710 1749 1779 ἑκουσίως,

1866 1713 2162 1771 Illumina
2181 1714 2383 1769 oculos
2428 1728 2602 1785 meos,
2636 1727 2713 1769 ne
2749 1727 3017 1783 unquam
3057 1709 3429 1766 obdormiam
3459 1710 3523 1764 in

165 1799 221 1848 τὸ
270 1796 422 1869 ὄμμα
449 1804 544 1860 τῆς
572 1796 765 1869 ψυχῆς
803 1796 1283 1873 ἀποτυφλώσαντες,
1330 1798 1717 1857 ὶσκοτίσθησαν
1745 1821 1759 1835 ·

166 1887 285 1960 ὅπερ
341 1888 369 1938 ὀ
427 1883 596 1940 Δαϐὶδ
652 1886 964 1961 φοϐούμενος
1022 1891 1227 1960 παθεῖν,
1275 1889 1411 1961 ἔλεγε
1457 1909 1471 1924 ·
1531 1894 1762 1943 Φὼτισον

164 1979 279 2035 τοὺς
334 1974 636 2050 ὁγθαλμούς
690 1997 815 2050 μου,
873 1982 945 2051 μὴ
1013 1998 1139 2032 ποτε
1191 1981 1415 2032 ύπνὼσω
1473 1978 1544 2040 εἰς
1609 1980 1763 2031 θάνα-

162 2082 270 2119 τον.
323 2064 417 2117 Ἐκ
645 2062 733 2118 οὖν
805 2068 999 2120 τούτων
1069 2071 1158 2119 καὶ
1227 2070 1475 2120 τοιούτων
1549 2069 1760 2143 φανερόν

172 2151 307 2205 εἶναι
353 2152 676 2228 ὶλογιζόμην,
745 2157 828 2209 ὅτι
892 2156 1116 2210 καθόλου
1169 2159 1259 2230 μὶν
1314 2158 1345 2215 ἡ
1416 2164 1518 2208 τῶν
1580 2158 1760 2209 παθῶν

166 2246 329 2294 κακία
374 2239 465 2295 διὰ
511 2252 610 2305 τῆς
646 2248 768 2320 περὶ
813 2253 948 2299 Θεοῦ
987 2243 1252 2320 ἀγνωσίας
1280 2241 1536 2319 ἀδόκιμον
1564 2255 1759 2318 γνῶσιν

172 2330 426 2390 ίντίθησιν
477 2334 614 2402 (55)’
673 2330 827 2396 ἰδίως
880 2331 942 2388 δέ
997 2336 1028 2394 ἠ
1098 2332 1357 2408 διαφωνία
1419 2343 1520 2387 τῶν
1561 2334 1759 2388 πολλῶν

174 2423 289 2492 πρὸς
316 2419 586 2491 anilem,
620 2417 717 2475 διά
756 2426 816 2475 τὸ
874 2421 1109 2486 ἀναξίους
1154 2425 1295 2497 ἡμᾶς
1340 2423 1557 2486 ἕαυτοῦς
1593 2442 1757 2476 κατα-

172 2512 417 2562 σκευάσαι
457 2518 555 2573 τῆς
609 2518 704 2564 τοῦ
747 2517 943 2587 Κυρίου
988 2511 1323 2581 ἕπιστασίας,
1370 2511 1753 2586 ίπισυμϐαίνει.

169 2600 288 2672 Πρός
317 2594 380 2652 δέ
418 2602 517 2658 τήν
557 2598 832 2672 ὶπίοκεψιν
881 2607 974 2653 τοῦ
1020 2604 1261 2654 τοιούτου
1311 2599 1434 2674 βίου
1466 2603 1635 2653 είποτε
1683 2597 1752 2660 δὴ

160 2691 241 2739 καί
280 2685 444 2740 aeds
488 2686 899 2763 ἐϐουλευσάμην,
935 2693 1053 2744 οὔτε
1076 2697 1276 2765 μετρεῖν
1317 2688 1460 2763 εἶχον
1489 2694 1547 2743 τὸ
1595 2694 1752 2764 μίγε-

158 2775 240 2836 θος
284 2783 383 2837 τῆς
428 2778 677 2838 τοιαύτης
720 2775 1093 2845 ἀναισθησίας,
1144 2779 1175 2838 ἢ
1239 2776 1471 2851 ἀλογίας,
1534 2779 1563 2838 ᾖ
1617 2776 1751 2831 ἀπο-

152 2867 307 2931 νοίας,
335 2865 367 2922 ἦ
403 2860 503 2917 διὰ
542 2868 602 2917 τό
648 2865 965 2941 ὑπερϐάλλον
992 2876 1086 2929 τῆς
1112 2872 1304 2931 κακίας
1340 2866 1435 2921 ούκ
1475 2870 1585 2939 ἲχω
1636 2866 1753 2941 (56)

152 2958 200 3003 τί
244 2956 392 3010 εἴπω.
444 2953 507 3007 Εἰ
546 2956 649 3029 γὰρ
697 2954 790 3007 καί
839 2954 890 3008 ἐν
930 2954 1133 3029 ἀλόγοις
1160 2960 1297 3010 οὕτω
1333 2957 1750 3032 κατορθουμίνην

1867 1808 2058 1859 morte
2075 1804 2142 1853 ³⁸.
2173 1804 2256 1858 Ex
2276 1802 2371 1858 his
2395 1802 2578 1872 igitur
2600 1805 2783 1875 atque
2802 1797 3102 1856 similibus
3120 1799 3351 1873 liquere
3363 1795 3527 1869 judi-

1866 1891 2175 1963 cabam,in
2196 1890 2433 1947 univers
2444 1907 2546 1947 um
2561 1890 2811 1964 quidem
2827 1887 3153 1963 reprobam
3170 1886 3522 1960 malamque

1863 1978 2268 2050 cognitionem
2291 1993 2397 2052 per
2418 1978 2519 2035 Dei
2537 1977 2975 2049 ignorationem
2993 1992 3067 2032 ex
3082 1974 3365 2032 vitiorum
3385 1989 3522 2047 pra-

1862 2071 2043 2124 vitate
2090 2067 2280 2124 creari
2312 2084 2327 2125 :
2360 2066 2467 2122 sed
2495 2066 2738 2141 proprie
2775 2070 2983 2123 tamen
3017 2063 3349 2121 multorum
3381 2078 3521 2119 mu-

1865 2160 2032 2214 tuam
2058 2156 2499 2213 dissensionem
2546 2172 2619 2213 ex
2657 2171 2729 2212 eo
2754 2154 3010 2222 evenire,
3041 2151 3209 2227 quod
3236 2150 3522 2222 indignos

1863 2259 1977 2302 nos
1998 2243 2351 2315 reddamus,
2366 2243 2471 2318 qui
2491 2259 2528 2301 a
2555 2243 2809 2300 Domino
2828 2238 3316 2313 regamur.Quod
3335 2238 3385 2295 si
3405 2243 3525 2295 sta-

1862 2333 2113 2392 tuissem
2133 2333 2465 2407 aliquando
2486 2331 2566 2390 ad
2590 2329 2894 2404 ejusmodi
2914 2330 3099 2386 vitam
3120 2326 3523 2386 consideran-

1862 2422 2006 2479 dam
2027 2423 2399 2492 incumbere,
2418 2436 2618 2496 neque
2633 2420 2828 2478 metiri
2853 2424 3128 2493 poteram
3154 2415 3522 2488 magnitudi-

1861 2527 2004 2570 nem
2030 2512 2331 2585 ejusmodi
2377 2512 2663 2586 stuporis,
2710 2509 2803 2567 vel
2832 2507 3382 2575 inconsiderantiaa,
3414 2504 3516 2562 vel

1861 2601 2199 2669 dementiae,
2220 2600 2332 2669 vel,
2364 2614 2501 2675 quae
2539 2603 2629 2657 est
2656 2599 2879 2657 metite:
2908 2597 3207 2667 nimietas,
3248 2609 3369 2668 quo
3399 2592 3519 2650 alio

1860 2690 2160 2748 vocabulo
2187 2690 2511 2764 appellem,
2538 2687 2766 2746 nescio.
2811 2686 3044 2744 Etenim
3074 2684 3125 2741 si
3148 2683 3244 2740 vel
3275 2684 3335 2739 in
3364 2681 3516 2755 ipsis

1859 2778 2053 2837 brutis
2083 2778 2454 2837 animalibus
2473 2782 2750 2836 mutuam
2788 2774 3254 2834 consensionem
3282 2786 3406 2829 non
3435 2770 3517 2827 ob

1862 2868 2028 2926 aliud
2056 2869 2401 2926 conservari
2421 2866 2958 2941 deprehendimus,
2977 2880 3168 2941 quam
3187 2861 3354 2941 quod
3376 2859 3517 2917 duci

1858 2957 2309 3032 obtemperent:
2332 2956 2552 3031 ecquid
2579 2971 2693 3013 nos
2718 2955 2916 3012 dicere
2936 2968 3286 3029 possumus,
3308 2948 3415 3023 qui
3434 2948 3517 3006 ita

160 3044 467 3117 εὑρίσκομεν
517 3048 607 3103 τήν
659 3043 709 3097 ἓν
757 3044 995 3109 ἀλληλοις
1027 3051 1325 3120 συμφωνίαν
1356 3044 1450 3101 διὰ
1476 3051 1572 3105 τὴν
1620 3052 1749 3121 πρός

1857 3047 2010 3105 inter
2037 3062 2152 3105 nos
2173 3046 2557 3108 dissidere,et
2574 3045 2656 3103 ita
2694 3045 2933 3102 Domini
2960 3042 3280 3117 praeceptis
3308 3039 3516 3095 adver-

152 3135 238 3183 τὸν
296 3134 694 3207 καθηγούμενον
724 3133 1029 3188 εὐπείθειαν·
1079 3140 1131 3188 τί
1183 3133 1245 3187 ἀν
1299 3138 1554 3210 εῖνποιμεν
1598 3137 1750 3209 ἡμεῖς

145 3217 195 3272 ἄν
243 3224 482 3294 τοσαύτη
529 3225 621 3295 μεν
680 3230 744 3295 τῇ
794 3226 921 3297 πρὸς
992 3223 1240 3285 ἀλλήλους
1316 3221 1599 3277 διαστάσει
1653 3243 1747 3278 το-

149 3312 309 3381 σαύτη
339 3306 401 3363 δε
437 3316 505 3382 τῇ
538 3314 672 3384 πρὸς
693 3314 785 3372 τὰς
814 3310 1020 3374 ἐντολὰς
1056 3322 1150 3366 τοῦ
1201 3318 1395 3388 Κυρίου
1423 3312 1744 3373 ἔναντιότητι

144 3400 543 3472 εύρισκόμενοις
593 3399 662 3453 ’Ἠ
715 3401 844 3473 ούχὶ
893 3410 1063 3455 ταῦτα
1111 3405 1282 3456 πάντα
1336 3405 1606 3477 ἡγούμεθα
1652 3413 1743 3457 νῦν

136 3494 229 3559 μεν
269 3489 340 3551 εἰς
385 3486 744 3544 διδασκαλίαν
786 3496 876 3544 καὶ
922 3490 1172 3568 ἔντροπην
1215 3494 1466 3568 ἡμετέραν
1491 3494 1609 3564 (57)
1639 3496 1740 3548 ὑπὸ

135 3584 230 3629 τοῦ
259 3576 462 3648 ἀγαθοῦ
512 3586 648 3631 θεοῦ
674 3580 1136 3655 προτεθείσθαι,ίν
1186 3578 1245 3635 δὶ
1289 3589 1350 3655 τῇ
1401 3581 1598 3655 μεγάλῃ
1648 3583 1739 3635 καί

133 3665 325 3739 φοϐερᾲ
366 3677 428 3726 τῆ
444 3687 468 3729 ς
514 3674 742 3744 κρίσεως
790 3672 961 3744 ἡμέρᾳ
1008 3670 1074 3731 εἰς
1122 3670 1387 3744 αἰσχύνην
1438 3676 1528 3723 καί
1567 3674 1734 3724 κατά-

131 3773 307 3828 ιρισιν
354 3766 458 3809 τῶν
529 3762 600 3829 μὴ
658 3754 1045 3833 παιδευομένων
1102 3762 1626 3834 προσενεχθήσεσθαι
1644 3762 1734 3814 ὑπ’

126 3844 291 3897 αύτοῦ
345 3854 442 3899 τοῦ
485 3853 576 3899 καί
623 3849 852 3910 εἰπόντος
893 3845 1025 3918 ἤδη,
1070 3855 1160 3902 καὶ
1210 3850 1443 3924 λέγοντος
1490 3848 1568 3904 ἀεὶ
1605 3853 1687 3904 ὅτι
1715 3872 1729 3886 ·

124 3932 294 4003 Ἐγνυ
367 3932 500 4007 βοῦς
568 3939 656 3988 τὸν
731 3938 1075 4011 κτησάμενον,
1129 3944 1220 3992 καὶ
1275 3942 1384 4000 ὄνος
1441 3943 1538 3997 τὴν
1606 3941 1731 4013 φάτ-

120 4041 216 4078 νην
273 4031 372 4076 τοῦ
441 4029 627 4097 κυρίου
683 4025 883 4078 αὐτοῦ’
959 4026 1173 4100 Ἰσραὴλ
1212 4024 1271 4081 δξ
1326 4046 1390 4101 με
1443 4027 1538 4080 οὐκ
1576 4031 1723 4100 ἔγνω,

117 4116 209 4162 καί
250 4114 279 4165 ὁ
327 4111 459 4175 λαός
514 4132 579 4187 με
629 4113 689 4165 ού
744 4123 955 4181 συνῆκε,
982 4120 1074 4168 καί
1120 4115 1283 4169 πολλὰ
1311 4115 1443 4170 ἄλλα
1469 4125 1723 4186 τοιαύτας

115 4198 306 4255 Ἐκεῖνο
366 4198 430 4255 δέ
482 4206 546 4255 τὸ
610 4205 711 4256 ύπὸ
767 4213 861 4257 τοῦ
908 4204 1228 4259 Ἀποστὸλου
1281 4206 1566 4281 εἰρημένον,
1622 4211 1681 4260 τὸ
1706 4229 1721 4243 ο

116 4294 233 4343 Εἰτε
311 4294 524 4363 πάσχει
603 4292 654 4345 ἓν
736 4293 881 4365 μίλος
914 4336 927 4362 ,
1023 4297 1336 4368 συμπάσχει
1417 4295 1586 4349 πάντα
1657 4300 1724 4351 τά

111 4380 240 4452 μέλη
269 4422 284 4435 .
343 4384 451 4433 εῖτε
526 4377 805 4445 δοξάζεται
866 4383 915 4436 ἓν
966 4384 1141 4457 μέλος,
1201 4390 1487 4460 συγχαίρει
1551 4390 1721 4440 πάντα

111 4471 181 4520 τὰ
259 4468 392 4541 uti:
430 4488 446 4502 ο
514 4475 606 4522 καί
680 4475 782 4526 τό.
836 4471 946 4526 Ἰνα
993 4478 1065 4546 μὴ
1207 4478 1491 4547 σχίσματα
1556 4474 1605 4527 ἐν
1654 4482 1719 4547 iris

112 4562 350 4630 σώματι,
425 4555 558 4611 ἀλλὰ
618 4562 679 4612 τό
735 4561 862 4614 αύτό
936 4564 1064 4637 ύπιρ
1142 4560 1372 4621 ἀλλήλων
1426 4573 1718 4641 μεριμνῶσι

174 4736 227 4770 ³⁸
268 4736 449 4791 Rom.
477 4750 517 4801 ι,
546 4736 749 4803 28,’29.
827 4740 871 4774 ³⁸
907 4740 952 4795 Il
981 4740 1112 4797 Cor.
1145 4756 1266 4808 XIII,
1307 4746 1360 4799 3.

106 4805 152 4840 ²⁶
190 4809 213 4863 ι
245 4808 387 4863 Cor.
422 4821 526 4874 xu,
552 4810 645 4864 26.
724 4810 766 4845 ’τ
800 4808 948 4868 ibid.
979 4815 1069 4868 25.

172 4983 290 5065 (53)
329 4983 858 5065 _Codex_Combet
902 4993 961 5046 et
1004 4989 1517 5065 ed_itio_Ven.cum
1560 4995 1701 5062 Reg.

105 5056 306 5134 primo
329 5056 649 5109 ’Δπὸττολον
677 5062 735 5111 τὸ
755 5066 1005 5134 κήρυγμα
1033 5061 1161 5134 0-37.,
1187 5062 1341 5119 hanc
1368 5056 1703 5121 doctrinam

105 5142 137 5207 ᾳ
165 5142 229 5207 se
259 5129 395 5207 ipso
424 5144 546 5207 non
576 5129 968 5207 excogitasse.
1021 5133 1207 5189 Editio
1244 5135 1427 5207 Paris.
1455 5140 1515 5207 et
1562 5139 1701 5203 Reg.

104 5200 313 5286 tertius
345 5199 743 5286 Ἀπὸτῖολονξὸ
761 5208 944 5286 κρῖμα,
968 5210 1026 5286 et
1043 5207 1387 5286 itaquogue
1407 5205 1621 5277 legitur
1642 5199 1705 5263 in

104 5269 383 5339 margine
412 5269 641 5325 codicis
660 5269 929 5330 Combet’.
955 5279 1011 5330 et
1039 5269 1317 5332 editionis
1343 5269 1596 5334 Venétae.

172 5344 279 5409 (54]
309 5341 558 5423 Antiqui
580 5347 699 5397 tres
720 5342 859 5423 libri
897 5344 946 5397 οἱ
973 5348 1102 5423 πρρς
1129 5346 1197 5399 τά
1215 5346 1505 5420 φθάσαντα.
1544 5351 1705 5423 Ultu-

104 5425 222 5536 que
250 5414 441 5468 editio
471 5414 542 5491 oi,
572 5416 984 5486 προφθάσαντις,
1011 5414 1102 5473 'sic
1154 5414 1385 5487 tamen,
1431 5427 1493 5475 ut
1524 5418 1704 5477 editio

148 5498 244 5536 en.
272 5483 505 5536 habent
524 5500 585 5536 ιιι
614 5487 886 5536 margine
912 5489 961 5536 οἱ
988 5492 1118 5536 πρὸς
1142 5493 1206 5536 τὰ
1232 5492 1522 5536 φθάσαντα-

148 5483 505 5564 en._hab_e_at
524 5487 592 5564 in
613 5483 886 5564 margine
912 5489 962 5564 οῖ
988 5492 1118 5564 πρὸς
1142 5493 1206 5542 τὰ
1232 5483 1523 5564 φθάσανταί

173 5558 289 5627 ιόὃ)
320 5554 517 5613 Editio
547 5554 870 5614 Parisfdw‘:
911 5554 1072 5628 τὴνῼ,
1096 5554 1357 5633 ἀγνωσίαν
1387 5563 1417 5622 ἡ
1452 5558 1705 5636 ἀδόκιμον

1437 4743 1486 4779 ’³
1525 4743 1728 4803 Matth.
1776 4759 1899 4813 xm,
1956 4748 2044 4802 13.

1856 3136 1997 3194 sarii
2008 3135 2420 3208 reperiemur?
2436 3133 2644 3191 Nonne
2659 3132 2837 3190 nobis
2854 3130 3218 3205 putandum,
3230 3132 3511 3191 est,nunc

1853 3225 2100 3300 quidem
2125 3225 2257 3282 haec
2281 3224 2491 3281 omnia
2509 3222 2589 3279 ad
2609 3221 2946 3279 doctrinam
2970 3223 3028 3276 et
3050 3215 3508 3275 conversionem

1852 3318 2126 3372 nostram
2160 3330 2198 3371 a
2224 3313 2489 3385 benigno
2536 3315 2656 3369 Deo
2709 3310 2989 3384 proponi,
3016 3306 3233 3365 eadem
3270 3318 3415 3361 vero
3440 3303 3506 3362 in

1849 3420 2078 3477 magna
2091 3404 2195 3462 illa
2209 3420 2280 3461 ac
2300 3402 2625 3461 metuenda
2639 3400 2851 3474 judicii
2868 3400 2967 3457 die
2981 3398 3061 3457 ad
3076 3393 3504 3455 verecundiam

1848 3499 1907 3551 et
1943 3493 2520 3551 condemnationem
2568 3506 2781 3548 eorum
2835 3490 3013 3561 216
3043 3486 3152 3560 qui
3172 3484 3392 3542 eruditi
3429 3499 3503 3541 ac

1846 3582 2157 3640 emendati
2174 3597 2295 3639 non
2325 3581 2563 3648 fuerint,
2586 3581 2664 3637 ab
2692 3594 2766 3637 eo
2799 3580 2932 3653 ipso
2953 3574 3316 3651 proferenda
3342 3588 3497 3643 esse,

1843 3672 1950 3746 qui
1970 3670 2196 3728 scilicet
2222 3676 2281 3727 et
2295 3671 2427 3741 jam
2445 3669 2681 3735 dixerit,
2697 3673 2756 3725 et
2779 3682 3022 3740 semper
3040 3664 3238 3721 dicat:
3270 3662 3497 3731 Cogno-

1843 3762 1926 3818 vit
1958 3761 2058 3818 bos
2073 3774 2486 3831 possessorem,
2510 3764 2565 3815 et
2588 3759 2795 3815 asinus
2813 3769 3084 3827 praesepe
3101 3752 3335 3809 domini
3356 3750 3490 3806 sui:

1839 3851 2037 3907 Israel
2058 3864 2198 3907 vero
2215 3863 2307 3906 me
2329 3864 2451 3905 non
2473 3849 2773 3919 cognovit,
2785 3851 2843 3903 et
2859 3844 3120 3915 populus
3137 3856 3232 3898 me
3247 3856 3373 3897 nan
3400 3840 3492 3895 in-

1838 3940 2164 4009 tellexit",
2204 3943 2262 3995 et
2318 3937 2437 3994 alia
2474 3936 2755 4009 ejusdem
2804 3932 3041 4006 generis
3064 3930 3306 3988 multa?
3339 3928 3491 3985 Illud

1834 4044 2101 4103 quoque,
2126 4027 2293 4102 quod
2313 4027 2393 4084 ab
2422 4024 2711 4100 Apostolo
2731 4024 2961 4081 dictum
2990 4028 3082 4079 est
3101 4038 3115 4077 :
3136 4020 3216 4077 Et
3235 4020 3359 4076 sive
3369 4034 3486 4089 pa-

1834 4118 1988 4173 titur
2014 4134 2201 4174 unum
2229 4116 2580 4187 membrum,
2599 4119 3053 4185 compatiuntur
3078 4111 3279 4167 omnia
3303 4123 3485 4165 mem-

1834 4206 1942 4263 bra
1973 4223 1987 4262 :
2020 4208 2144 4264 sive
2188 4208 2579 4276 gloriﬁcatur
2609 4219 2798 4260 unum
2831 4201 3181 4268 membrum,
3208 4212 3481 4269 congau-

1829 4297 1974 4354 dent
2031 4298 2232 4353 omnia
2268 4296 2533 4353 membra
2550 4296 2622 4346 ".
2657 4295 2803 4349 Item
2851 4291 2997 4347 illud
3039 4307 3054 4347 :
3096 4291 3169 4347 Ut
3196 4305 3319 4346 non
3356 4288 3480 4345 sint

1827 4387 2153 4442 schismata
2175 4386 2237 4441 in
2261 4400 2527 4455 corpore,
2547 4381 2654 4439 sed
2670 4381 2929 4452 idipsum
2953 4395 3067 4450 pro
3089 4380 3344 4436 invicem
3363 4379 3479 4434 sot-

1830 4476 2000 4532 ticita
2018 4476 2141 4531 sint
2167 4474 2434 4531 membra
2458 4474 2528 4540 ’⁷,
2562 4476 2626 4527 ut
2652 4486 2791 4544 quas
2819 4469 2900 4526 ab
2922 4484 3045 4527 una
3065 4468 3272 4525 anima
3300 4468 3477 4526 inha-

1825 4563 2054 4623 bitante
2084 4567 2459 4621 moveantur.
2487 4558 2897 4625 Quamobrem
2924 4558 3010 4616 ita
3035 4557 3284 4617 tandem
3307 4557 3477 4615 insti-

2120 4744 2171 4780 ³³
2205 4741 2353 4801 ibid.
2403 4746 2489 4801 ιδ.
2566 4742 2616 4779 ιι
2648 4739 2807 4799 Psal.
2843 4743 3025 4813 101,4.
3101 4741 3151 4777 ιε
3181 4738 3296 4797 Isa.
3324 4753 3360 4806 ι,
3401 4742 3460 4795 3.

1810 4966 2004 5120 γνῶσιν
2036 4993 2314 5068 Evr/tumst.
2365 4995 2568 5080 Codex
2618 4991 2889 5079 Combef.
2938 4995 2997 5073 et
3049 4992 3195 5078 iteg.
3226 4986 3465 5058 primus

1854 5069 1909 5119 ιά
1955 5075 2016 5120 τῆ
2028 5087 2115 5120 ς...
2146 5065 2408 5120 ἀγνωσίας
2456 5063 2709 5120 αδοκιμον
2737 5082 2926 5120 ⁹ινωσιν
2957 5063 3217 5118 εντιθησιν
3254 5074 3267 5112 :
3294 5054 3463 5120 quod

1876 5069 1909 5119 ἀ
1955 5075 2016 5126 τῆ
2028 5054 2115 5146 ςξλ
2143 5065 2408 5146 ἀγνωσίας
2456 5063 2709 5146 ἀδόκιμον
2737 5054 3267 5146 γνῶσιννέντίθηᾶινῖ
3294 5054 3463 5146 quod

1812 5128 2043 5210 verum
2050 5128 2463 5210 judicavimus
2480 5144 2537 5210 et
2557 5128 2884 5210 sincerum.
2909 5128 3199 5210 N_ec_ill_u_d
3219 5128 3461 5210 praster-

1813 5200 2083 5265 eundum
2105 5208 2359 5276 silentio,
2387 5209 2502 5277 legi
2536 5204 2821 5263 secundis
2848 5204 3006 5259 curis
3026 5203 3089 5258 in
3111 5200 3267 5257 libro
3289 5201 3460 5255 Com-

1811 5278 1931 5336 bef.
1962 5278 2056 5334 διὰ
2085 5281 2243 5339 τὴν...
2271 5279 2555 5353 ἀγνωσίαν,

1884 5355 2014 5424 (56)
2047 5341 2514 5424 Utraque'editio
2535 5350 2564 5408 ἡ
2589 5347 2683 5401 ούκ
2704 5349 2831 5420 ἔχω.
2856 5342 3087 5402 Vocula
3110 5346 3140 5402 ἢ
3165 5342 3228 5399 in
3257 5341 3462 5400 veteri-

1811 5419 1929 5477 bus
1959 5419 2127 5478 libris
2156 5419 2279 5478 non
2301 5421 2529 5490 legitur.

1888 5495 1997 5560 (57)
2016 5492 2207 5574 ΔΙΙΙιιίί,
2238 5498 2330 5574 καὶ
2356 5485 2603 5574 ἐντροπὴν
2623 5490 2900 5574 ἡμετέραν,
2924 5487 3106 5574 ita,_si
3129 5485 3348 5574 mavis,
3372 5486 3460 5544 in-

1812 5564 2122 5638 terpretari
2166 5568 2362 5640 potes,
2404 5560 2487 5623 ad
2513 5560 2927 5623 incutiendum
2956 5560 3125 5619 nobis
3147 5563 3457 5636 pudorem.
