4100 6196
205 259 305 316 ..ὅ

1590 262 1681 322 DE
1716 260 1994 328 JUDICIO
2020 274 2156 334 DEI.

3456 296 3561 352 666

202 401 477 457 συμπαντει
529 386 620 438 τὸν
671 385 813 456 λαὸν,
870 392 962 442 καὶ
1018 391 1214 444 τούτων
1237 398 1415 446 πεσεῖν
1450 392 1679 457 ἱκανούς,
1709 408 1800 463 γε·-

237 476 249 488 .
289 474 313 488 λ
438 469 475 488 ι.
608 479 619 488 .
786 480 796 488 .
904 482 915 488 -
1047 477 1074 488 ..
1165 484 1173 488 -
1374 483 1380 488 .
1449 484 1480 488 __
1784 485 1800 488 η

1912 394 1974 452 in
1992 397 2151 459 bello
2178 402 2670 476 interﬁcerentur,
2705 413 3213 488 superareturque
3242 410 3564 474 universus

199 474 374 526 mea
426 469 489 528 δέ
534 479 628 528 καὶ
684 480 804 551 περὶ
860 482 954 537 την
982 477 1208 533 κιϐωτόν
1228 490 1326 544 τῆς
1363 483 1521 554 ἁγίας
1548 488 1640 534 τοῦ
1671 485 1804 532 Θεοῦ

201 557 480 629 διαθήκης,
535 563 574 617 ἃ
621 569 753 638 μήτε
789 567 1030 628 ἠκούσθη
1091 572 1216 624 ποτε
1244 575 1512 647 πρότερον,
1558 574 1710 638 ὥστε,
1742 569 1808 632 ἧς

199 653 311 704 οὗτε
364 650 743 726 Ἰσραηλίταις,
803 660 919 709 οὔτε
976 662 1080 731 μὴν
1114 658 1294 724 αὐτοῖς
1334 662 1556 735 ἱερεῦσιν
1584 660 1801 722 ἅπασιν,

198 735 320 793 οὐδε
364 742 589 794 πάντοτε
644 740 905 798 ἅπτεσθαι
948 748 1155 820 omne»
1199 750 1286 815 ἦν,
1349 745 1474 802 οὐδε
1502 752 1660 810 τόπος
1693 747 1805 818 (72)

198 829 360 887 αὐτὴν
414 832 443 882 6
500 836 683 904 τυχὼν
707 830 1019 906 ὑπεδέχετο,
1041 838 1237 896 ταύτην
1265 839 1367 891 ὑπὸ
1387 845 1580 912 χειρῶν
1606 835 1804 890 ἀσεϐῶν

194 918 376 972 ἄλλοτε
452 917 752 993 ἑᾱλαχόθεν
833 925 1304 999 μετακομίζεσθαι,
1386 932 1478 980 καὶ
1527 925 1641 979 ἀντὶ
1703 918 1839 979 τῶν

194 1008 380 1081 ἁγίων,
440 1005 671 1062 εἰδώλων
727 1020 870 1077 ναοῖς
909 1012 1330 1073 εναποτίθεσθαι.
1388 1016 1499 1089 Ἐφ’
1536 1017 1613 1079 οἶς
1640 1020 1803 1069 πόσον

191 1100 312 1151 τινὰ
374 1097 669 1153 συνέϐαινεν
718 1098 866 1170 cium,
907 1109 997 1156 καί
1052 1104 1169 1158 κατ’
1236 1105 1400 1159 αὐτοῦ
1428 1112 1522 1159 τοῦ
1553 1105 1805 1179 ὀνόματος

191 1194 287 1240 τοῦ
341 1195 502 1241 Θεοῦο
540 1189 740 1261 γέλωτα
793 1196 883 1245 καὶ
910 1192 1108 1264 χλεύην
1140 1196 1287 1268 παρὰ
1325 1202 1437 1256 τοῖς
1475 1193 1798 1267 ἁλλοφῦλοις,

194 1276 568 1348 ποχάζὶσθαι
639 1280 912 1355 πάρεστιν,
966 1280 1082 1336 Ἐπὶ
1129 1286 1339 1346 τούτοις
1403 1288 1494 1337 καὶ
1545 1283 1702 1346 αὐτὸς
1775 1286 1803 1336 6

191 1365 335 1419 Ἡλεί
399 1365 533 1419 τέλει
589 1370 927 1443 χρησάμενος
994 1371 1312 1446 οἰκτροτάτῳ
1387 1371 1799 1448 ἀναγέγραπται·

192 1451 481 1528 δεξάμενος
531 1454 746 1518 ἀπειλὴν
818 1467 910 1513 τοῦ
972 1464 1066 1514 καὶ
1119 1466 1180 1515 τὸ
1238 1466 1447 1538 σπέρμα
1474 1462 1634 1516 αὐτοῦ
1666 1460 1801 1515 ἁπο-

189 1546 583 1603 κοηθήσεσθαι
640 1555 737 1601 τοῦ
803 1551 1066 1626 ἱερατικοῦ
1146 1549 1460 1626 ἀξιώματος
1529 1552 1652 1627 ὅπερ
1710 1556 1801 1607 καὶ

190 1637 397 1707 γένοντο

264 1834 320 1887 ε.
351 1832 605 1886 Τοσαῦτα
643 1832 941 1906 συμϐέϐηκε
966 1842 1039 1908 τῷ
1076 1834 1208 1908 λαῷ.
1264 1843 1499 1891 Τοιαῦτα
1555 1839 1804 1892 πέπονθεν

193 1922 221 1973 6
276 1926 455 1998 πατὴρ
508 1919 602 1976 διὰ
654 1928 750 1982 τὴν
806 1932 906 1976 τῶν
963 1927 1089 1977 υἱῶν
1137 1931 1485 2000 παρανομίαν.
1516 1925 1572 1990 ὃς
1617 1931 1798 2001 καίπερ

190 2018 290 2063 τοῦ
485 2007 620 2065 ἰδίου
682 2010 808 2085 βίου
873 2015 1032 2067 ἕνεκεν
1074 2014 1186 2087 (73)
1238 2011 1390 2068 οῦδὲν
1420 2017 1612 2090 ᾐτιάθη
1652 2019 1796 2070 ποτί·

194 2104 289 2153 καὶ
345 2100 522 2163 αὐτοῖς
575 2097 635 2154 δὲ
687 2099 893 2164 ὶκείνοις
948 2103 1055 2176 οὐχ
1103 2105 1368 2177 ὑπέμεινεν
1430 2103 1797 2178 ίςοησυχοίσαι,

202 2187 338 2240 ἄλλὰ
380 2189 533 2241 πολλά
577 2193 670 2263 μεν
707 2210 924 2264 παρῃνει
980 2196 1098 2265 περὶ
1125 2198 1217 2245 τοῦ
1254 2195 1442 2266 μηκέτι
1465 2200 1571 2254 τοῖς
1601 2195 1803 2267 ὁμοίοις

204 2276 474 2352 ἐπιμένειν
522 2284 632 2349 Μὴ,
684 2283 858 2346 τέκνα,
913 2280 1092 2354 λέγων,
1142 2287 1239 2356 μὴ·
1309 2282 1403 2336 ούκ
1462 2281 1681 2355 ἁγαθαὶ,
1746 2285 1803 2337 αἱ

206 2366 376 2435 ἀκοαι,
434 2370 493 2430 οἷς
556 2370 655 2443 ἐγὼ
707 2368 878 2423 ἀκούω
930 2375 1050 2447 περί
1108 2371 1271 2445 ὑμῶν·
1339 2367 1688 2448 σφοδρότερον
1742 2369 1802 2425 δέ

205 2458 608 2521 κατασκευάζων
653 2467 750 2521 τῆς
806 2459 1068 2534 ἁμαρτίας
1122 2464 1181 2515 τὸ
1232 2463 1469 2535 μέγεθος,
1515 2461 1801 2535 φοϐερώτε-

202 2567 287 2622 ρον
306 2549 489 2611 α’ἇτοῖς
526 2554 757 2626 παρίστη
799 2552 914 2621 (74)
932 2554 1019 2603 τὸν
1049 2547 1311 2604 κίνδυνον·
1343 2550 1463 2605 Ἐὰν
1487 2552 1595 2625 γάφ
1626 2551 1801 2627 ἁμαρ-

203 2640 362 2690 τάνων
438 2638 645 2713 ἁμάρτῃ
732 2641 1024 2714 ἄνθρωπος,
1129 2646 1311 2713 φησὶν,
1391 2641 1462 2704 εἰς
1508 2641 1798 2716 ἄνθρωπον,

196 2727 573 2800 προσεύξονται
618 2729 738 2800 (75)
788 2732 908 2802 περί
974 2729 1135 2782 αὐτοῦ
1195 2731 1327 2805 πρὸς
1402 2732 1613 2803 Κύριον.
1683 2729 1803 2783 Ἐὰν

198 2811 258 2869 δε
311 2816 383 2879 εἰς
430 2821 562 2887 Θερν
607 2816 838 2891 ἁμάρτῃ,
883 2822 966 2879 τίς
1029 2817 1372 2892 προσεύξεται
1422 2824 1542 2894 περὶ
1592 2818 1800 2887 αύτοῦ;

192 2904 393 2979 Ὅμως·
432 2903 739 2982 ἕπειδήπερ,
790 2908 859 2968 ὡς
902 2902 1061 2961 εἷπον.
1104 2906 1234 2979 οὐχὶ
1293 2911 1380 2961 τὸν
1409 2910 1674 2983 πρέποντα
1711 2908 1804 2970 ζῆ-

193 2994 277 3047 λον
339 2995 460 3048 κατ’
546 2995 717 3048 αὐτῶν
797 2992 1119 3059 ἐπεδείξατο.
1175 2998 1355 3068 γέγονε
1406 2999 1475 3049 τὰ
1537 2996 1799 3071 εἰρημένα.

1913 489 2197 560 populus,
2226 510 2349 551 non
2375 496 2589 569 paucis
2613 512 2685 553 ex
2706 513 2777 556 eo
2799 499 3184 574 cadentibus,
3205 502 3331 561 imo
3357 503 3562 577 etiam,

1912 577 2071 635 circa
2116 597 2320 639 arcam
2378 586 2569 643 sancti
2624 586 2867 643 foederis
2905 589 3010 645 Dei
3056 590 3293 663 fierent,
3334 608 3472 668 quae
3488 610 3566 653 nc

1912 668 2117 728 audita
2136 672 2382 745 quidem
2410 691 2683 749 unquam
2706 682 2884 734 antea
2912 677 3152 737 fuerant
3175 698 3189 737 :
3212 680 3300 738 sic
3328 688 3395 739 ut
3420 699 3566 742 arca

1911 772 2098 830 quam
2148 776 2344 835 neque
2397 764 2694 831 Israelitis,
2746 781 2945 839 neque
2964 767 3112 841 ipsis
3141 770 3564 829 sacerdotibus

1910 849 2218 921 omnibus,
2241 855 2947 930 nequequovistempore
2971 858 3319 931 contingere
3343 858 3566 919 licebat

1910 955 2171 1012 quaeque
2206 954 2331 997 non
2387 941 2449 999 in
2501 944 2715 1017 quovis
2758 944 2891 1002 loco
2940 946 3387 1018 asservabatur,
3441 949 3561 1007 alio

1912 1027 2156 1085 aliunde
2186 1035 2499 1103 exportata
2529 1032 2602 1088 sit
2625 1032 2704 1089 ab
2742 1032 2943 1107 impiis
2973 1035 3279 1109 manibus,
3311 1043 3369 1093 et
3400 1036 3562 1095 sedis

1912 1121 2158 1188 sanctae,
2189 1117 2322 1176 loco
2347 1119 2408 1175 in
2440 1121 2903 1178 simulacrorum
2951 1123 3218 1182 delubris
3265 1125 3563 1185 collocata

1910 1206 2107 1263 fuerit.
2140 1209 2223 1264 Ex
2254 1207 2469 1281 quibus
2498 1211 2836 1281 conjectare
2872 1210 2967 1267 fas
2998 1216 3104 1285 est,
3137 1218 3367 1286 quanto
3415 1206 3566 1273 risui

1908 1296 2297 1370 ludibrioque
2321 1298 2524 1371 ipsum
2550 1299 2730 1356 etiam
2750 1300 2849 1357 Dei
2872 1317 3095 1358 nomen
3107 1302 3459 1373 alienigenae
3480 1303 3566 1362 illi

1907 1385 2253 1443 habuerint.
2284 1386 2508 1443 Adhaec
2544 1388 2751 1445 litteris
2793 1389 3099 1463 proditum
3124 1394 3217 1447 est
3264 1397 3321 1447 et
3362 1392 3564 1465 ipsum

1908 1473 2032 1533 Heli
2056 1474 2395 1531 miserrimo
2422 1475 2581 1533 exitu
2601 1478 2786 1535 vitam
2807 1479 3032 1549 ﬁnisse,
3055 1483 3384 1554 postquam
3404 1479 3565 1537 hanc

1908 1564 2443 1622 comminationem
2470 1565 2815 1639 audivisset,
2867 1568 2994 1625 fore
3022 1574 3087 1625 ut
3129 1585 3337 1626 semen
3374 1568 3567 1642 ipsius

1907 1670 1940 1711 e
1996 1652 2353 1712 sacerdotali
2406 1652 2700 1726 dignitate
2757 1656 3265 1716 submoveretur:
3297 1658 3465 1734 quod
3507 1662 3567 1717 et

1838 1749 1883 1807 Β
1910 1743 2176 1814 contigit.

1981 1838 2032 1890 6.
2054 1835 2161 1890 Tot
2179 1838 2236 1891 et
2258 1839 2430 1891 tanta
2454 1833 2802 1891 acciderunt
2825 1835 3071 1908 pepulo.
3124 1836 3288 1894 Talia
3320 1835 3565 1911 pertulit

1912 1925 2089 1996 219
2118 1927 2290 1996 pater
2317 1922 2398 1980 ob
2422 1921 2689 1980 ﬁliorum
2709 1922 3109 1996 iniquitatem,
3127 1925 3233 1999 qui
3254 1930 3457 1982 tamen
3478 1926 3560 1982 ob

1909 2028 2052 2068 suos
2072 2013 2267 2086 ipsius
2278 2028 2479 2069 mores
2493 2012 2659 2069 nullo
2672 2028 2944 2087 unquam
2964 2013 3214 2071 crimine
3233 2020 3559 2071 accusatus

1908 2105 2016 2158 est.
2048 2105 2175 2159 Imo
2204 2102 2383 2158 etiam
2414 2117 2611 2175 neque
2641 2101 2881 2159 illorum
2900 2101 3131 2173 ﬂagitia
3151 2102 3364 2160 tacitus
3391 2103 3567 2159 susti-

1908 2191 2039 2249 nuit
2067 2208 2082 2248 :
2112 2189 2219 2246 sed
2242 2190 2501 2248 multum
2538 2190 2963 2258 admonuerat,
2994 2195 3062 2248 ut
3086 2206 3163 2247 ne
3186 2190 3447 2265 amplius
3498 2191 3564 2248 in

1910 2278 2214 2353 ejusmodi
2228 2280 2487 2352 peccatis
2506 2284 2983 2353 perseverarent.
3006 2279 3219 2337 Aiebat
3231 2279 3391 2337 enim
3416 2297 3429 2336 :
3448 2282 3494 2338 Α
3507 2280 3568 2337 b-

1908 2369 1987 2426 sit
2025 2369 2177 2438 ﬁlii:
2204 2383 2326 2425 non
2365 2373 2507 2424 sunt
2528 2369 2672 2425 boni
2695 2364 2967 2426 rumores
2984 2384 3132 2442 quos
3161 2370 3346 2426 audio
3371 2370 3444 2426 de
3472 2382 3570 2426 vo-

1913 2459 1999 2514 bis
2019 2458 2090 2517 ‘3.
2118 2460 2312 2530 Atque
2343 2457 2525 2513 etiam
2556 2456 3038 2527 magnitudinem
3051 2457 3292 2515 sceleris
3313 2471 3570 2529 exagge-

1908 2562 2073 2618 rans,
2106 2545 2445 2621 periculum
2475 2545 2919 2609 formidabilius
2948 2545 3094 2619 ipsis
3116 2545 3196 2602 ob
3225 2544 3434 2603 oculos
3465 2561 3572 2619 po-

1910 2636 2114 2694 nebat.
2134 2636 2205 2693 Si
2223 2636 2400 2703 enim,
2422 2634 2638 2709 inquit,
2659 2649 2915 2705 peccans
2928 2635 3273 2706 peccaverit
3294 2634 3466 2690 homo
3496 2633 3562 2690 in

1911 2726 2231 2790 hominem.
2260 2725 2523 2781 orabunt
2535 2739 2649 2796 pro
2671 2740 2735 2781 eo
2760 2724 2842 2782 ad
2861 2726 3199 2782 Dominum.
3244 2724 3313 2782 Si
3340 2738 3480 2781 vero
3500 2725 3565 2781 in

1908 2815 2099 2872 Deum
2116 2815 2480 2884 peccaverit,
2508 2817 2640 2885 quis
2661 2813 2858 2870 orabit
2878 2830 2987 2886 pro
3010 2815 3196 2887 ipso“
3213 2814 3241 2870 ?
3264 2810 3566 2881 Quoniam

1910 2907 2140 2972 tamen,
2170 2906 2237 2958 ut
2273 2901 2419 2971 dixi,
2448 2902 2531 2971 id,
2553 2902 2719 2975 quod
2748 2919 2861 2975 par
2889 2909 3034 2971 erat,
3072 2902 3263 2961 animi
3295 2899 3569 2959 studium

1912 2992 1974 3050 in
2004 2992 2170 3065 ipsos
2198 3005 2322 3047 non
2348 2989 2631 3057 ostendit,
2662 2996 2995 3048 evenerunt
3021 3007 3158 3064 quas
3205 2988 3567 3048 memoravi-

192 3090 423 3137 τοιαῦτα
465 3088 560 3157 μεν
609 3081 699 3137 οὖν
748 3083 967 3138 πλεῖστα
1005 3085 1108 3138 ὅσα
1131 3087 1268 3137 κατὰ
1296 3089 1390 3144 τὴν
1420 3083 1655 3139 Παλαιὰν
1686 3091 1800 3139 Δια-

1916 3097 2073 3138 mus.
2105 3080 2243 3151 Ejus
2264 3078 2513 3152 quidem
2534 3079 2769 3148 generis
2794 3078 3025 3150 judicia
3054 3078 3319 3151 plurima
3351 3078 3414 3133 in
3461 3093 3564 3133 ve-

197 3174 358 3231 θηκην
418 3175 647 3249 εὑρίσκω
695 3175 762 3228 τὰ
810 3175 947 3227 κατὰ
990 3176 1172 3236 πάσης
1219 3183 1493 3249 παρακοῆς
1522 3179 1803 3251 κρίματα.

195 3262 345 3325 αὖθις
388 3259 450 3315 δε
500 3263 623 3316 ὅταν
688 3261 774 3316 ἐπὶ
820 3268 915 3323 τὴν
978 3268 1173 3323 Καινὴν
1228 3263 1377 3329 ἔλθω,
1444 3271 1535 3318 τοῦ
1608 3268 1805 3339 Κυρίου

198 3353 341 3423 ἡμῶν
392 3350 580 3411 Ἰησοῦ
643 3359 879 3425 Χριστοῦ
944 3352 1039 3405 οῦκ
1087 3351 1446 3416 ἀπολύσαντος
1492 3356 1582 3424 μεν
1611 3360 1706 3414 τῆς
1730 3372 1807 3405 τι.

195 3446 399 3516 μωρίας
440 3444 561 3495 οὔτε
615 3440 682 3494 τὰ
719 3444 855 3495 κατὰ
918 3440 1148 3514 ἄγνοιαν,
1202 3438 1551 3519 σφοδρότερον
1583 3438 1643 3495 δε
1669 3443 1808 3495 κατὰ

196 3538 300 3582 τῶν
367 3528 415 3582 ἓν
471 3535 665 3602 γνώσει
707 3535 801 3590 τήν
867 3528 1079 3590 ἀπειλήν
1136 3529 1497 3597 ἐπιτείναντος,
1588 3526 1662 3583 δι’
1736 3531 1805 3583 ὧν

198 3638 382 3692 μησεν.
430 3626 652 3680 Ἐκεῖνος
713 3615 774 3673 δε
838 3621 864 3672 6
909 3616 1117 3686 δοῦλος,
1177 3621 1203 3672 6
1268 3622 1425 3693 γνούς
1470 3622 1531 3674 τὸ
1608 3618 1806 3693 θέλημα

195 3717 289 3761 τοῦ
348 3713 540 3783 κυρίου
586 3709 771 3762 ἑαυτοῦ
824 3709 954 3782 (76),
1008 3713 1100 3762 καὶ
1146 3714 1216 3783 μὴ
1262 3709 1544 3784 ἑτοιμάσας
1599 3709 1800 3778 ἑαυτὸν,

192 3795 335 3871 and“:
425 3817 660 3857 ποιησας
729 3801 856 3874 πρὸς
924 3802 983 3853 τὸ
1048 3798 1249 3871 θέλημα
1308 3799 1492 3871 αὐτοῦ,
1565 3794 1800 3873 δαρήσε-

189 3906 279 3939 ται
326 3885 545 3948 πολλάς·
592 3883 701 3940 ὁδὶ
738 3890 812 3960 μη
875 3890 1044 3958 γνοὺς,
1094 3892 1326 3950 ποιήσας
1378 3884 1437 3940 δέ
1490 3886 1613 3950 ἄξια
1673 3886 1802 3946 πλη-

186 3985 314 4048 γῠν,
390 3973 689 4051 δαρήσεται
754 3974 953 4047 ὀλίγας·
1030 3977 1152 4029 ὃταν
1247 3976 1378 4051 εὕρω
1456 3975 1613 4029 αύτοῦ
1708 3983 1802 4029 τοῦ

184 4072 511 4139 μονογενοῦς
557 4068 683 4118 Υἰοῦ
728 4072 822 4119 τοῦ
860 4071 995 4118 Θεοῦ
1051 4067 1144 4127 τὰς
1188 4069 1431 4127 τοιαύτας
1491 4064 1798 4138 ἀποφάσεις,

184 4161 279 4208 καί
340 4163 449 4207 τῶν
497 4152 654 4226 ἁγίων
712 4152 1013 4207 ἀποστόλων
1049 4158 1146 4214 τὴν
1165 4157 1302 4208 κατὰ
1346 4164 1446 4207 τῶν
1472 4154 1800 4229 ἁμαρτανόν-

186 4263 288 4296 των
342 4242 731 4316 ἆτανοὶκτησινο
788 4246 857 4297 τὰ
903 4250 1124 4297 τοιαῦτα
1178 4248 1267 4296 καὶ
1313 4239 1603 4302 τηλικαῦτα
1631 4245 1797 4312 πάθη,

1913 3171 2022 3228 teri
2078 3173 2457 3226 Testamento
2489 3166 2779 3225 adversus
2808 3182 3055 3224 omnem
3084 3164 3563 3223 inobedientiam

1912 3258 2147 3333 reperio
2174 3272 2352 3327 ;cum
2373 3272 2516 3314 vero
2544 3271 2758 3313 rursus
2788 3256 2865 3313 ad
2893 3259 3128 3313 Novum
3176 3254 3449 3325 devenio,
3500 3255 3564 3312 in

1913 3364 2036 3424 quo
2066 3346 2351 3405 Dominus
2382 3348 2589 3403 Noster
2614 3347 2785 3403 Jesus
2807 3345 3074 3403 Christus
3093 3360 3169 3401 ne
3189 3343 3409 3401 delicta
3437 3343 3568 3419 qui-
3618 3381 3623 3385 ς

1913 3439 2051 3496 dem
2065 3454 2173 3513 per
2191 3435 2600 3509 ignorantiam
2620 3435 2893 3492 admissa
2911 3452 2947 3491 a
2959 3450 3143 3509 poena
3158 3432 3435 3502 exsolvit,
3457 3432 3565 3491 sed

1911 3529 1995 3586 ita
2023 3534 2246 3595 tamen,
2296 3530 2363 3583 ut
2408 3524 2699 3582 adversus
2749 3541 2821 3582 ea
2874 3541 3011 3599 quia
3040 3525 3294 3581 scienter
3322 3529 3565 3596 patrata

1869 3649 1873 3653 ~
1913 3620 2073 3685 sunt,
2105 3616 2304 3673 minas
2325 3614 2588 3686 majores
2616 3613 2911 3682 intendat,
2932 3614 3026 3670 his
3053 3612 3256 3670 verbis
3283 3613 3433 3669 :Ille
3457 3626 3563 3669 au-

1912 3713 2027 3764 tem
2048 3717 2273 3772 servus,
2306 3703 2413 3775 qui
2430 3703 2706 3773 cognovit
2736 3703 3105 3759 voluntatem
3127 3701 3357 3758 domini
3373 3701 3489 3767 sui,
3505 3704 3563 3756 et

1909 3812 2031 3853 non
2072 3793 2451 3865 preparavit
2485 3792 2766 3862 seipsum,
2816 3806 3003 3863 neque
3033 3792 3181 3861 fecit
3231 3791 3560 3848 secundum

1911 3885 2281 3942 voluntatem
2308 3884 2460 3954 ejus,
2482 3881 2798 3952 vapulabit
2826 3881 3185 3953 multiszqui
3209 3886 3406 3937 autem
3438 3894 3560 3936 non

1910 3976 2205 4045 cognovit,
2255 3976 2310 4029 et
2355 3972 2502 4042 fecit
2558 3969 2747 4041 digna
2788 3968 3011 4041 plagis,
3060 3969 3379 4039 vapulabit
3412 3983 3561 4039 pau-

1910 4064 1995 4121 cis
2041 4064 2111 4119 ‘5.
2151 4060 2394 4129 Quoties
2438 4059 2620 4131 igitur
2669 4057 2971 4130 ejusmodi
2993 4058 3324 4115 sententias
3368 4058 3561 4131 ipsius

1909 4151 2200 4224 unigeniti
2220 4149 2321 4206 Dei
2347 4149 2467 4206 Filii
2498 4148 2838 4217 considero,
2862 4152 2920 4204 et
2942 4151 3292 4203 sanctorum
3323 4150 3563 4219 aposto-

1907 4242 2107 4300 lorum
2138 4240 2431 4297 adversus
2460 4242 2779 4312 peccantes
2799 4236 3277 4307 indignationem
3299 4240 3563 4293 contem-

184 4342 288 4388 τῶν
357 4338 449 4386 καὶ
498 4335 548 4386 ἓν
607 4334 780 4385 ὁτιοῦν
825 4334 1223 4407 ἡμαρτηκότων,
1254 4331 1359 4405 ούχ
1389 4335 1581 4392 ἥττονα
1609 4341 1708 4385 τῶν
1746 4330 1800 4385 ἐκ

1911 4329 2044 4404 plor
2066 4345 2080 4396 ;
2112 4343 2373 4401 cumque
2395 4342 2604 4384 eorum
2626 4325 2730 4399 qui
2750 4324 2846 4382 vel
2865 4340 3055 4381 unum
3073 4324 3331 4398 quodvis
3352 4338 3563 4398 pecca-

186 4432 283 4483 τὶς
344 4420 580 4482 Παλαιᾶς
621 4421 919 4497 εἰρημένων,
986 4420 1175 4495 μᾶλλον
1265 4417 1325 4475 δε
1402 4425 1493 4474 καὶ
1569 4426 1801 4490 πλείονα,

185 4512 582 4585 καταμανθάνω
604 4518 697 4563 τοῦ
754 4515 1005 4586 κρίματος
1071 4514 1170 4570 κήν
1237 4506 1593 4586 σροδρὸτητα.
1662 4509 1803 4565 Ἐπεί

186 4608 281 4656 καὶ
349 4602 423 4674 ᾬ.
504 4602 785 4674 παρέθεντο
860 4598 1014 4666 πολὺ,
1092 4602 1461 4675 περισσότερον
1568 4597 1800 4659 ἀπαιτή-

188 4710 384 4745 σουσιν
433 4688 612 4745 αὐτόν.
668 4685 809 4743 ’ἰδού
847 4693 1020 4743 τοίνυν
1087 4694 1177 4741 καὶ
1237 4689 1262 4741 ὁ
1313 4690 1572 4762 μακάριος
1601 4688 1800 4751 Παῦλος

184 4779 510 4844 ὑποδεικνὺς
557 4779 688 4854 οριοῦ
734 4787 828 4842 τῆς
881 4798 935 4833 τε
982 4778 1215 4842 κλήσεως
1270 4784 1329 4832 τό
1355 4778 1563 4853 ἀξίωμα
1589 4784 1679 4833 καὶ
1703 4786 1796 4840 τὴν

1882 4424 2040 4477 .tum
2094 4415 2471 4487 commisere,
2530 4413 2905 4471 calamitates
2959 4413 3298 4485 considero,
3332 4428 3559 4487 easque

1907 4506 2059 4565 tales
2085 4521 2155 4562 ac
2182 4508 2406 4570 tantas,
2436 4507 2495 4561 et
2519 4519 2658 4576 qum
2706 4503 2974 4560 minores
3017 4518 3141 4560 non
3181 4506 3325 4560 sunt
3369 4518 3561 4577 quam

1905 4596 2021 4657 illa:
2066 4609 2223 4670 quas
2266 4610 2339 4650 ex
2386 4592 2576 4650 Veteri
2630 4591 2823 4664 retuli,
2869 4592 2994 4650 imo
3036 4593 3242 4666 potius
3269 4593 3556 4664 majores,

1907 4693 2036 4744 tum
2077 4682 2286 4756 iudicii
2342 4682 2727 4739 severitatem
2761 4680 3051 4752 intelligo.
3087 4684 3234 4738 Nam
3266 4683 3364 4737 cui
3391 4695 3554 4737 com-

1904 4774 2268 4835 mendarant
2284 4772 2925 4843 multum,pluspelent
2945 4770 3019 4829 ab
3041 4785 3104 4828 eo
3126 4771 3349 4827 “.Ecce
3375 4767 3559 4839 igitur

254 4943 309 4979 ⁸⁸
354 4945 375 4998 1
406 4943 555 5012 Reg.
586 4955 646 5009 u,
687 4942 779 4998 2b.
854 4940 904 4977 “
928 4939 1078 4998 ibid.
1103 4944 1195 4999 25.
1352 4942 1488 4998 Luc.
1517 4957 1621 5011 xu,
1646 4944 1740 5013 47,
1765 4945 1799 4999 4

1933 4942 1982 4978 ⁵⁸
2022 4937 2170 4996 ibid.
2200 4939 2293 4994 48.

313 5087 370 5154 2)
388 5083 586 5141 Editio
618 5083 805 5157 Paris.
822 5080 949 5138 cur;
966 5085 993 5136 ὁ
1011 5088 1202 5157 τόπος.
1225 5082 1492 5157 Antiqui
1508 5087 1626 5140 tres
1650 5083 1788 5142 libri

180 5151 311 5243 γαΐα
337 5151 521 5243 “me
556 5154 935 5243 "Isalcas?
948 5153 1143 5243 emis
1157 5151 1673 5243 Ρωῖίεεέπεδέκπο»
1695 5161 1787 5211 καὶ

180 5228 610 5311 ξ-[ἕνετοταύτην.
654 5225 845 5283 Editio
892 5228 1032 5282 Ven.
1089 5231 1149 5283 et
1200 5225 1392 5308 nostri
1446 5225 1565 5283 tres
1621 5243 1777 5284 mss.

179 5297 478 5372 vas-dixero
507 5301 754 5380 ,τώς-ἓν,
791 5302 970 5353 recte.
1001 5296 1155 5353 illud
1180 5302 1509 5380 enim,‘_xa_rt
1564 5296 1780 5380 ἕγένετο,

177 5368 440 5443 prorsus
466 5368 766 5443 πλεονᾴξιιν
786 5384 966 5443 nemo
984 5383 1109 5426 non
1137 5368 1319 5427 videt.
1353 5368 1601 5426 Statim.
1636 5371 1780 5439 Reg.

178 5439 418 5514 primus
442 5447 592 5502 νωοίς
616 5439 981 5514 ιῐιπιιτ-ίρεετθειιτ

249 5514 361 5581 (73‘.
378 5514 681 5585 ﬂuatque
693 5510 872 5585 editio
899 5515 957 5567 et
973 5511 1113 5585 Reg.
1135 5509 1438 5585 secundus
1464 5510 1514 5585 ἧς
1541 5514 1633 5585 καί
1652 5510 1780 5585 ρπιρ

182 5579 272 5655 μιν
307 5580 405 5640 τοῦ
452 5579 600 5639 ὶδίοῦ
647 5579 771 5655 βίον
812 5580 993 5637 ἃνεκινο
1049 5581 1112 5639 in
1147 5582 1372 5655 quibus
1389 5582 1539 5655 quin
1568 5579 1781 5639 vitium

1896 5082 2038 5140 insit
2051 5077 2312 5151 dubitari
2331 5092 2456 5135 non
2476 5078 2690 5150 potest.
2719 5077 2966 5151 Constat

1895 5156 2055 5209 ἓνεκεν
2076 5150 2439 5210 redundare.
2468 5142 2631 5205 Unus
2654 5144 2844 5201 codex
2866 5142 3014 5197 utin
3043 5142 3349 5210 contextu.

2560 5078 2690 5132 test.
2719 5073 2966 5131 Constat
2980 5069 3141 5125 enim
3164 5070 3270 5123 aut
3286 5066 3417 5137 ὑπὲρ
3447 5068 3555 5122 aut

1961 5209 2086 5295 (74)
2130 5224 2389 5295 Utraque
2431 5218 2612 5295 editio
2666 5221 2726 5295 et
2753 5216 2899 5295 Reg.
2930 5209 3259 5295 fecundus
3281 5210 3541 5281 παρίστη.

1891 5281 2032 5363 Βάκ.
2060 5281 2638 5364 ᾖνὶωιιέπαρλίστησι.
2671 5288 2812 5364 Reg.
2835 5281 3044 5364 tertius
3074 5283 3397 5364 παρέστησε.

2131 5364 2296 5437 Regii
2350 5350 2698 5437 primuset
2740 5350 2945 5437 t'erti‘us
3000 5356 3091 5437 καὶ
3142 5350 3521 5425 προσεύξονται

1893 5424 2102 5493 Statim
2119 5424 2289 5506 Regii
2308 5424 2625 5506 primltset
2638 5424 2959 5506 secundus
2980 5430 3071 5478 καὶ
3108 5424 3210 5489 τις.

1958 5509 2077 5581 (76)
2101 5496 2342 5580 Antiqui
2367 5502 2492 5561 duo
2518 5499 2654 5562 libri
2683 5504 2867 5579 κυρίου
2898 5496 3060 5557 αὐτοῦ
3078 5539 3092 5558 .
