4100 6196
229 244 330 300 669

1616 243 1708 300 DE
1741 241 2009 302 JUDICIO
2051 243 2186 302 DEI.

3483 248 3588 308 670

232 385 312 418 σιν
361 367 456 422 ἔτι.
514 368 656 442 Πρὸς
711 365 747 418 ἆ
797 375 905 430 πῶς
956 370 1018 421 ἄν
1073 387 1152 432 τις
1206 367 1484 444 ἀξιολόγως
1532 369 1827 440 κινούμενος

1949 383 2052 440 pro
2076 368 2161 424 rei
2190 367 2476 440 dignitate
2505 373 2846 428 commotus
2874 370 3124 428 horrore
3153 369 3369 440 majori
3409 371 3592 430 corri.

231 451 641 528 φρικωδέσηερον
685 456 1064 529 καταπλαγείη,
1101 463 1322 534 συνορᾷν
1368 456 1668 515 ἀκόλουθον.
1700 453 1831 508 Εἶτα

232 563 357 617 ρησι
387 564 401 579 ·
472 545 577 597 Καὶ
643 544 1118 619 αἰχμαλωτίζοντες
1183 555 1292 600 πῶν
1357 551 1528 620 νόημα
1602 547 1670 607 εἰς
1733 550 1828 604 τὴν

230 633 462 692 ὑπακοὴν
529 641 622 688 τοῦ
674 642 909 709 Χριστοῦ
944 658 956 671 ·
1015 643 1123 689 Πᾶν
1179 639 1389 711 νόημα,
1447 635 1577 709 ούχὶ
1631 641 1826 702 τοῦτο,

229 723 258 782 ἢ
319 721 497 777 ἐκεῖνο,
558 728 662 777 Καὶ
717 723 765 777 ἐν
824 724 1008 800 ἑτοίμῳ
1076 729 1285 799 ἔχοντες
1351 721 1634 784 ἐκδικῆσαι
1668 741 1680 755 ’
1740 727 1830 775 καὶ

230 808 451 865 ἐνταῦθα
514 812 706 886 πάλιν,
768 815 896 890 ούχὶ
949 812 1140 884 τήνδε,
1197 817 1226 876 ἦ
1269 819 1420 882 τινὰ,
1473 813 1597 867 ἀλλά
1651 819 1831 868 Πᾶσαν

229 906 528 975 παρακοήν.
584 901 725 980 ’Ἄρα
766 925 823 977 γε
870 905 1139 964 ἠπάτησεν
1188 907 1322 980 ἡμᾶς
1352 907 1382 965 ἡ
1417 909 1645 962 κακίστη
1705 923 1832 957 συν-ι

230 994 418 1050 ἠθεια·
480 994 585 1066 ἄρα
639 1001 812 1048 κακῶν
867 995 1010 1048 αἰτία
1073 997 1199 1067 ἡμῖν
1254 993 1486 1069 μεγάλων
1542 999 1746 1066 γέγονεν
1798 995 1827 1054 ἡ

231 1078 618 1160 διεστραμμένη
687 1091 789 1138 τῶν
866 1083 1145 1160 ἀνθρώπων
1210 1080 1550 1160 παράδοσις,
1614 1085 1680 1137 τὰ
1743 1085 1832 1156 μὲν

230 1175 618 1247 παραιτουμένη
663 1169 821 1232 δῆθεν
860 1181 959 1227 τῶν
1001 1173 1408 1252 ἁμαρτημάτων,
1458 1176 1524 1226 τά
1572 1169 1631 1226 6":
1672 1168 1831 1224 ἀδια-

231 1266 403 1336 φόρως
431 1263 711 1338 αἱρουμένη
738 1280 751 1294 ’
780 1269 869 1318 καὶ
916 1266 1053 1318 κατά
1080 1269 1172 1340 μέν
1212 1285 1361 1318 τινων
1408 1259 1648 1338 σφοδρως
1695 1259 1832 1334 ἀγαη

227 1359 432 1406 πατεῖν
471 1358 914 1429 προσποιουμένη,
949 1355 1055 1407 οἷον
1100 1359 1274 1428 φόνου,
1306 1358 1396 1406 καὶ
1432 1357 1698 1427 μοιχείας,
1744 1355 1834 1405 καὶ

228 1447 331 1492 τῶν
379 1441 661 1495 τοιούτωνο
710 1443 776 1495 τά
815 1439 873 1496 δὲ
926 1440 1050 1496 ούδὲ
1101 1442 1262 1518 ψιλῆς
1312 1451 1437 1516 γοῦν
1486 1441 1833 1516 ἐπιτιμήσεως

229 1530 360 1590 ἄξια
387 1535 645 1605 κρίνουσα
665 1532 800 1604 (81),
834 1532 937 1586 οἷον
969 1532 1149 1608 ὀργὴν,
1183 1534 1209 1594 ἣ
1257 1529 1544 1606 λοιδορίαν,
1578 1533 1606 1590 ἣ
1649 1533 1834 1604 μέθην,

232 1621 261 1678 ὲ
304 1619 617 1689 πλεονεξίαν,
648 1625 739 1674 καὶ
786 1623 886 1675 ὅσα
932 1631 1170 1692 τοιαῦτα,
1197 1622 1315 1676 καθ’
1364 1621 1430 1674 ὧν
1471 1621 1707 1676 ἁπάντων
1745 1623 1835 1672 καὶ

1943 456 2158 530 piatur.
2191 459 2413 516 Deinde
2442 459 2611 516 dicit:
2636 461 2711 517 Et
2731 461 2793 516 in
2816 461 3229 532 captivitatem
3259 459 3593 530 redigentes

1942 562 2169 604 omnem
2192 549 2561 606 intellectum
2583 550 2646 611 in
2669 549 3010 622 obsequium
3025 549 3258 607 Christi
3269 551 3338 618 63;
3356 549 3598 612 Omnem

1941 635 2314 695 intellectum
2347 655 2468 695 non
2497 639 2682 712 hunc,
2714 645 2818 696 aut
2853 639 3044 697 illum.
3075 640 3157 698 Et
3205 640 3266 696 in
3313 644 3602 716 promptu

1944 722 2227 784 habentes
2274 727 2542 786 ulcisci63
2569 747 2582 798 ;
2613 732 2670 786 et
2707 729 2804 786 hic
2851 745 3062 786 rursus
3109 745 3235 785 non
3279 729 3462 800 hanc,
3499 730 3604 806 aut

1944 813 2129 883 illam,
2153 817 2259 874 sed
2292 819 2534 876 Omnem
2563 820 3109 878 inobedientiam“.
3137 817 3403 876 Profecto
3432 817 3602 874 dece-

1943 905 2027 978 pit
2056 921 2166 961 nos
2196 907 2462 978 pessima
2492 908 2870 966 consuetudo
2895 927 2907 966 :
2937 908 3206 982 profecto
3233 921 3602 977 magnorum

1943 993 2244 1052 malorum
2288 997 2464 1054 nobis
2495 1014 2680 1058 causa
2724 997 2944 1056 exstitit
2971 1013 3252 1072 perversa
3280 995 3602 1054 hominum

1943 1084 2206 1154 traditio,
2234 1103 2370 1160 quae
2401 1088 2696 1155 videlicet,
2744 1088 2938 1146 vitatis
2987 1087 3290 1164 aliquibus
3337 1084 3601 1160 peccatis

1944 1174 2063 1232 alia
2108 1175 2518 1236 indifferenter
2565 1179 2899 1246 admiserit,
2944 1194 3206 1254 quaeque
3249 1177 3399 1234 dum
3443 1191 3507 1231 se
3539 1174 3602 1232 in

1945 1263 2148 1338 aliqua
2167 1266 2414 1338 quidem
2435 1268 2822 1326 vehementer
2839 1267 3141 1338 indignari
3164 1263 3607 1332 simulat,velut

1944 1353 2006 1410 in
2056 1353 2471 1429 homicidium,
2503 1358 3010 1430 adulteriumque,
3043 1361 3100 1414 et
3129 1356 3190 1414 in
3221 1355 3338 1414 alia
3367 1353 3604 1426 generis

1945 1443 2460 1520 ejusdem,aliqua
2479 1464 2618 1503 vero
2641 1463 2715 1504 ne
2745 1446 3004 1521 simplici
3035 1446 3280 1520 quidem
3311 1443 3607 1518 objurga»

1945 1532 2104 1590 tione
2132 1534 2315 1606 digna
2337 1535 2592 1608 judicat,
2623 1537 2784 1594 velut
2805 1537 2981 1605 iram,
3009 1541 3114 1594 aut
3138 1533 3480 1592 convicium
3502 1533 3610 1598 aut

1945 1621 2383 1693 temulentiam,
2414 1631 2516 1683 aut
2541 1627 2878 1696 avaritiam,
2907 1631 2964 1682 et
2995 1627 3045 1684 si
3081 1641 3207 1699 qua
3234 1628 3374 1682 sunt
3401 1623 3496 1682 his
3524 1620 3604 1680 si-

232 1706 475 1782 ἀλλαχοῦ
541 1706 704 1764 ἔδωκε
762 1717 857 1771 τὴν
905 1711 1068 1771 αύτὴν
1128 1711 1388 1785 ἀπόφασιν
1443 1713 1467 1764 ό
1517 1709 1564 1763 ἐν
1618 1716 1833 1784 Χριστῷ

1949 1711 2134 1780 milia,
2162 1713 2449 1770 adversus
2479 1731 2614 1788 qua:
2642 1716 2848 1772 omnia
2877 1715 3059 1776 etiam
3087 1713 3231 1770 alibi
3279 1710 3495 1770 Paulus
3539 1709 3604 1766 in

230 1796 401 1849 λαλῶν
451 1797 673 1868 Παῦλος,
717 1799 868 1853 εἰπὼν
899 1803 978 1853 ὅτι
1009 1822 1022 1835 ·
1058 1801 1124 1854 Οἰ
1153 1802 1219 1854 τὰ
1255 1808 1474 1855 τοιαῦτα
1519 1802 1836 1874 πράσσοντες

237 1886 380 1952 ἄξιοι
435 1887 656 1943 θανάτου
699 1889 854 1944 εἰσίν.
902 1889 1070 1943 ’Ὅπου
1123 1887 1182 1944 δὲ
1227 1895 1327 1944 πᾶν
1380 1890 1574 1964 ὕψωμα
1620 1887 1837 1964 ἐπαιρό-

241 1996 391 2050 μενον
433 1979 569 2030 κατὰ
618 1985 714 2040 τῆς
756 1984 994 2052 γνώσεως
1034 1986 1123 2034 τοῦ
1174 1987 1306 2034 Θεοῦ
1355 1981 1700 2051 καθαίριίται,
1746 1981 1836 2031 καὶ

240 2072 343 2119 πᾶν
372 2070 542 2140 νόημα
587 2067 654 2129 εἰς
693 2071 786 2127 τήν
827 2071 1060 2130 ὑπακοὴν
1102 2078 1192 2123 τοῦ
1235 2078 1470 2144 Χριστοῦ
1502 2067 1836 2142 αἰχμαλωτί-

247 2155 414 2221 ζεται,
464 2159 551 2210 καὶ
604 2163 753 2212 πᾶσα
807 2165 1045 2232 παρακοὴ
1116 2159 1303 2222 ἐπίσης
1367 2154 1652 2211 ἐκδικεῖται
1700 2158 1834 2228 (82),

249 2242 354 2298 ἐκεῖ
397 2241 548 2312 ,οὐδὲν
601 2245 958 2324 ἀκαθαίρετον,
1010 2244 1160 2303 οὐδὲν
1219 2245 1557 2310 ἀνεκδίκητον
1609 2246 1833 2320 ἀφίεται,

242 2330 394 2387 οὐδὲν
429 2345 526 2396 τῆς
574 2342 666 2390 τοῦ
717 2343 951 2412 Χριστοῦ
1003 2337 1234 2399 ύπακοῆς
1291 2337 1431 2398 ἐκτός
1483 2335 1832 2394 ἀπολείπεται.

244 2427 422 2476 Κοινόν
460 2427 561 2501 γὰρ
609 2427 700 2479 καὶ
742 2430 990 2499 μέγιστον
1041 2424 1284 2501 ἀσέϐημα
1319 2429 1454 2480 κατά
1481 2429 1658 2494 πάσης
1697 2445 1833 2501 παρ-

241 2520 400 2574 ακοῆς
448 2509 636 2578 ἔδειξεν
676 2513 702 2566 ὁ
742 2513 1028 2579 ἀπόστολος
1059 2516 1282 2584 Παῦλος,
1312 2515 1468 2570 ἐκεῖνο
1509 2517 1662 2570 εἰπών
1689 2537 1700 2550 ο
1742 2515 1835 2580 ⁸ος

240 2599 284 2657 ἓν
341 2605 482 2678 νόμῳ
539 2610 839 2680 καυχᾶσαι,
901 2601 995 2658 διὰ
1048 2615 1145 2669 τῆς
1208 2604 1554 2682 παραϐάσεῶς
1609 2613 1700 2658 τοῦ
1747 2609 1836 2657 νό-

237 2713 335 2766 μον
381 2697 470 2745 τὸν
529 2698 656 2748 Θιον
696 2693 986 2768 ἀτιμάζεις.
1033 2693 1168 2748 Ἀλλ’
1211 2697 1316 2772 ἄρα
1361 2700 1432 2772 μὴ
1484 2704 1650 2748 ταῦτα
1694 2694 1836 2768 λόγοι

239 2786 412 2857 μόνον,
445 2787 537 2835 καὶ
584 2783 641 2836 ού
691 2788 1006 2861 πράγματα
1041 2781 1182 2840 Ἰδοὺ
1219 2789 1388 2838 τοίνυν
1414 2807 1425 2819 ·
1461 2784 1508 2838 ἓν
1550 2785 1782 2862 Κορίνθῳ
1811 2786 1836 2836 ό

237 2877 329 2930 τὴν
373 2880 602 2944 γυναῖκα
639 2882 730 2926 τοῦ
779 2879 975 2954 πατρὸς
1013 2878 1169 2950 ἔχων,
1221 2872 1372 2929 ούδὶν
1429 2877 1592 2952 ἕτερον
1650 2874 1836 2948 ἐγκλη-

243 2964 346 3023 θεὶς
378 2963 421 3016 εἰ
450 2967 523 3035 μὴ
557 2971 708 3018 τοῦτο
734 2968 908 3038 μόνον,
937 2965 995 3018 ού
1021 2969 1173 3039 μόνον
1200 2965 1358 3028 αύτός
1381 2961 1742 3040 παραδίδοται
1766 2972 1836 3036 τῷ

1949 1802 2178 1860 Christo
2197 1803 2453 1878 loquens
2482 1806 2759 1865 eamdem
2783 1805 3142 1864 sententiam
3171 1801 3439 1877 protulit,
3461 1816 3604 1858 cum

1947 1896 2135 1960 dixit:
2175 1897 2289 1965 Qui
2332 1896 2484 1954 talia
2530 1903 2744 1966 agunt,
2777 1896 2948 1968 digni
2993 1900 3134 1952 sunt
3179 1899 3371 1950 morte
3391 1893 3461 1946 ⁸⁵.
3493 1888 3606 1947 Ubi

1947 2005 2086 2047 vero
2107 1988 2303 2046 omnis
2324 1986 2596 2052 altitudo,
2614 2001 2750 2060 qua:
2776 2000 2840 2040 se
2860 1983 3147 2040 adversus
3169 1981 3272 2040 Dei
3291 1979 3605 2038 scientiam

1947 2079 2194 2148 extollit,
2227 2077 2566 2143 destruitur,
2597 2075 2916 2147 omnisque
2946 2071 3281 2130 intellectus
3329 2067 3604 2142 captivus

1947 2169 2185 2224 ducitur
2211 2166 2289 2224 ad
2333 2165 2741 2226 obediendum
2792 2163 3046 2228 Christo,
3077 2166 3135 2218 et
3163 2158 3362 2218 omnis
3389 2156 3604 2214 inobe-

1946 2257 2171 2315 dientia
2198 2256 2506 2331 aequaliter
2555 2256 2828 2329 punitur,
2850 2253 2936 2318 ibi
2960 2251 3110 2312 nihil
3151 2254 3430 2326 superest
3475 2261 3602 2306 non

1945 2347 2347 2416 destructum,
2374 2345 2523 2404 nihil
2558 2344 2874 2404 remittitur
2904 2359 3027 2405 non
3057 2341 3360 2416 punitum,
3390 2335 3542 2394 nihil
3564 2351 3606 2398 ιι

1949 2437 2160 2494 Christi
2188 2435 2531 2494 obedientia
2557 2434 2870 2492 exclusum
2914 2431 3290 2506 relinquitur.
3321 2430 3598 2486 Commu-

1945 2543 2086 2586 nem
2117 2527 2275 2584 enim
2307 2531 2364 2583 et
2386 2526 2721 2584 maximam
2753 2523 3121 2597 impietatem
3150 2521 3211 2578 in
3237 2516 3444 2576 omnia
3470 2517 3598 2571 ino-

1944 2615 2250 2673 bedientia
2275 2616 2454 2674 sitam
2479 2631 2612 2672 esse
2650 2612 2959 2687 apostolus
2984 2609 3204 2670 Paulus
3246 2603 3596 2672 declaravit,

1945 2705 2040 2762 his
2071 2705 2271 2763 verbis
2299 2724 2313 2762 :
2350 2707 2466 2774 Qui
2490 2707 2553 2763 in
2577 2705 2705 2775 tege
2739 2703 3041 2778 gloriaris,
3069 2716 3180 2772 per
3220 2696 3595 2770 praevarica-

1947 2797 2164 2854 tionem
2188 2797 2332 2866 tegis
2350 2797 2534 2854 Deum
2554 2794 2964 2854 inhonorus“.
2984 2791 3095 2849 Sed
3116 2785 3394 2862 nunquid
3413 2783 3602 2840 verba

1944 2886 2075 2942 haec
2100 2890 2238 2943 sunt
2265 2884 2466 2942 solum
2499 2885 2628 2944 sine
2657 2884 2762 2942 re?
2795 2887 2939 2940 Ecce
2969 2881 3148 2952 igitur
3177 2879 3282 2954 qui
3312 2879 3372 2934 in
3397 2875 3599 2934 Corin-

1945 2975 2049 3032 tho
2077 2990 2326 3030 uxorem
2357 2972 2544 3044 patris
2574 2971 2857 3041 habebat,
2887 2971 2989 3044 qui
3025 2986 3184 3034 cum,
3215 2969 3331 3024 hoc
3358 2981 3476 3024 uno
3503 2979 3600 3019 ex-

243 3059 441 3123 Σατανᾲ
474 3052 546 3115 εἰς
589 3053 792 3126 ὄλεθρον
836 3064 930 3117 τῆς
963 3059 1176 3129 σαρκός,
1209 3056 1373 3127 ἄχρις
1410 3053 1469 3106 ἀν
1515 3061 1624 3117 τοῖς
1670 3052 1834 3117 ἀξίοις

1949 3063 2138 3132 cepto,
2160 3057 2383 3114 nullius
2410 3055 2649 3112 alterius
2669 3055 2878 3126 ﬂagitii
2907 3052 3370 3142 insimularetur,
3397 3054 3598 3142 tamen

240 3152 333 3204 hic
361 3146 640 3214 μετανοίας
689 3152 909 3217 καρποῖς
949 3141 1313 3219 διορθὼσηται
1353 3147 1410 3198 τὸ
1458 3143 1833 3216 πλημμέλημα,

241 3238 412 3286 πᾶσαν
455 3228 517 3286 δι
564 3232 694 3305 ὁμοῦ
732 3237 826 3291 τὴν
881 3233 1190 3292 Ἐκκλησίαν
1230 3235 1364 3304 (83).
1412 3233 1519 3288 ἐπεὶ
1574 3238 1645 3306 μὴ
1697 3231 1838 3296 ἐπεξιι

242 3319 364 3394 ῆλγε
403 3329 477 3392 τῷ
521 3320 881 3395 ἁμαρτήματι,
923 3320 1131 3384 ὶκείνοις
1183 3321 1476 3396 περιϐάλλει
1511 3329 1615 3386 τοῖς
1654 3321 1840 3393 ἐγκλὴν

240 3429 436 3482 pudor
493 3415 557 3464 Τί
619 3410 817 3477 Odere;
877 3411 959 3466 Ἐν
1023 3409 1208 3487 ῥάϐδῳ
1272 3411 1400 3468 ῧθω
1466 3415 1597 3485 πρός
1661 3413 1836 3485 ύμᾶςς

239 3503 328 3550 καί
379 3499 491 3572 μετ’
546 3497 734 3571 ὀλίγα·
789 3505 888 3554 Καὶ
938 3501 1081 3574 ύμιῖς
1123 3505 1505 3573 πεφυσιωμένοι
1561 3499 1696 3567 ἐστε,
1747 3504 1838 3553 καὶ

241 3587 366 3660 ούχί
438 3586 632 3661 μᾶλλον
711 3587 1064 3660 ἐπενθήσατε,
1129 3592 1211 3644 ἱνα
1285 3588 1471 3664 ἐξαρθῇ
1542 3589 1596 3643 ἑκ
1674 3593 1836 3662 μέσου

239 3679 378 3752 ὑμῶν
424 3679 453 3730 ὀ
511 3681 570 3731 τό
624 3681 773 3753 ἔργον
819 3686 970 3734 τοῦτο
1027 3680 1247 3752 πράξας.
1303 3683 1367 3734 Τί
1415 3675 1474 3732 δὲ
1529 3681 1634 3753 ἄρα
1682 3680 1837 3734 Ἀναι-

235 3773 370 3833 νίας,
415 3768 442 3819 ό
495 3766 541 3820 ἐν
590 3775 698 3828 ταῖς
747 3769 1008 3842 Πράξισι;
1058 3773 1121 3823 Τί
1175 3769 1298 3822 ἄλλο
1345 3772 1504 3822 κακόν
1547 3774 1839 3831 πεποιηκὼς

237 3858 537 3930 εὑρίσκεται
581 3858 608 3916 ἦ
652 3856 809 3914 ἐκεῖνο
847 3858 1014 3926 atii-6;
1059 3865 1167 3912 Ποῦ
1210 3864 1380 3914 τοίνυν
1427 3861 1686 3920 τοσαύτης
1725 3858 1839 3929 (84)

234 3946 394 4019 ὀργῆς
443 3946 589 4010 ἀξιον
634 3953 901 4020 (patuerat;
946 3945 1110 4002 Ἰὃιον
1149 3957 1327 4022 κτῆμα
1353 3947 1625 4015 πωλήσας,
1659 3952 1840 4020 ἤνεγκε

233 4039 298 4088 τά
339 4040 624 4109 χρήματα,
657 4041 747 4090 καὶ
777 4039 928 4097 ἔθηκε
965 4039 1112 4110 παρὰ
1158 4041 1281 4100 τοὺς
1333 4034 1505 4100 πόδας
1551 4045 1650 4096 τῶν
1703 4035 1840 4089 ἀπο-

235 4125 434 4179 στόλων
467 4145 480 4157 ο
512 4129 885 4198 νοσφισάμενος
929 4125 1029 4179 ἀπὸ
1055 4134 1148 4188 τῆς
1177 4134 1355 4200 τιμῆς,
1389 4125 1474 4182 ἐπὶ
1520 4129 1687 4197 τούτῳ
1716 4143 1842 4200 παρ⁹

229 4216 396 4274 αὐτὴν
438 4219 534 4273 τὴν
588 4217 722 4289 ὤραν
750 4216 868 4287 (85)
897 4216 1010 4288 ἅμα
1044 4223 1107 4288 τῇ
1149 4221 1360 4288 γυναικὶ
1415 4217 1631 4269 θάνατον
1677 4234 1841 4269 κατα-

228 4300 534 4370 δικάζεται,
570 4300 692 4360 ούδὶ
728 4308 847 4366 τοὺς
896 4309 1009 4380 περὶ
1057 4313 1151 4368 τῆς
1194 4310 1472 4378 μετανοίας
1517 4299 1844 4378 λόγους,ὶπὶ

1943 3164 2067 3209 non
2097 3146 2290 3203 solum
2327 3145 2453 3218 ipse
2498 3145 2750 3202 traditur
2789 3145 3023 3200 Satanae
3068 3139 3148 3195 ad
3190 3137 3386 3194 carnis
3419 3137 3598 3190 inter-

1945 3239 2116 3304 itum,
2135 3235 2330 3292 donec
2361 3233 2562 3304 dignis
2582 3232 2945 3306 poenitentiae
2969 3229 3263 3286 fructibus
3285 3223 3598 3282 emendas-

1945 3332 2033 3388 set
2061 3331 2400 3400 peccatum,
2433 3323 2539 3381 sed
2571 3323 2914 3378 universam
2959 3322 3128 3396 22],
3181 3315 3360 3376 simul
3404 3313 3598 3370 Eccle-

1947 3417 2122 3484 siam,
2143 3415 2309 3489 quod
2333 3413 2395 3470 id
2424 3413 2618 3470 scelus
2639 3411 2764 3470 ulta
2790 3427 2914 3470 non
2935 3407 3421 3479 esset,consciam
3441 3404 3596 3476 ejus-

1944 3508 2085 3564 dem
2119 3504 2385 3562 criminis
2423 3502 2694 3559 eﬂecit“.
2737 3501 2893 3569 Quid
2935 3500 3160 3557 vultis?
3189 3500 3259 3554 In
3298 3497 3470 3565 virga
3508 3507 3599 3550 ve-

1945 3592 2108 3648 niam
2140 3589 2222 3646 ad
2248 3605 2348 3646 vos
2367 3589 2413 3625 ⁶³
2435 3588 2462 3644 ?
2491 3591 2557 3643 Et
2581 3586 2763 3660 paulo
2783 3590 2954 3660 post:
2989 3586 3063 3640 Et
3092 3598 3191 3639 vos
3219 3580 3418 3651 inﬂati
3439 3578 3596 3639 estis,

1945 3685 2002 3738 et
2019 3696 2140 3736 non
2163 3679 2352 3752 magis
2376 3679 2597 3735 luctum
2621 3675 2934 3740 habuistis,
2951 3679 3015 3729 ut
3038 3673 3294 3729 tollatur
3315 3668 3387 3724 de
3407 3665 3598 3722 medio

1946 3777 2208 3828 vestrum
2240 3771 2346 3840 qui
2386 3768 2496 3825 hoc
2526 3783 2673 3838 opus
2699 3768 2844 3837 fecit
2867 3767 2937 3820 ⁸9.
2972 3761 3125 3829 Quid
3153 3775 3294 3816 vero
3335 3755 3600 3812 Ananias

1947 3859 2066 3924 ille,
2099 3859 2269 3930 cujus
2301 3857 2526 3914 mentio
2553 3861 2645 3912 est
2674 3856 2734 3912 in
2757 3853 2917 3910 Actis
2943 3855 2988 3887 7°
3009 3853 3037 3909 ?
3068 3849 3389 3918 Quodnam
3435 3842 3602 3901 aliud

1947 3948 2176 4007 malum
2204 3953 2584 4021 perpetrasse
2605 3944 2924 4006 invenitur,
2940 3945 3155 4016 praeter
3192 3937 3339 3996 illud
3360 3933 3600 4009 ipsum?

1951 4039 2062 4096 Ubi
2082 4037 2260 4107 igitur
2280 4041 2552 4110 apparet.
2574 4035 2778 4108 ipsum
2802 4035 2891 4089 ira
2911 4035 3082 4088 tanta
3101 4029 3354 4097 dignam
3379 4022 3601 4082 fuisse?

1952 4127 2281 4185 Dividentis
2305 4126 2427 4182 suis
2456 4123 2866 4187 facultatibus,
2897 4118 3091 4178 attulit
3119 4115 3434 4192 pecunias,
3461 4129 3599 4169 eas-

1951 4234 2071 4292 que
2101 4224 2238 4274 ante
2259 4215 2672 4288 apostolorum
2695 4212 2880 4285 pedes
2900 4208 3180 4284 deposuit
3204 4226 3216 4260 :
3245 4205 3351 4262 sed
3376 4209 3600 4269 tamen,

1951 4306 2114 4380 quod
2147 4306 2414 4380 aliquam
2436 4303 2604 4378 pretii
2624 4307 2856 4376 partem
2876 4299 3262 4372 seposuisset,
3286 4297 3604 4368 propterea

227 4402 300 4466 τῷ
347 4393 690 4467 ἁμαρτήματι
735 4395 915 4466 μαθεῖν
963 4394 1334 4466 καταξιωθεὶς,
1373 4395 1434 4448 ού
1481 4403 1573 4448 τοῦ
1620 4415 1834 4448 κατανυ-

1952 4395 2165 4454 eadem
2187 4396 2336 4452 hora
2358 4409 2483 4450 una
2512 4409 2650 4450 cum
2674 4407 2856 4448 uxore
2879 4393 3068 4446 morte
3095 4387 3392 4461 plectitur.
3414 4399 3488 4440 ne
3517 4381 3602 4440 di-

225 4491 386 4553 γῆναι
442 4489 570 4552 γοῦν
629 4481 712 4534 ἐπὶ
768 4485 936 4555 τούτῳ
995 4487 1178 4556 καίρόν
1238 4486 1419 4557 εὑρὼν,
1479 4484 1536 4536 ού
1594 4492 1685 4538 τοῦ
1743 4505 1839 4557 με·

224 4582 492 4630 τακῆσαι
529 4573 848 4644 προθεσμίαν
899 4571 1090 4628 λαϐὼν.
1123 4572 1181 4623 Ὀ
1233 4569 1292 4625 δὲ
1341 4581 1433 4625 τοῦ
1463 4576 1701 4626 τοιούτου
1747 4578 1835 4626 καὶ

223 4661 546 4720 τηλικούτου
593 4665 845 4734 κρίματος
893 4663 1179 4736 ὑπηρέτης,
1220 4664 1246 4715 ὁ
1289 4671 1384 4725 τῆς
1433 4665 1698 4726 τοσαύτης
1745 4672 1837 4716 τοῦ

297 4852 350 4888 ⁸³
390 4853 440 4907 ll
481 4851 614 4906 Cor.
656 4863 710 4916 Χ,
752 4851 802 4905 5.
880 4848 929 4886 ⁸³
967 4845 1116 4908 ibid.
1157 4852 1211 4907 6.

221 4940 302 4994 iv,
344 4926 440 4980 2L
518 4922 566 4958 ι’
607 4921 626 4977 t
662 4922 791 4977 Cor.
835 4933 890 4991 ν,
927 4921 1017 4977 2t.

1288 4850 1337 4885 “
1374 4847 1526 4909 ibid.

1092 4921 1143 4956 το
1181 4925 1308 4979 Act.
1349 4938 1407 4992 γ,
1451 4923 1611 4988 l-tt,

297 5086 419 5152 (at)
459 5085 603 5154 Reg.
649 5083 854 5142 tertius
901 5087 958 5141 et
1009 5083 1194 5141 editio
1241 5085 1383 5155 Ven.
1438 5083 1501 5142 in
1558 5082 1831 5155 margine

222 5156 353 5218 ἄξια
380 5157 612 5220 τιθεῖσα,
645 5171 831 5212 sensu
859 5171 981 5212 non
1009 5154 1305 5212 dissimili.

295 5228 416 5297 (82)
457 5225 634 5291 Quod
663 5227 746 5283 ait
779 5226 1050 5293 Basilius,
1079 5225 1554 5285 inobedientiam
1584 5241 1825 5283 omnem

224 5314 300 5370 ex
347 5314 534 5370 aequo
581 5297 780 5369 plecti,
832 5313 954 5370 non
997 5297 1580 5370 itaqintelligendum
1623 5303 1730 5370 est,
1764 5303 1829 5370 ut

221 5369 390 5426 idem
426 5367 622 5440 'plane
669 5367 1030 5442 supplicium
1071 5368 1365 5442 de__omni
1415 5367 1828 5442 inobedientia

224 5438 549 5498 sumatur:
583 5439 694 5510 sed
733 5438 835 5510 sic,
871 5444 936 5496 ut
964 5439 1374 5496 inohedientia
1402 5440 1626 5500 omnis.
1659 5438 1827 5510 nulla

225 5517 500 5584 excepta,
531 5509 861 5584 plectatur;
895 5511 1130 5584 etiamsi
1166 5510 1304 5577 alia,
1337 5511 1570 5584 peccati
1614 5509 1826 5577 habita

226 5581 480 5653 ratione,
513 5581 622 5640 aut
650 5581 894 5655 gravius
923 5581 1225 5653 multetur,
1261 5581 1366 5640 aut
1393 5581 1598 5656 levius,

1602 4852 1648 4886 ⁵⁵
1692 4852 1863 4918 Rom.
1901 4865 1941 4922 ι,
1981 4852 2068 4905 32.

1951 4502 2105 4556 gnus
2125 4485 2373 4558 quidem
2402 4482 2645 4537 habitus
2670 4479 2773 4554 qui
2800 4479 2874 4535 de
2897 4477 3135 4549 agenda
3163 4476 3243 4532 ob
3265 4475 3601 4531 admissum

1949 4579 2264 4649 peccatum
2295 4572 2652 4645 poenitentia
2675 4570 3010 4643 quidquam
3045 4567 3301 4631 audiret,
3332 4579 3456 4624 non
3497 4561 3602 4649 qui

1947 4647 2160 4717 saltem
2184 4658 2480 4715 obtineret
2501 4661 2758 4728 tempus,
2782 4671 2906 4729 quo
2936 4653 3015 4710 ob
3045 4652 3242 4709 scelus
3271 4647 3602 4721 compungi

2145 4849 2193 4884 ⁵⁸
2232 4849 2402 4906 Rom.
2441 4863 2502 4914 ιι,
2542 4851 2598 4902 2.
2674 4845 2718 4880 ⁶¹¹
2764 4847 2781 4900 l
2821 4844 2952 4900 Cor.
2994 4858 3050 4911 v,
3099 4844 3210 4896 1-5.
3299 4837 3347 4872 ⁸⁸
3387 4837 3406 4890 I
3452 4834 3591 4890 Cor.

2013 5083 2130 5152 (83)
2170 5081 2360 5137 Editio
2388 5079 2571 5136 Paris.
2605 5077 2732 5132 ἀλλά
2755 5080 2846 5129 καὶ
2872 5079 3021 5152 πᾷσα
3047 5073 3183 5152 όμοῦ
3213 5070 3243 5126 ἡ
3290 5066 3596 5152 Ἐκκλησία,

1938 5141 2238 5211 corrupte.
2282 5152 2467 5208 Editio
2513 5153 2654 5205 Ven.
2695 5155 2753 5204 et
2795 5144 2982 5202 nostri
3041 5141 3160 5198 tres
3209 5155 3356 5196 mss.
3408 5141 3491 5194 ita
3535 5141 3600 5194 ut

1937 5222 2243 5282 edendum
2273 5222 2644 5280 curavimus.

2007 5298 2120 5367 (84)
2159 5299 2302 5365 Reg.
2334 5296 2564 5367 primus
2610 5298 2709 5344 ποῦ
2757 5297 2844 5342 νῦν
2884 5288 3168 5345 τοσαύτης.
3205 5286 3346 5352 Reg.
3380 5296 3595 5337 secun-

1935 5366 2052 5423 dus
2083 5370 2232 5421 ὅπου.

2007 5442 2122 5508 (85)
2163 5439 2256 5494 Sic
2285 5453 2428 5494 mss.
2463 5433 2670 5494 nostri.
2709 5431 2898 5494 Editio
2949 5428 3132 5491 Paris.
3165 5432 3254 5483 καὶ
3305 5426 3389 5482 ἐπὶ
3431 5430 3600 5498 τούτῳ

1931 5529 2036 5584 παρ
2087 5529 2246 5569 αυτην
2277 5529 2436 5586 ωραν.
