4100 6196
585 308 691 363 655

586 429 651 486 in
677 443 748 486 eo
778 425 943 483 statu
970 421 1075 480 diu
1102 415 1598 494 permansissem,
1645 417 1705 471 et
1732 429 1871 473 eam
1900 422 2091 485 quam
2122 403 2248 462 dixi

587 531 839 575 causam
858 511 1172 581 diligenter
1195 508 1629 581 perscrutarer,
1673 503 1821 561 mihi
1866 501 1931 558 in
1978 498 2246 554 mentem

586 605 751 663 venit
798 601 936 661 libri
977 597 1283 663 Judicum,
1333 594 1441 668 qui
1491 596 1698 650 narrat
1743 598 2247 662 unumquemque

588 695 797 753 fecisse
838 688 1007 763 quod
1050 687 1120 757 in
1163 683 1353 743 oculis
1409 682 1534 739 suis
1580 685 1815 739 rectum
1863 681 2012 745 erat,
2067 679 2249 747 atque

591 783 772 842 etiam
792 793 1043 837 causam
1071 776 1206 848 ejus
1236 773 1322 831 rei
1355 771 1643 841 declarat,
1693 770 1789 828 his
1831 765 2127 825 verbis“:
2171 763 2247 818 In

589 871 793 930 diebus
820 868 950 925 illis
968 881 1091 924 non
1124 869 1255 921 erat
1283 877 1397 919 rex
1445 863 1509 918 in
1546 860 1762 917 Israel.
1803 860 2028 915 Horum
2069 851 2251 923 igitur

590 976 729 1019 cum
759 956 907 1016 mihi
936 956 996 1012 in
1013 956 1280 1011 mentem
1302 949 1582 1017 venisset,
1597 948 1745 1005 illud
1758 959 2003 1021 quoque
2013 942 2089 998 de
2099 957 2249 1014 prae-

591 1049 747 1107 senti
791 1062 996 1105 rerum
1041 1047 1199 1101 statu
1247 1038 1626 1110 excogitavi:
1668 1035 1838 1110 quod
1888 1035 2037 1091 forte
2085 1030 2249 1087 dictu

589 1138 839 1214 quidem
868 1132 1243 1192 horrendum
1274 1133 1368 1186 est
1394 1133 1453 1184 et
1480 1125 1781 1192 mirabile,
1810 1123 1916 1180 sed
1938 1129 2166 1186 tamen,
2198 1120 2250 1176 si

585 1209 973 1298 intelligatur,
1012 1219 1399 1279 verissimum
1430 1220 1537 1274 est.
1578 1217 1732 1272 Num
1775 1212 2056 1270 videlicet
2094 1209 2250 1266 inter

588 1316 864 1374 Ecclesia:
895 1312 1176 1371 alumnos
1206 1310 1374 1365 tanta
1400 1305 1532 1362 haec
1577 1300 1887 1361 discordia
1924 1315 1997 1356 ac
2036 1312 2250 1372 pugna

586 1404 889 1475 hodieque
900 1399 1203 1457 exoriatur
1216 1396 1298 1453 ob
1311 1394 1492 1452 unius
1507 1391 1716 1464 magni
1725 1391 1969 1463 verique
1984 1392 2041 1445 et
2059 1385 2249 1443 solius

584 1473 1013 1550 universorum
1042 1486 1202 1557 regis
1231 1499 1303 1542 ac
1332 1482 1437 1541 Dei
1465 1484 1901 1553 contemptum,
1927 1492 2068 1534 cum
2087 1473 2249 1549 quis-

585 1596 706 1655 que
735 1579 971 1636 deserat
998 1574 1236 1634 Domini
1263 1571 1453 1630 nostri
1475 1573 1619 1627 Jesu
1645 1567 1861 1626 Christi
1881 1565 2242 1634 doctrinam,

584 1653 644 1727 et
670 1668 973 1744 quaedam
1000 1662 1490 1723 ratiocinationes
1521 1676 1593 1717 ac
1622 1656 1865 1729 regulas
1910 1653 2247 1729 peculiares

1956 284 2015 342 S.
2057 279 2305 339 BASILII
2343 279 2563 337 MAGNI

3845 278 3984 334 656

2358 402 2820 478 πολυπραγμονῶν,
2882 402 2948 464 εἰς
2996 407 3204 476 μνήμην
3259 397 3413 460 ἦλθον
3474 410 3575 465 τῆς
3632 401 3828 477 βίϐλου
3870 412 3989 460 τῶν

2360 500 2584 577 Κριτῶν,
2642 495 2960 568 ἱστορούσης
3006 494 3117 566 μὶν,
3160 493 3241 543 ὅτι
3292 491 3510 553 ἕκαστος
3574 494 3634 545 τό
3702 491 3854 553 εὖθες
3927 492 3987 545 ἐν

2358 580 2643 656 ὀφθαλμοῖς
2667 582 2827 635 αὑτοῦ
2867 580 3046 649 ἐποίει,
3082 576 3351 640 δηλούσης
3401 576 3461 633 δὲ
3512 585 3602 633 καὶ
3642 585 3738 640 τὴν
3789 581 3984 635 αἰτίαν

2356 668 2405 723 ἐν
2452 677 2525 742 τῷ
2573 671 2729 725 εἰπεῖν
2783 671 2897 742 (47)
2948 671 3048 737 ὅτι,
3095 669 3180 722 Ἐν
3252 674 3367 732 ταῖς
3448 672 3669 745 ἡμέραις
3743 669 3987 734 ἐκείναις

2356 758 2449 813 οὐκ
2495 757 2558 819 ἦν
2613 758 2864 834 βασιλεὺς
2929 758 2977 812 ἓν
3051 758 3284 835 Ἰσραήλ.
3357 759 3566 813 Τούτων
3621 763 3796 812 τοίνυν
3862 758 3986 814 ἐπι-

2355 851 2628 923 μνησθεὶς,
2678 848 2994 923 ἐλογισάμην
3044 853 3132 902 καὶ
3178 850 3297 922 περὶ
3340 856 3440 900 τῶν
3476 851 3745 925 παρόντων
3775 848 3977 915 ἐκεῖνο,

2356 940 2479 1013 ὅπερ
2528 938 2685 992 εἰπεῖν
2733 942 2825 1012 μὶν
2878 937 3088 1011 φοϐερόν
3142 941 3271 999 ἴσως
3316 942 3406 990 καὶ
3444 934 3763 1012 παράδοξον,
3798 958 3976 992 κατα-

2355 1037 2545 1088 νοῆσαι
2592 1024 2653 1081 δε
2711 1025 3062 1086 ἀληθέστατον
3089 1047 3104 1061 ο
3164 1029 3245 1078 ὅτι
3293 1032 3494 1099 μήποτε
3549 1032 3639 1079 καὶ
3675 1035 3764 1079 νῦν
3820 1030 3983 1101 παρὰ

2356 1122 2449 1175 τὴν
2505 1124 2598 1169 τοῦ
2640 1115 2751 1177 ἐνὸς
2796 1120 2882 1169 καὶ
2929 1115 3153 1190 μεγάλου
3210 1123 3304 1167 τοῦ
3361 1114 3610 1173 ἀληθινοῦ
3664 1120 3754 1168 καὶ
3801 1122 3980 1189 μόνου

2355 1212 2455 1259 τῶν
2504 1205 2630 1258 ὅλων
2689 1204 2949 1278 βασιλέως
2996 1209 3088 1257 καὶ
3130 1212 3263 1258 Θεοῦ
3308 1202 3555 1262 ἀθέτησιν
3620 1207 3650 1263 ἠ
3720 1208 3977 1264 τοσαύτη

2356 1289 2616 1367 διαφωνία
2664 1298 2755 1347 καὶ
2811 1296 2963 1367 μάχη
3023 1301 3124 1347 τῶν
3177 1291 3226 1345 ἑν
3274 1301 3335 1366 τῇ
3389 1292 3675 1366 Ἐκκλησία
3729 1298 3975 1366 γίνεται,

2356 1382 2575 1435 ἑκάστου
2622 1392 2721 1446 τῆς
2764 1386 2855 1456 μὶν
2894 1401 2984 1435 του
3034 1386 3227 1457 Κυρίου
3279 1383 3426 1455 ἡμῶν
3482 1382 3657 1440 Ἰησου
3715 1391 3975 1456 Χριστου

2356 1468 2712 1533 διδασκαλίας
2785 1470 3156 1545 ἀφισταμένου,
3223 1470 3511 1545 λογισμοὺς
3562 1468 3621 1525 δ”ε
3675 1491 3820 1534 τινας
3875 1478 3981 1525 καί

2354 1562 2506 1636 ὄρους
2583 1558 2752 1624 ἰδίους
2800 1556 3131 1622 ἐκδικουντος
3184 1558 3235 1623 ἐξ
3283 1559 3573 1628 αὐθεντίας,
3627 1565 3717 1613 καὶ
3764 1560 3978 1634 μᾶλλον

2353 1652 2540 1724 ἄρχειν
2601 1648 2692 1702 ἀπ’
2757 1648 2990 1711 ἐναντίας
3032 1668 3125 1701 του
3180 1653 3397 1724 Κυρίου,
3448 1650 3478 1708 ἡ
3529 1651 3799 1723 ἄρχεσθαι
3857 1652 3976 1702 ὑπὸ

586 1734 800 1833 suapte
828 1754 1183 1814 auctoritate
1229 1750 1344 1808 sibi
1390 1752 1652 1820 arroget,
1696 1745 1987 1818 malitque
2030 1742 2245 1800 adver-

2357 1757 2444 1792 του
2476 1742 2671 1812 Κυρίου
2702 1737 3038 1811 βουλομένου.
3084 1744 3248 1792 Τουτο
3304 1734 3372 1796 δὴ
3431 1738 3545 1809 (4-8)
3592 1737 3975 1811 λογισάμενος,

586 1831 1046 1905 sus'Dominum
1073 1842 1374 1914 imperare
1401 1853 1591 1911 quam
1609 1853 1647 1894 a
1667 1835 1922 1893 Domino
1941 1832 2089 1903 regi.
2120 1831 2245 1887 Hoc

583 1938 763 2012 igitur
789 1951 928 1993 cum
951 1948 1193 1991 mecum
1209 1934 1612 2004 reputassem,
1653 1939 1917 1997 cumque
1936 1923 2011 1980 de
2031 1922 2245 1995 impie-

583 2011 721 2084 tatis
757 2020 1178 2094 magnitudine
1216 2018 1523 2086 attonitus,
1555 2015 1803 2072 ulterius
1847 2011 2245 2086 pervestigas-

586 2131 736 2181 sem,
768 2110 1163 2171 nihilominus
1192 2107 1342 2165 mihi
1366 2104 1643 2180 persuasi
1669 2102 1765 2161 vel
1794 2118 1869 2159 ex
1894 2100 1967 2157 iis
2004 2115 2141 2173 quas
2181 2098 2245 2155 in

582 2205 710 2262 vita
735 2203 890 2259 ﬁunt
912 2200 1474 2269 rebus,eam,quam
1502 2191 1781 2266 superius
1801 2189 1949 2257 dixi,
1972 2203 2244 2256 causam,

582 2308 794 2351 veram
820 2305 958 2348 esse
996 2293 1052 2345 et
1081 2300 1460 2358 germanam.
1489 2281 1782 2339 Videbam
1805 2279 1967 2336 enim
1998 2292 2246 2334 omnem

584 2382 951 2459 populorum
971 2375 1357 2449 disciplinam
1368 2377 1548 2446 atque
1560 2368 2023 2459 consensionem
2035 2365 2246 2423 tandiu

583 2452 996 2548 parseverare,
1026 2465 1177 2522 dum
1198 2477 1412 2520 omnes
1442 2458 1700 2533 principi
1726 2456 1833 2514 uni
1850 2456 1915 2513 in
1935 2452 2249 2512 communi

585 2542 1046 2633 obtemperant:
1070 2568 1316 2611 omnem
1339 2565 1486 2607 vero
1514 2545 1883 2605 discordiam
1906 2560 1979 2602 ac
2004 2542 2248 2601 seditio-

585 2666 749 2718 nem,
781 2648 1065 2719 itemque,
1088 2645 1421 2700 inultorum
1448 2637 1855 2711 principatum
1879 2648 1956 2690 ex
1982 2632 2155 2689 ducis
2176 2646 2248 2687 ac

584 2737 878 2814 principis
898 2734 1136 2792 defectu
1154 2728 1475 2804 proﬁcisci.
1516 2726 1651 2783 Vidi
1679 2729 1883 2782 autem
1913 2720 2248 2795 aliquando

585 2811 701 2901 ego
729 2828 863 2901 ipse
883 2839 1069 2898 apum
1100 2827 1368 2878 turmam
1378 2817 1511 2890 lege
1530 2815 1797 2890 quadam
1821 2811 2085 2870 naturali
2105 2826 2249 2867 con-

587 2919 855 2983 ductam,
888 2926 1191 2985 suumque
1219 2922 1426 2979 regem
1457 2909 1691 2963 servato
1731 2903 1942 2961 ordine
1990 2914 2250 2975 sequen-

586 3011 731 3064 tem.
760 3006 832 3061 Et
860 3001 1052 3059 multa
1079 2998 1329 3073 quidem
1363 2995 1508 3052 talia
1544 3009 1658 3064 ego
1688 2991 2000 3065 conspexi,
2030 2988 2248 3046 multa-

589 3112 710 3170 que
752 3091 960 3151 audivi
1006 3104 1221 3146 verum
1263 3086 1442 3160 plura
1468 3086 1770 3141 noverunt
1795 3082 1971 3154 215
2014 3078 2120 3153 qui
2156 3077 2249 3136 bis

586 3167 1028 3254 investigandis
1045 3176 1635 3253 operamnavarunt,
1658 3171 1746 3228 sic
1758 3175 1825 3227 ut
1846 3185 1920 3227 ex
1948 3168 2042 3226 bis
2069 3167 2250 3225 etiam

588 3289 801 3335 verum
824 3286 960 3328 esse
988 3265 1343 3325 ostendatur
1364 3262 1531 3337 quod
1561 3260 1841 3318 dicimus.
1872 3257 1931 3316 Si
1954 3257 2117 3315 enim
2144 3272 2250 3314 eo-

589 3379 730 3423 rum
757 3360 867 3435 qui
895 3357 977 3416 ad
1004 3372 1194 3413 unum
1218 3359 1438 3411 nutum
1473 3349 1830 3424 respiciunt,
1863 3350 1924 3404 et
1961 3361 2102 3418 rege
2125 3360 2250 3403 uno

592 3455 864 3520 utuntur,
896 3446 1182 3522 proprius
1211 3447 1301 3501 est
1327 3440 1481 3499 ordo
1523 3442 1721 3496 rectus
1771 3440 1954 3510 atque
1991 3449 2251 3493 consen-

592 3559 734 3600 sus:
761 3541 890 3598 sine
913 3536 1103 3595 dubio
1132 3532 1432 3591 dissensio
1457 3528 1657 3588 omnis
1694 3531 1754 3585 et
1803 3525 2020 3583 seditio
2074 3539 2253 3595 argu-

593 3634 798 3690 mento
817 3632 927 3698 est,
943 3642 1068 3684 non
1094 3638 1227 3682 esse
1247 3621 1354 3695 qui
1384 3620 1656 3694 imperet.
1674 3620 1879 3690 Itaque
1902 3615 2018 3672 hac
2037 3613 2253 3677 eadem

590 3721 844 3787 ratione,
868 3712 1172 3789 ejusmodi
1203 3708 1501 3768 dissensio
1536 3711 1750 3765 mutua
1793 3721 1932 3778 quas
1980 3704 2043 3761 in
2070 3702 2252 3760 nobis

591 3809 886 3884 reperitur
900 3811 1025 3864 tam
1041 3802 1338 3862 adversus
1352 3798 1593 3856 Domini
1610 3799 1933 3869 praecepta,
1950 3808 2139 3866 quam
2150 3791 2254 3849 ad-

591 3915 802 3958 versus
830 3892 1266 3966 nosmetipsos,
1285 3887 1510 3946 indicio
1538 3886 1635 3952 sit,
1668 3901 1782 3943 nos
1813 3887 1917 3941 aut
1942 3898 2088 3939 vero
2111 3895 2253 3951 rege

593 3987 917 4046 secessisse
948 3984 1124 4056 juxta
1151 3977 1330 4036 illud:
1371 3977 1630 4034 Tantum
1658 3975 1763 4046 qui
1787 3977 1947 4029 tenet
1972 3986 2154 4037 nunc,
2175 3975 2253 4026 te-

591 4083 752 4151 neat,
773 4077 960 4133 donec
978 4068 1299 4129 abcesserii
1325 4067 1366 4103 ιτ
1399 4081 1413 4122 :
1457 4068 1564 4121 aut
1592 4079 1733 4120 eum
1771 4075 1997 4131 negare
2044 4074 2252 4116 secun-

2351 1831 2442 1880 καὶ
2491 1831 2623 1902 πρὸς
2676 1831 2735 1879 τὸ
2791 1825 3107 1901 ὑπερϐάλλον
3162 1832 3258 1887 τῆς
3323 1824 3562 1889 ἀσεϐείας
3618 1825 3973 1900 ἐπτοημένος,

2352 1915 2437 1970 ἰπὶ
2491 1915 2663 1969 πλεῖόν
2704 1934 2759 1969 τε
2810 1915 3039 1990 ἐρευνῶν,
3092 1914 3368 1988 ἐπειθόμην
3429 1911 3580 1969 οὐδὲν
3648 1917 3809 1973 ἧττον
3875 1923 3979 1970 καὶ

2353 2004 2409 2059 ἑκ
2435 2013 2537 2058 τῶν
2575 2004 2623 2058 ἕν
2648 2012 2722 2077 τῷ
2747 2002 2853 2079 βίῳ
2880 2006 3199 2080 πραγμάτων
3237 2002 3404 2063 ἀληθῆ
3459 2001 3587 2057 εἶναι
3639 2009 3734 2064 τὴν
3781 2024 3978 2080 προει-

2351 2099 2579 2172 ρημένην
2631 2094 2822 2148 αἰτίαν.
2898 2093 3098 2169 Ἐὡρων
3161 2095 3266 2166 γὰρ
3336 2099 3511 2146 πᾶσαν
3579 2096 3670 2167 μὲν
3730 2093 3975 2157 πλήθους

2356 2183 2593 2247 εὐταξίαν
2623 2202 2679 2236 τε
2706 2187 2798 2235 καὶ
2829 2186 3134 2256 συμφωνίαν
3174 2182 3311 2255 ἄχρι
3352 2187 3468 2235 τότε
3510 2184 3968 2256 κατορθουμίνην,

2353 2275 2518 2348 ἄχρις
2548 2272 2610 2325 ἂν
2647 2274 2677 2332 ἡ
2700 2275 2831 2349 πρὸς
2860 2273 2947 2325 ἕνα
2973 2273 3089 2324 τινὰ
3112 2272 3201 2323 τόν
3248 2272 3487 2345 ἄρχοντα
3535 2271 3762 2332 σώζεται
3814 2277 3971 2332 κοινή

2352 2370 2453 2416 τῶν
2505 2361 2670 2415 ἄλλων
2699 2361 2817 2432 (49)
2867 2360 3123 2414 εὐπείθεια
3145 2379 3159 2395 ο
3209 2365 3382 2412 πᾶσαν
3431 2356 3491 2413 δὲ
3538 2356 3831 2432 διαφωνίαν
3871 2366 3973 2414 καὶ

2356 2447 2662 2517 διάστασιν,
2719 2452 2795 2503 ἔτι
2840 2469 2895 2503 τε
2948 2448 3301 2523 πολυαρχίαν,
3366 2447 3420 2511 ἐξ
3494 2448 3756 2524 ἀναρχίας
3829 2446 3974 2503 ὁδο-

2354 2544 2689 2614 ποιουμένην.
2738 2539 2870 2610 Ἐγὼ
2920 2535 2979 2592 δε
3017 2535 3157 2591 εἶδόν
3203 2557 3328 2590 ποτε
3382 2541 3472 2590 καὶ
3524 2537 3788 2611 μελισσῶν
3832 2540 3976 2601 πλῆ-

2358 2630 2445 2691 θος
2498 2632 2638 2701 νόμῳ
2709 2629 2908 2701 φύσεως
2964 2628 3436 2701 στρατηγούμενον,
3494 2630 3586 2679 καὶ
3640 2627 3976 2681 κατακολου-

2358 2720 2479 2772 θουν
2535 2718 2791 2781 εὐτάκτως
2837 2725 2912 2788 τῷ
2966 2712 3087 2788 ἰδίῳ
3140 2714 3371 2789 βασιλεῖ.
3419 2719 3520 2769 Καὶ
3556 2716 3721 2769 πολλὰ
3739 2722 3833 2790 μεν
3865 2717 3973 2790 ἐγὼ

2355 2826 2575 2860 τοιαυτα
2594 2803 2753 2875 εἶδον,
2785 2804 2952 2859 πολλά
2980 2801 3041 2858 δε
3070 2808 3277 2863 ἣκουαα
3299 2825 3311 2839 ·
3354 2807 3508 2858 ἴσασι
3539 2801 3599 2857 δὲ
3626 2810 3717 2859 καὶ
3746 2805 3976 2860 πλείονα

2356 2899 2406 2949 οἱ
2442 2900 2558 2971 περὶ
2601 2915 2771 2949 ταυτα
2816 2893 3195 2967 ἡσχολημένοι,
3245 2896 3314 2957 ὡς
3354 2898 3445 2946 καὶ
3491 2892 3547 2946 ἐκ
3587 2897 3784 2947 τούτων
3835 2893 3978 2955 ἄλη-

2361 2987 2443 3048 θὶς
2493 2982 2804 3063 δείκνυσθαι
2857 2986 2917 3037 τό
2972 2982 3264 3057 λεγόμενον.
3316 2982 3377 3035 Εἰ
3421 2984 3523 3057 γὰρ
3581 2991 3681 3036 τῶν
3728 2986 3867 3058 πρὸς
3917 2985 3972 3038 ἓν

2356 3094 2520 3148 νευμα
2566 3072 2973 3140 ἀποϐλεπόντων,
3018 3076 3108 3124 καὶ
3147 3070 3360 3145 βασιλεῖ
3386 3076 3670 3146 χρωμένων
3689 3072 3787 3140 ἐνὶ,
3819 3071 3976 3128 ἴδιον

2359 3164 2570 3228 εὐταξία
2614 3166 2745 3239 μετὰ
2792 3167 3098 3236 συμφωνίας
3128 3182 3142 3197 ο
3218 3163 3323 3237 οἰρα
3369 3158 3629 3235 διαφωνία
3668 3169 3821 3216 πᾶσα
3873 3170 3974 3218 καὶ

2360 3251 2645 3315 διάστασις
2674 3259 2890 3325 σημεῖον
2919 3250 3201 3325 ἀναρχίας.
3235 3253 3381 3305 Κατά
3411 3247 3480 3311 δὴ
3512 3253 3628 3322 (50)
3668 3254 3759 3305 τὸν
3803 3252 3975 3307 αὐτὸν

2356 3343 2530 3416 λόγον,
2583 3344 2615 3401 ἡ
2672 3344 2890 3399 τοιαύτη
2937 3342 3066 3415 πρὸς
3129 3359 3185 3393 τε
3235 3342 3329 3403 τὰς
3381 3338 3586 3403 ἂντολάς
3628 3359 3719 3393 του
3765 3348 3975 3417 Κυρίου

2359 3439 2451 3487 καὶ
2501 3435 2635 3507 πρὸς
2690 3430 2943 3492 ἀλλήλους
2982 3426 3243 3502 διαφωνία
3276 3434 3365 3483 καὶ
3412 3428 3461 3482 ἓν
3529 3432 3655 3503 ἡμῖν
3721 3432 3975 3505 εὑρισκοο

2359 3526 2482 3598 μένη
2540 3524 2886 3594 κατηγόρημα
2936 3517 2998 3571 ἃν
3045 3521 3121 3576 εἴη
3171 3519 3201 3577 ἢ
3255 3516 3644 3593 ἀναχωρήσεως
3688 3539 3783 3572 του
3843 3519 3978 3580 ἄλη-

2363 3613 2505 3665 θινου
2564 3608 2843 3683 βασιλέως,
2899 3607 3034 3660 κατά
3088 3610 3147 3659 τό
3179 3626 3194 3639 ·
3245 3610 3410 3659 Μόνον
3459 3607 3486 3658 ὁ
3530 3611 3772 3679 κατέχων
3816 3610 3973 3684 ἄρτι,

2362 3702 2454 3763 ἕως
2505 3699 2566 3751 ἂν
2605 3697 2660 3750 ἐκ
2686 3702 2801 3768 (iii)
2851 3701 3014 3769 μέσου
3070 3698 3285 3767 γίνηται
3310 3716 3322 3729 ·
3369 3696 3397 3754 ἣ
3460 3694 3725 3769 ἀρνήσεως
3778 3697 3971 3768 αὐτου,

2360 3793 2494 3843 κατὰ
2519 3793 2579 3841 τό
2601 3808 2616 3822 ·
2662 3789 2813 3841 Εἶπεν
2840 3788 3013 3861 ἄφρων
3044 3784 3093 3837 ἓν
3120 3793 3181 3858 τῇ
3214 3781 3414 3859 καρδίᾳ
3435 3784 3596 3838 αὐτου
3629 3827 3643 3841 .
3700 3785 3817 3839 Οὐκ
3854 3791 3972 3842 ἔστι

2362 3884 2512 3941 Θεός.
2561 3878 2638 3930 05
2690 3878 2921 3949 καθάπερ
2983 3878 3197 3949 σημεῖόν
3252 3894 3305 3927 τι
3355 3875 3385 3934 ἦ
3451 3873 3664 3946 ἔλεγχον
3734 3874 3971 3952 ἐπιφέρει
3997 3878 4009 3883 “

2361 3973 2420 4021 τό
2454 3989 2466 4003 ·
2533 3968 2914 4041 Διεφθάρησαν,
2964 3968 3053 4015 καὶ
3109 3959 3508 4034 ἐϐδελύχθησαν
3556 3962 3605 4015 ἐν
3671 3961 3968 4023 ἐπιτηδευ-

2362 4076 2544 4132 μασιν.

585 4141 747 4226 ἀιιιιί
761 4164 936 4224 illud:
968 4161 1141 4218 Dixit
1161 4158 1446 4228 insipiens
1466 4155 1531 4211 in
1547 4153 1727 4211 corde
1749 4166 1888 4208 suo:
1910 4150 2043 4207 Non
2073 4154 2159 4206 est
2179 4150 2337 4208 Deus
2357 4150 2423 4204 τε.
2444 4146 2624 4218 Cujus
2651 4143 2736 4201 rei
2761 4142 2941 4215 quasi
2965 4141 3281 4217 quoddam
3311 4141 3555 4213 signum
3599 4157 3705 4198 seu
3773 4159 3963 4216 argu-

590 4261 867 4316 mentum
885 4249 1203 4324 subjungit
1220 4246 1395 4303 illud:
1426 4244 1721 4313 Corrupit
1747 4245 1913 4309 sunt,
1944 4244 2001 4297 et
2029 4238 2459 4297 abominabiles
2474 4235 2637 4307 facti
2657 4239 2799 4289 sunt
2815 4234 2880 4289 in
2899 4232 3119 4290 studiis
3140 4232 3263 4288 suis
3280 4233 3349 4287 η.

657 4352 713 4403 3.
744 4345 845 4402 Hic
876 4341 1056 4413 igitur
1082 4334 1415 4411 nequitiam
1447 4347 1607 4401 eam,
1638 4344 1776 4405 quae
1824 4331 2098 4403 apparet,
2131 4326 2247 4383 im-
2279 4349 2326 4405 ι)

585 4433 823 4509 pietatis
852 4427 1424 4502 ejus,quaelatenter
1438 4422 1499 4479 in
1516 4422 1721 4479 animo
1743 4418 2051 4487 delitescit,
2073 4415 2250 4490 quasi

586 4508 832 4596 signum
857 4534 989 4575 esse
1020 4515 1280 4574 ostendit
1307 4513 1631 4586 Scriptura.
1678 4513 1748 4567 At
1775 4508 1993 4596 beatus
2011 4511 2250 4579 aposto-

584 4595 682 4671 lus
713 4608 933 4668 Paulus
962 4605 1142 4663 corde
1173 4603 1439 4677 perditos
1468 4600 1548 4658 ad
1577 4600 1855 4656 timorem
1878 4595 2250 4667 judiciorum

585 4700 689 4759 Dei
708 4693 1125 4757 vehementius
1152 4692 1532 4760 reducturus,
1563 4687 1626 4744 id
1654 4701 1851 4762 poenae
1872 4684 2007 4741 loco
2036 4681 2252 4741 consti-

581 4791 787 4865 tuit,ut
805 4786 910 4863 qui
936 4799 1146 4842 veram
1179 4780 1279 4839 Dei
1303 4779 1712 4851 cognitionem
1741 4773 2133 4847 neglexerint,
2165 4773 2251 4830 ita

653 4918 699 4954 ⁸⁵
727 4912 916 4971 Judic.
944 4925 1071 4975 XXI,
1092 4909 1181 4964 24.
1259 4907 1302 4943 ¹⁷
1336 4905 1385 4960 ll
1412 4904 1616 4961 Thess.
1647 4918 1710 4973 ιι,
1742 4906 1796 4957 7.

654 5039 769 5112 (In)
796 5038 893 5097 Sic
920 5034 1112 5093 codex
1148 5029 1508 5112 Combefﬁ‘t
1545 5032 1688 5112 Reg.
1721 5026 1976 5112 primus.
1999 5025 2073 5112 At
2091 5028 2232 5112 Reg.

654 5040 769 5125 (£57)
796 5040 893 5097 Sic
920 5040 1112 5093 codex
1148 5040 1404 5114 Combef
1450 5040 1508 5087 et
1546 5040 1688 5117 tteg.
1716 5040 1976 5153 Erimus.
1999 5040 2073 5082 At
2092 5040 2214 5096 ueg

570 5119 787 5175 tertius
817 5114 874 5169 et
902 5112 1157 5180 utraque
1181 5103 1363 5162 editio
1403 5098 1673 5180 δηλουσης
1742 5120 1775 5180 ἐ
1823 5118 1935 5171 αμα
1969 5100 2075 5180 ,καί
2122 5101 2217 5180 τὴν

578 5168 753 5242 {Qui
788 5168 836 5235 ἐν
882 5187 955 5251 τῷ
1003 5168 1286 5252 προειπιίν,
1312 5180 1499 5252 atque
1526 5173 1707 5230 etiam
1731 5168 2236 5229 haec-uaticinatio

573 5257 757 5315 simul
777 5246 1054 5309 declarat
1071 5252 1200 5319 ejus
1231 5246 1323 5304 rei
1344 5259 1619 5319 causam.

778 5327 936 5406 ’βεδε
963 5313 1197 5404 pl'ltﬁus
1226 5313 1491 5406 τουτοιδ

647 5381 759 5466 ἰέοῐ
778 5381 941 5466 Begu
965 5381 1202 5466 erimus
1220 5395 1278 5446 et
1297 5389 1507 5466 terti!“
1526 5384 1807 5466 τῶι.δ)·ωγο
1853 5386 1911 5466 εξέ
1952 5381 2234 5466 “8531"”

572 5452 989 5543 quelegiturin
1015 5463 1287 5543 margine
1308 5458 1591 5543 editionis
1604 5452 2042 5513 Venetae.llaud
2056 5452 2235 5523 longe

576 5532 720 5610 Reg.
745 5532 980 5610 primus
1007 5532 1268 5610 ἀναρχίας
1290 5532 1706 5610 είσποιουμένην.

640 5581 1181 5689 (ῗὸῖἱίᾷῖῖοιθὶίἶιῖ
1192 5581 1459 5658 ica-Edidi.
1473 5581 1479 5582 ί
1492 5581 1624 5660 liox
1639 5581 1845 5657 codex
1864 5595 2141 5657 Combef.
2179 5599 2239 5654 et

1877 4900 1922 4937 "
1955 4897 2109 4957 Psal.
2136 4912 2264 4967 xm,
2301 4900 2349 4954 1.

2431 4330 2482 4383 3.
2513 4325 2750 4377 Ενταυθα
2783 4326 2872 4395 μὲν
2918 4318 3005 4375 οὖν
3045 4324 3218 4395 ὥσπερ
3275 4328 3597 4397 χαρακτῆρα
3639 4329 3735 4383 τῆς
3787 4326 3964 4376 τοιαύ-

2357 4434 2452 4476 της
2501 4411 2737 4475 ἀσεϐείας
2771 4414 2908 4464 κατά
2945 4414 3004 4464 τὸ
3040 4409 3257 4472 λεληθὸς
3303 4408 3701 4483 ἓμφωλευούςι-ης
3866 4411 3971 4483 φν,

2356 4513 2432 4578 κῇ
2492 4508 2586 4563 τὴν
2623 4501 3016 4575 ἕπιφαινομένην
3055 4504 3241 4553 κακίαν
3290 4502 3316 4552 ὁ
3363 4499 3513 4572 λόγος
3563 4497 3859 4564 ἀπέδειξεν.
3899 4501 3965 4553 Ὀ

2355 4613 2416 4666 γε
2470 4596 2573 4667 μὴν
2631 4595 2885 4667 μακάριος
2955 4589 3243 4653 ἀπόστολος
3312 4590 3533 4658 Παυλος,
3609 4587 3964 4666 σφοδρότερον

2358 4681 2677 4755 ἕπιστρέφων
2725 4681 2797 4744 εἰς
2855 4680 3008 4755 φόϐον
3052 4688 3149 4734 τῶν
3205 4699 3297 4733 του
3347 4688 3479 4732 Θεου
3527 4681 3801 4753 χριμάτων
3848 4684 3967 4741 τοὺς

2357 4769 2742 4832 ἀπολωλεκότας
2769 4771 2880 4845 (52)
2913 4775 3001 4831 τὴν
3044 4766 3292 4845 καρδίαν,
3333 4786 3486 4823 τουτο
3534 4766 3652 4823 ἀντὶ
3703 4774 3967 4845 τιμωρίας

2430 4897 2474 4932 ¹⁵
2507 4895 2657 4953 ibid.

2347 5017 2449 5104 alii
2471 5020 2595 5104 duo
2616 5025 2705 5104 καὶ
2736 5020 2782 5074 ἐν
2814 5020 2959 5096 ἡμῖν.
3002 5018 3225 5078 Vocula
3246 5024 3337 5073 καί
3364 5018 3536 5077 deest
3581 5017 3648 5076 in
3701 5016 3963 5077 editione

2349 5090 2695 5150 Parisiensi.
2850 5090 2861 5096 ⁷
2908 5110 2911 5113 ·

2425 5165 2808 5238 (51)Antiqui
2836 5163 2958 5227 duo
2979 5163 3118 5238 libri
3137 5165 3229 5226 ἕως
3254 5163 3328 5216 ἐκ.
3389 5165 3652 5238 Utraque
3701 5161 3883 5219 editio
3902 5166 3963 5219 et

2346 5252 2507 5297 unus
2532 5235 2838 5298 codex‘fw;
2866 5237 2946 5300 ἄν,
2969 5235 3159 5293 donec
3184 5236 3511 5293 secesserit.

2415 5313 2530 5392 (Siti
2553 5311 2810 5381 Utraque
2840 5306 3021 5389 editio
3042 5313 3098 5365 et
3120 5310 3260 5392 Reg.
3283 5305 3495 5392 tertius
3529 5303 3937 5392 rasilis-inisse-

2350 5377 2654 5445 λωλεκότας,
2685 5377 2778 5436 eos
2799 5380 2905 5450 qui
2934 5394 3054 5450 non
3085 5385 3226 5434 sunt
3252 5377 3428 5434 corde
3477 5377 3728 5450 perditi.
3761 5377 3959 5433 Codex

2348 5451 2763 5512 Commta-oi;
2791 5448 3200 5514 ἀπολωλεκότας,
3247 5465 3341 5505 eos
3387 5450 3493 5519 qui
3520 5448 3764 5517 perditi
3817 5452 3955 5504 sunt

2346 5525 2524 5582 corde
2540 5536 2561 5593 ;
2577 5528 2634 5578 et
2653 5522 2736 5578 ita
2755 5522 2873 5593 legi
2894 5521 3112 5593 debere
3137 5520 3524 5593 arbitramur.
3537 5521 3553 5573 ι
3566 5519 3841 5576 'articula
3861 5534 3957 5574 ne-

2347 5611 2503 5670 gans
2535 5591 2707 5650 deest
2735 5591 2985 5668 quoque
3011 5592 3075 5651 in
3106 5594 3248 5664 Reg.
3280 5591 3501 5665 primo.
