4100 6196
190 202 292 278 65'7

1572 227 1662 284 DE
1716 220 1991 284 JUDlCIO
2040 226 2177 284 DEI.

3452 226 3562 282 658

188 347 445 423 ὁρίζεται,
472 343 938 410 καταδικάζεσθαι
988 354 1105 412 τούς
1159 360 1253 413 τῆς
1300 349 1525 416 ἀληθοῦς
1579 354 1764 424 θεογνω

1875 399 1879 407 .
1906 351 2407 410 condemnentur.
2441 351 2595 419 Quid
2615 333 2779 408 enim
2797 349 2987 407 dicit?
3006 349 3085 405 Et
3105 347 3263 405 sicut
3285 362 3406 403 non
3423 362 3571 418 pro-

192 438 309 496 σίας
342 434 694 509 ἐμεληκότας.
745 443 811 492 Τί
852 442 955 512 γάρ
988 457 1158 512 enat;
1217 445 1317 495 Καὶ
1358 442 1532 503 καθὼς
1560 440 1655 494 ούκ
1686 436 1801 493 ἐδο-

504 528 593 579 τὸν
667 530 798 581 Θεὸν
871 530 1011 601 ἔχειν
1079 529 1130 583 ἓν
1189 528 1480 603 ἐπιγνώσει,
1552 525 1800 606 παρέδω-

184 632 268 667 κεν
338 615 530 678 αύτούς
588 617 616 668 ό
673 620 799 679 Θεὸς
862 617 932 681 εἰς
998 615 1254 694 ἀδόκιμον
1309 628 1450 687 νοῦν,
1506 626 1670 673 ποιεῖν
1734 620 1800 672 τὰ

185 528 420 597 κίμασαν

181 707 255 775 μὴ
349 702 653 762 καθήκοντα
681 748 695 773 ,
777 706 1207 784 πεπληρωμένους
1278 710 1455 770 πάσης
1536 704 1792 776 ἀδικίας,

160 798 475 866 πονηρίας,
549 794 881 863 πλεονεξίας,
952 801 1174 866 κακίας,
1256 800 1482 871 μεστούς
1565 798 1791 870 φθόνου,

178 886 268 934 καὶ
326 890 430 935 τῶν
487 881 574 947 ἐξῆ
587 903 627 945 ς.
662 888 763 937 Καὶ
818 892 972 938 τοῦτο
1000 891 1291 945 νενοηκέναι
1335 884 1483 960 οἶμαι
1509 890 1597 938 τὸν
1629 885 1792 937 Ἀπό-

180 970 366 1024 στολον
412 975 473 1024 τὸ
521 980 709 1048 κρῖμα,
743 972 839 1026 ούκ
884 975 999 1046 (53)
1037 973 1122 1048 ἀφ’
1175 976 1359 1029 ἑαυτοῦ
1409 976 1659 1052 (Χριστόν
1690 976 1790 1049 γὰρ

176 1057 321 1133 εἶχεν
371 1059 422 1113 ἰν
480 1062 648 1134 ἑαυτῷ
698 1061 996 1135 λαλοῦντα),
1045 1063 1152 1116 ἀλλ’
1184 1063 1237 1128 ἑξ
1263 1063 1455 1126 ἐκείνης
1494 1064 1653 1117 αὐτοῦ
1696 1072 1792 1125 τῆς

174 1158 355 1223 φωνῆς
393 1148 750 1223 ὁδηγηθέντα,
797 1151 853 1212 ἐη
978 1173 1109 1226 φησι
1135 1150 1228 1207 διὰ
1256 1161 1409 1206 τοῦτο
1461 1151 1509 1205 ἕν
1548 1150 1788 1228 παραϐο-

172 1239 289 1304 λαῖς
339 1240 514 1293 λαλεῖν
543 1247 656 1304 τοῖς
685 1241 892 1316 ὄχλοις,
933 1244 1017 1295 ἶνα
1043 1248 1114 1316 μή
1155 1247 1389 1301 νοήσωσι
1426 1243 1491 1296 τὰ
1539 1244 1651 1296 θεῖα
1694 1248 1787 1295 τοῦ

170 1328 503 1401 Εὗαγγελιου
578 1335 881 1405 μαστήρια,
948 1333 1029 1384 ὅτι
1095 1332 1384 1405 φθάσαντες
1456 1330 1605 1384 αύτοὶ
1668 1334 1787 1393 τούς

172 1416 479 1491 ὀφθαλμούς
539 1418 706 1472 αύτων
763 1418 1092 1494 ἐκάμμυσαν,
1145 1425 1234 1474 καὶ
1288 1426 1400 1483 τοῖς
1452 1420 1553 1473 ὠσι
1586 1418 1783 1495 βαρέως

170 1510 439 1575 ἥκουσαν,
468 1513 563 1561 καὶ
621 1507 898 1582 ἐπαχύνθη
955 1511 986 1569 ἠ
1044 1509 1290 1573 ἀσύνετος
1328 1510 1496 1563 αύτῶν
1548 1506 1780 1585 καρδία·

171 1596 254 1649 ἱνα
315 1599 523 1668 ἔχωσιν
578 1595 693 1651 ἀντὶ
749 1594 1008 1674 τιμωρίας
1066 1600 1335 1672 ὑπομένειν
1398 1603 1493 1658 τὴν
1532 1602 1669 1674 περὶ
1716 1599 1783 1650 τὰ

1907 441 2201 498 baverunt
2227 442 2414 497 Deum
2450 441 2670 499 habere
2713 441 2777 496 in
2816 439 3035 496 notitia
3078 454 3091 492 :
3133 434 3393 493 tradidit
3431 435 3570 491 illos

1904 535 2057 587 Deus
2096 531 2161 587 in
2196 530 2520 602 reprobum
2563 545 2821 597 sensum,
2843 534 2912 584 ut
2932 526 3177 599 faciant
3196 540 3265 584 ea
3286 540 3418 598 quap
3447 539 3570 582 non

1904 622 2552 692 conveniunt,repletos
2577 622 2741 677 omni
2757 614 3569 691 iniquitate,matit2a,avari-

1903 709 2012 777 tia,
2028 710 2538 793 neq/uitiamlenos
2551 709 2784 766 invidia
2793 707 3353 778 9°,etc.Quanquam
3376 708 3568 777 Apos-

1900 796 2090 854 tolum
2115 792 2374 854 arbitror
2410 811 2536 856 non
2560 813 2597 854 a
2631 796 2956 869 semetipso
2986 793 3364 863 excogitasse
3396 792 3564 864 judi-

1899 885 2061 943 cium
2100 887 2215 943 hoc
2253 886 2578 958 (Christum
2615 886 2777 943 enim
2808 885 2871 941 in
2903 900 2965 940 se
2998 883 3347 957 loquentem
3367 879 3563 936 habe-

1897 975 2109 1047 bat"),
2140 976 2248 1032 sed
2280 976 2603 1032 inductum
2632 974 2735 1032 illa
2752 989 2904 1031 voce
2938 972 3115 1038 illius,
3138 987 3263 1045 qua
3297 969 3460 1036 dicit,
3493 976 3558 1026 se

1897 1062 2034 1120 ideo
2059 1063 2120 1120 in
2141 1064 2450 1136 parabolis
2475 1063 2643 1138 loqui
2667 1063 2747 1121 ad
2767 1062 3002 1129 turbas,
3036 1066 3100 1117 ut
3119 1076 3194 1116 ne
3219 1057 3560 1128 intelligant

1894 1151 2099 1209 divina
2119 1153 2422 1224 Evangelii
2457 1153 2746 1226 mysteria
2758 1154 2829 1220 ³³,
2852 1149 3148 1224 quoniam
3187 1148 3417 1221 priores
3438 1145 3556 1221 ipsi

1893 1241 2103 1298 oculos
2120 1258 2265 1298 suos
2286 1242 2655 1309 clauserant,
2669 1240 3041 1313 auribusque
3064 1237 3323 1309 graviter
3341 1236 3554 1292 audie-

1890 1334 2049 1401 rant,
2073 1335 2131 1387 et
2147 1332 2552 1388 incrassatum
2575 1335 2702 1388 erat
2721 1329 3017 1404 insipiens
3039 1343 3143 1384 cor
3162 1340 3372 1383 eorum
3384 1325 3461 1381 '3:
3483 1327 3553 1382 ut

1887 1420 2019 1478 vice
2038 1436 2234 1495 pcenaa
2256 1422 2317 1477 in
2338 1421 2675 1493 majuribus
2712 1420 3034 1476 suiferrent
3070 1417 3418 1483 caecitatem,
3444 1413 3552 1488 qui

1887 1510 2109 1568 scilicet
2127 1511 2381 1584 priores,
2401 1510 2595 1568 oculis
2612 1510 2802 1568 animi
2825 1507 3182 1579 obscuratis,
3203 1508 3415 1580 sponte
3440 1519 3549 1561 ex-

1885 1599 2092 1657 caecati
2121 1605 2320 1656 essent
2361 1616 2375 1656 :
2408 1599 2580 1673 quod
2624 1599 2754 1674 pati
2781 1599 3008 1655 veritus
3046 1595 3236 1653 David
3264 1592 3543 1652 dicebat:

168 1684 392 1756 μείζονα
447 1684 721 1758 aettem,
777 1685 848 1755 οἱ,
906 1689 1301 1764 προφθάσαντες
1354 1688 1462 1758 (54)
1510 1688 1766 1755 ἑκουσίως,

1882 1689 2178 1746 Illumina
2197 1690 2399 1745 oculos
2444 1703 2619 1760 meos,
2653 1703 2730 1746 ne
2766 1702 3035 1760 unquam
3075 1686 3447 1743 obdormiam
3477 1684 3542 1739 in

167 1777 226 1826 τὸ
279 1774 436 1847 ὄμμα
462 1782 559 1837 τῆς
587 1774 781 1846 ψυχῆς
820 1774 1299 1851 ἀποτυφλώσαντες,
1345 1774 1732 1834 ἱσκοτίσθησαν
1760 1797 1774 1811 ·

170 1864 295 1938 ὅπερ
353 1865 382 1916 ὀ
441 1861 611 1918 Δαϐὶδ
668 1864 982 1938 φοϐούμενος
1040 1867 1244 1936 παθεῖν,
1292 1865 1428 1938 ἔλεγε
1473 1887 1487 1901 ο
1547 1870 1777 1919 Φὼτισον

168 1957 287 2014 τούς
346 1953 652 2028 ὀφθαλμούς
706 1974 832 2027 μου,
891 1959 962 2028 μή
1031 1974 1156 2008 ποτε
1208 1958 1431 2008 ύπνωσω
1488 1954 1559 2017 εἰς
1625 1957 1779 2008 θάνα-

166 2060 278 2098 τον.
333 2042 431 2095 Ἕκ
494 2045 586 2115 μιν
661 2039 750 2096 οὖν
822 2046 1016 2097 τούτων
1086 2048 1176 2096 καὶ
1245 2046 1491 2097 τοιούτων
1565 2045 1775 2119 φανερὸν

177 2129 316 2184 εἶναι
363 2131 692 2205 ἐλογιζόμην,
762 2134 845 2186 ὃτι
910 2133 1133 2188 καθόλου
1187 2136 1277 2207 μὶν
1332 2134 1362 2191 ἠ
1434 2140 1534 2185 τῶν
1596 2134 1776 2187 παθῶν

171 2224 338 2272 κακία
386 2216 480 2273 δ’ιά
529 2230 591 2281 τῆ
605 2241 628 2283 ς
662 2225 786 2297 περὶ
831 2230 966 2277 Θεοῦ
1005 2221 1270 2296 ἀγνωσίας
1298 2218 1552 2295 ἀδόκιμον
1580 2231 1775 2295 γνῶσιν

180 2307 439 2367 ὶντίθησεν
494 2312 632 2379 (55)·
691 2307 845 2373 ἰδίως
899 2308 961 2365 δι
1015 2313 1046 2371 ἠ
1116 2309 1375 2385 διαφωνία
1437 2320 1536 2364 τῶν
1577 2310 1775 2364 πολλῶν

180 2402 301 2471 πρὸς
328 2397 604 2469 ἀλλήλους,
637 2395 735 2452 διὰ
774 2403 834 2453 τὸ
893 2398 1129 2463 ἀναξίους
1173 2401 1313 2474 ἡμᾶς
1358 2400 1573 2462 ἱαυτοῦς
1609 2419 1773 2453 κατα-

181 2490 431 2540 σκευάσαι
473 2496 573 2550 τῆς
628 2495 722 2541 τοῦ
767 2494 963 2564 Κυρίου
1007 2488 1341 2557 ἕπιστασίας,
1388 2488 1770 2563 ἕπισυμϐαίνει.

178 2580 302 2651 Πρὸς
332 2572 395 2629 δί
433 2580 534 2635 τήν
574 2575 852 2649 ἐπίσκεψιν
900 2585 993 2630 τοῦ
1039 2581 1279 2631 τοιούτου
1329 2576 1452 2651 βίον
1484 2578 1651 2630 εἴποτε
1700 2572 1769 2636 δὴ

170 2669 255 2717 καὶ
295 2664 461 2718 ᾶθεῖν
509 2664 919 2739 ἐϐουλευσάμην,
955 2670 1072 2720 οὔτε
1095 2674 1295 2741 μετρεῖν
1335 2665 1478 2739 εἶχον
1507 2669 1564 2719 τό
1612 2670 1770 2740 μίγε-

168 2754 256 2814 θος
299 2761 400 2816 τῆς
446 2756 697 2815 τοιαύτης
740 2752 1113 2823 ἀναισθησίας,
1163 2756 1194 2815 ἦ
1258 2753 1489 2827 ἀλογίας,
1552 2756 1581 2814 ἣ
1634 2753 1769 2807 ἀπο-

164 2846 323 2908 νοίας,
352 2842 384 2900 ἡ
419 2838 520 2895 διὰ
560 2846 621 2895 τό
667 2842 985 2918 ὑπερϐάλλον
1012 2853 1106 2905 τῆς
1131 2848 1323 2907 κακίας
1358 2843 1453 2897 ούκ
1493 2846 1602 2916 ἲχω
1653 2843 1771 2917 (56)

164 2936 215 2982 τί
260 2934 408 2987 εἴπω.
461 2930 526 2985 Εἰ
564 2934 669 3007 γὰρ
716 2931 809 2984 καὶ
859 2931 910 2985 ἓν
950 2931 1152 3005 ἀλόγοις
1179 2936 1316 2986 οὕτω
1353 2934 1769 3008 κατορθουμὲνην

1884 1784 2074 1835 morte
2091 1779 2158 1829 ³⁸.
2190 1780 2272 1833 Ex
2292 1777 2387 1833 his
2412 1777 2595 1848 igitur
2617 1781 2800 1850 atque
2820 1773 3120 1832 similibus
3138 1774 3369 1847 liquere
3381 1770 3545 1843 judi-

1882 1866 2191 1939 cabam,in
2211 1867 2563 1923 universum
2579 1864 2828 1939 quidem
2844 1862 3172 1938 reprobam
3189 1861 3541 1935 malamque

1880 1954 2286 2026 cognitionem
2307 1969 2414 2027 per
2434 1953 2537 2010 Dei
2555 1952 2993 2025 ignorationem
3011 1967 3085 2007 ex
3100 1949 3383 2007 vitiorum
3403 1964 3541 2022 pra-

1878 2047 2060 2100 vitate
2106 2043 2297 2100 creari
2329 2059 2344 2101 :
2377 2042 2485 2098 sed
2512 2042 2756 2116 proprie
2794 2045 3001 2098 tamen
3035 2038 3368 2096 multorum
3400 2053 3540 2094 mu-

1880 2135 2049 2190 tuam
2075 2132 2517 2189 dissensionem
2564 2147 2637 2188 ex
2675 2147 2747 2188 eo
2771 2129 3029 2197 evenire,
3059 2127 3228 2202 quod
3255 2126 3542 2197 indignos

1879 2236 1993 2278 nos
2014 2219 2368 2291 reddamus,
2383 2219 2489 2293 qui
2509 2234 2546 2276 a
2573 2219 2827 2276 Domino
2846 2213 3335 2288 regamur.0uod
3355 2213 3405 2270 si
3424 2218 3545 2270 sta-

1878 2309 2130 2368 tuissem
2150 2308 2483 2383 aliquando
2503 2307 2585 2365 ad
2609 2305 2912 2379 ejusmodi
2932 2306 3117 2362 vitam
3139 2301 3542 2361 consideran-

1879 2398 2023 2456 dam
2044 2398 2418 2467 incumbere,
2437 2412 2636 2471 neque
2652 2396 2847 2454 metiri
2872 2399 3147 2469 poteram
3173 2391 3542 2463 magnitudi-

1878 2503 2021 2546 nem
2048 2488 2349 2561 ejusmodi
2394 2487 2681 2562 stuporis,
2728 2485 2822 2543 vel
2851 2482 3402 2550 inconsiderantiae,
3434 2479 3536 2537 vel

1879 2577 2217 2645 dementias,
2239 2576 2351 2646 vel,
2382 2590 2520 2651 quae
2558 2580 2648 2633 est
2675 2574 2899 2633 malitaa
2926 2573 3226 2643 nimietas,
3267 2584 3389 2643 quo
3419 2567 3539 2625 alio

1878 2666 2178 2724 vocabulo
2205 2666 2530 2741 appellem,
2556 2663 2786 2722 nescio.
2832 2661 3063 2719 Etenim
3093 2660 3145 2717 si
3169 2658 3264 2716 vel
3295 2659 3356 2715 in
3385 2656 3537 2730 ipsis

1877 2755 2071 2813 brutis
2102 2755 2473 2814 animalibus
2492 2759 2770 2813 mutuam
2807 2749 3273 2810 consensionem
3302 2761 3427 2804 non
3455 2745 3538 2802 ob

1880 2845 2047 2903 aliud
2074 2846 2421 2903 conservari
2440 2842 2979 2918 deprehendimus,
2997 2855 3188 2915 quam
3207 2836 3374 2916 quod
3396 2834 3538 2892 duci

1877 2934 2328 3010 obtemperent:
2352 2934 2572 3009 ecquid
2600 2948 2713 2990 nos
2738 2932 2936 2989 dicere
2957 2943 3307 3004 possumus,
3329 2923 3436 2998 qui
3455 2923 3538 2982 ita

174 3023 485 3096 εὑρίσκομεν
534 3025 626 3080 την
679 3020 729 3074 ἐν
778 3021 1016 3086 ἀλληλοις
1047 3027 1344 3096 συμφωνίαν
1375 3021 1469 3077 διὰ
1495 3027 1590 3082 τὴν
1639 3028 1766 3097 πρὸς

1875 3024 2029 3083 inter
2057 3041 2172 3084 nos
2193 3024 2577 3087 dissidere,et
2595 3022 2677 3081 ita
2713 3021 2953 3079 Domini
2980 3017 3301 3094 praeceptis
3329 3015 3537 3072 adverb

166 3113 256 3160 τὸν
313 3112 714 3184 καθηγούμενον
744 3110 1049 3164 εύπιίθειαν·
1099 3116 1151 3164 τί
1203 3109 1264 3164 ἂν
1318 3114 1573 3186 εἶνποιμεν
1617 3113 1768 3185 ἡμεῖς

162 3194 213 3249 ἄν
260 3202 503 3271 τοσαύτη
548 3202 641 3272 μὲν
700 3207 765 3272 τῇ
814 3202 941 3273 πρὸς
1012 3199 1261 3261 ἀλλήλους
1336 3196 1618 3253 διαστάσει
1672 3220 1766 3254 το-

166 3288 327 3359 σαύτη
357 3283 420 3341 δέ
457 3294 524 3360 τῇ
556 3292 692 3361 πρὸς
713 3290 805 3349 τὰς
834 3287 1040 3351 ἐντολὰς
1077 3297 1170 3342 τοῦ
1220 3294 1416 3363 Κυρίου
1443 3288 1764 3349 ἕναντιότητι

161 3377 562 3450 ιύριοκόμενοι;
613 3376 682 3430 ’Ἠ
735 3378 865 3451 οὐχὶ
914 3386 1083 3432 ταῦτα
1130 3381 1303 3432 πάντα
1356 3381 1626 3453 ἡγούμεθα
1672 3389 1762 3433 νῦν

155 3470 249 3537 μὲν
286 3467 359 3529 εἰς
403 3462 765 3521 διδασκαλίαν
807 3472 897 3521 καὶ
944 3467 1193 3545 ἐντροπὴν
1235 3470 1487 3544 ἡμετέραν
1512 3471 1629 3540 (57)
1660 3472 1761 3524 ύπό

154 3562 250 3606 τοῦ
279 3553 485 3626 ἀγαθοῦ
533 3564 668 3609 Θεοῦ
694 3558 1081 3632 προτεθείσθαι,
1106 3556 1157 3610 ἄν
1207 3554 1267 3611 δὲ
1311 3566 1371 3631 τῇ
1422 3557 1618 3631 μεγάλῃ
1669 3559 1760 3612 καὶ

153 3642 346 3717 ροϐερᾲ
386 3654 451 3703 τῆ
467 3664 490 3705 ς
536 3650 763 3720 κρίσεως
811 3649 983 3721 adipe:
1029 3646 1096 3708 εἰς
1143 3647 1409 3719 αἰσχύνην
1459 3652 1549 3699 καί
1588 3650 1756 3700 κατά-

151 3751 328 3806 κρισιν
373 3742 481 3787 τῶν
550 3739 622 3806 μὴ
679 3731 1067 3809 παιδευομένων
1124 3738 1647 3810 προσενεχθήσεσθαι
1666 3738 1756 3790 ὑπ’

150 3821 312 3873 αὐτοῦ
365 3830 464 3875 τοῦ
505 3829 597 3876 καὶ
645 3826 874 3887 ιὶπόντος
914 3822 1046 3895 ἤδη,
1092 3832 1181 3879 καὶ
1231 3826 1464 3899 λέγοντος
1511 3823 1589 3879 ἀεὶ
1626 3828 1708 3880 ὅτι
1737 3848 1750 3862 ·

146 3908 317 3980 Ἐγνω
388 3909 523 3985 βοῦς
590 3917 679 3965 τὸν
754 3915 1096 3987 κτησάμενον,
1151 3921 1242 3967 καὶ
1297 3918 1406 3975 ὅνος
1463 3918 1560 3973 τὴν
1628 3916 1754 3988 φάτ-

142 4018 241 4056 νην
295 4008 393 4053 τοῦ
465 4005 649 4074 κυρίου
705 4001 906 4054 αὑτοῦ·
981 4002 1195 4075 Ἰσραὴλ
1233 3999 1293 4056 δι
1347 4022 1412 4077 με
1466 4002 1560 4056 ούκ
1597 4007 1745 4076 ἔγνω,

141 4094 233 4139 καὶ
274 4090 303 4141 ό
350 4088 482 4151 λαός
536 4108 602 4162 με
652 4090 711 4142 ού
766 4099 978 4157 συνῆκε,
1005 4096 1096 4143 καὶ
1142 4090 1305 4144 πολλά
1333 4090 1466 4145 ἄλλα
1491 4101 1745 4162 τοιαύτας

138 4176 331 4230 Ἐκεῖνο
389 4174 456 4231 δε
504 4182 569 4230 τὸ
632 4180 735 4231 ὑπὸ
791 4188 883 4232 τοῦ
930 4179 1251 4234 Ἀποστὸλου
1303 4181 1588 4256 εἰρημένον,
1644 4188 1743 4236 τὸ·

139 4270 259 4319 εἶτε
334 4269 549 4338 πάσχει
627 4267 677 4320 ἓν
759 4268 905 4340 μίλος
937 4311 951 4337 ,
1045 4272 1359 4343 συμπάσχει
1438 4270 1609 4324 πάντα
1680 4276 1747 4327 τὰ

136 4356 265 4429 μέλη
295 4398 310 4411 .
367 4359 474 4409 εἴτε
551 4352 829 4419 δοξάζεται
888 4358 939 4411 ἓν
990 4358 1164 4432 μέλος,
1224 4365 1510 4435 συγχαίρει
1574 4364 1745 4415 πάντα

135 4446 206 4496 τὰ
285 4444 417 4517 μέλη
454 4464 469 4477 ·
538 4450 631 4497 καὶ
704 4449 806 4500 τό.
859 4446 970 4500 Ἱνα
1017 4452 1089 4520 μὴ
1231 4454 1515 4523 σχίσματα
1580 4449 1628 4502 ἐν
1677 4457 1742 4523 Ῑῷ

138 4538 375 4607 σὺματε,
450 4531 581 4586 ἀλλὰ
644 4538 703 4586 τὸ
759 4535 887 4589 αὐτὸ
961 4538 1089 4612 ύπὲρ
1166 4535 1395 4596 ἀλλήλων
1449 4548 1741 4616 μεριμνῶσι

202 4712 255 4746 ³⁸
295 4712 473 4767 Rom.
502 4725 543 4777 ι,
570 4711 774 4779 28,’29.
852 4714 895 4749 ³³
931 4715 977 4769 Il
1007 4715 1137 4771 Cor.
1170 4731 1291 4781 xm,
1331 4720 1384 4773 3.

134 4783 182 4817 "
218 4786 242 4839 ι
272 4784 412 4839 Cor.
445 4797 549 4849 xu,
576 4786 669 4839 26.
748 4785 791 4819 ³⁷
824 4783 974 4842 ibid.
1004 4790 1095 4842 25.

203 4959 316 5036 (53)
356 4958 602 5036 ‘CodexA
627 4961 883 5020 Combe!
927 4968 985 5020 et
1030 4963 1209 5021 editio
1236 4966 1379 5021 Ven.
1402 4981 1541 5021 cum
1585 4968 1725 5036 Reg.

355 5031 674 5085 ’Δπὸστολον
704 5037 761 5086 τὸ
781 5040 1031 5108 κήρυγμα
1058 5035 1186 5108 οῦκ,
1212 5036 1366 5093 hanc
1392 5031 1728 5095 doctrinam

135 5120 167 5158 a
195 5119 258 5178 se
285 5106 419 5178 ipso
449 5119 571 5158 non
604 5106 993 5178 excogitasse.
1046 5106 1232 5163 Editio
1268 5108 1451 5164 Paris.
1479 5114 1537 5164 et
1587 5112 1725 5178 Reg.

134 5176 339 5256 tertius
371 5173 772 5260 'Azoeﬁo‘ltovlra
786 5185 969 5260 κρῖμα,
994 5184 1051 5260 et
1067 5180 1411 5260 itaquogue
1430 5179 1645 5250 legitur
1667 5173 1730 5237 in

137 5246 408 5315 margine
437 5245 667 5301 codicis
687 5245 955 5304 Com'bet'.
980 5253 1036 5304 et
1064 5245 1342 5305 editionis
1367 5245 1621 5308 Venétaa.

202 5321 306 5385 (54]
334 5316 584 5399 Antiqui
608 5323 725 5373 tres
745 5318 885 5399 libri
923 5319 971 5372 οἱ
997 5322 1127 5399 πρός
1241 5319 1531 5394 φθάσαντα.
1570 5325 1730 5399 U_t_ra-

176 5404 249 5443 ue
276 5389 467 5463 editio
497 5389 568 5454 οἱ,
598 5391 1009 5463 προγθάσαντες,
1036 5389 1127 5447 'sic
1179 5389 1411 5461 tamen,
1456 5400 1519 5449 ut
1550 5392 1729 5451 editio

178 5477 271 5515 en.
300 5460 531 5536 habent
549 5463 613 5536 in
637 5460 912 5536 margine
938 5462 987 5513 οἱ
1015 5466 1143 5536 πρὸς
1167 5467 1232 5516 τὰ
1257 5465 1549 5536 φθάσαντα,

203 5536 317 5607 ιΞίΞὶ)
346 5530 543 5589 Editio
574 5530 896 5590 Ριιδίείδιά
937 5530 1098 5602 vim},
1121 5530 1383 5607 ἀγνωσίαν
1414 5537 1443 5597 ἡ
1478 5532 1730 5610 ἀδόκιμον

1460 4717 1510 4753 ³³
1550 4717 1752 4776 Matth.
1799 4733 1922 4787 xui,
1979 4722 2067 4776 13.

1875 3114 2440 3188 sariireperiamur?
2456 3112 2664 3170 Nonne
2679 3110 2857 3169 nobis
2876 3107 3240 3184 putandum,
3252 3108 3532 3168 est,nunc

1872 3204 2120 3277 quidem
2145 3205 2277 3262 haec
2301 3203 2513 3261 omnia
2531 3202 2611 3259 ad
2630 3200 2968 3259 doctrinam
2991 3202 3050 3254 et
3072 3192 3531 3253 conversionem

1872 3297 2146 3351 nostram
2181 3311 2218 3351 δ.
2243 3294 2511 3365 benigno
2557 3295 2678 3350 Deo
2732 3288 3012 3365 proponi,
3039 3285 3255 3344 eadem
3292 3296 3438 3339 vero
3464 3281 3531 3339 in

1868 3398 2098 3455 magna
2110 3385 2215 3442 illa
2229 3401 2300 3442 ac
2320 3383 2648 3442 metuenda
2662 3381 2873 3456 judicii
2892 3380 2990 3437 die
3005 3378 3084 3438 ad
3100 3371 3528 3435 verecundiam

1868 3477 1927 3529 et
1963 3473 2543 3531 condemnationem
2592 3488 2805 3530 eorum
2859 3470 3037 3542 216
3068 3466 3176 3541 qui
3197 3462 3418 3522 eruditi
3454 3477 3527 3520 ac

1867 3562 2177 3619 emendati
2195 3578 2316 3619 non
2345 3562 2587 3631 fuerint,
2610 3564 2688 3620 ab
2717 3577 2790 3621 eo
2824 3561 2957 3636 ipso
2978 3553 3341 3633 proferenda
3368 3567 3522 3622 esse,

1864 3650 1971 3723 qui
1992 3649 2217 3708 scilicet
2243 3657 2302 3708 et
2317 3652 2449 3722 jam
2467 3652 2705 3719 dixerit,
2722 3656 2781 3708 et
2805 3664 3047 3723 semper
3065 3646 3263 3704 dicat:
3296 3643 3523 3713 Cogno-

1865 3739 1948 3795 vit
1980 3740 2079 3796 bos
2094 3755 2509 3811 possessorem,
2533 3747 2589 3797 et
2612 3742 2820 3798 asinus
2839 3752 3110 3810 prasepe
3127 3733 3363 3792 domini
3383 3731 3516 3787 sui:

1860 3827 2058 3885 Israel
2080 3844 2219 3886 vero
2236 3844 2329 3886 me
2351 3845 2472 3886 non
2494 3833 2867 3900 cognovit,'et
2885 3827 3147 3898 populus
3164 3838 3259 3881 me
3274 3838 3400 3880 nan
3426 3822 3519 3877 in-

1860 3918 2186 3988 tellexit”,
2226 3923 2284 3975 et
2339 3918 2458 3975 alia
2496 3919 2780 3990 ejusdem
2829 3916 3067 3989 generis
3091 3913 3333 3972 multa?
3366 3909 3517 3968 Illud

1857 4022 2123 4080 quoque,
2148 4007 2314 4081 quod
2335 4007 2414 4063 ab
2443 4006 2735 4080 Apostolo
2756 4007 2988 4063 dictum
3016 4011 3108 4062 est
3128 4022 3142 4061 :
3164 4004 3243 4060 Et
3262 4003 3386 4059 sive
3397 4016 3513 4071 ρας

1857 4095 2010 4150 titur
2036 4112 2222 4153 unum
2250 4096 2602 4167 membrum,
2622 4102 3079 4167 compatiuntur
3105 4094 3307 4150 omnia
3330 4105 3511 4147 mem-

1857 4183 1964 4240 bra
1996 4200 2010 4239 :
2041 4186 2166 4242 sive
2209 4186 2601 4255 gloriﬁcatur
2632 4201 2822 4241 unum
2856 4184 3208 4251 membrum,
3235 4193 3507 4249 congau-

1852 4273 1997 4329 dent
2053 4276 2254 4330 omnia
2289 4275 2555 4332 membra
2572 4277 2645 4327 ³⁵.
2680 4275 2828 4331 Item
2875 4272 3023 4329 illud
3066 4290 3080 4329 :
3123 4274 3196 4329 Ut
3224 4287 3345 4327 non
3382 4268 3506 4324 sint

1850 4362 2175 4419 schismata
2197 4363 2260 4418 in
2284 4378 2549 4434 corpore,
2570 4362 2677 4419 sed
2693 4362 2955 4432 idipsum
2978 4376 3092 4431 pro
3116 4361 3371 4417 invicem
3389 4359 3504 4413 sot-

1853 4452 2024 4508 ticita
2041 4452 2163 4507 sint
2190 4451 2455 4509 membra
2480 4453 2550 4518 ’7,
2585 4456 2649 4506 ut
2675 4466 2815 4523 quin
2844 4449 2924 4506 ab
2947 4465 3071 4507 una
3090 4449 3299 4506 anima
3325 4448 3503 4507 inha-

1848 4539 2076 4598 bitante
2107 4544 2481 4597 moveantur.
2509 4538 2920 4603 Quamobrem
2948 4537 3034 4595 ita
3059 4537 3309 4597 tandem
3333 4536 3503 4593 insti-

3125 4720 3176 4755 ’⁸
3206 4716 3321 4775 Isa.
3349 4732 3385 4784 ι,
3426 4720 3457 4772 3
3471 4757 3486 4773 .

2143 4719 2193 4755 ³³
2229 4717 2376 4777 ibid.
2427 4723 2512 4777 l5.
2588 4720 2638 4755 ³⁸
2670 4716 2830 4775 Psal.
2867 4734 2962 4790 xu,
2993 4721 3049 4775 4.

1834 4940 2591 5055 γινωσιν-ἒγγίνεται..ϐοᾲξζ
2640 4966 2913 5054 Combef.
2963 4971 3022 5048 et
3074 4969 3220 5055 ξος.
3251 4963 3491 5055 primus

1838 5032 1933 5092 διὰ
1978 5048 2039 5099 τῆ
2052 5032 2140 5113 ςξλ
2168 5039 2431 5113 ἀγνωσίας
2479 5037 2733 5113 ἀδόκιμον
2761 5032 3293 5113 γνῶσιν-ἐντίθησινῖ
3320 5032 3490 5113 quod

1836 5127 2048 5184 verum
2074 5104 2486 5184 judicavimus
2502 5116 2558 5184 et
2579 5104 2908 5184 sincerum.
2934 5104 3225 5184 Neclillud
3245 5104 3487 5184 praster-

1837 5175 2108 5239 eundum
2130 5182 2382 5250 silentio,
2410 5181 2525 5250 legi
2559 5178 2845 5238 secundis
2872 5179 3031 5234 curis
3052 5178 3114 5233 in
3137 5175 3292 5232 libro
3316 5176 3486 5231 Com-

1835 5252 1955 5309 bef.
1986 5251 2081 5307 διὰ
2109 5255 2268 5312 τὴν...
2295 5252 2579 5326 ἀγνωσίαν,

1908 5328 2039 5397 (56)
2072 5317 2588 5397 Utraque'editioi
2614 5322 2707 5377 ούκ
2729 5324 2857 5395 ἔχω.
2880 5318 3113 5378 Vocula
3136 5321 3167 5378 ἤ
3191 5317 3253 5375 in
3283 5317 3488 5375 veteri-

1836 5392 1954 5450 bus
1984 5392 2152 5451 libris
2181 5392 2304 5451 non
2325 5395 2555 5464 legitur.

1912 5469 2023 5534 (57)
2062 5466 2233 5540 Illud,
2263 5472 2355 5520 καὶ
2381 5461 2628 5540 ἐντροπὴν
2648 5466 2926 5540 ἡμετέραν,
2950 5462 3132 5540 ita,_si
3156 5461 3374 5540 mavis,
3397 5461 3485 5519 in-

1837 5538 2147 5611 terpretari
2192 5543 2388 5614 potes,
2429 5536 2513 5598 ad
2538 5536 2953 5597 incutiendum
2982 5536 3151 5595 nobis
3173 5538 3483 5611 pudorem.
