4100 6196
506 194 607 249 663

1857 184 1916 240 8.
1965 179 2212 238 BASlLll
2257 179 2500 238 MAGNI.

3778 182 3932 238 665

506 315 778 381 arbitror,
809 312 887 370 de
941 309 1322 369 multitudine
1360 313 1746 383 peccatorum
1793 303 2155 364 accusabit?

2275 299 2371 356 εἶπέ
2431 323 2484 356 τι
2555 323 2708 377 μονον
2782 303 2831 356 ἐν
2887 309 3260 377 καταγνώσεως
3319 309 3483 379 μέρει,
3546 308 3639 358 καὶ
3719 313 3928 358 τοῦτο

506 408 640 461 Haec
665 421 805 461 cum
853 403 1046 459 solum
1092 399 1320 472 aliquid
1366 405 1578 458 contra
1619 403 1882 471 Moysem
1933 396 2156 468 impro-

506 490 712 549 hando
741 491 1000 552 dixisset,
1024 489 1206 562 idque
1246 488 1447 560 ipsum
1477 504 1616 544 vere
1649 489 1932 558 (Uxorem
1971 484 2156 552 enim,

506 580 1152 653 inquit,£thiopissam
1171 579 1285 633 sibi
1303 579 1687 648 adjunxit“),
1701 581 1931 632 tantam
1953 587 2159 645 exper-

508 675 570 725 ta
597 675 686 725 est
706 669 806 724 Dei
823 667 1323 736 indignationem,
1341 673 1407 722 ut
1423 683 1498 723 ne
1528 667 1662 738 ipso
1691 665 1939 738 quidem
1961 665 2157 734 Moyse

508 762 788 831 precante
806 757 1036 830 peccati
1055 771 1236 828 poena
1251 756 1368 812 sibi
1387 757 1961 812 remitteretur.Cum
1981 751 2158 808 video

508 847 708 918 ipsum
729 850 991 918 Moysen,
1015 847 1065 915 2
1082 846 1194 916 18
1215 846 1312 901 Dei
1331 845 1650 914 famulum,
1675 858 1969 913 magnum
1990 839 2158 897 illum

508 935 728 1000 virum,
755 939 838 990 tot
873 951 945 991 ac
985 935 1164 990 tantis
1189 934 1524 990 honoribus
1549 949 1586 989 a
1617 936 1736 989 Deo
1778 931 2155 1000 insignitum,

509 1028 565 1079 et
616 1040 776 1096 saepe
818 1024 1010 1096 ipsius
1047 1023 1388 1079 testimonio
1430 1023 1514 1078 ita
1560 1020 2048 1094 comprobatum,
2096 1022 2164 1073 ut

508 1114 766 1170 audierit
796 1131 808 1167 :
849 1115 1011 1169 Novi
1035 1117 1092 1169 te
1111 1128 1241 1182 pra?
1270 1112 1568 1178 omnibus,
1615 1117 1669 1168 et
1709 1111 1993 1167 invenisti
2022 1123 2162 1180 gra-

511 1205 655 1259 tiam
686 1219 886 1258 coram
918 1219 1009 1258 me
1027 1203 1072 1236 ⁸⁸
1101 1220 1114 1256 :
1147 1217 1286 1257 cum
1315 1200 1494 1271 igitur
1518 1201 1679 1256 hunc
1711 1199 1888 1256 video
1913 1199 1976 1255 in
2015 1215 2162 1254 con-

508 1290 883 1347 tradictionis
907 1306 1070 1362 aqua
1085 1289 1164 1345 ob
1187 1289 1420 1345 nullam
1458 1288 1640 1345 aliam
1669 1305 1818 1359 rem,
1861 1286 1976 1343 nisi
1995 1286 2165 1360 quod

511 1379 936 1436 tantummodo
975 1378 1203 1451 populo
1223 1378 1303 1434 ob
1328 1394 1504 1450 aquae
1535 1377 1854 1450 penuriam
1894 1393 2167 1434 murmu-

511 1467 668 1522 ranti
702 1467 971 1522 dixerat:
1003 1468 1163 1523 Num
1194 1483 1269 1524 ea:
1295 1466 1408 1523 hac
1441 1473 1618 1537 petra
1647 1469 1963 1523 educamus
2000 1465 2163 1522 vobis

514 1572 732 1627 aquam
760 1558 837 1612 ‘7‘?
858 1557 971 1613 hac
1001 1556 1130 1613 sola
1156 1557 1231 1613 de
1260 1572 1448 1613 causa
1475 1573 1610 1613 eam
1632 1555 2166 1613 comminationem

2265 391 2449 455 ἀληθὲς
2514 397 2766 465 (Γυναῖκα
2832 397 2955 468 γὰρ,
3021 399 3199 468 φησὶν,
3270 397 3622 448 Αἰθιόπισσαν
3694 393 3922 447 ﬁdem

2265 484 2474 554 ἐαυτῷ),
2540 487 2798 545 τοσαύτης
2854 483 3097 559 ἐπειράθη
3158 493 3254 546 τῆς
3311 483 3731 556 ἀγανακτήσεως
3797 491 3924 536 τοῦ

2265 583 2419 641 Θεοῦ,
2453 577 2521 638 ὡς
2549 572 2687 648 μηδὲ
2730 574 2890 627 αὑτοῦ
2929 579 3192 636 Μωύσίως
3225 576 3534 637 ἱκετεύοντος
3577 594 3924 646 συγχωρη-

2267 667 2419 724 θῆναι
2471 665 2600 737 αὐτῇ
2648 673 2738 725 τῆς
2792 665 3047 739 ἁμαρτίας
3105 666 3164 716 τὸ
3217 662 3496 737 ἐπιτίμιον,
3552 664 3726 717 Αὑτὸν
3771 667 3922 716 τοί-

2265 776 2352 806 νυν
2379 757 2488 814 (68)
2528 757 2650 807 ὅταν
2699 751 2801 807 ἴδω
2843 757 3090 819 Μωύσία,
3117 754 3205 806 τὸν
3251 761 3344 806 τοῦ
3371 761 3506 806 Θεοῦ
3556 754 3917 827 θεράποντα,

2266 849 2351 898 τὸν
2380 849 2542 918 μέγαν
2585 843 2788 912 ἐκεῖνον,
2831 847 2918 897 τόν
2961 846 3222 906 τοσαύτης
3263 846 3353 916 μὲν
3404 845 3494 896 καὶ
3544 842 3923 904 τηλικαύτης

2269 933 2550 997 ἀξιωθέντα
2601 942 2756 1006 τιμῆς
2806 936 2950 1008 παρά
2992 941 3148 1000 Θεοῦ,
3201 933 3336 985 οὕτω
3390 928 3449 986 δι
3496 930 3752 992 πολλάκις
3802 933 3916 984 ὑπ’

2269 1025 2427 1078 αὐτοῦ
2491 1025 2907 1099 μαρτυρηθέντα,
2968 1027 3038 1086 ὼς
3089 1021 3313 1076 ἀκοῦσαι
3347 1043 3361 1057 ο
3417 1018 3557 1075 Οἶδά
3617 1041 3678 1074 σε
3735 1025 3918 1096 παρὰ

2268 1118 2480 1179 πάντας,
2539 1119 2628 1166 καὶ
2690 1116 2912 1186 εύρηκας
2970 1117 3132 1188 χάριν
3203 1111 3416 1166 ἐνώπιόν
3479 1130 3580 1184 μου
3611 1131 3624 1145 ο
3693 1119 3914 1164 τοῦτον

2270 1207 2390 1258 ὅταν
2416 1201 2516 1256 ἴδω
2563 1202 2645 1256 ἐπὶ
2677 1210 2764 1255 τού
2796 1199 2986 1262 ὕδατος
3031 1210 3126 1262 τῆς
3184 1199 3473 1272 ἀντιλογίας
3520 1197 3737 1262 οὐδενος
3769 1201 3908 1253 ἓνε-

2271 1315 2353 1348 κεν
2405 1295 2598 1368 ἐτέρου,
2657 1295 2685 1352 ἡ
2759 1295 2842 1345 ἶνα
2877 1297 3029 1365 μόνον
3087 1297 3201 1365 εῖπη
3253 1300 3327 1362 τῷ
3387 1289 3493 1361 λαῷ
3551 1291 3911 1362 γογγύζοντε

2273 1381 2366 1438 διὰ
2426 1383 2645 1458 ἀπορίαν
2711 1379 2920 1448 ὕδατος,
2985 1386 3069 1440 Mi;
3148 1380 3204 1434 ἐκ
3263 1384 3454 1442 ταύτης
3515 1388 3612 1442 τῆς
3685 1383 3910 1453 πέτρας

2272 1473 2510 1548 ἐξάξομεν
2573 1476 2684 1541 (69)
2759 1474 2880 1546 ὑμῖν
2955 1469 3150 1544 ὖδωρ;

3136 1560 3204 1621 εἰς
3277 1565 3370 1619 τὴν
3444 1567 3544 1632 γῆν
3616 1566 3719 1618 τῆς
3802 1555 3906 1611 ἐπ·-

3231 1474 3418 1524 τούτου
3475 1474 3634 1542 μόνου
3716 1471 3908 1522 ἕνεκεν

2272 1565 2424 1626 εὐθὺς
2475 1561 2689 1620 ἀπειλὴν
2755 1559 3058 1634 δεχόμενον,

517 1647 717 1703 statim
743 1647 859 1702 sibi
889 1647 1192 1709 ascivisse,
1241 1647 1367 1704 fore
1409 1651 1473 1703 ut
1503 1662 1626 1703 non
1663 1646 2077 1716 ingrederetur
2104 1645 2167 1701 in

2275 1654 2518 1726 αγγελίας
2573 1652 2666 1705 οὐκ
2720 1651 3120 1718 εἰσελεύσεσθαι,
3168 1653 3285 1713 ητις
3339 1647 3399 1708 ἧν
3441 1654 3558 1702 τότε
3598 1656 3703 1701 τῶν
3753 1650 3906 1721 πρὸς

515 1742 738 1793 terram
784 1736 1224 1808 promissionis,
1265 1752 1402 1809 quae
1445 1736 1740 1804 omnium,
1772 1752 1910 1808 quae
1945 1735 2168 1792 Judaeis

515 1825 822 1897 promissa
857 1825 1117 1894 fuerant,
1149 1831 1584 1882 tuncsumma
1607 1829 1734 1881 erat
1765 1843 1778 1880 :
1812 1841 1953 1880 cum
1992 1824 2169 1882 video

515 1915 679 1970 hunc
707 1920 1041 1984 rogantem,
1065 1921 1123 1970 et
1151 1915 1393 1970 veniam
1415 1931 1539 1971 non
1572 1914 1944 1970 obtinentem
1974 1930 1988 1968 :
2028 1930 2170 1970 cum

513 2004 692 2060 video
721 2019 921 2077 pauca
947 2003 1049 2059 illa
1077 2003 1263 2060 verba
1291 2004 1355 2059 in
1385 2019 1574 2060 causa
1592 2003 1801 2072 fuisse,
1822 2019 1930 2059 cur
1967 2006 2054 2060 tot
2098 2018 2171 2060 ac

515 2097 688 2149 tanta
706 2097 864 2148 recte
894 2093 1051 2149 facta
1068 2092 1312 2149 veniam
1338 2108 1463 2148 non
1494 2092 1841 2163 meruerint,
1864 2096 1930 2148 ut
1965 2091 2168 2165 plane,

515 2183 686 2252 juxta
732 2182 1110 2253 Apostolum,
1165 2182 1540 2238 severitatem
1600 2181 1701 2237 Dei
1728 2183 1774 2216 ⁸⁸
1827 2197 2029 2249 cerno,
2087 2182 2173 2238 ita

516 2269 854 2342 persuadeo
879 2269 1030 2325 mihi
1065 2269 1245 2341 plane
1270 2285 1481 2326 verum
1511 2286 1646 2326 esse
1663 2268 1811 2326 illud
1835 2287 1850 2326 :
1877 2270 1948 2326 Si
1963 2272 2172 2340 justus

518 2358 831 2414 via-salvus
843 2358 1353 2428 efﬁcitur,impius
1375 2364 1426 2414 et
1446 2363 1723 2427 peccator
1739 2358 1844 2414 ubi
1851 2357 2111 2428 parebit"
2122 2355 2172 2410 οἳ

516 2449 585 2502 Et
603 2446 752 2518 quid
779 2446 908 2502 haec
941 2463 1354 2504 commemoro
1372 2447 1400 2502 ?
1436 2449 1584 2504 Cum
1609 2447 1976 2504 horrendam
2005 2446 2172 2504 illam

517 2535 619 2590 Dei
647 2535 1005 2591 sententiam
1045 2535 1247 2607 audio,
1279 2553 1417 2609 quae
1445 2536 1508 2594 in
1551 2553 1692 2592 eum
1723 2537 1906 2594 etiam
1954 2536 2061 2609 qui
2096 2551 2172 2593 ex

514 2623 859 2695 ignorantia
889 2631 1259 2698 praeceptum
1303 2641 1495 2683 unum
1523 2625 1727 2693 violat,
1781 2626 2172 2698 pronuntiata

515 2719 624 2782 est,
651 2728 776 2769 non
795 2713 996 2770 habeo
1025 2713 1338 2786 quomodo
1367 2731 1478 2787 pro
1503 2720 1716 2771 merito
1745 2714 1900 2770 illius
1927 2713 2171 2784 magni-

514 2801 787 2858 tudinem
809 2801 1530 2874 extimescam.Scriptum
1549 2807 1638 2858 est
1655 2803 1847 2860 enim:
1869 2804 1948 2860 Et
1969 2805 2172 2860 anima

518 2893 572 2947 si
591 2897 931 2960 peccaverit
955 2897 1010 2947 et
1033 2892 1246 2962 fecerit
1268 2908 1454 2948 unum
1471 2907 1548 2950 ex
1565 2894 1838 2949 omnibus
1855 2895 2172 2964 praeceptis

2274 1740 2565 1804 Ἰουὸαίους
2615 1740 2927 1813 ἐπαγγελιῶν
2973 1743 3032 1792 τὸ
3089 1739 3362 1812 κεφάλαιον
3394 1761 3408 1772 ·
3467 1741 3590 1792 ὅταν
3616 1733 3721 1789 ἶὸω
3751 1745 3902 1790 τοῦ-

2276 1855 2361 1886 τον
2435 1831 2855 1908 παρακαλοῦντα,
2911 1836 3000 1882 καὶ
3056 1834 3128 1903 μη
3201 1831 3632 1903 συγχωρούμενον
3669 1848 3683 1860 ·
3756 1828 3899 1878 ὅταν

2277 1915 2378 1971 ἴδω
2455 1915 2715 1990 μηδεμιᾶς
2763 1919 3076 1987 συγγνώμης
3134 1911 3229 1966 διὰ
3278 1917 3345 1966 τὰ
3405 1920 3638 1966 τοσαύτα
3693 1931 3902 1986 κατορ-

2280 2010 2494 2082 θώματα
2550 2005 2634 2059 ἐπὶ
2672 2013 2745 2076 τῷ
2804 2003 3003 2079 βραχεῖ
3049 2002 3220 2074 ἐκείνῳ
3279 2003 3478 2077 ῥήματι
3524 2000 3900 2073 καταξιούμε-

2276 2117 2380 2164 νον,
2423 2101 2578 2158 ὄντως
2622 2097 2712 2167 μὲν
2756 2095 2859 2168 ὁρῶ
2905 2100 3038 2145 Θεοῦ
3083 2090 3396 2164 ἀποτομίαν,
3429 2093 3564 2144 κατά
3591 2095 3678 2144 τὸν
3710 2089 3893 2143 Ἀπό-

2280 2186 2477 2254 στολον,
2527 2189 2684 2246 ὅντως
2741 2180 2801 2236 6":
2847 2181 3006 2236 ἐκεῖνο
3057 2181 3246 2244 ἀληθες
3303 2179 3433 2235 εἶναι
3483 2182 3732 2252 πείθομαι
3796 2183 3886 2233 τό.

2277 2276 2340 2328 Εἰ
2390 2277 2416 2327 6
2483 2272 2687 2336 δίκαιος
2738 2272 2884 2346 μόλις
2936 2272 3182 2340 σώζεται,
3239 2273 3266 2323 6
3319 2269 3514 2332 ἀσεϐὴς
3564 2273 3655 2322 καὶ
3709 2267 3889 2342 ἀμοιρ-

2277 2365 2436 2426 τωλός
2483 2372 2583 2417 πού
2638 2370 2912 2436 partitur;
2971 2365 3072 2414 Καὶ
3122 2365 3174 2413 τί
3223 2367 3392 2413 ταῦτα
3441 2359 3593 2432 λέγω.
3644 2359 3888 2420 Ἐκείνης

2278 2457 2396 2508 ὅταν
2455 2452 2664 2506 ἀκούσω
2704 2462 2793 2512 τῆς
2849 2450 3061 2525 φοϐερᾶς
3103 2457 3196 2502 τοῦ
3253 2457 3387 2503 Θεοῦ
3437 2447 3766 2520 ἀποφάσεως,
3820 2447 3884 2505 ἣν

2279 2549 2366 2598 καὶ
2416 2545 2551 2596 κατά
2598 2546 2708 2613 (70)
2766 2550 2859 2594 τοῦ
2903 2546 3026 2614 μίαν
3083 2539 3288 2600 ἐντολὴν
3335 2537 3410 2592 ἐπ’
3464 2537 3651 2611 ἀγνοίᾳ
3707 2556 3882 2611 παρα-

2278 2633 2552 2693 ϐεϐηκότος
2613 2631 2972 2703 ἀποφαίνεται,
3027 2629 3120 2683 ούκ
3167 2632 3276 2701 ἔχω
3333 2637 3437 2688 πῶς
3486 2626 3708 2690 ἐπαξίως
3779 2645 3880 2696 φο-

2279 2723 2425 2781 ϐηθῶ
2478 2731 2570 2782 τῆς
2617 2721 2777 2794 ὀργῆς
2825 2722 2884 2772 τὸ
2935 2721 3171 2792 μέγεθος.
3224 2722 3520 2792 Γέγραπται
3573 2717 3676 2790 γάρ
3706 2735 3720 2748 ο
3777 2718 3883 2768 Καὶ

2281 2813 2433 2884 ψυχή
2508 2810 2592 2863 ἐὰν
2658 2811 2886 2884 ἁμάρτῃ,
2963 2813 3053 2861 καὶ
3128 2813 3326 2880 ποιήσῃ
3409 2810 3533 2880 μίαν
3607 2803 3708 2858 ἀπὸ
3768 2823 3882 2856 πα-

2284 2912 2386 2955 σῶν
2441 2910 2541 2954 τῶν
2597 2898 2809 2952 ἐντολῶν
2872 2903 3088 2972 Κυρίου,
3147 2899 3215 2949 ὧν
3274 2897 3333 2949 ού
3401 2893 3484 2949 δεῖ
3536 2902 3719 2960 ποιεῖν,
3788 2896 3883 2945 καὶ

513 2981 776 3049 Domini,
799 2997 932 3052 quae
952 2997 1074 3037 non
1098 2987 1327 3050 oportet
1356 2983 1508 3049 ﬁeri,
1530 2987 1586 3039 et
1609 2997 1723 3039 non
1754 2984 2087 3052 agnoverit,
2116 2990 2168 3040 et

2281 2993 2375 3046 οὐκ
2432 2994 2581 3063 ἔγνω,
2649 2993 2739 3041 καὶ
2776 2986 3152 3061 πλημμελήσῃ,
3200 2991 3290 3039 καὶ
3353 2984 3482 3058 λάϐῃ
3553 2989 3647 3042 τὴν
3702 2983 3881 3056 αμαρ-

515 3070 858 3142 deliquerit,
890 3074 946 3127 et
972 3071 1271 3140 acceperit
1307 3077 1639 3140 peccatum,
1671 3072 1882 3141 a/I‘eret
1924 3073 2173 3129 arietem

515 3160 972 3216 immaculatum
994 3159 1066 3216 de
1085 3159 1290 3216 ovibus
1310 3162 1500 3231 pretio
1521 3163 1764 3231 argenti
1786 3161 1859 3217 ob
1888 3162 2173 3218 delictum

517 3249 600 3304 ad
616 3249 1004 3304 sacerdotem.
1027 3249 1106 3304 Et
1125 3249 1398 3306 exorabit
1413 3265 1530 3319 pro
1545 3264 1611 3306 eo
1635 3251 1912 3306 sacerdos
1929 3256 2176 3320 prapter

518 3338 646 3405 ejus
664 3337 1281 3408 ignorantiam,quam
1301 3340 1691 3409 ignoravit,et
1711 3341 1834 3410 ipse
1846 3356 1966 3396 non
1976 3341 2172 3410 scivit,

519 3430 573 3481 et
595 3425 937 3481 remittetur
953 3426 1341 3498 itli.Deliquit
1361 3431 1515 3485 enim
1536 3428 1818 3485 delictum
1839 3444 2043 3485 coram
2062 3430 2175 3485 Do-

518 3515 679 3572 mino
697 3516 768 3571 3°.
799 3515 972 3580 Quod
999 3516 1048 3572 si
1079 3516 1374 3574 adversus
1404 3518 1617 3575 delicta
1635 3535 1771 3592 quae
1797 3521 2174 3590 exignoran-

519 3604 601 3662 tia
611 3605 832 3663 commi
843 3609 1088 3672 ttuntur,
1105 3605 1404 3677 judicium
1417 3607 1715 3680 profertur
1727 3613 1852 3665 tam
1869 3625 2170 3682 severum,

519 3696 599 3753 ad
628 3711 822 3769 eaque
849 3697 1155 3769 expianda
1205 3698 1618 3754 necessarium
1662 3703 1752 3755 est
1781 3699 2170 3770 sacriﬁcium,

520 3784 688 3857 quod
717 3790 808 3841 est
849 3785 1052 3855 justus
1097 3785 1208 3842 Job
1255 3802 1366 3859 pro
1409 3786 1545 3844 ﬁliis
1589 3786 1876 3844 obtulisse
1906 3804 1970 3844 se
1995 3793 2173 3847 testa-

520 3877 616 3929 tur
647 3875 717 3942 ⁵³,
774 3874 994 3946 ecquid
1045 3874 1260 3931 dixerit
1306 3874 1445 3947 quis
1499 3875 1575 3932 de
1632 3875 1703 3932 iis
1759 3877 1866 3948 qui
1912 3878 2172 3935 scientes

520 3961 902 4036 delinquunt,
927 3969 1032 4019 aut
1055 3963 1130 4019 de
1149 3962 1243 4018 his
1271 3963 1396 4036 qui,
1428 3963 1577 4020 dum
1597 3964 1680 4021 illi
1700 3970 1975 4038 peccant,
1999 3966 2175 4024 silen-

521 4050 671 4107 tium
723 4053 954 4121 agunt?
991 4054 1056 4107 Et
1101 4067 1176 4107 ne
1229 4051 1732 4122 indignationem,
1782 4069 1921 4125 qua:
1964 4060 2175 4112 contra

518 4140 861 4198 istiusmodi
881 4140 1162 4198 homines
1187 4146 1623 4211 commovetur,
1665 4157 1739 4199 ex
1784 4141 1925 4200 solis
1971 4144 2173 4216 conje-

521 4231 702 4287 cturis
757 4229 1186 4287 verisimilibus
1237 4229 1518 4300 colligere
1573 4230 1912 4304 videamur,
1960 4249 2171 4291 rursus

2280 3086 2416 3149 τίαν,
2474 3084 2608 3148 οίσει
2663 3083 2774 3145 (71)
2838 3080 2982 3150 κριὸν
3033 3078 3248 3149 ἄμωμον
3318 3074 3373 3127 ἐκ
3422 3082 3523 3128 τῶν
3579 3071 3876 3146 προϐάτων,

2279 3180 2438 3244 τιμῆς
2499 3169 2774 3243 ἀργυρίου,
2841 3167 2913 3228 εἰς
2976 3165 3326 3238 πλημμῦειαν
3380 3167 3514 3238 πρὸς
3566 3166 3653 3215 τὸν
3719 3164 3876 3235 ἱερέα.

2282 3265 2383 3312 Καὶ
2448 3257 2738 3320 ἐξιλάσεται
2808 3260 2925 3329 περὶ
3000 3255 3160 3308 αὑτοῦ
3235 3256 3260 3306 6
3338 3255 3521 3328 ἱερεὺς,
3594 3255 3714 3326 περὶ
3780 3259 3876 3312 τῆς

2281 3347 2493 3420 ἀγνοίας
2550 3347 2732 3413 αύτού,
2792 3347 2853 3407 ἧς
2907 3345 3153 3417 ἠγνόησε,
3221 3348 3312 3396 καὶ
3369 3341 3527 3404 αὐτὸς
3584 3341 3678 3394 ούκ
3729 3336 3872 3412 ᾔδει,

2280 3443 2370 3490 καὶ
2444 3435 2760 3510 ἀφεθήσεται
2835 3433 2997 3504 αύτῷ.
3052 3431 3450 3506 Ἐπλημμίλησε
3521 3433 3623 3505 γὰρ
3701 3427 3872 3501 πλημο

2280 3527 2484 3601 μῦιειαν
2532 3529 2698 3579 ἔναντι
2753 3529 2978 3597 Κυμίου.
3023 3523 3084 3576 Εἰ
3127 3519 3186 3577 δε
3237 3522 3322 3576 ἐπὶ
3362 3530 3462 3574 τῶν
3500 3522 3636 3573 κατά
3663 3521 3871 3590 ἀγνοιαν

2280 3618 2441 3678 οὕτως
2487 3614 2843 3689 ἀπαραίτητον
2896 3617 2954 3665 τὸ
2985 3618 3166 3688 κρῖμα,
3219 3615 3311 3663 καὶ
3353 3611 3479 3684 ύπὶρ
3532 3617 3629 3669 τῆς
3677 3608 3870 3680 καθάρο

2283 3707 2471 3769 σεωςή
2509 3706 2670 3758 θυσία
2706 3701 2984 3774 ἀναγκαία,
3031 3700 3093 3760 ἣν
3144 3704 3234 3752 καὶ
3277 3701 3303 3752 6
3347 3696 3550 3759 δίκαιος
3593 3695 3704 3750 Ἰὼϐ
3732 3715 3872 3768 μαρ-

2279 3803 2513 3870 τυρεῖται
2553 3797 2858 3868 προσφέρειν
2910 3793 3037 3863 ὑπερ
3091 3797 3190 3842 τῶν
3239 3790 3384 3856 υἱῶν,
3440 3792 3493 3840 τί
3522 3789 3583 3840 ἄν
3624 3806 3700 3848 τις
3742 3789 3875 3838 εἴποι

2279 3889 2398 3958 περὶ
2451 3892 2550 3936 τῶν
2605 3881 2654 3934 ἐν
2713 3885 2904 3952 γνώσει
2964 3879 3384 3952 ἁμαρτανόντων,
3443 3877 3472 3935 η
3532 3885 3631 3928 τῶν
3677 3876 3880 3935 τούτοις

2283 3972 2762 4045 ἐγησυχαζόντωη
2824 3973 2925 4022 Καὶ
2981 3969 3066 4020 ἶνα
3129 3972 3200 4040 μη
3258 3963 3490 4038 δόξωμεν
3553 3970 3876 4035 στοχασμοίς

2282 4062 2408 4114 αύτὸ
2447 4066 2603 4133 μόνον
2646 4059 2841 4111 εἰκόσιν
2891 4056 3294 4128 ἀναλογίζεσθαι
3344 4060 3440 4113 τήν
3496 4055 3632 4106 κατά
3685 4055 3874 4105 τούτων

2283 4149 2662 4222 ἀγανάκτησιν,
2733 4146 2889 4207 αὐτῆς
2953 4145 3106 4198 πάλιν
3165 4143 3448 4215 ἀναγκαῖον
3527 4147 3874 4214 μνημονεῦσαι

2281 4246 2377 4301 τῆς
2417 4240 2757 4290 θεοπνεύστου
2806 4241 2978 4308 Γραγῆ
2993 4254 3033 4301 ς,
3074 4232 3343 4309 ἀρκούσης
3374 4231 3456 4285 ἐπὶ
3493 4238 3585 4284 τοῦ
3631 4234 3872 4303 παρόντος

519 4317 740 4375 divinae
771 4321 1090 4392 Scripturaa
1122 4335 1370 4377 necesse
1399 4325 1487 4377 est
1515 4321 1888 4391 meminisse,
1911 4339 2051 4381 cum
2081 4325 2168 4382 vel

2282 4332 2371 4381 καὶ
2424 4323 2517 4380 διὰ
2569 4332 2695 4400 μιᾶς
2761 4328 2997 4399 ἱστορίας
3050 4331 3394 4397 παραστῆσαι
3453 4324 3512 4374 τό
3558 4327 3720 4394 κρῖμα
3768 4327 3864 4372 τῶν

519 4407 702 4468 unius
717 4408 980 4466 historiae
998 4410 1344 4467 narratione
1375 4409 1585 4468 talium
1609 4411 1908 4482 judicium
1927 4412 2008 4470 ob
2029 4430 2170 4473 ocu-

519 4495 612 4552 los
640 4511 864 4568 ponere
892 4499 1102 4569 possit.
1134 4500 1213 4554 Et
1235 4501 1373 4571 ﬁlii,
1402 4500 1619 4573 inquit,
1651 4502 1796 4558 Heli
1821 4503 2170 4574 sacerdotis,

521 4586 649 4656 ﬁlii
663 4587 1083 4655 pestilentes”.
1107 4590 1256 4644 Cum
1276 4594 1479 4646 autem
1501 4590 1651 4646 tales
1667 4594 1885 4653 essent,
1906 4596 2174 4664 propter-

519 4691 592 4735 ea
611 4675 779 4749 quod
802 4684 970 4750 pater
989 4677 1051 4734 in
1068 4677 1178 4734 hos
1200 4679 1616 4736 vehementius
1631 4696 1752 4738 non
1772 4680 2169 4751 inveheretur,

519 4770 686 4824 tanta
715 4766 804 4824 ira
867 4767 968 4824 Dei
1013 4765 1323 4826 lenitatem
1368 4769 1656 4831 incendit,
1689 4774 1774 4838 ut,
1818 4768 2172 4841 alienigenis

515 4856 912 4931 irruptionem
931 4856 1312 4930 facientibus,
1332 4856 1416 4915 illi
1457 4857 1574 4932 ipsi
1611 4859 1742 4931 ejus
1788 4858 1894 4918 ﬁlii
1919 4876 2045 4918 una
2071 4860 2169 4920 die

589 5003 635 5039 ‘5
666 5005 840 5059 Num.
872 5018 972 5069 xu,
1001 5006 1049 5058 1.
1128 5003 1174 5038 ⁴⁶
1214 5001 1399 5058 Exod.
1430 5018 1626 5070 χχχιιι,
1663 5006 1746 5060 12.

517 5076 696 5131 17-19.
772 5076 816 5111 ⁵¹
848 5073 974 5131 Job.
1008 5089 1053 5144 Ι,
1087 5077 1138 5129 5.
1215 5075 1307 5131 ⁸⁵³1
1340 5075 1479 5144 Reg.
1505 5092 1561 5140 ιι,
1597 5077 1682 5130 12.

580 5220 692 5290 (68)
722 5217 887 5290 Idem
924 5217 1116 5274 codex
1155 5216 1642 5290 imriutov.__Azir6v
1691 5214 1749 5271 δε
1805 5225 1981 5271 τοῦτον
2005 5233 2018 5246 ·
2050 5219 2158 5290 sed

503 5287 718 5374 vocula
745 5285 804 5373 ὁξί
831 5304 1020 5346 manu
1051 5285 1360 5346 recentiori
1379 5287 1617 5360 adjecta
1644 5293 1749 5345 est.
1783 5291 1922 5360 Reg.
1947 5289 2154 5346 tertius

503 5374 658 5410 αυτόν
697 5376 897 5413 τουτον.

571 5427 685 5502 (69)
708 5430 850 5502 Reg.
877 5431 1108 5501 primus
1135 5436 1326 5502 πέτρας
1357 5431 1536 5502 ἐξάξω,
1558 5432 1829 5491 educam.

565 5498 681 5570 (70)
715 5498 965 5572 Uterque
985 5498 1255 5562 Comhef.
1281 5503 1340 5564 ἣν
1360 5503 1514 5562 κατὰ.

1824 5004 1868 5038 ⁴⁷
1893 5006 2066 5062 Νιιω.
2106 5022 2206 5079 xx,
2248 5011 2331 5064 ιο.

2280 4419 2547 4470 τοιούτων.
2603 4419 2702 4468 Καὶ
2763 4417 2890 4480 υἱοὶ,
2948 4417 3129 4485 φησὶν,
3187 4410 3324 4464 Ἠλεὶ
3378 4417 3468 4464 τού
3532 4411 3718 4484 ἱερέως,
3760 4410 3861 4460 υἱοὶ

2280 4506 2471 4580 λοιμοί.
2502 4506 2719 4565 Τούτοις
2766 4500 2825 4556 δε
2872 4504 3128 4564 τοιούτοις
3181 4497 3350 4568 οὖσιν,
3391 4501 3472 4552 ὅτι
3526 4503 3597 4571 μὴ
3632 4496 3859 4559 ἐπεξῆλθε

2283 4592 2630 4668 σφοδρότερον
2687 4595 2711 4645 6
2776 4597 2974 4666 πατὴρ,
3031 4593 3278 4648 τοιαύτην
3325 4589 3556 4646 ἐκίνησεν
3610 4586 3759 4661 ὀργὴν
3797 4593 3851 4658 τῇ

2278 4686 2618 4758 μακροθυμίᾳ
2682 4690 2771 4734 τοῦ
2846 4689 3002 4748 Θεοῦ,
3075 4683 3228 4746 ὥστε,
3305 4678 3698 4732 ἐπαναστάντων
3763 4684 3854 4727 τῶν

2279 4772 2588 4846 ἀλλοφύλων,
2621 4775 2739 4832 τοὺς
2789 4772 2878 4842 μὲν
2932 4773 3080 4831 υἱούς
3135 4771 3296 4820 αύτού
3346 4767 3551 4826 ἐκείνοις
3603 4763 3855 4838 ἀναιρεθη-

2275 4883 2361 4916 ναι
2410 4863 2545 4915 κατά
2589 4864 2677 4915 τὸν
2723 4859 2942 4931 πόλεμον
2999 4858 3047 4912 ἐν
3094 4859 3264 4930 ἡμέρα
3303 4862 3421 4929 μιᾷ,
3469 4856 3754 4914 ἡττηθῆναι
3800 4849 3854 4906 δε

3523 4998 3571 5033 ⁵ο
3604 4995 3769 5053 Lavit.
3799 5011 3845 5060 v,

2408 5007 2455 5042 ⁸⁸
2479 5007 2649 5064 Rom.
2681 5020 2761 5071 x1,
2787 5006 2876 5058 22.
2954 5003 3000 5036 ‘9
3032 5003 3220 5058 lPetr.
3251 5015 3328 5068 iv,
3361 5001 3448 5056 t8.

2336 5223 2448 5289 (7t)
2481 5222 2624 5288 Reg.
2662 5217 2868 5274 tertius
2893 5221 2982 5269 καὶ
3011 5220 3163 5281 οἴσει,
3192 5219 3249 5272 et
3271 5214 3354 5270 ita
3380 5227 3626 5289 quoque
3652 5208 3844 5289 legitur

2263 5281 2439 5362 apud
2475 5281 2620 5347 LXX.
2673 5293 2813 5362 Reg.
2845 5289 3078 5362 primus
3123 5291 3213 5362 xui
3245 5281 3550 5362 οῖσίῃῘΝιξᾱ
3562 5285 3644 5339 ita
3672 5281 3839 5362 multo

2261 5355 2400 5434 post
2421 5362 2580 5432 Regii
2602 5355 2919 5433 primus—et
2936 5359 3140 5415 tertius
3157 5361 3258 5434 γὰρ
3285 5355 3554 5434 exaggae
3567 5373 3646 5408 σει
3671 5356 3833 5434 ἔναντιἔ

2259 5425 2451 5490 Editio
2479 5425 2658 5489 Paris.
2686 5438 2745 5488 et
2773 5435 2913 5501 Reg.
2951 5425 3254 5488 secundus
3278 5425 3650 5503 πλημμέλειαν.
3683 5425 3834 5498 Apud

2259 5508 2385 5564 LXX
2414 5503 2734 5577 πλημμελείᾳ
2747 5544 2760 5559 .
