4100 6196
1613 285 1704 344 DE
1739 283 2016 349 JUDIClO
2043 295 2179 353 DEI.

3481 318 3586 372 666

220 424 503 478 σύμπαντα
557 409 646 459 τόν
697 407 838 477 λαόν,
897 414 987 463 καὶ
1044 414 1238 465 τούτων
1262 421 1436 467 πεσεῖν
1474 415 1702 478 ἱκανούς,
1732 431 1823 484 γε·

1938 415 1996 472 in
2015 418 2174 479 bello
2203 422 2696 495 interﬁcerentur,
2731 434 3238 506 superareturque
3269 431 3590 493 universus

217 497 396 548 νέσθαι
451 491 514 550 δε
562 502 654 550 καὶ
711 503 829 572 περὶ
887 504 978 558 τὴν
1008 499 1230 554 κιϐωτόν
1252 513 1348 565 τῆς
1386 505 1544 576 ἁγίας
1571 510 1663 556 τοῦ
1694 508 1827 553 Θεοῦ

220 581 505 652 διαθήκης,
564 585 599 638 ἃ
647 592 777 660 μήτε
816 589 1055 649 ἠκούσθη
1116 595 1240 645 ποτε
1269 598 1534 668 πρότερον,
1581 595 1732 658 ὥστε,
1766 591 1830 653 ἧς

218 677 334 727 οὗτε
388 673 768 749 Ἰσραηλίταις,
829 682 944 730 ούτε
1001 685 1104 752 μὴν
1138 680 1317 744 αὐτοῖς
1357 685 1578 756 ἱερεῦσιν
1607 682 1824 743 ἅπασιν,

218 759 341 816 οὗδὶ
387 766 615 817 πάντοτε
671 765 930 820 ἅπτεσθαι
973 770 1179 842 θεμίτόν
1224 772 1309 836 ἦν,
1372 767 1496 824 οὐδὲ
1525 774 1683 830 τόπος
1716 769 1828 839 (72)

218 854 382 911 αὐτὴν
439 855 468 904 ό
528 859 708 926 τυχὼν
733 853 1044 928 ὑπεδέχετο,
1066 860 1260 917 ταύτην
1289 861 1390 912 ύπό
1411 868 1602 933 χειρῶν
1629 857 1827 911 ἀσεϐῶν

216 942 398 995 ἱλὶοτε
479 941 776 1014 ἀλλαχόθεν
859 947 1327 1020 μετακομίζεσθαι,

216 1033 401 1102 ἁγίων,
467 1028 697 1084 εἰδώλων
753 1042 895 1098 ναοῖς
935 1034 1353 1094 ἔναποτίθεσοαι.
1413 1037 1521 1110 Ἐφ’
1560 1038 1635 1100 οἷς
1663 1040 1826 1090 πόσον

214 1124 333 1174 τινὰ
396 1121 693 1174 συνέϐαινεν
745 1120 891 1189 εἶναι,
933 1131 1022 1178 καὶ
1077 1125 1192 1179 κατ’
1261 1127 1423 1179 αὐτοῦ
1453 1134 1544 1179 τοῦ
1577 1127 1827 1199 ὀνόματος

1410 954 1500 1001 καὶ
1550 946 1664 1000 ἀντὶ
1726 955 1827 999 τῶν

213 1218 306 1263 τοῦ
362 1218 525 1264 Θεοῦ·
566 1212 765 1282 γέλωτα
819 1218 908 1266 καὶ
937 1213 1132 1285 χλεύην
1165 1217 1310 1289 παρὰ
1349 1225 1460 1277 τοῖς
1499 1215 1822 1288 ἀλλοφύλοις,

217 1299 592 1371 στοχάζεσθαι
667 1303 937 1376 πάρεστιν,
992 1302 1106 1356 Ἐπί
1155 1308 1363 1368 τούτοις
1426 1309 1516 1358 καὶ
1569 1305 1724 1366 αὐτὸς
1799 1307 1825 1357 ό

215 1389 353 1442 Ἠλεὶ
420 1387 556 1441 τέλει
615 1391 952 1464 χρησάμενος
1021 1392 1334 1466 οἰκτροτάτῳ
1411 1392 1822 1468 ἀναγέγρὰπταυ

215 1475 502 1551 δεξάμενος
555 1477 770 1539 ἀπειλήν
844 1489 936 1534 τοῦ
999 1487 1089 1534 καὶ
1144 1487 1204 1536 τὸ
1263 1487 1470 1558 σπέρμα
1497 1483 1657 1537 αὑτοῦ
1689 1481 1824 1536 ἁπο-

213 1569 606 1626 κινηθήσεσθαι
667 1577 762 1622 τοῦ
829 1573 1091 1647 ἱερατικοῦ

212 1661 414 1730 γέγονε.

1171 1571 1483 1646 ἀξιώματος
1553 1574 1675 1648 ὅπερ
1734 1578 1824 1628 καὶ

279 1859 334 1912 6.
367 1854 628 1909 Τοσαῦτα
669 1854 966 1928 συμϐέϐηκε
992 1865 1064 1929 τῷ
1102 1856 1232 1929 λαῷ.
1289 1865 1523 1912 Τοιαῦτα
1579 1861 1827 1913 πέπονθεν

208 1947 232 1996 ό
290 1951 474 2020 πατὴρ
529 1941 626 1999 διὰ
679 1950 776 2003 την
833 1954 932 1997 τῶν
989 1949 1112 1998 υἱῶν
1163 1953 1508 2021 παρανομίαν.
1540 1947 1596 2011 ὃς
1641 1953 1821 2022 καίπερ

205 2043 302 2087 τοῦ
355 2038 452 2108 μεν
505 2031 644 2088 ἰδίου
708 2033 834 2108 βίον
899 2036 1056 2088 ἕνεκεν
1099 2037 1210 2108 (73)
1262 2033 1413 2090 ούὸεν
1444 2039 1635 2111 ᾐτιάθη
1676 2041 1819 2092 ποτε·

204 2130 300 2177 καὶ
360 2124 542 2186 αὐτοῖς
599 2121 660 2176 δὲ
714 2122 918 2185 ἐκείνοις
973 2125 1079 2198 οὐχ
1127 2127 1391 2198 ὑπέμεινεν
1454 2125 1820 2200 ἰφησνχάσαι,

206 2212 351 2265 ἂύὒὰ
395 2213 555 2265 πο)λά
601 2217 695 2286 μεν
734 2233 950 2287 παρηνει
1005 2217 1122 2286 περὶ
1149 2221 1241 2267 τοῦ
1278 2218 1465 2288 μηκέτι
1489 2223 1595 2275 τοῖς
1625 2217 1826 2289 ὁμοίοις

205 2301 492 2377 ἕπερείνειν·
545 2308 656 2371 Μὴ,
710 2307 882 2369 τέκνα,
938 2303 1117 2376 λέγων,
1167 2309 1262 2378 μὴ·
1333 2305 1426 2357 οὐκ
1486 2303 1704 2377 ἁγαθαὶ,
1771 2307 1826 2358 αἱ

205 2392 390 2459 ἆκοαι,
454 2393 512 2454 οἷς
579 2393 679 2465 ἐγὼ
734 2391 903 2445 ἀκούω
955 2398 1074 2468 περί
1133 2393 1294 2466 ὑμῶν·
1363 2389 1710 2470 σφοδρότερον
1766 2391 1825 2447 δι

205 2483 631 2544 κατασκευάζων
679 2491 776 2544 τῆς
832 2482 1092 2556 ἁμαρτίας
1147 2487 1205 2536 τό
1257 2485 1493 2556 μέγεθος,
1539 2483 1824 2558 φοϐερώτε-

202 2594 298 2647 ρον
319 2575 509 2634 αὐτοῖς
549 2577 782 2649 παρίστη
824 2575 1043 2642 (74)τόν
1074 2569 1335 2626 κίνδυνονο
1368 2573 1486 2627 Ἐὰν
1511 2575 1618 2647 γάφ
1651 2575 1824 2649 ἁμαρ-

1154 2668 1334 2736 φησιν,

202 2753 596 2826 προσεύξονται
643 2751 762 2822 (75)
813 2755 932 2825 περί
999 2750 1160 2804 αύτοῦ
1220 2754 1351 2826 πρὸς
1426 2755 1636 2826 Κύριον.
1707 2752 1826 2805 Ἐὰν

205 2667 377 2716 τείνων
457 2663 669 2736 ἁμάρτῃ
757 2664 1048 2736 ἄνθρωπος,
1154 2668 1334 2736 φησιν,
1415 2664 1485 2727 εἰς
1532 2664 1822 2740 ἄνθρωπον,

205 2837 268 2894 3's
328 2842 398 2903 εἰς
450 2845 585 2910 Θεόν
631 2840 862 2914 ἁμάρτῃ,
907 2845 990 2901 τίς
1055 2840 1396 2914 προσεύξεται
1447 2846 1564 2916 περὶ
1617 2841 1823 2909 αύτούς

202 2930 412 3004 Ὀμωςο
453 2927 764 3004 ὶπειδηπερ,
815 2932 882 2990 ὡς
927 2925 1086 2984 εἷπον.
1129 2929 1258 3002 οὐχὶ
1318 2935 1404 2983 τόν
1434 2934 1698 3006 πρέποντα
1736 2931 1828 2992 ζῆ-

204 3019 292 3072 λον
358 3021 480 3072 κατ’
569 3019 740 3071 αὐτῶν
822 3015 1143 3082 ἐπεδείξατο.
1201 3023 1379 3090 γέγονε
1431 3022 1497 3072 τὰ
1561 3019 1823 3094 εἰρημένα.

1936 510 2222 581 populus,
2252 530 2375 570 non
2401 517 2615 588 paucis
2639 533 2712 572 ex
2732 533 2804 574 eo
2826 519 3210 592 cadentibus,
3232 521 3357 579 imo
3385 525 3588 596 etiam,

1936 598 2095 656 circa
2141 618 2346 659 arcam
2405 607 2596 663 sancti
2652 607 2893 664 foederis
2934 609 3036 664 Dei
3084 610 3320 681 ﬁerent,
3362 628 3498 687 qua:
3516 630 3592 672 ne

1936 690 2142 748 audita
2162 693 2409 766 quidem
2436 711 2709 769 unquam
2733 703 2911 754 antea
2941 698 3216 757 fuerant:
3239 701 3327 758 sic
3357 709 3422 758 ut
3447 719 3592 761 arca

1935 794 2123 850 quam
2174 797 2371 855 neque
2425 785 2721 852 lsraelitis,
2774 802 2971 860 neque
2993 788 3141 862 ipsis
3169 790 3592 848 sacerdotibus

1934 870 2243 942 omnibus,
2269 877 2975 950 nequequovistempore
2999 879 3347 950 contingere
3371 879 3594 938 licebat

1934 977 2196 1034 quaeque
2232 977 2357 1018 non
2414 963 2474 1020 in
2527 965 2742 1038 quovis
2785 965 2918 1022 loco
2969 967 3415 1038 asservabatur,
3470 969 3589 1026 alio

1936 1049 2180 1106 aliunde
2211 1057 2524 1124 exportata
2555 1054 2627 1110 sit
2651 1054 2730 1110 ab
2768 1054 2971 1128 impiis
3002 1055 3307 1129 manibus,
3339 1064 3398 1114 et
3428 1057 3590 1115 sedis

1935 1144 2182 1208 sanctae,
2213 1139 2346 1197 loco
2372 1141 2432 1197 in
2467 1143 2930 1200 simulacrorum
2979 1145 3246 1202 delubris
3295 1147 3592 1206 collocata

1934 1228 2130 1285 fuerit.
2164 1231 2245 1285 Ex
2278 1230 2492 1302 quibus
2523 1233 2861 1304 conjectare
2900 1233 2994 1289 fas
3027 1239 3132 1306 est,
3167 1241 3394 1308 quanto
3445 1235 3594 1294 risui

1933 1317 2320 1391 ludibrioque
2347 1320 2548 1392 ipsum
2575 1321 2755 1378 etiam
2777 1323 2875 1379 Dei
2898 1339 3123 1380 nomen
3136 1324 3488 1394 alienigenae
3509 1325 3594 1384 illi

1932 1407 2276 1463 habuerint.
2308 1409 2532 1465 Adhaac
2569 1410 2777 1467 litteris
2820 1412 3126 1485 proditum
3151 1417 3245 1469 est
3293 1419 3349 1469 et
3391 1414 3593 1486 ipsum

1933 1495 2056 1553 Heli
2079 1496 2420 1553 miserrimo
2447 1498 2606 1554 exitu
2627 1501 2811 1556 vitam
2834 1502 3058 1571 ﬁnisse,
3083 1506 3412 1576 postquam
3433 1502 3594 1559 hanc

1932 1586 2467 1643 comminationem
2495 1588 2841 1661 audivisset,
2895 1591 3021 1647 fore
3049 1596 3115 1647 ut
3157 1608 3364 1648 semen
3403 1591 3596 1664 ipsius

1932 1691 1964 1732 e
2021 1675 2378 1732 sacerdotali
2432 1675 2726 1748 dignitate
2783 1679 3293 1738 submoveretur:
3325 1681 3494 1756 quod
3537 1685 3595 1740 et

1862 1771 1905 1828 Β
1934 1765 2200 1835 contigit.

2005 1860 2056 1911 6.
2079 1857 2186 1911 Tot
2204 1860 2261 1912 et
2285 1861 2456 1912 tanta
2480 1855 2828 1912 acciderunt
2851 1857 3097 1930 populo.
3151 1859 3316 1916 Talia
3349 1859 3594 1933 pertulit

1936 1947 1987 2016 2
2003 1946 2113 2017 19
2144 1948 2316 2018 pater
2343 1945 2423 2001 ob
2449 1944 2713 2001 filiorum
2734 1945 3136 2018 iniquitatem,
3155 1949 3261 2020 qui
3283 1953 3486 2005 tamen
3507 1949 3589 2005 ob

1933 2050 2077 2089 suos
2099 2035 2292 2108 ipsius
2305 2050 2504 2090 mores
2519 2034 2685 2091 nullo
2699 2051 2971 2109 unquam
2991 2036 3242 2093 crimine
3261 2043 3587 2094 accusatus

1932 2128 2041 2180 est.
2075 2127 2200 2180 lmo
2230 2123 2408 2179 etiam
2441 2139 2637 2197 neque
2667 2123 2908 2181 illorum
2928 2125 3159 2196 ﬂagitia
3179 2126 3392 2183 tacitus
3419 2127 3596 2182 susti-

1932 2214 2062 2270 nuit
2092 2230 2106 2269 :
2137 2211 2243 2268 sed
2268 2212 2527 2270 multum
2565 2213 2990 2280 admonuerat,
3022 2220 3088 2270 ut
3115 2231 3191 2270 ne
3214 2213 3475 2287 amplius
3528 2214 3593 2271 in

1934 2301 2238 2374 ejusmodi
2253 2303 2513 2375 peccatis
2535 2308 3010 2375 perseverarent.
3033 2303 3247 2360 Aiebat
3259 2303 3420 2360 enim
3445 2303 3597 2361 :Ab-

1932 2391 2010 2448 sit
2049 2392 2201 2460 ﬁlii:
2230 2407 2350 2447 non
2391 2396 2531 2446 sunt
2555 2391 2698 2447 boni
2723 2407 2994 2448 rumores
3012 2407 3159 2465 quos
3189 2393 3374 2450 audio
3399 2393 3473 2450 de
3501 2406 3599 2450 vo-

1937 2482 2022 2537 bis
2043 2481 2114 2539 ⁵³.
2142 2483 2336 2552 Atque
2368 2480 2549 2536 etiam
2583 2480 3064 2550 magnitudinem
3079 2481 3320 2538 sceleris
3341 2495 3599 2552 exagge-

1933 2586 2096 2640 rans,
2131 2567 2470 2643 periculum
2501 2569 2946 2625 formidabilius
2977 2569 3122 2642 ipsis
3144 2569 3224 2626 ob
3254 2568 3463 2626 oculos
3494 2585 3602 2642 po-

1934 2659 2137 2716 nebat.
2159 2659 2229 2716 Si
2247 2659 2424 2725 enim,
2448 2657 2664 2732 inquit,
2685 2673 2943 2729 peccans
2957 2659 3300 2729 peccaverit
3323 2657 3495 2714 homo
3526 2658 3590 2714 in

1936 2749 2256 2813 hominem.
2285 2748 2548 2804 orabunt
2563 2763 2675 2818 pro
2697 2764 2762 2804 eo
2787 2749 2870 2804 ad
2889 2750 3228 2806 Dominum.
3273 2748 3341 2805 Si
3370 2762 3508 2805 vero
3530 2749 3594 2805 in

1933 2838 2122 2894 Deum
2141 2839 2506 2907 peccaverit,
2534 2843 2666 2908 quis
2688 2837 2885 2894 orabit
2905 2854 3014 2909 pro
3038 2840 3162 2910 ipso
3176 2839 3224 2874 ⁵⁸
3241 2838 3269 2893 ?
3293 2835 3595 2904 Quoniam

1935 2931 2164 2995 tamen,
2195 2931 2260 2981 ut
2298 2925 2443 2994 dixi,
2475 2926 2557 2994 id,
2579 2925 2746 2998 quod
2776 2943 2888 2998 par
2916 2933 3061 2994 erat,
3100 2927 3291 2984 animi
3324 2925 3598 2983 studium

1936 3015 1998 3071 in
2028 3016 2194 3087 ipsos
2224 3029 2347 3070 non
2374 3013 2658 3080 ostendit,
2689 3021 3022 3071 evenerunt
3049 3032 3186 3088 quae
3234 3013 3596 3071 memoravi-

206 3115 442 3163 τοιαῦτα
486 3113 582 3182 μεν
633 3105 723 3161 οὖν
773 3107 992 3160 πλεῖστα
1030 3109 1132 3160 ὅσα
1157 3109 1292 3160 κατὰ
1321 3113 1413 3166 τὴν
1445 3107 1678 3161 Παλαιὰν
1709 3115 1823 3161 Δια-

1940 3121 2096 3160 mus.
2132 3103 2268 3173 Ejus
2289 3101 2538 3175 quidem
2561 3103 2796 3171 generis
2822 3102 3052 3174 judicia
3083 3103 3348 3174 plurima
3381 3103 3443 3158 in
3492 3119 3594 3158 ve-

210 3199 376 3257 θηκην
439 3201 670 3273 εὑρίσκω
721 3199 785 3251 τὰ
835 3199 971 3249 κατὰ
1016 3199 1196 3258 πάσης
1244 3206 1516 3271 παρακοῆς
1554 3202 1827 3274 κρίματα.

211 3288 362 3350 ετῖθις
408 3284 470 3340 δε
523 3288 646 3340 ὅταν
714 3285 798 3339 ἰπὶ
845 3291 939 3345 την
1003 3291 1197 3346 Καινὴν
1253 3286 1400 3350 ᾶθω,
1469 3294 1558 3340 τοῦ
1633 3291 1829 3362 Κυρίου

213 3379 357 3449 ἡμῶν
413 3377 602 3435 ἰησοῦ
668 3383 903 3448 Χριστοῦ
970 3375 1063 3428 ούκ
1113 3373 1469 3438 ἀπολύσαντος
1516 3379 1606 3447 μεν
1635 3383 1830 3437 τῆςτι-

208 3473 416 3542 μωρίας
460 3470 582 3520 οῦτε
639 3464 706 3518 τὰ
743 3468 878 3517 κατὰ
942 3464 1172 3536 ἄγνοιαν,
1227 3461 1575 3540 σφοδρότερον
1607 3461 1666 3518 δε
1694 3467 1832 3518 κατὰ

207 3565 315 3607 τῶν
387 3555 434 3607 ἰν
492 3560 689 3627 γνώσει
731 3560 824 3613 την
891 3553 1103 3612 ἀπειλὴν
1161 3553 1522 3618 ἐπιτείναντος,
1613 3550 1686 3606 δι’
1761 3555 1828 3606 ὧν

210 3665 401 3717 φησιν.
451 3651 674 3704 ⁹[ἐκεῖνος
738 3640 798 3696 δι
862 3644 888 3695 ὁ
934 3639 1142 3708 δοῦλος,
1202 3644 1227 3694 ὁ
1293 3645 1449 3715 γνούς
1495 3645 1554 3697 τὸ
1633 3642 1830 3716 θῦημα

207 3744 303 3787 τοῦ
367 3739 559 3808 κυρίου
608 3735 794 3786 εαυτοῦ
849 3733 978 3804 (76),
1033 3737 1124 3785 καὶ
1171 3737 1240 3805 μὴ
1287 3733 1567 3806 ἑτοιμάσας
1624 3732 1824 3801 ἑαυτὸν,

205 3822 352 3896 μηδὲ
445 3842 682 3881 ποιησας
753 3825 879 3898 πρὸς
949 3825 1007 3876 τό
1074 3821 1274 3894 θέλημα
1333 3823 1517 3894 αὐτοῦ,
1590 3818 1824 3896 δαρήσε-

203 3932 294 3964 ται
344 3913 566 3974 πολλοίς·
615 3909 724 3964 ὁδε
761 3915 834 3984 μὴ
899 3915 1068 3982 γνούς,
1119 3915 1350 3973 ποιήσας
1403 3907 1462 3964 δε
1515 3910 1637 3973 ἄξια
1699 3910 1827 3968 πλη-

201 4011 330 4073 γῶν,
409 4000 712 4076 δαρήσεται
779 3999 976 4072 ὀλίγας·

202 4099 530 4164 μονογενοῦς
581 4095 706 4144 Υἰοῦ
753 4099 844 4143 τοῦ
884 4097 1018 4142 Θεοῦ
1075 4092 1168 4150 τὰς
1213 4092 1455 4150 τοιαύτας
1516 4088 1822 4161 ἀποφάσεις,

203 4190 295 4234 καὶ
361 4191 469 4235 τῶν
518 4179 676 4252 ἁγίων
736 4177 1036 4232 ἀποστόλων
1073 4183 1169 4238 την
1190 4180 1327 4231 κατὰ
1372 4187 1471 4230 τῶν
1497 4177 1824 4252 ἁμαρτανόν-

1055 4001 1176 4053 ὃταν
1273 3999 1402 4074 εὕρω
1481 3999 1637 4052 αύτοῦ
1732 4007 1826 4052 τοῦ

203 4289 306 4322 των
363 4272 754 4342 ἀγανάκτησιν
812 4272 878 4321 τὰ
927 4276 1148 4321 τοιαῦτα
1202 4272 1292 4320 καὶ
1338 4262 1628 4325 τηλικαῦτα
1657 4268 1822 4335 πάθη,

1938 3195 2046 3251 teri
2103 3195 2482 3248 Testamento
2515 3189 2807 3248 adversus
2837 3207 3083 3246 omnem
3113 3190 3594 3248 inobedientiam

1938 3281 2171 3356 reperio
2200 3299 2213 3349 ;
2237 3296 2376 3337 cum
2399 3296 2542 3337 vero
2571 3295 2786 3336 rursus
2817 3279 2893 3336 ad
2922 3283 3156 3337 Novum
3205 3280 3479 3350 devenio,
3531 3280 3594 3337 in

1937 3388 2060 3446 quo
2091 3370 2376 3428 Dominus
2407 3373 2615 3427 Noster
2641 3371 2813 3426 Jesus
2835 3369 3102 3426 Christus
3123 3385 3198 3426 ne
3219 3369 3438 3426 delicta
3468 3369 3599 3444 qui-

1937 3462 2075 3518 dem
2090 3477 2198 3536 per
2217 3459 2626 3532 ignorantiam
2647 3459 2921 3516 admissa
2941 3477 2976 3516 a
2989 3476 3173 3534 paena
3189 3459 3465 3528 exsolvit,
3487 3459 3596 3517 sed

1935 3553 2018 3608 ita
2048 3558 2270 3617 tamen,
2322 3555 2389 3606 ut
2435 3549 2726 3607 adversus
2777 3567 2849 3607 ea
2903 3567 3041 3624 quae
3070 3551 3324 3608 scienter
3353 3557 3596 3624 patrata

1937 3645 2098 3708 sunt,
2130 3641 2330 3696 minas
2351 3639 2615 3711 majores
2644 3639 2939 3708 intendat,
2963 3641 3056 3696 his
3085 3640 3287 3697 verbis
3315 3642 3464 3696 :Ille
3488 3655 3595 3696 au-

1936 3737 2051 3787 tem
2073 3743 2298 3796 servus,
2332 3729 2439 3800 qui
2457 3729 2734 3799 cognovit
2765 3730 3136 3786 voluntatem
3159 3731 3388 3786 domini
3405 3731 3521 3796 sui,
3537 3734 3594 3785 et

1934 3837 2055 3877 non
2098 3819 2476 3890 praeparavit
2513 3819 2794 3889 seipsum,
2845 3835 3034 3892 neque
3065 3821 3211 3890 fecit
3264 3820 3592 3877 secundum

1937 3910 2306 3965 voluntatem
2335 3911 2486 3979 ejus,
2510 3909 2826 3978 vapulabit
2855 3911 3216 3982 multis:qui
3241 3917 3438 3966 autem
3472 3926 3592 3966 non

1935 4001 2232 4070 cognovit,
2282 4003 2335 4054 et
2381 3999 2529 4068 fecit
2586 3997 2775 4068 digna
2817 3999 3040 4068 plagis,
3092 3999 3409 4069 vapulabit
3445 4014 3593 4068 pau-

1936 4089 2020 4144 cis
2067 4089 2136 4143 ⁵⁵.
2177 4087 2420 4154 Quoties
2465 4086 2646 4158 igitur
2697 4086 2998 4158 ejusmodi
3023 4087 3354 4143 sententias
3401 4087 3593 4159 ipsius

1935 4177 2225 4248 unigeniti
2248 4176 2347 4232 Dei
2374 4176 2494 4232 Filii
2525 4177 2866 4244 considero,
2891 4182 2948 4232 et
2971 4180 3321 4231 sanctorum
3353 4178 3594 4246 aposto-

1933 4266 2133 4324 lorum
2165 4266 2458 4322 adversus
2488 4271 2807 4338 peccantes
2829 4264 3306 4334 indignationem
3329 4268 3594 4319 contem-

203 4370 306 4413 τῶν
376 4365 470 4412 καὶ
520 4362 570 4412 ἰν
631 4359 802 4410 ὁτιοῦν
849 4360 1246 4431 ἡμαρτηκότων,
1279 4355 1383 4428 ούχ
1414 4358 1606 4414 ἡττονα
1634 4365 1733 4407 τῶν
1773 4354 1823 4408 ἐκ

1938 4355 2069 4428 plor
2093 4370 2106 4420 ;
2138 4370 2400 4428 cumque
2423 4369 2631 4410 eorum
2653 4353 2756 4426 qui
2779 4352 2873 4408 vel
2894 4368 3083 4408 unum
3102 4351 3360 4424 quodvis
3382 4367 3593 4425 pecca-

206 4460 301 4510 τῆς
363 4448 601 4507 Halani;
645 4447 941 4522 εἰρημένων,
1010 4445 1199 4519 μᾶλλον
1290 4441 1349 4498 δε
1427 4449 1518 4496 καὶ
1595 4450 1826 4512 πλείονα,

208 4540 604 4612 καταμανθὰνω
628 4544 720 4589 τοῦ
777 4541 1028 4611 κρίματος
1095 4539 1192 4593 κήν
1261 4531 1618 4609 σφοδρότητα.
1688 4533 1827 4587 Ἐπεί

210 4636 300 4682 καὶ
370 4631 444 4701 ’ῼ
527 4628 808 4700 παρέθεντο
883 4624 1037 4690 πολύ,
1115 4627 1485 4698 περισσότερον
1593 4621 1826 4682 ἀπαιτη-

213 4738 405 4772 σονσιν
456 4716 635 4771 αὐτόν.
691 4712 830 4770 Ἰδού
870 4719 1043 4768 τοίνυν
1110 4720 1200 4766 καὶ
1261 4715 1286 4765 ὁ
1338 4715 1596 4786 μακάριος
1627 4712 1825 4774 Παῦλος

209 4807 531 4871 ὑποδεικνύς
581 4806 710 4880 οριοῦ
758 4814 850 4867 τῆς
904 4824 957 4858 τε
1006 4804 1238 4866 κλήσεως
1295 4809 1353 4857 τό
1381 4803 1587 4878 ἀξίωμα
1615 4809 1704 4857 καὶ
1730 4809 1822 4864 τὴν

281 4971 332 5006 ⁵³
377 4973 396 5026 ι
429 4971 576 5039 Reg.
609 4983 669 5035 ιι,
710 4970 800 5024 24.
878 4967 927 5003 ⁵⁸
953 4965 1101 5023 ibid.
1127 4971 1218 5025 25.

281 5116 391 5182 (72)
411 5111 608 5169 Editio
642 5110 828 5167 Paris.
846 5107 972 5164 οὐδε
991 5111 1017 5162 ὀ
1049 5116 1226 5182 τόπος.
1250 5109 1516 5182 Antiqui,
1533 5113 1651 5166 tres
1676 5109 1813 5166 libri

213 5177 331 5240 οὔδε
360 5177 543 5245 τόπος.
578 5182 754 5253 Haud
779 5182 958 5252 longe
978 5181 1160 5239 editio
1181 5183 1364 5238 Paris.
1386 5177 1698 5253 τῖπεδίχετο,
1722 5187 1812 5235 καὶ

213 5256 634 5328 ili-mutiny.
678 5252 868 5310 Editio
897 5251 1087 5328 νεα-.-
1112 5258 1173 5328 et
1225 5251 1417 5328 nostri
1472 5251 1611 5328 tres
1648 5268 1802 5309 mss.

211 5322 500 5400 νίπιδὲιετο
530 5329 776 5400 ⁸ταύτην,
815 5329 992 5380 recte.
1024 5323 1178 5380 Illud
1205 5324 1412 5400 _e_nim,_
1444 5328 1534 5400 xui
1590 5322 1806 5400 ἐγένετο,

211 5395 460 5472 prorius
489 5397 788 5472 πλεονᾷξιιν
809 5411 990 5472 nemo
1007 5411 1132 5453 non
1161 5395 1344 5452 videt.
1378 5395 1616 5452 Statim.
1663 5397 1805 5463 Reg.

212 5468 440 5544 primus
465 5477 614 5544 ναοῖς
641 5468 1004 5544 ἀποτίρεσθαι.

277 5545 386 5610 (73',
403 5543 705 5616 ﬂii-aque
717 5539 896 5616 editio
923 5544 978 5594 et
996 5540 1136 5616 Reg.
1160 5536 1462 5616 secundus
1489 5536 1539 5616 ἧς
1568 5536 1805 5616 xui-titulo

216 5608 298 5686 μὲν
335 5610 428 5669 τοῦ
476 5608 623 5667 ἰδίοῦ
670 5608 793 5684 βίον
836 5610 1015 5665 ἰνεκενο
1072 5610 1134 5666 in
1171 5609 1396 5682 quibus
1415 5608 1564 5682 quin
1595 5608 1806 5664 vitium

1295 4968 1344 5003 ⁵³
1377 4968 1513 5023 Luc.
1543 4983 1646 5035 xu,
1672 4969 1766 5037 47,
1792 4969 1882 5023 48.

1937 4449 2066 4500 tum
2121 4443 2497 4512 commisere,
2557 4440 2932 4497 calamitates
2987 4439 3327 4512 considero,
3362 4456 3588 4514 easque

1934 4531 2085 4589 tales
2113 4547 2181 4587 ac
2211 4534 2432 4594 tantas,
2463 4534 2521 4585 et
2546 4545 2684 4601 quae
2733 4530 3000 4586 minores
3045 4545 3168 4586 non
3209 4533 3354 4586 sunt
3399 4545 3588 4603 quam

1932 4621 2047 4680 illa:
2093 4635 2250 4694 quas
2293 4635 2365 4675 ex
2412 4618 2601 4674 Veteri
2657 4617 2848 4689 retuli,
2897 4618 3020 4675 imo
3064 4620 3270 4691 potius
3298 4621 3584 4690 majores,

1935 4717 2062 4768 tum
2104 4707 2312 4780 iudicii
2369 4707 2753 4763 severitatem
2788 4706 3078 4778 intelligo.
3115 4711 3262 4764 Nam
3295 4710 3392 4764 cui
3420 4721 3582 4762 com-

1931 4799 2293 4859 mendaram
2311 4797 2588 4866 multum,
2597 4797 2740 4866 plus
2747 4801 2950 4867 petent
2972 4797 3045 4854 ab
3067 4812 3131 4854 eo
3152 4797 3377 4852 “.Ecce
3404 4793 3586 4864 igitur

1960 4967 2007 5001 ⁵⁸
2047 4961 2196 5020 ibid.
2227 4964 2319 5018 48.

1922 5102 2337 5176 insitdubitari
2358 5117 2481 5159 non
2503 5104 2716 5174 potest.
2747 5099 2994 5176 Constat
3008 5095 3167 5151 enim
3192 5094 3444 5176 aut‘bnip
3475 5094 3583 5148 aut

1922 5181 2080 5233 ἕνεκεν
2103 5175 2465 5233 redundare.
2495 5169 2658 5230 Unus
2682 5171 2872 5226 codex
2895 5174 2959 5223 ut
2981 5169 3040 5220 in
3071 5169 3377 5220 contextu.

1988 5253 2104 5320 (74)
2157 5249 2415 5320 Utraque
2458 5244 2640 5300 editio
2695 5247 2753 5320 et
2782 5242 2926 5320 Reg.
2958 5235 3286 5320 _secundus
3309 5238 3568 5306 παρίστη.

1918 5307 2058 5388 Βέκ.
2087 5307 2334 5392 primus.
2351 5321 2665 5392 παρίστησι.
2701 5315 2839 5392 Reg.
2862 5307 3071 5392 tertius
3102 5311 3425 5392 παρέστησε.

2159 5390 2322 5462 Regii
2378 5377 2725 5462 p‘i'imusret
2768 5377 2972 5462 t‘értius
3028 5383 3118 5462 καὶ
3170 5377 3548 5451 προσεύξονται

1919 5451 2128 5518 Statim
2147 5451 2314 5532 Regii
2335 5451 2652 5532 primuset
2667 5451 2985 5532 secundus
3008 5455 3096 5504 καὶ
3135 5468 3237 5514 τις,

1985 5534 2103 5605 (76)
2128 5523 2369 5606 Antiqui
2395 5529 2519 5587 duo
2547 5526 2680 5588 libri
2711 5532 2894 5605 κυρίου
2925 5523 3086 5581 αὐτοῦ
3105 5565 3118 5582 .
