  <div class='ocr_page' id='page_1' title='image "/cluster/home/n/w/nwhite01/storage/ocr_20150623/31/hvd.32044048272629/354.png"; bbox 0 0 4100 6196; ppageno 0'>
   <div class='ocr_carea' id='block_1_1' title="bbox 257 256 364 312">
    <p class='ocr_par' dir='ltr' id='par_1_1' title="bbox 257 256 364 312">
     <span class='ocr_line' id='line_1_1' title="bbox 257 256 364 312; baseline 0.019 -2"><span class='ocrx_word' id='word_1_1' title='bbox 257 256 364 312; x_wconf 80' lang='lat'><strong><em>669</em></strong></span> 
     </span>
    </p>
   </div>
   <div class='ocr_carea' id='block_1_2' title="bbox 1650 253 2220 316">
    <p class='ocr_par' dir='ltr' id='par_1_2' title="bbox 1650 253 2220 316">
     <span class='ocr_line' id='line_1_2' title="bbox 1650 253 2220 316; baseline 0.004 -4"><span class='ocrx_word' id='word_1_2' title='bbox 1650 255 1742 312; x_wconf 86' lang='lat' dir='ltr'><strong>DE</strong></span> <span class='ocrx_word' id='word_1_3' title='bbox 1775 253 2043 316; x_wconf 80' lang='lat' dir='ltr'>JUDICIO</span> <span class='ocrx_word' id='word_1_4' title='bbox 2084 257 2220 315; x_wconf 84' lang='lat' dir='ltr'>DEI.</span> 
     </span>
    </p>
   </div>
   <div class='ocr_carea' id='block_1_3' title="bbox 3519 265 3624 327">
    <p class='ocr_par' dir='ltr' id='par_1_3' title="bbox 3519 265 3624 327">
     <span class='ocr_line' id='line_1_3' title="bbox 3519 265 3624 327; baseline -0.048 -1"><span class='ocrx_word' id='word_1_5' title='bbox 3519 265 3624 327; x_wconf 81' lang='grc'>670</span> 
     </span>
    </p>
   </div>
   <div class='ocr_carea' id='block_1_4' title="bbox 261 377 1861 457">
    <p class='ocr_par' dir='ltr' id='par_1_4' title="bbox 261 377 1860 455">
     <span class='ocr_line' id='line_1_4' title="bbox 261 377 1860 455; baseline 0.001 -25"><span class='ocrx_word' id='word_1_6' title='bbox 261 397 344 430; x_wconf 90' lang='grc' dir='ltr'>σιν</span> <span class='ocrx_word' id='word_1_7' title='bbox 397 379 496 434; x_wconf 78' lang='grc' dir='ltr'>ἔτι.</span> <span class='ocrx_word' id='word_1_8' title='bbox 557 379 697 454; x_wconf 87' lang='grc' dir='ltr'>Πρὸς</span> <span class='ocrx_word' id='word_1_9' title='bbox 752 377 787 429; x_wconf 81' lang='grc' dir='ltr'><strong>ἆ</strong></span> <span class='ocrx_word' id='word_1_10' title='bbox 835 387 943 442; x_wconf 83' lang='grc' dir='ltr'>πῶς</span> <span class='ocrx_word' id='word_1_11' title='bbox 993 381 1054 432; x_wconf 85' lang='grc' dir='ltr'>οἶν</span> <span class='ocrx_word' id='word_1_12' title='bbox 1108 399 1186 443; x_wconf 88' lang='grc' dir='ltr'>τις</span> <span class='ocrx_word' id='word_1_13' title='bbox 1240 379 1518 455; x_wconf 72' lang='grc' dir='ltr'>ἀξιολόγως</span> <span class='ocrx_word' id='word_1_14' title='bbox 1566 382 1860 453; x_wconf 77' lang='grc' dir='ltr'>κινούμενος</span> 
     </span>
    </p>
   </div>
   <div class='ocr_carea' id='block_1_5' title="bbox 1976 377 3626 457">
    <p class='ocr_par' dir='ltr' id='par_1_5' title="bbox 1977 382 3626 457">
     <span class='ocr_line' id='line_1_5' title="bbox 1977 382 3626 457; baseline 0.004 -22"><span class='ocrx_word' id='word_1_15' title='bbox 1977 397 2086 456; x_wconf 88' lang='lat' dir='ltr'>pro</span> <span class='ocrx_word' id='word_1_16' title='bbox 2109 383 2195 438; x_wconf 89' lang='lat' dir='ltr'>rei</span> <span class='ocrx_word' id='word_1_17' title='bbox 2223 382 2510 456; x_wconf 71' lang='lat' dir='ltr'>dignitate</span> <span class='ocrx_word' id='word_1_18' title='bbox 2539 389 2879 446; x_wconf 85' lang='lat' dir='ltr'>commotus</span> <span class='ocrx_word' id='word_1_19' title='bbox 2907 386 3156 446; x_wconf 89' lang='lat' dir='ltr'>horrore</span> <span class='ocrx_word' id='word_1_20' title='bbox 3186 386 3403 457; x_wconf 80' lang='lat' dir='ltr'>majori</span> <span class='ocrx_word' id='word_1_21' title='bbox 3441 389 3626 448; x_wconf 76' lang='lat' dir='ltr'>corri.</span> 
     </span>
    </p>
   </div>
   <div class='ocr_carea' id='block_1_6' title="bbox 260 462 1864 544">
    <p class='ocr_par' dir='ltr' id='par_1_6' title="bbox 260 462 1864 544">
     <span class='ocr_line' id='line_1_6' title="bbox 260 462 1864 544; baseline 0.002 -28"><span class='ocrx_word' id='word_1_22' title='bbox 260 462 681 540; x_wconf 60' lang='grc' dir='ltr'>φρικωδέστερον</span> <span class='ocrx_word' id='word_1_23' title='bbox 724 467 1100 540; x_wconf 74' lang='grc' dir='ltr'>καταπλαγείη,</span> <span class='ocrx_word' id='word_1_24' title='bbox 1136 474 1355 544; x_wconf 79' lang='grc' dir='ltr'>συνορᾷν</span> <span class='ocrx_word' id='word_1_25' title='bbox 1401 467 1701 526; x_wconf 76' lang='grc' dir='ltr'>ἀκόλουθον.</span> <span class='ocrx_word' id='word_1_26' title='bbox 1735 465 1864 520; x_wconf 80' lang='grc' dir='ltr'>Εἶτα</span> 
     </span>
    </p>
   </div>
   <div class='ocr_carea' id='block_1_7' title="bbox 261 555 1861 631">
    <p class='ocr_par' dir='ltr' id='par_1_7' title="bbox 261 555 1861 631">
     <span class='ocr_line' id='line_1_7' title="bbox 261 555 1861 631; baseline -0.003 -16"><span class='ocrx_word' id='word_1_27' title='bbox 261 574 392 628; x_wconf 63' lang='grc' dir='ltr'>φησι</span> <span class='ocrx_word' id='word_1_28' title='bbox 422 576 437 590; x_wconf 86' lang='lat'><strong>&#39;</strong></span> <span class='ocrx_word' id='word_1_29' title='bbox 512 557 617 609; x_wconf 68' lang='lat' dir='ltr'>Kal</span> <span class='ocrx_word' id='word_1_30' title='bbox 683 555 1153 630; x_wconf 65' lang='grc' dir='ltr'>αἰχμαλωτίζοντες</span> <span class='ocrx_word' id='word_1_31' title='bbox 1217 567 1325 612; x_wconf 87' lang='grc' dir='ltr'>πῶν</span> <span class='ocrx_word' id='word_1_32' title='bbox 1390 562 1561 631; x_wconf 83' lang='grc' dir='ltr'>νόημα</span> <span class='ocrx_word' id='word_1_33' title='bbox 1635 558 1703 619; x_wconf 84' lang='grc' dir='ltr'>είς</span> <span class='ocrx_word' id='word_1_34' title='bbox 1766 562 1861 616; x_wconf 75' lang='grc' dir='ltr'>την</span> 
     </span>
    </p>
   </div>
   <div class='ocr_carea' id='block_1_8' title="bbox 259 645 1859 722">
    <p class='ocr_par' dir='ltr' id='par_1_8' title="bbox 259 645 1859 722">
     <span class='ocr_line' id='line_1_8' title="bbox 259 645 1859 722; baseline 0.002 -26"><span class='ocrx_word' id='word_1_35' title='bbox 259 645 502 704; x_wconf 74' lang='grc' dir='ltr'>ὑπακοὴν</span> <span class='ocrx_word' id='word_1_36' title='bbox 570 653 661 698; x_wconf 80' lang='grc' dir='ltr'>τοῦ</span> <span class='ocrx_word' id='word_1_37' title='bbox 713 654 946 721; x_wconf 78' lang='grc' dir='ltr'>Χριστοῦ</span> <span class='ocrx_word' id='word_1_38' title='bbox 980 669 992 682; x_wconf 90' lang='grc'>·</span> <span class='ocrx_word' id='word_1_39' title='bbox 1050 654 1157 701; x_wconf 83' lang='grc' dir='ltr'>Πᾶν</span> <span class='ocrx_word' id='word_1_40' title='bbox 1212 652 1421 722; x_wconf 88' lang='grc' dir='ltr'>νόημα,</span> <span class='ocrx_word' id='word_1_41' title='bbox 1480 647 1610 720; x_wconf 78' lang='grc' dir='ltr'>οὐχὶ</span> <span class='ocrx_word' id='word_1_42' title='bbox 1664 654 1859 716; x_wconf 78' lang='grc' dir='ltr'>τοῦτο,</span> 
     </span>
    </p>
   </div>
   <div class='ocr_carea' id='block_1_9' title="bbox 259 733 1862 811">
    <p class='ocr_par' dir='ltr' id='par_1_9' title="bbox 259 733 1862 811">
     <span class='ocr_line' id='line_1_9' title="bbox 259 733 1862 811; baseline 0 -24"><span class='ocrx_word' id='word_1_43' title='bbox 259 735 289 794; x_wconf 73' lang='grc' dir='ltr'><strong>ἧ</strong></span> <span class='ocrx_word' id='word_1_44' title='bbox 353 733 537 789; x_wconf 68' lang='grc' dir='ltr'>ἐκεῖνο.</span> <span class='ocrx_word' id='word_1_45' title='bbox 597 740 700 789; x_wconf 75' lang='grc' dir='ltr'>Καὶ</span> <span class='ocrx_word' id='word_1_46' title='bbox 754 734 802 788; x_wconf 81' lang='grc' dir='ltr'>ἐν</span> <span class='ocrx_word' id='word_1_47' title='bbox 860 735 1043 811; x_wconf 83' lang='grc' dir='ltr'>ἑτοίμῳ</span> <span class='ocrx_word' id='word_1_48' title='bbox 1110 741 1317 810; x_wconf 76' lang='grc' dir='ltr'>ἔχοντες</span> <span class='ocrx_word' id='word_1_49' title='bbox 1383 734 1667 797; x_wconf 77' lang='grc' dir='ltr'>ἐκδικῆσαι</span> <span class='ocrx_word' id='word_1_50' title='bbox 1700 753 1713 767; x_wconf 85' lang='grc'><strong>’</strong></span> <span class='ocrx_word' id='word_1_51' title='bbox 1773 739 1862 788; x_wconf 83' lang='grc' dir='ltr'>καὶ</span> 
     </span>
    </p>
   </div>
   <div class='ocr_carea' id='block_1_10' title="bbox 260 821 1864 898">
    <p class='ocr_par' dir='ltr' id='par_1_10' title="bbox 260 821 1864 898">
     <span class='ocr_line' id='line_1_10' title="bbox 260 821 1864 898; baseline -0.001 -20"><span class='ocrx_word' id='word_1_52' title='bbox 260 821 489 878; x_wconf 72' lang='grc' dir='ltr'>ὶγταῦθα</span> <span class='ocrx_word' id='word_1_53' title='bbox 553 824 743 896; x_wconf 80' lang='grc' dir='ltr'>πάλιν,</span> <span class='ocrx_word' id='word_1_54' title='bbox 805 826 931 898; x_wconf 67' lang='grc' dir='ltr'>οὐχὶ</span> <span class='ocrx_word' id='word_1_55' title='bbox 985 823 1174 895; x_wconf 74' lang='grc' dir='ltr'>τήνδε,</span> <span class='ocrx_word' id='word_1_56' title='bbox 1230 828 1258 887; x_wconf 78' lang='grc' dir='ltr'><strong><em>ἦ</em></strong></span> <span class='ocrx_word' id='word_1_57' title='bbox 1301 831 1452 895; x_wconf 78' lang='grc' dir='ltr'>τινὰ,</span> <span class='ocrx_word' id='word_1_58' title='bbox 1506 825 1630 879; x_wconf 74' lang='grc' dir='ltr'>ἀλλὰ</span> <span class='ocrx_word' id='word_1_59' title='bbox 1683 832 1864 880; x_wconf 81' lang='grc' dir='ltr'>Πᾶσαν</span> 
     </span>
    </p>
   </div>
   <div class='ocr_carea' id='block_1_11' title="bbox 257 913 1864 992">
    <p class='ocr_par' dir='ltr' id='par_1_11' title="bbox 257 913 1864 992">
     <span class='ocr_line' id='line_1_11' title="bbox 257 913 1864 992; baseline 0.001 -26"><span class='ocrx_word' id='word_1_60' title='bbox 257 918 566 988; x_wconf 73' lang='grc' dir='ltr'>παρακοήν.</span> <span class='ocrx_word' id='word_1_61' title='bbox 622 913 762 990; x_wconf 77' lang='grc' dir='ltr'>’Ᾱρα</span> <span class='ocrx_word' id='word_1_62' title='bbox 802 935 858 988; x_wconf 70' lang='grc' dir='ltr'>γε</span> <span class='ocrx_word' id='word_1_63' title='bbox 905 915 1172 975; x_wconf 79' lang='grc' dir='ltr'>ἠπάτησεν</span> <span class='ocrx_word' id='word_1_64' title='bbox 1220 918 1353 992; x_wconf 72' lang='grc' dir='ltr'>ἡμᾶς</span> <span class='ocrx_word' id='word_1_65' title='bbox 1385 919 1414 977; x_wconf 79' lang='grc' dir='ltr'><strong>ἡ</strong></span> <span class='ocrx_word' id='word_1_66' title='bbox 1448 921 1676 974; x_wconf 77' lang='grc' dir='ltr'>κακίστη</span> <span class='ocrx_word' id='word_1_67' title='bbox 1737 936 1864 969; x_wconf 84' lang='grc' dir='ltr'>συν-</span> 
     </span>
    </p>
   </div>
   <div class='ocr_carea' id='block_1_12' title="bbox 258 1005 1859 1080">
    <p class='ocr_par' dir='ltr' id='par_1_12' title="bbox 258 1005 1859 1080">
     <span class='ocr_line' id='line_1_12' title="bbox 258 1005 1859 1080; baseline 0 -23"><span class='ocrx_word' id='word_1_68' title='bbox 258 1006 453 1062; x_wconf 64' lang='grc' dir='ltr'>ήθεια·</span> <span class='ocrx_word' id='word_1_69' title='bbox 516 1005 621 1078; x_wconf 66' lang='grc' dir='ltr'>ἄρα</span> <span class='ocrx_word' id='word_1_70' title='bbox 675 1011 847 1058; x_wconf 80' lang='grc' dir='ltr'>κακῶν</span> <span class='ocrx_word' id='word_1_71' title='bbox 901 1005 1044 1058; x_wconf 88' lang='grc' dir='ltr'>αἰτία</span> <span class='ocrx_word' id='word_1_72' title='bbox 1107 1009 1230 1078; x_wconf 76' lang='grc' dir='ltr'>ἡμῖν</span> <span class='ocrx_word' id='word_1_73' title='bbox 1285 1005 1518 1080; x_wconf 74' lang='grc' dir='ltr'>μεγάλων</span> <span class='ocrx_word' id='word_1_74' title='bbox 1574 1011 1777 1079; x_wconf 73' lang='grc' dir='ltr'>γέγονεν</span> <span class='ocrx_word' id='word_1_75' title='bbox 1830 1007 1859 1065; x_wconf 78' lang='grc' dir='ltr'>ἡ</span> 
     </span>
    </p>
   </div>
   <div class='ocr_carea' id='block_1_13' title="bbox 259 1091 1864 1171">
    <p class='ocr_par' dir='ltr' id='par_1_13' title="bbox 259 1091 1864 1171">
     <span class='ocr_line' id='line_1_13' title="bbox 259 1091 1864 1171; baseline 0.001 -25"><span class='ocrx_word' id='word_1_76' title='bbox 259 1091 654 1171; x_wconf 71' lang='grc' dir='ltr'>διεστραμμένη</span> <span class='ocrx_word' id='word_1_77' title='bbox 723 1102 823 1148; x_wconf 86' lang='grc' dir='ltr'>τῶν</span> <span class='ocrx_word' id='word_1_78' title='bbox 900 1093 1178 1170; x_wconf 81' lang='grc' dir='ltr'>ἀνθρώπων</span> <span class='ocrx_word' id='word_1_79' title='bbox 1242 1092 1582 1171; x_wconf 74' lang='grc' dir='ltr'>παράδοσις,</span> <span class='ocrx_word' id='word_1_80' title='bbox 1645 1098 1712 1149; x_wconf 85' lang='grc' dir='ltr'>τὰ</span> <span class='ocrx_word' id='word_1_81' title='bbox 1774 1097 1864 1168; x_wconf 64' lang='grc' dir='ltr'>μὲν</span> 
     </span>
    </p>
   </div>
   <div class='ocr_carea' id='block_1_14' title="bbox 257 1180 1862 1263">
    <p class='ocr_par' dir='ltr' id='par_1_14' title="bbox 257 1180 1862 1263">
     <span class='ocr_line' id='line_1_14' title="bbox 257 1180 1862 1263; baseline -0.001 -26"><span class='ocrx_word' id='word_1_82' title='bbox 257 1186 652 1258; x_wconf 74' lang='grc' dir='ltr'>παραιτουμένη</span> <span class='ocrx_word' id='word_1_83' title='bbox 697 1180 855 1242; x_wconf 77' lang='grc' dir='ltr'>δῆθεν</span> <span class='ocrx_word' id='word_1_84' title='bbox 894 1192 993 1237; x_wconf 85' lang='grc' dir='ltr'>τῶν</span> <span class='ocrx_word' id='word_1_85' title='bbox 1034 1184 1440 1263; x_wconf 76' lang='grc' dir='ltr'>ἁμαρτημάτων,</span> <span class='ocrx_word' id='word_1_86' title='bbox 1489 1187 1556 1238; x_wconf 81' lang='grc' dir='ltr'>τὰ</span> <span class='ocrx_word' id='word_1_87' title='bbox 1603 1181 1662 1238; x_wconf 72' lang='grc' dir='ltr'>δε</span> <span class='ocrx_word' id='word_1_88' title='bbox 1703 1181 1862 1236; x_wconf 71' lang='grc' dir='ltr'>ἀδια-</span> 
     </span>
    </p>
   </div>
   <div class='ocr_carea' id='block_1_15' title="bbox 258 1271 1863 1350">
    <p class='ocr_par' dir='ltr' id='par_1_15' title="bbox 258 1271 1863 1350">
     <span class='ocr_line' id='line_1_15' title="bbox 258 1271 1863 1350; baseline -0.007 -23"><span class='ocrx_word' id='word_1_89' title='bbox 258 1278 432 1348; x_wconf 66' lang='grc' dir='ltr'>φόρως</span> <span class='ocrx_word' id='word_1_90' title='bbox 462 1274 745 1348; x_wconf 69' lang='grc' dir='ltr'>αἱρουμένη</span> <span class='ocrx_word' id='word_1_91' title='bbox 771 1291 785 1304; x_wconf 79' lang='grc' dir='ltr'><strong><em>ο</em></strong></span> <span class='ocrx_word' id='word_1_92' title='bbox 813 1280 903 1328; x_wconf 82' lang='grc' dir='ltr'>καὶ</span> <span class='ocrx_word' id='word_1_93' title='bbox 950 1277 1086 1328; x_wconf 82' lang='grc' dir='ltr'>κατὰ</span> <span class='ocrx_word' id='word_1_94' title='bbox 1113 1280 1204 1350; x_wconf 76' lang='grc' dir='ltr'><strong><em>μέν</em></strong></span> <span class='ocrx_word' id='word_1_95' title='bbox 1243 1296 1392 1329; x_wconf 88' lang='grc' dir='ltr'>τινων</span> <span class='ocrx_word' id='word_1_96' title='bbox 1439 1271 1680 1350; x_wconf 70' lang='grc' dir='ltr'>σφοδρως</span> <span class='ocrx_word' id='word_1_97' title='bbox 1727 1272 1863 1346; x_wconf 64' lang='grc' dir='ltr'>ἀγαη</span> 
     </span>
    </p>
   </div>
   <div class='ocr_carea' id='block_1_16' title="bbox 254 1366 1864 1439">
    <p class='ocr_par' dir='ltr' id='par_1_16' title="bbox 254 1366 1864 1439">
     <span class='ocr_line' id='line_1_16' title="bbox 254 1366 1864 1439; baseline 0.001 -24"><span class='ocrx_word' id='word_1_98' title='bbox 254 1370 463 1417; x_wconf 79' lang='grc' dir='ltr'>νακτεῖν</span> <span class='ocrx_word' id='word_1_99' title='bbox 502 1369 948 1439; x_wconf 81' lang='grc' dir='ltr'>προσποιουμένη,</span> <span class='ocrx_word' id='word_1_100' title='bbox 982 1366 1087 1417; x_wconf 83' lang='grc' dir='ltr'>οἷον</span> <span class='ocrx_word' id='word_1_101' title='bbox 1131 1369 1305 1439; x_wconf 76' lang='grc' dir='ltr'>φόνου,</span> <span class='ocrx_word' id='word_1_102' title='bbox 1337 1370 1426 1418; x_wconf 85' lang='grc' dir='ltr'>καὶ</span> <span class='ocrx_word' id='word_1_103' title='bbox 1463 1370 1729 1439; x_wconf 75' lang='grc' dir='ltr'>μοιχείας,</span> <span class='ocrx_word' id='word_1_104' title='bbox 1775 1368 1864 1418; x_wconf 80' lang='grc' dir='ltr'>καὶ</span> 
     </span>
    </p>
   </div>
   <div class='ocr_carea' id='block_1_17' title="bbox 253 1450 1864 1528">
    <p class='ocr_par' dir='ltr' id='par_1_17' title="bbox 253 1450 1864 1528">
     <span class='ocr_line' id='line_1_17' title="bbox 253 1450 1864 1528; baseline 0.001 -24"><span class='ocrx_word' id='word_1_105' title='bbox 253 1459 356 1504; x_wconf 80' lang='grc' dir='ltr'>τῶν</span> <span class='ocrx_word' id='word_1_106' title='bbox 405 1452 694 1506; x_wconf 54' lang='grc' dir='ltr'>τοιούτων</span> <span class='ocrx_word' id='word_1_107' title='bbox 743 1454 810 1506; x_wconf 82' lang='grc' dir='ltr'>τὰ</span> <span class='ocrx_word' id='word_1_108' title='bbox 849 1450 906 1507; x_wconf 63' lang='grc' dir='ltr'>δὲ</span> <span class='ocrx_word' id='word_1_109' title='bbox 959 1451 1082 1508; x_wconf 66' lang='grc' dir='ltr'>οὐδὲ</span> <span class='ocrx_word' id='word_1_110' title='bbox 1132 1453 1293 1528; x_wconf 64' lang='grc' dir='ltr'>ψιλῆς</span> <span class='ocrx_word' id='word_1_111' title='bbox 1343 1463 1468 1527; x_wconf 76' lang='grc' dir='ltr'>γοῦν</span> <span class='ocrx_word' id='word_1_112' title='bbox 1516 1453 1864 1528; x_wconf 76' lang='grc' dir='ltr'>ἐπιτιμήσεως</span> 
     </span>
    </p>
   </div>
   <div class='ocr_carea' id='block_1_18' title="bbox 255 1541 1864 1620">
    <p class='ocr_par' dir='ltr' id='par_1_18' title="bbox 255 1541 1864 1620">
     <span class='ocr_line' id='line_1_18' title="bbox 255 1541 1864 1620; baseline 0.001 -27"><span class='ocrx_word' id='word_1_113' title='bbox 255 1541 386 1602; x_wconf 74' lang='grc' dir='ltr'><strong><em>ἄξια</em></strong></span> <span class='ocrx_word' id='word_1_114' title='bbox 413 1546 678 1616; x_wconf 75' lang='grc' dir='ltr'>κρίνουσα</span> <span class='ocrx_word' id='word_1_115' title='bbox 697 1542 833 1615; x_wconf 87' lang='grc'><strong>(81),</strong></span> <span class='ocrx_word' id='word_1_116' title='bbox 867 1543 970 1598; x_wconf 83' lang='grc' dir='ltr'>οἷον</span> <span class='ocrx_word' id='word_1_117' title='bbox 1002 1543 1180 1620; x_wconf 73' lang='grc' dir='ltr'>ὀργὴν,</span> <span class='ocrx_word' id='word_1_118' title='bbox 1214 1545 1240 1605; x_wconf 70' lang='grc' dir='ltr'><strong><em>ἦ</em></strong></span> <span class='ocrx_word' id='word_1_119' title='bbox 1287 1541 1574 1618; x_wconf 72' lang='grc' dir='ltr'>λοιδορίαν,</span> <span class='ocrx_word' id='word_1_120' title='bbox 1609 1545 1636 1602; x_wconf 75' lang='grc' dir='ltr'><em>ἦ</em></span> <span class='ocrx_word' id='word_1_121' title='bbox 1679 1546 1864 1617; x_wconf 75' lang='grc' dir='ltr'>μέθην,</span> 
     </span>
    </p>
   </div>
   <div class='ocr_carea' id='block_1_19' title="bbox 257 1631 1865 1704">
    <p class='ocr_par' dir='ltr' id='par_1_19' title="bbox 257 1631 1865 1704">
     <span class='ocr_line' id='line_1_19' title="bbox 257 1631 1865 1704; baseline 0.001 -20"><span class='ocrx_word' id='word_1_122' title='bbox 257 1634 284 1689; x_wconf 69' lang='grc' dir='ltr'>ἡ</span> <span class='ocrx_word' id='word_1_123' title='bbox 330 1631 649 1700; x_wconf 73' lang='grc' dir='ltr'>πλεονεξίαν,</span> <span class='ocrx_word' id='word_1_124' title='bbox 680 1637 771 1685; x_wconf 82' lang='grc' dir='ltr'>καὶ</span> <span class='ocrx_word' id='word_1_125' title='bbox 818 1635 919 1686; x_wconf 84' lang='grc' dir='ltr'>ὅσα</span> <span class='ocrx_word' id='word_1_126' title='bbox 964 1641 1200 1704; x_wconf 75' lang='grc' dir='ltr'>τοιαῦτα,</span> <span class='ocrx_word' id='word_1_127' title='bbox 1228 1634 1345 1688; x_wconf 79' lang='grc' dir='ltr'>καθ’</span> <span class='ocrx_word' id='word_1_128' title='bbox 1394 1635 1460 1686; x_wconf 84' lang='grc' dir='ltr'>ὦν</span> <span class='ocrx_word' id='word_1_129' title='bbox 1501 1633 1737 1688; x_wconf 82' lang='grc' dir='ltr'>ἁπάντων</span> <span class='ocrx_word' id='word_1_130' title='bbox 1775 1637 1865 1686; x_wconf 87' lang='grc' dir='ltr'>καὶ</span> 
     </span>
    </p>
   </div>
   <div class='ocr_carea' id='block_1_20' title="bbox 1975 469 3626 548">
    <p class='ocr_par' dir='ltr' id='par_1_20' title="bbox 1975 469 3626 548">
     <span class='ocr_line' id='line_1_20' title="bbox 1975 469 3626 548; baseline 0.006 -24"><span class='ocrx_word' id='word_1_131' title='bbox 1975 469 2191 544; x_wconf 84' lang='lat' dir='ltr'>piatur.</span> <span class='ocrx_word' id='word_1_132' title='bbox 2223 473 2446 530; x_wconf 87' lang='lat' dir='ltr'>Deinde</span> <span class='ocrx_word' id='word_1_133' title='bbox 2475 474 2644 532; x_wconf 85' lang='lat' dir='ltr'>dicit:</span> <span class='ocrx_word' id='word_1_134' title='bbox 2668 476 2742 532; x_wconf 87' lang='lat' dir='ltr'>Et</span> <span class='ocrx_word' id='word_1_135' title='bbox 2764 477 2826 532; x_wconf 88' lang='lat' dir='ltr'>in</span> <span class='ocrx_word' id='word_1_136' title='bbox 2848 477 3262 548; x_wconf 78' lang='lat' dir='ltr'>captivitatem</span> <span class='ocrx_word' id='word_1_137' title='bbox 3291 477 3626 547; x_wconf 79' lang='lat' dir='ltr'>redigentes</span> 
     </span>
    </p>
   </div>
   <div class='ocr_carea' id='block_1_21' title="bbox 1975 563 3631 638">
    <p class='ocr_par' dir='ltr' id='par_1_21' title="bbox 1975 563 3631 638">
     <span class='ocr_line' id='line_1_21' title="bbox 1975 563 3631 638; baseline 0.006 -22"><span class='ocrx_word' id='word_1_138' title='bbox 1975 575 2201 618; x_wconf 87' lang='lat' dir='ltr'>omnem</span> <span class='ocrx_word' id='word_1_139' title='bbox 2224 563 2594 621; x_wconf 84' lang='lat' dir='ltr'>intellectum</span> <span class='ocrx_word' id='word_1_140' title='bbox 2616 566 2679 622; x_wconf 85' lang='lat' dir='ltr'>in</span> <span class='ocrx_word' id='word_1_141' title='bbox 2701 565 3042 638; x_wconf 83' lang='lat' dir='ltr'>obsequium</span> <span class='ocrx_word' id='word_1_142' title='bbox 3057 567 3290 624; x_wconf 75' lang='lat' dir='ltr'>Christi</span> <span class='ocrx_word' id='word_1_143' title='bbox 3301 569 3370 636; x_wconf 67' lang='lat'>63;</span> <span class='ocrx_word' id='word_1_144' title='bbox 3388 566 3631 638; x_wconf 83' lang='lat' dir='ltr'>Omnem</span> 
     </span>
    </p>
   </div>
   <div class='ocr_carea' id='block_1_22' title="bbox 1974 649 3634 730">
    <p class='ocr_par' dir='ltr' id='par_1_22' title="bbox 1974 649 3634 730">
     <span class='ocr_line' id='line_1_22' title="bbox 1974 649 3634 730; baseline 0.009 -26"><span class='ocrx_word' id='word_1_145' title='bbox 1974 649 2346 709; x_wconf 86' lang='lat' dir='ltr'>intellectum</span> <span class='ocrx_word' id='word_1_146' title='bbox 2378 669 2501 710; x_wconf 91' lang='lat' dir='ltr'>non</span> <span class='ocrx_word' id='word_1_147' title='bbox 2529 654 2714 727; x_wconf 90' lang='lat' dir='ltr'>hunc,</span> <span class='ocrx_word' id='word_1_148' title='bbox 2746 661 2850 712; x_wconf 88' lang='lat' dir='ltr'>aut</span> <span class='ocrx_word' id='word_1_149' title='bbox 2885 655 3077 714; x_wconf 91' lang='lat' dir='ltr'>illum.</span> <span class='ocrx_word' id='word_1_150' title='bbox 3107 657 3186 716; x_wconf 86' lang='lat' dir='ltr'>Et</span> <span class='ocrx_word' id='word_1_151' title='bbox 3236 657 3299 714; x_wconf 86' lang='lat' dir='ltr'>in</span> <span class='ocrx_word' id='word_1_152' title='bbox 3343 663 3634 730; x_wconf 78' lang='lat' dir='ltr'>promptu</span> 
     </span>
    </p>
   </div>
   <div class='ocr_carea' id='block_1_23' title="bbox 1976 731 3635 819">
    <p class='ocr_par' dir='ltr' id='par_1_23' title="bbox 1976 731 3635 819">
     <span class='ocr_line' id='line_1_23' title="bbox 1976 731 3635 819; baseline 0.01 -26"><span class='ocrx_word' id='word_1_153' title='bbox 1976 735 2259 798; x_wconf 83' lang='lat' dir='ltr'>habentes</span> <span class='ocrx_word' id='word_1_154' title='bbox 2308 741 2574 800; x_wconf 70' lang='lat' dir='ltr'>ulcisci68</span> <span class='ocrx_word' id='word_1_155' title='bbox 2601 763 2614 812; x_wconf 91' lang='lat'><strong>;</strong></span> <span class='ocrx_word' id='word_1_156' title='bbox 2645 748 2702 800; x_wconf 87' lang='lat' dir='ltr'>et</span> <span class='ocrx_word' id='word_1_157' title='bbox 2738 745 2835 802; x_wconf 91' lang='lat' dir='ltr'>hic</span> <span class='ocrx_word' id='word_1_158' title='bbox 2882 761 3093 802; x_wconf 85' lang='lat' dir='ltr'>rursus</span> <span class='ocrx_word' id='word_1_159' title='bbox 3141 761 3267 802; x_wconf 87' lang='lat' dir='ltr'>non</span> <span class='ocrx_word' id='word_1_160' title='bbox 3311 745 3493 819; x_wconf 89' lang='lat' dir='ltr'>hanc,</span> <span class='ocrx_word' id='word_1_161' title='bbox 3529 731 3635 810; x_wconf 82' lang='lat' dir='ltr'>aut</span> 
     </span>
    </p>
   </div>
   <div class='ocr_carea' id='block_1_24' title="bbox 1976 827 3633 896">
    <p class='ocr_par' dir='ltr' id='par_1_24' title="bbox 1976 827 3633 896">
     <span class='ocr_line' id='line_1_24' title="bbox 1976 827 3633 896; baseline 0.007 -13"><span class='ocrx_word' id='word_1_162' title='bbox 1976 827 2161 896; x_wconf 82' lang='lat' dir='ltr'>illam,</span> <span class='ocrx_word' id='word_1_163' title='bbox 2184 830 2291 887; x_wconf 89' lang='lat' dir='ltr'>sed</span> <span class='ocrx_word' id='word_1_164' title='bbox 2323 833 2565 890; x_wconf 86' lang='lat' dir='ltr'>Omnem</span> <span class='ocrx_word' id='word_1_165' title='bbox 2595 835 3140 894; x_wconf 69' lang='lat' dir='ltr'>inobedientiam“.</span> <span class='ocrx_word' id='word_1_166' title='bbox 3169 835 3434 894; x_wconf 83' lang='lat' dir='ltr'>Profecto</span> <span class='ocrx_word' id='word_1_167' title='bbox 3463 835 3633 894; x_wconf 67' lang='lat' dir='ltr'>decev</span> 
     </span>
    </p>
   </div>
   <div class='ocr_carea' id='block_1_25' title="bbox 1975 918 3632 998">
    <p class='ocr_par' dir='ltr' id='par_1_25' title="bbox 1975 918 3632 998">
     <span class='ocr_line' id='line_1_25' title="bbox 1975 918 3632 998; baseline 0.005 -26"><span class='ocrx_word' id='word_1_168' title='bbox 1975 918 2058 990; x_wconf 87' lang='lat' dir='ltr'>pit</span> <span class='ocrx_word' id='word_1_169' title='bbox 2088 934 2198 974; x_wconf 88' lang='lat' dir='ltr'>nos</span> <span class='ocrx_word' id='word_1_170' title='bbox 2228 921 2494 992; x_wconf 88' lang='lat' dir='ltr'>pessima</span> <span class='ocrx_word' id='word_1_171' title='bbox 2524 924 2901 981; x_wconf 87' lang='lat' dir='ltr'>consuetudo</span> <span class='ocrx_word' id='word_1_172' title='bbox 2927 943 2938 982; x_wconf 90' lang='lat'><strong>:</strong></span> <span class='ocrx_word' id='word_1_173' title='bbox 2968 925 3238 998; x_wconf 82' lang='lat' dir='ltr'>profecto</span> <span class='ocrx_word' id='word_1_174' title='bbox 3265 939 3632 994; x_wconf 83' lang='lat' dir='ltr'>magnorum</span> 
     </span>
    </p>
   </div>
   <div class='ocr_carea' id='block_1_26' title="bbox 1975 1007 3632 1088">
    <p class='ocr_par' dir='ltr' id='par_1_26' title="bbox 1975 1007 3632 1088">
     <span class='ocr_line' id='line_1_26' title="bbox 1975 1007 3632 1088; baseline 0.006 -26"><span class='ocrx_word' id='word_1_175' title='bbox 1975 1007 2276 1065; x_wconf 85' lang='lat' dir='ltr'>malorum</span> <span class='ocrx_word' id='word_1_176' title='bbox 2319 1011 2496 1068; x_wconf 87' lang='lat' dir='ltr'>nobis</span> <span class='ocrx_word' id='word_1_177' title='bbox 2527 1029 2710 1072; x_wconf 89' lang='lat' dir='ltr'>causa</span> <span class='ocrx_word' id='word_1_178' title='bbox 2755 1013 2975 1072; x_wconf 81' lang='lat' dir='ltr'>exstitit</span> <span class='ocrx_word' id='word_1_179' title='bbox 3001 1030 3283 1088; x_wconf 89' lang='lat' dir='ltr'>perversa</span> <span class='ocrx_word' id='word_1_180' title='bbox 3311 1013 3632 1074; x_wconf 85' lang='lat' dir='ltr'>hominum</span> 
     </span>
    </p>
   </div>
   <div class='ocr_carea' id='block_1_27' title="bbox 1975 1097 3631 1180">
    <p class='ocr_par' dir='ltr' id='par_1_27' title="bbox 1975 1097 3631 1180">
     <span class='ocr_line' id='line_1_27' title="bbox 1975 1097 3631 1180; baseline 0.006 -26"><span class='ocrx_word' id='word_1_181' title='bbox 1975 1097 2238 1168; x_wconf 85' lang='lat' dir='ltr'>traditio,</span> <span class='ocrx_word' id='word_1_182' title='bbox 2265 1117 2401 1174; x_wconf 77' lang='lat' dir='ltr'>quae</span> <span class='ocrx_word' id='word_1_183' title='bbox 2432 1103 2727 1171; x_wconf 74' lang='lat' dir='ltr'>videlicet,</span> <span class='ocrx_word' id='word_1_184' title='bbox 2775 1104 2970 1162; x_wconf 87' lang='lat' dir='ltr'>vitatis</span> <span class='ocrx_word' id='word_1_185' title='bbox 3017 1104 3320 1180; x_wconf 87' lang='lat' dir='ltr'>aliquibus</span> <span class='ocrx_word' id='word_1_186' title='bbox 3367 1102 3631 1178; x_wconf 75' lang='lat' dir='ltr'>peccatis</span> 
     </span>
    </p>
   </div>
   <div class='ocr_carea' id='block_1_28' title="bbox 1976 1188 3632 1270">
    <p class='ocr_par' dir='ltr' id='par_1_28' title="bbox 1976 1188 3632 1270">
     <span class='ocr_line' id='line_1_28' title="bbox 1976 1188 3632 1270; baseline 0.003 -25"><span class='ocrx_word' id='word_1_187' title='bbox 1976 1188 2093 1246; x_wconf 88' lang='lat' dir='ltr'>alia</span> <span class='ocrx_word' id='word_1_188' title='bbox 2140 1189 2550 1251; x_wconf 82' lang='lat' dir='ltr'>indifferenter</span> <span class='ocrx_word' id='word_1_189' title='bbox 2597 1194 2930 1263; x_wconf 84' lang='lat' dir='ltr'>admiserit,</span> <span class='ocrx_word' id='word_1_190' title='bbox 2975 1211 3236 1270; x_wconf 63' lang='lat' dir='ltr'>quaeque</span> <span class='ocrx_word' id='word_1_191' title='bbox 3279 1194 3430 1252; x_wconf 89' lang='lat' dir='ltr'>dum</span> <span class='ocrx_word' id='word_1_192' title='bbox 3473 1210 3536 1250; x_wconf 91' lang='lat' dir='ltr'>se</span> <span class='ocrx_word' id='word_1_193' title='bbox 3568 1193 3632 1250; x_wconf 90' lang='lat' dir='ltr'>in</span> 
     </span>
    </p>
   </div>
   <div class='ocr_carea' id='block_1_29' title="bbox 1975 1277 3636 1354">
    <p class='ocr_par' dir='ltr' id='par_1_29' title="bbox 1975 1277 3636 1354">
     <span class='ocr_line' id='line_1_29' title="bbox 1975 1277 3636 1354; baseline 0.005 -19"><span class='ocrx_word' id='word_1_194' title='bbox 1975 1277 2179 1352; x_wconf 89' lang='lat' dir='ltr'>aliqua</span> <span class='ocrx_word' id='word_1_195' title='bbox 2198 1281 2444 1352; x_wconf 88' lang='lat' dir='ltr'>quidem</span> <span class='ocrx_word' id='word_1_196' title='bbox 2466 1283 2852 1344; x_wconf 82' lang='lat' dir='ltr'>vehementer</span> <span class='ocrx_word' id='word_1_197' title='bbox 2869 1283 3172 1354; x_wconf 85' lang='lat' dir='ltr'>indignari</span> <span class='ocrx_word' id='word_1_198' title='bbox 3195 1281 3636 1350; x_wconf 76' lang='lat' dir='ltr'>simulat,velut</span> 
     </span>
    </p>
   </div>
   <div class='ocr_carea' id='block_1_30' title="bbox 1975 1367 3634 1448">
    <p class='ocr_par' dir='ltr' id='par_1_30' title="bbox 1975 1367 3634 1448">
     <span class='ocr_line' id='line_1_30' title="bbox 1975 1367 3634 1448; baseline 0.001 -24"><span class='ocrx_word' id='word_1_199' title='bbox 1975 1367 2037 1424; x_wconf 90' lang='lat' dir='ltr'>in</span> <span class='ocrx_word' id='word_1_200' title='bbox 2087 1368 2502 1444; x_wconf 85' lang='lat' dir='ltr'>homicidium,</span> <span class='ocrx_word' id='word_1_201' title='bbox 2534 1373 3040 1448; x_wconf 89' lang='lat' dir='ltr'>adulteriumque,</span> <span class='ocrx_word' id='word_1_202' title='bbox 3073 1378 3130 1430; x_wconf 89' lang='lat' dir='ltr'>et</span> <span class='ocrx_word' id='word_1_203' title='bbox 3160 1374 3219 1432; x_wconf 90' lang='lat' dir='ltr'>in</span> <span class='ocrx_word' id='word_1_204' title='bbox 3251 1373 3368 1432; x_wconf 84' lang='lat' dir='ltr'>alia</span> <span class='ocrx_word' id='word_1_205' title='bbox 3397 1371 3634 1443; x_wconf 77' lang='lat' dir='ltr'>generis</span> 
     </span>
    </p>
   </div>
   <div class='ocr_carea' id='block_1_31' title="bbox 1976 1457 3636 1538">
    <p class='ocr_par' dir='ltr' id='par_1_31' title="bbox 1976 1457 3636 1538">
     <span class='ocr_line' id='line_1_31' title="bbox 1976 1457 3636 1538; baseline 0.002 -26"><span class='ocrx_word' id='word_1_206' title='bbox 1976 1457 2490 1536; x_wconf 85' lang='lat' dir='ltr'>ejusdem,aliqua</span> <span class='ocrx_word' id='word_1_207' title='bbox 2509 1479 2648 1520; x_wconf 85' lang='lat' dir='ltr'>vero</span> <span class='ocrx_word' id='word_1_208' title='bbox 2672 1478 2745 1520; x_wconf 88' lang='lat' dir='ltr'>ne</span> <span class='ocrx_word' id='word_1_209' title='bbox 2775 1463 3033 1538; x_wconf 87' lang='lat' dir='ltr'>simplici</span> <span class='ocrx_word' id='word_1_210' title='bbox 3064 1463 3310 1536; x_wconf 87' lang='lat' dir='ltr'>quidem</span> <span class='ocrx_word' id='word_1_211' title='bbox 3341 1461 3636 1536; x_wconf 63' lang='lat' dir='ltr'>objurgav-</span> 
     </span>
    </p>
   </div>
   <div class='ocr_carea' id='block_1_32' title="bbox 1975 1546 3639 1622">
    <p class='ocr_par' dir='ltr' id='par_1_32' title="bbox 1975 1546 3639 1622">
     <span class='ocr_line' id='line_1_32' title="bbox 1975 1546 3639 1622; baseline 0.005 -20"><span class='ocrx_word' id='word_1_212' title='bbox 1975 1546 2134 1604; x_wconf 87' lang='lat' dir='ltr'>tione</span> <span class='ocrx_word' id='word_1_213' title='bbox 2162 1548 2346 1620; x_wconf 81' lang='lat' dir='ltr'>digna</span> <span class='ocrx_word' id='word_1_214' title='bbox 2367 1550 2622 1622; x_wconf 86' lang='lat' dir='ltr'>judicat,</span> <span class='ocrx_word' id='word_1_215' title='bbox 2654 1553 2814 1612; x_wconf 86' lang='lat' dir='ltr'>velut</span> <span class='ocrx_word' id='word_1_216' title='bbox 2835 1554 3010 1621; x_wconf 88' lang='lat' dir='ltr'>iram,</span> <span class='ocrx_word' id='word_1_217' title='bbox 3039 1558 3142 1610; x_wconf 88' lang='lat' dir='ltr'>aut</span> <span class='ocrx_word' id='word_1_218' title='bbox 3168 1551 3509 1609; x_wconf 87' lang='lat' dir='ltr'>convicium</span> <span class='ocrx_word' id='word_1_219' title='bbox 3531 1553 3639 1612; x_wconf 79' lang='lat' dir='ltr'>aut</span> 
     </span>
    </p>
   </div>
   <div class='ocr_carea' id='block_1_33' title="bbox 1976 1636 3632 1716">
    <p class='ocr_par' dir='ltr' id='par_1_33' title="bbox 1976 1636 3632 1716">
     <span class='ocr_line' id='line_1_33' title="bbox 1976 1636 3632 1716; baseline 0.002 -22"><span class='ocrx_word' id='word_1_220' title='bbox 1976 1636 2413 1708; x_wconf 88' lang='lat' dir='ltr'>temulentiam,</span> <span class='ocrx_word' id='word_1_221' title='bbox 2444 1647 2545 1698; x_wconf 86' lang='lat' dir='ltr'>aut</span> <span class='ocrx_word' id='word_1_222' title='bbox 2570 1643 2908 1712; x_wconf 88' lang='lat' dir='ltr'>avaritiam,</span> <span class='ocrx_word' id='word_1_223' title='bbox 2937 1648 2993 1699; x_wconf 92' lang='lat' dir='ltr'>et</span> <span class='ocrx_word' id='word_1_224' title='bbox 3024 1643 3074 1702; x_wconf 88' lang='lat' dir='ltr'>si</span> <span class='ocrx_word' id='word_1_225' title='bbox 3111 1658 3238 1716; x_wconf 89' lang='lat' dir='ltr'>qua</span> <span class='ocrx_word' id='word_1_226' title='bbox 3264 1646 3404 1700; x_wconf 87' lang='lat' dir='ltr'>sunt</span> <span class='ocrx_word' id='word_1_227' title='bbox 3431 1640 3524 1698; x_wconf 87' lang='lat' dir='ltr'>his</span> <span class='ocrx_word' id='word_1_228' title='bbox 3553 1639 3632 1698; x_wconf 85' lang='lat' dir='ltr'>si-</span> 
     </span>
    </p>
   </div>
   <div class='ocr_carea' id='block_1_34' title="bbox 256 1717 1861 1804">
    <p class='ocr_par' dir='ltr' id='par_1_34' title="bbox 256 1717 1861 1798">
     <span class='ocr_line' id='line_1_34' title="bbox 256 1717 1861 1798; baseline 0.002 -26"><span class='ocrx_word' id='word_1_229' title='bbox 256 1718 502 1794; x_wconf 70' lang='grc' dir='ltr'>ἀλλαχοῦ</span> <span class='ocrx_word' id='word_1_230' title='bbox 571 1717 736 1776; x_wconf 83' lang='grc' dir='ltr'>ἔδωκε</span> <span class='ocrx_word' id='word_1_231' title='bbox 794 1728 889 1782; x_wconf 79' lang='grc' dir='ltr'>τὴν</span> <span class='ocrx_word' id='word_1_232' title='bbox 937 1723 1098 1782; x_wconf 66' lang='grc' dir='ltr'>αὐτὴν</span> <span class='ocrx_word' id='word_1_233' title='bbox 1158 1723 1418 1797; x_wconf 74' lang='grc' dir='ltr'>ἀπόφασιν</span> <span class='ocrx_word' id='word_1_234' title='bbox 1472 1726 1497 1776; x_wconf 84' lang='grc' dir='ltr'><strong><em>ὁ</em></strong></span> <span class='ocrx_word' id='word_1_235' title='bbox 1546 1722 1594 1776; x_wconf 73' lang='grc' dir='ltr'>ἓν</span> <span class='ocrx_word' id='word_1_236' title='bbox 1649 1730 1861 1798; x_wconf 79' lang='grc' dir='ltr'>Χριστῷ</span> 
     </span>
    </p>
   </div>
   <div class='ocr_carea' id='block_1_35' title="bbox 1976 1717 3633 1804">
    <p class='ocr_par' dir='ltr' id='par_1_35' title="bbox 1979 1726 3633 1804">
     <span class='ocr_line' id='line_1_35' title="bbox 1979 1726 3633 1804; baseline 0.003 -23"><span class='ocrx_word' id='word_1_237' title='bbox 1979 1726 2164 1794; x_wconf 85' lang='lat' dir='ltr'>milia,</span> <span class='ocrx_word' id='word_1_238' title='bbox 2192 1727 2479 1786; x_wconf 87' lang='lat' dir='ltr'>adversus</span> <span class='ocrx_word' id='word_1_239' title='bbox 2509 1747 2644 1804; x_wconf 68' lang='lat' dir='ltr'>quae</span> <span class='ocrx_word' id='word_1_240' title='bbox 2672 1732 2878 1788; x_wconf 86' lang='lat' dir='ltr'>omnia</span> <span class='ocrx_word' id='word_1_241' title='bbox 2907 1731 3088 1794; x_wconf 89' lang='lat' dir='ltr'>etiam</span> <span class='ocrx_word' id='word_1_242' title='bbox 3117 1731 3260 1787; x_wconf 87' lang='lat' dir='ltr'>alibi</span> <span class='ocrx_word' id='word_1_243' title='bbox 3307 1728 3524 1788; x_wconf 86' lang='lat' dir='ltr'>Paulus</span> <span class='ocrx_word' id='word_1_244' title='bbox 3568 1727 3633 1786; x_wconf 88' lang='lat' dir='ltr'>in</span> 
     </span>
    </p>
   </div>
   <div class='ocr_carea' id='block_1_36' title="bbox 252 1808 1866 1888">
    <p class='ocr_par' dir='ltr' id='par_1_36' title="bbox 252 1808 1866 1888">
     <span class='ocr_line' id='line_1_36' title="bbox 252 1808 1866 1888; baseline 0.002 -27"><span class='ocrx_word' id='word_1_245' title='bbox 252 1809 425 1862; x_wconf 75' lang='grc' dir='ltr'>λαλῶν</span> <span class='ocrx_word' id='word_1_246' title='bbox 476 1808 704 1879; x_wconf 80' lang='grc' dir='ltr'>Παῦλος,</span> <span class='ocrx_word' id='word_1_247' title='bbox 748 1811 900 1864; x_wconf 84' lang='grc' dir='ltr'>εἰπὼν</span> <span class='ocrx_word' id='word_1_248' title='bbox 930 1815 1010 1865; x_wconf 84' lang='grc' dir='ltr'>ὅτι</span> <span class='ocrx_word' id='word_1_249' title='bbox 1041 1834 1053 1847; x_wconf 90' lang='grc'><strong>·</strong></span> <span class='ocrx_word' id='word_1_250' title='bbox 1089 1813 1249 1866; x_wconf 86' lang='grc' dir='ltr'><strong>Οἰτὰ</strong></span> <span class='ocrx_word' id='word_1_251' title='bbox 1285 1821 1503 1868; x_wconf 79' lang='grc' dir='ltr'>τοιαῦτα</span> <span class='ocrx_word' id='word_1_252' title='bbox 1548 1815 1866 1888; x_wconf 77' lang='grc' dir='ltr'>πράσσοντες</span> 
     </span>
    </p>
   </div>
   <div class='ocr_carea' id='block_1_37' title="bbox 256 1899 1867 1978">
    <p class='ocr_par' dir='ltr' id='par_1_37' title="bbox 256 1899 1867 1978">
     <span class='ocr_line' id='line_1_37' title="bbox 256 1899 1867 1978; baseline 0.001 -26"><span class='ocrx_word' id='word_1_253' title='bbox 256 1899 402 1965; x_wconf 78' lang='grc' dir='ltr'>ἄξιοι</span> <span class='ocrx_word' id='word_1_254' title='bbox 459 1901 687 1954; x_wconf 78' lang='grc' dir='ltr'>θανάτου</span> <span class='ocrx_word' id='word_1_255' title='bbox 730 1900 884 1956; x_wconf 84' lang='grc' dir='ltr'>εἰσίν.</span> <span class='ocrx_word' id='word_1_256' title='bbox 934 1900 1102 1955; x_wconf 85' lang='grc' dir='ltr'>Ὅπου</span> <span class='ocrx_word' id='word_1_257' title='bbox 1153 1899 1212 1956; x_wconf 60' lang='grc' dir='ltr'>δὲ</span> <span class='ocrx_word' id='word_1_258' title='bbox 1257 1909 1356 1956; x_wconf 86' lang='grc' dir='ltr'>πᾶν</span> <span class='ocrx_word' id='word_1_259' title='bbox 1408 1903 1604 1976; x_wconf 62' lang='grc' dir='ltr'><strong><em>ὕψωμα</em></strong></span> <span class='ocrx_word' id='word_1_260' title='bbox 1649 1900 1867 1978; x_wconf 86' lang='grc' dir='ltr'>ἐπαιρό-</span> 
     </span>
    </p>
   </div>
   <div class='ocr_carea' id='block_1_38' title="bbox 257 1991 1865 2065">
    <p class='ocr_par' dir='ltr' id='par_1_38' title="bbox 257 1991 1865 2065">
     <span class='ocr_line' id='line_1_38' title="bbox 257 1991 1865 2065; baseline 0.002 -25"><span class='ocrx_word' id='word_1_261' title='bbox 257 2009 412 2064; x_wconf 74' lang='grc' dir='ltr'>μηον</span> <span class='ocrx_word' id='word_1_262' title='bbox 457 1991 596 2042; x_wconf 84' lang='grc' dir='ltr'>κατὰ</span> <span class='ocrx_word' id='word_1_263' title='bbox 648 1997 745 2051; x_wconf 82' lang='grc' dir='ltr'>τῆς</span> <span class='ocrx_word' id='word_1_264' title='bbox 787 1996 1025 2064; x_wconf 71' lang='grc' dir='ltr'>γνώσεως</span> <span class='ocrx_word' id='word_1_265' title='bbox 1064 1999 1153 2046; x_wconf 72' lang='grc' dir='ltr'>τοῦ</span> <span class='ocrx_word' id='word_1_266' title='bbox 1204 2000 1335 2048; x_wconf 85' lang='grc' dir='ltr'>Θεοῦ</span> <span class='ocrx_word' id='word_1_267' title='bbox 1384 1995 1729 2065; x_wconf 74' lang='grc' dir='ltr'>καθαίρείται,</span> <span class='ocrx_word' id='word_1_268' title='bbox 1775 1995 1865 2045; x_wconf 83' lang='grc' dir='ltr'>καὶ</span> 
     </span>
    </p>
   </div>
   <div class='ocr_carea' id='block_1_39' title="bbox 255 2080 1865 2156">
    <p class='ocr_par' dir='ltr' id='par_1_39' title="bbox 255 2080 1865 2156">
     <span class='ocr_line' id='line_1_39' title="bbox 255 2080 1865 2156; baseline 0.001 -24"><span class='ocrx_word' id='word_1_269' title='bbox 255 2085 362 2132; x_wconf 78' lang='grc' dir='ltr'>πᾶν</span> <span class='ocrx_word' id='word_1_270' title='bbox 393 2083 570 2154; x_wconf 81' lang='grc' dir='ltr'>νόημα</span> <span class='ocrx_word' id='word_1_271' title='bbox 615 2080 685 2142; x_wconf 86' lang='grc' dir='ltr'>εὶς</span> <span class='ocrx_word' id='word_1_272' title='bbox 723 2083 816 2139; x_wconf 82' lang='grc' dir='ltr'>τὴν</span> <span class='ocrx_word' id='word_1_273' title='bbox 857 2083 1090 2141; x_wconf 75' lang='grc' dir='ltr'>ὑπακοὴν</span> <span class='ocrx_word' id='word_1_274' title='bbox 1131 2089 1221 2136; x_wconf 78' lang='grc' dir='ltr'>τοῦ</span> <span class='ocrx_word' id='word_1_275' title='bbox 1265 2090 1498 2156; x_wconf 75' lang='grc' dir='ltr'>Χριστοῦ</span> <span class='ocrx_word' id='word_1_276' title='bbox 1531 2081 1865 2156; x_wconf 84' lang='grc' dir='ltr'>αἰχμαλωτί-</span> 
     </span>
    </p>
   </div>
   <div class='ocr_carea' id='block_1_40' title="bbox 262 2168 1863 2245">
    <p class='ocr_par' dir='ltr' id='par_1_40' title="bbox 262 2168 1863 2245">
     <span class='ocr_line' id='line_1_40' title="bbox 262 2168 1863 2245; baseline 0.004 -25"><span class='ocrx_word' id='word_1_277' title='bbox 262 2169 435 2234; x_wconf 82' lang='grc' dir='ltr'>ζεται,</span> <span class='ocrx_word' id='word_1_278' title='bbox 486 2171 578 2222; x_wconf 86' lang='grc' dir='ltr'>καὶ</span> <span class='ocrx_word' id='word_1_279' title='bbox 632 2175 783 2224; x_wconf 78' lang='grc' dir='ltr'>πᾶσα</span> <span class='ocrx_word' id='word_1_280' title='bbox 836 2177 1075 2245; x_wconf 78' lang='grc' dir='ltr'>παρακοὴ</span> <span class='ocrx_word' id='word_1_281' title='bbox 1145 2171 1332 2234; x_wconf 81' lang='grc' dir='ltr'>ἐπίσης</span> <span class='ocrx_word' id='word_1_282' title='bbox 1396 2168 1680 2226; x_wconf 70' lang='grc' dir='ltr'>ἐκδικείται</span> <span class='ocrx_word' id='word_1_283' title='bbox 1729 2172 1863 2243; x_wconf 76' lang='grc'><strong>(82),</strong></span> 
     </span>
    </p>
   </div>
   <div class='ocr_carea' id='block_1_41' title="bbox 261 2253 1862 2334">
    <p class='ocr_par' dir='ltr' id='par_1_41' title="bbox 261 2253 1862 2334">
     <span class='ocr_line' id='line_1_41' title="bbox 261 2253 1862 2334; baseline 0.003 -25"><span class='ocrx_word' id='word_1_284' title='bbox 261 2255 373 2310; x_wconf 70' lang='grc' dir='ltr'>ἐκεῖ</span> <span class='ocrx_word' id='word_1_285' title='bbox 417 2253 574 2326; x_wconf 62' lang='grc' dir='ltr'>⁷οὐδὲν</span> <span class='ocrx_word' id='word_1_286' title='bbox 629 2256 988 2334; x_wconf 77' lang='grc' dir='ltr'>ἁκαθαίρετον,</span> <span class='ocrx_word' id='word_1_287' title='bbox 1039 2257 1190 2316; x_wconf 74' lang='grc' dir='ltr'>οὐδεν</span> <span class='ocrx_word' id='word_1_288' title='bbox 1248 2258 1585 2322; x_wconf 70' lang='grc' dir='ltr'>ἀνεκδίκητον</span> <span class='ocrx_word' id='word_1_289' title='bbox 1637 2260 1862 2334; x_wconf 77' lang='grc' dir='ltr'>ἀφίεται,</span> 
     </span>
    </p>
   </div>
   <div class='ocr_carea' id='block_1_42' title="bbox 253 2343 1860 2423">
    <p class='ocr_par' dir='ltr' id='par_1_42' title="bbox 253 2343 1860 2423">
     <span class='ocr_line' id='line_1_42' title="bbox 253 2343 1860 2423; baseline 0.002 -24"><span class='ocrx_word' id='word_1_290' title='bbox 253 2343 414 2400; x_wconf 67' lang='grc' dir='ltr'>οὐδὲν</span> <span class='ocrx_word' id='word_1_291' title='bbox 451 2357 550 2408; x_wconf 76' lang='grc' dir='ltr'>τῆς</span> <span class='ocrx_word' id='word_1_292' title='bbox 601 2355 695 2402; x_wconf 81' lang='grc' dir='ltr'>τοῦ</span> <span class='ocrx_word' id='word_1_293' title='bbox 744 2355 980 2423; x_wconf 76' lang='grc' dir='ltr'>Χριστοῦ</span> <span class='ocrx_word' id='word_1_294' title='bbox 1032 2349 1263 2411; x_wconf 73' lang='grc' dir='ltr'>ὑπακοῆς</span> <span class='ocrx_word' id='word_1_295' title='bbox 1320 2350 1458 2412; x_wconf 82' lang='grc' dir='ltr'>ἐκτὸς</span> <span class='ocrx_word' id='word_1_296' title='bbox 1511 2349 1860 2412; x_wconf 63' lang='grc' dir='ltr'>ἀπολείπεται,</span> 
     </span>
    </p>
   </div>
   <div class='ocr_carea' id='block_1_43' title="bbox 254 2437 1862 2515">
    <p class='ocr_par' dir='ltr' id='par_1_43' title="bbox 254 2437 1862 2515">
     <span class='ocr_line' id='line_1_43' title="bbox 254 2437 1862 2515; baseline 0.002 -26"><span class='ocrx_word' id='word_1_297' title='bbox 254 2439 443 2489; x_wconf 78' lang='grc' dir='ltr'>Κοινόν</span> <span class='ocrx_word' id='word_1_298' title='bbox 482 2439 586 2512; x_wconf 79' lang='grc' dir='ltr'>γὰρ</span> <span class='ocrx_word' id='word_1_299' title='bbox 637 2439 730 2490; x_wconf 75' lang='grc' dir='ltr'>καὶ</span> <span class='ocrx_word' id='word_1_300' title='bbox 770 2442 1018 2510; x_wconf 77' lang='grc' dir='ltr'>μέγιστον</span> <span class='ocrx_word' id='word_1_301' title='bbox 1069 2437 1312 2512; x_wconf 76' lang='grc' dir='ltr'>ἀσέϐημα</span> <span class='ocrx_word' id='word_1_302' title='bbox 1347 2442 1481 2492; x_wconf 86' lang='grc' dir='ltr'>κατὰ</span> <span class='ocrx_word' id='word_1_303' title='bbox 1508 2443 1685 2508; x_wconf 88' lang='grc' dir='ltr'>πάσης</span> <span class='ocrx_word' id='word_1_304' title='bbox 1724 2460 1862 2515; x_wconf 86' lang='grc' dir='ltr'>παρ-</span> 
     </span>
    </p>
   </div>
   <div class='ocr_carea' id='block_1_44' title="bbox 250 2521 1863 2598">
    <p class='ocr_par' dir='ltr' id='par_1_44' title="bbox 250 2521 1863 2598">
     <span class='ocr_line' id='line_1_44' title="bbox 250 2521 1863 2598; baseline 0.002 -20"><span class='ocrx_word' id='word_1_305' title='bbox 250 2533 421 2587; x_wconf 68' lang='grc' dir='ltr'>ωιοῆς</span> <span class='ocrx_word' id='word_1_306' title='bbox 470 2521 664 2590; x_wconf 75' lang='grc' dir='ltr'>ἔδειξεν</span> <span class='ocrx_word' id='word_1_307' title='bbox 705 2525 731 2578; x_wconf 85' lang='grc' dir='ltr'><strong><em>ὁ</em></strong></span> <span class='ocrx_word' id='word_1_308' title='bbox 770 2525 1057 2591; x_wconf 79' lang='grc' dir='ltr'>ἀπόστολος</span> <span class='ocrx_word' id='word_1_309' title='bbox 1087 2528 1310 2598; x_wconf 81' lang='grc' dir='ltr'>Παῦλος,</span> <span class='ocrx_word' id='word_1_310' title='bbox 1341 2528 1496 2582; x_wconf 72' lang='grc' dir='ltr'>ἐκεῖνο</span> <span class='ocrx_word' id='word_1_311' title='bbox 1536 2529 1689 2583; x_wconf 82' lang='grc' dir='ltr'>εἰπών</span> <span class='ocrx_word' id='word_1_312' title='bbox 1715 2551 1727 2564; x_wconf 79' lang='grc' dir='ltr'>ο</span> <span class='ocrx_word' id='word_1_313' title='bbox 1770 2529 1863 2592; x_wconf 86' lang='grc' dir='ltr'>Ὃς</span> 
     </span>
    </p>
   </div>
   <div class='ocr_carea' id='block_1_45' title="bbox 250 2613 1864 2694">
    <p class='ocr_par' dir='ltr' id='par_1_45' title="bbox 250 2613 1864 2694">
     <span class='ocr_line' id='line_1_45' title="bbox 250 2613 1864 2694; baseline 0.001 -24"><span class='ocrx_word' id='word_1_314' title='bbox 250 2613 299 2670; x_wconf 71' lang='grc' dir='ltr'><strong><em>ἓν</em></strong></span> <span class='ocrx_word' id='word_1_315' title='bbox 358 2618 506 2690; x_wconf 76' lang='grc' dir='ltr'>νὸμῳ</span> <span class='ocrx_word' id='word_1_316' title='bbox 564 2621 866 2690; x_wconf 84' lang='grc' dir='ltr'>καυχᾶσαι,</span> <span class='ocrx_word' id='word_1_317' title='bbox 928 2613 1023 2670; x_wconf 79' lang='grc' dir='ltr'>διὰ</span> <span class='ocrx_word' id='word_1_318' title='bbox 1076 2627 1173 2682; x_wconf 83' lang='grc' dir='ltr'>τῆς</span> <span class='ocrx_word' id='word_1_319' title='bbox 1236 2618 1582 2694; x_wconf 78' lang='grc' dir='ltr'>παραϐάσεῶς</span> <span class='ocrx_word' id='word_1_320' title='bbox 1636 2627 1727 2672; x_wconf 74' lang='grc' dir='ltr'>τοῦ</span> <span class='ocrx_word' id='word_1_321' title='bbox 1774 2623 1864 2672; x_wconf 85' lang='grc' dir='ltr'>νό-</span> 
     </span>
    </p>
   </div>
   <div class='ocr_carea' id='block_1_46' title="bbox 249 2703 1863 2786">
    <p class='ocr_par' dir='ltr' id='par_1_46' title="bbox 249 2703 1863 2786">
     <span class='ocr_line' id='line_1_46' title="bbox 249 2703 1863 2786; baseline 0.002 -28"><span class='ocrx_word' id='word_1_322' title='bbox 249 2725 352 2778; x_wconf 80' lang='grc' dir='ltr'>μον</span> <span class='ocrx_word' id='word_1_323' title='bbox 401 2709 494 2757; x_wconf 80' lang='grc' dir='ltr'>τὸν</span> <span class='ocrx_word' id='word_1_324' title='bbox 555 2709 684 2760; x_wconf 70' lang='grc' dir='ltr'>Θεὸν</span> <span class='ocrx_word' id='word_1_325' title='bbox 724 2703 1013 2780; x_wconf 75' lang='grc' dir='ltr'>ἀτιμάζεις.</span> <span class='ocrx_word' id='word_1_326' title='bbox 1060 2705 1195 2761; x_wconf 86' lang='grc' dir='ltr'>Ἀλλ’</span> <span class='ocrx_word' id='word_1_327' title='bbox 1239 2709 1343 2784; x_wconf 79' lang='grc' dir='ltr'>ἄρα</span> <span class='ocrx_word' id='word_1_328' title='bbox 1388 2714 1459 2786; x_wconf 78' lang='grc' dir='ltr'>μὴ</span> <span class='ocrx_word' id='word_1_329' title='bbox 1511 2718 1677 2762; x_wconf 70' lang='grc' dir='ltr'>ταῦτα</span> <span class='ocrx_word' id='word_1_330' title='bbox 1721 2707 1863 2783; x_wconf 75' lang='grc' dir='ltr'>λόγοι</span> 
     </span>
    </p>
   </div>
   <div class='ocr_carea' id='block_1_47' title="bbox 251 2793 1863 2874">
    <p class='ocr_par' dir='ltr' id='par_1_47' title="bbox 251 2793 1863 2874">
     <span class='ocr_line' id='line_1_47' title="bbox 251 2793 1863 2874; baseline 0.001 -24"><span class='ocrx_word' id='word_1_331' title='bbox 251 2799 433 2868; x_wconf 77' lang='grc' dir='ltr'>μόνον,</span> <span class='ocrx_word' id='word_1_332' title='bbox 468 2800 562 2847; x_wconf 81' lang='grc' dir='ltr'>καὶ</span> <span class='ocrx_word' id='word_1_333' title='bbox 611 2795 669 2847; x_wconf 78' lang='grc' dir='ltr'>οὐ</span> <span class='ocrx_word' id='word_1_334' title='bbox 717 2799 1034 2872; x_wconf 73' lang='grc' dir='ltr'>πράγματας</span> <span class='ocrx_word' id='word_1_335' title='bbox 1069 2793 1209 2852; x_wconf 73' lang='grc' dir='ltr'>Ἰδοὺ</span> <span class='ocrx_word' id='word_1_336' title='bbox 1247 2803 1415 2853; x_wconf 88' lang='grc' dir='ltr'>τοίνυν</span> <span class='ocrx_word' id='word_1_337' title='bbox 1441 2821 1452 2833; x_wconf 90' lang='grc'>·</span> <span class='ocrx_word' id='word_1_338' title='bbox 1487 2798 1535 2852; x_wconf 80' lang='grc' dir='ltr'>ἐν</span> <span class='ocrx_word' id='word_1_339' title='bbox 1578 2800 1808 2874; x_wconf 80' lang='grc' dir='ltr'>Κορίνθῳ</span> <span class='ocrx_word' id='word_1_340' title='bbox 1837 2800 1863 2851; x_wconf 84' lang='grc' dir='ltr'><strong><em>ὁ</em></strong></span> 
     </span>
    </p>
   </div>
   <div class='ocr_carea' id='block_1_48' title="bbox 252 2885 1862 2966">
    <p class='ocr_par' dir='ltr' id='par_1_48' title="bbox 252 2885 1862 2966">
     <span class='ocr_line' id='line_1_48' title="bbox 252 2885 1862 2966; baseline 0.001 -27"><span class='ocrx_word' id='word_1_341' title='bbox 252 2891 347 2944; x_wconf 69' lang='grc' dir='ltr'>τήν</span> <span class='ocrx_word' id='word_1_342' title='bbox 394 2892 628 2957; x_wconf 75' lang='grc' dir='ltr'>γυναῖκα</span> <span class='ocrx_word' id='word_1_343' title='bbox 665 2894 757 2938; x_wconf 76' lang='grc' dir='ltr'>τοῦ</span> <span class='ocrx_word' id='word_1_344' title='bbox 805 2891 1002 2966; x_wconf 84' lang='grc' dir='ltr'>πατρὸς</span> <span class='ocrx_word' id='word_1_345' title='bbox 1040 2891 1196 2961; x_wconf 81' lang='grc' dir='ltr'>ἔχων,</span> <span class='ocrx_word' id='word_1_346' title='bbox 1249 2885 1399 2943; x_wconf 67' lang='grc' dir='ltr'>οὐδεν</span> <span class='ocrx_word' id='word_1_347' title='bbox 1456 2891 1619 2966; x_wconf 79' lang='grc' dir='ltr'>ἕτερον</span> <span class='ocrx_word' id='word_1_348' title='bbox 1677 2889 1862 2964; x_wconf 78' lang='grc' dir='ltr'>ἐγκλη-</span> 
     </span>
    </p>
   </div>
   <div class='ocr_carea' id='block_1_49' title="bbox 257 2975 1862 3054">
    <p class='ocr_par' dir='ltr' id='par_1_49' title="bbox 257 2975 1862 3054">
     <span class='ocr_line' id='line_1_49' title="bbox 257 2975 1862 3054; baseline 0.002 -26"><span class='ocrx_word' id='word_1_349' title='bbox 257 2977 366 3036; x_wconf 74' lang='grc' dir='ltr'>θεὶς</span> <span class='ocrx_word' id='word_1_350' title='bbox 398 2976 443 3030; x_wconf 80' lang='grc' dir='ltr'>εἰ</span> <span class='ocrx_word' id='word_1_351' title='bbox 473 2980 548 3048; x_wconf 77' lang='grc' dir='ltr'>μὴ</span> <span class='ocrx_word' id='word_1_352' title='bbox 582 2983 736 3030; x_wconf 84' lang='grc' dir='ltr'>τοῦτο</span> <span class='ocrx_word' id='word_1_353' title='bbox 761 2980 935 3049; x_wconf 86' lang='grc' dir='ltr'>μόνον,</span> <span class='ocrx_word' id='word_1_354' title='bbox 964 2978 1022 3030; x_wconf 75' lang='grc' dir='ltr'>οὗ</span> <span class='ocrx_word' id='word_1_355' title='bbox 1047 2983 1200 3051; x_wconf 84' lang='grc' dir='ltr'>μόνον</span> <span class='ocrx_word' id='word_1_356' title='bbox 1227 2978 1384 3041; x_wconf 71' lang='grc' dir='ltr'>αὐτὸς</span> <span class='ocrx_word' id='word_1_357' title='bbox 1407 2975 1768 3054; x_wconf 76' lang='grc' dir='ltr'>παραδίδοται</span> <span class='ocrx_word' id='word_1_358' title='bbox 1792 2987 1862 3051; x_wconf 82' lang='grc' dir='ltr'>τῷ</span> 
     </span>
    </p>
   </div>
   <div class='ocr_carea' id='block_1_50' title="bbox 1979 1817 3633 1894">
    <p class='ocr_par' dir='ltr' id='par_1_50' title="bbox 1979 1817 3633 1894">
     <span class='ocr_line' id='line_1_50' title="bbox 1979 1817 3633 1894; baseline 0.002 -20"><span class='ocrx_word' id='word_1_359' title='bbox 1979 1817 2208 1875; x_wconf 89' lang='lat' dir='ltr'>Christo</span> <span class='ocrx_word' id='word_1_360' title='bbox 2226 1817 2482 1892; x_wconf 90' lang='lat' dir='ltr'>loquens</span> <span class='ocrx_word' id='word_1_361' title='bbox 2511 1821 2789 1878; x_wconf 88' lang='lat' dir='ltr'>eamdem</span> <span class='ocrx_word' id='word_1_362' title='bbox 2813 1822 3171 1880; x_wconf 84' lang='lat' dir='ltr'>sententiam</span> <span class='ocrx_word' id='word_1_363' title='bbox 3200 1819 3468 1894; x_wconf 87' lang='lat' dir='ltr'>protulit,</span> <span class='ocrx_word' id='word_1_364' title='bbox 3490 1834 3633 1878; x_wconf 86' lang='lat' dir='ltr'>cum</span> 
     </span>
    </p>
   </div>
   <div class='ocr_carea' id='block_1_51' title="bbox 1977 1906 3634 1983">
    <p class='ocr_par' dir='ltr' id='par_1_51' title="bbox 1977 1906 3634 1983">
     <span class='ocr_line' id='line_1_51' title="bbox 1977 1906 3634 1983; baseline -0.002 -16"><span class='ocrx_word' id='word_1_365' title='bbox 1977 1911 2164 1974; x_wconf 82' lang='lat' dir='ltr'>dixit:</span> <span class='ocrx_word' id='word_1_366' title='bbox 2204 1911 2318 1980; x_wconf 76' lang='lat' dir='ltr'>Qui</span> <span class='ocrx_word' id='word_1_367' title='bbox 2361 1911 2512 1968; x_wconf 88' lang='lat' dir='ltr'>talia</span> <span class='ocrx_word' id='word_1_368' title='bbox 2559 1917 2773 1982; x_wconf 84' lang='lat' dir='ltr'>agunt,</span> <span class='ocrx_word' id='word_1_369' title='bbox 2807 1912 2976 1983; x_wconf 82' lang='lat' dir='ltr'>digni</span> <span class='ocrx_word' id='word_1_370' title='bbox 3023 1917 3162 1968; x_wconf 86' lang='lat' dir='ltr'>sunt</span> <span class='ocrx_word' id='word_1_371' title='bbox 3207 1916 3400 1967; x_wconf 86' lang='lat' dir='ltr'>morte</span> <span class='ocrx_word' id='word_1_372' title='bbox 3419 1910 3489 1963; x_wconf 76' lang='grc'>⁸⁵.</span> <span class='ocrx_word' id='word_1_373' title='bbox 3523 1906 3634 1964; x_wconf 86' lang='lat' dir='ltr'>Ubi</span> 
     </span>
    </p>
   </div>
   <div class='ocr_carea' id='block_1_52' title="bbox 1976 1997 3632 2076">
    <p class='ocr_par' dir='ltr' id='par_1_52' title="bbox 1976 1997 3632 2076">
     <span class='ocr_line' id='line_1_52' title="bbox 1976 1997 3632 2076; baseline -0.004 -15"><span class='ocrx_word' id='word_1_374' title='bbox 1976 2020 2115 2061; x_wconf 84' lang='lat' dir='ltr'>vero</span> <span class='ocrx_word' id='word_1_375' title='bbox 2135 2003 2332 2061; x_wconf 90' lang='lat' dir='ltr'>omnis</span> <span class='ocrx_word' id='word_1_376' title='bbox 2353 2001 2624 2068; x_wconf 87' lang='lat' dir='ltr'>altitudo,</span> <span class='ocrx_word' id='word_1_377' title='bbox 2643 2016 2780 2076; x_wconf 79' lang='lat' dir='ltr'>qua:</span> <span class='ocrx_word' id='word_1_378' title='bbox 2805 2017 2868 2056; x_wconf 90' lang='lat' dir='ltr'>se</span> <span class='ocrx_word' id='word_1_379' title='bbox 2889 1999 3175 2056; x_wconf 86' lang='lat' dir='ltr'>adversus</span> <span class='ocrx_word' id='word_1_380' title='bbox 3198 1999 3300 2056; x_wconf 91' lang='lat' dir='ltr'>Dei</span> <span class='ocrx_word' id='word_1_381' title='bbox 3320 1997 3632 2056; x_wconf 85' lang='lat' dir='ltr'>scientiam</span> 
     </span>
    </p>
   </div>
   <div class='ocr_carea' id='block_1_53' title="bbox 1976 2085 3632 2163">
    <p class='ocr_par' dir='ltr' id='par_1_53' title="bbox 1976 2085 3632 2163">
     <span class='ocr_line' id='line_1_53' title="bbox 1976 2085 3632 2163; baseline -0.005 -13"><span class='ocrx_word' id='word_1_382' title='bbox 1976 2093 2223 2163; x_wconf 80' lang='lat' dir='ltr'>extollit,</span> <span class='ocrx_word' id='word_1_383' title='bbox 2255 2092 2594 2158; x_wconf 85' lang='lat' dir='ltr'>destruitur,</span> <span class='ocrx_word' id='word_1_384' title='bbox 2625 2090 2944 2162; x_wconf 88' lang='lat' dir='ltr'>omnisque</span> <span class='ocrx_word' id='word_1_385' title='bbox 2974 2088 3309 2146; x_wconf 85' lang='lat' dir='ltr'>intellectus</span> <span class='ocrx_word' id='word_1_386' title='bbox 3357 2085 3632 2159; x_wconf 78' lang='lat' dir='ltr'>captivus</span> 
     </span>
    </p>
   </div>
   <div class='ocr_carea' id='block_1_54' title="bbox 1976 2173 3632 2245">
    <p class='ocr_par' dir='ltr' id='par_1_54' title="bbox 1976 2173 3632 2245">
     <span class='ocr_line' id='line_1_54' title="bbox 1976 2173 3632 2245; baseline -0.005 -6"><span class='ocrx_word' id='word_1_387' title='bbox 1976 2183 2213 2239; x_wconf 89' lang='lat' dir='ltr'>ducitur</span> <span class='ocrx_word' id='word_1_388' title='bbox 2239 2181 2317 2238; x_wconf 90' lang='lat' dir='ltr'>ad</span> <span class='ocrx_word' id='word_1_389' title='bbox 2361 2181 2769 2240; x_wconf 85' lang='lat' dir='ltr'>obediendum</span> <span class='ocrx_word' id='word_1_390' title='bbox 2821 2179 3073 2245; x_wconf 86' lang='lat' dir='ltr'>Christo,</span> <span class='ocrx_word' id='word_1_391' title='bbox 3105 2183 3163 2234; x_wconf 89' lang='lat' dir='ltr'>et</span> <span class='ocrx_word' id='word_1_392' title='bbox 3191 2176 3390 2236; x_wconf 89' lang='lat' dir='ltr'>omnis</span> <span class='ocrx_word' id='word_1_393' title='bbox 3417 2173 3632 2232; x_wconf 87' lang='lat' dir='ltr'>inobe-</span> 
     </span>
    </p>
   </div>
   <div class='ocr_carea' id='block_1_55' title="bbox 1975 2268 3630 2345">
    <p class='ocr_par' dir='ltr' id='par_1_55' title="bbox 1975 2268 3630 2345">
     <span class='ocr_line' id='line_1_55' title="bbox 1975 2268 3630 2345; baseline -0.004 -15"><span class='ocrx_word' id='word_1_394' title='bbox 1975 2271 2199 2334; x_wconf 88' lang='lat' dir='ltr'>dientia</span> <span class='ocrx_word' id='word_1_395' title='bbox 2225 2271 2534 2345; x_wconf 56' lang='lat' dir='ltr'>aequaliter</span> <span class='ocrx_word' id='word_1_396' title='bbox 2584 2272 2855 2345; x_wconf 87' lang='lat' dir='ltr'>punitur,</span> <span class='ocrx_word' id='word_1_397' title='bbox 2880 2270 2964 2332; x_wconf 94' lang='lat' dir='ltr'>ibi</span> <span class='ocrx_word' id='word_1_398' title='bbox 2989 2268 3138 2330; x_wconf 87' lang='lat' dir='ltr'>nihil</span> <span class='ocrx_word' id='word_1_399' title='bbox 3179 2270 3458 2344; x_wconf 84' lang='lat' dir='ltr'>superest</span> <span class='ocrx_word' id='word_1_400' title='bbox 3502 2280 3630 2324; x_wconf 85' lang='lat' dir='ltr'>non</span> 
     </span>
    </p>
   </div>
   <div class='ocr_carea' id='block_1_56' title="bbox 1974 2353 3634 2434">
    <p class='ocr_par' dir='ltr' id='par_1_56' title="bbox 1974 2353 3634 2434">
     <span class='ocr_line' id='line_1_56' title="bbox 1974 2353 3634 2434; baseline -0.004 -16"><span class='ocrx_word' id='word_1_401' title='bbox 1974 2361 2375 2432; x_wconf 87' lang='lat' dir='ltr'>destructum,</span> <span class='ocrx_word' id='word_1_402' title='bbox 2403 2361 2550 2420; x_wconf 89' lang='lat' dir='ltr'>nihil</span> <span class='ocrx_word' id='word_1_403' title='bbox 2586 2360 2902 2418; x_wconf 86' lang='lat' dir='ltr'>remittitur</span> <span class='ocrx_word' id='word_1_404' title='bbox 2931 2376 3055 2422; x_wconf 88' lang='lat' dir='ltr'>non</span> <span class='ocrx_word' id='word_1_405' title='bbox 3085 2358 3388 2434; x_wconf 86' lang='lat' dir='ltr'>punitum,</span> <span class='ocrx_word' id='word_1_406' title='bbox 3419 2353 3569 2412; x_wconf 86' lang='lat' dir='ltr'>nihil</span> <span class='ocrx_word' id='word_1_407' title='bbox 3592 2369 3634 2416; x_wconf 69' lang='grc' dir='ltr'>ο</span> 
     </span>
    </p>
   </div>
   <div class='ocr_carea' id='block_1_57' title="bbox 1977 2448 3626 2523">
    <p class='ocr_par' dir='ltr' id='par_1_57' title="bbox 1977 2448 3626 2523">
     <span class='ocr_line' id='line_1_57' title="bbox 1977 2448 3626 2523; baseline -0.006 -15"><span class='ocrx_word' id='word_1_408' title='bbox 1977 2451 2187 2508; x_wconf 85' lang='lat' dir='ltr'>Christi</span> <span class='ocrx_word' id='word_1_409' title='bbox 2216 2450 2559 2510; x_wconf 89' lang='lat' dir='ltr'>obedientia</span> <span class='ocrx_word' id='word_1_410' title='bbox 2585 2449 2899 2507; x_wconf 81' lang='lat' dir='ltr'>exclusum</span> <span class='ocrx_word' id='word_1_411' title='bbox 2943 2449 3318 2523; x_wconf 88' lang='lat' dir='ltr'>relinquitur.</span> <span class='ocrx_word' id='word_1_412' title='bbox 3348 2448 3626 2504; x_wconf 85' lang='lat' dir='ltr'>Commu-</span> 
     </span>
    </p>
   </div>
   <div class='ocr_carea' id='block_1_58' title="bbox 1973 2535 3626 2614">
    <p class='ocr_par' dir='ltr' id='par_1_58' title="bbox 1973 2535 3626 2614">
     <span class='ocr_line' id='line_1_58' title="bbox 1973 2535 3626 2614; baseline -0.008 -12"><span class='ocrx_word' id='word_1_413' title='bbox 1973 2557 2114 2602; x_wconf 85' lang='lat' dir='ltr'>nem</span> <span class='ocrx_word' id='word_1_414' title='bbox 2145 2541 2304 2598; x_wconf 91' lang='lat' dir='ltr'>enim</span> <span class='ocrx_word' id='word_1_415' title='bbox 2334 2547 2392 2598; x_wconf 91' lang='lat' dir='ltr'>et</span> <span class='ocrx_word' id='word_1_416' title='bbox 2415 2541 2749 2598; x_wconf 84' lang='lat' dir='ltr'>maximam</span> <span class='ocrx_word' id='word_1_417' title='bbox 2780 2540 3148 2614; x_wconf 84' lang='lat' dir='ltr'>impietatem</span> <span class='ocrx_word' id='word_1_418' title='bbox 3178 2538 3238 2594; x_wconf 92' lang='lat' dir='ltr'>in</span> <span class='ocrx_word' id='word_1_419' title='bbox 3265 2535 3472 2592; x_wconf 89' lang='lat' dir='ltr'>omnia</span> <span class='ocrx_word' id='word_1_420' title='bbox 3497 2535 3626 2589; x_wconf 73' lang='lat' dir='ltr'>ino-</span> 
     </span>
    </p>
   </div>
   <div class='ocr_carea' id='block_1_59' title="bbox 1971 2621 3624 2704">
    <p class='ocr_par' dir='ltr' id='par_1_59' title="bbox 1971 2621 3624 2704">
     <span class='ocr_line' id='line_1_59' title="bbox 1971 2621 3624 2704; baseline -0.004 -18"><span class='ocrx_word' id='word_1_421' title='bbox 1971 2630 2278 2688; x_wconf 88' lang='lat' dir='ltr'>bcdientia</span> <span class='ocrx_word' id='word_1_422' title='bbox 2303 2632 2481 2690; x_wconf 85' lang='lat' dir='ltr'>sitam</span> <span class='ocrx_word' id='word_1_423' title='bbox 2506 2647 2639 2687; x_wconf 90' lang='lat' dir='ltr'>esse</span> <span class='ocrx_word' id='word_1_424' title='bbox 2678 2629 2987 2704; x_wconf 82' lang='lat' dir='ltr'>apostolus</span> <span class='ocrx_word' id='word_1_425' title='bbox 3012 2627 3230 2688; x_wconf 81' lang='lat' dir='ltr'>Pauiu</span> <span class='ocrx_word' id='word_1_426' title='bbox 3273 2621 3624 2691; x_wconf 86' lang='lat' dir='ltr'>declaravit,</span> 
     </span>
    </p>
   </div>
   <div class='ocr_carea' id='block_1_60' title="bbox 1971 2715 3622 2793">
    <p class='ocr_par' dir='ltr' id='par_1_60' title="bbox 1971 2715 3622 2793">
     <span class='ocr_line' id='line_1_60' title="bbox 1971 2715 3622 2793; baseline -0.004 -17"><span class='ocrx_word' id='word_1_427' title='bbox 1971 2720 2068 2776; x_wconf 88' lang='lat' dir='ltr'>his</span> <span class='ocrx_word' id='word_1_428' title='bbox 2099 2720 2298 2778; x_wconf 89' lang='lat' dir='ltr'>verbis</span> <span class='ocrx_word' id='word_1_429' title='bbox 2327 2739 2340 2777; x_wconf 90' lang='lat'>:</span> <span class='ocrx_word' id='word_1_430' title='bbox 2379 2722 2493 2790; x_wconf 80' lang='lat' dir='ltr'>Qui</span> <span class='ocrx_word' id='word_1_431' title='bbox 2518 2723 2580 2778; x_wconf 90' lang='lat' dir='ltr'>in</span> <span class='ocrx_word' id='word_1_432' title='bbox 2605 2722 2732 2792; x_wconf 83' lang='lat' dir='ltr'>lege</span> <span class='ocrx_word' id='word_1_433' title='bbox 2766 2721 3068 2793; x_wconf 83' lang='lat' dir='ltr'>gloriaris,</span> <span class='ocrx_word' id='word_1_434' title='bbox 3097 2733 3207 2789; x_wconf 77' lang='lat' dir='ltr'>per</span> <span class='ocrx_word' id='word_1_435' title='bbox 3247 2715 3622 2788; x_wconf 57' lang='lat' dir='ltr'>prevarica-</span> 
     </span>
    </p>
   </div>
   <div class='ocr_carea' id='block_1_61' title="bbox 1973 2802 3630 2882">
    <p class='ocr_par' dir='ltr' id='par_1_61' title="bbox 1973 2802 3630 2882">
     <span class='ocr_line' id='line_1_61' title="bbox 1973 2802 3630 2882; baseline -0.004 -16"><span class='ocrx_word' id='word_1_436' title='bbox 1973 2812 2192 2870; x_wconf 85' lang='lat' dir='ltr'>tionem</span> <span class='ocrx_word' id='word_1_437' title='bbox 2215 2812 2359 2882; x_wconf 82' lang='lat' dir='ltr'>legis</span> <span class='ocrx_word' id='word_1_438' title='bbox 2379 2813 2562 2869; x_wconf 83' lang='lat' dir='ltr'>Deum</span> <span class='ocrx_word' id='word_1_439' title='bbox 2582 2810 2991 2868; x_wconf 69' lang='lat' dir='ltr'>inhonorus“.</span> <span class='ocrx_word' id='word_1_440' title='bbox 3011 2808 3122 2866; x_wconf 87' lang='lat' dir='ltr'>Sed</span> <span class='ocrx_word' id='word_1_441' title='bbox 3145 2804 3421 2880; x_wconf 84' lang='lat' dir='ltr'>nunquid</span> <span class='ocrx_word' id='word_1_442' title='bbox 3440 2802 3630 2860; x_wconf 86' lang='lat' dir='ltr'>verba</span> 
     </span>
    </p>
   </div>
   <div class='ocr_carea' id='block_1_62' title="bbox 1971 2893 3627 2972">
    <p class='ocr_par' dir='ltr' id='par_1_62' title="bbox 1971 2893 3627 2972">
     <span class='ocr_line' id='line_1_62' title="bbox 1971 2893 3627 2972; baseline -0.005 -16"><span class='ocrx_word' id='word_1_443' title='bbox 1971 2900 2103 2957; x_wconf 65' lang='lat' dir='ltr'>haec</span> <span class='ocrx_word' id='word_1_444' title='bbox 2127 2905 2264 2958; x_wconf 87' lang='lat' dir='ltr'>sunt</span> <span class='ocrx_word' id='word_1_445' title='bbox 2293 2900 2493 2958; x_wconf 88' lang='lat' dir='ltr'>solum</span> <span class='ocrx_word' id='word_1_446' title='bbox 2527 2901 2655 2960; x_wconf 88' lang='lat' dir='ltr'>sine</span> <span class='ocrx_word' id='word_1_447' title='bbox 2683 2901 2790 2957; x_wconf 83' lang='lat' dir='ltr'>re?</span> <span class='ocrx_word' id='word_1_448' title='bbox 2821 2903 2967 2958; x_wconf 81' lang='lat' dir='ltr'>Ecce</span> <span class='ocrx_word' id='word_1_449' title='bbox 2997 2899 3176 2970; x_wconf 84' lang='lat' dir='ltr'>igitur</span> <span class='ocrx_word' id='word_1_450' title='bbox 3203 2897 3308 2972; x_wconf 85' lang='lat' dir='ltr'>qui</span> <span class='ocrx_word' id='word_1_451' title='bbox 3339 2897 3400 2954; x_wconf 90' lang='lat' dir='ltr'>in</span> <span class='ocrx_word' id='word_1_452' title='bbox 3424 2893 3627 2953; x_wconf 85' lang='lat' dir='ltr'>Corin-</span> 
     </span>
    </p>
   </div>
   <div class='ocr_carea' id='block_1_63' title="bbox 1971 2987 3628 3061">
    <p class='ocr_par' dir='ltr' id='par_1_63' title="bbox 1971 2987 3628 3061">
     <span class='ocr_line' id='line_1_63' title="bbox 1971 2987 3628 3061; baseline -0.002 -15"><span class='ocrx_word' id='word_1_453' title='bbox 1971 2990 2076 3048; x_wconf 88' lang='lat' dir='ltr'>tho</span> <span class='ocrx_word' id='word_1_454' title='bbox 2104 3006 2353 3046; x_wconf 85' lang='lat' dir='ltr'>uxorem</span> <span class='ocrx_word' id='word_1_455' title='bbox 2384 2989 2571 3060; x_wconf 83' lang='lat' dir='ltr'>patris</span> <span class='ocrx_word' id='word_1_456' title='bbox 2601 2987 2883 3058; x_wconf 88' lang='lat' dir='ltr'>habebat,</span> <span class='ocrx_word' id='word_1_457' title='bbox 2913 2989 3016 3061; x_wconf 86' lang='lat' dir='ltr'>qui</span> <span class='ocrx_word' id='word_1_458' title='bbox 3051 3004 3211 3052; x_wconf 91' lang='lat' dir='ltr'>cum,</span> <span class='ocrx_word' id='word_1_459' title='bbox 3243 2987 3358 3042; x_wconf 90' lang='lat' dir='ltr'>hoc</span> <span class='ocrx_word' id='word_1_460' title='bbox 3385 3000 3503 3040; x_wconf 90' lang='lat' dir='ltr'>uno</span> <span class='ocrx_word' id='word_1_461' title='bbox 3531 2999 3628 3042; x_wconf 80' lang='lat' dir='ltr'>ex-</span> 
     </span>
    </p>
   </div>
   <div class='ocr_carea' id='block_1_64' title="bbox 258 3064 1861 3157">
    <p class='ocr_par' dir='ltr' id='par_1_64' title="bbox 258 3064 1861 3142">
     <span class='ocr_line' id='line_1_64' title="bbox 258 3064 1861 3142; baseline 0.001 -24"><span class='ocrx_word' id='word_1_462' title='bbox 258 3072 464 3136; x_wconf 76' lang='grc' dir='ltr'>Σατανᾲ</span> <span class='ocrx_word' id='word_1_463' title='bbox 497 3064 571 3128; x_wconf 86' lang='grc' dir='ltr'>εἰς</span> <span class='ocrx_word' id='word_1_464' title='bbox 614 3065 818 3139; x_wconf 77' lang='grc' dir='ltr'>ὄλεθρον</span> <span class='ocrx_word' id='word_1_465' title='bbox 862 3076 956 3130; x_wconf 80' lang='grc' dir='ltr'>τῆς</span> <span class='ocrx_word' id='word_1_466' title='bbox 989 3072 1202 3142; x_wconf 83' lang='grc' dir='ltr'>σαρκὸς,</span> <span class='ocrx_word' id='word_1_467' title='bbox 1235 3070 1400 3141; x_wconf 84' lang='grc' dir='ltr'>ἄχρις</span> <span class='ocrx_word' id='word_1_468' title='bbox 1435 3067 1495 3120; x_wconf 78' lang='grc' dir='ltr'><strong><em>ἂν</em></strong></span> <span class='ocrx_word' id='word_1_469' title='bbox 1540 3077 1650 3132; x_wconf 90' lang='grc' dir='ltr'>τοῖς</span> <span class='ocrx_word' id='word_1_470' title='bbox 1697 3067 1861 3132; x_wconf 80' lang='grc' dir='ltr'>ἀξίοις</span> 
     </span>
    </p>
   </div>
   <div class='ocr_carea' id='block_1_65' title="bbox 1976 3064 3626 3157">
    <p class='ocr_par' dir='ltr' id='par_1_65' title="bbox 1976 3071 3626 3157">
     <span class='ocr_line' id='line_1_65' title="bbox 1976 3071 3626 3157; baseline -0.006 -26"><span class='ocrx_word' id='word_1_471' title='bbox 1976 3079 2164 3147; x_wconf 88' lang='lat' dir='ltr'>cepto,</span> <span class='ocrx_word' id='word_1_472' title='bbox 2187 3073 2410 3130; x_wconf 83' lang='lat' dir='ltr'>nullius</span> <span class='ocrx_word' id='word_1_473' title='bbox 2437 3072 2675 3130; x_wconf 88' lang='lat' dir='ltr'>alterius</span> <span class='ocrx_word' id='word_1_474' title='bbox 2694 3071 2905 3144; x_wconf 79' lang='lat' dir='ltr'>ﬂagitii</span> <span class='ocrx_word' id='word_1_475' title='bbox 2933 3071 3398 3157; x_wconf 85' lang='lat' dir='ltr'>insimularetur,</span> <span class='ocrx_word' id='word_1_476' title='bbox 3425 3073 3626 3128; x_wconf 87' lang='lat' dir='ltr'>tamen</span> 
     </span>
    </p>
   </div>
   <div class='ocr_carea' id='block_1_66' title="bbox 256 3154 1858 3232">
    <p class='ocr_par' dir='ltr' id='par_1_66' title="bbox 256 3154 1858 3232">
     <span class='ocr_line' id='line_1_66' title="bbox 256 3154 1858 3232; baseline -0.001 -22"><span class='ocrx_word' id='word_1_477' title='bbox 256 3164 352 3218; x_wconf 72' lang='grc' dir='ltr'>τῆς</span> <span class='ocrx_word' id='word_1_478' title='bbox 381 3159 666 3227; x_wconf 72' lang='grc' dir='ltr'>μετανοίας</span> <span class='ocrx_word' id='word_1_479' title='bbox 715 3165 935 3230; x_wconf 85' lang='grc' dir='ltr'>καρποῖς</span> <span class='ocrx_word' id='word_1_480' title='bbox 976 3154 1338 3232; x_wconf 85' lang='grc' dir='ltr'>διορθώσηται</span> <span class='ocrx_word' id='word_1_481' title='bbox 1379 3161 1436 3212; x_wconf 89' lang='grc' dir='ltr'>τὸ</span> <span class='ocrx_word' id='word_1_482' title='bbox 1484 3157 1858 3232; x_wconf 69' lang='grc' dir='ltr'>πλημμέλημα,</span> 
     </span>
    </p>
   </div>
   <div class='ocr_carea' id='block_1_67' title="bbox 257 3241 1864 3320">
    <p class='ocr_par' dir='ltr' id='par_1_67' title="bbox 257 3241 1864 3320">
     <span class='ocr_line' id='line_1_67' title="bbox 257 3241 1864 3320; baseline 0 -22"><span class='ocrx_word' id='word_1_483' title='bbox 257 3251 433 3300; x_wconf 79' lang='grc' dir='ltr'>πᾶσαν</span> <span class='ocrx_word' id='word_1_484' title='bbox 477 3241 539 3300; x_wconf 74' lang='grc' dir='ltr'>δε</span> <span class='ocrx_word' id='word_1_485' title='bbox 587 3245 720 3318; x_wconf 82' lang='grc' dir='ltr'>ὁμοῦ</span> <span class='ocrx_word' id='word_1_486' title='bbox 757 3250 851 3304; x_wconf 76' lang='grc' dir='ltr'>τὴν</span> <span class='ocrx_word' id='word_1_487' title='bbox 907 3246 1215 3306; x_wconf 79' lang='grc' dir='ltr'>Ἐκκλησίαν</span> <span class='ocrx_word' id='word_1_488' title='bbox 1255 3248 1389 3318; x_wconf 83' lang='grc'><strong>(83).</strong></span> <span class='ocrx_word' id='word_1_489' title='bbox 1437 3246 1544 3302; x_wconf 73' lang='grc' dir='ltr'>ἐπεὶ</span> <span class='ocrx_word' id='word_1_490' title='bbox 1599 3253 1670 3320; x_wconf 75' lang='grc' dir='ltr'>μὴ</span> <span class='ocrx_word' id='word_1_491' title='bbox 1723 3246 1864 3311; x_wconf 68' lang='grc' dir='ltr'>ἐπεξρ</span> 
     </span>
    </p>
   </div>
   <div class='ocr_carea' id='block_1_68' title="bbox 257 3333 1864 3410">
    <p class='ocr_par' dir='ltr' id='par_1_68' title="bbox 257 3333 1864 3410">
     <span class='ocr_line' id='line_1_68' title="bbox 257 3333 1864 3410; baseline 0 -24"><span class='ocrx_word' id='word_1_492' title='bbox 257 3334 384 3409; x_wconf 70' lang='grc' dir='ltr'>ῆλγε</span> <span class='ocrx_word' id='word_1_493' title='bbox 423 3343 499 3406; x_wconf 77' lang='grc' dir='ltr'>τῷ</span> <span class='ocrx_word' id='word_1_494' title='bbox 544 3333 906 3408; x_wconf 74' lang='grc' dir='ltr'>ἁμαρτήματι,</span> <span class='ocrx_word' id='word_1_495' title='bbox 948 3333 1157 3398; x_wconf 76' lang='grc' dir='ltr'>ἐκείνοις</span> <span class='ocrx_word' id='word_1_496' title='bbox 1208 3334 1501 3410; x_wconf 77' lang='grc' dir='ltr'>περιϐάλλει</span> <span class='ocrx_word' id='word_1_497' title='bbox 1536 3343 1640 3400; x_wconf 84' lang='grc' dir='ltr'>τοῖς</span> <span class='ocrx_word' id='word_1_498' title='bbox 1679 3336 1864 3408; x_wconf 67' lang='grc' dir='ltr'>ἐγκλήφ</span> 
     </span>
    </p>
   </div>
   <div class='ocr_carea' id='block_1_69' title="bbox 253 3422 1861 3501">
    <p class='ocr_par' dir='ltr' id='par_1_69' title="bbox 253 3422 1861 3501">
     <span class='ocr_line' id='line_1_69' title="bbox 253 3422 1861 3501; baseline 0.004 -25"><span class='ocrx_word' id='word_1_499' title='bbox 253 3444 456 3496; x_wconf 86' lang='grc' dir='ltr'>μασιν·</span> <span class='ocrx_word' id='word_1_500' title='bbox 515 3429 580 3478; x_wconf 90' lang='grc' dir='ltr'>Τί</span> <span class='ocrx_word' id='word_1_501' title='bbox 644 3423 842 3490; x_wconf 81' lang='grc' dir='ltr'>οίλετε;</span> <span class='ocrx_word' id='word_1_502' title='bbox 903 3424 983 3480; x_wconf 85' lang='grc' dir='ltr'>Ἐν</span> <span class='ocrx_word' id='word_1_503' title='bbox 1048 3422 1233 3501; x_wconf 77' lang='grc' dir='ltr'>ῥάϐδῳ</span> <span class='ocrx_word' id='word_1_504' title='bbox 1297 3425 1425 3480; x_wconf 64' lang='grc' dir='ltr'>ὒθω</span> <span class='ocrx_word' id='word_1_505' title='bbox 1490 3430 1622 3500; x_wconf 84' lang='grc' dir='ltr'>πρὸς</span> <span class='ocrx_word' id='word_1_506' title='bbox 1686 3428 1861 3500; x_wconf 52' lang='lat' dir='ltr'>unde;</span> 
     </span>
    </p>
   </div>
   <div class='ocr_carea' id='block_1_70' title="bbox 251 3511 1863 3588">
    <p class='ocr_par' dir='ltr' id='par_1_70' title="bbox 251 3511 1863 3588">
     <span class='ocr_line' id='line_1_70' title="bbox 251 3511 1863 3588; baseline 0.002 -24"><span class='ocrx_word' id='word_1_507' title='bbox 251 3519 346 3564; x_wconf 87' lang='grc' dir='ltr'>καί</span> <span class='ocrx_word' id='word_1_508' title='bbox 398 3513 512 3586; x_wconf 83' lang='grc' dir='ltr'>μετ’</span> <span class='ocrx_word' id='word_1_509' title='bbox 569 3511 758 3584; x_wconf 75' lang='grc' dir='ltr'>ὀλίγα·</span> <span class='ocrx_word' id='word_1_510' title='bbox 813 3518 912 3568; x_wconf 74' lang='grc' dir='ltr'>Καὶ</span> <span class='ocrx_word' id='word_1_511' title='bbox 962 3515 1105 3588; x_wconf 72' lang='grc' dir='ltr'>ὑμεῖς</span> <span class='ocrx_word' id='word_1_512' title='bbox 1147 3519 1529 3588; x_wconf 76' lang='grc' dir='ltr'>πεφυσιωμένοι</span> <span class='ocrx_word' id='word_1_513' title='bbox 1585 3515 1721 3584; x_wconf 77' lang='grc' dir='ltr'>ἐστε,</span> <span class='ocrx_word' id='word_1_514' title='bbox 1772 3520 1863 3569; x_wconf 73' lang='grc' dir='ltr'>καὶ</span> 
     </span>
    </p>
   </div>
   <div class='ocr_carea' id='block_1_71' title="bbox 252 3601 1861 3678">
    <p class='ocr_par' dir='ltr' id='par_1_71' title="bbox 252 3601 1861 3678">
     <span class='ocr_line' id='line_1_71' title="bbox 252 3601 1861 3678; baseline 0.002 -24"><span class='ocrx_word' id='word_1_515' title='bbox 252 3602 385 3676; x_wconf 68' lang='grc' dir='ltr'>οὐχὶ</span> <span class='ocrx_word' id='word_1_516' title='bbox 458 3601 655 3676; x_wconf 78' lang='grc' dir='ltr'>μᾶλλον</span> <span class='ocrx_word' id='word_1_517' title='bbox 735 3601 1088 3673; x_wconf 74' lang='grc' dir='ltr'>ἐπενθήσατε,</span> <span class='ocrx_word' id='word_1_518' title='bbox 1153 3605 1236 3658; x_wconf 82' lang='grc' dir='ltr'>ἶνα</span> <span class='ocrx_word' id='word_1_519' title='bbox 1309 3602 1495 3678; x_wconf 73' lang='grc' dir='ltr'>ἐξαρθῇ</span> <span class='ocrx_word' id='word_1_520' title='bbox 1567 3605 1620 3658; x_wconf 73' lang='grc' dir='ltr'>ἐκ</span> <span class='ocrx_word' id='word_1_521' title='bbox 1699 3609 1861 3678; x_wconf 74' lang='grc' dir='ltr'>μέσον</span> 
     </span>
    </p>
   </div>
   <div class='ocr_carea' id='block_1_72' title="bbox 249 3691 1862 3768">
    <p class='ocr_par' dir='ltr' id='par_1_72' title="bbox 249 3691 1862 3768">
     <span class='ocr_line' id='line_1_72' title="bbox 249 3691 1862 3768; baseline 0.004 -25"><span class='ocrx_word' id='word_1_522' title='bbox 249 3694 396 3766; x_wconf 74' lang='grc' dir='ltr'>ὑμῶν</span> <span class='ocrx_word' id='word_1_523' title='bbox 444 3694 474 3745; x_wconf 85' lang='grc' dir='ltr'><strong>ὁ</strong></span> <span class='ocrx_word' id='word_1_524' title='bbox 531 3696 592 3746; x_wconf 85' lang='grc' dir='ltr'>τὸ</span> <span class='ocrx_word' id='word_1_525' title='bbox 647 3695 796 3766; x_wconf 69' lang='grc' dir='ltr'>ἔργον</span> <span class='ocrx_word' id='word_1_526' title='bbox 842 3700 994 3748; x_wconf 82' lang='grc' dir='ltr'>τοῦτο</span> <span class='ocrx_word' id='word_1_527' title='bbox 1050 3694 1272 3766; x_wconf 84' lang='grc' dir='ltr'>πράξας.</span> <span class='ocrx_word' id='word_1_528' title='bbox 1327 3698 1390 3749; x_wconf 89' lang='grc' dir='ltr'>Τί</span> <span class='ocrx_word' id='word_1_529' title='bbox 1439 3691 1498 3748; x_wconf 68' lang='grc' dir='ltr'>δὲ</span> <span class='ocrx_word' id='word_1_530' title='bbox 1554 3696 1658 3768; x_wconf 82' lang='grc' dir='ltr'>ἄρα</span> <span class='ocrx_word' id='word_1_531' title='bbox 1707 3695 1862 3749; x_wconf 78' lang='grc' dir='ltr'>Ἀνα-</span> 
     </span>
    </p>
   </div>
   <div class='ocr_carea' id='block_1_73' title="bbox 245 3780 1863 3855">
    <p class='ocr_par' dir='ltr' id='par_1_73' title="bbox 245 3780 1863 3855">
     <span class='ocr_line' id='line_1_73' title="bbox 245 3780 1863 3855; baseline 0.002 -22"><span class='ocrx_word' id='word_1_532' title='bbox 245 3787 388 3848; x_wconf 81' lang='grc' dir='ltr'>νίας,</span> <span class='ocrx_word' id='word_1_533' title='bbox 434 3783 462 3833; x_wconf 81' lang='grc' dir='ltr'><strong><em>ὁ</em></strong></span> <span class='ocrx_word' id='word_1_534' title='bbox 514 3780 563 3834; x_wconf 73' lang='grc' dir='ltr'>ἐν</span> <span class='ocrx_word' id='word_1_535' title='bbox 612 3789 721 3842; x_wconf 78' lang='grc' dir='ltr'>ταῖς</span> <span class='ocrx_word' id='word_1_536' title='bbox 769 3782 1031 3855; x_wconf 77' lang='grc' dir='ltr'>Πράξεσι;</span> <span class='ocrx_word' id='word_1_537' title='bbox 1081 3787 1145 3836; x_wconf 91' lang='grc' dir='ltr'>Τί</span> <span class='ocrx_word' id='word_1_538' title='bbox 1199 3782 1322 3836; x_wconf 75' lang='grc' dir='ltr'>ἄλλο</span> <span class='ocrx_word' id='word_1_539' title='bbox 1369 3787 1528 3836; x_wconf 82' lang='grc' dir='ltr'>κακὸν</span> <span class='ocrx_word' id='word_1_540' title='bbox 1571 3791 1863 3848; x_wconf 82' lang='grc' dir='ltr'>πεποιηκὼς</span> 
     </span>
    </p>
   </div>
   <div class='ocr_carea' id='block_1_74' title="bbox 248 3869 1863 3946">
    <p class='ocr_par' dir='ltr' id='par_1_74' title="bbox 248 3869 1863 3946">
     <span class='ocr_line' id='line_1_74' title="bbox 248 3869 1863 3946; baseline 0.001 -22"><span class='ocrx_word' id='word_1_541' title='bbox 248 3873 557 3944; x_wconf 73' lang='grc' dir='ltr'>εὑρίσκεται</span> <span class='ocrx_word' id='word_1_542' title='bbox 602 3871 630 3929; x_wconf 74' lang='grc' dir='ltr'><strong>ᾖ</strong></span> <span class='ocrx_word' id='word_1_543' title='bbox 675 3869 831 3924; x_wconf 80' lang='grc' dir='ltr'>ὶκεῖνο</span> <span class='ocrx_word' id='word_1_544' title='bbox 869 3871 1036 3939; x_wconf 49' lang='lat' dir='ltr'>assa;</span> <span class='ocrx_word' id='word_1_545' title='bbox 1082 3879 1190 3926; x_wconf 77' lang='grc' dir='ltr'>Ποῦ</span> <span class='ocrx_word' id='word_1_546' title='bbox 1234 3877 1404 3928; x_wconf 87' lang='grc' dir='ltr'>τοίνυν</span> <span class='ocrx_word' id='word_1_547' title='bbox 1452 3876 1710 3935; x_wconf 79' lang='grc' dir='ltr'>τοσαύτης</span> <span class='ocrx_word' id='word_1_548' title='bbox 1749 3874 1863 3946; x_wconf 71' lang='grc'><strong>(84)</strong></span> 
     </span>
    </p>
   </div>
   <div class='ocr_carea' id='block_1_75' title="bbox 245 3958 1865 4036">
    <p class='ocr_par' dir='ltr' id='par_1_75' title="bbox 245 3958 1865 4036">
     <span class='ocr_line' id='line_1_75' title="bbox 245 3958 1865 4036; baseline 0.002 -23"><span class='ocrx_word' id='word_1_549' title='bbox 245 3960 412 4034; x_wconf 74' lang='grc' dir='ltr'>ὀργῆς</span> <span class='ocrx_word' id='word_1_550' title='bbox 461 3961 610 4024; x_wconf 75' lang='grc' dir='ltr'>ἀξιον</span> <span class='ocrx_word' id='word_1_551' title='bbox 656 3965 923 4034; x_wconf 57' lang='lat' dir='ltr'>perivri-at;</span> <span class='ocrx_word' id='word_1_552' title='bbox 968 3958 1133 4016; x_wconf 80' lang='grc' dir='ltr'>Ἰδιον</span> <span class='ocrx_word' id='word_1_553' title='bbox 1171 3971 1350 4036; x_wconf 80' lang='grc' dir='ltr'>κτῆμα</span> <span class='ocrx_word' id='word_1_554' title='bbox 1377 3962 1648 4030; x_wconf 73' lang='grc' dir='ltr'>πωλήσας,</span> <span class='ocrx_word' id='word_1_555' title='bbox 1682 3967 1865 4035; x_wconf 70' lang='grc' dir='ltr'>ἤνεγκε</span> 
     </span>
    </p>
   </div>
   <div class='ocr_carea' id='block_1_76' title="bbox 244 4049 1864 4125">
    <p class='ocr_par' dir='ltr' id='par_1_76' title="bbox 244 4049 1864 4125">
     <span class='ocr_line' id='line_1_76' title="bbox 244 4049 1864 4125; baseline 0.001 -22"><span class='ocrx_word' id='word_1_556' title='bbox 244 4053 313 4110; x_wconf 70' lang='grc' dir='ltr'>τά</span> <span class='ocrx_word' id='word_1_557' title='bbox 357 4055 645 4125; x_wconf 74' lang='grc' dir='ltr'>χρήματα,</span> <span class='ocrx_word' id='word_1_558' title='bbox 679 4055 768 4104; x_wconf 76' lang='grc' dir='ltr'>καὶ</span> <span class='ocrx_word' id='word_1_559' title='bbox 797 4052 950 4111; x_wconf 76' lang='grc' dir='ltr'>ἔθηκε</span> <span class='ocrx_word' id='word_1_560' title='bbox 987 4053 1135 4124; x_wconf 80' lang='grc' dir='ltr'>παρὰ</span> <span class='ocrx_word' id='word_1_561' title='bbox 1181 4056 1304 4116; x_wconf 80' lang='grc' dir='ltr'>τοὺς</span> <span class='ocrx_word' id='word_1_562' title='bbox 1355 4049 1528 4116; x_wconf 75' lang='grc' dir='ltr'>πόδας</span> <span class='ocrx_word' id='word_1_563' title='bbox 1574 4061 1673 4106; x_wconf 82' lang='grc' dir='ltr'>τῶν</span> <span class='ocrx_word' id='word_1_564' title='bbox 1727 4050 1864 4105; x_wconf 71' lang='grc' dir='ltr'>ἄπο-</span> 
     </span>
    </p>
   </div>
   <div class='ocr_carea' id='block_1_77' title="bbox 248 4139 1866 4216">
    <p class='ocr_par' dir='ltr' id='par_1_77' title="bbox 248 4139 1866 4216">
     <span class='ocr_line' id='line_1_77' title="bbox 248 4139 1866 4216; baseline 0.001 -23"><span class='ocrx_word' id='word_1_565' title='bbox 248 4140 453 4193; x_wconf 79' lang='grc' dir='ltr'>στόλων</span> <span class='ocrx_word' id='word_1_566' title='bbox 486 4161 498 4172; x_wconf 88' lang='grc'><strong>·</strong></span> <span class='ocrx_word' id='word_1_567' title='bbox 531 4143 907 4213; x_wconf 71' lang='grc' dir='ltr'>νοσφισάμενος</span> <span class='ocrx_word' id='word_1_568' title='bbox 951 4139 1052 4194; x_wconf 76' lang='grc' dir='ltr'>ἀπὸ</span> <span class='ocrx_word' id='word_1_569' title='bbox 1078 4149 1171 4204; x_wconf 78' lang='grc' dir='ltr'>τῆς</span> <span class='ocrx_word' id='word_1_570' title='bbox 1199 4150 1378 4215; x_wconf 81' lang='grc' dir='ltr'>τιμῆς,</span> <span class='ocrx_word' id='word_1_571' title='bbox 1412 4141 1496 4196; x_wconf 78' lang='grc' dir='ltr'>ἐπὶ</span> <span class='ocrx_word' id='word_1_572' title='bbox 1543 4144 1710 4212; x_wconf 84' lang='grc' dir='ltr'>τούτῳ</span> <span class='ocrx_word' id='word_1_573' title='bbox 1739 4159 1866 4216; x_wconf 67' lang='grc' dir='ltr'>παρ’</span> 
     </span>
    </p>
   </div>
   <div class='ocr_carea' id='block_1_78' title="bbox 242 4230 1864 4305">
    <p class='ocr_par' dir='ltr' id='par_1_78' title="bbox 242 4230 1864 4305">
     <span class='ocr_line' id='line_1_78' title="bbox 242 4230 1864 4305; baseline 0.002 -24"><span class='ocrx_word' id='word_1_574' title='bbox 242 4230 413 4288; x_wconf 68' lang='grc' dir='ltr'>αὐτὴν</span> <span class='ocrx_word' id='word_1_575' title='bbox 457 4234 553 4288; x_wconf 75' lang='grc' dir='ltr'>τὴν</span> <span class='ocrx_word' id='word_1_576' title='bbox 608 4231 742 4304; x_wconf 80' lang='grc' dir='ltr'>ὤραν</span> <span class='ocrx_word' id='word_1_577' title='bbox 770 4232 889 4302; x_wconf 83' lang='lat'>(85)</span> <span class='ocrx_word' id='word_1_578' title='bbox 919 4231 1032 4305; x_wconf 78' lang='grc' dir='ltr'>ἅμα</span> <span class='ocrx_word' id='word_1_579' title='bbox 1067 4239 1128 4304; x_wconf 74' lang='grc' dir='ltr'>τῇ</span> <span class='ocrx_word' id='word_1_580' title='bbox 1171 4237 1382 4304; x_wconf 70' lang='grc' dir='ltr'>γυναικὶ</span> <span class='ocrx_word' id='word_1_581' title='bbox 1437 4233 1654 4285; x_wconf 76' lang='grc' dir='ltr'>θάνατον</span> <span class='ocrx_word' id='word_1_582' title='bbox 1700 4251 1864 4285; x_wconf 82' lang='grc' dir='ltr'>κατα-</span> 
     </span>
    </p>
   </div>
   <div class='ocr_carea' id='block_1_79' title="bbox 242 4314 1866 4396">
    <p class='ocr_par' dir='ltr' id='par_1_79' title="bbox 242 4314 1866 4396">
     <span class='ocr_line' id='line_1_79' title="bbox 242 4314 1866 4396; baseline 0.004 -26"><span class='ocrx_word' id='word_1_583' title='bbox 242 4314 552 4383; x_wconf 73' lang='grc' dir='ltr'>δικάζεται,</span> <span class='ocrx_word' id='word_1_584' title='bbox 590 4315 714 4372; x_wconf 68' lang='grc' dir='ltr'>οὐδε</span> <span class='ocrx_word' id='word_1_585' title='bbox 749 4323 868 4382; x_wconf 76' lang='grc' dir='ltr'>τοὺς</span> <span class='ocrx_word' id='word_1_586' title='bbox 917 4325 1031 4396; x_wconf 76' lang='grc' dir='ltr'>περὶ</span> <span class='ocrx_word' id='word_1_587' title='bbox 1079 4329 1172 4384; x_wconf 86' lang='grc' dir='ltr'>τῆς</span> <span class='ocrx_word' id='word_1_588' title='bbox 1215 4326 1494 4394; x_wconf 80' lang='grc' dir='ltr'>μετανοίας</span> <span class='ocrx_word' id='word_1_589' title='bbox 1539 4316 1866 4393; x_wconf 63' lang='grc' dir='ltr'>λόγους,ἆπὶ</span> 
     </span>
    </p>
   </div>
   <div class='ocr_carea' id='block_1_80' title="bbox 1970 3156 3625 3234">
    <p class='ocr_par' dir='ltr' id='par_1_80' title="bbox 1970 3156 3625 3234">
     <span class='ocr_line' id='line_1_80' title="bbox 1970 3156 3625 3234; baseline -0.008 -11"><span class='ocrx_word' id='word_1_590' title='bbox 1970 3180 2094 3224; x_wconf 88' lang='lat' dir='ltr'>non</span> <span class='ocrx_word' id='word_1_591' title='bbox 2123 3162 2317 3219; x_wconf 88' lang='lat' dir='ltr'>solum</span> <span class='ocrx_word' id='word_1_592' title='bbox 2352 3161 2480 3234; x_wconf 90' lang='lat' dir='ltr'>ipse</span> <span class='ocrx_word' id='word_1_593' title='bbox 2525 3161 2776 3219; x_wconf 85' lang='lat' dir='ltr'>traditur</span> <span class='ocrx_word' id='word_1_594' title='bbox 2815 3162 3050 3217; x_wconf 61' lang='lat' dir='ltr'>Satanae</span> <span class='ocrx_word' id='word_1_595' title='bbox 3095 3157 3174 3213; x_wconf 87' lang='lat' dir='ltr'>ad</span> <span class='ocrx_word' id='word_1_596' title='bbox 3216 3156 3413 3214; x_wconf 88' lang='lat' dir='ltr'>carnis</span> <span class='ocrx_word' id='word_1_597' title='bbox 3445 3157 3625 3212; x_wconf 88' lang='lat' dir='ltr'>inter-</span> 
     </span>
    </p>
   </div>
   <div class='ocr_carea' id='block_1_81' title="bbox 1970 3243 3625 3323">
    <p class='ocr_par' dir='ltr' id='par_1_81' title="bbox 1970 3243 3625 3323">
     <span class='ocr_line' id='line_1_81' title="bbox 1970 3243 3625 3323; baseline -0.005 -14"><span class='ocrx_word' id='word_1_598' title='bbox 1970 3253 2142 3320; x_wconf 91' lang='lat' dir='ltr'>itum,</span> <span class='ocrx_word' id='word_1_599' title='bbox 2160 3251 2356 3308; x_wconf 90' lang='lat' dir='ltr'>donec</span> <span class='ocrx_word' id='word_1_600' title='bbox 2387 3249 2587 3321; x_wconf 89' lang='lat' dir='ltr'>dignis</span> <span class='ocrx_word' id='word_1_601' title='bbox 2607 3248 2972 3323; x_wconf 73' lang='lat' dir='ltr'>pmnitentiae</span> <span class='ocrx_word' id='word_1_602' title='bbox 2995 3246 3290 3304; x_wconf 79' lang='lat' dir='ltr'>fructibus</span> <span class='ocrx_word' id='word_1_603' title='bbox 3312 3243 3625 3302; x_wconf 86' lang='lat' dir='ltr'>emendas-</span> 
     </span>
    </p>
   </div>
   <div class='ocr_carea' id='block_1_82' title="bbox 1970 3333 3625 3416">
    <p class='ocr_par' dir='ltr' id='par_1_82' title="bbox 1970 3333 3625 3416">
     <span class='ocr_line' id='line_1_82' title="bbox 1970 3333 3625 3416; baseline -0.007 -15"><span class='ocrx_word' id='word_1_604' title='bbox 1970 3348 2058 3403; x_wconf 87' lang='lat' dir='ltr'>set</span> <span class='ocrx_word' id='word_1_605' title='bbox 2087 3348 2426 3416; x_wconf 88' lang='lat' dir='ltr'>peccatum,</span> <span class='ocrx_word' id='word_1_606' title='bbox 2459 3339 2566 3398; x_wconf 91' lang='lat' dir='ltr'>sed</span> <span class='ocrx_word' id='word_1_607' title='bbox 2596 3339 2940 3396; x_wconf 89' lang='lat' dir='ltr'>universam</span> <span class='ocrx_word' id='word_1_608' title='bbox 2984 3339 3154 3414; x_wconf 69' lang='grc'><strong>22],</strong></span> <span class='ocrx_word' id='word_1_609' title='bbox 3207 3334 3387 3394; x_wconf 86' lang='lat' dir='ltr'>simul</span> <span class='ocrx_word' id='word_1_610' title='bbox 3432 3333 3625 3391; x_wconf 84' lang='lat' dir='ltr'>Eccle-</span> 
     </span>
    </p>
   </div>
   <div class='ocr_carea' id='block_1_83' title="bbox 1972 3423 3624 3506">
    <p class='ocr_par' dir='ltr' id='par_1_83' title="bbox 1972 3423 3624 3506">
     <span class='ocr_line' id='line_1_83' title="bbox 1972 3423 3624 3506; baseline -0.007 -16"><span class='ocrx_word' id='word_1_611' title='bbox 1972 3433 2147 3501; x_wconf 90' lang='lat' dir='ltr'>siam,</span> <span class='ocrx_word' id='word_1_612' title='bbox 2168 3432 2334 3506; x_wconf 91' lang='lat' dir='ltr'>quod</span> <span class='ocrx_word' id='word_1_613' title='bbox 2358 3430 2421 3488; x_wconf 91' lang='lat' dir='ltr'>id</span> <span class='ocrx_word' id='word_1_614' title='bbox 2449 3429 2643 3487; x_wconf 88' lang='lat' dir='ltr'>scelus</span> <span class='ocrx_word' id='word_1_615' title='bbox 2664 3429 2788 3488; x_wconf 89' lang='lat' dir='ltr'>ulta</span> <span class='ocrx_word' id='word_1_616' title='bbox 2816 3444 2940 3488; x_wconf 90' lang='lat' dir='ltr'>non</span> <span class='ocrx_word' id='word_1_617' title='bbox 2960 3425 3448 3497; x_wconf 79' lang='lat' dir='ltr'>esset,consciam</span> <span class='ocrx_word' id='word_1_618' title='bbox 3468 3423 3624 3496; x_wconf 88' lang='lat' dir='ltr'>ejus-</span> 
     </span>
    </p>
   </div>
   <div class='ocr_carea' id='block_1_84' title="bbox 1969 3517 3626 3587">
    <p class='ocr_par' dir='ltr' id='par_1_84' title="bbox 1969 3517 3626 3587">
     <span class='ocr_line' id='line_1_84' title="bbox 1969 3517 3626 3587; baseline -0.007 -6"><span class='ocrx_word' id='word_1_619' title='bbox 1969 3525 2110 3581; x_wconf 88' lang='lat' dir='ltr'>dem</span> <span class='ocrx_word' id='word_1_620' title='bbox 2145 3521 2410 3579; x_wconf 89' lang='lat' dir='ltr'>criminis</span> <span class='ocrx_word' id='word_1_621' title='bbox 2448 3519 2718 3577; x_wconf 58' lang='lat' dir='ltr'>eﬂecits&quot;.</span> <span class='ocrx_word' id='word_1_622' title='bbox 2761 3519 2918 3587; x_wconf 80' lang='lat' dir='ltr'>Quid</span> <span class='ocrx_word' id='word_1_623' title='bbox 2961 3519 3186 3576; x_wconf 79' lang='lat' dir='ltr'>vultis?</span> <span class='ocrx_word' id='word_1_624' title='bbox 3215 3518 3286 3573; x_wconf 88' lang='lat' dir='ltr'>In</span> <span class='ocrx_word' id='word_1_625' title='bbox 3325 3517 3497 3585; x_wconf 84' lang='lat' dir='ltr'>virga</span> <span class='ocrx_word' id='word_1_626' title='bbox 3535 3527 3626 3570; x_wconf 87' lang='lat' dir='ltr'>ve-</span> 
     </span>
    </p>
   </div>
   <div class='ocr_carea' id='block_1_85' title="bbox 1969 3598 3622 3679">
    <p class='ocr_par' dir='ltr' id='par_1_85' title="bbox 1969 3598 3622 3679">
     <span class='ocr_line' id='line_1_85' title="bbox 1969 3598 3622 3679; baseline -0.008 -14"><span class='ocrx_word' id='word_1_627' title='bbox 1969 3609 2133 3666; x_wconf 89' lang='lat' dir='ltr'>niam</span> <span class='ocrx_word' id='word_1_628' title='bbox 2165 3607 2246 3664; x_wconf 88' lang='lat' dir='ltr'>ad</span> <span class='ocrx_word' id='word_1_629' title='bbox 2272 3622 2373 3663; x_wconf 79' lang='lat' dir='ltr'>vos</span> <span class='ocrx_word' id='word_1_630' title='bbox 2391 3607 2438 3642; x_wconf 85' lang='grc'>⁶⁸</span> <span class='ocrx_word' id='word_1_631' title='bbox 2460 3606 2487 3662; x_wconf 77' lang='lat' dir='ltr'>‘l</span> <span class='ocrx_word' id='word_1_632' title='bbox 2517 3608 2582 3661; x_wconf 85' lang='lat' dir='ltr'>Et</span> <span class='ocrx_word' id='word_1_633' title='bbox 2606 3604 2787 3679; x_wconf 90' lang='lat' dir='ltr'>paulo</span> <span class='ocrx_word' id='word_1_634' title='bbox 2807 3609 2979 3679; x_wconf 92' lang='lat' dir='ltr'>post:</span> <span class='ocrx_word' id='word_1_635' title='bbox 3014 3605 3089 3660; x_wconf 87' lang='lat' dir='ltr'>Et</span> <span class='ocrx_word' id='word_1_636' title='bbox 3117 3617 3216 3658; x_wconf 83' lang='lat' dir='ltr'>vos</span> <span class='ocrx_word' id='word_1_637' title='bbox 3245 3600 3445 3672; x_wconf 85' lang='lat' dir='ltr'>inﬂati</span> <span class='ocrx_word' id='word_1_638' title='bbox 3465 3598 3622 3660; x_wconf 84' lang='lat' dir='ltr'>estis.</span> 
     </span>
    </p>
   </div>
   <div class='ocr_carea' id='block_1_86' title="bbox 1969 3686 3624 3770">
    <p class='ocr_par' dir='ltr' id='par_1_86' title="bbox 1969 3686 3624 3770">
     <span class='ocr_line' id='line_1_86' title="bbox 1969 3686 3624 3770; baseline -0.007 -16"><span class='ocrx_word' id='word_1_639' title='bbox 1969 3702 2026 3754; x_wconf 86' lang='lat' dir='ltr'>et</span> <span class='ocrx_word' id='word_1_640' title='bbox 2045 3713 2163 3753; x_wconf 90' lang='lat' dir='ltr'>non</span> <span class='ocrx_word' id='word_1_641' title='bbox 2186 3697 2377 3770; x_wconf 82' lang='lat' dir='ltr'>magis</span> <span class='ocrx_word' id='word_1_642' title='bbox 2401 3696 2622 3752; x_wconf 85' lang='lat' dir='ltr'>luctum</span> <span class='ocrx_word' id='word_1_643' title='bbox 2646 3693 2958 3759; x_wconf 78' lang='lat' dir='ltr'>habuistis,</span> <span class='ocrx_word' id='word_1_644' title='bbox 2975 3699 3040 3749; x_wconf 87' lang='lat' dir='ltr'>ut</span> <span class='ocrx_word' id='word_1_645' title='bbox 3063 3692 3320 3749; x_wconf 83' lang='lat' dir='ltr'>tollatur</span> <span class='ocrx_word' id='word_1_646' title='bbox 3341 3689 3413 3744; x_wconf 84' lang='lat' dir='ltr'>de</span> <span class='ocrx_word' id='word_1_647' title='bbox 3434 3686 3624 3743; x_wconf 85' lang='lat' dir='ltr'>medio</span> 
     </span>
    </p>
   </div>
   <div class='ocr_carea' id='block_1_87' title="bbox 1971 3776 3626 3857">
    <p class='ocr_par' dir='ltr' id='par_1_87' title="bbox 1971 3776 3626 3857">
     <span class='ocr_line' id='line_1_87' title="bbox 1971 3776 3626 3857; baseline -0.007 -13"><span class='ocrx_word' id='word_1_648' title='bbox 1971 3793 2233 3844; x_wconf 82' lang='lat' dir='ltr'>vestrum</span> <span class='ocrx_word' id='word_1_649' title='bbox 2263 3788 2369 3857; x_wconf 85' lang='lat' dir='ltr'>qui</span> <span class='ocrx_word' id='word_1_650' title='bbox 2410 3786 2521 3843; x_wconf 84' lang='lat' dir='ltr'>hoc</span> <span class='ocrx_word' id='word_1_651' title='bbox 2549 3801 2698 3856; x_wconf 83' lang='lat' dir='ltr'>opus</span> <span class='ocrx_word' id='word_1_652' title='bbox 2723 3786 2868 3855; x_wconf 81' lang='lat' dir='ltr'>fecit</span> <span class='ocrx_word' id='word_1_653' title='bbox 2892 3785 2961 3840; x_wconf 69' lang='grc'>⁸9.</span> <span class='ocrx_word' id='word_1_654' title='bbox 2997 3781 3149 3852; x_wconf 86' lang='lat' dir='ltr'>Quid</span> <span class='ocrx_word' id='word_1_655' title='bbox 3179 3796 3320 3837; x_wconf 86' lang='lat' dir='ltr'>vero</span> <span class='ocrx_word' id='word_1_656' title='bbox 3360 3776 3626 3834; x_wconf 82' lang='lat' dir='ltr'>Ananias</span> 
     </span>
    </p>
   </div>
   <div class='ocr_carea' id='block_1_88' title="bbox 1972 3864 3627 3948">
    <p class='ocr_par' dir='ltr' id='par_1_88' title="bbox 1972 3864 3627 3948">
     <span class='ocr_line' id='line_1_88' title="bbox 1972 3864 3627 3948; baseline -0.007 -16"><span class='ocrx_word' id='word_1_657' title='bbox 1972 3875 2090 3942; x_wconf 91' lang='lat' dir='ltr'>ille,</span> <span class='ocrx_word' id='word_1_658' title='bbox 2123 3875 2293 3948; x_wconf 89' lang='lat' dir='ltr'>cujus</span> <span class='ocrx_word' id='word_1_659' title='bbox 2325 3875 2550 3934; x_wconf 88' lang='lat' dir='ltr'>mentio</span> <span class='ocrx_word' id='word_1_660' title='bbox 2577 3879 2670 3931; x_wconf 91' lang='lat' dir='ltr'>est</span> <span class='ocrx_word' id='word_1_661' title='bbox 2698 3874 2758 3932; x_wconf 90' lang='lat' dir='ltr'>in</span> <span class='ocrx_word' id='word_1_662' title='bbox 2782 3873 2942 3930; x_wconf 80' lang='lat' dir='ltr'>Actis</span> <span class='ocrx_word' id='word_1_663' title='bbox 2967 3874 3012 3907; x_wconf 69' lang='grc' dir='ltr'>⁷ο</span> <span class='ocrx_word' id='word_1_664' title='bbox 3034 3873 3061 3928; x_wconf 87' lang='lat'><strong>?</strong></span> <span class='ocrx_word' id='word_1_665' title='bbox 3092 3869 3415 3938; x_wconf 87' lang='lat' dir='ltr'>Quodnam</span> <span class='ocrx_word' id='word_1_666' title='bbox 3459 3864 3627 3922; x_wconf 89' lang='lat' dir='ltr'>aliud</span> 
     </span>
    </p>
   </div>
   <div class='ocr_carea' id='block_1_89' title="bbox 1972 3955 3626 4038">
    <p class='ocr_par' dir='ltr' id='par_1_89' title="bbox 1972 3955 3626 4038">
     <span class='ocr_line' id='line_1_89' title="bbox 1972 3955 3626 4038; baseline -0.008 -14"><span class='ocrx_word' id='word_1_667' title='bbox 1972 3965 2200 4024; x_wconf 86' lang='lat' dir='ltr'>malum</span> <span class='ocrx_word' id='word_1_668' title='bbox 2227 3970 2608 4038; x_wconf 88' lang='lat' dir='ltr'>perpetrasse</span> <span class='ocrx_word' id='word_1_669' title='bbox 2628 3963 3179 4036; x_wconf 75' lang='lat' dir='ltr'>invenitur,prmter</span> <span class='ocrx_word' id='word_1_670' title='bbox 3217 3957 3363 4016; x_wconf 90' lang='lat' dir='ltr'>illud</span> <span class='ocrx_word' id='word_1_671' title='bbox 3385 3955 3626 4030; x_wconf 84' lang='lat' dir='ltr'>ipsum?</span> 
     </span>
    </p>
   </div>
   <div class='ocr_carea' id='block_1_90' title="bbox 1974 4043 3626 4127">
    <p class='ocr_par' dir='ltr' id='par_1_90' title="bbox 1974 4043 3626 4127">
     <span class='ocr_line' id='line_1_90' title="bbox 1974 4043 3626 4127; baseline -0.006 -16"><span class='ocrx_word' id='word_1_672' title='bbox 1974 4055 2085 4112; x_wconf 89' lang='lat' dir='ltr'>Ubi</span> <span class='ocrx_word' id='word_1_673' title='bbox 2105 4054 2284 4124; x_wconf 87' lang='lat' dir='ltr'>igitur</span> <span class='ocrx_word' id='word_1_674' title='bbox 2303 4059 2576 4127; x_wconf 90' lang='lat' dir='ltr'>apparet.</span> <span class='ocrx_word' id='word_1_675' title='bbox 2598 4053 2802 4126; x_wconf 88' lang='lat' dir='ltr'>ipsum</span> <span class='ocrx_word' id='word_1_676' title='bbox 2826 4054 2916 4109; x_wconf 87' lang='lat' dir='ltr'>ira</span> <span class='ocrx_word' id='word_1_677' title='bbox 2936 4055 3106 4108; x_wconf 86' lang='lat' dir='ltr'>tanta</span> <span class='ocrx_word' id='word_1_678' title='bbox 3124 4049 3378 4118; x_wconf 80' lang='lat' dir='ltr'>dignam</span> <span class='ocrx_word' id='word_1_679' title='bbox 3403 4043 3626 4102; x_wconf 80' lang='lat' dir='ltr'>fuisse?</span> 
     </span>
    </p>
   </div>
   <div class='ocr_carea' id='block_1_91' title="bbox 1975 4137 3624 4212">
    <p class='ocr_par' dir='ltr' id='par_1_91' title="bbox 1975 4137 3624 4212">
     <span class='ocr_line' id='line_1_91' title="bbox 1975 4137 3624 4212; baseline -0.007 -12"><span class='ocrx_word' id='word_1_680' title='bbox 1975 4143 2304 4200; x_wconf 89' lang='lat' dir='ltr'>Dividentis</span> <span class='ocrx_word' id='word_1_681' title='bbox 2329 4143 2450 4200; x_wconf 91' lang='lat' dir='ltr'>suis</span> <span class='ocrx_word' id='word_1_682' title='bbox 2479 4142 2891 4206; x_wconf 80' lang='lat' dir='ltr'>facultatibus,</span> <span class='ocrx_word' id='word_1_683' title='bbox 2921 4139 3115 4198; x_wconf 79' lang='lat' dir='ltr'>attulit</span> <span class='ocrx_word' id='word_1_684' title='bbox 3143 4137 3458 4212; x_wconf 89' lang='lat' dir='ltr'>pecunias,</span> <span class='ocrx_word' id='word_1_685' title='bbox 3485 4150 3624 4190; x_wconf 87' lang='lat' dir='ltr'>eas-</span> 
     </span>
    </p>
   </div>
   <div class='ocr_carea' id='block_1_92' title="bbox 1974 4226 3624 4308">
    <p class='ocr_par' dir='ltr' id='par_1_92' title="bbox 1974 4226 3624 4308">
     <span class='ocr_line' id='line_1_92' title="bbox 1974 4226 3624 4308; baseline -0.007 -18"><span class='ocrx_word' id='word_1_686' title='bbox 1974 4250 2094 4308; x_wconf 91' lang='lat' dir='ltr'>que</span> <span class='ocrx_word' id='word_1_687' title='bbox 2123 4241 2261 4290; x_wconf 89' lang='lat' dir='ltr'>ante</span> <span class='ocrx_word' id='word_1_688' title='bbox 2282 4232 2696 4305; x_wconf 88' lang='lat' dir='ltr'>apostolorum</span> <span class='ocrx_word' id='word_1_689' title='bbox 2720 4231 2904 4304; x_wconf 90' lang='lat' dir='ltr'>pedes</span> <span class='ocrx_word' id='word_1_690' title='bbox 2925 4228 3204 4302; x_wconf 90' lang='lat' dir='ltr'>deposuit</span> <span class='ocrx_word' id='word_1_691' title='bbox 3228 4246 3240 4280; x_wconf 90' lang='lat'><strong>:</strong></span> <span class='ocrx_word' id='word_1_692' title='bbox 3270 4226 3376 4282; x_wconf 92' lang='lat' dir='ltr'>sed</span> <span class='ocrx_word' id='word_1_693' title='bbox 3400 4231 3624 4290; x_wconf 89' lang='lat' dir='ltr'>tamen,</span> 
     </span>
    </p>
   </div>
   <div class='ocr_carea' id='block_1_93' title="bbox 1974 4318 3628 4398">
    <p class='ocr_par' dir='ltr' id='par_1_93' title="bbox 1974 4318 3628 4398">
     <span class='ocr_line' id='line_1_93' title="bbox 1974 4318 3628 4398; baseline -0.006 -19"><span class='ocrx_word' id='word_1_694' title='bbox 1974 4323 2138 4397; x_wconf 88' lang='lat' dir='ltr'>quod</span> <span class='ocrx_word' id='word_1_695' title='bbox 2170 4323 2438 4398; x_wconf 86' lang='lat' dir='ltr'>aliquam</span> <span class='ocrx_word' id='word_1_696' title='bbox 2459 4322 2628 4396; x_wconf 86' lang='lat' dir='ltr'>pretii</span> <span class='ocrx_word' id='word_1_697' title='bbox 2649 4326 2881 4394; x_wconf 84' lang='lat' dir='ltr'>partem</span> <span class='ocrx_word' id='word_1_698' title='bbox 2900 4318 3286 4391; x_wconf 88' lang='lat' dir='ltr'>seposuisset,</span> <span class='ocrx_word' id='word_1_699' title='bbox 3310 4319 3628 4390; x_wconf 87' lang='lat' dir='ltr'>propterea</span> 
     </span>
    </p>
   </div>
   <div class='ocr_carea' id='block_1_94' title="bbox 243 4403 1861 4496">
    <p class='ocr_par' dir='ltr' id='par_1_94' title="bbox 243 4409 1861 4484">
     <span class='ocr_line' id='line_1_94' title="bbox 243 4409 1861 4484; baseline 0.002 -24"><span class='ocrx_word' id='word_1_700' title='bbox 243 4417 318 4480; x_wconf 72' lang='grc' dir='ltr'>τῷ</span> <span class='ocrx_word' id='word_1_701' title='bbox 364 4409 710 4483; x_wconf 71' lang='grc' dir='ltr'>ἁμαρτήματι</span> <span class='ocrx_word' id='word_1_702' title='bbox 756 4411 937 4482; x_wconf 74' lang='grc' dir='ltr'>μαθεῖν</span> <span class='ocrx_word' id='word_1_703' title='bbox 985 4410 1354 4484; x_wconf 82' lang='grc' dir='ltr'>καταξιωθεὶς,</span> <span class='ocrx_word' id='word_1_704' title='bbox 1394 4411 1454 4464; x_wconf 66' lang='grc' dir='ltr'>οὐ</span> <span class='ocrx_word' id='word_1_705' title='bbox 1501 4419 1594 4465; x_wconf 81' lang='grc' dir='ltr'>τοῦ</span> <span class='ocrx_word' id='word_1_706' title='bbox 1641 4430 1861 4464; x_wconf 84' lang='grc' dir='ltr'>κατανυ-</span> 
     </span>
    </p>
   </div>
   <div class='ocr_carea' id='block_1_95' title="bbox 1976 4403 3625 4496">
    <p class='ocr_par' dir='ltr' id='par_1_95' title="bbox 1976 4403 3625 4480">
     <span class='ocr_line' id='line_1_95' title="bbox 1976 4403 3625 4480; baseline -0.005 -10"><span class='ocrx_word' id='word_1_707' title='bbox 1976 4412 2188 4470; x_wconf 90' lang='lat' dir='ltr'>eadem</span> <span class='ocrx_word' id='word_1_708' title='bbox 2210 4413 2360 4470; x_wconf 89' lang='lat' dir='ltr'>hora</span> <span class='ocrx_word' id='word_1_709' title='bbox 2382 4428 2506 4468; x_wconf 89' lang='lat' dir='ltr'>una</span> <span class='ocrx_word' id='word_1_710' title='bbox 2535 4428 2673 4468; x_wconf 89' lang='lat' dir='ltr'>cum</span> <span class='ocrx_word' id='word_1_711' title='bbox 2698 4426 2879 4466; x_wconf 80' lang='lat' dir='ltr'>uxore</span> <span class='ocrx_word' id='word_1_712' title='bbox 2902 4413 3092 4466; x_wconf 90' lang='lat' dir='ltr'>morte</span> <span class='ocrx_word' id='word_1_713' title='bbox 3118 4407 3416 4480; x_wconf 85' lang='lat' dir='ltr'>plectitur.</span> <span class='ocrx_word' id='word_1_714' title='bbox 3438 4420 3512 4461; x_wconf 92' lang='lat' dir='ltr'>ne</span> <span class='ocrx_word' id='word_1_715' title='bbox 3541 4403 3625 4462; x_wconf 87' lang='lat' dir='ltr'>di-</span> 
     </span>
    </p>
   </div>
   <div class='ocr_carea' id='block_1_96' title="bbox 241 4497 1860 4573">
    <p class='ocr_par' dir='ltr' id='par_1_96' title="bbox 241 4497 1860 4573">
     <span class='ocr_line' id='line_1_96' title="bbox 241 4497 1860 4573; baseline -0.005 -24"><span class='ocrx_word' id='word_1_716' title='bbox 241 4506 404 4568; x_wconf 64' lang='grc' dir='ltr'>πναι</span> <span class='ocrx_word' id='word_1_717' title='bbox 461 4505 589 4568; x_wconf 72' lang='grc' dir='ltr'>γοῦν</span> <span class='ocrx_word' id='word_1_718' title='bbox 650 4497 733 4551; x_wconf 81' lang='grc' dir='ltr'>ἐπὶ</span> <span class='ocrx_word' id='word_1_719' title='bbox 789 4503 957 4571; x_wconf 75' lang='grc' dir='ltr'>τούτῳ</span> <span class='ocrx_word' id='word_1_720' title='bbox 1017 4504 1200 4573; x_wconf 82' lang='grc' dir='ltr'>καίρὸν</span> <span class='ocrx_word' id='word_1_721' title='bbox 1259 4502 1439 4573; x_wconf 75' lang='grc' dir='ltr'>εὑρὼν,</span> <span class='ocrx_word' id='word_1_722' title='bbox 1499 4500 1558 4552; x_wconf 74' lang='grc' dir='ltr'>οὗ</span> <span class='ocrx_word' id='word_1_723' title='bbox 1615 4509 1706 4554; x_wconf 73' lang='grc' dir='ltr'>τοῦ</span> <span class='ocrx_word' id='word_1_724' title='bbox 1764 4521 1860 4573; x_wconf 73' lang='grc' dir='ltr'>με-</span> 
     </span>
    </p>
   </div>
   <div class='ocr_carea' id='block_1_97' title="bbox 243 4586 1856 4661">
    <p class='ocr_par' dir='ltr' id='par_1_97' title="bbox 243 4586 1856 4661">
     <span class='ocr_line' id='line_1_97' title="bbox 243 4586 1856 4661; baseline 0.002 -23"><span class='ocrx_word' id='word_1_725' title='bbox 243 4598 510 4647; x_wconf 68' lang='grc' dir='ltr'>ττι-δοῆσαι</span> <span class='ocrx_word' id='word_1_726' title='bbox 550 4589 868 4661; x_wconf 72' lang='grc' dir='ltr'>προθεσμίαν</span> <span class='ocrx_word' id='word_1_727' title='bbox 921 4587 1111 4644; x_wconf 75' lang='grc' dir='ltr'>λαϐὼν.</span> <span class='ocrx_word' id='word_1_728' title='bbox 1145 4588 1202 4640; x_wconf 77' lang='grc' dir='ltr'>Ὀ</span> <span class='ocrx_word' id='word_1_729' title='bbox 1254 4586 1312 4641; x_wconf 72' lang='grc' dir='ltr'>δὲ</span> <span class='ocrx_word' id='word_1_730' title='bbox 1362 4598 1453 4641; x_wconf 75' lang='grc' dir='ltr'>τοῦ</span> <span class='ocrx_word' id='word_1_731' title='bbox 1483 4592 1722 4642; x_wconf 80' lang='grc' dir='ltr'>τοιούτου</span> <span class='ocrx_word' id='word_1_732' title='bbox 1768 4594 1856 4642; x_wconf 81' lang='grc' dir='ltr'>καὶ</span> 
     </span>
    </p>
   </div>
   <div class='ocr_carea' id='block_1_98' title="bbox 243 4677 1858 4753">
    <p class='ocr_par' dir='ltr' id='par_1_98' title="bbox 243 4677 1858 4753">
     <span class='ocr_line' id='line_1_98' title="bbox 243 4677 1858 4753; baseline 0.002 -24"><span class='ocrx_word' id='word_1_733' title='bbox 243 4677 567 4736; x_wconf 73' lang='grc' dir='ltr'>τηλικούτου</span> <span class='ocrx_word' id='word_1_734' title='bbox 613 4683 865 4750; x_wconf 86' lang='grc' dir='ltr'>κρίματος</span> <span class='ocrx_word' id='word_1_735' title='bbox 913 4680 1199 4753; x_wconf 74' lang='grc' dir='ltr'>ὑπηρέτης,</span> <span class='ocrx_word' id='word_1_736' title='bbox 1239 4680 1266 4731; x_wconf 86' lang='grc' dir='ltr'><strong><em>ὁ</em></strong></span> <span class='ocrx_word' id='word_1_737' title='bbox 1309 4687 1403 4741; x_wconf 82' lang='grc' dir='ltr'>τῆς</span> <span class='ocrx_word' id='word_1_738' title='bbox 1453 4682 1718 4742; x_wconf 73' lang='grc' dir='ltr'>τοσαύτης</span> <span class='ocrx_word' id='word_1_739' title='bbox 1767 4689 1858 4732; x_wconf 76' lang='grc' dir='ltr'>τοῦ</span> 
     </span>
    </p>
   </div>
   <div class='ocr_carea' id='block_1_99' title="bbox 320 4861 1230 4932">
    <p class='ocr_par' dir='ltr' id='par_1_99' title="bbox 320 4861 1230 4932">
     <span class='ocr_line' id='line_1_99' title="bbox 320 4861 1230 4932; baseline 0 -8"><span class='ocrx_word' id='word_1_740' title='bbox 320 4869 370 4906; x_wconf 76' lang='grc'><em>⁸³</em></span> <span class='ocrx_word' id='word_1_741' title='bbox 411 4869 459 4924; x_wconf 86' lang='grc' dir='ltr'>ιι</span> <span class='ocrx_word' id='word_1_742' title='bbox 499 4869 632 4924; x_wconf 91' lang='lat' dir='ltr'>Cor.</span> <span class='ocrx_word' id='word_1_743' title='bbox 675 4881 729 4932; x_wconf 68' lang='grc' dir='ltr'>χ,</span> <span class='ocrx_word' id='word_1_744' title='bbox 771 4869 821 4922; x_wconf 88' lang='lat'><strong>5.</strong></span> <span class='ocrx_word' id='word_1_745' title='bbox 900 4864 949 4902; x_wconf 79' lang='grc'>⁸³</span> <span class='ocrx_word' id='word_1_746' title='bbox 986 4861 1135 4926; x_wconf 90' lang='lat' dir='ltr'>ibid.</span> <span class='ocrx_word' id='word_1_747' title='bbox 1177 4869 1230 4924; x_wconf 83' lang='lat'>6.</span> 
     </span>
    </p>
   </div>
   <div class='ocr_carea' id='block_1_100' title="bbox 245 4938 1036 5010">
    <p class='ocr_par' dir='ltr' id='par_1_100' title="bbox 245 4938 1036 5010">
     <span class='ocr_line' id='line_1_100' title="bbox 245 4938 1036 5010; baseline -0.001 -15"><span class='ocrx_word' id='word_1_748' title='bbox 245 4957 324 5010; x_wconf 73' lang='lat' dir='ltr'>iv,</span> <span class='ocrx_word' id='word_1_749' title='bbox 364 4944 459 4997; x_wconf 77' lang='lat' dir='ltr'>2L</span> <span class='ocrx_word' id='word_1_750' title='bbox 537 4940 584 4975; x_wconf 70' lang='grc' dir='ltr'>ι’</span> <span class='ocrx_word' id='word_1_751' title='bbox 627 4938 810 4995; x_wconf 88' lang='lat' dir='ltr'>lCor.</span> <span class='ocrx_word' id='word_1_752' title='bbox 855 4951 909 5008; x_wconf 86' lang='lat' dir='ltr'>v,</span> <span class='ocrx_word' id='word_1_753' title='bbox 946 4939 1036 4995; x_wconf 73' lang='lat'>21.</span> 
     </span>
    </p>
   </div>
   <div class='ocr_carea' id='block_1_101' title="bbox 1307 4865 1545 4926">
    <p class='ocr_par' dir='ltr' id='par_1_101' title="bbox 1307 4865 1545 4926">
     <span class='ocr_line' id='line_1_101' title="bbox 1307 4865 1545 4926; baseline 0.008 -2"><span class='ocrx_word' id='word_1_754' title='bbox 1307 4867 1356 4902; x_wconf 72' lang='grc'>⁸⁸</span> <span class='ocrx_word' id='word_1_755' title='bbox 1392 4865 1545 4926; x_wconf 89' lang='lat' dir='ltr'>ibid.</span> 
     </span>
    </p>
   </div>
   <div class='ocr_carea' id='block_1_102' title="bbox 1112 4938 1630 5010">
    <p class='ocr_par' dir='ltr' id='par_1_102' title="bbox 1112 4938 1630 5010">
     <span class='ocr_line' id='line_1_102' title="bbox 1112 4938 1630 5010; baseline -0.002 -14"><span class='ocrx_word' id='word_1_756' title='bbox 1112 4938 1162 4974; x_wconf 73' lang='grc' dir='ltr'>το</span> <span class='ocrx_word' id='word_1_757' title='bbox 1199 4942 1327 4996; x_wconf 79' lang='lat' dir='ltr'>Act.</span> <span class='ocrx_word' id='word_1_758' title='bbox 1369 4955 1425 5010; x_wconf 90' lang='lat' dir='ltr'>v,</span> <span class='ocrx_word' id='word_1_759' title='bbox 1468 4940 1630 5005; x_wconf 80' lang='lat' dir='ltr'>t-ll,</span> 
     </span>
    </p>
   </div>
   <div class='ocr_carea' id='block_1_103' title="bbox 317 5100 1851 5182">
    <p class='ocr_par' dir='ltr' id='par_1_103' title="bbox 317 5100 1851 5182">
     <span class='ocr_line' id='line_1_103' title="bbox 317 5100 1851 5182; baseline -0.001 -23"><span class='ocrx_word' id='word_1_760' title='bbox 317 5104 622 5182; x_wconf 62' lang='lat' dir='ltr'>(omnes.</span> <span class='ocrx_word' id='word_1_761' title='bbox 667 5102 872 5159; x_wconf 81' lang='lat' dir='ltr'>tertius</span> <span class='ocrx_word' id='word_1_762' title='bbox 919 5105 977 5159; x_wconf 78' lang='lat' dir='ltr'>et</span> <span class='ocrx_word' id='word_1_763' title='bbox 1027 5101 1213 5182; x_wconf 70' lang='lat' dir='ltr'>editio</span> <span class='ocrx_word' id='word_1_764' title='bbox 1246 5103 1402 5182; x_wconf 44' lang='lat' dir='ltr'>Ean.</span> <span class='ocrx_word' id='word_1_765' title='bbox 1456 5101 1520 5160; x_wconf 91' lang='lat' dir='ltr'>in</span> <span class='ocrx_word' id='word_1_766' title='bbox 1576 5100 1851 5173; x_wconf 77' lang='lat' dir='ltr'>margine</span> 
     </span>
    </p>
   </div>
   <div class='ocr_carea' id='block_1_104' title="bbox 247 5172 1324 5240">
    <p class='ocr_par' dir='ltr' id='par_1_104' title="bbox 247 5172 1324 5240">
     <span class='ocr_line' id='line_1_104' title="bbox 247 5172 1324 5240; baseline 0.002 -14"><span class='ocrx_word' id='word_1_767' title='bbox 247 5172 371 5237; x_wconf 65' lang='grc' dir='ltr'>ἀξια</span> <span class='ocrx_word' id='word_1_768' title='bbox 399 5177 630 5240; x_wconf 79' lang='grc' dir='ltr'>τιθεῖσα,</span> <span class='ocrx_word' id='word_1_769' title='bbox 663 5189 848 5230; x_wconf 80' lang='lat' dir='ltr'>sensu</span> <span class='ocrx_word' id='word_1_770' title='bbox 877 5189 999 5230; x_wconf 90' lang='lat' dir='ltr'>non</span> <span class='ocrx_word' id='word_1_771' title='bbox 1027 5172 1324 5230; x_wconf 87' lang='lat' dir='ltr'>dissimili.</span> 
     </span>
    </p>
   </div>
   <div class='ocr_carea' id='block_1_105' title="bbox 313 5243 1844 5326">
    <p class='ocr_par' dir='ltr' id='par_1_105' title="bbox 313 5243 1844 5326">
     <span class='ocr_line' id='line_1_105' title="bbox 313 5243 1844 5326; baseline -0.001 -25"><span class='ocrx_word' id='word_1_772' title='bbox 313 5248 435 5316; x_wconf 77' lang='lat'>(82)</span> <span class='ocrx_word' id='word_1_773' title='bbox 474 5243 657 5326; x_wconf 73' lang='lat' dir='ltr'>Quod</span> <span class='ocrx_word' id='word_1_774' title='bbox 680 5245 772 5326; x_wconf 67' lang='lat' dir='ltr'>ait</span> <span class='ocrx_word' id='word_1_775' title='bbox 795 5244 1068 5326; x_wconf 69' lang='lat' dir='ltr'>Basilius,</span> <span class='ocrx_word' id='word_1_776' title='bbox 1097 5243 1572 5326; x_wconf 72' lang='lat' dir='ltr'>inobedientiam</span> <span class='ocrx_word' id='word_1_777' title='bbox 1603 5260 1844 5326; x_wconf 81' lang='lat' dir='ltr'>omnem</span> 
     </span>
    </p>
   </div>
   <div class='ocr_carea' id='block_1_106' title="bbox 245 5315 1847 5470">
    <p class='ocr_par' dir='ltr' id='par_1_106' title="bbox 245 5315 1847 5470">
     <span class='ocr_line' id='line_1_106' title="bbox 248 5315 1847 5399; baseline -0.001 -26"><span class='ocrx_word' id='word_1_778' title='bbox 248 5334 318 5398; x_wconf 79' lang='lat' dir='ltr'>ex</span> <span class='ocrx_word' id='word_1_779' title='bbox 366 5333 552 5390; x_wconf 72' lang='lat' dir='ltr'>aequo</span> <span class='ocrx_word' id='word_1_780' title='bbox 599 5316 796 5388; x_wconf 87' lang='lat' dir='ltr'>plecti,</span> <span class='ocrx_word' id='word_1_781' title='bbox 847 5331 971 5399; x_wconf 75' lang='lat' dir='ltr'>non</span> <span class='ocrx_word' id='word_1_782' title='bbox 1015 5317 1097 5372; x_wconf 86' lang='lat' dir='ltr'>ita</span> <span class='ocrx_word' id='word_1_783' title='bbox 1141 5315 1598 5397; x_wconf 73' lang='lat' dir='ltr'>intelligendum</span> <span class='ocrx_word' id='word_1_784' title='bbox 1641 5321 1748 5396; x_wconf 77' lang='lat' dir='ltr'>est,</span> <span class='ocrx_word' id='word_1_785' title='bbox 1783 5321 1847 5396; x_wconf 79' lang='lat' dir='ltr'>ut</span> 
     </span>
     <span class='ocr_line' id='line_1_107' title="bbox 245 5386 1846 5470; baseline -0.001 -27"><span class='ocrx_word' id='word_1_786' title='bbox 245 5388 640 5470; x_wconf 29' lang='lat' dir='ltr'>idem‘plane</span> <span class='ocrx_word' id='word_1_787' title='bbox 685 5387 1047 5470; x_wconf 64' lang='lat' dir='ltr'>supplicium</span> <span class='ocrx_word' id='word_1_788' title='bbox 1088 5387 1384 5470; x_wconf 32' lang='lat' dir='ltr'>deﬂom‘ni</span> <span class='ocrx_word' id='word_1_789' title='bbox 1434 5386 1846 5470; x_wconf 63' lang='lat' dir='ltr'>inobedientia</span> 
     </span>
    </p>
   </div>
   <div class='ocr_carea' id='block_1_107' title="bbox 248 5455 1845 5529">
    <p class='ocr_par' dir='ltr' id='par_1_107' title="bbox 248 5455 1845 5529">
     <span class='ocr_line' id='line_1_108' title="bbox 248 5455 1845 5529; baseline -0.003 -15"><span class='ocrx_word' id='word_1_790' title='bbox 248 5455 565 5516; x_wconf 82' lang='lat' dir='ltr'>sumatur:</span> <span class='ocrx_word' id='word_1_791' title='bbox 601 5458 711 5514; x_wconf 86' lang='lat' dir='ltr'>sed</span> <span class='ocrx_word' id='word_1_792' title='bbox 750 5455 852 5529; x_wconf 78' lang='lat' dir='ltr'>sic,</span> <span class='ocrx_word' id='word_1_793' title='bbox 887 5465 952 5515; x_wconf 91' lang='lat' dir='ltr'>ut</span> <span class='ocrx_word' id='word_1_794' title='bbox 980 5457 1392 5515; x_wconf 87' lang='lat' dir='ltr'>inobedientia</span> <span class='ocrx_word' id='word_1_795' title='bbox 1421 5457 1644 5529; x_wconf 71' lang='lat' dir='ltr'>omnis,</span> <span class='ocrx_word' id='word_1_796' title='bbox 1677 5455 1845 5529; x_wconf 81' lang='lat' dir='ltr'>nulla</span> 
     </span>
    </p>
   </div>
   <div class='ocr_carea' id='block_1_108' title="bbox 247 5525 1844 5602">
    <p class='ocr_par' dir='ltr' id='par_1_108' title="bbox 247 5525 1844 5602">
     <span class='ocr_line' id='line_1_109' title="bbox 247 5525 1844 5602; baseline -0.001 -16"><span class='ocrx_word' id='word_1_797' title='bbox 247 5537 518 5602; x_wconf 83' lang='lat' dir='ltr'>excepta,</span> <span class='ocrx_word' id='word_1_798' title='bbox 548 5525 878 5602; x_wconf 74' lang='lat' dir='ltr'>plectatur;</span> <span class='ocrx_word' id='word_1_799' title='bbox 911 5531 1147 5602; x_wconf 84' lang='lat' dir='ltr'>etiamsi</span> <span class='ocrx_word' id='word_1_800' title='bbox 1183 5529 1322 5595; x_wconf 86' lang='lat' dir='ltr'>alia,</span> <span class='ocrx_word' id='word_1_801' title='bbox 1356 5529 1587 5602; x_wconf 79' lang='lat' dir='ltr'>peccati</span> <span class='ocrx_word' id='word_1_802' title='bbox 1631 5525 1844 5594; x_wconf 79' lang='lat' dir='ltr'>habita</span> 
     </span>
    </p>
   </div>
   <div class='ocr_carea' id='block_1_109' title="bbox 247 5599 1616 5675">
    <p class='ocr_par' dir='ltr' id='par_1_109' title="bbox 247 5599 1616 5675">
     <span class='ocr_line' id='line_1_110' title="bbox 247 5599 1616 5675; baseline -0.002 -16"><span class='ocrx_word' id='word_1_803' title='bbox 247 5599 498 5673; x_wconf 79' lang='lat' dir='ltr'>ratione,</span> <span class='ocrx_word' id='word_1_804' title='bbox 531 5599 640 5659; x_wconf 76' lang='lat' dir='ltr'>aut</span> <span class='ocrx_word' id='word_1_805' title='bbox 667 5601 910 5675; x_wconf 80' lang='lat' dir='ltr'>gravius</span> <span class='ocrx_word' id='word_1_806' title='bbox 939 5601 1242 5672; x_wconf 88' lang='lat' dir='ltr'>multetur,</span> <span class='ocrx_word' id='word_1_807' title='bbox 1278 5599 1383 5659; x_wconf 76' lang='lat' dir='ltr'>aut</span> <span class='ocrx_word' id='word_1_808' title='bbox 1410 5599 1616 5673; x_wconf 75' lang='lat' dir='ltr'>levius,</span> 
     </span>
    </p>
   </div>
   <div class='ocr_carea' id='block_1_110' title="bbox 1621 4867 2089 4939">
    <p class='ocr_par' dir='ltr' id='par_1_110' title="bbox 1621 4867 2089 4939">
     <span class='ocr_line' id='line_1_111' title="bbox 1621 4867 2089 4939; baseline -0.006 -15"><span class='ocrx_word' id='word_1_809' title='bbox 1621 4867 1668 4902; x_wconf 72' lang='grc'>⁵³</span> <span class='ocrx_word' id='word_1_810' title='bbox 1713 4868 1884 4936; x_wconf 82' lang='lat' dir='ltr'>Rom,</span> <span class='ocrx_word' id='word_1_811' title='bbox 1921 4883 1962 4939; x_wconf 84' lang='grc' dir='ltr'>ι,</span> <span class='ocrx_word' id='word_1_812' title='bbox 2002 4869 2089 4923; x_wconf 85' lang='lat'>32.</span> 
     </span>
    </p>
   </div>
   <div class='ocr_carea' id='block_1_111' title="bbox 1973 4495 3624 4575">
    <p class='ocr_par' dir='ltr' id='par_1_111' title="bbox 1973 4495 3624 4575">
     <span class='ocr_line' id='line_1_112' title="bbox 1973 4495 3624 4575; baseline -0.007 -16"><span class='ocrx_word' id='word_1_813' title='bbox 1973 4519 2127 4574; x_wconf 82' lang='lat' dir='ltr'>gnus</span> <span class='ocrx_word' id='word_1_814' title='bbox 2148 4503 2396 4575; x_wconf 87' lang='lat' dir='ltr'>quidem</span> <span class='ocrx_word' id='word_1_815' title='bbox 2426 4501 2668 4555; x_wconf 86' lang='lat' dir='ltr'>habitus</span> <span class='ocrx_word' id='word_1_816' title='bbox 2693 4498 2795 4572; x_wconf 89' lang='lat' dir='ltr'>qui</span> <span class='ocrx_word' id='word_1_817' title='bbox 2822 4499 2896 4554; x_wconf 91' lang='lat' dir='ltr'>de</span> <span class='ocrx_word' id='word_1_818' title='bbox 2920 4496 3158 4567; x_wconf 85' lang='lat' dir='ltr'>agenda</span> <span class='ocrx_word' id='word_1_819' title='bbox 3187 4495 3266 4552; x_wconf 90' lang='lat' dir='ltr'>ob</span> <span class='ocrx_word' id='word_1_820' title='bbox 3289 4495 3624 4552; x_wconf 89' lang='lat' dir='ltr'>admissum</span> 
     </span>
    </p>
   </div>
   <div class='ocr_carea' id='block_1_112' title="bbox 1969 4583 3625 4666">
    <p class='ocr_par' dir='ltr' id='par_1_112' title="bbox 1969 4583 3625 4666">
     <span class='ocr_line' id='line_1_113' title="bbox 1969 4583 3625 4666; baseline -0.007 -17"><span class='ocrx_word' id='word_1_821' title='bbox 1969 4596 2287 4666; x_wconf 87' lang='lat' dir='ltr'>peccatum</span> <span class='ocrx_word' id='word_1_822' title='bbox 2318 4590 2674 4664; x_wconf 67' lang='lat' dir='ltr'>paenitentia</span> <span class='ocrx_word' id='word_1_823' title='bbox 2697 4589 3034 4662; x_wconf 87' lang='lat' dir='ltr'>quidquam</span> <span class='ocrx_word' id='word_1_824' title='bbox 3068 4587 3325 4650; x_wconf 87' lang='lat' dir='ltr'>audiret,</span> <span class='ocrx_word' id='word_1_825' title='bbox 3356 4599 3480 4644; x_wconf 92' lang='lat' dir='ltr'>non</span> <span class='ocrx_word' id='word_1_826' title='bbox 3521 4583 3625 4656; x_wconf 88' lang='lat' dir='ltr'>qui</span> 
     </span>
    </p>
   </div>
   <div class='ocr_carea' id='block_1_113' title="bbox 1969 4669 3624 4748">
    <p class='ocr_par' dir='ltr' id='par_1_113' title="bbox 1969 4669 3624 4748">
     <span class='ocr_line' id='line_1_114' title="bbox 1969 4669 3624 4748; baseline -0.008 -13"><span class='ocrx_word' id='word_1_827' title='bbox 1969 4677 2181 4735; x_wconf 87' lang='lat' dir='ltr'>saltem</span> <span class='ocrx_word' id='word_1_828' title='bbox 2207 4676 2502 4734; x_wconf 85' lang='lat' dir='ltr'>obtineret</span> <span class='ocrx_word' id='word_1_829' title='bbox 2523 4679 2781 4746; x_wconf 90' lang='lat' dir='ltr'>tempus,</span> <span class='ocrx_word' id='word_1_830' title='bbox 2804 4690 2928 4748; x_wconf 89' lang='lat' dir='ltr'>quo</span> <span class='ocrx_word' id='word_1_831' title='bbox 2958 4673 3037 4730; x_wconf 90' lang='lat' dir='ltr'>ob</span> <span class='ocrx_word' id='word_1_832' title='bbox 3068 4671 3264 4729; x_wconf 89' lang='lat' dir='ltr'>scelus</span> <span class='ocrx_word' id='word_1_833' title='bbox 3294 4669 3624 4742; x_wconf 87' lang='lat' dir='ltr'>compungi</span> 
     </span>
    </p>
   </div>
   <div class='ocr_carea' id='block_1_114' title="bbox 2167 4829 3613 4932">
    <p class='ocr_par' dir='ltr' id='par_1_114' title="bbox 2167 4829 3613 4932">
     <span class='ocr_line' id='line_1_115' title="bbox 2167 4829 3613 4932; baseline -0.008 -10"><span class='ocrx_word' id='word_1_834' title='bbox 2167 4867 2214 4902; x_wconf 71' lang='grc'>⁸⁸</span> <span class='ocrx_word' id='word_1_835' title='bbox 2254 4867 2423 4923; x_wconf 82' lang='lat' dir='ltr'>Rom.</span> <span class='ocrx_word' id='word_1_836' title='bbox 2463 4880 2523 4932; x_wconf 80' lang='grc' dir='ltr'>ιι,</span> <span class='ocrx_word' id='word_1_837' title='bbox 2563 4868 2619 4919; x_wconf 83' lang='grc'>2.</span> <span class='ocrx_word' id='word_1_838' title='bbox 2695 4864 2740 4899; x_wconf 69' lang='grc'>⁵⁷</span> <span class='ocrx_word' id='word_1_839' title='bbox 2785 4865 2802 4918; x_wconf 95' lang='lat' dir='ltr'>l</span> <span class='ocrx_word' id='word_1_840' title='bbox 2843 4863 2974 4918; x_wconf 91' lang='lat' dir='ltr'>Cor.</span> <span class='ocrx_word' id='word_1_841' title='bbox 3017 4877 3072 4929; x_wconf 79' lang='grc' dir='ltr'>ν,</span> <span class='ocrx_word' id='word_1_842' title='bbox 3121 4864 3233 4916; x_wconf 80' lang='grc'><strong>1-5.</strong></span> <span class='ocrx_word' id='word_1_843' title='bbox 3322 4858 3369 4894; x_wconf 74' lang='grc'>⁸⁸</span> <span class='ocrx_word' id='word_1_844' title='bbox 3475 4855 3613 4911; x_wconf 87' lang='lat' dir='ltr'>Cor.</span> 
     </span>
    </p>
   </div>
   <div class='ocr_carea' id='block_1_115' title="bbox 2033 5085 3618 5168">
    <p class='ocr_par' dir='ltr' id='par_1_115' title="bbox 2033 5085 3618 5168">
     <span class='ocr_line' id='line_1_116' title="bbox 2033 5085 3618 5168; baseline -0.011 -13"><span class='ocrx_word' id='word_1_845' title='bbox 2033 5098 2150 5168; x_wconf 87' lang='grc'><strong>(83)</strong></span> <span class='ocrx_word' id='word_1_846' title='bbox 2191 5097 2380 5154; x_wconf 88' lang='lat' dir='ltr'>Editio</span> <span class='ocrx_word' id='word_1_847' title='bbox 2409 5095 2592 5154; x_wconf 84' lang='lat' dir='ltr'>Paris.</span> <span class='ocrx_word' id='word_1_848' title='bbox 2625 5095 2753 5150; x_wconf 83' lang='grc' dir='ltr'>ἀλλά</span> <span class='ocrx_word' id='word_1_849' title='bbox 2776 5097 2867 5148; x_wconf 80' lang='grc' dir='ltr'>καὶ</span> <span class='ocrx_word' id='word_1_850' title='bbox 2893 5097 3043 5168; x_wconf 68' lang='grc' dir='ltr'>πᾶσα</span> <span class='ocrx_word' id='word_1_851' title='bbox 3069 5091 3204 5168; x_wconf 74' lang='grc' dir='ltr'>ομοῡ</span> <span class='ocrx_word' id='word_1_852' title='bbox 3235 5090 3266 5146; x_wconf 77' lang='grc' dir='ltr'>ἡ</span> <span class='ocrx_word' id='word_1_853' title='bbox 3311 5085 3618 5168; x_wconf 64' lang='grc' dir='ltr'>Ἐκκλησία,</span> 
     </span>
    </p>
   </div>
   <div class='ocr_carea' id='block_1_116' title="bbox 1957 5162 3623 5227">
    <p class='ocr_par' dir='ltr' id='par_1_116' title="bbox 1957 5162 3623 5227">
     <span class='ocr_line' id='line_1_117' title="bbox 1957 5162 3623 5227; baseline -0.007 0"><span class='ocrx_word' id='word_1_854' title='bbox 1957 5162 2258 5227; x_wconf 78' lang='lat' dir='ltr'>corrupte.</span> <span class='ocrx_word' id='word_1_855' title='bbox 2301 5168 2487 5224; x_wconf 81' lang='lat' dir='ltr'>Editio</span> <span class='ocrx_word' id='word_1_856' title='bbox 2534 5169 2674 5222; x_wconf 87' lang='lat' dir='ltr'>Ven.</span> <span class='ocrx_word' id='word_1_857' title='bbox 2715 5173 2774 5222; x_wconf 88' lang='lat' dir='ltr'>et</span> <span class='ocrx_word' id='word_1_858' title='bbox 2816 5162 3004 5220; x_wconf 86' lang='lat' dir='ltr'>nostri</span> <span class='ocrx_word' id='word_1_859' title='bbox 3063 5166 3182 5216; x_wconf 85' lang='lat' dir='ltr'>tres</span> <span class='ocrx_word' id='word_1_860' title='bbox 3231 5175 3377 5216; x_wconf 83' lang='lat' dir='ltr'>mss.</span> <span class='ocrx_word' id='word_1_861' title='bbox 3429 5162 3512 5214; x_wconf 88' lang='lat' dir='ltr'>ita</span> <span class='ocrx_word' id='word_1_862' title='bbox 3556 5163 3623 5215; x_wconf 90' lang='lat' dir='ltr'>ut</span> 
     </span>
    </p>
   </div>
   <div class='ocr_carea' id='block_1_117' title="bbox 1955 5238 2664 5298">
    <p class='ocr_par' dir='ltr' id='par_1_117' title="bbox 1955 5238 2664 5298">
     <span class='ocr_line' id='line_1_118' title="bbox 1955 5238 2664 5298; baseline -0.008 -1"><span class='ocrx_word' id='word_1_863' title='bbox 1955 5238 2262 5298; x_wconf 84' lang='lat' dir='ltr'>edendum</span> <span class='ocrx_word' id='word_1_864' title='bbox 2293 5238 2664 5296; x_wconf 87' lang='lat' dir='ltr'>curavimus.</span> 
     </span>
    </p>
   </div>
   <div class='ocr_carea' id='block_1_118' title="bbox 2024 5305 3616 5384">
    <p class='ocr_par' dir='ltr' id='par_1_118' title="bbox 2024 5305 3616 5384">
     <span class='ocr_line' id='line_1_119' title="bbox 2024 5305 3616 5384; baseline -0.014 -16"><span class='ocrx_word' id='word_1_865' title='bbox 2024 5315 2138 5384; x_wconf 74' lang='grc'><strong>(84)</strong></span> <span class='ocrx_word' id='word_1_866' title='bbox 2178 5315 2321 5380; x_wconf 80' lang='lat' dir='ltr'>Reg.</span> <span class='ocrx_word' id='word_1_867' title='bbox 2353 5312 2584 5382; x_wconf 87' lang='lat' dir='ltr'>primus</span> <span class='ocrx_word' id='word_1_868' title='bbox 2629 5315 2729 5360; x_wconf 80' lang='grc' dir='ltr'>ποῦ</span> <span class='ocrx_word' id='word_1_869' title='bbox 2777 5314 2865 5358; x_wconf 73' lang='grc' dir='ltr'>νῦν</span> <span class='ocrx_word' id='word_1_870' title='bbox 2904 5305 3190 5364; x_wconf 68' lang='grc' dir='ltr'>τοσαύτης.</span> <span class='ocrx_word' id='word_1_871' title='bbox 3226 5306 3366 5372; x_wconf 77' lang='lat' dir='ltr'>Reg.</span> <span class='ocrx_word' id='word_1_872' title='bbox 3401 5316 3616 5358; x_wconf 78' lang='lat' dir='ltr'>secun-</span> 
     </span>
    </p>
   </div>
   <div class='ocr_carea' id='block_1_119' title="bbox 1952 5383 2251 5440">
    <p class='ocr_par' dir='ltr' id='par_1_119' title="bbox 1952 5383 2251 5440">
     <span class='ocr_line' id='line_1_120' title="bbox 1952 5383 2251 5440; baseline -0.003 -2"><span class='ocrx_word' id='word_1_873' title='bbox 1952 5383 2069 5440; x_wconf 70' lang='lat' dir='ltr'>dus</span> <span class='ocrx_word' id='word_1_874' title='bbox 2101 5386 2251 5437; x_wconf 83' lang='grc' dir='ltr'>ὅπου.</span> 
     </span>
    </p>
   </div>
   <div class='ocr_carea' id='block_1_120' title="bbox 2024 5445 3620 5523">
    <p class='ocr_par' dir='ltr' id='par_1_120' title="bbox 2024 5445 3620 5523">
     <span class='ocr_line' id='line_1_121' title="bbox 2024 5445 3620 5523; baseline -0.006 -14"><span class='ocrx_word' id='word_1_875' title='bbox 2024 5458 2140 5523; x_wconf 77' lang='lat'>(85)</span> <span class='ocrx_word' id='word_1_876' title='bbox 2181 5455 2274 5510; x_wconf 87' lang='lat' dir='ltr'>Sic</span> <span class='ocrx_word' id='word_1_877' title='bbox 2303 5468 2447 5508; x_wconf 87' lang='lat' dir='ltr'>mss.</span> <span class='ocrx_word' id='word_1_878' title='bbox 2481 5449 2690 5510; x_wconf 88' lang='lat' dir='ltr'>nostri.</span> <span class='ocrx_word' id='word_1_879' title='bbox 2727 5445 2918 5510; x_wconf 80' lang='lat' dir='ltr'>Editio</span> <span class='ocrx_word' id='word_1_880' title='bbox 2969 5445 3152 5507; x_wconf 78' lang='lat' dir='ltr'>Paris.</span> <span class='ocrx_word' id='word_1_881' title='bbox 3185 5452 3275 5502; x_wconf 80' lang='grc' dir='ltr'>καὶ</span> <span class='ocrx_word' id='word_1_882' title='bbox 3325 5445 3409 5501; x_wconf 78' lang='grc' dir='ltr'>ἐπὶ</span> <span class='ocrx_word' id='word_1_883' title='bbox 3451 5451 3620 5518; x_wconf 79' lang='grc' dir='ltr'>τούτῳ</span> 
     </span>
    </p>
   </div>
   <div class='ocr_carea' id='block_1_121' title="bbox 1948 5543 2454 5600">
    <p class='ocr_par' dir='ltr' id='par_1_121' title="bbox 1948 5543 2454 5600">
     <span class='ocr_line' id='line_1_122' title="bbox 1948 5543 2454 5600; baseline -0.008 -23"><span class='ocrx_word' id='word_1_884' title='bbox 1948 5544 2054 5600; x_wconf 80' lang='grc' dir='ltr'>παρ</span> <span class='ocrx_word' id='word_1_885' title='bbox 2103 5545 2264 5584; x_wconf 82' lang='grc' dir='ltr'>αντην</span> <span class='ocrx_word' id='word_1_886' title='bbox 2295 5543 2454 5598; x_wconf 80' lang='grc' dir='ltr'>ωραν.</span> 
     </span>
    </p>
   </div>
  </div>
