4100 6196
479 308 581 371 871

1858 313 1915 371 S.
1958 311 2207 370 BASlLll
2243 311 2459 369 MAGNI

3730 313 3844 371 672

477 438 703 510 posset,
734 449 859 492 non
888 435 993 510 qui
1018 432 1385 510 praeﬁnitum
1424 437 1688 511 spatium
1733 436 2027 513 acciperet
2054 436 2129 494 ad

2246 442 2379 490 Θεοῦ
2420 435 2576 512 ὀργῆς
2614 434 2697 490 έπὶ
2739 439 2826 491 τόν
2870 437 3213 511 ἡμαρτηκότα
3269 432 3532 504 διάκονος,
3582 438 3607 489 6
3657 441 3844 512 μακά-

482 525 785 595 agendam
815 526 1255 599 paenitentiam.
1288 528 1473 584 Porro
1497 526 1631 583 talis
1654 543 1725 584 ac
1750 529 1899 586 tanti
1922 525 2136 600 judicii

484 619 745 683 exactor,
779 618 1085 687 tantasque
1117 614 1220 670 Dei
1253 615 1315 671 in
1345 621 1696 689 peccantem
1724 618 1825 673 ine
1864 610 2136 673 minister

481 702 698 761 beatus
740 704 837 761 ille
879 707 1105 769 Petrus,
1139 704 1425 761 omnibus
1472 706 1782 780 discipulis
1828 706 2130 780 praelatus,

483 794 581 851 cui
613 792 724 852 soli
754 795 989 866 majora
1016 793 1159 851 data
1200 810 1388 869 quam
1420 796 1552 853 aliis
1603 800 1743 853 sunt
1767 797 2134 865 testimonia,

482 884 588 957 qui
613 882 978 956 praedicatus
1006 888 1095 941 est
1126 885 1357 954 beatus,
1399 886 1493 942 cui
1524 885 1722 943 claves
1763 885 1935 957 regni
1962 885 2137 942 coelo-

480 987 617 1029 rum
639 972 994 1030 concreditze
1022 978 1184 1044 sunt,
1206 990 1344 1031 cum
1367 974 1590 1032 audita
1617 976 1871 1032 Domino
1894 993 1907 1032 :
1931 976 1999 1032 Si
2014 991 2134 1032 non

485 1062 689 1119 lavero
718 1068 794 1126 te,
827 1078 947 1119 non
975 1063 1157 1120 habes
1187 1071 1423 1135 partem
1452 1066 1770 1137 mecum“,
1798 1064 1978 1139 quale
2009 1079 2132 1132 cor,

481 1167 710 1225 quaeso,
745 1158 802 1209 et
829 1152 1223 1226 quantumvis
1251 1152 1561 1226 lapideum
1599 1154 1679 1209 ad
1707 1158 1933 1211 metum
1967 1154 2135 1212 timo-

479 1256 731 1315 remque
769 1240 1139 1312 judiciorum
1185 1241 1285 1299 Dei
1328 1258 1449 1298 non
1478 1242 1773 1300 inducet?
1803 1244 2136 1317 praesertim

482 1340 623 1385 cum
653 1330 877 1386 nullius
907 1330 1136 1402 ﬂagitii,
1169 1331 1466 1389 nullinsve
1496 1336 1876 1406 contemptus
1905 1332 2136 1402 signiﬁ-

481 1418 778 1475 cationem
794 1418 982 1476 ullam
995 1418 1282 1487 dedisset,
1296 1421 1418 1477 imo
1434 1422 1634 1495 potius
1649 1422 1891 1492 egregio
1906 1422 2137 1478 honore

483 1508 804 1565 Dominum
849 1508 1149 1567 aﬂ‘ecisset
1179 1525 1355 1566 suum
1381 1528 1395 1579 ;
1429 1509 1837 1583 eumdemque
1866 1515 2025 1567 esset
2047 1526 2136 1568 re-

479 1598 701 1655 veritus
727 1599 829 1667 ita,
856 1603 922 1656 ut
947 1615 1190 1656 servum
1214 1614 1285 1656 ac
1310 1599 1677 1673 discipulum
1698 1599 1969 1657 decebat.
1988 1602 2136 1658 Cum

481 1687 644 1744 enim
675 1687 921 1744 vidisset
950 1704 1131 1745 suum
1174 1693 1233 1746 et
1276 1689 1701 1745 universorum
1730 1692 1885 1745 Deus
1922 1705 1993 1746 ac
2024 1692 2135 1747 Do-

2239 545 2349 601 ριος
2405 530 2612 600 Πέτρος,
2667 527 2694 579 6
2759 528 2959 579 πάντων
3018 530 3109 600 μὲν
3175 535 3273 579 τῶν
3326 528 3575 600 μαθητῶν
3626 548 3848 603 προκρι-

2243 615 2383 682 θεὶς,
2441 619 2595 689 μόνος
2654 617 2712 669 ὁνε
2767 615 2938 668 πλεῖον
2985 624 3083 669 τῶν
3136 613 3298 669 ὧελων
3345 618 3698 691 μαρτυρηθεὶς
3745 622 3846 670 καὶ

2239 707 2606 779 μακαρισθεὶς,
2635 706 2661 758 6
2698 706 2793 768 τὰς
2838 704 2973 768 κλεῖς
3025 712 3121 768 τῆς
3163 703 3429 769 ϐασιλείας
3474 714 3573 758 τῶν
3611 705 3847 781 ούρανῶν

2241 795 2560 861 πιστευθεὶς,
2591 796 2711 847 ὅταν
2770 793 2930 866 ἀκούῃ
2961 796 3071 866 (86)
3121 796 3266 869 παρά
3311 802 3401 847 τοῦ
3451 799 3667 870 Κυρίου,
3720 795 3846 852 Ἐὰν

2239 885 2310 955 μὴ
2358 882 2492 954 νίψω
2547 902 2622 949 σε,
2666 882 2759 936 ούκ
2797 885 2935 955 ἔχεις
2985 886 3140 960 μέρος
3185 883 3296 957 μετ’
3346 883 3491 958 ἐμοῦ,
3538 889 3691 937 ποίαν
3735 887 3848 961 ἄρα

2241 977 2330 1026 καὶ
2364 977 2459 1031 την
2502 974 2739 1026 ὁπωσούν
2774 972 2976 1031 λιθίνην
3005 970 3230 1051 καρδίαν
3274 973 3332 1026 ού
3366 969 3680 1034 δυσωωησει
3708 978 3848 1049 πρὸς

2242 1060 2394 1136 φόϐον
2425 1066 2513 1115 καὶ
2542 1067 2732 1139 τρόμον
2770 1071 2870 1115 τῶν
2913 1068 3006 1115 τοῦ
3053 1066 3185 1117 Θεοῦ
3215 1064 3479 1137 χριμάτων
3504 1080 3519 1131 ;
3551 1068 3641 1115 καὶ
3672 1072 3847 1118 ταῦτα

2241 1153 2331 1224 μὲν
2376 1148 2622 1226 ούδεμιᾶς
2668 1151 2950 1226 ἁμαρτίας,
2995 1149 3244 1226 ούδεμιοὶς
3299 1148 3358 1205 δὲ
3407 1158 3848 1228 καταφρονήσεως

2242 1242 2463 1314 ἔμφασιν
2508 1237 2655 1309 δούς,
2701 1250 2826 1315 τιμῇ
2863 1239 2922 1295 δε
2958 1240 3151 1315 μᾶλλον
3192 1250 3251 1316 τῇ
3300 1247 3417 1317 περὶ
3456 1245 3542 1295 τόν
3573 1246 3843 1302 Δεσπότην

2241 1329 2633 1404 ὑπερϐαλλούσῃ
2706 1333 3082 1406 χρησάμενος,
3150 1335 3239 1383 καὶ
3303 1335 3398 1389 την
3462 1336 3845 1406 προσήκουσαν

2243 1414 2413 1491 δούλῳ
2469 1423 2560 1472 καὶ
2617 1422 2826 1492 μαθητῇ
2898 1419 3160 1473 εὐλάϐειαν
3221 1414 3626 1495 ἐπιδειξάμενος.
3690 1417 3845 1475 Ἰδὼν

2240 1510 2341 1584 γὰρ
2395 1512 2484 1561 τόν
2543 1508 2726 1562 ἑαυτοῦ
2777 1514 2869 1562 καὶ
2918 1511 3121 1562 πάντων
3174 1513 3303 1561 Θεὸν
3348 1514 3439 1562 καὶ
3490 1512 3699 1585 Κύριον,
3749 1514 3845 1564 καὶ

2245 1595 2488 1671 βασιλέα,
2522 1601 2611 1650 καὶ
2642 1602 2927 1665 Δεσπότην,
2959 1601 3047 1650 καὶ
3090 1593 3439 1669 διδάσκαλον,
3470 1603 3561 1652 καὶ
3603 1606 3843 1673 Σωτῆρα,

2244 1691 2335 1739 καὶ
2374 1687 2503 1761 ὁμοῦ
2551 1689 2618 1740 τὰ
2663 1690 2850 1755 πάντα,
2884 1687 2932 1740 ἐν
2980 1689 3237 1763 ὑπηρέτου
3282 1693 3526 1762 σχήματι
3574 1684 3850 1750 διαζωσά-

482 1777 739 1848 minum,
768 1781 825 1833 et
852 1793 1077 1849 regem,
1101 1779 1159 1834 et
1181 1778 1418 1845 herum,
1441 1782 1501 1835 et
1526 1777 1909 1849 magistrum,
1931 1783 1987 1835 et
2010 1780 2129 1836 Ser-

2246 1795 2394 1849 μενον
2441 1773 2633 1829 λέντιον
2671 1782 2782 1842 καὶ,
2840 1780 3036 1830 νίπτειν
3074 1781 3196 1838 τοὺς
3238 1772 3404 1837 πόδας
3451 1775 3611 1830 αὑτοῦ
3659 1776 3849 1850 βουλό-

480 1870 754 1922 vatorem
775 1866 1076 1939 simulque
1096 1867 1325 1937 omnia,
1346 1867 1409 1923 in
1431 1866 1687 1923 ministri
1710 1865 1922 1924 habitu
1948 1867 2135 1924 linteo

482 1954 769 2021 cinctum,
809 1960 867 2012 et
913 1956 1099 2029 pedes
1145 1956 1332 2030 ipsius
1376 1956 1582 2014 lavare
1628 1954 1950 2027 volentem,
1991 1972 2138 2014 mox

482 2043 859 2115 indignitatis
903 2062 1027 2102 suae
1057 2044 1235 2120 quasi
1263 2046 1562 2115 conscius,
1595 2051 1651 2102 et
1687 2040 1768 2103 ob
1793 2047 2137 2104 accedentis

481 2132 838 2205 dignitatem
866 2135 1172 2206 attonitus,
1194 2136 1583 2192 exclamavit:
1604 2136 1879 2199 Domine,
1901 2143 1966 2191 tu
1986 2136 2139 2193 mihi

486 2224 655 2280 lavas
672 2224 941 2293 pedes".
967 2226 1032 2279 Et
1059 2224 1273 2280 iterum
1300 2241 1314 2280 :
1347 2224 1480 2281 Non
1517 2224 1749 2281 lavabis
1786 2226 1935 2282 mihi
1954 2226 2138 2297 pedes

482 2311 546 2367 in
575 2318 869 2369 ctemum
888 2313 962 2368 ⁸⁸³.
991 2314 1112 2368 Hac
1141 2311 1217 2368 de
1240 2328 1429 2368 causa
1456 2318 1639 2370 tantae
1663 2315 1715 2369 ei
1742 2313 2139 2372 intenduntur

482 2401 687 2468 minae,
722 2405 789 2457 ut
826 2400 940 2457 nisi
980 2416 1189 2457 rursus
1232 2403 1475 2472 cognita
1527 2401 1851 2460 verborum
1900 2405 2137 2461 Domini

481 2489 754 2561 veritate,
799 2490 1336 2548 contradictionem
1388 2491 1547 2548 hanc
1590 2508 1697 2565 per
1729 2492 2136 2551 obedientiam

481 2580 860 2647 correxisset,
890 2595 1017 2637 non
1060 2581 1191 2653 ejus
1240 2586 1399 2638 recte
1440 2579 1599 2638 facta
1650 2583 1969 2656 praeterita,
2008 2598 2133 2639 non

478 2667 730 2726 virtutes
774 2670 999 2743 quibus
1042 2670 1330 2745 praeditus
1368 2676 1516 2743 erat,
1546 2686 1670 2728 non
1714 2671 1950 2728 Domini
1978 2671 2134 2729 testi-

481 2760 689 2817 monia
725 2761 975 2817 beatum
1016 2777 1157 2817 eum
1188 2777 1259 2817 ac
1298 2760 1671 2818 fortunatum
1718 2762 2131 2836 praedicantia,

479 2863 608 2905 non
660 2848 843 2916 dona,
886 2864 1011 2905 non
1054 2850 1375 2922 promissa,
1425 2866 1621 2920 neque
1668 2851 1802 2924 ipsa
1847 2851 2134 2909 revelatio

480 2938 611 3009 ejus
652 2937 1082 2994 benevolentiae
1112 2937 1247 2995 talis
1286 2954 1358 2995 ac
1385 2943 1586 3009 tantae,
1617 2956 1801 3013 quam
1833 2941 1895 2997 in
1924 2940 2135 3013 unige-

480 3025 674 3082 nitum
706 3025 914 3087 Filium
946 3028 1100 3083 Deus
1131 3031 1188 3083 et
1219 3030 1387 3083 Pater
1423 3027 1707 3101 habebat,
1741 3029 1898 3086 hanc
1926 3029 2132 3086 inobe-

478 3114 770 3172 hientiam
801 3117 1375 3191 contumaciamque
1406 3133 1622 3174 sanare
1642 3117 1953 3192 potuisset.

550 3209 603 3263 8.
644 3205 754 3262 Sed
780 3205 829 3261 si
859 3206 1065 3262 omnia
1093 3222 1405 3263 recensere
1427 3207 1560 3265 volo
1581 3224 1717 3281 quae
1748 3207 1810 3263 in
1840 3208 2032 3265 Veteri
2062 3223 2134 3265 ac

478 3298 643 3352 Novo
654 3298 1036 3352 Testamento
1052 3296 1392 3367 nanciscor,
1402 3297 1653 3353 fortasse
1671 3301 2018 3353 narrantem
2036 3313 2133 3354 me

476 3391 720 3458 tempus
746 3384 1006 3441 deﬁciet.
1034 3387 1166 3441 lam
1188 3402 1327 3442 vero
1357 3402 1496 3442 cum
1519 3392 1576 3442 et
1602 3386 1681 3442 ad
1711 3387 1875 3459 ipsas
1897 3385 2133 3444 Domini

478 3474 669 3531 nostri
703 3475 846 3529 Jésu
870 3473 1105 3541 Christi,
1128 3490 1265 3547 qua:
1310 3476 1371 3532 in
1412 3474 1735 3546 Evangelio
1764 3480 1923 3545 sunt,
1953 3491 2134 3532 voces

478 3563 758 3633 devenio,
790 3569 847 3619 et
873 3564 1065 3636 ipsius
1094 3563 1251 3620 illius
1289 3565 1396 3638 qui
1434 3564 1811 3637 judicaturus
1840 3570 1931 3622 est
1958 3565 2133 3622 vivos

478 3656 536 3708 et
555 3657 850 3725 mortuos,
865 3652 1053 3709 verba
1069 3652 1337 3720 attendo,
1352 3653 1577 3727 quibus
1598 3654 1796 3725 major
1811 3654 2135 3711 auctoritas

475 3740 755 3798 tribuitur
781 3758 817 3799 a
840 3740 1143 3807 ﬁdelibus,
1168 3758 1353 3816 quam
1383 3742 1576 3799 cuivis
1604 3742 1884 3809 historiae,
1910 3748 2015 3800 aut
2034 3742 2135 3800 alii

477 3828 666 3886 cuivis
696 3838 1079 3901 argumento,
1109 3847 1399 3901 magnam
1450 3832 1699 3905 quidem
1729 3832 1789 3888 in
1821 3832 1926 3903 eis,
1958 3836 2023 3888 ut
2051 3832 2134 3890 ita

474 3918 696 3987 dicam,
727 3919 1147 3977 necessitatem
1175 3920 1413 3977 intueor
1439 3924 1561 3977 Deo
1580 3920 1642 3977 in
1666 3921 1953 3977 omnibus
1980 3921 2131 3978 obe-

474 4009 712 4078 diendi;
738 4009 849 4084 sed
878 4008 1105 4066 nullam
1131 4010 1404 4079 omnino,
1432 4011 1597 4083 quod
1622 4011 1698 4066 ad
1721 4016 2024 4084 praecepta
2041 4015 2129 4067 at-

472 4098 637 4169 tinet,
651 4083 887 4155 veniain
917 4098 1092 4169 222
1118 4098 1375 4170 relinqui
1392 4098 1625 4171 reperio
1649 4113 1772 4153 non
1792 4083 2130 4171 paenitenti-

469 4186 587 4243 bus
606 4187 685 4244 ad
706 4187 1177 4244 inobedientiam
1192 4186 1583 4258 expiandum,
1599 4187 1719 4243 nisi
1740 4186 1951 4261 siquid
1963 4188 2127 4245 aliud

470 4280 815 4333 contratam
828 4282 1068 4350 apertas
1080 4275 1397 4349 clarasque
1408 4281 1467 4333 et
1476 4276 1787 4333 absolutas
1802 4277 2128 4335 sententias

470 4365 823 4439 audendum
859 4366 955 4435 sit,
975 4372 1078 4423 aut
1097 4366 1192 4423 vel
1211 4366 1347 4440 ipsa
1376 4366 1556 4424 etiam
1580 4366 1939 4437 cogitatione
1966 4383 2128 4425 com-

470 4451 940 4514 miniscendum.
964 4456 1218 4529 Cretum,
1250 4455 1461 4530 inquit,
1485 4462 1539 4514 et
1570 4462 1736 4513 terra
1778 4455 2125 4515 transibunt

537 4614 587 4651 τι
625 4615 798 4670 Joan.
839 4628 955 4683 xm,
996 4619 1048 4671 8.
1125 4618 1176 4653 ⁷³
1212 4616 1359 4674 ibid.
1400 4622 1453 4674 ϐ.
1529 4617 1581 4652 ⁷³
1616 4615 1765 4674 ibid.
1805 4620 1859 4675 8.

540 4757 657 4828 (86)
695 4758 934 4831 Veteres
962 4756 1087 4831 duo
1117 4757 1252 4814 libri
1281 4760 1399 4831 ὅταν
1432 4757 1656 4831 ἀκούσῃ.

542 4831 650 4912 (87)
692 4828 938 4912 Codices
962 4829 1099 4912 duo
1146 4829 1492 4902 καταπλαγεὶς
1538 4828 1741 4887 ἐϐόησε.
1795 4832 1927 4888 Mox
1972 4832 2115 4903 Reg.

465 4899 1106 4981 Ρτὲρμεκοέμὴξίψξιςο

537 4971 649 5043 (88)
688 4968 878 5043 Editio
900 4968 1084 5029 Paris.
1109 4968 1232 5025 οὐδὲ
1254 4972 1384 5030 αὐτὴ
1414 4974 1443 5030 ἡ
1472 4982 1570 5037 τῆς
1586 4979 1741 5028 Θεοῦ.
1757 4971 1947 5030 Editio
1968 4974 2116 5031 Ven.

467 5047 528 5099 et
548 5042 746 5099 nostri
768 5046 888 5099 tres
917 5060 1065 5099 mss.
1099 5044 1229 5102 αύτὴ
1263 5046 1293 5103 ἡ
1318 5051 1411 5096 τού
1442 5053 1596 5099 Θεον.
1628 5044 1886 5100 Basilius
1917 5050 2120 5101 autem

466 5113 628 5188 credi
646 5120 842 5188 potest
865 5115 1199 5188 respexisse
1221 5115 1298 5171 ad
1314 5115 1415 5171 illa
1432 5116 1685 5174 Μολιὴωὶ
1706 5115 1890 5172 verba
1906 5133 2043 5188 xvu,
2056 5121 2117 5173 5:

464 5186 583 5242 Hic
608 5191 694 5241 est
713 5186 910 5242 Filius
930 5186 1093 5244 aiens
1118 5187 1394 5255 dilectus,
1419 5194 1532 5244 etc.
1557 5190 1720 5243 Tunc
1741 5188 1903 5243 enim
1924 5187 2122 5245 deela-

464 5257 621 5311 ravit
640 5257 797 5312 Deus
825 5257 1309 5315 benevolentiam
1333 5259 1393 5314 iu
1417 5258 1797 5328 Unigenitum
1828 5275 2031 5328 suum.

538 5327 649 5402 (89)
688 5328 878 5384 Editio
908 5335 1165 5402 utraque
1213 5335 1271 5389 ct
1325 5333 1465 5401 Reg.
1512 5326 1818 5386 secundus
1849 5328 1924 5382 ἐπ’
1947 5326 2121 5382 usam

464 5398 738 5473 πράγματι
767 5398 1372 5473 καπαλειπομένηνηῃνο
1414 5398 1693 5473 'qualibet
1743 5416 1828 5457 re.
1863 5406 1934 5456 At
1977 5403 2121 5469 Reg.

465 5458 696 5539 p'rinius
719 5472 784 5547 et
807 5458 1123 5547 tertius}?
1155 5458 1332 5547 saeta
1364 5458 1754 5547 προστάγματι,
1777 5486 1892 5541 pro
1914 5458 2122 5547 quovis

461 5543 788 5616 pra’cepto.
816 5539 1151 5617 Fatendum
1188 5539 1462 5615 quidem,
1490 5539 1699 5598 vocem
1747 5539 2124 5617 προστάγματι

463 5610 963 5668 reconcinnatam
982 5610 1167 5669 fuisse
1197 5610 1254 5671 et
1278 5620 1577 5675 rcsartam
1606 5610 1829 5674 recenti
1852 5610 2043 5673 manu
2059 5614 2122 5671 in

2152 4499 2199 4555 D

2242 1884 2413 1937 μενον,
2444 1865 2617 1934 εύθύς,
2656 1867 2831 1940 ὥσπερ
2873 1866 2944 1928 εἰς
2990 1867 3337 1924 συναίσθησιν
3368 1864 3523 1918 ἐλθὼν
3562 1874 3657 1929 τῆς
3702 1862 3848 1929 ἰδίας

2241 1952 2601 2024 ἁναξιότητος,
2623 1959 2712 2007 καὶ
2742 1958 2800 2007 τὸ
2828 1954 3033 2028 ἀξίωμα
3079 1961 3170 2007 τοῦ
3209 1958 3634 2031 προσερχομένου
3678 1975 3848 2009 κατα-

2239 2043 2474 2115 πλαγεὶς,
2518 2041 2689 2107 έξεϐόη
2700 2063 2757 2096 σε
2782 2044 2897 2115 (87)
2921 2065 2935 2077 ⁸

2239 2129 2444 2202 πόδας;
2498 2136 2585 2185 καὶ
2631 2133 2821 2187 πάλιν·
2879 2132 2957 2185 Ού
3012 2138 3083 2206 μή
3143 2131 3302 2206 νίψῃς
3355 2136 3475 2193 τοὺς
3525 2129 3694 2195 πόδας
3739 2153 3847 2208 μου

2242 2221 2315 2283 εἰς
2355 2224 2442 2273 τόν
2492 2222 2671 2274 αἰῶνα.
2730 2221 2850 2273 Ἐπὶ
2893 2223 3057 2293 τούτῳ
3110 2224 3204 2281 τὴν
3242 2223 3507 2279 τοσαύτην
3538 2218 3847 2295 εἰσδέχεται

2988 2047 3165 2118 Κύριε,
3218 2046 3283 2096 σύ
3325 2063 3427 2117 μου
3479 2046 3677 2106 νίπτεις
3720 2048 3850 2109 τούς

2244 2308 2473 2378 ἀπειλὴν,
2516 2313 2584 2373 ὡς
2620 2310 2663 2363 εἰ
2701 2314 2773 2384 μὴ
2821 2309 2974 2363 πάλιν
3008 2306 3163 2373 εἰδὼς
3208 2315 3298 2368 την
3346 2308 3589 2369 ἀληθειαν
3615 2320 3712 2362 τῶν
3749 2310 3848 2386 ῥη-

2240 2400 2417 2472 μάτων
2471 2407 2562 2452 τού
2615 2404 2830 2475 Κυρίου,
2864 2398 3055 2472 ἔφθασε
3102 2407 3164 2473 τῇ
3217 2401 3421 2473 ὑπακοῇ
3484 2395 3848 2474 διορθωσάμε-

2239 2509 2324 2552 νος
2370 2493 2463 2549 τὴν
2520 2488 2835 2561 ἀντιλογίαν,
2869 2486 3018 2542 ούδέν
3058 2487 3262 2560 ἆναύτῷ
3315 2497 3415 2542 τῶν
3462 2487 3844 2563 προλαϐόντων,

2241 2578 2300 2631 ού
2330 2588 2429 2631 τῶν
2463 2574 2614 2632 ἰδίων
2640 2580 3060 2653 κατορθωμάτων
3081 2622 3095 2647 ,
3124 2578 3182 2632 ού
3213 2586 3313 2631 τῶν
3351 2580 3493 2654 παρὰ
3521 2585 3613 2630 τού
3647 2583 3848 2653 Κυρίου

2242 2676 2592 2743 μακαρισμῶν
2645 2687 2702 2743 τε
2762 2673 2853 2721 καὶ
2925 2665 3131 2744 δωρεῶν
3186 2671 3275 2722 καὶ
3336 2665 3669 2739 έπαγγελιῶν,
3720 2663 3852 2719 ούδὶ

2243 2758 2373 2817 αύτή
2420 2760 2448 2816 η
2488 2764 2580 2810 τού
2634 2765 2767 2811 Θεού
2796 2757 2909 2829 (88)
2936 2762 3025 2810 καὶ
3076 2761 3280 2831 Πατρός
3325 2765 3419 2817 τῆς
3464 2758 3709 2816 τοιαύτης
3756 2760 3852 2808 καὶ

2241 2849 2507 2908 τοσαύτης
2554 2851 2627 2909 εὶς
2668 2849 2754 2898 τόν
2802 2848 3045 2919 μονογενῆ
3083 2849 3196 2898 Υίὸν
3224 2840 3467 2905 εύδοκίας
3514 2841 3851 2916 ἀποκάλυψις

2244 2939 2435 3010 ἤρκεσε
2464 2936 2959 3011 παραμυθήσασθαι
2989 2938 3082 2994 τήν
3113 2940 3384 3009 παροῦσαν
3415 2931 3698 2987 ἀπείθειαν·

2316 3190 2372 3244 8.
2413 3185 2569 3239 Ἀλλὰ
2613 3192 2782 3238 ταῦτα
2833 3188 2923 3258 μὶν
2978 3184 3059 3237 ἐὰν
3112 3184 3237 3238 θέλω
3266 3183 3588 3256 καταλέγειν,
3619 3184 3722 3236 ὅσα
3770 3185 3855 3237 r3-

2241 3281 2411 3349 ρίσκω
2450 3274 2504 3327 έκ
2560 3294 2615 3328 τε
2669 3274 2903 3337 Παλαιᾶς
2944 3279 3035 3327 καὶ
3081 3280 3278 3337 Καινῆς
3323 3275 3607 3339 Διαθήκης,
3659 3272 3851 3326 έπιλεί-

2242 3364 2333 3437 ψει
2380 3383 2446 3438 με
2487 3367 2634 3436 τάχα
2682 3361 3026 3437 διηγούμενον
3057 3365 3083 3415 6
3121 3368 3334 3439 χρόνος.
3366 3359 3510 3421 ’Ἤδη
3557 3359 3617 3415 δέ
3645 3367 3736 3415 καὶ
3767 3360 3850 3415 ἔπ’

2244 3454 2404 3515 αὑτὰς
2452 3456 2574 3506 ὅταν
2612 3452 2741 3506 ἔλθω
2784 3456 2877 3515 τὰς
2930 3461 3024 3506 τού
3074 3457 3269 3529 Κυρίου
3300 3455 3445 3525 ημῶν
3489 3450 3669 3510 Ἰησοῦ
3710 3459 3850 3526 Χρι-

2247 3550 2375 3597 στοῦ
2425 3541 2473 3595 έν
2520 3543 2593 3614 τῲ
2640 3542 2938 3615 Εύαγγελίῳ
2979 3544 3167 3615 φωνὰς,
3219 3542 3379 3594 αὐτοῦ
3426 3548 3520 3594 τοῦ
3572 3538 3848 3613 μέλλοντος

2243 3637 2433 3708 κρίνειν
2489 3632 2690 3694 ζῶντας
2750 3636 2840 3683 καὶ
2896 3634 3102 3704 νεκρούς
3156 3632 3222 3683 τὰ
3276 3632 3507 3705 ῥήματα,
3565 3628 3600 3681 ἄ
3663 3630 3845 3692 πάσης

2242 3725 2334 3795 μὶν
2366 3726 2621 3796 ἱστορίας,
2654 3723 2833 3782 πάσης
2880 3716 2941 3773 δε
2978 3720 3132 3781 ἄλλης
3188 3715 3505 3782 ἀποδείξεως
3542 3719 3688 3793 παρά
3736 3724 3848 3779 τοῖς

2242 3819 2454 3873 πιστοῖς
2506 3809 2928 3884 ἀξιοπιστότερα,
2980 3808 3166 3867 πολλὴν
3207 3811 3298 3881 μὶν
3338 3807 3386 3860 ἐν
3436 3808 3614 3869 αύτοῖς
3672 3826 3846 3861 κατα-

2242 3901 2487 3973 μανθάνω
2547 3908 2644 3961 τῆς
2706 3898 2755 3951 ἐν
2818 3904 2952 3951 πᾶσι
3010 3901 3142 3973 πρὸς
3201 3900 3331 3951 Θεὸν
3398 3897 3708 3963 εὐπειθείας,
3759 3900 3850 3949 ’ίνα

2243 3989 2407 4051 οὕτως
2458 3992 2603 4054 εἴπω,
2655 3986 2885 4059 ανάγκην
2910 4008 2925 4021 ο
2972 3984 3222 4059 ούδεμίαν
3276 3983 3336 4039 (γε
3373 3986 3519 4055 ὅλως,
3557 3984 3634 4039 ἐπ’
3667 3981 3847 4038 ούδενὶ

2239 4081 2649 4151 προστάγματι,
2713 4076 3149 4149 καταλειπομένην
3189 4076 3305 4147 (89)
3368 4081 3472 4136 τοῖς
3532 4078 3605 4147 μὴ
3677 4093 3846 4147 μετα-

2238 4174 2420 4221 νοούσι
2469 4176 2566 4228 τῆς
2625 4165 2893 4227 ἀπειθείας
2944 4170 3295 4239 συγγνώμην,
3350 4169 3394 4216 εί
3446 4167 3518 4237 μή
3573 4182 3624 4216 τι
3673 4165 3845 4238 ἕτερόν

2240 4254 2353 4309 ἐστι
2402 4255 2685 4329 τολμῆσαι,
2711 4258 2800 4307 καὶ
2848 4258 3042 4329 μέχρις
3085 4252 3281 4329 ἑννοίας
3321 4251 3514 4320 λαϐεῖν,
3547 4255 3674 4327 πρὸς
3704 4254 3843 4305 ούτω

2235 4347 2453 4419 γυμνὰς,
2503 4351 2683 4417 σαφεῖς
2720 4362 2776 4397 τε
2821 4348 2912 4397 καὶ
2960 4328 3244 4405 ἀπολύτους
3294 4341 3614 4415 ἀποφάσεις·
3661 4340 3721 4392 ’0
3758 4342 3843 4394 ού-

2234 4438 2384 4510 ρανός
2428 4436 2572 4508 γὰρ,
2619 4438 2793 4507 φησι,
2847 4437 2937 4486 καὶ
2992 4434 3023 4493 ἡ
3072 4439 3141 4505 γῆ
3191 4431 3635 4508 παρελεύσονται,
3686 4433 3737 4485 οἱ
3781 4428 3843 4485 δὲ

2231 4763 2374 4831 Reg.
2421 4757 2620 4832 primo
2648 4775 2664 4815 :
2689 4757 2797 4832 sed
2843 4756 2945 4832 sic
2965 4760 3191 4827 tamen,
3222 4759 3290 4813 ut
3320 4754 3743 4832 sati_s_liquea_t
3762 4772 3839 4812 ex

2229 4826 2562 4904 littéra'rum
2591 4830 2807 4904 spatio,
2836 4830 3127 4904 scriptum
3150 4843 3396 4900 quoque
3417 4826 3602 4904 fuisse
3635 4826 3839 4904 prima

2231 4918 2420 4978 manu
2448 4902 2510 4959 in
2539 4899 2656 4957 Ιιοῐε
2679 4900 2835 4978 libro
2868 4899 3257 4978 προστάγματι,
3282 4899 3405 4954 non
3436 4899 3838 4978 πράγματιέςι

2230 4980 2298 5031 ut
2320 4975 2449 5031 haec
2493 4978 2655 5037 sunt,
2679 4968 2914 5041 legitnr'
2953 4968 3151 5043 prima
3196 4984 3389 5043 manu
3445 4968 3503 5025 εἰ
3552 4968 3684 5025 Sine
3714 4968 3840 5025 ulla

2231 5044 2653 5102 emendatione
2675 5038 2903 5115 in‘Reg.
2931 5038 3105 5098 tertio
3127 5042 3204 5115 ἐπ’
3236 5038 3411 5094 οὐδενὶ
3440 5043 3834 5115 προστάγματι.

2234 5116 2349 5174 Sed
2376 5120 2443 5173 ut
2468 5120 2734 5186 revertar
2781 5110 3028 5186 adilteg.
3057 5113 3346 5186 primum,
3368 5110 3553 5183 quem
3582 5110 3838 5167 Combe-

2231 5188 2407 5244 iisius
2463 5184 2732 5251 contulit,
2782 5183 2996 5240 vellem
3054 5182 3119 5239 ﬁt
3161 5184 3256 5238 vir
3302 5182 3519 5238 doctus
3562 5188 3841 5239 notasset

2233 5258 2401 5331 quod
2432 5254 2803 5331 n9t_avi._Etsi
2833 5255 2996 5311 enim
3027 5253 3297 5331 secunda
3323 5253 3615 5331 duntaxat
3643 5269 3839 5331 manu

2232 5324 2294 5386 in
2321 5329 2436 5385 hoc
2481 5328 2638 5385 libro
2662 5326 2958 5402 legeretur
2983 5329 3373 5402 προστάγματι,
3402 5324 3469 5380 id
3498 5331 3704 5402 tamen
3734 5325 3841 5402 ali:

2234 5381 2633 5477 ᾧίίξῖθξέἑιξ
2650 5381 2941 5477 πεδωοειίὶ
2966 5381 3044 5477 ac
3070 5381 3397 5477 ponderis:
3431 5395 3540 5477 sed
3592 5395 3836 5477 forte_id

2235 5467 2745 5527 dissimulandum
2774 5468 3023 5536 putavit,
3058 5467 3123 5523 ut
3158 5467 3289 5523 haec
3318 5467 3624 5523 severiora
3672 5467 3841 5536 vides

2234 5548 2460 5614 rentur,
2490 5557 2671 5614 quam
2700 5539 3004 5601 utBasilio
3025 5539 3206 5602 tribui
3234 5543 3502 5612 possent.
