4100 6196
509 347 578 403 7‘5
1839 334 1894 391 S.
1939 327 2188 390 BASlLll
2237 331 2476 388 MAGNI.

3725 336 3835 389 676

473 465 634 527 cium
654 459 1243 536 violatur,iequaliter
1259 457 1433 534 plecti
1448 457 1649 524 didici;
1671 457 1933 532 itemque
1949 455 2122 529 223

2241 461 2366 508 Θεοῦ
2395 455 2575 518 ἐπίσης
2618 454 2962 512 ἑκδικεῖσθαι.
2999 455 3073 508 ἔτι
3121 453 3180 510 δι
3228 460 3318 510 καὶ
3345 460 3402 509 τό
3429 456 3641 530 φοϐερόν
3670 455 3836 510 ἐκεῖνο

474 561 701 630 gnarus
722 558 778 612 et
806 549 1108 610 metuendi
1132 545 1289 604 illius
1313 547 1544 619 judicil,
1568 546 1732 620 quod
1764 547 1825 602 in
1855 562 1957 603 eos
1986 561 2124 618 pro-

471 647 785 706 nuntietur
803 642 906 717 qui
928 655 1067 697 cum
1083 637 1199 712 ipsi
1216 653 1337 695 non
1353 641 1725 712 peccassent,
1741 640 1942 693 tamen
1961 633 2126 709 quod

473 737 740 796 studium
765 734 996 791 bonum
1018 731 1077 787 in
1105 735 1422 805 peccantes
1443 744 1566 786 non
1587 724 2127 796 ostendissent,ira3

473 823 610 886 facti
661 829 802 883 sunt
847 823 1186 897 participes,
1241 820 1444 895 idque,
1481 837 1621 876 cum
1671 835 1831 893 saepe
1876 815 2129 875 admissi

470 917 703 992 peccati
720 931 793 972 ne
805 913 1029 970 conscii
1046 909 1295 985 quidem
1308 915 1525 977 essent;
1540 909 1947 967 necessarium
1961 905 2125 972 duxi,

474 1007 582 1066 etsi
613 1023 772 1076 sero,
803 1004 968 1078 quod
991 1018 1230 1075 semper
1249 1007 1660 1074 exspectarem
1683 1017 1809 1070 eos,
1840 997 1942 1072 qui
1965 997 2128 1052 idem

472 1095 712 1171 pietatis
745 1097 1048 1150 certamen
1077 1091 1501 1163 suscepissent,
1544 1105 1651 1146 nec
1682 1092 1915 1145 tantum
1940 1085 2124 1141 habe-

471 1203 601 1243 rem
631 1184 867 1241 ﬁduciae
894 1182 955 1238 in
997 1197 1094 1237 me
1123 1196 1264 1246 uno,
1315 1180 1464 1235 forte
1502 1184 1704 1234 tamen
1753 1193 1875 1233 non
1915 1177 2130 1233 intem-

473 1275 726 1351 pestive,
755 1277 818 1329 ut
837 1288 939 1328 eos
959 1267 1524 1338 commonefaciam,
1550 1268 1655 1336 qui
1682 1283 1742 1323 se
1772 1268 1832 1322 in
1863 1265 1978 1322 hoc
2008 1265 2128 1338 pie-

470 1363 608 1423 tatis
626 1361 950 1419 certamine
966 1363 1254 1424 exercent,
1277 1357 1681 1413 necessarium
1705 1357 1880 1426 igitur
1899 1351 2126 1430 putavi,

474 1469 636 1511 nunc
665 1449 878 1508 saltem
902 1465 1010 1522 pro
1032 1446 1258 1503 viribus
1289 1446 1626 1503 secundum
1659 1445 1934 1502 omnium
1965 1459 2128 1500 com-

473 1542 684 1600 munia
712 1547 852 1598 vota
878 1556 949 1596 ex
975 1537 1192 1594 divinis
1221 1536 1538 1609 Scripturis
1563 1536 1826 1610 proferre
1851 1551 1986 1608 qua:
2009 1533 2128 1590 dis-

473 1631 696 1706 plicent
719 1633 836 1687 Deo
864 1633 920 1685 et
939 1628 1000 1684 in
1029 1627 1253 1701 quibus
1281 1625 1610 1683 delectatur
1633 1644 1645 1681 :
1671 1629 1737 1681 ut
1762 1640 1868 1698 per
1894 1620 2130 1680 Domini

473 1721 662 1779 nostri
685 1723 826 1776 Jesu
858 1717 1074 1776 Christi
1105 1714 1373 1788 gratiam
1417 1718 1473 1771 et
1502 1713 1754 1788 Spiritus
1784 1713 1976 1770 sancti
2015 1712 2130 1768 do-

2234 550 2400 618 κρῖμα
2423 547 2757 619 καταμαθὼν,
2785 549 2840 600 τό
2873 545 2955 599 ἐπὶ
2985 548 3105 609 τοὺς
3135 550 3205 620 μὴ
3263 545 3670 619 ἁμαρτήσαντας
3717 550 3837 619 μὲν,

2234 634 2744 709 παραπολαῦσαντας
2777 631 2836 688 δὶ
2867 635 3001 710 ὅμως
3029 644 3122 698 τῆς
3153 635 3330 711 ὀργῆς,
3381 631 3477 687 διὰ
3515 637 3572 688 τὸ
3619 639 3691 709 μὴ
3742 640 3838 688 τόν

2237 722 2430 797 ἀγαθόν
2481 724 2635 786 ζῆλον
2691 725 2825 777 κατά
2876 733 2975 777 τῶν
3023 725 3394 801 ἡμαρτηκότων
3443 719 3837 792 ἕπιδείξασθαι,

2235 819 2408 867 καίτοι
2453 814 2702 877 πολλάκις
2755 811 2896 889 μηδὶ
2964 819 3348 887 συνεγνωκότας
3407 815 3464 867 τό
3523 813 3836 890 ἁμάρτημαο

2238 900 2516 975 ἀναγκαῖον
2565 902 2900 977 ἐλογισάμην,
2957 902 2998 956 εί
3046 907 3136 957 καὶ
3183 902 3278 975 ὀψε
3333 910 3425 956 τοῦ
3479 911 3686 978 καιροῦ,
3738 899 3842 956 διὰ

2235 995 2294 1045 τό
2321 992 2583 1067 ἀναμένειν
2638 992 2715 1047 ἀεὶ
2767 996 2889 1054 τοῦς
2941 995 3027 1045 τὸν
3077 991 3231 1046 αὐτόν
3281 991 3457 1065 ἀγῶνα
3501 1001 3598 1054 τῆς
3653 993 3837 1046 θεοσε-

2237 1081 2378 1144 ϐείας
2431 1082 2781 1156 ἀνειληφότας,
2833 1085 2922 1136 καὶ
2950 1086 3020 1156 μὴ
3076 1081 3277 1158 θαρρεῖν
3322 1081 3486 1155 ἑαυτῷ
3531 1087 3692 1156 μόνῳ,
3725 1080 3837 1134 ἀλλ’

2236 1172 2330 1224 οὐκ
2361 1171 2589 1247 ἀκαίρως
2625 1192 2683 1244 γε
2716 1175 2881 1245 τάχα,
2926 1179 3016 1224 νῦν
3052 1180 3177 1245 γοῦν
3215 1174 3340 1247 πρὸς
3388 1171 3679 1246 ὑπόμνησιν
3723 1179 3842 1233 τοῖς

2238 1257 2636 1334 ἀγωνιζομένοις
2703 1265 2788 1314 τόν
2854 1260 3030 1336 ἀγῶνα
3075 1271 3164 1321 τῆς
3223 1259 3532 1328 θεοσεϐείας,
3595 1259 3840 1324 ἀναλεξά-

2235 1368 2380 1422 μενος
2428 1347 2481 1401 ἒκ
2545 1359 2643 1402 τῶν
2703 1352 3052 1404 θεοπνεύστων
3110 1358 3322 1425 Γραφῶν
3388 1351 3453 1402 τοί
3527 1369 3581 1403 τε
3645 1346 3840 1423 ἀπαρέ-

2238 1458 2430 1492 σκοντα
2459 1449 2530 1511 τῷ
2560 1448 2695 1510 Θεῷ,
2719 1444 2808 1493 καὶ
2861 1442 2940 1504 οἷς
2991 1438 3339 1514 εὐαρεστεῖται
3380 1439 3730 1514 παραθέσθαι,
3764 1440 3841 1502 ὡς

2238 1527 2297 1580 ἂν
2327 1525 2428 1589 οἷός
2476 1549 2528 1582 τε
2572 1525 2630 1596 ὦ,
2668 1549 2786 1594 κατ,
2839 1529 3002 1602 εῦχάς
3051 1530 3243 1591 κοινάςο
3298 1530 3382 1583 ἵνα
3432 1528 3839 1602 καταξιωθῶμεν

2236 1619 2422 1694 χάριτι
2460 1626 2548 1671 τοῦ
2600 1624 2794 1695 Κυρίου
2843 1617 2988 1692 ἡμῶν
3037 1617 3216 1678 Ἰησοῦ
3259 1626 3496 1695 Χριστοῦ
3539 1621 3629 1671 καὶ
3677 1613 3840 1671 διδα-

2241 1707 2426 1781 σκαλίᾳ
2485 1713 2574 1761 τοῦ
2632 1708 2780 1780 οὲγίου
2850 1710 3183 1782 Ιῐνεῦματος,
3244 1704 3680 1770 ἀποπηδήσαντες
3741 1709 3840 1781 μὶν

475 1810 729 1869 ctriuam
754 1807 1119 1877 secedentes,
1155 1811 1276 1862 tam
1309 1825 1339 1860 υ
1373 1803 1752 1860 voluntatum
1784 1807 2129 1858 nostrarum

2241 1805 2329 1858 τῆς
2375 1817 2426 1850 τε
2465 1806 2563 1851 τῶν
2597 1793 2745 1851 ἰδίων
2798 1797 3096 1872 θελημοίτων
3138 1799 3437 1867 συνηθείας,
3487 1803 3577 1852 καὶ
3615 1806 3710 1859 τῆς
3737 1805 3842 1850 τῶν

475 1898 935 1963 consuetudine,
969 1911 1158 1970 quam
1189 1893 1268 1950 ab
1297 1894 1706 1949 humanarum
1741 1890 2130 1949 traditionum

474 1988 917 2053 observatione,
953 1983 1215 2041 ambula'
1247 1987 1332 2039 tes
1362 1999 1504 2038 vero
1538 1982 1708 2054 juxta
1741 1979 2132 2051 Evangelium

473 2076 634 2135 beati
673 2075 774 2133 Dei
808 2078 948 2131 Jesu
980 2071 1190 2131 Christi
1238 2070 1471 2128 Domini
1511 2069 1718 2138 nostri,
1774 2069 1978 2143 sicque
2016 2068 2134 2124 hoc

476 2171 744 2240 tempore
765 2165 1029 2221 viventes
1055 2167 1117 2218 ut
1148 2161 1200 2218 ei
1230 2160 1599 2234 placeamus,
1628 2160 1846 2233 partim
1886 2159 1957 2216 iis
1994 2175 2132 2232 quas

475 2255 872 2329 prohibentur
901 2253 1083 2309 rebus
1118 2251 1448 2306 studiosius
1481 2249 1762 2318 vitandis,
1793 2249 2014 2322 partim
2040 2247 2132 2316 iis,

475 2337 1410 2418 quaeapprobantur,diligentius
1423 2337 2133 2410 exsequendis,d1gniha-

474 2427 732 2490 beamur
770 2430 873 2504 qui
918 2430 978 2486 in
1004 2430 1206 2485 futuro
1234 2427 1702 2484 immortalitatis
1729 2427 1950 2484 smculo
1981 2427 2132 2484 iram

476 2517 861 2590 fugiamusin
885 2517 1283 2574 contumaciae
1314 2516 1468 2572 ﬁlios
1499 2521 1838 2579 venturam,
1865 2515 2132 2588 talesque

475 2610 862 2677 exsistamus,
885 2607 989 2681 qui
1010 2611 1299 2663 aeternam
1322 2606 1504 2662 vitam
1533 2611 1588 2663 et
1608 2606 1847 2662 cmleste
1877 2623 2130 2677 regnum

475 2697 1011 2771 mereamur,quod
1027 2713 1062 2751 a
1081 2695 1334 2752 Domino
1355 2697 1497 2751 Jesu
1515 2695 1743 2752 Christo
1764 2695 2132 2766 promissum

475 2794 568 2846 est
613 2788 898 2846 omnibus
931 2785 1415 2844 Custudz'entibus
1447 2791 1859 2841 testamentum
1899 2786 2049 2856 ejus,
2079 2791 2132 2841 et

475 2880 760 2937 memoria
781 2876 1172 2934 retinentibus
1186 2873 1479 2931 mandata
1497 2875 1645 2945 eius.
1660 2879 1723 2930 ut
1732 2874 1960 2944 faciam
1977 2889 2043 2930 ea
2061 2875 2130 2928 τ’.

475 2971 542 3026 Et
570 2968 861 3041 quoniam
888 2963 1133 3021 memini
1167 2962 1452 3036 Apostoli,
1471 2962 1574 3035 qui
1596 2961 1770 3018 dicit:
1796 2963 1868 3019 In
1894 2963 2133 3020 Christo

473 3058 616 3116 Jesu
645 3072 835 3130 neque
879 3054 1255 3112 circumcisio
1285 3051 1521 3126 aliquid
1550 3049 1727 3120 valet,
1769 3067 1957 3124 neque
1981 3068 2134 3122 pra:-

2241 1886 2570 1960 ἀνθρωπίνων
2654 1883 2998 1962 παραδόσεων
3071 1891 3523 1964 παρατηρήσεωςο
3606 1892 3845 1960 στοιχή-

2243 1996 2419 2037 σαντες
2478 1971 2536 2029 δὲ
2586 1985 2658 2047 τῷ
2709 1976 3000 2050 Ι-Σῦαγγελίῳ
3047 1987 3137 2032 τοῦ
3167 1983 3428 2054 μακαρίου
3477 1985 3611 2032 Θεοῦ
3663 1978 3845 2035 Ἰησοῦ

2241 2073 2494 2140 Χριστοῦ,
2528 2074 2617 2118 τοῦ
2653 2071 2846 2140 Κυρίου
2887 2069 3052 2140 ἡμῶν,
3084 2071 3173 2121 καὶ
3220 2071 3356 2120 κατά
3391 2071 3476 2122 τὸν
3524 2071 3703 2142 καιρόν
3752 2071 3847 2119 τόν

2240 2160 2473 2230 παρόντα
2514 2154 2801 2231 εὐαρέστως
2841 2155 2977 2228 αὐτῷ
3029 2155 3277 2218 ζήσαντες
3327 2154 3421 2210 διά
3466 2175 3520 2210 τε
3560 2151 3846 2231 σφοδροτέο

2239 2265 2337 2322 ρας
2383 2243 2765 2320 ἀναχωρήσεως
2820 2255 2920 2297 τῶν
2981 2244 3340 2320 κεκωλυμένων
3402 2250 3492 2299 καὶ
3542 2242 3844 2300 σπουδαιο-

2240 2339 2391 2411 τέροις
2449 2333 2731 2408 ἐπιμελείας
2786 2343 2884 2386 τῶν
2930 2332 3334 2408 ἕγκεκριμένων,
3387 2336 3437 2389 ἓν
3484 2345 3557 2408 τῷ
3604 2335 3845 2410 μέλλοντι

2241 2425 2390 2478 αἰῶνι
2416 2435 2504 2486 τῆς
2551 2424 2841 2488 ἀθανασίας
2890 2433 3066 2499 φυγεῖν
3119 2429 3208 2500 μὲν
3239 2431 3328 2486 τὴν
3359 2427 3520 2501 ὀργὴν
3548 2433 3641 2486 την
3695 2427 3844 2500 ἐπερ-

2239 2518 2470 2589 χομένην
2503 2513 2584 2568 ἐπὶ
2630 2517 2747 2575 τοὺς
2795 2516 2936 2576 υἱοὺς
2978 2523 3074 2578 τῆς
3105 2513 3367 2579 ἀπειθείας
3407 2513 3715 2590 δυναίμεθα,
3751 2515 3844 2579 ἆξ-

2243 2625 2310 2658 ιοι
2340 2605 2451 2676 (93)
2480 2599 2538 2657 0'“:
2569 2605 2836 2678 εὑρεθῆναι
2859 2613 2951 2666 τῆς
2983 2604 3191 2658 αἰωνίου
3219 2606 3379 2673 ζωῆς,
3411 2611 3502 2659 καὶ
3531 2606 3843 2679 ἐπουρανίου

2243 2693 2514 2768 βασιλείας
2575 2703 2668 2756 τῆς
2727 2693 3100 2768 ἐπηγγελμένης
3149 2698 3293 2768 παρά
3345 2705 3436 2748 τοῦ
3495 2701 3686 2770 Κυρίου
3737 2695 3845 2754 ἰηο

2244 2794 2337 2838 σοῦ
2397 2794 2630 2858 Χριστοῦ
2666 2791 2798 2838 πᾶσι
2850 2791 2971 2846 Τοῖς
3027 2783 3359 2859 φυλάσσουσι
3417 2790 3510 2844 τὴν
3577 2780 3844 2843 διαθήκην

2243 2874 2422 2944 αὑτοῦ,
2487 2879 2578 2927 καὶ
2648 2892 2992 2948 μεμνημενοες
3074 2883 3174 2927 τῶν
3247 2873 3456 2928 ἐντολῶν
3510 2873 3691 2941 αὑτοῦ,
3748 2882 3844 2926 τοῦ

2241 2972 2465 3024 ποιῆσαι
2519 2963 2699 3024 αὐτάς.
2758 2965 3093 3036 Μεμνημένος
3146 2959 3205 3017 δέ
3250 2971 3340 3016 τοῦ
3400 2962 3720 3018 ’Δποστόλου
3779 2962 3847 3015 εἰ-

2242 3059 2446 3118 πόντος·
2535 3051 2616 3105 Ἐν
2702 3058 2917 3126 Χριστῷ
3002 3050 3178 3111 Ἰησοῦ
3261 3052 3379 3106 οὔτε
3458 3055 3707 3128 περιτομή
3794 3070 3849 3106 τι

472 3149 709 3220 putium
735 3166 747 3204 :
780 3143 882 3203 sed
905 3143 1052 3216 ﬁdes
1076 3155 1210 3216 qua?
1224 3157 1339 3213 per
1369 3142 1730 3199 charitatem
1761 3143 2132 3212 operatur“;

2246 3143 2448 3217 ἰσχύει,
2501 3145 2617 3196 οὔτε
2679 3137 3024 3217 ἀκροϐυστία,
3077 3137 3205 3194 ἀλλὰ
3267 3145 3445 3202 πίστις
3507 3135 3581 3194 δι’
3636 3136 3849 3213 ἀγοίπης

474 3252 858 3310 consequens
903 3233 1083 3290 simul
1127 3249 1198 3289 ac
1248 3231 1657 3288 necessarium
1686 3231 2039 3300 existimavi,
2072 3237 2137 3288 ut

477 3343 697 3384 sanam
727 3323 911 3380 fidem
943 3339 1013 3379 ac
1057 3323 1223 3396 piam
1254 3320 1328 3376 de
1359 3323 1527 3377 Patre
1559 3325 1617 3377 et
1657 3320 1797 3377 Filio
1829 3325 1884 3379 et
1915 3321 2132 3394 Spiritu

477 3420 689 3472 sancto
715 3412 1072 3470 sententiam
1099 3411 1263 3484 prius
1293 3415 1748 3485 exponerem,et
1775 3411 1856 3468 ita
1883 3411 2132 3468 demum

475 3503 732 3562 moralia
762 3507 1108 3558 attexerem.

968 3850 1280 3906 EIUSDEM
1328 3850 1415 3904 DE
1457 3850 1632 3906 FIDE.

557 3986 603 4039 ι.
632 3979 734 4038 Dei
761 3975 973 4051 optimi
1006 3974 1200 4046 gratia
1212 3989 1351 4030 cum
1368 3974 1517 4030 mihi
1540 3973 1904 4031 innotuisset
1925 3978 2136 4032 vestrae

477 4069 716 4144 pietatis
741 4065 1128 4134 mandatum,
1166 4062 1352 4136 idque
1380 4062 1633 4134 dignum
1671 4065 1874 4118 vestra
1922 4061 2037 4120 ista
2072 4061 2137 4119 in

479 4159 712 4220 Christo
737 4172 883 4228 erga
921 4155 1111 4212 Deum
1148 4151 1490 4218 dilectione,
1521 4165 1646 4223 quo
1674 4149 1789 4223 pias
1818 4149 1962 4208 ﬁdei
1991 4167 2136 4208 eon-

476 4250 805 4308 fessionem
835 4244 1044 4303 litteris
1076 4241 1497 4313 consignatam
1522 4255 1560 4298 a
1603 4239 1782 4296 nobis
1819 4241 2131 4315 petivistis,

477 4339 745 4413 primum
773 4335 1022 4408 quidem
1052 4330 1354 4388 tenuitatis
1379 4334 1559 4402 atque
1588 4328 1954 4388 inﬁrmitatis
1982 4347 2136 4390 mea

2244 3232 2596 3307 ἐνεργουμένη·
2658 3229 2937 3283 ἀκόλουθον
3005 3232 3134 3304 ὁμοῦ
3200 3235 3289 3284 καὶ
3347 3228 3628 3302 ἀναγκαῖον
3683 3229 3848 3302 ἐλογι-

2246 3326 2439 3396 σάμην,
2498 3323 2590 3379 τὴν
2653 3320 2996 3391 ὑγιαίνουσαν
3051 3323 3232 3373 πίστιν
3289 3324 3378 3373 καὶ
3441 3317 3623 3378 εὐσεϐῆ
3683 3313 3845 3382 δόξαν

2240 3417 2358 3486 περί
2420 3428 2474 3463 τε
2538 3411 2737 3484 Πατρός
2802 3411 2892 3460 καὶ
2959 3410 3081 3463 Υἰοῦ
3168 3413 3260 3461 καὶ
3326 3407 3480 3481 ἁγίου
3549 3409 3846 3482 Πνεῦματος

2240 3501 2572 3577 παραθέσθαι
2634 3501 2882 3574 πρότερον
2915 3541 2933 3570 ,
2995 3503 3084 3552 καὶ
3149 3497 3312 3560 οῦτως
3378 3495 3700 3570 ἐπισυνάψαι
3779 3500 3849 3552 τὰ

2241 3591 2421 3652 ἠθικοί.

672 3739 3847 3764 ww

2595 3848 2728 3904 ΤοΥ
2757 3851 2973 3904 ΑΥΤΟΥ
3007 3853 3154 3903 ΠΕΡΙ
3187 3853 3484 3906 ΠΙΣΤΕΩΣ.

2320 3979 2375 4032 1.
2414 3981 2550 4028 Θεοῦ
2580 3981 2672 4026 τοῦ
2701 3973 2902 4046 ἀγαθοῦ
2931 3976 3116 4048 χάριτι
3159 3977 3218 4030 τό
3265 3973 3530 4048 ἐπίταγμα
3577 3981 3671 4036 τῆς
3717 3976 3850 4048 ῦμε·

2245 4067 2393 4139 τέρας
2432 4063 2693 4125 εὐλαϐείας
2730 4065 3044 4137 καταμαθὼν
3083 4063 3228 4128 ἄξιον
3270 4065 3499 4136 τῆς(9⁴)
3542 4064 3590 4118 ἕν
3635 4072 3853 4140 Χριστῷ

2246 4155 2374 4229 πρὸς
2415 4155 2502 4206 τὸν
2551 4155 2682 4206 Θεὸν
2729 4151 2962 4224 ἀγάπης,
3016 4151 3066 4206 ἕν
3109 4155 3148 4224 ᾧ
3193 4160 3290 4217 τῆς
3346 4151 3585 4216 εὐσεϐοῦς
3620 4159 3855 4216 πίστεως

2246 4245 2506 4318 ἔγγραφον
2564 4241 2924 4304 ίπεζητήσατε
2989 4242 3128 4318 παρ’
3184 4244 3331 4317 ἡμῶν
3393 4243 3672 4316 ὁμολογίαν
3705 4283 3721 4311 ,
3784 4244 3856 4297 τὰ

2248 4336 2338 4405 μεν
2382 4340 2566 4408 πρῶτα
2621 4331 3060 4405 ἐπαισθανόμενος
3107 4340 3205 4395 τῆς
3258 4333 3442 4387 ἑαυτοῦ
3490 4338 3855 4394 ταπεινώσεως

477 4407 757 4488 conscius
779 4407 1145 4497 respondere
1168 4420 1389 4477 veritus
1412 4437 1576 4478 sum:
1611 4420 1720 4478 sed
1746 4421 1926 4478 simul
1951 4425 2132 4496 atque

2249 4426 2340 4475 καὶ
2382 4407 2667 4490 ἀσθενείας,
2723 4425 2920 4474 ὤκνουν
2969 4425 3095 4498 πρός
3155 4425 3248 4482 τὴν
3311 4421 3612 4496 ἀπόκρισιν-
3673 4425 3737 4483 ὡς
3793 4419 3853 4476 δε

478 4514 727 4575 memini
757 4511 1049 4585 Apostoli,
1073 4509 1178 4583 qui
1208 4508 1386 4566 dixit:
1413 4509 1856 4580 Supportantes
1883 4512 2136 4569 invicem

477 4609 543 4664 in
571 4602 966 4669 charitate“;
999 4605 1057 4656 et
1079 4615 1325 4655 rursus:
1356 4599 1551 4657 Corde
1577 4601 1737 4658 enim.
1757 4601 2029 4658 creditur
2056 4600 2139 4658 ad

466 4695 794 4769 justitiam:
819 4707 919 4749 ore
937 4695 1137 4748 autem
1158 4689 1529 4760 confessioﬁt
1547 4689 1630 4747 ad
1646 4691 1904 4748 salutem
1917 4691 1986 4759 ⁸²;
2008 4705 2138 4748 rem

476 4781 884 4860 periculosam
912 4779 1079 4848 duxi,
1125 4778 1175 4834 si
1217 4778 1390 4835 vobis
1433 4794 1665 4836 morem
1691 4793 1816 4836 non
1841 4795 2136 4851 gererem,

477 4873 835 4946 silentioque
847 4868 1169 4928 salutarem
1190 4868 1630 4926 confessionem
1653 4869 2040 4942 praterirem,
2072 4870 2140 4926 ti-

475 4966 722 5026 duciam
733 4961 968 5020 habens
983 4975 1092 5034 per
1111 4958 1408 5016 Christum
1430 4958 1492 5015 in
1515 4959 1655 5028 Deo,
1670 4960 1824 5018 sicut
1843 4961 2138 5034 scriptum

478 5061 600 5114 est:
629 5055 765 5112 Non
787 5052 947 5126 quod
964 5049 1330 5123 sufﬁcientes
1351 5050 1532 5105 simus
1553 5052 1822 5122 cogitare
1843 5051 2082 5124 aliquid
2099 5065 2138 5106 a

549 5213 597 5248 πθ
637 5208 792 5268 Psal.
825 5223 921 5279 cn,
956 5209 1042 5263 18.
1120 5206 1167 5240 ⁸ο
1207 5202 1396 5261 Galat.
1419 5219 1476 5275 v,
1507 5203 1564 5257 6.

1640 5205 1685 5239 ⁸¹
1730 5204 1948 5277 Ephes.
1969 5219 2048 5270 tv,
2078 5209 2132 5261 2.

550 5363 663 5435 (93)
693 5359 880 5435 Editio
910 5355 1096 5435 Paris.
1147 5355 1409 5435 ἀπειθείας
1449 5351 1759 5435 δυναίμεθα,
1793 5356 1953 5419 οἶξιοι.
2011 5357 2136 5435 VQX

481 5425 771 5506 estatinae:
811 5428 1390 5506 nequeintnostris
1443 5425 1776 5496 codicibus,
1830 5443 2032 5501 neque
2075 5426 2136 5484 in

480 5499 740 5562 editione
763 5499 984 5559 Veneta
1013 5499 1246 5571 legitur.

552 5577 658 5648 (94)
700 5574 889 5648 Editio
913 5568 1101 5648 Paris;
1127 5571 1270 5648 ἄξιον
1303 5571 1355 5648 ἐκ
1384 5579 1514 5648 τῖλςῇ
1551 5568 1782 5648 Vocula
1833 5569 1890 5623 ἐκ
1939 5585 2138 5648 neque

478 5648 540 5706 in
559 5641 812 5710 nostris,
843 5659 1041 5717 neque
1079 5643 1141 5698 in
1173 5641 1519 5700 Combeﬁsii
1565 5641 1774 5699 codice
1801 5641 2136 5715 reperitur;

2249 4509 2610 4585 ἐμνημόνευσα
2663 4518 2755 4566 τοῦ
2809 4509 3129 4566 Ἀποστόλου
3184 4511 3446 4580 εἰπόντος,
3516 4511 3855 4584 ’Λνεχόμενοι

2248 4599 2479 4659 ἀλλήλων
2532 4599 2582 4654 ἓν
2643 4599 2819 4673 ἀγάπῃ
2848 4621 2861 4635 ·
2930 4605 3019 4654 κοιιὶ⁵
3080 4601 3270 4668 πάλιν,
3336 4597 3544 4676 Καρδίᾳ
3596 4601 3701 4672 γὰρ
3768 4621 3856 4653 πι-

2251 4692 2486 4744 στεύεται
2570 4689 2642 4752 εἰς
2715 4686 3110 4758 δικαιοσύνην,
3197 4695 3420 4764 στόματι
3515 4685 3576 4744 δί
3668 4688 3853 4762 ὁμολο-

2246 4787 2418 4853 γεῖται
2469 4779 2544 4842 εἰς
2600 4785 2884 4855 σωτηρίανο
2943 4780 3040 4832 οῦκ
3111 4776 3389 4834 ἀκίνδυνον
3445 4779 3733 4852 ἡγησαίμην
3791 4782 3852 4832 τὸ

2249 4868 2501 4925 ἀντειπεῖν
2529 4873 2620 4943 μεν
2668 4871 2812 4943 ὑμῖν,
2846 4879 3120 4943 σιπμῆσαι
3169 4867 3229 4924 δε
3281 4875 3378 4928 την
3433 4874 3692 4942 σωτήριον
3731 4869 3854 4940 ὁμο-

2247 4959 2450 5034 λογίαν,
2493 4963 2804 5019 πεποίθησιν
2852 4961 2989 5030 ῖχων
3038 4957 3132 5013 διὰ
3170 4969 3264 5014 τοῦ
3322 4966 3554 5033 Χριστοῦ
3585 4961 3713 5030 πρὸς
3765 4960 3855 5010 τόν

2249 5054 2423 5120 Θεὸν,
2482 5053 2554 5114 ὡς
2607 5055 2920 5125 γέγραπται·
2983 5049 3106 5123 Οὐχ
3167 5054 3250 5104 ὅτι
3313 5051 3477 5102 ἱκανοὶ
3543 5048 3696 5121 ἐσμεν
3767 5045 3854 5119 ἀφ’

2210 5205 2258 5241 ⁸³
2299 5207 2470 5264 Rom.
2500 5221 2561 5272 ι,
2601 5208 2687 5263 t0.

2244 5372 2355 5413 nec
2400 5356 2678 5424 dubium,
2731 5355 2879 5442 quin
2922 5355 3138 5413 abesse
3186 5351 3428 5411 debeat.
3473 5350 3648 5408 Haud
3671 5348 3851 5476 lonqe

2246 5433 2505 5476 ntramm
2530 5429 2712 5476 editio
2738 5430 3121 5476 υπεζητήσατε-
3153 5426 3354 5476 Codex
3379 5421 3646 5476 Combef.
3671 5427 3729 5476 et
3753 5438 3788 5476 a
3813 5437 3851 5476 ιι

2246 5421 2712 5508 ιείε-ιιιιιιοοὰᾷῑῐο
2738 5421 3121 5508 ὗπεςητήσατι.
3153 5426 3354 5508 Qodex
3379 5421 3646 5508 Combnef.
3671 5427 3729 5508 e‘t
3753 5421 3852 5508 alii

2245 5498 2370 5582 duo
2399 5493 2620 5582 ἔπεζητή
2633 5519 2775 5556 σατε.
2817 5503 2948 5558 Mox
2977 5516 3129 5555 mss.
3156 5498 3281 5555 duo
3308 5500 3523 5570 praeter
3546 5493 3850 5552 Combeﬁ-

2247 5573 2493 5629 sianum
2525 5573 2750 5645 ἐμαυτοῦ
2782 5577 3166 5632 ταπεινότητος.
