4100 6196
539 269 642 324 633
1897 259 1954 314 s.
1996 252 2246 312 BASILII
2297 255 2539 315 MAGNI.
3792 262 3908 318 684

541 391 917 462 acciperent:
949 386 1054 460 qui
1087 389 1411 458 postquam
1435 384 1764 452 audissent,
1785 382 1952 439 Vobis
1982 381 2177 437 datum

2305 384 2364 432 τὸ
2394 384 2576 454 πάθος,
2612 382 2911 438 ἁκούουσιν·
2942 385 3055 440 "Et:
3084 384 3247 438 πολλὰ
3280 386 3388 457 ἔχω
3416 383 3580 457 λέγεϊν
3613 384 3752 458 ύμῖν,
3789 383 3907 437 ἀλλ’

541 487 624 538 est
647 495 814 537 nosse
847 478 1130 548 mysteria
1162 477 1336 544 regni
1359 475 1703 540 caelorum’,
1734 477 1870 545 post
1898 469 2177 542 ejusmodi

2307 469 2366 521 ού
2400 467 2625 525 δύνασθε
2656 473 2944 546 βαστάζειν
2971 477 3112 548 ἄρτι.

541 571 968 641 cognitionem.
1000 570 1324 638 postquam
1371 567 1580 636 aperta
1622 562 1738 618 sibi
1781 565 1983 616 essent
2028 574 2164 631 qua:
2195 557 2424 613 caeteris
2453 566 2662 632 operta
2690 563 2924 620 fuerant
2961 568 3018 619 et
3046 562 3300 630 occulta,
3343 567 3549 619 tamen
3586 562 3906 636 aliquanto

540 667 696 735 post,
720 659 1081 715 adventante
1102 655 1233 726 jam
1263 655 1544 726 passione
1576 652 1834 721 Domini,
1865 649 2156 708 audiunt:
2197 646 2418 705 Adhuc
2456 651 2651 708 multa
2696 652 2883 710 habeo
2914 654 3072 710 vobis
3104 654 3320 724 dicere,
3349 653 3454 710 sed
3499 669 3620 709 non
3650 654 3909 724 potestis

536 756 782 820 portare
805 745 978 801 modo
998 746 1046 800 ³.

611 844 661 894 3.
698 840 779 893 Ex
825 835 920 891 his
965 839 1145 906 atque
1196 833 1378 904 hujus
1433 831 1666 902 generis
1708 830 1838 886 aliis
1881 827 2190 894 discimus,

539 932 836 1001 quantum
863 939 1038 981 sacra
1065 923 1367 995 Scriptura
1397 922 1559 977 novit
1596 919 2061 976 immensitatem
2093 932 2192 972 co-

540 1015 846 1087 gnitionis,
881 1018 1114 1070 tantum
1143 1012 1479 1067 humanam
1507 1016 1787 1066 naturam
1820 1009 1882 1063 in
1911 1009 2028 1063 hac
2069 1005 2192 1060 vita

537 1104 932 1178 assequendis
963 1101 1178 1158 divinis
1208 1100 1506 1171 mysteriis
1535 1099 1834 1171 imparem
1863 1112 2016 1164 esse,
2047 1109 2188 1150 cum

535 1195 955 1267 unusquisque
985 1206 1224 1262 semper
1248 1189 1442 1258 magis
1467 1204 1538 1244 ac
1561 1188 1752 1258 magis
1772 1186 2188 1258 proficiat,nec

536 1285 860 1358 quisquam
883 1283 977 1343 sit.
1000 1280 1105 1351 qui
1137 1294 1410 1350 unquam
1434 1277 1513 1333 ad
1541 1293 1850 1331 summum
1880 1274 2024 1330 illud
2053 1288 2186 1345 per-

533 1375 747 1442 tingat,
775 1371 967 1426 donec
991 1369 1218 1424 venerit
1241 1367 1406 1440 quod
1439 1365 1769 1439 perfectum
1805 1369 1917 1433 est,
1939 1361 2188 1436 quando

533 1459 872 1518 abolebitur
900 1456 1067 1529 quod
1093 1473 1160 1512 ex
1193 1461 1364 1528 parte
1392 1461 1504 1513 est.
1532 1456 1737 1527 Itaque
1764 1454 1842 1509 ad
1872 1468 2083 1509 omnes
2109 1452 2186 1507 si-

533 1547 662 1603 mul
711 1547 810 1602 Dei
839 1545 1060 1615 glorias
1107 1543 1505 1599 declarandas
1535 1559 1659 1598 non
1698 1541 1920 1597 sufficit
1963 1555 2185 1596 nomen

531 1652 748 1704 unum,
779 1651 889 1690 nec
921 1633 1160 1703 singula
1201 1632 1451 1688 omnino
1482 1632 1630 1687 citra
1659 1629 1990 1703 periculum
2021 1645 2186 1684 assu-
2215 1626 2256 1680 Β

531 1729 799 1782 muntur.
833 1723 1060 1778 Etenim
1092 1721 1141 1777 si
1168 1722 1304 1794 quis
1341 1721 1575 1788 dixerit,
1617 1724 1786 1788 Deus,
1830 1719 1908 1775 ab
1951 1735 2021 1774 eo
2060 1733 2184 1773 non

531 1814 873 1872 declaratus
894 1818 982 1868 est
1009 1814 1224 1869 Pater:
1258 1828 1398 1867 cum
1423 1827 1567 1866 vero
1589 1810 1804 1866 dicitur
1821 1812 2019 1874 Pater,
2043 1807 2184 1864 huic

528 1903 761 1961 nomini
793 1902 958 1958 deest
985 1900 1155 1966 illud,
1203 1901 1512 1957 Conditor.
1554 1899 1782 1954 Rursus
1809 1898 1900 1953 his
1938 1912 2183 1970 quoque

529 2009 653 2050 non
674 1991 1025 2062 adjungitur
1047 1990 1309 2059 bonitas,
1333 1989 1646 2061 sapientia,
1669 1993 1952 2061 potestas,
1980 1992 2035 2042 et
2055 1986 2183 2042 reli-

527 2099 650 2156 qua
678 2098 814 2154 quae
846 2081 903 2136 in
937 2085 1147 2135 sancta
1189 2079 1490 2151 Scriptura
1527 2078 1924 2151 reperiuntur.
1959 2079 2183 2131 Rursus

527 2187 773 2245 quoque
803 2171 852 2226 si
876 2169 1047 2239 illud,
1081 2171 1286 2232 Pater,
1312 2185 1450 2224 cum
1476 2170 1706 2240 integra
1731 2167 1862 2238 ejus
1889 2165 2182 2236 significa-

525 2261 711 2329 tione,
742 2261 895 2316 sicut
940 2259 1107 2331 apud
1153 2275 1266 2314 nos
1314 2263 1402 2313 est
1440 2260 1500 2314 in
1530 2274 1669 2325 usu,
1711 2256 2080 2328 accipiamus
2119 2255 2182 2310 in

529 2353 670 2418 Deo,
700 2349 882 2422 impie
909 2349 1220 2416 sentimus,
1247 2364 1385 2404 cum
1407 2347 1711 2414 affectum,
1760 2361 1970 2400 semen
2018 2344 2182 2414 geni-

527 2437 668 2505 tale,
701 2437 1128 2508 ignorantiam,
1157 2436 1568 2492 inﬁrmitatem
1605 2440 1662 2490 et
1705 2433 1978 2505 ejusdem
2009 2447 2185 2501 gene-

526 2527 609 2584 ris
663 2526 781 2582 alia
825 2526 1067 2582 indicet.
1117 2525 1395 2581 Similiter
1436 2531 1639 2581 autem
1669 2530 1728 2580 et
1757 2523 1831 2579 de
1872 2522 1994 2587 illo,
2029 2522 2182 2577 Con-

529 2618 713 2686 ditar,
746 2617 859 2672 hoc
889 2615 1051 2672 idem
1082 2615 1407 2671 dicendum
1439 2620 1546 2670 est.
1580 2618 1729 2670 Nam
1760 2613 1890 2684 ejus
1914 2613 2180 2669 nominis

528 2706 695 2762 notio
721 2704 886 2776 apud
932 2720 1043 2760 nos
1082 2709 1350 2774 tempus,
1397 2703 1738 2769 materiam,
1783 2703 2184 2758 instrumenta

532 2795 1007 2864 adjumentaque
1035 2793 1314 2864 requirit:
1347 2807 1383 2846 a
1412 2791 1634 2863 quibus
1661 2784 1965 2862 omnibus,
1987 2806 2182 2864 quan-

531 2888 658 2939 tum
685 2881 916 2938 homini
943 2880 1033 2935 fas
1073 2885 1186 2949 est,
1212 2897 1430 2947 puram
1472 2895 1604 2935 esse
1643 2886 1874 2952 oportet
1903 2881 2066 2952 piam
2107 2880 2182 2936 de

532 2975 654 3029 Deo
679 2971 1047 3044 opinionem.
1082 2971 1203 3026 Etsi
1232 2971 1391 3026 enim
1423 2976 1652 3026 mentes
1681 2986 1894 3026 omnes
1927 2972 2182 3041 conjun-

533 3068 811 3133 gerentur
839 3059 917 3116 ad
945 3059 1476 3132 perscrutandum,
1503 3075 1836 3133 omnesque
1856 3061 2077 3131 linguae
2102 3059 2182 3116 ad

533 3149 977 3208 enuntiandum
1006 3154 1448 3216 concurrerent,
1479 3166 1660 3206 nemo
1691 3156 1914 3218 tamen,
1939 3155 2005 3206 ut
2033 3150 2179 3219 dixi,

531 3239 648 3296 hoc
670 3255 943 3311 unquam
982 3255 1093 3311 pro
1128 3239 1215 3295 rei
1253 3238 1463 3295 merito
1488 3240 1732 3312 assequi
1761 3246 1982 3313 posset.
2016 3243 2178 3297 lianc

531 3333 733 3385 autem
751 3329 1106 3384 sententiam
1132 3329 1465 3385 luculenter
1482 3330 1658 3386 nobis
1677 3329 1759 3384 ob
1784 3330 1991 3385 oculos
2012 3331 2181 3401 ponit

533 3417 1015 3489 sapientissimus
1050 3418 1352 3480 Salomon,
1381 3435 1520 3473 cum
1551 3419 1668 3474 ait:
1703 3420 1883 3474 Dixi:
1924 3420 2177 3489 Sapiens

532 3507 797 3576 efﬁcz’ar:
819 3513 872 3563 et
893 3508 1026 3576 ipsa
1041 3509 1323 3578 elongata
1342 3513 1426 3565 est
1449 3523 1486 3564 α
1507 3523 1598 3563 me
1623 3508 1794 3578 longe
1811 3510 1981 3564 ultra
1996 3525 2180 3580 quam

530 3595 740 3653 erat':
774 3611 898 3652 non
940 3597 1108 3668 quod
1150 3597 1361 3667 fugiat,
1408 3597 1516 3652 sed
1564 3597 1730 3668 quod
1767 3596 1902 3670 ipsa
1940 3598 2012 3654 iis
2055 3616 2178 3656 ma-

527 3685 688 3742 xime
716 3685 950 3742 videtur
979 3701 1112 3742 esse
1139 3686 1787 3758 incomprehensibilis,
1819 3688 2042 3760 quibus
2073 3705 2178 3761 per

527 3775 632 3831 Dei
673 3776 841 3847 227
870 3776 1126 3845 gratiam
1149 3775 1410 3846 cognitio
1440 3776 1637 3847 major
1659 3778 1929 3836 accessit.
1959 3781 2178 3844 Quam-

525 3862 738 3921 obrem
758 3881 931 3920 sacra
948 3865 1251 3937 Scriptura
1277 3864 1628 3920 nominibus
1649 3866 1968 3938 verbisque
1996 3868 2178 3939 pluri-

524 3951 642 4009 bus
682 3953 1027 4010 necessario
1055 3954 1240 4010 utitur
1277 3953 1354 4010 ad
1403 3954 1738 4026 quamdam
1781 3971 2036 4027 eamque
2072 3957 2175 4012 ob-

524 4057 786 4110 scuram,
800 4043 1019 4099 divina:
1040 4043 1244 4114 gloria:
1261 4048 1493 4114 partem
1509 4059 1581 4098 ex
1589 4044 2176 4115 primendam.Nobis

525 4137 727 4190 autem
768 4132 936 4205 quod
978 4147 1087 4188 vos
1131 4131 1418 4200 urgeatis,
1467 4147 1577 4186 nec
1625 4132 1876 4188 facultas
1919 4141 2026 4203 est,
2066 4151 2177 4192 nec

523 4222 713 4278 otium
735 4221 940 4278 omnia
961 4220 1279 4291 colligendi
1303 4235 1440 4292 quas
1468 4220 1693 4292 ubique
1713 4223 1774 4277 in
1796 4222 2002 4280 divina
2023 4227 2177 4282 Scri-

2371 832 2422 884 3.
2453 827 2538 882 Ἐκ
2590 832 2781 884 τούτων
2826 835 2914 884 καὶ
2969 838 3066 883 τῶν
3114 833 3363 883 τοιούτων
3432 831 3775 904 μανθάνομεν,
3819 832 3908 884 ὅτι

2298 924 2546 970 τοσοῦτον
2576 923 2667 992 μὲν
2725 917 2862 973 οἶδεν
2922 923 2951 978 ἡ
3015 923 3353 982 θεόπνευστος
3399 924 3574 995 Γραφὴ
3633 928 3726 981 τῆς
3779 919 3907 972 ἐπι-

2298 1012 2534 1077 γνώσεως
2575 1013 2632 1061 τὸ
2690 1007 2991 1082 ἀπέραντον,
3043 1017 3292 1062 τοσοῦτον
3325 1005 3385 1061 δὲ
3425 1018 3522 1072 τῆς
3570 1007 3910 1084 ἀνθρωπίνης

2299 1098 2497 1167 φύσεως
2522 1100 2581 1149 τὸ
2629 1107 2728 1150 τῶν
2773 1100 2918 1151 θείων
2964 1105 3269 1173 μυστηρίων
3318 1097 3365 1150 ἐν
3413 1117 3483 1169 τῳ
3535 1103 3753 1173 παρόντι
3805 1098 3909 1151 ἀν-

2298 1200 2521 1256 έφικτον,
2556 1185 2634 1239 ἀεὶ
2677 1190 2767 1260 μὲν
2815 1190 2949 1239 κατὰ
2988 1192 3259 1262 προκοπὴν
3317 1187 3518 1258 ἑκάστῳ
3566 1189 3682 1257 (16)
3733 1207 3911 1261 προσ-

2296 1275 2560 1345 τιθεμένου
2592 1283 2683 1328 τοῡ
2729 1275 2979 1345 πλείονος,
3016 1275 3094 1329 ἀεὶ
3151 1273 3208 1329 δὲ
3243 1283 3334 1330 τοῦ
3388 1280 3518 1350 πρὸς
3568 1275 3715 1339 ἀξίαν
3772 1275 3914 1330 ἀπο-

2295 1361 2674 1436 λιμπανομένου
2707 1363 2963 1431 ἁπάντων,
2997 1368 3162 1438 ἄχρις
3209 1365 3269 1418 ἆν
3316 1365 3435 1438 ἔλθη
3485 1369 3543 1418 τὸ
3574 1366 3780 1432 τέλειον,
3816 1369 3912 1419 ὅτε

2297 1455 2354 1503 τὸ
2408 1451 2462 1504 ἐκ
2531 1458 2720 1529 μέρους
2773 1457 3254 1530 καταργηθήσεται·
3342 1454 3527 1506 ούκοῦν
3596 1459 3713 1508 οὔτε
3788 1455 3911 1517 ἑνὸς

2297 1540 2546 1613 ὀνόματος
2596 1541 2878 1617 ἀρκοῦντος
2935 1547 3112 1606 πάσας
3178 1546 3309 1617 ὁμοῦ
3361 1541 3602 1601 δηλῶσαι
3655 1545 3750 1605 τὰς
3800 1551 3908 1598 τοῦ

2296 1639 2429 1684 Θεοῦ
2483 1628 2662 1700 δόξας,
2723 1636 2840 1687 οὔτε
2895 1635 3116 1687 ἑκάστου
3169 1633 3222 1698 ἐξ
3267 1633 3549 1708 ὁλοκλήρου
3605 1630 3911 1697 ἀκινδύνως

2293 1720 2842 1796 παραλαμϐανομένου.
2875 1723 2970 1776 ’Ἂν
3019 1743 3072 1776 τε
3121 1726 3221 1799 γὰρ
3275 1728 3390 1797 εἴπῃ
3437 1744 3537 1789 τις,
3593 1726 3741 1790 Θεὸς,
3800 1724 3909 1776 οὐκ

2294 1807 2526 1868 ἐδήλωσε
2554 1815 2631 1878 τὸ,
2664 1818 2866 1888 Πατήρ·
2897 1820 2970 1883 τῷ
2994 1810 3072 1879 δὲ,
3107 1818 3308 1888 Πατὴρ,
3336 1813 3498 1867 λείπει
3528 1816 3605 1879 τὸ,
3646 1817 3905 1876 κτίστης.

2291 1902 2507 1961 Τούτοις
2559 1897 2618 1953 δὲ
2668 1901 2820 1954 πάλιν
2872 1907 3031 1975 χρεία
3087 1901 3431 1974 ἀγαθότητος,
3495 1906 3681 1975 σοφίας
3723 1899 3908 1955 δυνά-

2292 2008 2444 2061 μεως,
2500 1994 2590 2041 καὶ
2647 1997 2745 2042 τῶν
2801 1990 2992 2044 λοιπῶν
3047 1999 3148 2044 τῶν
3214 1996 3498 2068 φερομένων
3550 1989 3598 2043 ἐν
3649 2000 3711 2064 τῇ
3764 1991 3911 2064 ἁγίᾳ

2293 2085 2491 2152 Γραφῇ.
2549 2079 2708 2133 Πάλιν
2763 2077 2822 2134 δὲ
2877 2086 2956 2148 τὸ,
3008 2086 3188 2158 Πατὴρ
3219 2125 3232 2150 ,
3292 2081 3569 2158 ὁλόκληρον
3615 2084 3753 2134 κατὰ
3806 2087 3906 2140 τὴν

2293 2169 2544 2242 ἡμετέραν
2587 2178 2809 2242 χρῆσιν,
2865 2167 2950 2221 ἐὰν
2997 2169 3288 2244 ἐκλάϐωμεν
3339 2169 3424 2223 ἐπὶ
3475 2179 3628 2239 Θεοῦ,
3677 2170 3910 2224 ἀσεϐοῦ-

2291 2275 2401 2328 μεν·
2446 2259 2612 2319 πάθος
2661 2262 2762 2332 γὰρ
2813 2265 2902 2311 καὶ
2979 2259 3298 2335 ἀπόρροιαν,
3353 2265 3443 2312 καὶ
3501 2262 3750 2334 ἄγνοιαν,
3802 2267 3907 2314 καὶ

2294 2343 2579 2416 ἀσθένειαν,
2637 2351 2723 2399 καὶ
2774 2350 2874 2401 ὅσα
2930 2368 3149 2402 τοιαυτα
3205 2349 3530 2422 ἐπιφημίζει,
3577 2349 3802 2423 Ὁμοίως
3830 2345 3906 2404 δὲ

2290 2439 2489 2498 καὶτὸ,
2530 2442 2770 2499 κτίστης.
2804 2437 2908 2510 Ἐφ’
2953 2440 3098 2510 ἡμῶν
3137 2441 3234 2512 γὰρ
3280 2444 3440 2514 χρεία
3489 2444 3706 2512 χρόνον,
3739 2438 3900 2508 ὕλης,

2293 2533 2508 2592 σκευῶν,
2565 2524 2972 2597 βοηθείας(1“ἷ)·
3030 2524 3097 2578 ὧν
3155 2527 3391 2581 ἁπάντων
3442 2531 3744 2603 καθαρεύειν
3809 2525 3911 2582 δεῖ

2291 2618 2384 2672 τὴν
2409 2613 2591 2673 εὐσεϐῆ
2626 2619 2743 2690 περὶ
2769 2623 2902 2668 Θεου
2930 2611 3107 2682 δόξαν,
3132 2619 3201 2679 ὡς
3231 2613 3451 2669 δυνατὸν
3483 2616 3756 2691 ἀνθρώπῳ.
3782 2624 3901 2672 Του

2289 2707 2389 2777 γὰρ
2438 2706 2570 2777 πρὸς
2598 2703 2764 2772 ἀξίαν,
2801 2709 2868 2768 ὡς
2899 2709 3040 2778 ἔφην,
3081 2705 3176 2758 κᾶν
3225 2707 3269 2759 εἰ
3314 2714 3484 2760 πᾶσαι
3533 2711 3624 2780 μὲν
3656 2704 3902 2761 διάνοιαι

2290 2797 2419 2867 πρὸς
2448 2800 2540 2851 τὴν
2572 2798 2774 2868 ἔρευναν
2808 2799 3129 2868 συναφθεῐεν,
3175 2804 3345 2850 πᾶσαι
3385 2795 3443 2850 δὲ
3489 2797 3726 2870 γλῶσσαι
3757 2803 3904 2874 πρὸς

2290 2888 2384 2942 τὴν
2434 2883 2736 2956 ἐπαγγελίαν
2792 2883 3158 2958 συνδράμοιεν,
3231 2884 3479 2940 οὐδέποτε
3530 2889 3591 2940 ἄν
3661 2907 3737 2950 τις
3792 2887 3902 2962 ἔφ-

2211 2981 2253 3036 C
2292 2977 2474 3028 ίκοιτο.
2509 2976 2715 3033 Ταύτην
2748 2973 2807 3028 δὲ
2854 2977 2976 3047 ἡμῖν
3021 2981 3117 3034 τὴν
3163 2979 3355 3030 ἔννοιαν
3388 2985 3563 3050 σαφῶς
3590 2983 3906 3053 παρίστησι

2289 3069 2379 3116 καὶ
2437 3066 2462 3116 6
2523 3071 2821 3137 σοφώτατος
2878 3065 3112 3138 Σολομὼν
3160 3065 3337 3139 λέγων·
3396 3064 3569 3120 Εἶπαο
3624 3071 3902 3140 Σοφισθή-

2292 3173 2482 3226 σομαι·
2561 3159 2652 3206 καὶ
2717 3156 2846 3213 αύτη
2925 3154 3218 3231 ἐμακρύνθη
3294 3155 3380 3209 6mc
3453 3155 3576 3230 ἔμου
3643 3159 3900 3232 μακρὰν,

2287 3243 2412 3317 ὑπὲρ
2453 3243 2478 3295 ὁ
2522 3239 2601 3302 ἧνο
2653 3244 2712 3296 ού
2753 3253 2828 3315 τῷ
2884 3249 3104 3317 φεύγειν,
3165 3245 3292 3298 ἀλλὰ
3345 3253 3417 3316 τῷ
3476 3245 3681 3308 ἐκείνοις
3727 3247 3902 3320 μάλι-

2288 3351 2389 3384 στα
2437 3335 2785 3406 φανεροϋσθαι
2832 3334 2996 3397 αὐτῆς
3050 3337 3108 3387 τὸ
3163 3333 3564 3405 ἀκατάληπτον,
3625 3338 3698 3397 οἷς
3749 3344 3895 3391 Θεου

2283 3423 2473 3495 χάριτι
2516 3427 2899 3497 περισσοτέρως
2945 3426 3284 3497 προσγέγονεν
3333 3427 3362 3483 ἡ
3412 3433 3626 3496 γνῶσις.
3675 3425 3736 3479 Ἡ
3792 3430 3894 3499 μὲν

2285 3507 2372 3561 οὖν
2407 3513 2737 3574 θεόπνευστος
2787 3517 2963 3587 Γραφὴ
3013 3512 3243 3566 πλείοσιν
3301 3513 3549 3586 ὀνόμασιν
3592 3513 3893 3586 ἀναγκαίως

2284 3610 2486 3676 χρῆται
2537 3607 2627 3654 καὶ
2675 3604 2908 3677 ῥήμασιν
2961 3603 3032 3664 εἰς
3082 3607 3298 3677 μερικὴν
3347 3623 3482 3670 τινα,
3546 3609 3637 3657 καὶ
3679 3608 3885 3664 ταύτην

2286 3688 2671 3763 αἰνιγματώδη,
2705 3699 2801 3754 τῆς
2834 3695 2972 3754 θείας
3017 3688 3176 3755 δόξης
3224 3695 3579 3766 παράστασιν,
3619 3693 3773 3767 Ἡμῖν
3823 3692 3887 3748 δί

2283 3784 2454 3834 πάντα
2482 3783 2572 3854 μὲν
2610 3783 2678 3833 τὰ
2726 3800 3002 3853 πανταχου
3033 3783 3132 3834 ύπό
3162 3790 3256 3844 τῆς
3301 3785 3640 3836 θεοπνεύστου
3672 3790 3856 3858 Γραφῆ
3867 3805 3891 3849 ς

2284 3873 2399 3943 περί
2417 3888 2471 3921 τε
2511 3873 2712 3944 Πατρός
2743 3873 2830 3922 καὶ
2883 3871 3005 3922 Υὶου
3058 3874 3148 3922 καὶ
3198 3869 3354 3942 ἁγίου
3400 3875 3696 3944 Πνεύματος
3747 3873 3892 3948 εἰρηο

2285 3964 2412 4030 μένα
2461 3962 2519 4012 τὸ
2566 3963 2732 4032 παρὸν
2775 3957 3034 4031 ἀναλέγειν
3077 3964 3194 4012 οὔτε
3242 3957 3486 4033 δύναμις,
3535 3963 3652 4016 οὔτε
3692 3962 3888 4036 σχολὴ,

2288 4044 2382 4100 διὰ
2431 4053 2489 4101 τὸ
2537 4053 2855 4120 κατεπείγειν
2913 4050 3067 4121 ύμᾶςο
3123 4048 3277 4121 ὀλίγα
3328 4046 3386 4102 δὲ
3432 4049 3487 4102 ίκ
3539 4054 3746 4104 πάντων
3778 4055 3897 4124 (18)

2284 4139 2648 4211 παραθέμενοι,
2693 4136 2866 4210 ἀρκεῖν
2920 4139 3185 4210 ἡγούμεθα
3216 4143 3305 4190 καὶ
3354 4158 3522 4192 ταυτα
3555 4147 3619 4212 τῇ
3667 4142 3899 4217 ὑμετέρᾳ

2289 4224 2609 4295 συνειδήσει,
2659 4233 2785 4302 πρὸς
2834 4246 2886 4280 τε
2927 4231 3020 4286 τὴν
3078 4247 3169 4280 του
3221 4230 3470 4303 ἡμετέρου
3521 4227 3576 4281 ἐκ
3619 4238 3721 4281 τῶν
3762 4237 3898 4304 Γρα-

521 4315 700 4382 ptura
723 4310 887 4366 dicta
908 4314 1046 4365 sunt
1066 4309 1140 4363 de
1159 4311 1328 4363 Patre
1353 4313 1408 4363 et
1431 4307 1576 4364 Filio
1605 4314 1662 4364 et
1689 4309 1762 4364 de
1791 4311 2011 4382 Spiritu
2032 4329 2173 4369 san-

2288 4325 2390 4389 φῶν
2456 4322 2780 4389 φρονήματος
2848 4321 3151 4389 φανέρωσιν,
3212 4322 3302 4370 καὶ
3354 4322 3447 4377 τὴν
3516 4319 3659 4391 ὑμῶν
3718 4319 3896 4374 αὐτῶν

521 4403 651 4454 cto:
684 4398 789 4454 sed
815 4403 1019 4454 tamen
1041 4397 1088 4453 si
1117 4412 1313 4469 pauca
1345 4412 1417 4451 ex
1447 4397 1729 4454 omnibus
1759 4415 2172 4475 apponamus,

515 4485 602 4542 ita
621 4485 1004 4540 conscientiae
1042 4491 1253 4541 vestrae
1280 4485 1655 4542 satisfactum
1685 4487 1757 4542 iri
1786 4489 2169 4564 arbitramur,

517 4577 647 4629 tum
688 4577 752 4629 ut
798 4578 1004 4630 nostra
1051 4575 1344 4630 sententia
1389 4575 1707 4648 Scripturis
1756 4576 1962 4636 innixa
2002 4581 2173 4638 inno-

513 4665 720 4734 tescat,
745 4667 874 4718 tum
905 4666 970 4719 ut
997 4666 1201 4720 vestra
1237 4663 1506 4736 ipsorum
1537 4663 1913 4740 aliorumque
1940 4669 2103 4728 idem
2135 4687 2173 4730 a

585 4815 606 4852 ί
645 4813 847 4872 Matth.
875 4829 998 4884 xm,
1034 4817 1120 4870 tt.
1195 4815 1218 4850 ³
1255 4815 1568 4887 Joan.xvx,
1603 4820 1688 4875 t2.

581 4965 694 5039 (16)
749 4965 992 5039 Antiqui
1045 4966 1166 5022 duo
1219 4965 1358 5022 libri
1419 4974 1688 5039 προκοπὴν
1744 4970 1988 5031 ἑκάστου.
2036 4979 2168 5034 Mox

510 5019 636 5111 duo
661 5019 807 5094 mss.
837 5019 1346 5111 ἀπὴλιμπανομένων.
1403 5019 1510 5095 Aiii
1559 5019 1679 5097 duo
1735 5049 1792 5100 et
1843 5019 1988 5102 editi
2033 5019 2164 5102 667;:

509 5109 909 5184 λιμπανομένου.
935 5109 1075 5184 _Hoc
1106 5109 1197 5184 an,
1215 5109 1312 5166 illo
1354 5112 1539 5184 modo
1567 5112 1753 5184 legas.
1786 5117 1934 5172 nihil
1964 5121 2158 5177 refert.

578 5183 693 5254 (t7)
722 5181 883 5252 Regii
915 5181 1037 5254 duo
1070 5181 1585 5254 codicesiperinde
1618 5181 1682 5240 ut
1712 5187 1892 5243 editio
1931 5190 2067 5245 Ven.
2100 5193 2160 5248 in

507 5253 783 5327 margine
813 5253 958 5314 ὕλης,
1003 5253 1250 5327 ὁργάνων,
1301 5253 1570 5326 βοηθείας,
1608 5273 1790 5312 sensu
1824 5274 1946 5314 non
1985 5259 2158 5318 dissi-

504 5323 653 5402 1_nil_i.
699 5323 1216 5402 Aliquanto'infra
1254 5323 1507 5398 utraque
1553 5327 1734 5384 editio
1781 5329 1904 5402 ἐμου
1957 5341 2151 5402 μακρᾷ.

507 5384 912 5470 Codngldss.
937 5401 995 5470 et
1018 5395 1116 5450 alii
1147 5396 1270 5470 duo
1296 5384 1512 5470 μακρόν.
1652 5469 1655 5470 ν
1803 5384 1814 5402 ⁸
1957 5384 1966 5404 ⁸
2066 5389 2074 5407 ⁵
2106 5384 2124 5405 ⁷⁸

528 5531 540 5548 9
576 5467 694 5548 (18).
895 5466 1211 5548 Primi]ij
1241 5465 1338 5518 τῶν
1366 5465 1586 5548 πάντων.
1624 5469 1850 5527 Ibidem
1879 5475 2018 5544 Reg.
2044 5480 2151 5534 ter-

501 5535 619 5590 tius
643 5539 701 5592 et
718 5535 868 5593 alter
893 5535 1100 5594 itidem
1127 5541 1266 5607 Reg.
1301 5542 1718 5614 παρατιθέμενοι.

2283 4411 2374 4458 καὶ
2413 4415 2511 4458 τῶν
2544 4405 2867 4478 βουλομένων
2925 4404 2997 4478 ἐφ’
3054 4407 3179 4478 ἡμῖν
3209 4408 3322 4477 (19)
3379 4406 3756 4483 πληροφορίαν.
3803 4407 3893 4472 Ὠς

2281 4497 2383 4568 γὰρ
2415 4496 2481 4548 τὰ
2508 4493 2673 4547 πολλὰ
2701 4499 2824 4567 μίαν
2864 4497 2988 4566 ἡμῖν
3038 4499 3130 4552 τὴν
3180 4495 3364 4554 εὐσεϐῆ
3405 4498 3598 4549 ἔννοιαν
3647 4497 3890 4570 ἑξαγγὲλο

2281 4583 2376 4649 λει,
2405 4585 2540 4637 οὕτω
2577 4588 2668 4636 καὶ
2707 4581 2761 4635 ἐκ
2789 4592 2886 4636 τῶν
2918 4583 3095 4655 ὀλίγων
3123 4586 3148 4637 6
3175 4584 3470 4659 εὐγνώμων,
3502 4583 3671 4660 όῖμαι,
3720 4591 3781 4641 τὸ
3831 4587 3884 4642 ἄν

2278 4680 2439 4729 πᾶσιν
2470 4672 2673 4735 εὐσεϐὲς
2701 4671 3055 4747 ἐπιγινώσκει.

1767 4820 1790 4854 ³
1831 4821 2016 4880 Eccle.
2045 4834 2152 4896 vn,
2179 4828 2272 4887 24.

2347 4980 2458 5048 (19)
2495 4977 2686 5036 Editio
2717 4976 2905 5052 Paris.
2943 4972 3268 5052 βουλομένων
3296 4972 3347 5030 ἓν
3377 4976 3518 5052 ὑμῖν,
3565 4981 3675 5052 qui
3714 4978 3879 5040 inter

2274 5067 2373 5108 vos
2406 5053 2468 5108 id
2487 5058 2798 5121 expetunt.
2832 5050 3018 5106 Editio
3049 5050 3188 5107 Ven.
3221 5056 3281 5106 et
3303 5050 3496 5107 codex
3521 5050 3791 5110 C6mbet’.
3826 5056 3876 5108 ἑν

2271 5125 2395 5207 raptu
2431 5126 2742 5207 infernos.
2772 5122 2885 5207 .Ali‘i
2916 5129 3034 5178 tres
3061 5121 3302 5207 codices
3338 5128 3556 5207 praeter
3583 5125 3778 5207 .Voss;
3800 5124 3873 5207 ἐτ’

2269 5192 2418 5267 ἡμῖνἼ
2453 5195 2574 5250 Hoc
2604 5196 2740 5266 ipso
2769 5194 2830 5249 in
2855 5193 2988 5267 loco
3020 5192 3201 5249 editio
3225 5192 3404 5257 Paris.
3428 5199 3551 5267 μίαν
3571 5196 3714 5267 ύμῖν.
3741 5192 3876 5254 Edi-

2267 5265 2348 5321 tio
2384 5265 2524 5323 Ven.
2552 5270 2606 5322 et
2629 5265 2780 5321 mss.
2811 5270 2928 5319 tres
2952 5266 3107 5336 ἡμῖν.
3154 5267 3284 5321 Hac
3314 5271 3404 5320 est
3432 5266 3563 5335 ejus
3587 5265 3706 5322 loci
3737 5285 3872 5326 sen-

2265 5337 2449 5393 tentia
2471 5355 2483 5392 :
2507 5339 2719 5392 Nostra
2739 5337 2866 5392 hinc
2887 5335 3028 5390 fidei
3046 5336 3364 5400 confessio,
3378 5337 3716 5408 quamlibet
3733 5338 3868 5396 breo

2261 5409 2374 5472 vis,
2397 5408 2698 5478 ejusmodi
2729 5413 2837 5473 est,
2871 5411 2935 5462 ut
2958 5423 3031 5462 ex
3059 5423 3130 5462 ea
3151 5423 3364 5478 aequus
3385 5423 3586 5464 rerum
3607 5410 3863 5468 aestima.

2265 5484 2354 5552 tor
2379 5480 2548 5536 facile
2576 5479 2863 5549 intelligat
2891 5493 3002 5552 nos
3034 5494 3278 5551 quoque
3308 5478 3369 5534 in
3399 5479 3649 5552 reliquis
3671 5483 3862 5540 omni-

2259 5549 2375 5606 bus
2403 5552 2499 5623 pie
2529 5567 2600 5608 ac
2629 5557 2784 5606 recte
2810 5551 3048 5605 sentire.
