4100 6196
137 305 234 360 685

1670 291 1761 347 DE
1798 289 1978 346 FIDE.

3386 303 3486 354 686

133 426 304 484 nobis
332 422 807 482 desiderantium
837 420 1156 495 persuasio
1187 422 1476 477 constans
1523 418 1630 473 ﬁat
1657 419 1712 471 et
1741 417 1927 470 certa.
1981 417 2048 471 Ut
2091 415 2253 472 enim
2306 416 2494 474 multa
2537 433 2723 474 unam
2757 419 3115 476 sententiam
3164 420 3325 493 piam
3360 437 3490 478 esse

137 516 307 573 nobis
331 514 636 583 nuntiant,
658 513 741 570 ita
767 511 947 569 etiam
967 525 1180 583 aequus
1214 508 1422 580 judex,
1448 507 1687 579 opinor,
1717 503 2002 577 pietatem
2031 504 2092 559 in
2123 507 2409 562 omnibus
2439 507 2636 563 inesse
2667 524 2740 562 ex
2765 507 2974 580 paucis
3002 517 3342 580 cognoscet.

204 607 256 661 4.
319 607 639 675 Πιστεύομεν
695 607 866 654 τοίνυν
919 604 1010 652 και
1048 599 1393 672 ὁμολογοῦμεν
1440 597 1526 650 ἕνα
1582 600 1732 668 μόνον

1911 597 1965 650 4.
1996 595 2303 651 Credimus
2350 597 2525 666 igitur
2567 603 2622 653 et
2660 598 3014 654 confitemur
3055 615 3245 656 unum
3295 601 3491 657 solum

142 695 379 752 ἀληθινὸν
432 697 522 745 καὶ
561 691 757 763 ἀγαθὸν
800 693 928 744 Θεὸν
965 693 1100 756 (20),
1144 691 1234 740 καὶ
1289 690 1494 760 Πατέρα
1548 704 1732 738 παντο-

141 786 388 856 κράτορα,
441 781 492 844 ἐξ
521 782 580 833 οὗ
611 783 678 833 τὰ
706 781 875 832 πάντα
905 799 921 812 ο
952 781 1038 830 τὸν
1089 780 1218 831 Θεὸν
1255 782 1346 829 καὶ
1408 779 1613 849 Πατέρα
1640 781 1730 827 τοῦ

146 878 333 947 Κυρίου
403 875 548 944 ἡμῶν
605 875 696 923 καὶ
753 876 886 922 Θεοῦ
944 866 1116 926 Ἰησοῦ
1174 873 1429 942 Χριστοῦ.
1495 869 1596 918 Καὶ
1649 865 1734 916 ἕνα

141 967 224 1015 τόν
289 967 541 1035 μονογενῆ
597 959 759 1012 αὐτοῦ
824 959 942 1012 Υἰὸν
1001 959 1190 1032 Κύριον
1258 960 1348 1008 καὶ
1400 956 1529 1008 Θεὸν
1589 955 1732 1025 ἡμῶν

145 1052 346 1108 Ἰησοῦν
388 1052 640 1124 Χριστὸν,
692 1053 845 1120 μόνον
902 1045 1160 1112 ἀληθινὸν,
1217 1043 1288 1098 δι’
1335 1044 1394 1096 οὗ
1451 1046 1517 1096 τὰ
1569 1044 1737 1095 πάντα

144 1141 351 1212 ἐγένετο,
397 1142 462 1191 τά
511 1156 565 1191 τε
617 1139 785 1212 ὁρατὰ
822 1141 910 1189 καὶ
957 1139 1023 1188 τὰ
1070 1137 1306 1210 ἀόρατα·
1356 1137 1446 1186 καὶ
1492 1132 1542 1185 ἐν
1672 1133 1738 1184 τὰ

142 1231 305 1282 πάντα
359 1232 679 1286 συνέστηκον
713 1248 726 1260 ο

141 1325 222 1372 καὶ
279 1321 410 1380 Οεὸς
466 1314 569 1375 ἦν·
625 1321 716 1368 καὶ
770 1317 903 1388 μετὰ
945 1322 1131 1381 ταῦτα,
1182 1316 1318 1366 κατὰ
1364 1317 1458 1370 τὴν
1509 1316 1734 1386 Γραφὴν,

139 1408 213 1462 ἱ·πί
264 1416 362 1470 τῆς
395 1415 495 1478 γῆς
533 1408 701 1478 ὤφθη,
749 1409 840 1457 καὶ
891 1412 996 1465 τοῖς
1039 1402 1330 1476 ἀνθρώποις
1381 1402 1738 1474 συνανεστρά-

143 1516 202 1570 ξπ
236 1517 253 1530 ·
313 1497 366 1557 ὃς
426 1494 478 1547 ἄν
542 1502 712 1568 μορφῇ
783 1500 915 1546 Θεοῦ
976 1492 1253 1567 ὑπάρχων,
1313 1491 1418 1563 οὐχ
1467 1489 1740 1564 ἁρπαγμὸν

140 1590 384 1657 ἡγήσατο
449 1587 512 1637 τὸ
573 1581 701 1636 εἶναι
761 1587 853 1636 ἶσα
915 1589 1050 1653 Θεῷ,
1107 1579 1213 1632 ἀλλ’
1272 1581 1451 1634 ἑαυτὸν
1508 1578 1739 1647 ἐκένωσε,

139 1680 226 1727 καί
275 1671 378 1727 δ’ιᾶ
421 1681 519 1734 τῆς
557 1672 615 1726 ἐκ
659 1673 921 1747 Παρθένου
968 1674 1255 1743 γεννήσεως
1291 1673 1493 1744 μορφὴν
1553 1665 1744 1721 δούλου

139 1763 331 1833 λαϐὼν,
384 1769 477 1815 καὶ
538 1767 783 1834 σχήματι
835 1761 1055 1832 εὑρεθεὶς
1111 1761 1179 1821 ὡς
1231 1760 1519 1834 ἄνθρωπος,
1579 1759 1748 1810 πάντα

143 1856 203 1905 τὰ
244 1853 320 1915 εἰς
381 1851 540 1904 αὐτὸν
592 1855 682 1903 καὶ
727 1854 847 1923 περὶ
885 1848 1044 1901 αὑτοῦ
1074 1850 1188 1918 (21)
1218 1851 1548 1922 γεγραμμένα
1586 1844 1746 1903 ἐπλή-

771 1226 820 1287 ὂς
869 1225 915 1278 ἐν
973 1223 1115 1300 ἀρχῇ
1159 1221 1222 1282 ἧν
1260 1227 1390 1298 πρὸς
1445 1225 1532 1276 τὸν
1584 1223 1732 1288 Θεὸν,

1840 699 2044 739 verum
2077 695 2132 741 et
2151 684 2382 741 bonum
2411 689 2616 753 Deum,
2659 693 2715 742 et
2736 691 2966 742 Patrem
2990 690 3491 762 omnipotentem,

1841 788 1913 828 ex
1943 789 2065 846 quo
2095 775 2300 831 omnia
2332 791 2345 829 :
2381 778 2566 830 Deum
2599 781 2654 831 et
2676 778 2909 832 Patrem
2936 778 3171 833 Domini
3202 781 3387 834 nostri
3437 785 3494 836 et

1843 863 1943 918 Dei
1985 865 2120 919 Jesu
2151 864 2383 921 Christi.
2437 868 2502 921 Et
2528 881 2714 920 unum
2762 867 3134 937 unigentium
3164 867 3359 938 ipsius
3411 868 3494 924 Fi-

1840 950 1988 1006 lium
2020 953 2338 1008 Dominum
2366 959 2422 1010 et
2440 957 2620 1010 Deum
2645 960 2918 1010 nostrum
2938 957 3140 1029 Jesum
3163 956 3490 1027 Christum,

1844 1041 2040 1096 solum
2065 1057 2299 1111 verum,
2331 1057 2437 1115 per
2473 1059 2656 1115 quem
2707 1045 2913 1100 omnia
2943 1045 3097 1100 facta
3128 1051 3265 1101 sunt
3288 1046 3329 1113 ⁸,
3373 1045 3493 1102 sive

1843 1129 2120 1202 visibilia,
2154 1131 2280 1187 sive
2328 1130 2670 1202 invisibilia,
2713 1139 2771 1188 et
2807 1133 2869 1188 in
2895 1149 3018 1206 quo
3048 1135 3254 1190 omnia
3294 1133 3493 1190 consi-

1848 1220 2054 1274 stunt‘
2079 1237 2091 1275 :
2121 1219 2224 1292 qui
2245 1219 2304 1275 in
2332 1221 2624 1294 principio
2664 1227 2788 1278 erat
2828 1222 2992 1294 apud
3017 1225 3225 1291 Deum,
3253 1229 3306 1280 et
3341 1227 3494 1280 Deus

1848 1313 1974 1364 erat
1999 1310 2040 1379 δ,
2093 1314 2148 1365 et
2195 1315 2336 1383 post
2375 1311 2526 1381 haec,
2570 1310 2741 1381 juxta
2789 1312 3175 1384 Scripturam,
3237 1313 3296 1369 in
3342 1317 3502 1370 terra

1849 1397 2014 1453 visus
2041 1403 2149 1466 est,
2177 1405 2234 1453 et
2253 1415 2393 1454 cum
2420 1399 2770 1454 hominibus
2802 1407 3192 1456 conversatus
3209 1403 3331 1456 est"
3361 1419 3373 1456 :
3398 1400 3505 1474 qui

1851 1503 1990 1544 cum
2015 1486 2074 1542 in
2108 1487 2301 1543 forma
2349 1488 2450 1543 Dei
2489 1494 2664 1558 esset,
2713 1504 2834 1546 non
2865 1490 3144 1563 rapinam
3183 1491 3506 1546 arbitratus

1853 1583 1943 1634 est
1964 1593 2096 1632 esse
2123 1594 2184 1633 se
2209 1577 2507 1650 aequalem
2541 1580 2679 1645 Deo,
2715 1579 2820 1634 sed
2862 1581 3258 1653 semetipsum
3302 1580 3507 1637 exina-

1854 1665 2032 1723 nivit:
2065 1672 2119 1722 et
2145 1681 2252 1738 per
2271 1666 2648 1722 nativitatem
2676 1683 2746 1722 ex
2771 1668 3024 1738 Virgine,
3058 1669 3316 1726 formam
3356 1669 3511 1726 servi

1855 1757 2179 1828 accipiens,
2211 1761 2267 1812 et
2290 1756 2502 1812 habitu
2530 1757 2810 1812 inventus
2832 1765 2894 1814 ut
2914 1759 3121 1827 homo,
3149 1760 3355 1816 omnia
3375 1775 3511 1833 quas

1857 1847 1920 1903 in
1948 1848 2149 1918 ipsum
2180 1851 2237 1902 et
2264 1846 2340 1902 de
2369 1847 2502 1918 ipso
2529 1847 2750 1918 scripta
2778 1854 2938 1917 sunt,
2978 1848 3270 1922 implevit,
3303 1865 3515 1906 secun-

143 1961 279 2015 ρωσε
334 1944 478 1992 κατὰ
519 1945 578 1998 τὴ
633 1938 840 1996 ἐντολὴν
894 1945 985 1990 τοῦ
1045 1940 1266 2012 Πατρός,
1323 1940 1587 2008 γενόμενος
1643 1936 1750 1988 ὑπ-

1861 1937 2007 1992 dum
2028 1937 2213 1992 Patris
2245 1941 2631 2009 praeceptum,
2667 1937 2859 1992 factus
2889 1937 3178 1994 obediens
3212 1955 3406 2011 usque
3436 1937 3517 1995 ad

147 2037 306 2091 ἐκοος
360 2033 530 2103 μέχρι
570 2029 807 2094 θανάτου,
857 2027 1077 2079 θανάτου
1111 2022 1170 2078 δι
1219 2033 1448 2099 σταυροῦ
1479 2042 1492 2054 ·
1539 2030 1628 2077 καὶ
1683 2033 1744 2096 τῇ

141 2125 296 2194 τρίτῃ
360 2122 536 2193 ἡμέρᾳ
589 2117 806 2192 ἐγερθεὶς
853 2119 908 2168 ἐκ
957 2124 1166 2188 νεκρῶν,
1207 2116 1344 2168 κατὰ
1381 2117 1476 2178 τὰς
1523 2117 1748 2190 Γραφὰς,

142 2212 298 2281 ὒῖρθη
358 2216 468 2268 τοῖς
523 2207 696 2278 ἁγίοις
726 2205 886 2258 αὐτοῦ
925 2206 1207 2277 μαθηταῖς,
1257 2208 1347 2255 καὶ
1383 2212 1488 2264 τοῖς
1530 2203 1749 2272 λοιποῖς,

139 2299 215 2358 ὡς
251 2297 576 2369 “γέγραπται
604 2317 618 2329 ο
672 2293 824 2353 ἀνέϐη
871 2313 924 2346 τε
973 2293 1045 2354 εἰς
1099 2293 1346 2366 οὐρανοὺς
1387 2297 1478 2344 καί
1526 2295 1754 2351 κάθηται

138 2385 188 2437 ἰν
251 2382 412 2457 δεξιᾲ
469 2393 563 2437 τοῦ
624 2387 830 2458 Πατρός
863 2403 876 2415 ⁸
927 2383 1038 2434 ὅθεν
1096 2383 1309 2456 ἔρχεται
1365 2384 1448 2434 ἐπὶ
1494 2382 1756 2454 συντελείᾳ

140 2495 233 2527 του
280 2476 475 2537 αἰῶνος
531 2475 719 2526 τούτου
779 2471 1076 2530 ἀναστῆσαι
1131 2472 1349 2538 πάντας,
1389 2474 1479 2523 καὶ
1519 2467 1756 2523 ἀποδου-

141 2585 226 2616 ναι
257 2565 472 2635 ἑκάστῳ
531 2565 666 2615 κατὰ
700 2565 795 2619 τὴν
851 2560 1036 2634 πρᾶξιν
1093 2559 1252 2612 αὐτου
1279 2576 1292 2590 ’
1334 2561 1417 2612 ὅτε
1455 2561 1503 2612 οἱ
1533 2562 1622 2632 μὲν
1680 2556 1760 2612 δί-

143 2673 287 2706 καιοι
344 2651 850 2726 προσληφϐήσονται
895 2649 966 2711 εἰς
999 2652 1136 2712 ζωὴν
1188 2648 1390 2701 αἰώνιον
1457 2653 1547 2700 καὶ
1596 2647 1759 2721 βασι-

145 2742 286 2795 λείαν
353 2743 614 2817 οὐρανῶν,
680 2740 730 2792 οἰ
797 2735 858 2791 δι
923 2737 1220 2812 ἁμαρτωλοὶ
1277 2740 1758 2811 κατακριθήσονται

146 2833 216 2894 εἰς
265 2832 490 2884 κόλασιν
545 2829 774 2894 αἰώνιον,
824 2829 953 2880 ὅπου
1007 2829 1032 2879 ὸ
1071 2827 1278 2890 σκώληξ
1335 2827 1502 2880 αὐτῶν
1547 2827 1606 2880 οὗ
1670 2847 1757 2881 τε-

147 2921 320 2991 λευτᾷ,
387 2924 481 2972 καὶ
543 2922 602 2972 τὸ
669 2937 771 2993 πυρ
841 2916 899 2969 οὐ
967 2915 1258 2971 σϐέννυται.
1323 2920 1423 2969 Καὶ
1499 2917 1546 2969 ἓν
1603 2921 1758 2990 μόνον

152 3014 364 3081 [lu-afui:
412 3008 582 3079 ἅγιον,
615 3009 673 3058 τὸ
703 3003 1042 3081 Παράκλητον
1073 3007 1208 3076 (22),
1238 3003 1286 3056 ἓν
1389 3004 1756 3080 ἐσφραγίσθη-

151 3117 240 3169 μσν
288 3099 367 3159 εἰς
414 3099 616 3170 ἡμέραν
648 3094 1091 3168 ἀπολυτρώσεως·
1133 3097 1192 3146 τὸ
1249 3100 1456 3166 Πνευμα
1500 3103 1593 3157 τῆς
1624 3093 1755 3153 ἀλη-

153 3189 310 3253 Θείας,
369 3191 432 3239 τὸ
509 3193 720 3258 Πνευμα
768 3193 865 3246 τῆς
920 3185 1207 3252 υἱοθεσίας,
1246 3182 1294 3235 ἓν

1362 3185 1385 3199 ,ν

1352 3187 1392 3255 ᾧ
1447 3187 1707 3258 κράζομεν
1739 3205 1753 3218 ο

1861 2030 2139 2094 mortem,
2168 2031 2422 2081 mortem
2445 2030 2646 2080 autem
2677 2027 2872 2082 crucis
2895 2028 2939 2082 ⁸.
2970 2030 3035 2082 Ει
3055 2032 3378 2100 postquam
3405 2033 3516 2084 tero

1860 2114 1943 2170 tia
1963 2115 2056 2169 die
2079 2114 2504 2170 resurrexisset
2524 2131 2558 2170 ο.
2593 2115 2863 2182 mortuis,
2897 2116 3233 2172 secundum
3259 2116 3518 2188 Scriptu-

1860 2220 1956 2260 ras
1974 2206 2018 2274 9,
2050 2203 2210 2259 visus
2236 2210 2324 2261 est
2367 2205 2587 2260 sanctis
2619 2204 2742 2259 suis
2768 2205 3100 2278 discipulis,
3136 2223 3206 2263 ac
3249 2206 3518 2280 reliquis,

1862 2294 2013 2350 sicut
2059 2294 2351 2367 scriptum
2400 2299 2507 2350 est.
2539 2297 2604 2350 Et
2635 2295 2905 2351 ascendit
2935 2296 2994 2350 in
3027 2296 3232 2367 caelos,
3265 2302 3320 2353 et
3353 2297 3521 2354 sedet

1863 2383 1924 2439 in
1951 2384 2161 2441 dextra
2183 2384 2394 2455 Patris,
2425 2384 2587 2440 unde
2609 2390 2897 2440 venturus
2923 2390 3012 2441 est
3031 2386 3093 2441 in
3123 2403 3519 2446 consumma-

1862 2473 2022 2531 tione
2041 2474 2224 2545 hujus
2247 2473 2448 2529 sasculi
2471 2473 2549 2530 ad
2570 2473 2922 2530 excitandos
2944 2490 3174 2544 omnes,
3200 2482 3257 2532 et
3277 2478 3355 2533 ad
3388 2479 3520 2534 red-

1864 2561 2134 2619 dendum
2164 2562 2679 2635 unicuiquejuxta
2710 2579 2864 2636 opus
2894 2563 3082 2620 illius:
3108 2566 3357 2638 quando
3378 2567 3522 2639 justi

1864 2651 2111 2724 quidem
2151 2658 2536 2708 assumantur
2561 2651 2636 2708 ad
2668 2653 2851 2708 vitam
2883 2657 3189 2717 aeternam,
3220 2659 3276 2710 et
3306 2655 3386 2711 ad
3428 2671 3518 2712 re-

1865 2757 2055 2812 gnum
2085 2741 2396 2809 caelorum,
2427 2747 2772 2815 peccatores
2800 2758 2943 2799 vero
2975 2743 3330 2800 addicentur
3361 2743 3522 2802 sem-

1864 2832 2097 2903 piterno
2129 2830 2444 2904 supplicio,
2479 2831 2582 2886 ubi
2615 2833 2828 2888 vermis
2849 2848 3052 2890 eorum
3085 2850 3205 2890 non
3237 2836 3524 2904 moritur,

1864 2927 1918 2977 et
1941 2922 2097 2992 ignis
2119 2937 2239 2976 non
2261 2922 2678 2988 exstinguitur
2702 2922 2767 2976 ¹⁰.
2811 2925 2877 2977 Et
2896 2939 3088 2979 unum
3112 2923 3310 2980 solum
3345 2925 3523 2997 Spiri-

1863 3015 1994 3066 tum
2023 3016 2300 3066 sanctum
2325 3007 2717 3071 Paracletum.
2738 3009 2798 3066 in
2829 3026 2950 3083 quo
2977 3012 3199 3082 signati
3230 3029 3442 3068 sumus
3462 3014 3525 3069 in

1863 3097 2022 3154 diem
2046 3097 2478 3170 redemptionis
2503 3099 2570 3164 ¹¹,
2604 3096 2890 3168 Spiritum
2913 3099 3201 3166 veritatis,
3237 3101 3523 3171 Spiritum

1864 3185 2231 3259 adoptionis,
2266 3185 2324 3240 in
2349 3201 2472 3258 quo
2494 3184 2853 3256 clamamus,
2877 3186 3073 3256 Abba,
3103 3189 3269 3243 Pater
3295 3189 3338 3223 ι’
3369 3205 3382 3242 :
3417 3187 3526 3262 qui

152 3275 332 3345 Ἀλεξᾶ,
385 3279 412 3329 ὁ
453 3280 639 3350 Πατήρ
667 3295 680 3308 ·
712 3277 771 3326 τὸ
828 3269 1065 3346 διαιρουν
1117 3277 1208 3325 καὶ
1260 3275 1491 3348 ἑνεργουν
1522 3277 1586 3326 τὰ
1614 3279 1751 3349 παρὰ

1865 3275 2069 3332 dividit
2098 3280 2154 3331 et
2183 3273 2362 3331 etﬂcit
2413 3275 2575 3332 dona
2626 3291 2764 3348 quae
2787 3293 2823 3332 a
2851 3275 2970 3332 Deo
2996 3276 3238 3345 dantur,
3267 3277 3524 3348 singulis

152 3385 244 3418 τον
292 3376 430 3421 Θεου
500 3367 818 3438 χαρίσματα
882 3363 1087 3434 ἑκάστῳ
1151 3365 1284 3434 πρὸς
1348 3365 1406 3415 τὸ
1476 3368 1753 3436 συμφέρον,

153 3458 321 3518 καθὼς
350 3453 620 3528 βούλεται·
655 3456 714 3506 τὸ
747 3447 1006 3505 διδάσκον
1029 3454 1116 3503 καὶ
1141 3451 1536 3524 ὑπομιμνῆσκον
1565 3455 1753 3522 πάντα,

155 3546 252 3597 ὅσα
308 3544 373 3596 ἂν
431 3542 598 3600 ἁκουη
660 3542 777 3609 (23)
831 3543 974 3615 παρὰ
1033 3559 1125 3592 του
1191 3543 1357 3593 Υίου·
1428 3540 1643 3612 ἀγαθὸν,
1697 3546 1755 3594 τὸ

153 3631 386 3706 ὁδηγουν
429 3634 503 3696 εἰς
547 3638 723 3684 πᾶσαν
770 3635 864 3688 τήν
923 3628 1181 3694 ἀλήθειαν,
1215 3633 1304 3682 καὶ
1346 3632 1596 3705 στηρίζον
1633 3633 1758 3684 πάν-

150 3743 243 3786 τας
286 3729 414 3786 τοὺς
456 3723 798 3781 πιστεύοντας
846 3724 975 3794 πρὸς
1028 3737 1083 3771 τε
1133 3724 1328 3790 γνῶσιν
1379 3717 1582 3792 ἀσφαλῆ
1619 3721 1754 3790 (24),

148 3821 236 3867 καὶ
294 3813 580 3885 ὁμολογίαν
654 3807 868 3882 ἀκριϐῆ,
934 3813 1024 3860 καὶ
1091 3807 1330 3882 λατρείαν
1403 3808 1611 3878 εὐσεϐῆ,
1668 3816 1756 3863 καὶ

149 3906 518 3976 προσκύνησιν
582 3901 933 3971 πνευματικὴν
989 3902 1081 3949 καὶ
1143 3895 1308 3957 ἀληθῆ
1367 3906 1499 3951 Θεου
1560 3904 1758 3974 Πατρός

148 3999 235 4046 καὶ
259 4013 358 4046 του
384 4008 698 4064 μονογενους
743 3989 865 4041 Υἱου
909 3986 1068 4039 αὐτου
1122 4006 1212 4039 του
1265 3992 1459 4062 Κυρίου
1489 3993 1579 4041 καὶ
1626 3998 1757 4042 Θεου

148 4086 296 4154 ἡμῶν
324 4082 512 4138 Ἰησου
563 4085 822 4152 Χριστου,
855 4080 942 4128 καὶ
991 4075 1176 4129 ἑαυτου
1207 4097 1219 4109 ·
1254 4075 1475 4130 ἑκάστου
1509 4077 1759 4151 ὀνόματος

149 4178 237 4230 τὴν
292 4191 392 4224 του
461 4169 842 4240 ὀνομαζομένου
911 4166 1027 4236 (25)
1093 4161 1339 4224 ἰδιότητα
1406 4176 1583 4240 σαφῶς
1635 4171 1760 4242 ἡμῖν

152 4257 597 4334 διακρίνουντος,
651 4261 740 4308 καὶ
791 4259 908 4327 περὶ
960 4253 1179 4307 ἐκάσνου
1224 4263 1326 4306 τῶν
1374 4255 1762 4330 ὀνομαζομένων

155 4352 354 4410 sine;
403 4349 559 4401 τινῶν
599 4344 869 4418 ὶξαιρέτων
911 4339 1209 4416 ἰδιωμάτων
1264 4343 1487 4407 εὐσεϐῶς
1536 4347 1759 4420 θεωρου-

699 4471 719 4505 ⁶
748 4468 981 4527 Coloss.
1022 4486 1057 4536 ι,
1100 4473 1182 4525 17.

718 4542 760 4576 ¹¹
788 4541 1002 4612 Ephes.
1024 4556 1100 4610 iv,
1129 4544 1216 4597 30.

223 4475 243 4509 ‘
271 4477 452 4531 Joan.
481 4490 518 4536 ι.
545 4475 598 4527 3.
699 4471 719 4505 ⁶
748 4469 981 4527 Coloss.
1022 4486 1057 4536 ι,
1100 4473 1182 4525 17.
1243 4511 1253 4520 .
1287 4471 1308 4505 δ
1340 4469 1515 4526 Joan.
1548 4489 1582 4538 ι,
1607 4475 1660 4529 1.

163 4547 203 4581 ⁸⁸
233 4548 410 4602 Marc.
433 4559 518 4611 ιι,
546 4545 636 4598 43.

1759 4473 1776 4506 ⁷
1811 4470 2063 4529 Baruch.
2096 4486 2169 4539 ιιι,
2200 4473 2290 4528 38.

1297 4542 1341 4577 ¹²
1363 4544 1532 4597 Rom.
1557 4558 1675 4606 Vili,
1706 4548 1789 4599 15.

1863 3369 2042 3438 prout
2081 3364 2209 3420 vult
2239 3365 2318 3418 ad
2349 3364 2659 3420 utilitatem
2684 3366 2766 3421 ‘3:
2800 3365 2904 3439 qui
2935 3364 3112 3422 docet
3154 3372 3212 3423 et
3255 3367 3526 3438 suggerit

1863 3453 2093 3523 omnia,
2119 3468 2502 3526 quaecunque
2547 3453 2805 3510 audierit
2833 3471 2868 3511 a
2893 3453 3038 3511 Filio
3065 3457 3108 3490 ”
3143 3472 3156 3510 :
3190 3456 3294 3530 qui
3323 3455 3524 3513 bonus

1864 3547 1972 3610 est,
2007 3542 2112 3614 qui
2155 3541 2398 3598 deducit
2427 3541 2506 3598 ad
2549 3558 2797 3598 omnem
2825 3545 3160 3612 veritatem,
3189 3559 3524 3618 omnesque

1864 3633 2176 3689 credentes
2204 3631 2405 3687 firmat
2430 3637 2488 3687 et
2515 3631 2594 3687 ad
2617 3633 3022 3702 cognitionem
3075 3639 3322 3704 certam,
3349 3638 3405 3690 et
3443 3633 3524 3690 ad

1865 3727 2212 3778 accuratam
2237 3721 2704 3790 confessionem,
2727 3727 2783 3778 et
2803 3723 2880 3778 ad
2898 3721 3126 3779 cultum
3148 3723 3337 3796 pium,
3367 3727 3424 3780 et
3443 3722 3524 3778 ad

1867 3808 2238 3883 spiritualem
2268 3815 2324 3866 et
2351 3826 2561 3866 veram
2591 3809 3010 3867 adorationem
3040 3812 3139 3868 Dei
3171 3813 3356 3868 Patris
3389 3811 3522 3867 uni-

1867 3899 2168 3971 genitiquc
2189 3898 2318 3969 ejus
2350 3898 2473 3955 Filii
2496 3899 2730 3956 Domini
2763 3905 2821 3956 et
2857 3900 2954 3956 Dei
2987 3901 3174 3957 nostri
3199 3903 3338 3957 Jesu
3365 3901 3522 3958 Chri-

1867 3989 1959 4056 sti,
1985 3994 2040 4044 et
2063 3987 2152 4043 sui
2171 3987 2616 4060 ipsius.l\'omen
2641 3994 2843 4045 autem
2861 3989 3522 4064 quodlibetquamdam

1865 4077 2022 4134 illius
2052 4077 2157 4150 qui
2187 4078 2533 4133 nominatur
2554 4079 2983 4152 proprietatem
3003 4079 3176 4135 nobis
3207 4079 3522 4136 manifeste

1868 4167 2157 4240 explicat;
2187 4175 2365 4238 atque
2393 4166 2453 4222 in
2481 4183 2851 4241 unoquoque
2875 4169 3053 4239 228
3070 4168 3522 4225 nominatorum

1869 4256 2118 4314 omnino
2140 4255 2234 4328 pie
2259 4256 2587 4328 peculiares
2609 4259 2892 4330 qumdam
2914 4257 3308 4331 proprietates
3327 4259 3522 4315 consi-

1870 4347 2172 4412 derantur,
2203 4348 2370 4401 Pater
2397 4346 2647 4418 quidem
2690 4347 2751 4403 in
2795 4348 3158 4420 proprietate
3189 4348 3398 4412 Patris,
3434 4348 3519 4406 Fi-

2397 4470 2416 4504 ⁸
2447 4469 2702 4543 Philipp.
2734 4489 2790 4538 ιι,
2816 4476 2926 4529 6~8.

3033 4476 3053 4510 θ
3095 4477 3117 4533 ι
3158 4477 3290 4534 Cor.
3331 4492 3434 4544 xv,
3463 4477 3521 4532 4.

2451 4543 2495 4576 ιθ
2521 4544 2693 4600 Joan.
2726 4559 2838 4616 xiv,
2865 4548 2953 4600 26.

1867 4545 1912 4580 '3
1941 4543 1960 4596 l
1986 4545 2115 4599 Cor.
2147 4557 2250 4613 xu,
2277 4545 2359 4597 tt.

229 4675 340 4736 (20)
369 4667 536 4745 Regii
556 4665 684 4745 du_o_
719 4681 869 4745 ms_s.
895 4670 951 4721 et
979 4664 1160 4721 editio
1181 4667 1328 4745 Ven.
1366 4665 1429 4745 in
1473 4673 1751 4745 contextu

1864 4671 1919 4725 et
1967 4670 2124 4745 Reg._
2150 4666 2392 4745 primus
2449 4675 2644 4740 γνῶσιν
2684 4667 2866 4745 Δᾁληθῆ
2905 4675 3004 4745 ,καί
3051 4671 3241 4745 ἀκριϐῆ
3296 4679 3386 4726 καὶ
3426 4673 3519 4745 λα.

167 4743 355 4811 ἀγαθον
387 4743 605 4813 Κύριον.
637 4740 769 4796 Mox
800 4741 938 4806 Reg.
967 4752 1124 4794 unus
1152 4755 1242 4789 του
1277 4741 1470 4811 Κυρίου
1495 4744 1585 4792 καί
1625 4748 1756 4795 Θεου

172 4833 323 4870 ξω).

205 4867 344 4948 ,(21)
371 4885 520 4952 Reg.
551 4895 714 4936 unus
739 4883 910 4955 πάντα
945 4881 1010 4931 τὰ
1041 4879 1107 4939 εἰς
1120 4877 1335 4955 -ἕαυτρν,
1367 4886 1457 4934 καὶ
1485 4887 1601 4955 περὶ
1631 4883 1757 4936 ἐαυ-

172 4964 272 5010 τοῦ.
302 4949 650 5027 Aliquanto
667 4957 809 5027 post
834 4951 995 5007 idem
1025 4949 1217 5007 codex
1245 4951 1316 5012 εἰς
1342 4957 1459 5013 τοὺς
1488 4949 1756 5027 οὐρανοὺς,

172 5034 252 5080 καὶ
275 5019 513 5084 κάθησαι
535 5024 592 5076 ἐκ
618 5019 802 5084 δέξίὼν
833 5041 943 5076 του.

233 5104 344 5178 (ξὶ)
373 5102 522 5178 Reg.
566 5101 773 5178 tertius
818 5097 903 5146 τὸν
931 5092 1481 5178 Παράκλητρνιθῐέια
1517 5111 1760 5178 (ῃιφειυθ

178 5172 452 5240 scriptum
470 5165 783 5240 invenitur
803 5165 1083 5240 secundis
1103 5166 1262 5220 curis
1284 5165 1346 5220 in
1373 5168 1514 5234 Reg.
1537 5165 1758 5240 primo.

177 5237 390 5311 ibidem
423 5255 578 5311 mss.
605 5237 737 5311 _duo
793 5237 1162 5311 Ilapoéx).nrov,_
1184 5240 1242 5288 τό
1276 5243 1484 5311 Πνευμα
1502 5237 1558 5290 τό
1588 5239 1760 5311 οἱγιον,

178 5310 215 5363 ἓν
329 5312 448 5370 Sed
473 5309 733 5383 illud,__?6
768 5307 976 5383 Πνευμα
1021 5311 1078 5360 τὸ
1129 5307 1527 5383 άγιονηὶῐιέριθ
1558 5307 1638 5364 ab
1661 5310 1764 5366 ali-

176 5378 282 5459 quo
316 5386 518 5459 otioso
540 5378 1026 5459 additumtu'isse
1051 5381 1198 5459 satis
1221 5378 1680 5437 vident—omnes.

238 5461 342 5526 (23}
363 5456 614 5526 Antiqui
639 5452 765 5507 duo
791 5450 929 5526 libri
957 5452 1056 5526 ὅσα
1077 5451 1274 5526 ἀκούει,

238 5521 352 5595 (23)
381 5529 475 5584 Sic
503 5521 652 5594 Heg.
685 5522 892 5595 tertius
921 5527 978 5577 et
1004 5521 1150 5595 alter
1169 5521 1373 5595 itidem
1415 5521 1632 5590 Regius
1647 5523 1765 5595 _Co;

180 5591 282 5658 (ια
307 5591 477 5659 Voss.
507 5591 637 5674 πρὸς
698 5594 976 5666 ἐπίγνωσιν
1024 5592 1254 5666 ἀσφαλῆ.
1288 5593 1458 5650 Liber
1497 5591 1764 5650 Combef.

1863 4745 2052 4814 τρείαν.
2089 4739 2275 4794 Editio
2323 4741 2462 4814 Ven.
2505 4755 2615 4812 pro
2673 4739 2837 4800 ἀληθῆ
2901 4743 3084 4800 habet
3120 4739 3192 4800 'in
3243 4743 3519 4813 margine

1866 4810 2069 4885 aegonis:
2083 4827 2148 4885 -_q
2159 4827 2300 4866 nam
2317 4810 2672 4882 scripturam
2688 4819 2833 4885 puto
2847 4815 3176 4885 praeferend
3185 4810 3517 4885 am,ne'vox

1866 4882 2028 4956 mea
2057 4882 2150 4936 bis
2191 4882 2915 4956 continenterrepetatur.
2949 4887 3082 4940 Mox
3115 4882 3366 4956 utraque
3395 4883 3517 4956 edi-

1867 4954 1946 5026 tio
1990 4958 2341 5026 πνευματικὴν
2399 4958 2489 5005 καὶ
2536 4953 2701 5012 alno—ﬁ
2749 4955 3026 5026 ὁμολογίαν
3058 4964 3189 5009 Θεου
3219 4976 3232 4988 ο
3264 4953 3368 5009 sed
3399 4954 3515 5008 hoc

1864 5024 2010 5095 loco
2031 5023 2144 5079 vox
2195 5023 2472 5095 ὁμολογίαν
2503 5026 2564 5079 in
2590 5023 2965 5080 veteri'nullo
3005 5024 3157 5080 libro
3189 5026 3510 5080 invenitur.

1869 5094 2116 5152 Basilius
2142 5094 2478 5165 respexisse
2506 5095 2740 5150 videtur
2759 5095 2837 5150 ad
2867 5095 3014 5150 illud
3043 5095 3294 5152 Joannis
3316 5109 3392 5159 Iv,
3407 5097 3510 5150 23:

1866 5169 1943 5222 Et
1998 5181 2160 5221 nunc
2217 5172 2301 5221 est
2341 5165 2579 5236 quando
2635 5167 2763 5221 veri
2797 5167 3144 5223 adoratores
3172 5165 3516 5222 adorabunt

1865 5241 2110 5294 Patrem
2141 5238 2200 5292 in
2222 5238 2445 5306 spiritu
2469 5241 2523 5290 et
2555 5237 2821 5291 veritate.

1939 5312 2051 5368 (25)
2077 5309 2169 5363 Sic
2193 5305 2330 5376 Reg.
2360 5307 2568 5378 tertius
2589 5312 2642 5361 et
2665 5307 2810 5360 alter
2844 5305 3051 5378 itidem
3084 5307 3318 5378 Regius.
3354 5311 3518 5367 Utra-

1869 5395 1986 5451 que
2017 5378 2195 5433 editio
2249 5379 2490 5456 ixdarou_
2520 5376 2763 5456 ονοματος
2801 5385 2891 5456 τοῦ
2942 5376 3322 5456 ᾆνομαζομένου
3348 5399 3361 5413 ·
3394 5398 3518 5456 quo

1867 5447 2002 5506 loco
2027 5451 2086 5525 in
2118 5457 2373 5525 utraque
2399 5447 2666 5525 editione
2677 5447 2882 5525 posita
2905 5447 3138 5518 virgula
3157 5447 3245 5507 est
3266 5461 3402 5525 post
3415 5447 3521 5511 ϊο-

1870 5537 2002 5576 cem
2031 5516 2432 5592 ὀνομαζομένου.
2454 5521 2583 5576 Mox
2601 5516 2846 5590 aliquot
2869 5516 3023 5577 mss:
3038 5528 3128 5578 καὶ
3152 5516 3283 5598 περί
3301 5526 3521 5579 ἕκαστον

1874 5611 1992 5648 των.
