4100 6196
589 278 693 333 687

1941 273 2000 328 S.
2043 270 2291 327 BASILII
2329 272 2550 329 MAGNI

3844 279 3958 334 688

585 402 703 459 lius
721 415 865 458 vero
892 398 954 455 in
985 394 1347 470 proprietate
1376 394 1519 464 Filii,
1544 398 1790 452 sanctus
1811 398 2014 451 autem
2049 391 2229 466 Spiri-

2347 397 2528 465 μένων,
2587 415 2677 449 του
2735 398 2825 470 μεν
2866 399 3071 469 Πατρός
3101 394 3148 448 ἐν
3176 402 3249 467 τῷ
3298 392 3551 470 ἰδιώματι
3594 416 3687 454 του
3719 402 3955 473 Πατρός,

587 496 685 548 tus
721 490 783 545 in
811 505 920 544 sua
941 485 1130 559 ipsius
1152 484 1540 555 proprietate.
1584 486 1785 556 Neque
1809 483 2060 556 Spiritus
2105 497 2241 537 san-

589 584 722 638 ctus
746 595 783 634 a
804 578 1000 650 seipso
1025 572 1378 645 loquitur“,
1409 588 1607 645 neque
1641 572 1819 629 Filius
1854 588 1890 627 a
1921 570 2243 643 semetipso

589 669 732 724 facit
758 665 1099 739 quidquam
1125 663 1169 696 ¹⁶
1196 679 1208 716 :
1238 666 1296 716 et
1317 664 1483 717 Pater
1512 660 1760 733 quidem
1791 660 1969 716 mittit
2000 658 2204 714 Filium
2229 684 2246 735 ;

589 757 768 813 Filius
791 770 930 810 vero
954 751 1130 808 mittit
1156 750 1444 824 Spiritum
1475 756 1776 806 sanctum.
1807 750 1898 805 Sic
1929 748 2244 813 sentimus,

590 847 796 918 sicque
839 840 1221 915 baptizamus
1287 840 1347 896 in
1413 840 1694 896 Trinitate
1743 837 2249 895 consubstantiali

585 936 760 1008 juxta
774 937 1148 1007 praeceptum
1176 928 1366 1002 ipsius
1390 928 1623 985 Domini
1644 928 1833 984 nostri
1855 930 1992 982 Jesu
2015 927 2245 991 Christi,

589 1024 697 1098 qui
721 1022 896 1079 dixit:
920 1023 1145 1077 Euntes
1174 1019 1376 1075 docete
1398 1033 1601 1073 omnes
1630 1023 1853 1088 gentes,
1880 1016 2244 1085 baptizantes

592 1128 686 1171 eos
714 1115 777 1169 in
808 1111 1046 1168 nomine
1094 1108 1320 1173 Patris,
1348 1113 1404 1163 et
1433 1108 1597 1177 Filii,
1633 1115 1684 1161 et
1711 1106 1969 1174 Spiritus
1997 1105 2197 1159 sancti
2226 1121 2238 1158 :

590 1203 862 1259 docentes
893 1215 986 1256 eos
1014 1212 1254 1254 servare
1304 1197 1504 1251 omnia
1535 1208 1904 1266 quascunque
1955 1193 2247 1249 mandavi

590 1292 753 1349 vobis
778 1290 844 1342 ⁸⁷.
874 1290 1016 1353 Quae
1048 1286 1097 1340 si
1118 1284 1579 1348 servaverimus,
1614 1282 1995 1338 dilectionem
2016 1281 2077 1336 in
2099 1297 2241 1336 eum

588 1385 856 1435 nostram
883 1374 1484 1445 ostendimus,atque,
1518 1370 1602 1426 uti
1631 1370 1919 1443 scriptum
1949 1375 2055 1440 est,
2075 1370 2242 1440 digni

589 1465 884 1524 efﬁcimur
912 1464 1017 1536 qui
1054 1462 1116 1518 in
1143 1478 1215 1518 ea
1244 1476 1603 1517 maneamus
1627 1461 1671 1495 ³⁸
1707 1476 1721 1514 z
1754 1458 1803 1514 si
1831 1475 1975 1515 vero
2017 1475 2089 1515 ea
2116 1475 2241 1515 non

590 1568 924 1621 servemus,
954 1553 1036 1609 ita
1064 1552 1233 1607 aliter
1252 1549 1442 1606 affecti
1470 1548 1910 1619 redarguimur.
1942 1548 2056 1615 Qui
2079 1549 2242 1604 enim

588 1661 710 1702 non
732 1644 932 1713 diligit
948 1657 1058 1709 me,
1080 1640 1275 1713 inquit
1299 1638 1912 1705 Dominus,sermones
1942 1652 2098 1694 meos
2120 1653 2243 1694 non

589 1738 790 1792 servat
814 1734 881 1788 ιθ.
906 1734 975 1788 Et
1004 1747 1252 1787 rursus:
1307 1730 1423 1796 Qui
1449 1728 1621 1786 habet
1677 1727 1968 1784 mandata
2014 1742 2147 1784 mea
2188 1743 2229 1784 et

2351 1733 2422 1801 μὴ
2499 1748 2562 1787 τη
2568 1748 2775 1803 ρουντες
2849 1726 2928 1797 δὲ,

2350 501 2441 535 του
2482 481 2541 536 δὲ
2589 490 2712 537 Υίου
2743 484 2791 536 ἐν
2821 493 2894 556 τῷ
2935 481 3186 557 ἰδιώματι
3233 504 3323 537 του
3364 487 3506 554 Υἰου,
3547 507 3640 541 του
3699 484 3759 542 δε
3796 487 3956 561 ἁγίου

2354 574 2650 645 Πνεύματος
2698 572 2746 626 ἐν
2796 583 2868 645 τῷ
2925 574 3096 645 οἰκείῳ
3136 570 3425 646 ἰδιώματιο
3470 582 3603 648 μήτε
3649 597 3742 631 του
3794 576 3957 649 ἁγίου

2356 664 2652 734 Πνεύματος
2716 662 2799 735 ἀφ’
2863 662 3046 717 ἑαυτου
3111 661 3407 731 λαλουντος,
3475 669 3603 737 μήτε
3672 685 3763 718 του
3825 668 3958 719 Υἰου

2357 748 2442 822 ἀφ’
2480 750 2663 805 ἑαυτου
2702 771 2753 803 τι
2798 759 3100 813 ποιοῦντος’
3152 757 3243 805 καὶ
3270 772 3361 805 του
3415 756 3505 826 μεν
3554 758 3757 831 Πατρός
3814 759 3960 829 πέμ-

2353 858 2538 901 ποντος
2584 844 2671 893 τὸν
2718 843 2856 912 Υίὸν,
2908 860 3001 894 του
3047 838 3107 894 δε
3162 844 3287 894 Υἰου
3339 846 3633 916 πέμποντος
3683 848 3743 897 τὸ
3801 845 3961 917 ἅγιον

2356 934 2582 1001 Πνευμα.
2652 930 2831 992 Οὕτως
2889 949 3189 1003 φρονουμεν,
3257 935 3347 983 καὶ
3402 932 3566 994 οὕτως
3614 932 3960 1006 βαππίζομεν

2353 1016 2420 1077 εἰς
2472 1014 2679 1092 Τριάὸα
2716 1021 2993 1091 ὅμοούσιον
3040 1022 3170 1090 (26),
3211 1022 3347 1072 κατὰ
3392 1026 3486 1079 τὴν
3537 1020 3740 1081 ἐντολὴν
3788 1022 3960 1075 αὐτου

2350 1123 2442 1156 του
2502 1109 2695 1181 Κυρίου
2746 1108 2892 1179 ἡμῶν
2926 1107 3101 1165 Ἰησου
3141 1115 3376 1182 Χριστου
3415 1108 3645 1172 εἰπόντος
3677 1131 3691 1144 ·
3747 1117 3959 1185 Πορευ-

2352 1195 2517 1255 θέντες
2588 1197 2956 1266 μαθητεύσατε
3029 1199 3197 1248 πάντα
3275 1199 3342 1249 τὰ
3424 1199 3572 1265 ἔθνη,
3653 1198 3959 1272 βαπτίζον-

2348 1300 2429 1343 τες
2491 1284 2679 1345 αὐτοὺς
2759 1284 2829 1346 εἰς
2904 1289 2962 1336 τὸ
3040 1287 3200 1358 ὄνομα
3258 1304 3349 1338 του
3426 1290 3628 1361 Ηατρὸς
3699 1292 3791 1342 καὶ
3856 1298 3959 1341 τοῦ

2348 1373 2471 1423 Υἰου
2527 1376 2617 1423 καὶ
2674 1392 2767 1425 του
2833 1372 2986 1445 ἁγίου
3054 1377 3370 1447 Πνεύματος,
3439 1371 3781 1439 διδάσκοντες
3849 1378 3961 1429 αὐ-

2348 1463 2470 1520 τοὺς
2533 1468 2707 1535 τηρεῖν
2772 1463 2943 1515 πάντα
3007 1464 3108 1516 ὅσα
3190 1462 3511 1536 ἐνετειλάμην
3576 1468 3720 1538 ὑμῖν,
3785 1471 3957 1540 Ἀπερ

2347 1568 2625 1624 τηρουντες
2669 1554 2782 1623 μὲν,
2827 1555 2921 1609 τὴν
2961 1552 3035 1613 εἰς
3080 1552 3237 1604 αὐτὸν
3277 1550 3482 1624 ἀγάπην
3522 1551 3957 1627 ἐπιδεικνυμεθα,

2350 1642 2438 1691 καὶ
2470 1637 2519 1690 ἓν
2563 1639 2694 1711 αὐτῇ
2746 1644 2911 1712 μένειν
2958 1641 3366 1714 καταξιούμεθα,
3414 1645 3583 1704 καθὼς
3610 1648 3904 1715 γέγραπται
3942 1667 3955 1679 ·

3007 1730 3246 1792 ἐναντίως
3320 1734 3529 1804 ἔχοντες
3601 1732 3957 1807 ἐλεγχόμεθα.

2491 1284 2679 1345 αὐτοὺς

2348 1815 2407 1869 Ὀ
2462 1821 2534 1890 μὴ
2576 1816 2819 1890 ἁγαπῶν⁵
2852 1838 2933 1891 με,
2988 1823 3089 1894 γάρ
3140 1839 3298 1893 φησιν
3345 1823 3372 1874 ὁ
3434 1825 3642 1897 Κύριος,
3699 1827 3822 1886 τοὺς
3869 1823 3964 1878 λό-

2349 1925 2473 1979 γους
2500 1926 2601 1979 μου
2629 1908 2689 1962 οὗ
2736 1915 2923 1982 τηρεῖ·
2979 1914 3070 1961 καὶ
3106 1910 3259 1962 πάλιν
3286 1926 3300 1941 ⁸
3340 1910 3398 1963 Ὀ
3443 1913 3580 1983 ἔχων
3611 1913 3701 1973 τὰς
3746 1910 3964 1975 ἕντολάς

2349 2016 2471 2070 μου,
2499 2002 2590 2049 καὶ
2615 2006 2785 2073 τηρῶν
2816 1998 2997 2066 αὐτὰς,
3030 1997 3220 2061 ἐκεῖνος
3257 1998 3398 2054 ἐστιν
3428 1999 3454 2053 ὁ
3481 1998 3695 2073 ἀγαπῶν
3718 2021 3804 2075 με.

2422 2091 2473 2142 5.
2507 2088 2778 2159 Θαυμάζω
2808 2084 2869 2141 δὲ
2914 2092 3315 2163 περισσοτέρως,
3357 2092 3457 2157 ὅτι,
3503 2089 3663 2143 αὐτου
3706 2110 3802 2144 τον
3852 2097 3963 2147 Ku-

2347 2179 2463 2249 ρίου
2525 2178 2671 2249 ἡμῶν
2711 2176 2888 2234 Ἰησου
2941 2185 3173 2252 Χριστου
3234 2179 3510 2251 λέγοντος-
3566 2183 3652 2237 Μὴ
3710 2185 3956 2255 χαίρετε,

2347 2266 2427 2318 ὃτι
2490 2267 2558 2318 τὰ
2620 2261 2872 2338 δαιμόνια
2935 2268 3056 2339 ὑμῖν
3114 2268 3512 2322 ὑποτάσσεται·
3578 2274 3799 2344 χαίρετε
3867 2267 3956 2339 δε,

2346 2356 2426 2406 ὃτι
2478 2358 2545 2407 τὰ
2609 2354 2838 2427 ὀνόματα
2901 2356 3044 2428 ὑμῶν
3111 2359 3407 2430 γέγραπται
3472 2356 3525 2411 ἓν
3592 2364 3703 2421 τοῖς
3781 2358 3959 2432 οὐρα-

2342 2451 2445 2503 νοῖς
2477 2465 2491 2477 ·
2567 2448 2657 2495 καὶ
2720 2443 2874 2496 πάλιν
2903 2464 2917 2477 ·
2982 2442 3059 2497 Ἐν
3139 2447 3306 2517 τούτῳ
3378 2451 3668 2517 γνώσονται
3731 2448 3957 2516 πάντες,

2341 2533 2422 2585 ὅτι
2487 2530 2599 2604 ἐμοὶ
2662 2533 2898 2605 μαθηταί
2958 2531 3092 2601 ἐστε,
3163 2533 3251 2586 ἐὰν
3324 2533 3532 2606 ἀγάπην
3610 2538 3773 2607 ἔχητε
3828 2522 3960 2604 (27)

2340 2621 2449 2694 μετ’
2505 2620 2734 2680 ἀλλήλων
2768 2638 2783 2652 ο
2829 2623 2942 2675 ὅθεν
2991 2623 3016 2673 ὁ
3067 2621 3407 2690 Ἀπὸστολος,
3458 2623 3511 2677 ἐν
3558 2631 3694 2678 πᾶσῐ
3728 2629 3791 2678 τὸ
3844 2635 3957 2690 τῆς

2340 2708 2551 2782 ἀγάπης
2616 2707 2896 2782 ἀναγκαῖον
2959 2707 3184 2779 δεικνὺς,
3250 2708 3667 2789 διαμαρτύρεται
3728 2713 3899 2786 λέγων
3936 2737 3952 2752 ·

2344 2800 2460 2852 Ἐὰν
2512 2808 2629 2863 ταῖς
2681 2800 2948 2872 γλώσσαις
3006 2810 3108 2854 τῶν
3172 2795 3453 2875 ἀνθρώπων
3504 2802 3640 2855 λαλῶ
3685 2808 3778 2856 καὶ
3839 2813 3954 2859 τῶν

589 1830 791 1883 servat
816 1837 914 1881 ea:
942 1822 1045 1879 ille
1064 1827 1145 1878 est
1175 1820 1282 1891 qui
1300 1818 1495 1890 diligit
1525 1833 1617 1875 me
1631 1819 1701 1873 ³ο.

663 2095 715 2150 5.
745 2091 916 2151 Miror
942 2093 1143 2148 autem
1170 2086 1350 2145 valde
1371 2084 1729 2149 admodum,
1756 2081 1925 2157 quod
1953 2098 2093 2139 cum
2113 2081 2242 2155 ipse

588 2183 882 2242 Dominus
907 2184 1112 2237 noster
1137 2178 1308 2234 Jesus
1336 2175 1603 2232 Christus
1631 2174 1792 2229 dicat
1823 2190 1836 2226 :
1868 2173 2070 2229 Nolite
2095 2186 2241 2242 gau-

584 2273 895 2344 dere,quia
922 2268 1217 2326 daemonia
1234 2266 1395 2323 vobis
1416 2264 1846 2333 subjiciuntur:
1854 2261 2113 2332 gaudete
2130 2275 2236 2315 au-

586 2360 888 2435 tem,quod
911 2358 1153 2415 nomina
1174 2362 1373 2413 vestra
1395 2355 1623 2423 scripta
1650 2358 1790 2409 sunt
1818 2353 1881 2408 in
1903 2353 2113 2408 caelis“
2138 2367 2151 2405 :
2182 2354 2238 2405 et

579 2452 819 2511 iterum:
833 2450 905 2505 In
924 2449 1033 2505 hoc
1057 2450 1411 2517 cognoscent
1434 2457 1631 2499 omnes
1652 2444 1797 2513 quia
1815 2441 2102 2510 discipuli
2121 2440 2239 2496 mei

580 2542 741 2608 estis,
772 2540 828 2594 si
841 2537 1216 2593 dilectionem
1241 2532 1568 2589 habueritis
1589 2532 1671 2587 ad
1698 2532 2016 2587 invicem"
2038 2546 2051 2583 :
2072 2528 2233 2584 unde

576 2628 898 2703 Apostolus
922 2626 982 2681 in
996 2623 1280 2681 omnibus
1301 2622 1606 2678 charitatis
1635 2622 2050 2676 necessitatem
2071 2617 2232 2674 exhi-

575 2718 680 2777 bet
703 2735 774 2774 ac
792 2712 1389 2783 testatur,dicens:Si
1408 2711 1633 2780 linguis
1655 2710 1962 2765 hominum
1991 2709 2229 2779 loquar,

576 2813 632 2867 et
661 2802 1398 2879 angelorum,charitatem
1409 2805 1605 2855 autem
1620 2812 1738 2853 non
1752 2797 2231 2868 habeam,factus

574 2914 708 2955 sum
737 2897 901 2954 velut
929 2909 1005 2950 aes
1026 2906 1269 2955 sonans,
1302 2895 1407 2946 aut
1438 2888 1782 2958 cymbalum
1805 2888 2090 2943 tinniens:
2106 2893 2159 2943 et
2180 2887 2229 2943 si

2343 2887 2568 2961 ἁγγελων
2597 2931 2611 2956 ,
2689 2888 2897 2961 ἀγάπην
2973 2886 3033 2943 δέ
3104 2894 3176 2963 μὴ
3253 2892 3399 2962 ἔχω,
3474 2895 3664 2964 γέγονα
3734 2892 3957 2965 χαλκὸς

578 2988 845 3047 habuero
862 2982 1324 3055 prophetiam,et
1345 2979 1609 3034 noverim
1631 2978 1918 3047 mysteria
1945 2979 2229 3043 omnia.,et

2343 2980 2512 3051 ἠχῶν,
2575 2980 2605 3038 ἦ
2675 2978 2936 3052 κύμϐαλον
3007 2979 3265 3042 ἀλαλάζον
3297 2996 3311 3011 ’
3387 2980 3484 3033 κᾶν
3557 2984 3668 3054 ἔχω
3737 3001 3957 3059 προφη-

576 3092 809 3134 omnem
833 3073 1143 3131 scientiam
1178 3086 1191 3124 :
1226 3075 1279 3125 et
1307 3068 1359 3125 si
1387 3067 1647 3123 habuero
1664 3081 1894 3122 omnem
1912 3066 2113 3136 ﬁdem,
2143 3068 2229 3124 ita

2343 3074 2502 3142 τείαν,
2558 3073 2648 3123 καὶ
2713 3065 2839 3122 εἰδῶ
2907 3071 2975 3122 τὰ
3037 3074 3307 3144 μυστήρια
3369 3072 3560 3140 πάντα,
3616 3076 3707 3129 καὶ
3760 3079 3955 3129 πᾶσαν

575 3173 645 3223 ut
672 3171 895 3223 montes
925 3162 1309 3231 transferam,
1342 3158 1698 3214 charitatem
1729 3162 1925 3212 autem
1964 3172 2084 3212 non
2123 3155 2227 3212 ha-

2343 3163 2433 3217 τήν
2506 3166 2735 3231 γνῶσιν,
2810 3162 2901 3210 καὶ
2974 3157 3059 3210 ἐὰν
3134 3161 3243 3231 ἔχω
3315 3165 3492 3213 πᾶσαν
3562 3165 3660 3219 τὴν
3732 3166 3951 3233 πίστιν,

578 3255 779 3325 buero,
810 3252 970 3307 nihil
998 3266 1128 3306 sum
1145 3248 1221 3302 '3:
1254 3251 1310 3302 et
1330 3245 1511 3318 paulo
1534 3249 1698 3317 post:
1724 3246 1863 3301 Sive
1883 3251 2079 3301 autem
2091 3260 2229 3314 pro-

2343 3249 2473 3301 ὥστε
2524 3250 2616 3323 ὅρη
2674 3248 3023 3320 μεθιστάνειν,
3079 3246 3289 3319 ἁφάπην
3351 3245 3411 3301 δὲ
3464 3252 3537 3322 μὴ
3601 3251 3734 3322 ἔχω,
3785 3250 3952 3307 οὐθέν

573 3343 794 3413 ρΙιειίεΒ
822 3339 1297 3404 evacuabuntur,
1328 3337 1452 3392 sive
1491 3336 1715 3405 lingua:
1740 3334 2074 3399 cessabunt,
2107 3338 2229 3392 sive

2343 3337 2444 3409 εἰμι
2500 3339 2614 3408 (28)
2645 3353 2659 3367 '
2730 3341 2821 3389 καὶ
2880 3335 2990 3409 μετ’
3058 3335 3250 3407 ὀλίγα·
3311 3340 3429 3391 Εἴτε
3495 3334 3557 3391 δέ
3620 3347 3952 3414 «pegmata:

574 3431 825 3488 scientia
848 3427 1266 3496 destruetur“,
1294 3430 1351 3481 et
1370 3429 1602 3493 caetera,
1635 3423 1857 3495 quibus
1879 3423 2015 3495 subj
2026 3424 2224 3495 ungit:

2343 3428 2865 3500 καταργηθήσονται,
2929 3428 3028 3478 εἴτε
3106 3425 3349 3497 γλωσσαι
3420 3429 3713 3482 παύσονται
3736 3469 3752 3496 ,
3832 3431 3950 3485 εἴτε

573 3521 752 3579 Nunc
776 3523 973 3576 autem
996 3520 1199 3573 manet
1224 3516 1393 3585 ﬁdes,
1425 3529 1571 3584 spes,
1606 3512 1894 3581 charitas,
1911 3515 2033 3569 tria
2062 3512 2222 3570 haec:

573 3611 774 3680 major
791 3613 992 3664 autem
1012 3605 1227 3662 horum
1249 3609 1331 3660 est
1348 3602 1617 3660 charitas
1634 3602 1703 3669 ’5;
1738 3617 1877 3656 cum
1899 3600 2080 3671 igitur
2096 3601 2226 3660 haec

574 3703 633 3757 et
664 3698 806 3756 talia
842 3713 879 3754 a
908 3696 1162 3753 Domino
1196 3698 1255 3749 et
1278 3692 1357 3749 ab
1388 3690 1677 3765 Apostolo
1728 3695 2088 3757 statuantur,
2118 3693 2227 3749 mi-

570 3783 1289 3861 ror,inquam,quomodo
1317 3781 1595 3837 homines
1623 3795 1720 3835 res
1741 3779 2146 3837 destruendas
2167 3788 2225 3839 et

572 3883 917 3935 cessaturas
949 3879 1114 3930 tanto
1163 3870 1362 3927 studio
1390 3875 1446 3926 et
1469 3868 1686 3925 aﬁ‘ectu
1724 3876 2173 3941 prosequantur
2205 3888 2219 3927 :

569 3964 883 4039 quomodo
903 3979 1042 4019 vero
1067 3977 1140 4018 ea
1159 3976 1295 4033 quae
1324 3958 2002 4029 manent,etprznsertim
2029 3958 2219 4015 chari-

567 4058 753 4112 tatem
805 4052 1079 4109 omnium
1109 4046 1464 4113 maximam,
1504 4060 1641 4117 quin
1671 4044 2069 4101 Christianum
2110 4064 2221 4103 suo

565 4144 815 4218 proprio
833 4142 1176 4198 charactere
1197 4136 1520 4203 constituit,
1546 4148 1668 4189 non
1698 4133 1882 4189 modo
1912 4134 2028 4207 ipsi
2051 4136 2221 4195 nullo

566 4234 755 4291 modo
776 4229 1121 4298 curent,sed
1151 4226 1330 4282 etiam
1360 4223 1710 4281 curantibus
1736 4221 2221 4295 adversentur,et

564 4323 714 4380 dum
746 4321 1038 4379 adversus
1057 4333 1160 4374 eos
1185 4319 1481 4390 pugnant,
1512 4314 1765 4386 implent
1787 4314 1955 4387 quod
1989 4315 2215 4373 dictum

2334 3525 2526 3588 γνῶσις
2567 3517 3050 3595 κατοργηθήσεται,
3082 3520 3174 3568 καὶ
3227 3518 3293 3569 τὰ
3337 3515 3477 3584 ἑξῆς,
3529 3518 3609 3579 οἷς
3653 3515 3895 3593 ἕπιγέρει
3929 3542 3944 3556 ο

2334 3609 2464 3660 Νυνὶ
2538 3603 2597 3658 δε
2670 3610 2806 3678 μένει
2878 3610 3080 3670 πίστις,
3153 3604 3319 3673 ἐλπὶς,
3395 3604 3597 3679 ἀγάπη,
3671 3608 3742 3660 τὰ
3810 3613 3947 3683 τρία

2333 3704 2535 3747 ταῦτα’
2599 3695 2790 3767 μείζων
2852 3689 2913 3747 δε
2962 3696 3158 3746 τούτων
3210 3696 3241 3753 ἠ
3304 3693 3482 3766 ἀγάπη
3517 3716 3532 3729 ο
3591 3697 3791 3748 τούτων
3843 3698 3945 3751 καὶ

2332 3793 2432 3837 τῶν
2487 3786 2733 3836 τοιούτων
2790 3783 2948 3842 οὕτως
3013 3785 3114 3835 ὑπό
3173 3801 3228 3837 τε
3285 3791 3379 3837 τοῦ
3438 3789 3633 3858 Κυρίου
3682 3789 3779 3839 καὶ
3834 3794 3940 3840 τοῦ

2314 3871 2655 3926 ,³Λποστόλου
2708 3867 3083 3946 διωρισμένων,
3132 3873 3412 3945 θαυμάζων
3456 3877 3612 3946 φημὶ,
3664 3881 3773 3935 πῶς

2328 3962 2448 4036 περί
2494 3965 2583 4034 μὲν
2638 3963 2706 4013 τὰ
2745 3962 3141 4033 καταργούμενα
3192 3965 3283 4013 καί
3344 3966 3611 4035 παυόμενα
3660 3965 3935 4023 τοσαύτην

2330 4052 2547 4122 ἔχουσιν
2568 4051 2618 4102 οἰ
2642 4050 2907 4123 ἄνθρωποι
2955 4045 3195 4108 σπουδὴν
3242 4055 3332 4103 καὶ
3381 4055 3604 4109 πτόησιν
3639 4052 3777 4120 (30),
3807 4059 3937 4129 περὶ

2331 4135 2390 4192 δέ
2431 4142 2496 4191 τὰ
2533 4143 2768 4212 μένοντα,
2802 4142 2892 4191 καὶ
2933 4137 3167 4211 μάλιστα
3195 4143 3290 4198 την
3329 4140 3493 4212 μείζω
3539 4141 3746 4193 πάντων
3792 4140 3939 4213 ἀγοί.

2326 4248 2452 4298 πην,
2479 4234 2573 4287 τὴν
2602 4232 3108 4303 χαρακτηρίζουσαν
3155 4232 3239 4281 τὸν
3279 4233 3613 4305 Χριστιανὸν,
3664 4231 3725 4283 οὔ
3774 4237 3935 4305 μόνον

2329 4317 2478 4370 αὐτοί
2534 4314 2789 4393 φροντίδα
2852 4314 3103 4390 οὐδεμίαν
3162 4338 3454 4387 ποιουνται,
3515 4318 3645 4373 ἀλλὰ
3689 4324 3781 4373 καὶ
3823 4331 3935 4384 τοῖς

564 4417 674 4480 est,
696 4410 973 4466 videlicet
1004 4423 1200 4479 neque
1247 4404 1362 4477 ipsi
1390 4403 1830 4475 ingrediuntur,
1862 4405 1986 4460 imo
2014 4405 2213 4475 ingre-

2343 4403 2715 4460 Ξσπουὸακόσιν
2774 4406 3142 4474 ἑναντιουνται,
3189 4412 3280 4461 καὶ
3317 4413 3613 4482 μαχόμενοι
3659 4409 3932 4483 πληρουσι

561 4498 1082 4566 dientesingressu
1103 4493 1426 4566 prohibent
1445 4494 1513 4549 “.
1530 4494 1907 4566 Quapropter
1926 4493 2212 4551 adhortor

2343 4498 2383 4548 rb
2415 4495 2678 4571 εἰρημένον
2707 4517 2720 4530 ο
2767 4497 2901 4549 Οὔτε
2941 4496 3093 4549 αὐτοὶ
3151 4496 3501 4571 εἰσέρχονται,
3529 4504 3618 4551 καὶ
3647 4502 3767 4560 τοὺς
3812 4500 3933 4554 εἰσ-

559 4603 672 4646 vos
700 4592 758 4644 et
777 4602 944 4658 rogo,
969 4590 1035 4641 ut
1060 4584 1247 4641 missa
1271 4584 1515 4641 curiosa
1540 4583 1951 4656 inquisitione,
1983 4582 2211 4641 relicta-

2344 4589 2633 4660 ρχομίνους
2695 4584 2984 4638 κωλύουσιν
3049 4584 3310 4641 εἰσελθεῖν.
3378 4591 3560 4662 Διόπερ
3635 4586 3930 4664 παρακαλῶ

1885 4761 1927 4840 17
1963 4761 2165 4840 Ma_t_th_.
2195 4777 2409 4840 ixxvxn,
2448 4767 2532 4832 19,
2562 4765 2659 4823 2ο.
2706 4837 2744 4840 __
2770 4762 2815 4840 ἔξ
2843 4766 3016 4840 Joan.
3056 4769 3274 4840 κτητο,
3391 4766 3437 4804 ¹³
3465 4764 3634 4824 Joan.
3677 4780 3802 4840 xw,
3831 4770 3925 4829 24.

630 4768 676 4803 ¹⁵
701 4768 871 4823 Joan.
903 4781 1020 4832 xvr,
1056 4768 1141 4820 13.
1239 4764 1285 4799 ¹⁶
1313 4763 1483 4819 Joan.
1513 4778 1636 4829 vni,
1668 4764 1757 4818 28.
1885 4763 1927 4798 ¹⁷
1963 4763 2165 4821 Matth.
2213 4777 2409 4831 xxvxn,
2448 4767 2532 4832 19,
2562 4765 2659 4823 2ο.
2770 4763 2815 4802 η
2843 4766 3016 4823 Joan.
3056 4777 3152 4834 xv,
3189 4769 3274 4824 1ο.
3391 4766 3437 4804 ¹³
3465 4764 3634 4824 Joan.
3677 4780 3802 4840 xw,
3831 4770 3925 4829 24.

631 4837 778 4896 ibid.
804 4842 893 4893 21.
956 4838 1001 4872 ²¹
1029 4838 1166 4892 Luc.
1191 4851 1251 4904 x,
1278 4840 1367 4892 20.
1435 4837 1483 4871 ²²
1511 4835 1687 4891 Joan.
1719 4850 1848 4903 xm,
1873 4838 1960 4892 35.
2046 4836 2094 4871 ³³
2126 4836 2148 4891 Ι
2178 4839 2308 4894 Cor.
2350 4854 2475 4907 xui,
2503 4843 2553 4907 l,
2577 4842 2634 4894 2.
2701 4837 2751 4874 ³⁸
2776 4837 2927 4895 ibid.
2950 4842 3004 4896 8.
3071 4841 3119 4875 ³⁵
3148 4837 3295 4896 ibid.
3331 4842 3413 4897 13.
3480 4840 3529 4876 ³⁸
3552 4842 3693 4897 Luc.
3728 4857 3805 4911 xi,
3831 4847 3925 4901 52.

553 4837 603 4876 ³ο
631 4837 778 4896 ibid.
804 4842 893 4893 21.
956 4838 1001 4872 ²¹
1029 4838 1166 4892 Luc.
1191 4851 1251 4904 x,
1278 4840 1367 4892 20.
1435 4837 1483 4871 ²²
1511 4835 1687 4891 Joan.
1719 4850 1848 4903 xm,
1873 4838 1960 4892 35.

2745 5016 2928 5103 Paris.
2962 5010 3113 5103 οὐθέν
3135 5015 3259 5103 εἰμι.
3294 5018 3428 5074 Mss.
3463 5018 3918 5103 quatuor-3:???

2379 5092 2494 5157 (29)
2537 5088 2725 5161 Editio
2774 5088 2958 5145 Paris.
3018 5088 3302 5161 θαυμάζειν
3351 5088 3682 5161 φημὶξῗπῶς.
3727 5090 3921 5147 Editio

2379 5110 2494 5157 μιν)
2537 5110 2725 5144 δαιυο
2774 5110 2958 5145 rans.
3018 5110 3302 5161 σανμαεειν
3351 5110 3417 5161 φη
3469 5111 3506 5155 ι,
3548 5110 3682 5152 πως.
3727 5110 3919 5147 ιαιειο

2308 5156 2457 5215 Ven.
2482 5165 2539 5216 et
2560 5159 2682 5216 duo
2714 5175 2862 5217 mss.
2887 5162 3167 5231 θαυμάζων
3199 5165 3353 5233 φημί.
3378 5110 3490 5216 Arii
3508 5160 3632 5216 duo
3661 5163 3919 5234 θαυμάζω

2304 5249 2429 5291 πως.

2378 5301 2495 5375 (301
2525 5302 2712 5358 Editio
2749 5302 2935 5358 Paris.
2984 5305 3046 5375 et
3072 5301 3235 5369 Regii
3264 5302 3499 5375 primus
3526 5306 3587 5375 et
3608 5303 3917 5360 secundus

2324 5369 2685 5455 σπουδὴνλιαὶ
2713 5384 2925 5455 wesely,
2951 5378 3006 5429 et
3033 5372 3119 5455 ita,
3143 5369 3390 5455 quoque
3421 5374 3732 5455 legiturin
3771 5391 3914 5455 conf

2300 5449 2465 5499 textu
2496 5444 2775 5499 editionis
2809 5448 3059 5500 Venetae.
3093 5444 3206 5500 Alii
3234 5444 3357 5500 duo
3387 5446 3629 5501 codices
3658 5448 3821 5512 Regii
3851 5451 3907 5501 et

2301 5514 2452 5570 liber
2482 5515 2678 5583 Voss.,
2704 5521 2761 5571 et
2784 5516 2966 5573 editio
2989 5516 3238 5585 Ven.,in
3259 5517 3533 5586 margine
3562 5515 3805 5576 σπουδὴν
3825 5522 3912 5568 καὶ

2302 5592 2548 5655 πτόησιν,
2581 5592 2763 5644 recte.

622 5023 734 5088 (26)
767 5015 1025 5089 Utraque
1047 5010 1226 5071 editio
1248 5018 1306 5089 et
1338 5012 1504 5089 Regii
1532 5013 1763 5089 primus
1794 5018 1849 5070 et
1874 5013 2199 5089 secundus,

545 5094 605 5148 et
630 5082 781 5148 alter
810 5082 1015 5161 uidi-57m
1068 5086 1311 5161 Reg._si;
1339 5082 1553 5161 Τρίάὸσῖ
1576 5088 1873 5161 ὁμοούσιον,
1910 5089 1972 5142 in
2009 5088 2199 5157 Trini-

546 5167 729 5219 tatem
754 5159 1353 5217 consubstantialem:
1380 5157 1545 5229 quod
1575 5157 1832 5227 dignum
1854 5162 1945 5212 est
1966 5162 2196 5229 notata,

542 5234 782 5308 ettale,
810 5236 876 5287 ut
916 5230 1299 5308 vel__nnicum
1334 5228 1538 5308 aperte
1565 5229 1847 5284 Ostendat
1874 5228 2197 5308 Eusebium

538 5305 935 5359 Sebastenum
964 5301 1102 5357 talia
1128 5315 1249 5355 non
1278 5301 1609 5372 scripsisse,
1643 5315 1781 5355 cum
1829 5315 2042 5354 vocem
2076 5301 2196 5371 ὁμο-

539 5377 718 5426 ούσιον
740 5389 865 5428 non
895 5372 1250 5428 admitteret.

626 5446 718 5511 2)
781 5440 1041 5525 Utraque
1096 5443 1277 5527 editio
1335 5444 1392 5497 et
1442 5444 1578 5567 Reg.

629 5533 701 5567 τε.
748 5513 859 5567 Aln
891 5521 1004 5567 tres
1036 5531 1180 5567 mss.
1214 5532 1394 5567 ε’]ητε.
1429 5514 1513 5567 lbi
1561 5529 1578 5567 ε

535 5514 701 5584 ἔχετε.
748 5513 859 5568 ΑΙἰὶ
891 5513 1004 5569 trés
1028 5531 1180 5584 mss,
1214 5515 1394 5584 ἔχητε.
1429 5513 1590 5568 Ibide

532 5583 682 5643 alter
708 5583 914 5641 itidem
944 5584 989 5635 ἐν
1019 5583 1282 5645 ἀλλήλοις,

1628 5440 1931 5497 secundus
1985 5438 2193 5513 ἀγάπην

1600 5530 1658 5567 m
1704 5516 1848 5583 Reg.
1901 5515 2106 5570 tertius
2137 5520 2196 5570 et
