4100 6196
193 296 286 354 680
1723 291 1812 349 DE
1849 286 2028 349 FIDE.

3443 299 3547 356 690

192 425 276 475 καὶ
329 418 540 494 δέομαι,
592 423 961 494 παυσαμένους
1026 429 1118 483 τῆς
1168 425 1447 496 περιέργου
1516 421 1781 484 ζητήσεως

1898 433 2017 491 que
2073 418 2375 477 indecenti
2422 421 2745 478 verborum
2796 421 3201 491 contentione,
3242 422 3314 479 iis
3341 439 3477 497 quae
3509 439 3547 482 ο.

191 519 274 563 καὶ
319 510 582 583 ἀπρεποῦς
638 511 989 583 λογομαχίας,
1033 510 1309 584 ἀρκεῖσθαι
1366 519 1477 574 τοῖς
1537 513 1637 563 ὑπὸ
1687 516 1786 561 τῶν

192 601 343 672 ἁγίων
385 605 477 652 καὶ
520 599 685 651 αὐτοῦ
735 606 829 651 τοῦ
878 605 1072 675 Κυρίου
1121 601 1428 675 εἰρημένοις,
1461 601 1585 664 ἄξια
1605 596 1665 652 δέ
1691 605 1788 659 τῆς

192 688 493 763 ἔπουρανίου
549 687 786 750 κλήσεως
841 695 1058 761 φρονεῖν’
1117 695 1206 742 καὶ
1265 689 1421 754 ἀξίως
1471 697 1564 742 τοῦ
1610 687 1786 759 Εὐαγ-

190 778 354 852 γελίου
411 785 507 832 τοῦ
572 784 812 851 Χριστοῦ
869 777 1254 846 πολιτεύεσθαι,
1306 778 1383 832 ἐπ’
1471 773 1645 832 ἑλπίδι
1694 784 1787 839 τῆς

193 871 399 923 αἰωνίου
457 869 619 933 ζωῆς,
671 888 762 920 και
791 867 1099 942 ἐπουρανίου
1122 868 1415 943 βασιλείας,
1448 866 1543 929 τῆς
1571 868 1789 941 ἡτοιμα-

193 963 378 1032 σμένης
440 965 577 1011 πᾶσι
622 964 742 1019 ποῑς
790 956 1124 1029 φυλάσσουσι
1166 961 1261 1020 τὰς
1309 958 1513 1019 ἐντολὰς
1538 966 1629 1010 τοῦ
1652 963 1786 1011 Θεοῦ

187 1053 270 1100 καὶ
315 1050 551 1120 Πατρός,
600 1048 696 1108 τάς
740 1049 876 1098 κατά
917 1050 976 1100 τὸ
1028 1046 1340 1120 Εὐαγγέλιον
1389 1052 1499 1099 τοῦ
1524 1049 1784 1121 μακαρίου

189 1144 315 1192 Θεοῦ
368 1136 555 1194 Ἰησοῦ
608 1142 846 1210 Χριστοῦ
890 1142 984 1187 τοῦ
1026 1140 1220 1209 Κυρίου
1250 1133 1498 1209 ἡμῶν,’ἐν
1527 1137 1787 1208 Πνεῦματι

352 1229 448 1278 καὶ
507 1223 746 1297 ἀληθείᾳ.
799 1221 978 1278 Ταῦτα
1034 1225 1444 1298 ὑπομνησθέντες
1486 1227 1631 1300 παρά
1690 1233 1786 1287 τῆς

183 1315 432 1390 ὑμετέρας
482 1312 750 1375 εὐλαϐείας
806 1315 1162 1389 ὑπαγορεῦσαι
1218 1313 1268 1366 ἐν
1305 1320 1413 1376 τοῖς
1474 1313 1785 1376 τελευταίοις

179 1408 261 1457 καὶ
296 1408 361 1457 τὸ
427 1402 623 1456 ἑαυτῶν
680 1406 920 1477 φρόνημα
976 1406 1188 1477 φανερὸν
1217 1410 1438 1462 ποιῆσαι
1470 1404 1590 1475 ὑμῖν
1615 1421 1669 1455 τε
1697 1407 1786 1455 καὶ

178 1490 248 1546 δι’
288 1495 444 1566 ὑμῶν
500 1499 614 1553 τοῖς
659 1489 709 1543 ἓν
764 1499 981 1564 Χριστῷ
1038 1488 1301 1563 ἀδελφοῖς,
1331 1492 1397 1552 εἰς
1434 1490 1785 1565 πληροφορίαν

174 1585 313 1656 ὑμῶν
360 1600 422 1635 τε
473 1585 565 1633 καί
617 1579 784 1632 αὐτῶν
823 1577 871 1632 ἐν
902 1581 1117 1652 ὀνόματι
1146 1588 1237 1632 τοῦ
1280 1585 1476 1657 Κυρίου
1504 1581 1653 1653 ἡμῶν
1685 1581 1787 1638 Ἰη-

172 1681 266 1727 σοῦ
298 1680 569 1747 Χριστοῦ,
602 1669 884 1743 ἀναγκαῖον
912 1676 1005 1723 καὶ
1029 1673 1157 1744 ἡμῖν
1192 1670 1461 1724 ἐπιϐάλλον
1492 1670 1606 1743 (31)
1656 1673 1785 1744 {gs/7;-

1897 509 2120 564 sanctis
2144 514 2200 565 et
2221 511 2300 566 ab
2320 511 2452 582 ipso
2467 512 2720 568 Domino
2740 511 2899 568 dicta
2920 516 3081 575 sunt,
3110 512 3372 569 contenti
3396 513 3545 583 sitis,

1895 611 2085 670 eaque
2105 614 2242 671 quae
2256 600 2559 656 caelestem
2577 601 2956 673 vocationem
2971 600 3242 669 deceant,
3258 601 3546 672 sentiatis,

1896 691 1954 743 et
1977 687 2160 744 vitam
2192 690 2384 759 agatis
2398 691 2613 747 Christi
2635 690 2958 761 Evangelio
2971 690 3223 760 dignam
3245 691 3325 747 ob
3338 708 3546 765 exspe~

1895 778 2216 834 ctationem
2239 780 2367 835 vitae
2389 786 2625 837 aeternae
2645 781 2938 853 regnique
2952 779 3206 837 caelestis
3225 799 3238 836 :
3254 781 3422 853 quod
3442 797 3546 853 pa-

1892 871 2092 922 ratum
2123 873 2211 924 est
2238 868 2522 925 omnibus
2544 869 2920 926 servantibus
2941 869 3233 925 mandata
3256 870 3425 925 Deiet
3443 872 3544 925 Pa-

1897 956 2019 1022 tris,
2047 973 2184 1029 quae
2208 962 2347 1013 sunt
2371 959 2708 1015 secundum
2729 958 3119 1030 Evangelium
3165 959 3327 1016 beati
3345 959 3544 1016 Deile-

1896 1061 1966 1100 su
1993 1045 2203 1102 Christi
2237 1047 2691 1116 Domininostri,
2724 1049 2784 1104 in
2814 1047 3033 1122 Spiritu
3055 1053 3281 1114 sancto,
3313 1052 3368 1104 et
3393 1047 3543 1104 veri-

1894 1138 2037 1192 tate.
2071 1137 2150 1190 De
2178 1135 2271 1191 his
2293 1152 2329 1192 a
2356 1142 2553 1193 vestra
2582 1138 2795 1211 pietate
2822 1138 3113 1194 admoniti
3139 1154 3381 1194 necesse
3410 1153 3543 1194 esse

1894 1228 1952 1280 et
1983 1220 2182 1279 ofﬁcio
2212 1230 2415 1283 nostro
2473 1227 2649 1298 229
2699 1227 3021 1282 convenire
3064 1226 3371 1293 duximus,
3408 1226 3541 1282 haec

1894 1314 2139 1369 tandem
2169 1313 2457 1384 indicare,
2487 1320 2879 1389 nostramque
2906 1315 3262 1371 sententiam
3290 1315 3464 1371 vobis
3485 1317 3543 1372 et

1893 1418 2000 1475 per
2025 1418 2130 1458 vos
2163 1402 2294 1458 aliis
2316 1403 2375 1459 in
2395 1404 2629 1460 Christo
2652 1403 2940 1460 fratribus
2971 1404 3358 1460 manifestam
3399 1403 3542 1459 red-

1892 1490 2156 1557 dere,ad
2194 1507 2438 1547 omnem
2476 1497 2743 1549 vestram
2768 1495 3168 1566 ipsorumque
3215 1491 3544 1550 dubitatio-

1891 1595 2031 1635 nem
2052 1580 2115 1636 in
2140 1581 2385 1636 nomine
2406 1581 2641 1637 Domini
2661 1582 2854 1639 nostri
2882 1584 2912 1636 ,Ι
2920 1598 3026 1638 esu
3049 1582 3285 1638 Christu
3302 1581 3542 1655 penitus

1891 1671 2220 1727 tollendam
2248 1688 2260 1726 :
2281 1688 2357 1728 ne
2380 1672 2724 1745 aliquorum
2746 1690 2919 1730 mens
2940 1673 3061 1729 ullo
3082 1672 3267 1728 modo
3288 1671 3546 1728 circum-

168 1763 383 1835 σιέμεθα
408 1764 544 1835 πρὸς
566 1764 626 1813 τὸ
651 1757 914 1833 μηδαμῶς
942 1763 1308 1835 περιφέρεσθαί
1335 1780 1486 1813 τινων
1533 1762 1619 1812 τὸν
1666 1767 1781 1812 νοῦν

1895 1760 2117 1816 feratur
2136 1761 2216 1816 ob
2236 1760 2643 1818 diversitatem
2656 1778 2862 1818 eorum
2874 1806 2887 1833 ,
2901 1778 3037 1835 quae
3050 1761 3199 1817 alias
3225 1760 3344 1816 alio
3359 1759 3543 1816 modo

166 1851 215 1904 ἓν
251 1859 319 1924 τῇ
356 1847 599 1924 διαφορᾷ
624 1858 725 1902 τῶν
747 1849 929 1902 ἄλλοτε
1075 1848 1241 1911 ἄλλως
1279 1850 1405 1924 παρ’
1452 1851 1598 1922 ἡμῶν
1646 1848 1785 1901 ἐκτε-

168 1944 385 2007 θέντων,
421 1938 504 1993 ἀεὶ
544 1936 607 1993 δέ
627 1942 760 2012 πρὸς
788 1942 878 1998 τὴν
908 1938 1315 2013 ἐπεισαγομένην
1352 1939 1496 2013 ποιρά
1523 1946 1624 1993 τῶν
1648 1937 1786 1991 ἀντι-

165 2026 558 2101 διατιθεμένων
615 2035 679 2099 τῇ
727 2025 945 2099 ἀληθείᾳ
1027 2028 1274 2080 ὑπόθεσιν
1355 2025 1784 2101 ἀναγκαζομένων

162 2121 321 2190 ἡμῶν
382 2116 694 2170 ἐνίστασθαι
730 2116 864 2187 (32),
922 2121 1052 2188 μήτε
1076 2120 1175 2188 μὴν
1206 2112 1616 2168 διασαλεύεσθαί
1642 2135 1787 2178 τινας

160 2206 221 2258 ἐν
277 2214 349 2278 τῇ
408 2204 729 2261 ἓναντιότητι
770 2212 871 2256 τῶν
912 2203 963 2256 ἐν
1010 2206 1136 2276 ἡμῖν
1192 2206 1259 2255 τά
1315 2203 1559 2277 ἀλλότρια
1602 2203 1787 2277 ἐπιφη-

159 2296 345 2368 μίζειν
392 2294 655 2358 θελόντων,
705 2294 737 2352 ἣ
792 2298 880 2345 καὶ
946 2295 1011 2346 τὰ
1053 2289 1174 2345 ἴδια
1212 2295 1354 2351 πάθη
1407 2293 1656 2355 πολλάκις
1703 2293 1785 2347 ἰπὶ

160 2388 223 2437 τὸ
291 2385 642 2459 συναρπάσαι
702 2385 821 2442 τοὺς
890 2381 1277 2456 ἁπλουστέρους
1353 2401 1447 2435 του
1529 2385 1783 2455 ἡμετέρου

163 2479 507 2548 φρονήματος
588 2467 1079 2544 καταψευδομένων·
1153 2471 1245 2532 οῦς
1293 2476 1383 2524 καὶ
1447 2473 1566 2543 ὑμῖν
1625 2471 1784 2544 φυλά-

164 2563 386 2630 ξασθαι,
454 2564 528 2623 ὡς
574 2559 877 2634 ἀλλοτρίους
922 2568 1025 2621 τῶς
1054 2559 1403 2632 εῦαγγελικῆς
1429 2565 1519 2612 καὶ
1548 2559 1781 2613 ἀποστο-

160 2651 313 2713 lani;
380 2654 615 2713 πίστεώς
658 2668 715 2703 τε
771 2653 860 2702 καὶ
914 2648 1144 2721 ἀγάπης,
1208 2647 1508 2721 ἀναγκαῖον·
1588 2657 1785 2722 μεμνῆο

170 2743 295 2794 σθαι
354 2736 419 2794 δέ
468 2746 566 2793 τοῦ
614 2741 729 2809 (33)
775 2738 1093 2792 ’Λποστόλου
1124 2739 1370 2799 εἰπόντος·
1404 2738 1560 2791 Ἀλλὰ
1587 2744 1677 2792 καὶ
1698 2738 1783 2791 ἐὰν

169 2831 342 2903 ἡμεῖς,
405 2830 438 2889 ἦ
495 2828 715 2901 ἄγγελος
794 2827 847 2891 ἕξ
915 2828 1134 2902 οὐρανοῦ
1207 2827 1610 2900 εὐαγγελίςηται
1661 2830 1783 2901 ὑμῖν

170 2919 290 2994 παρ’
342 2919 371 2971 ὁ
426 2916 881 2990 εὐηγγελισάμεθα
948 2919 1069 2990 ὑμῖν
1149 2919 1285 2988 (34),
1337 2919 1572 2991 ἀνάθεμα
1626 2920 1778 2970 ἔστω·

172 3011 255 3060 ἶνα
337 3015 627 3083 τηροῦντες
690 3005 895 3059 κάκεῖνο
967 3009 1047 3072 τὸ,
1134 3010 1433 3080 Προσέχετε
1508 3005 1611 3059 ἀπὸ
1681 3014 1781 3059 τῶν

1894 1848 2168 1920 exposita
2195 1864 2231 1905 a
2258 1849 2433 1904 nobis
2459 1853 2616 1917 sunt,
2640 1849 2912 1905 videlicet
2939 1865 3179 1922 semper
3191 1864 3303 1905 nos
3324 1848 3394 1904 iis
3407 1864 3544 1921 qua)

1893 1952 1930 1993 a
1960 1936 2221 1992 veritatis
2241 1936 2720 2009 opugnatoribus
2740 1936 3146 1993 atterebantur
3166 1937 3543 2007 argumentis

1893 2026 2171 2082 resistere
2200 2025 2572 2096 cogebamur
2595 2026 3173 2099 ;neveimpugnatio
3198 2041 3410 2082 eorum
3437 2026 3543 2099 qui

1893 2113 2071 2172 nobis
2098 2115 2294 2171 aliena
2314 2114 2571 2171 tribuere
2591 2115 2817 2182 volunt,
2846 2120 2950 2171 aut
2985 2114 3091 2188 qui
3129 2115 3309 2171 etiam
3355 2130 3543 2187 saepe-

1893 2219 2168 2273 numero,
2219 2208 2283 2259 ut
2332 2203 2730 2277 simpliciores
2773 2202 2853 2261 ad
2891 2220 2954 2260 se
2992 2203 3364 2277 pertrahant,
3394 2220 3542 2261 suos

1891 2293 2164 2365 ipsorum
2194 2308 2425 2349 errores
2452 2297 2666 2348 contra
2694 2295 2962 2349 nostram
2986 2292 3340 2349 sententiam
3364 2291 3543 2349 nobis

1893 2381 2212 2452 attingunt,
2226 2397 2601 2454 quemquam
2619 2385 3031 2439 commoveat:
3062 2397 3099 2438 a
3117 2381 3341 2454 quibus
3361 2381 3544 2438 etiam

1892 2485 2021 2539 vos,
2046 2476 2111 2526 ut
2141 2470 2219 2526 ab
2241 2470 2593 2527 hominibus
2625 2471 2703 2527 ab
2734 2470 3084 2540 evangelica
3117 2474 3174 2527 et
3209 2470 3545 2544 apostolica

1890 2560 2011 2619 ﬁde
2033 2565 2213 2633 atque
2236 2561 2523 2617 charitate
2555 2559 2793 2629 alienis,
2825 2559 3171 2615 necessario
3192 2574 3402 2615 cavere
3432 2558 3540 2613 de-

1890 2648 2065 2716 betis,
2106 2665 2177 2704 ac
2222 2649 2578 2706 meminisse
2622 2648 3012 2722 Apostoliqui
3042 2647 3365 2704 dixitzSed
3403 2648 3543 2704 licet

1889 2755 2018 2806 nos,
2046 2745 2153 2797 aut
2180 2742 2432 2812 angelus
2453 2741 2525 2797 de
2555 2742 2692 2796 creto
2723 2740 3089 2810 evangelizet
3113 2739 3274 2795 vobis
3296 2743 3545 2808 praeter-

1891 2843 2071 2900 quam
2088 2831 2247 2901 quod
2262 2830 2797 2900 evangelizavimus
2820 2829 3001 2896 vobis,
3030 2829 3359 2884 anathema
3374 2828 3450 2883 sit
3470 2827 3541 2883 ’τι

1891 2924 1955 2975 ut
1980 2918 2386 2976 custodientes
2412 2916 2649 2979 etillud,
2674 2918 2985 2974 Attendite
3012 2932 3048 2973 α
3077 2919 3256 2987 falsis
3283 2916 3546 2988 prophe-

1891 3008 1967 3063 tis
1984 3010 2031 3043 ³⁸
2056 3025 2069 3062 :
2092 3008 2232 3063 item
2255 3006 2403 3062 illud
2428 3006 2527 3061 :Ut
2548 3005 2923 3062 subtrahatis
2945 3020 3044 3061 vos
3065 3006 3139 3061 ab
3160 3007 3325 3061 omni
3340 3006 3546 3073 fratre

174 3094 626 3172 ψευδοπρφοητῶν
654 3117 669 3130 θ
738 3101 827 3149 καὶ
889 3098 949 3148 τὸ
974 3137 988 3163 ,
1057 3094 1359 3149 Στέλλεσθαι
1452 3098 1588 3169 ὑμᾶς
1680 3095 1781 3150 ἀπὸ

1892 3113 1985 3154 am
1995 3094 2670 3158 bulanteinordinate,et
2685 3109 2803 3149 non
2815 3094 3139 3150 secundum
3152 3093 3541 3149 traditionem

176 3191 371 3249 παντὸς
475 3182 705 3258 ἀδελφοῦ
797 3183 1034 3246 ἀτάκτως
1129 3188 1536 3258 περιπατοῦντος
1569 3228 1583 3251 ,
1690 3192 1781 3239 καὶ

177 3279 247 3347 μὴ
306 3280 447 3329 κατά
495 3279 592 3334 τὴν
642 3270 963 3348 παράδοσιν,
1014 3273 1076 3334 ἣν
1124 3273 1411 3348 παρέλαϐον
1470 3275 1585 3346 (36)
1655 3258 1781 3351 παρ’

177 3366 339 3437 ἡμῶν,
403 3372 706 3437 στοιχῶμεν
764 3371 836 3435 τῷ
902 3367 1076 3415 κανόνι
1130 3371 1231 3415 τῶν
1284 3361 1465 3435 ἁγίων,
1502 3367 1569 3426 ὡς
1600 3365 1778 3417 Ε’ποι-

178 3451 560 3528 ιοδομηθέιτες
644 3451 729 3505 ἐπὶ
816 3460 889 3522 τῷ
976 3451 1189 3524 θεμελίῳ
1278 3460 1379 3504 τῶν
1478 3451 1777 3507 ἀποστόλων

171 3549 257 3596 καὶ
336 3550 648 3619 προρητῶν,
743 3544 889 3603 ὄντος
977 3538 1351 3613 ἀκρογωνιαίου
1434 3544 1594 3595 αὐτοῦ
1684 3544 1778 3596 τοῦ

174 3638 369 3707 Κυρίου
415 3635 568 3705 ἡμῶν
620 3630 800 3689 Ἰησοῦ
857 3637 1108 3703 Χριστοῦ,
1161 3628 1212 3681 ἐν
1263 3631 1304 3701 ᾧ
1340 3636 1490 3683 πᾶσα
1518 3628 1772 3704 οἰκοδομὴ

170 3721 697 3797 συναρμολογουμένη
769 3718 911 3782 αῦξει
1000 3718 1073 3781 εἰς
1148 3720 1268 3771 ναὸν
1344 3720 1491 3791 ἅγιον
1568 3719 1615 3773 ἐν
1675 3728 1775 3775 Κυ-

164 3828 280 3882 ριῳ.
330 3808 391 3861 Ὀ
441 3804 501 3861 δε
549 3809 674 3870 Θεὸς
718 3815 816 3870 τῆς
867 3807 1075 3881 εἰρήνης
1142 3806 1366 3878 ἁγιάσαι
1423 3810 1554 3882 ὑμᾶς
1610 3809 1774 3863 ὁλοτε-

164 3896 286 3965 λιῐς,
378 3902 473 3952 καὶ
557 3896 836 3973 ὀλόκληρον
923 3899 1066 3970 ὑμῶν
1145 3900 1203 3949 τὸ
1279 3906 1501 3971 πνεῦμα,
1585 3904 1676 3952 καὶ
1739 3902 1769 3959 η

164 3986 344 4060 ψυχὴ,
407 3990 502 4039 καὶ
580 3989 638 4039 τὸ
705 3994 859 4059 σῶμα
925 3984 1211 4059 ἀμέμπτως
1276 3985 1326 4038 ἐν
1385 3995 1448 4060 τῇ
1506 3993 1777 4063 παρουσίᾳ

166 4084 257 4129 τοῦ
336 4080 537 4152 Κυρίου
594 4076 743 4148 ἡμῶν
793 4076 969 4133 Ἰησοῦ
1042 4082 1274 4149 Χριστοῦ
1332 4078 1585 4150 τηρηθείη
1635 4080 1770 4151 (36).

1887 3201 2066 3259 quam
2088 3188 2448 3253 acceperunt
2480 3198 2517 3238 a
2538 3182 2707 3237 nobis
2730 3184 2798 3249 ³9,
2832 3197 2903 3237 ex
2926 3184 3276 3237 sanctorum
3310 3178 3541 3236 institu-

1888 3277 1963 3333 tis
1992 3275 2372 3341 incedamus,
2396 3278 2694 3345 tanquam
2715 3272 3180 3343 supermdiﬁcati
3197 3286 3379 3342 super
3394 3272 3538 3341 fun-

1887 3364 2233 3422 damentum
2246 3363 2656 3433 apostolorum
2674 3367 2729 3418 et
2745 3362 3417 3432 prophetarumsummo
3432 3376 3539 3419 an-

1885 3458 2097 3527 gulari
2126 3455 2329 3524 lapide
2347 3455 2475 3524 ipso
2498 3452 2750 3509 Domino
2775 3456 2986 3507 nostro
3007 3455 3169 3508 Iesus
3191 3452 3439 3518 Christo,
3473 3453 3539 3511 in

1884 3562 2002 3617 quo
2026 3545 2217 3600 omnis
2247 3542 2564 3611 aediﬁcatio
2577 3546 2924 3598 constructa
2942 3542 3157 3598 crescit
3171 3542 3232 3596 in
3249 3543 3538 3611 templum

1882 3640 2158 3691 sanctum
2180 3634 2244 3688 in
2266 3632 2590 3687 Domino”.
2614 3631 2771 3686 Deus
2794 3636 2992 3686 autem
3009 3632 3173 3700 pacis
3195 3630 3538 3697 sanctiﬁcet

1884 3739 1983 3781 vos
2023 3728 2193 3789 totos,
2239 3728 2293 3778 et
2330 3722 2563 3791 integer
2596 3725 2785 3777 vester
2832 3719 3104 3787 spiritus,
3133 3722 3189 3774 et
3219 3719 3447 3787 anima,
3478 3723 3535 3775 et

1883 3825 2094 3883 corpus
2111 3811 2267 3866 citra
2288 3807 2807 3878 reprehensionem
2821 3808 2883 3861 in
2897 3805 3162 3862 adventu
3180 3806 3421 3862 Domini
3431 3821 3535 3861 no-

1881 3901 1998 3958 stri
2014 3901 2157 3957 Jesu
2180 3898 2408 3955 Christi
2425 3903 2715 3954 servetur.
2733 3896 2958 3953 Fidelis
2969 3896 3221 3952 estDeus
3241 3895 3349 3966 qui
3365 3909 3537 3952 voca-

1884 3992 1969 4047 vit
2001 4004 2099 4045 vos
2150 3988 2288 4059 :qui
2316 3988 2496 4043 etiam
2515 3987 2698 4056 faciet
2714 3986 2786 4056 3',
2809 3985 2858 4041 si
2878 3983 3063 4041 modo
3084 3983 3374 4041 mandata
3401 3984 3534 4055 ejus

1885 4094 2218 4146 servemus,
2240 4076 2433 4147 gratia
2461 4075 2674 4133 Christi
2693 4075 2753 4130 in
2779 4074 2997 4148 Spiritu
3013 4078 3244 4130 sancto.

170 4170 367 4230 Πιστὸς
418 4167 448 4218 ὁ
500 4168 627 4228 Θεὸς
684 4166 711 4219 ὀ
756 4163 923 4217 καλῶν
979 4165 1135 4238 ὑμᾶς,
1196 4164 1251 4226 ὃς
1301 4168 1393 4218 καὶ
1453 4170 1683 4234 ποιήσει,
1740 4167 1824 4221 ἐὰν
1876 4172 1971 4233 τὰς
2027 4166 2231 4230 ἐντολὰς
2287 4166 2447 4219 αὐτοῦ
2503 4169 2832 4238 τηρήσωμεν,
2876 4166 3065 4238 χάριτι
3134 4170 3227 4217 τοῦ
3292 4169 3529 4238 Χριστοῦ

165 4253 212 4307 in
232 4258 501 4328 Πνεῦματι
523 4252 683 4326 ἁγίῳ,

234 4350 287 4402 6'
327 4348 409 4400 Τὰ
460 4348 581 4416 περὶ
626 4351 723 4406 τῆς
770 4343 1111 4414 ὑγιαινούσης
1158 4346 1387 4405 πίστεως
1430 4345 1544 4414 (37)
1584 4343 1632 4397 ἐν
1657 4343 1768 4409 τοῖς

234 4489 281 4525 ⁸⁷
304 4486 498 4546 Galat.
531 4500 574 4554 ι,
614 4488 667 4541 8.
745 4486 792 4522 ³⁸
822 4484 1022 4544 Matth.
1054 4501 1156 4557 vn,
1190 4486 1277 4542 15.

1354 4487 1402 4522 ²⁹
1432 4489 1473 4543 ll
1505 4487 1709 4547 Thess.
1740 4491 1819 4557 ni,
1839 4492 1891 4546 6.

1950 4352 2002 4403 6.
2037 4348 2187 4403 Cum
2215 4343 2290 4401 de
2318 4343 2412 4399 his
2441 4357 2579 4414 quae
2601 4341 2679 4398 ad
2736 4355 2952 4398 sanam
2998 4341 3185 4398 ﬁdem
3232 4341 3531 4415 pertinent

1968 4489 2015 4525 ³ο
2040 4486 2257 4561 Ephes.
2298 4500 2358 4552 ιι,
2383 4488 2473 4541 20.
2550 4485 2594 4519 δι
2638 4487 2658 4539 I
2690 4482 2893 4540 Thess.
2924 4500 2984 4555 v,
3018 4488 3109 4554 23,
3149 4488 3237 4540 24.

235 4632 345 4701 (31)
378 4628 573 4687 Editio
601 4628 787 4685 Paris.
828 4633 919 4682 καὶ
938 4630 1060 4701 υμῖν
1091 4626 1380 4684 ἐπιϐάλλον.
1400 4627 1596 4687 Editio
1627 4633 1767 4688 Ven.

1892 4630 2067 4688 Bdilio
2112 4629 2278 4681 καλῶν
2321 4631 2456 4701 ὑμᾶς
2512 4629 2577 4701 ὡς
2625 4631 2964 4701 καξποιὴσει.
2999 4627 3198 4685 Codex
3240 4629 3515 4701 Combef.

173 4708 227 4761 et
254 4710 379 4760 tres
400 4717 559 4758 mss.
593 4706 683 4773 καὶ
705 4702 846 4773 ἡμῖν.

234 4779 343 4841 (32)
376 4776 522 4846 Reg.
556 4770 788 4846 primus
817 4773 962 4845 ἡμῶν
985 4773 1255 4826 ῖστασθαῖ.
1306 4770 1464 4828 Alter
1511 4774 1651 4844 Reg.
1694 4774 1771 4827 ἐν·

173 4846 446 4899 ίστασθαι.
481 4844 716 4900 Statim.
748 4845 889 4913 Reg.
912 4858 1070 4899 unus
1101 4845 1183 4896 ἐπὶ
1208 4851 1280 4913 τῷ
1309 4861 1423 4897 συν.

235 4921 346 4985 (33)
404 4916 555 4986 Reg.
603 4914 814 4971 tertius
861 4920 919 4970 et
969 4914 1122 4989 alter
1144 4913 1348 4989 itidem
1375 4913 1594 4989 Regius
1624 4914 1771 4989 6cm,-

170 4984 330 5051 ω...
352 4984 852 5061 μεμνημένοις-του·
890 4984 1059 5058 quod
1107 4986 1256 5058 quin
1284 4985 1470 5057 recipi
1524 4984 1770 5061 quoque

174 5056 545 5134 possittnon
575 5056 811 5114 dubito.

237 5134 349 5209 (34)Δ
369 5126 850 5209 Editio‘utraque
866 5131 923 5183 et
937 5130 1081 5209 Reg.
1105 5126 1410 5209 secyndus
1428 5128 1550 5209 παρ’
1571 5128 1772 5209 ὃ-εὗηγ-

169 5202 461 5275 γελεσάμην
494 5202 639 5275 ὑμῖν.
666 5198 912 5275 Aliitres
936 5198 1174 5255 codices
1196 5198 1359 5269 Regii
1374 5198 1586 5272 praeter
1601 5198 1769 5259 Voss.

169 5271 293 5347 παρ’
316 5271 851 5347 ἴεῦηγγελισάμεθα.

236 5340 350 5406 (35)
609 5340 782 5417 Voss.
815 5341 877 5399 ἢν
902 5340 1283 5417 παρελάϐοσαν.

235 5420 350 5487 136)
384 5413 578 5487 Editio
609 5412 794 5469 Paris.
820 5418 878 5469 et
908 5412 1046 5482 Reg.
1073 5413 1376 5469 secundus
1409 5413 1660 5487 perinde
1710 5418 1777 5470 ut

175 5485 358 5542 editio
389 5488 538 5543 Ven.
558 5486 625 5541 in
645 5489 929 5560 contextu
948 5492 1184 5560 Χριστοῦ
1219 5485 1430 5560 εῦρεθῇξ
1464 5485 1611 5557 Reg.
1652 5500 1775 5560 pri-

178 5573 315 5633 mus
332 5560 588 5633 εςᾶρεθείη.
612 5556 725 5633 alii
741 5556 864 5611 duo
884 5555 1043 5626 Regii
1063 5573 1208 5633 mss.
1231 5555 1291 5633 et_
1302 5555 1501 5633 Voss”
1520 5555 1578 5612 et
1596 5555 1779 5611 editio

180 5631 323 5687 Ven.
346 5626 410 5687 in
429 5630 712 5717 margine
728 5634 965 5704 Χριστοῦ
982 5630 1257 5704 τηρηθείη.
1276 5626 1508 5687 Ibidem
1526 5632 1781 5702 utraque

1884 4708 1942 4759 et
1996 4701 2097 4759 alii
2140 4701 2264 4757 duo
2301 4698 2468 4752 καλῶν
2515 4700 2651 4772 ὑμᾶς
2691 4698 2748 4761 ὃς
2796 4704 2907 4753 καὶ.
2939 4701 3079 4769 Reg.
3130 4700 3337 4756 tertius
3358 4702 3525 4753 καλῶν

1881 4777 2016 4847 ἡμᾶς
2042 4776 2284 4855 6;.__l)iox
2310 4771 2459 4855 liber
2488 4771 2663 4855 γοδς.
2693 4773 2883 4855 χάριτι
2906 4790 2997 4855 του
3040 4776 3255 4855 Κυρίου.

1952 4850 2066 4909 (37)
2120 4844 2239 4917 illa,
2286 4846 2514 4917 7&_r.s‘oi
2571 4852 2661 4904 τῆς
2690 4844 3032 4917 ὑγιαινούσης
3076 4845 3524 4917 πίστεως,γεῐγι’ρ·

1878 4916 2043 4986 liqua
2073 4915 2279 4972 omnia
2307 4913 2387 4970 ad
2415 4910 2600 4970 ﬁnem
2631 4910 2845 4986 usque,
2877 4914 2958 4969 ita
2976 4912 3172 4986 locata
3200 4916 3344 4986 sunt
3377 4916 3434 4986 et
3458 4910 3523 4965 in

1879 4980 2137 5044 editione
2180 4988 2321 5041 Ven.
2367 4991 2422 5041 et
2451 4986 2512 5041 in
2542 4980 2749 5041 codice
2791 4980 2958 5039 Voss.
2990 4988 3048 5037 et
3074 4982 3136 5037 in
3162 4981 3296 5037 aliis
3328 4980 3522 5035 tribus

1876 5059 2043 5133 libris
2071 5056 2494 5133 veteribus,_ut_
2507 5052 3196 5133 conjunganturcum‘i‘ls
3216 5066 3353 5133 qua;
3372 5066 3524 5133 pref

1880 5131 2100 5188 cedunt
2159 5128 2287 5184 sine
2335 5128 2452 5183 ullo
2479 5121 2793 5182 intervallo
2819 5131 2875 5179 et
2919 5123 3045 5178 sine
3075 5121 3196 5178 ullo
3225 5121 3433 5190 titulo;
3466 5127 3526 5178 et

1880 5203 1964 5258 ita
1994 5200 2089 5256 edi
2141 5199 2358 5255 debere
2400 5203 2566 5270 puto,
2598 5199 2966 5270 _c_um__totu_m
2992 5190 3159 5261 illud,
3183 5192 3351 5270 quod
3374 5192 3519 5266 dixi,

1880 5273 2121 5401 Eroprie
2146 5271 2329 5340 hujus
2362 5262 2446 5323 De
2460 5262 2580 5337 ﬁde
2596 5265 2778 5321 libelli
2798 5264 3070 5337 epilogus
3086 5262 3221 5319 esse
3230 5262 3523 5344 videatur.

1932 5359 2017 5397 τεο
2042 5358 2178 5401 (ποτε
2202 5340 2407 5397 notavi
2437 5337 2639 5401 verba,
2702 5339 2766 5387 τὰ
2794 5338 2930 5401 περί,
2963 5340 3078 5389 etc.
3096 5377 3109 5401 ,
3138 5334 3405 5392 efﬁciunt
3421 5352 3523 5401 pe-

1932 5334 2017 5415 me
2042 5358 2178 5415 quae
2202 5334 2639 5415 n'otaviﬁerba,
2702 5339 2766 5415 τὰ
2794 5334 2930 5415 περί,
2963 5340 3078 5415 etc.
3096 5377 3109 5402 ,
3138 5334 3405 5415 efﬁciunt
3421 5352 3527 5410 pe-

1884 5404 2169 5469 culiar’em
2200 5404 3235 5485 quamdamlu'cubratiunculamin
3266 5404 3528 5485 editione

1888 5485 2077 5540 Paris.
2120 5479 2255 5539 cum
2286 5484 2402 5538 hoc
2425 5479 2615 5553 titulo,
2645 5481 2923 5553 ῌροοίμιον
2974 5485 3073 5553 τῶν
3113 5481 3325 5553 eomas,
3375 5481 3531 5539 Pro-

1892 5557 2127 5612 wmium
2145 5555 2502 5610 ethicorum.
2522 5548 2761 5623 Tituliia
2779 5548 3176 5623 quilegiturin
3191 5553 3532 5623 Reg.tertio.

1890 5624 2058 5685 haud
2077 5626 2275 5697 magis
2297 5622 2598 5681 convenit.
2615 5624 2715 5680 Est
2732 5626 2935 5680 autem
2950 5621 3418 5700 ejusmodi,hcpt
3434 5632 3535 5679 τῶν
