4100 6196
540 243 639 299 691
1918 237 1976 295 S.
2017 236 2159 296 BAS]

2322 235 2524 296 IAGNI
3219 237 3224 239 ’
3806 240 3941 298 602

541 363 685 421 satis
709 375 820 435 pro
840 364 1111 434 tempore
1159 359 1222 416 in
1263 359 1682 432 superioribus
1703 376 1742 419 ε,
1765 361 1945 420 nobis
1967 360 2160 418 dictun

2318 363 2410 436 πρὸ
2463 363 2657 416 τούτων
2697 362 2971 438 αὐτάρκως
3013 363 3260 434 ειρῆσθαι
3315 361 3446 436 πρὸς
3473 361 3532 414 τὸ
3571 362 3741 435 παρὸν
3772 361 3937 434 λογι-

541 452 729 510 fuisse
749 455 1052 526 putemus,
1070 450 1200 521 jam
1226 449 1499 518 moralia,
1521 466 1658 523 qua:
1681 450 2095 524 promisimus,
2133 450 2160 506 ii

2312 451 2532 524 ἴομενοι,
2584 452 2810 506 ἐντεῦθεν
2857 456 2951 510 τήν
2994 456 3114 524 περί
3174 460 3273 504 τῶν
3341 451 3535 508 ἠθικῶν
3593 449 3931 524 ἐπαγγελίαν

541 541 788 600 nomine
840 538 1073 596 Domini
1102 539 1290 594 nostri
1319 541 1461 595 Jesu
1490 539 1701 596 Christi
1736 539 1971 596 tradere
2021 553 2160 595 cone

2311 539 2351 594 ἓν
2383 541 2595 614 ὀνόματι
2648 563 2738 594 του
2802 545 2996 614 Κυρίου
3037 543 3182 614 ἡμων
3237 540 3417 599 Ἰησου
3491 547 3734 615 Χριστου
3781 540 3930 598 πλη-

544 647 701 689 mur.
724 633 1112 700 Quaecunque
1144 627 1324 699 igitur
1342 627 1638 685 hactenus
1663 629 1921 702 sparsim
1951 629 2012 684 in
2035 632 2163 684 Novi

2310 639 2471 702 ρῶσαι
2523 629 2927 705 σπουδάσωμεν.
2967 630 3110 685 Ὀσα
3172 635 3342 684 τοίνυν
3396 630 3702 704 εὑρίσκομεν
3771 631 3929 682 κατὰ

543 721 922 778 Testamento
945 722 1048 772 aut
1078 717 1398 773 interdicta
1443 722 1548 773 aut
1593 718 1935 790 approbata
1973 719 2162 775 inveni

2308 725 2396 779 τὴν
2465 726 2656 780 Καινὴν
2713 726 2834 781 τέως
2886 723 3149 778 Διαθήκην
3206 715 3481 793 σποραδην
3505 718 3927 794 ἀπηγορευμένα

545 827 700 880 mus,
725 825 796 864 ea
826 824 935 880 pro
956 811 1160 863 nostra
1177 807 1329 864 virili
1351 813 1523 880 parte
1539 807 1601 864 in
1629 809 1873 880 regulas
1895 807 2164 881 quasdan

2304 810 2332 869 ἡ
2394 814 2748 885 έγκεκριμένα,
2799 831 2986 878 ταυτα,
3040 811 3178 862 κατὰ
3224 812 3282 862 τὸ
3340 806 3560 860 δυνατὸν
3627 810 3780 880 ἡμῖν,
3840 809 3923 872 εἰς

545 897 1050 970 compendiarias.
1077 913 1199 969 quo
1222 896 1453 953 facilius
1493 913 1528 953 a
1557 898 1774 971 quovis
1805 897 2164 967 intelligeret:

2304 901 2458 973 ὅρους
2493 897 2865 973 κεφαλαιώδεις
2919 903 3048 974 πρὸς
3104 902 3163 952 τὸ
3214 899 3465 958 εὔληπτον
3496 905 3601 960 τοῖς
3639 897 3921 972 βουλομέ-

546 991 660 1054 tur,
694 986 973 1057 colligere
996 986 1368 1054 curavimus,
1393 988 1672 1059 apposito
1700 987 1780 1042 ad
1802 985 2072 1057 singulas
2111 1000 2165 1041 re

2303 1007 2411 1051 νοις
2484 986 2888 1062 ἐσπουδάσαμεν
2958 995 3292 1060 συναγαγεῖνο
3342 987 3656 1061 παραθέντες
3698 984 3920 1059 ἑκάστῳ

548 1075 719 1146 gulas
772 1091 1028 1131 numero
1069 1074 1250 1130 etiam
1300 1074 1572 1146 capitum
1616 1073 2167 1147 Scripturm,qumii

2305 1078 2407 1152 ὅρῳ
2481 1082 2570 1130 καὶ
2644 1081 2730 1130 τὸν
2797 1076 3017 1153 ἀριθμὸν
3087 1085 3187 1129 τῶν
3234 1074 3733 1150 ἒμπεριειλημμίνων
3766 1075 3923 1145 αὐτῷ

547 1163 814 1238 qualibet
864 1163 1076 1234 regula
1122 1163 1506 1219 continentur
1537 1183 1552 1233 ;
1583 1163 1709 1219 sive
1753 1179 1826 1220 ex
1877 1161 2166 1234 Evangelii

2304 1175 2568 1240 γραφικῶν
2636 1166 2942 1240 κεφαλαίων,
3013 1169 3113 1219 εἴτε
3154 1165 3208 1218 ἐκ
3263 1185 3356 1218 του
3414 1165 3754 1236 Εὖαγγελίου,
3811 1168 3923 1218 εἴτε

549 1257 795 1326 sumpta
817 1252 954 1320 sint,
987 1251 1111 1307 sive
1136 1267 1209 1306 ex
1230 1251 1539 1324 Apostolo,
1571 1253 1728 1308 Actis
1758 1267 1826 1308 ve
1849 1270 1862 1308 :
1888 1256 1953 1308 ut
1981 1252 2087 1326 qui
2114 1267 2168 1308 re

2305 1252 2360 1308 ἐκ
2407 1275 2498 1309 του
2551 1257 2952 1324 Ἀποστὸλου,ἢ
3009 1261 3112 1308 τῶν
3167 1254 3426 1330 Πράξεων·
3460 1255 3543 1307 ἵνα
3574 1256 3602 1306 ὁ
3651 1253 3922 1325 arar/vox);

550 1343 753 1414 gulam
775 1341 1003 1411 legerit,
1028 1352 1478 1414 numerUmque
1510 1343 1563 1397 ei
1594 1342 1944 1416 appositum
1966 1341 2169 1397 viderit

2305 1347 2391 1398 τὸν
2440 1346 2576 1420 ὅρον,
2609 1350 2702 1399 καὶ
2751 1342 2875 1398 ἰδὼν
2918 1349 3292 1419 παρακείμενον
3361 1343 3502 1414 αὐτῷ
3544 1345 3630 1396 τὸν
3678 1351 3919 1416 πρῶτον,

548 1430 714 1486 verbi
747 1430 961 1500 gratia,
996 1429 1261 1502 primum
1284 1435 1387 1486 aut
1418 1431 2017 1496 secundum,deinde
2048 1429 2167 1488 Scri

2309 1433 2354 1487 εἰ
2409 1437 2587 1506 τύχοι,
2635 1434 2664 1494 ἦ
2725 1437 2811 1486 τὸν
2862 1431 3100 1509 δεύτερον
3159 1431 3400 1507 ἀριθμὸν,
3455 1429 3569 1486 εἶτα
3640 1430 3919 1484 ἀναλαϐὼν

548 1522 790 1592 pturam
808 1519 1006 1591 ipsam
1039 1519 1442 1592 sumpseritin
1457 1535 1700 1590 manus,
1725 1525 1780 1576 et
1802 1519 2070 1593 praedicti
2093 1534 2167 1575 nu

2309 1521 2470 1581 αὐτὴν
2537 1528 2630 1582 την
2704 1527 2933 1597 Γραφὴν,
2992 1527 3083 1575 καὶ
3137 1521 3481 1584 ἀναζητήσας
3526 1523 3587 1574 τὸ
3633 1520 3921 1593 κεφάλαιον

549 1609 698 1664 meri
718 1613 902 1680 caput
936 1607 1403 1679 investigaverit,
1425 1609 1506 1666 ita
1526 1609 1773 1666 demum
1792 1609 2168 1666 testimonium

2310 1630 2401 1664 του
2450 1617 2825 1688 προειρημένου
2885 1612 3130 1688 ἀριθμου,
3189 1612 3352 1673 οὕτως
3404 1610 3525 1685 εὕρῃ
3557 1613 3652 1668 τὴν
3702 1629 3921 1684 μαρτυ-

549 1713 624 1753 ex
643 1713 766 1770 quo
789 1697 1000 1767 regula
1026 1698 1299 1754 confecta
1325 1704 1434 1767 est,
1454 1699 1739 1756 inveniat.
1768 1698 2052 1755 Volebam
2073 1698 2168 1772 qui

2310 1706 2430 1776 ρίαν
2490 1705 2620 1778 πρὸς
2677 1702 2735 1761 ἣν
2767 1704 2792 1754 ὁ
2824 1705 2941 1778 ὅρος
2987 1704 3289 1758 πεποίηται.
3349 1699 3664 1774 Ἐϐουλόμην
3821 1695 3920 1752 οὖν

549 1787 687 1843 dem
710 1788 997 1860 primum,
1025 1804 1097 1844 ea
1128 1789 1309 1844 etiam
1341 1805 1478 1862 quae
1509 1806 1583 1846 ex
1611 1790 1798 1845 Veteri
1825 1791 2168 1845 Testamenti

2311 1793 2378 1844 τά
2431 1800 2614 1865 πρῶτα
2659 1797 2749 1845 καί
2804 1791 2859 1844 ἐκ
2924 1799 3018 1854 τῆς
3077 1789 3305 1852 Παλαιᾶς
3351 1791 3616 1852 Διαθήκης
3671 1789 3738 1841 τὰ
3780 1790 3919 1862 πρὸς

548 1876 958 1950 proferuntur,
981 1893 1120 1933 cum
1143 1877 1394 1948 singulis
1427 1879 1570 1935 Novi
1599 1878 1960 1935 Testamenti
2005 1882 2167 1934 auctc

2313 1881 2528 1935 ἕκαστον
2577 1888 2676 1934 τῶν
2716 1881 2764 1934 ἐν
2794 1890 2855 1955 τῇ
2919 1880 3087 1952 Καινῇ
3137 1883 3423 1953 συμφώνως
3473 1878 3718 1952 εἰρημένα
3742 1895 3920 1952 παρα-

551 1965 830 2023 ritatibus
855 1967 1312 2040 responderent,
1337 1968 1562 2038 regulis
1583 1966 1696 2023 illis
1718 1967 2046 2038 adjungere
2068 1983 2080 2020 :
2099 1983 2170 2023 sec

2315 1972 2476 2024 θεῖναι
2499 1972 2614 2042 (38)
2671 1979 2781 2032 τοῖς
2812 1972 2972 2044 ὅροις⁸
3007 1965 3186 2028 ἐπειδὴ
3223 1965 3282 2021 δε
3311 1972 3620 2041 κατήπειγεν
3650 1968 3680 2026 ἡ
3722 1971 3910 2042 χρεία,

553 2071 690 2111 cum
734 2055 1060 2111 necessitas
1125 2062 1382 2126 urgeret,
1433 2056 1653 2113 nostris
1672 2057 1848 2128 230
1887 2055 1944 2112 in
1976 2056 2172 2112 Christ

2312 2068 2411 2113 τῶν
2461 2059 2511 2113 ἐν
2569 2069 2783 2135 Χριστῷ
2836 2057 3068 2132 ἀδελφῶν
3110 2079 3198 2111 νυν
3252 2057 3486 2131 μάλιστα
3557 2052 3916 2110 σπουδαιότε-

552 2144 837 2201 fratribus
861 2145 1232 2218 jampridem
1251 2145 1364 2202 sibi
1390 2146 1694 2219 promissa
1711 2162 1872 2202 nunc
1893 2146 2171 2202 maxime.

2312 2169 2400 2224 ρον
2488 2148 2888 2209 ἀποικησάντων
2963 2151 3103 2221 ἡμᾶς
3177 2149 3243 2201 τὰ
3314 2147 3479 2201 πάλαι
3534 2145 3914 2220 ἐπηγγελμένα,

551 2233 729 2290 nobis
751 2235 1050 2304 majorem
1081 2234 1142 2290 in
1175 2234 1424 2291 modum
1451 2235 1850 2306 exigentibus,
1875 2235 2122 2291 memini
2140 2234 2170 2290 il

2315 2239 2672 2314 ἐμνημόνευσα
2722 2259 2813 2291 του
2871 2239 3104 2300 εἰπόντος
3162 2236 3298 2308 (39)°
3349 2232 3509 2289 Δίδου
3558 2243 3700 2308 σοφῷ
3747 2233 3917 2308 ἀφορ-

551 2321 689 2390 lius,
721 2323 826 2396 qui
856 2323 1044 2380 dixit:
1071 2326 1163 2381 Da
1193 2327 1457 2394 sapienti
1484 2326 1852 2382 occasionem
1892 2333 1945 2382 et
1974 2327 2170 2395 sapien

2315 2334 2417 2403 μὴν
2496 2333 2586 2381 καὶ
2668 2333 2957 2403 σοφώτερος
3023 2330 3195 2381 ἔσται.
3237 2324 3399 2379 Ὠστε
3446 2325 3612 2389 ἔξεστι
3667 2332 3741 2394 τῷ
3785 2323 3923 2397 βου·

555 2413 673 2468 tior
701 2413 811 2469 erit
831 2415 899 2468 θ’.
935 2413 1344 2480 Quamobrem
1375 2415 1423 2469 si
1471 2415 1564 2470 cui
1595 2414 1856 2479 libuerit,
1889 2414 2174 2470 sufﬁcient

2313 2418 2506 2492 λομένῳ
2555 2417 2788 2491 ἀφορμὴν
2850 2417 3085 2491 αὐτάρκη
3151 2414 3207 2468 ἐκ
3261 2421 3362 2468 τῶν
3418 2417 3803 2487 παρακειμένων
3848 2412 3924 2467 εἰ·

552 2501 872 2558 occasione
901 2519 973 2557 ex
1001 2502 1071 2558 iis
1095 2519 1229 2576 qua:
1249 2509 1642 2576 apponuntur
1660 2503 2015 2560 testimoniis
2037 2502 2171 2558 abre

2315 2507 2500 2580 ληφὸτι
2549 2506 2816 2559 ἀναλαϐεῖν
2875 2511 2967 2565 τὴν
3016 2505 3248 2559 Παλαιὰν
3316 2506 3599 2571 Διαθήκην,
3649 2508 3739 2557 καὶ
3785 2523 3923 2574 γνω-

552 2594 674 2662 pta,
702 2591 885 2646 Vetus
907 2594 1353 2648 Testamentum
1399 2609 1712 2649 assumere
1757 2598 1970 2665 potest,
2028 2596 2171 2663 atqu

2315 2601 2466 2671 ρίσαι
2516 2595 2600 2668 ἀφ’
2655 2597 2838 2648 ἑαυτοῦ
2899 2599 2993 2654 τὴν
3034 2594 3081 2647 ἐν
3140 2596 3332 2654 πάσαις
3401 2600 3509 2655 ταῖς
3563 2595 3926 2654 θεοπνεύστοις

550 2695 660 2752 per
675 2681 942 2755 seipsum
958 2684 1232 2738 omnium
1247 2682 1594 2739 divinarum
1605 2683 2051 2755 Scripturarum
2070 2697 2169 2737 con

2318 2693 2546 2761 Γραφαῖς
2603 2689 2923 2758 συμφωνίαν,
2974 2683 3139 2745 ἄλλως
3193 2703 3247 2735 τε
3296 2687 3387 2734 καὶ
3441 2687 3568 2754 μιᾶς
3625 2690 3796 2753 φωνῆς
3825 2679 3922 2754 ἄρα

553 2770 823 2827 cordiam
837 2787 908 2827 ac
925 2787 1292 2828 consensum
1311 2788 1694 2842 cognoscere,
1715 2771 2046 2844 praesertim
2067 2787 2172 2826 cui:

2317 2780 2514 2840 κούσης
2591 2783 2699 2838 τοῖς
2769 2782 2978 2836 πιστοῖς
3057 2793 3146 2826 και
3207 2772 3746 2847 πεπληροφορημένοις
3816 2775 3921 2830 τὴν

553 2861 960 2932 credentibus,
978 2861 1248 2935 nihilque
1265 2861 1338 2917 de
1352 2862 1598 2918 veritate
1623 2860 1948 2917 verborum
1973 2860 2172 2916 Domi:

2321 2865 2562 2925 ἀλήθειαν
2619 2874 2716 2919 τῶν
2766 2884 2857 2917 του
2913 2867 3108 2939 Κυρίου
3159 2863 3426 2936 ῥημάτων.
3479 2864 3564 2914 Διό
3608 2864 3698 2912 καὶ
3763 2863 3830 2911 τὰ
3865 2860 3921 2913 ἕν

553 2950 973 3008 dubitantibus
1002 2952 1149 3008 satis
1181 2951 1255 3007 sit
1273 2951 1365 3006 vel
1381 2951 1560 3008 unica
1580 2951 1778 3007 dictio.
1804 2952 1999 3016 Quare
2027 2952 2172 3006 etia:

2319 2964 2380 3028 τῇ
2441 2962 2601 3027 Καινῇ
2661 2956 2886 3026 Διαθηκη
2939 2952 2996 3005 οὗ
3027 2953 3215 3018 πάντα,
3245 2949 3396 3022 ὀλίγα
3428 2945 3486 3002 δὲ
3507 2948 3562 3002 ἐκ
3585 2951 3787 3002 πάντων
3815 2967 3925 3006 παι

559 3041 705 3096 satis
735 3057 865 3097 esse
888 3042 1052 3104 duxi.
1077 3041 1126 3097 si
1153 3056 1278 3097 non
1300 3041 1526 3110 omnia,
1548 3057 1685 3114 quae
1705 3041 1765 3096 in
1803 3044 1964 3096 Novo
2007 3043 2177 3097 Testa

1598 3057 1685 3096 [ιω
1705 3041 1765 3096 in
1803 3044 1964 3096 Novo
2007 3043 2211 3097 Testa-
2241 3069 2283 3126 ο
2319 3047 2574 3123 ραθέσθαι
2599 3048 2850 3118 αὔταρκες
2880 3041 3217 3114 ἐλογισάμην,

559 3137 764 3186 mento
797 3132 1196 3206 reperiuntur,
1224 3130 1328 3188 sed
1356 3147 1555 3204 pauca
1582 3147 1653 3188 ex
1688 3130 1975 3188 omnibus
2016 3145 2212 3207 appo-

559 3236 788 3277 nerem.

628 3367 675 3400 ³⁸
705 3369 875 3422 Prov.
907 3382 987 3429 ix,
1019 3367 1072 3422 9.

558 3515 657 3566 ὑπό
706 3522 802 3575 τῆς
861 3515 1000 3576 θείας
1049 3520 1255 3588 Γραφῆς
1286 3513 1715 3588 ἀπηγορευμένων
1756 3515 1785 3573 ἢ
1817 3513 2177 3587 ἐγκεκριιιένωι

2327 3514 2498 3588 θῆναι.
2554 3510 2661 3566 Alii
2699 3510 2836 3588 duo
2877 3525 3026 3588 mss.
3057 3509 3386 3588 παραᾷιῖναι.
3417 3507 3629 3588 Statim
3659 3510 3921 3588 utraque

560 3587 648 3642 De
692 3587 767 3658 iis
828 3602 960 3658 qum
991 3602 1026 3642 a
1057 3579 1267 3643 divina
1297 3579 1616 3657 Scriptura
1639 3593 1743 3642 aut
1770 3579 2072 3651 vetantur,
2105 3602 2179 3642 au

2325 3586 2509 3639 editio
2560 3592 2670 3658 τῶνΔ
2689 3579 2942 3654 ἀδελφῶν.
2973 3579 3173 3636 Codex
3205 3582 3372 3636 Voss.
3398 3585 3454 3635 et
3475 3579 3573 3635 alii
3601 3585 3721 3635 tres
3752 3579 3852 3634 τῶν
3875 3580 3923 3633 ἐν

561 3651 925 3730 probantur.
1148 3729 1154 3731 Α
1430 3651 1442 3657 ’
1801 3730 1805 3731 ί

1430 3651 1442 3657 ’
2326 3663 2542 3731 Χριστῷ
2564 3651 2814 3728 ἀδελφῶν.

635 3732 746 3799 (38)
774 3732 1033 3803 Utraque
1064 3729 1244 3786 editio
1275 3735 1332 3786 et
1362 3732 1500 3801 Reg.
1530 3731 1738 3786 tertius
1769 3730 2011 3807 εἰρημένα
2051 3748 2215 3803 παρα-

2185 3749 2215 3780 ι-
2375 3721 2709 3796 ’(39)ἰ.ἰι›ειί
2741 3724 2924 3780 Vossii
2947 3722 3395 3798 ἐμνημονεύσαμεν
3433 3741 3522 3775 του
3557 3721 3804 3783 εἰπόντος.

562 3909 1535 3936 m

1744 4071 2096 4153 INDEX
2152 4067 2758 4154 MORALIUM

580 4408 600 4458 t
644 4406 723 4458 De
773 4400 1142 4472 poenitentia,
1185 4403 1240 4455 et
1270 4399 1434 4471 quod
1464 4398 1797 4470 sittempus
1829 4397 2114 4455 idoneum
2148 4415 2199 4453 at

2335 4398 2379 4452 α’
2423 4401 2548 4473 Περὶ
2599 4399 2894 4471 μετανοίας,
2945 4400 3034 4448 καὶ
3081 4395 3216 4458 τίςὸ
3275 4401 3369 4455 τῆς
3410 4397 3689 4466 μετανοίας
3728 4398 3924 4468 καιρὸς,

643 4493 1079 4563 paenitentiam,
1102 4490 1299 4562 deque
1320 4488 1814 4562 prOprietatibus,
1840 4495 1897 4546 et
1936 4490 2227 4546 fructibus

2406 4491 2494 4541 καὶ
2542 4494 2657 4562 περὶ
2714 4497 2814 4538 τῶν
2893 4483 3189 4560 ἰδιωμάτων
3256 4485 3438 4551 αὐτῆς,
3497 4503 3588 4536 και
3643 4487 3762 4556 περὶ
3835 4493 3926 4538 τῶν

643 4580 854 4654 ipsius.

2406 4587 2616 4652 καρπῶν
2648 4577 2777 4635 αὐτῆ
2791 4598 2828 4640 ς.

573 4677 608 4729 2
647 4674 727 4728 De
744 4687 835 4736 eo,
853 4669 1020 4743 quod
1045 4668 1208 4744 quia
1233 4671 1350 4727 Deo
1372 4669 1521 4725 inire
1544 4669 1798 4739 gratiam
1819 4669 2076 4735 studeat,
2099 4669 2192 4740 eju

2337 4666 2387 4742 β’
2427 4674 2551 4741 Περὶ
2609 4675 2699 4721 τοῦ
2748 4665 2911 4739 ἀμιγῆ
2972 4668 3165 4726 παντὸς
3222 4664 3473 4732 ἐναντίου,
3540 4666 3631 4716 καὶ
3699 4665 3927 4738 καθαρὰν

648 4761 917 4818 studium
933 4775 1064 4816 esse
1095 4761 1395 4816 sincerum
1417 4759 1617 4828 debet,
1641 4764 1821 4832 atque
1843 4759 1922 4814 ab
1943 4759 2111 4815 omni
2129 4775 2228 4833 pe-

2408 4755 2534 4810 εἶναι
2586 4761 2680 4815 τὴν
2731 4753 2971 4814 σπουδήν
3026 4762 3123 4807 τῶν
3173 4754 3522 4830 εὐαρεστῆσαι
3554 4759 3626 4824 τῷ
3672 4757 3780 4824 Θεῷ
3809 4751 3927 4827 βον-

646 4853 807 4909 nitus
840 4850 923 4906 rei
949 4850 1264 4906 contrarian
1295 4849 1657 4906 admistione
1679 4865 1968 4904 vacuum.
2404 4847 2643 4921 λομένων.

579 4949 610 5003 3
653 4946 731 5000 De
778 4941 1063 4998 charitate
1121 4955 1265 5012 erga
1302 4939 1511 5008 Deum,
1562 4943 1619 4996 et
1645 4939 1959 5012 quomodo
1990 4954 2062 4996 ea
2093 4955 2198 4996 veri

2335 4938 2380 5012 γ’
2412 4944 2536 5011 Περὶ
2583 4945 2678 4999 τῆς
2727 4935 2793 4997 εἰς
2831 4937 2952 4989 Θεὸν
2994 4935 3103 4998 (40)
3147 4933 3372 5007 ἀγάπης,
3427 4936 3518 4987 καὶ
3560 4935 3636 4994 τίς
3675 4935 3706 4993 ἠ
3740 4936 3927 4996 ταύτης

649 5031 1049 5104 cognoscitur.

2411 5025 2702 5090 ἀπόδειξις.

577 5125 614 5182 4
651 5121 761 5188 Qui
787 5121 1078 5178 sithonor
1100 5134 1243 5192 erga
1272 5120 1484 5188 Deum,
1515 5121 1572 5175 et
1625 5133 1762 5192 quae
1808 5118 1953 5175 item
2013 5121 2196 5175 contu

1927 5133 1953 5175 ει
2013 5121 2228 5175 contu-
2339 5115 2385 5172 δ’
2423 5122 2517 5180 Τίς
2546 5119 2576 5176 ἡ
2613 5116 2683 5178 εἰς
2714 5117 2842 5169 Θεὸν
2873 5118 3022 5188 τιμὴ,
3056 5117 3142 5166 καὶ
3169 5116 3247 5178 τῖς
3276 5114 3305 5172 ἡ
3340 5111 3546 5186 ἀτιμία.

648 5212 857 5270 melia.

580 5307 634 5360 5.
675 5306 756 5362 De
783 5302 1072 5361 charitate
1094 5303 1326 5370 mutua,
1359 5302 1418 5356 et
1439 5297 1907 5373 proprietatibus
1935 5296 2144 5371 ipsius.

2338 5296 2370 5350 ε’
2411 5299 2535 5368 Περὶ
2600 5303 2690 5355 τῆς
2737 5293 2803 5356 εἰς
2859 5291 3110 5355 ἀλλήλους
3152 5291 3384 5365 ἀγάπης,
3429 5293 3519 5344 καὶ
3574 5297 3676 5343 τῶν
3740 5292 3922 5351 ταύτης

2411 5382 2732 5460 ἰδιωμάτων,

653 5567 770 5642 (40)
801 5569 946 5642 Reg.
977 5569 1186 5628 tertius
1201 5570 1435 5647 περὶτῆς
1461 5568 1593 5644 πρὸς
1633 5570 1782 5626 Θεὸν.
1813 5566 2023 5627 Statim
2050 5565 2216 5626 idem
2255 5580 2272 5623 ί

1538 5568 1593 5631 ὃς
1633 5570 1782 5626 Θεὸν.
1813 5566 2023 5627 Statim
2050 5565 2216 5626 idem
2255 5564 2447 5625 codex
2470 5567 2589 5641 περὶ
2614 5569 2704 5624 τῆς
2733 5564 2864 5638 πρὸς
2893 5559 3156 5628 ἀλλήλους.
