4100 6196
209 303 312 364 603
1581 289 1954 350 MORALIUM
1990 291 2202 348 INDEX
3461 298 3569 353 694

214 428 260 493 ς’
287 429 412 502 Περὶ
439 431 531 478 τοῦ
560 420 670 478 δεῖν
708 421 1172 497 παρρησιάζεσθαι
1217 417 1268 473 ἐν
1318 425 1382 492 τῇ
1420 415 1672 492 ὁμολογίᾳ
1713 421 1808 469 τοῦ

1993 416 2166 483 Quod
2194 416 2256 473 in
2286 416 2662 475 confessione
2693 418 2815 490 Dei,
2861 421 2920 476 et
2962 417 3176 476 Christi
3205 417 3357 491 ejus,
3387 417 3572 480 ﬁdem

282 521 431 583 Θεοῦ,
461 519 554 568 καὶ
583 519 676 568 τοῦ
706 519 938 587 Χριστοῦ
969 510 1150 564 αὐτοῦ.

1990 512 2076 563 ter
2103 508 2448 582 fortiterque
2479 509 2789 580 agendum
2819 510 2913 568 sit.

213 607 255 669 ζ
281 605 404 658 Ὀτι
433 608 504 677 μὴ
539 601 687 676 ἀρκεῖ
714 604 844 674 πρὸς
866 604 1130 672 σωτηρίαν
1160 600 1189 657 ἡ
1218 596 1468 670 ὁμολογία
1493 602 1584 648 τοῦ
1614 597 1807 669 Κυρίου

1991 599 2162 663 Quod
2186 615 2308 655 non
2327 601 2400 656 sit
2423 601 2568 656 satis
2590 601 2669 656 ad
2707 601 2963 657 salutem
2999 600 3300 656 confessio
3314 599 3571 670 Domini,

279 701 384 756 τοῖς
411 696 502 754 τὰς
532 691 736 754 ἐντολὰς
763 691 919 743 αὐτοῦ
945 688 1378 764 παραϐαίνουσιν.

1987 685 2344 744 facientibus
2373 695 2583 746 contra
2612 689 2906 746 mandata
2931 689 3079 758 ejus.

213 785 254 842 ε’
285 788 412 857 Περὶ
436 788 659 842 πίστεως
688 784 778 833 καὶ
806 779 1161 855 πληροφορίας
1182 785 1283 830 τῶν
1333 782 1424 828 τοῦ
1470 778 1660 846 Κυρίου
1706 772 1808 848 ῥη-

1993 779 2070 832 De
2093 777 2214 833 ﬁde
2244 784 2299 834 et
2319 795 2560 835 summa
2585 779 2934 835 auctoritate
2965 794 3036 834 ac
3065 777 3416 834 certitudine
3442 791 3573 834 ver-

276 875 454 946 μάτων
463 911 483 930 .

1987 866 2207 924 borum
2239 869 2493 925 Domini.

209 965 249 1018 θ’
278 967 408 1036 Περὶ
432 965 672 1035 γνώσεως
697 960 727 1020 ᾖ
761 957 974 1031 ἀγνοίας
1001 964 1100 1010 τῶν
1130 953 1504 1010 ἐπιϐαλλόντων
1534 954 1680 1027 ἡμῖν.

1986 957 2068 1012 De
2097 958 2436 1027 cognitione
2484 957 2608 1014 sive
2656 957 2905 1014 scientia
2950 956 3446 1028 ignorationeque
3473 969 3568 1010 re-

1986 1062 2122 1102 rum
2145 1047 2223 1102 ad
2252 1047 2518 1102 ofﬁcium
2544 1051 2813 1104 nostrum
2839 1045 3288 1119 pertinentium.

203 1140 232 1195 ι’
261 1144 327 1195 Τί
356 1141 420 1192 τὸ
455 1137 600 1202 τελος
627 1144 724 1202 τῆς
760 1136 1040 1211 ἁμαρτίας,
1088 1136 1179 1188 καὶ
1223 1136 1276 1186 τί
1321 1138 1417 1194 τῆς
1463 1128 1668 1191 ἐντολῆς
1713 1134 1805 1181 τοῦ

1951 1139 1984 1192 0
2024 1136 2166 1203 Quis
2197 1136 2273 1194 sit
2297 1136 2434 1192 ﬁnis
2463 1137 2712 1208 peccati,
2736 1135 2944 1208 quisve
2967 1134 3111 1192 item
3129 1135 3413 1207 praecepti
3440 1131 3563 1190 Dei.

271 1237 433 1287 Θεοῦ.

201 1320 265 1375 ια’
293 1325 426 1396 Περὶ
456 1318 725 1396 κριμοίτων
765 1321 918 1384 Θεοῦ,
949 1317 1040 1370 καὶ
1066 1318 1158 1367 τοῦ
1189 1309 1277 1366 ἀπ’
1301 1310 1467 1364 αὐτῶν
1494 1307 1676 1382 φόϐου.

1937 1320 1976 1371 ,1
2019 1319 2100 1374 De
2115 1316 2137 1388 j
2149 1316 2360 1376 udiciis
2380 1315 2502 1388 Dei,
2527 1319 2583 1373 et
2598 1319 2971 1390 quantopere
2988 1329 3059 1372 ea
3077 1313 3197 1372 sint
3214 1311 3556 1372 metuenda.

196 1499 268 1573 ιβ’
298 1503 433 1574 Περὶ
460 1497 754 1559 ἀθετήσεως
779 1498 870 1548 καὶ
901 1493 1213 1566 ἀντιλογίας,
1245 1493 1275 1553 ἦ
1300 1493 1536 1553 ὑπακοῆς
1562 1491 1654 1542 καὶ
1699 1507 1802 1562 φυ-

1946 1501 1978 1554 2
2017 1501 2097 1555 De
2117 1498 2561 1572 improbatione
2587 1502 2644 1554 et
2669 1498 3125 1570 impugnatione
3143 1497 3250 1552 aut
3266 1492 3563 1552 contradi-

261 1589 436 1654 λακῆς
460 1595 566 1643 τῶν
602 1595 694 1642 τοῦ
723 1593 858 1641 Θεοῦ
882 1584 1200 1658 θελημοίτων.

1979 1588 2199 1656 ctione,
2229 1588 2325 1645 vel
2362 1588 2706 1646 obedientia
2743 1593 2802 1645 et
2847 1587 3266 1643 observatione
3293 1582 3563 1642 volunta-

1979 1680 2108 1733 tum
2149 1678 2270 1733 Dei.

187 1771 252 1845 ιγ’
285 1773 424 1846 Περὶ
452 1775 546 1830 τῆς
581 1765 628 1820 ἄν
674 1769 828 1821 παντὶ
854 1771 1021 1839 καιρῷ
1071 1762 1400 1836 ἑτοιμότητος
1436 1763 1526 1813 καὶ
1574 1757 1796 1832 ἀνυπερ-

1952 1771 1974 1824 3
2016 1771 2094 1824 De
2115 1783 2187 1824 eo
2209 1767 2377 1841 quod
2402 1767 2656 1838 singulis
2677 1765 3004 1824 momentis
3018 1763 3328 1822 voluntate
3353 1779 3427 1822 ac
3441 1767 3571 1821 stu-

261 1845 422 1915 θετὸν
456 1854 702 1920 σπουδῆς
728 1865 829 1910 τῶν
859 1858 989 1930 πρὸς
1020 1853 1359 1930 εὐαρέστησιν
1390 1858 1522 1906 Θεοῦ
1555 1845 1797 1904 σπουδα-

1979 1858 2080 1914 dio
2105 1857 2353 1915 indilato
2373 1857 2566 1930 parati
2589 1873 2720 1914 esse
2738 1857 3072 1912 debeamus
3087 1853 3166 1911 ad
3187 1871 3279 1922 ea,
3297 1870 3406 1927 per
3419 1869 3560 1928 quin

256 1951 519 2024 ζομένων.

1979 1949 2287 2022 possimus
2310 1948 2461 2004 inire
2487 1947 2590 2004 Dei
2619 1947 2896 2017 gratiam.

185 2038 258 2094 ιον
292 2045 429 2115 Περὶ
457 2046 553 2098 τῆς
591 2036 814 2090 ἑκάστου
861 2041 958 2087 τῶν
1005 2035 1141 2086 κατά
1184 2034 1334 2106 μέρος
1377 2030 1798 2106 κατορθουμένων

1945 2041 1974 2096 4
2017 2042 2096 2095 De
2108 2037 2450 2094 maturitate
2468 2041 2812 2110 opportuna
2828 2039 2886 2092 et
2899 2032 3226 2092 commoda
3237 2031 3559 2104 cujuslibet

260 2129 562 2201 εὐκαιρίας.

1977 2135 2135 2186 recte
2160 2129 2318 2186 facti.

189 2218 248 2271 ιε’
274 2218 405 2270 Ὀτι
431 2222 500 2289 μὴ
535 2213 622 2269 δεῖ
645 2221 754 2278 τοὶς
793 2212 955 2266 ἀλλων
997 2213 1397 2285 κατορθώμασιν
1441 2207 1797 2275 ἐπελπίζοντα,

1947 2223 1976 2274 5
2018 2219 2191 2286 Quod
2220 2235 2342 2275 non
2363 2218 2542 2275 debet
2560 2215 2720 2291 quis,
2749 2229 3002 2288 sperans
3030 2214 3094 2272 in
3119 2213 3374 2272 aliorum
3401 2218 3559 2272 recte

262 2315 372 2360 τῶν
401 2305 518 2360 καθ’
550 2305 732 2358 ἑαυτὸν
761 2301 984 2376 ἀμελεῖν.

1979 2309 2169 2376 factis,
2197 2309 2498 2379 negligere
2527 2308 2655 2380 ipse
2693 2305 2960 2362 ofﬁcium
2991 2319 3190 2361 suum.

186 2396 259 2462 ις’
287 2403 421 2469 Περὶ
447 2404 548 2448 τῶν
579 2394 822 2467 οἰομένων
853 2391 1160 2466 ὠφελεῖσθαί
1188 2409 1240 2441 τι
1278 2389 1333 2442 ἐκ
1361 2397 1452 2442 τοῦ
1495 2388 1660 2461 συξῇν
1690 2394 1800 2448 τοῖς

1947 2403 1976 2454 6
2019 2400 2097 2454 De
2127 2399 2202 2454 iis
2241 2398 2345 2470 qui
2375 2397 2661 2469 prodesse
2710 2395 2825 2451 sibi
2873 2394 3102 2466 aliquid
3132 2394 3481 2466 opinantur,
3510 2395 3561 2452 si

259 2486 449 2548 καλοῖς
478 2490 571 2538 καὶ
611 2483 924 2558 εὖαρίστοις,
975 2485 1066 2534 καὶ
1112 2480 1326 2541 ἑαυτοὺς
1369 2484 1438 2552 μή
1489 2477 1801 2552 κατορθούνο

1980 2506 2119 2546 cum
2145 2488 2322 2546 bonis
2351 2493 2408 2544 et
2432 2488 2551 2542 Deo
2582 2487 2784 2542 charis
2808 2484 3161 2542 hominibus
3188 2485 3413 2554 vivant,
3444 2485 3560 2557 ipsi

259 2595 367 2628 των
395 2578 534 2645 (ιι).

1981 2587 2183 2636 autem
2214 2578 2360 2634 boni
2385 2577 2532 2633 nihil
2557 2576 2798 2632 faciant.

191 2665 258 2726 ιζ
289 2672 415 2727 Πῶς
441 2660 529 2717 δεῖ
555 2665 688 2736 πρὸς
714 2664 799 2716 τὸν
829 2662 1060 2735 παρόντα
1095 2663 1276 2732 καιρὸν
1309 2653 1664 2711 διατίθεσθαι.

1945 2676 1976 2726 7
2023 2671 2338 2736 Quomodo
2359 2667 2677 2725 occasione
2699 2668 2834 2724 vitae
2853 2665 3054 2736 hujus,
3088 2663 3151 2720 in
3171 2679 3296 2737 qua
3324 2677 3559 2738 sumus,

1982 2760 2066 2814 uti
2097 2759 2414 2815 debemus.

199 2843 263 2905 ιη’
295 2850 429 2918 Περὶ
465 2845 665 2917 τρόπου
717 2845 806 2895 καὶ
861 2837 1145 2902 διαθέσεως
1196 2847 1294 2891 τῶν
1352 2841 1471 2912 περὶ
1517 2839 1610 2895 τήν
1667 2835 1802 2889 ἐντο-

1946 2855 1977 2907 8
2010 2853 2090 2906 De
2119 2850 2305 2907 modo
2335 2855 2392 2906 et
2418 2849 2733 2906 affectione
2772 2846 2978 2914 animi,
3011 2861 3147 2920 quas
3172 2845 3360 2904 teneri
3385 2846 3555 2918 231

266 2934 364 2994 λὴν
536 2940 629 2985 τοῦ
663 2939 796 2986 Θεοῦ
828 2927 1252 2985 ἐσπουδακότων.
1831 2917 1871 2971 C

1981 2941 2060 2997 ab
2091 2941 2183 2996 his
2209 2941 2446 3005 debeat,
2480 2941 2586 3011 qui
2635 2938 2906 2993 studium
2956 2917 3136 2992 suum
3186 2917 3478 2993 adhibent
3502 2935 3564 2992 in

1983 3029 2416 3086 conservandis
2443 3027 2760 3101 praeceptis
2793 3027 2913 3084 Dei.

204 3116 264 3168 ιϐ’
291 3120 422 3192 Περὶ
453 3109 827 3188 ἐμποδίζοντος
851 3114 942 3162 καὶ
983 3105 1394 3183 ἑμποὸιζομίνου
1421 3105 1494 3168 εἰς
1535 3110 1628 3166 τὴν
1669 3103 1805 3158 ἐντο-

1948 3124 1978 3175 9
2019 3122 2098 3175 De
2127 3119 2330 3190 iis,qui
2350 3117 2498 3174 alios
2517 3115 2981 3187 impediunt,vel
2999 3112 3078 3168 ab
3095 3112 3225 3168 aliis
3245 3111 3363 3184 ipsi
3379 3111 3567 3183 impe-

268 3206 364 3265 λήν
389 3211 486 3259 τοῦ
526 3210 682 3257 Θεοῦ.

1981 3208 2248 3277 diuntur,
2265 3206 2591 3281 quominus
2604 3205 2770 3262 obire
2791 3204 3026 3277 possint
3049 3201 3411 3259 mandatum
3442 3201 3563 3257 Dei.

202 3295 242 3344 κ“
273 3300 400 3369 Περὶ
430 3292 824 3366 βαπτίσματος,
847 3293 938 3343 καὶ
963 3293 1046 3352 τίς
1074 3289 1100 3340 ὁ
1129 3287 1276 3360 λόγος
1300 3291 1390 3340 καὶ
1410 3289 1438 3346 ἡ
1471 3282 1690 3360 δύναμις
1710 3293 1802 3339 τοῦ

1949 3300 1982 3353 0
2021 3298 2102 3352 De
2133 3296 2520 3369 baptismate,
2549 3298 2606 3350 et
2633 3310 2768 3366 quae
2801 3293 2877 3350 sit
2895 3291 3045 3349 ratio
3076 3295 3135 3348 et
3161 3290 3347 3347 virtus
3374 3289 3565 3362 bapti-

268 3383 645 3455 βαπτίσματος
675 3383 813 3451 (43).

596 3401 645 3442 ος
675 3383 813 3451 (43).
1985 3387 2215 3444 smatis.

201 3473 276 3526 ια’
302 3479 431 3548 Περὶ
461 3475 730 3530 κοινωνίας
759 3475 850 3522 τοῦ
892 3474 1150 3541 σώματος,
1183 3470 1274 3519 καὶ
1319 3473 1410 3520 τοῦ
1449 3468 1665 3538 αἳματος
1711 3472 1802 3518 τοῦ

1944 3481 1973 3532 η1
2023 3479 2100 3532 De
2130 3474 2558 3531 communione
2587 3472 2856 3545 corporis
2885 3474 2944 3528 et
2972 3470 3290 3542 sanguinis
3319 3469 3563 3540 Christi,

271 3570 533 3637 Χριστοῦ,
555 3566 646 3614 καὶ
675 3565 758 3624 τίς
781 3562 806 3612 ό
836 3561 1034 3621 ταύτης
1056 3558 1222 3630 λόγος.

1985 3570 2041 3620 et
2069 3581 2203 3637 qua;
2233 3565 2310 3619 sit
2337 3564 2490 3619 ratio
2515 3564 2696 3634 hujus
2725 3561 3109 3618 sacramenti.

202 3653 284 3728 ιβ’
315 3661 437 3716 Πῶς
467 3651 908 3726 ἀπαλλοτριοῦταί
936 3669 1018 3712 τις
1046 3655 1199 3713 Θεοῦ,
1241 3651 1330 3700 καὶ
1382 3643 1476 3699 διὰ
1525 3649 1674 3700 τίνων
1723 3645 1802 3699 οἰ-

1944 3655 1982 3706 2
2022 3649 2341 3717 Quomodo
2371 3649 2664 3705 alienatur
2691 3646 2909 3720 aliquis
2938 3661 2974 3704 a
2998 3649 3143 3715 Deo,
3174 3643 3563 3718 quomodove

267 3751 506 3798 κειοῡται
536 3750 673 3812 Θεῷ.

1983 3742 2121 3798 item
2179 3739 2549 3797 conciliatur.

199 3835 278 3908 κγ’
309 3840 440 3909 Περὶ
459 3829 560 3886 τῶν
589 3833 892 3903 ἡττωμένων
936 3832 1026 3882 καὶ
1075 3827 1148 3890 εἰς
1194 3826 1228 3880 ἃ
1267 3834 1518 3900 μισοῦσιν
1571 3827 1804 3902 ἁμαρτή-

1942 3835 1980 3888 ;3
2021 3832 2101 3886 De
2130 3831 2222 3898 iis,
2256 3830 2381 3902 qui,
2413 3845 2538 3902 prta
2571 3826 2758 3884 animi
2779 3825 3157 3899 impotentia,
3188 3824 3252 3882 in
3279 3839 3355 3882 ea
3379 3823 3561 3882 etiam

269 3943 437 3996 ματα.
1983 3937 2121 3995 quae
2151 3920 2429 3991 oderunt,
2457 3923 2708 3992 peccata
2734 3916 3162 3990 prolabuntur.

200 4011 278 4068 ιδ’
312 4020 443 4089 Περὶ
467 4007 700 4084 ψεύδους
727 4015 818 4063 καὶ
842 4008 1102 4070 ἀληθείας.

1911 4017 1981 4069 24
2019 4016 2101 4069 De
2130 4010 2448 4068 mendacio
2467 4015 2528 4066 et
2554 4007 2822 4065 veritate.

198 4106 266 4160 ιε’
298 4110 426 4179 Περὶ
457 4103 790 4178 αργολογίας,
822 4105 912 4154 καὶ
937 4105 1055 4176 περὶ
1083 4107 1174 4160 τῆς
1217 4105 1316 4152 τῶν
1359 4093 1660 4151 σπουδαίων
1711 4095 1801 4150 λό-

1942 4109 1978 4160 5
2023 4107 2100 4159 De
2128 4101 2322 4158 inutili
2351 4104 2530 4172 atque
2551 4098 2742 4155 otioso
2765 4112 3060 4164 sermone,
3091 4096 3288 4168 deque
3325 4093 3561 4152 utilium

267 4217 374 4268 γιον
415 4194 737 4265 οἰκονομίας.

1982 4198 2041 4249 et
2069 4192 2477 4248 studiosorum
2533 4204 2887 4244 sermonum
2932 4203 3041 4242 usu
3083 4201 3155 4242 ac
3184 4184 3559 4243 tractatione.

201 4285 265 4348 ις’
293 4289 426 4360 Περὶ
452 4290 546 4336 τοῦ
577 4278 686 4335 δεῖν
717 4282 1018 4356 κεχρῆσθαι
1045 4287 1248 4355 πρῶτον
1278 4281 1368 4351 μὲν
1397 4287 1505 4340 ταῖς
1557 4277 1657 4332 ἀπὸ
1705 4285 1802 4330 τῶν

1936 4285 1979 4338 :6
2021 4281 2198 4349 Quod
2217 4281 2296 4337 ad
2316 4296 2387 4337 ea
2407 4277 2993 4350 conﬁrmanda,qua=.
3014 4292 3051 4332 a
3069 4274 3248 4332 nobis
3266 4275 3364 4332 vel
3382 4275 3555 4346 ﬁunt,

269 4381 488 4447 I‘pa‘f'év
517 4375 836 4446 μαρτυρίαις
855 4371 971 4441 (44)
1001 4369 1072 4430 εἰς
1100 4371 1359 4421 σύστασιν
1389 4376 1486 4420 τῶν
1515 4370 1637 4445 παρ’
1659 4371 1687 4429 ἡ
1695 4377 1804 4442 μῶν

1984 4372 2077 4427 vel
2103 4371 2404 4437 dicuntur,
2456 4369 2720 4441 primum
2759 4365 2958 4439 petitis
2999 4364 3072 4421 de
3103 4364 3325 4422 sanctis
3351 4363 3561 4421 litteris

269 4466 553 4537 γινομένων
576 4463 604 4520 ἡ
629 4461 926 4534 λεγομένων,
960 4462 1135 4512 ἔπειτα
1160 4455 1220 4511 δὲ
1239 4462 1330 4512 καὶ
1359 4466 1462 4520 τοίς
1486 4457 1534 4511 ἐν
1563 4467 1623 4533 τῇ
1651 4478 1806 4518 συνη-

1983 4459 2337 4517 testimoniis
2368 4458 2662 4515 utendum
2704 4457 2796 4528 sit,
2838 4455 3057 4513 deinde
3086 4454 3157 4512 iis
3185 4455 3392 4522 etiam,
3421 4470 3559 4528 quae

275 4555 388 4626 Θεία
417 4551 836 4625 γνωριζομένοις.

1984 4552 2047 4608 in
2077 4549 2388 4608 communi
2413 4549 2546 4605 vitea
2576 4546 3010 4606 consuetudine
3034 4551 3180 4604 nota
3208 4550 3367 4605 sunt.

204 4643 278 4704 κζ
311 4647 442 4716 Περὶ
471 4649 569 4703 τῆς
597 4645 727 4713 πρὸς
751 4642 879 4692 Θεὸν
909 4641 998 4691 καὶ
1022 4641 1152 4711 πρὸς
1181 4641 1300 4701 τοὺς
1330 4637 1508 4710 ἁγίους
1536 4640 1672 4690 κατὰ
1702 4635 1804 4690 δύο

1941 4649 1977 4699 :7
2020 4640 2193 4708 Quod
2213 4656 2323 4714 pro
2344 4639 2566 4696 viribus
2586 4637 2938 4695 enitendum
2958 4635 3138 4694 nobis
3159 4640 3269 4705 est,
3292 4642 3358 4695 ut
3373 4651 3560 4710 quam

269 4753 428 4805 ναμιν
452 4731 828 4803 ὶξομοιὼσεως.

1983 4729 2271 4789 simillimi
2302 4731 2420 4787 Deo
2446 4733 2504 4784 et
2534 4727 2762 4785 sanctis
2787 4727 2917 4800 ejus
2949 4727 3162 4784 simus.

204 4823 278 4880 κη’
307 4827 437 4896 Περὶ
459 4828 552 4874 τοῦ
579 4817 907 4895 διακριτικὸν
928 4815 1058 4870 εἶναι
1079 4820 1196 4892 περὶ
1215 4825 1313 4870 τῶν
1341 4816 1548 4890 ἀγαθῶν
1578 4815 1801 4894 ἀνδρῶν,

1938 4825 1981 4879 :8
2019 4821 2191 4886 Quod
2222 4819 2602 4894 perspicaces
2647 4834 2780 4875 esse
2823 4817 3118 4875 debemus
3147 4820 3203 4874 et
3227 4813 3468 4874 discreti
3494 4813 3557 4870 in

271 4917 363 4965 καὶ
397 4919 501 4964 τῶν
531 4908 792 4963 ἐναντίων.

1982 4908 2268 4968 habendo
2298 4909 2598 4966 bonorum
2624 4912 2681 4964 et
2713 4907 3010 4964 malorum
3035 4904 3288 4960 delectu.

205 5002 275 5053 κθ’
298 5005 431 5074 Περὶ
459 5006 576 5073 τοῦ,
611 5003 742 5071 ποίῳ
771 5001 945 5072 τρόπῳ
966 4999 1024 5050 τό
1055 4995 1356 5070 ἐπάγγελμα
1375 4996 1566 5052 ἑαυτῶν
1589 5004 1804 5053 πιστού-

1942 5004 1980 5058 .9
2019 5002 2150 5066 Qua
2200 4998 2431 5056 ratione
2476 4997 2709 5055 efﬁcere
2747 4995 3072 5069 possimus,
3103 4997 3170 5049 ut
3201 4986 3561 5064 professioni

270 5095 428 5166 μεθαο
1984 5094 2204 5147 nostrae
2235 5088 2654 5145 auctoritatem
2679 5098 3125 5158 comparemus.

271 5272 393 5340 (Η)
417 5271 563 5395 Ηεῇ
597 5265 804 5323 tertius
835 5265 1149 5341 εὐαρέστοις,
1179 5272 1269 5320 καὶ
1300 5265 1511 5328 ἑαυτοὺς
1541 5273 1610 5341 μὴ
1666 5267 1808 5342 διορ-

271 5343 506 5395 ύντων.1
562 5337 663 5395 ud.
714 5343 804 5390 καὶ
852 5337 1084 5395 ἑαυτούς.
1134 5339 1196 5395 in
1237 5343 1492 5395 utraque
1549 5341 1807 5395 editione

1944 5271 2047 5326 [OX
2073 5267 2238 5324 idem
2269 5265 2460 5322 codex
2491 5261 2584 5317 διὰ
2620 5269 2769 5317 τίνων
2799 5261 3083 5314 οἰκειοῦται
3120 5267 3256 5332 Θεῷ.
3302 5263 3427 5318 VO!
3471 5260 3563 5318 ul.

1944 5341 2062 5395 ima
2089 5342 2150 5395 in
2180 5338 2354 5394 editis
2380 5335 2862 5392 desiderabatur.

209 5335 456 5398 was...
492 5335 663 5406 Illud,
714 5343 804 5390 καὶ
852 5335 1084 5406 ἑαυτούς,
1134 5339 1196 5395 in
1237 5343 1492 5411 utraque
1541 5335 1807 5396 editione

1242 5343 1492 5411 utraque
1541 5335 1807 5396 editione
1915 5341 2062 5396 tima
2089 5342 2150 5396 in
2180 5338 2354 5394 editis
2380 5335 2861 5411 desiderabatur.

205 5414 398 5470 deest.
650 5401 660 5406 ’
1071 5401 1079 5406 ’
1391 5401 1409 5411 ’

1989 5415 2104 5480 (ii)
2138 5413 2277 5480 Reg.
2315 5407 2632 5480 secundus
2677 5411 2734 5460 et
2784 5408 3037 5476 utraque
3079 5401 3259 5460 editio
3307 5407 3561 5480 τὰς.......

273 5485 397 5565 με)
429 5482 586 5565 Editi
625 5489 728 5565 τῶν
753 5483 899 5555 παρὰ
927 5485 1015 5540 τὴν
1049 5480 1275 5542 ίντολήν.
1327 5481 1571 5555 Antiqui
1601 5485 1717 5537 tres
1745 5480 1810 5537 li-

1947 5478 2377 5565 ιοιρτιιὲλοίοιςξ..ἕλιξί⁸
2399 5478 2522 5533 duo
2553 5493 2714 5565 IIIISS,~
2729 5481 3007 5565 7ai;.....‘.‘.‘
3031 5481 3365 5565 μαρτυρίαις.
3387 5479 3566 5565 Paulo

209 5547 299 5613 bri
318 5547 422 5608 τῶν
445 5560 569 5628 περὶ
595 5558 710 5612 τὴν,
830 5547 861 5628 Ἀ
1485 5547 1505 5555 ’

1947 5547 2056 5628 lost
2081 5547 2223 5628 Reg.
2251 5551 2456 5628 tertius
2487 5555 2602 5626 περὶ
2627 5554 2736 5621 τοῦ,
2765 5566 2917 5621 ποιῳ.
2948 5547 3120 5620 Illud,
3143 5547 3262 5624 περὶ
3292 5558 3404 5619 τοῦ,
3424 5550 3566 5608 dee.

279 5629 392 5699 (43)
417 5621 564 5698 Re'g.
593 5625 800 5684 tertius
830 5621 1056 5700 δύναμις
1083 5634 1174 5680 τοῦ
1217 5625 1374 5701 ἁγίου
1421 5624 1808 5702 βαπτίσματος.

772 5641 800 5682 s
830 5621 1056 5700 δύναμις
1083 5634 1174 5680 τοῦ
1217 5625 1374 5701 ἁγίου
1421 5624 1808 5702 βαπτίσματος.
1916 5621 2011 5682 i‘at
2027 5624 2089 5681 in
2113 5621 2391 5696 vulgatis.
