4100 6196
531 318 634 374 695

531 445 600 498 30
639 443 720 497 De
742 439 972 498 honore
1000 439 1288 496 habendo
1315 439 1496 495 rebus
1526 438 1890 496 consecratis
1929 440 2068 493 Deo.

530 535 594 588 31
641 535 719 587 De
749 549 868 588 usu
897 548 1096 588 rerum
1126 546 1263 603 quia
1297 531 1520 586 sanctis
1546 535 1683 585 sunt
1713 528 2033 586 attributae.

531 624 600 677 32
642 623 719 677 De
750 621 964 677 debitis
991 625 1048 676 et
1074 619 1608 692 persolutionibus.

533 715 599 768 33
643 715 720 767 De
745 712 815 767 iis
836 712 940 784 qui
985 710 1137 767 alios
1190 708 1620 777 scandalizant,
1669 709 1760 765 vel
1801 707 2042 765 aliunde
2066 706 2186 780 ipsi

606 800 1116 857 scandalizantur.

534 893 602 947 34
633 889 804 955 Quod
839 887 1058 944 debeat
1089 889 1507 962 unusquisque
1538 905 1649 962 pro
1679 887 1930 944 modulo
1965 887 2186 942 virium

610 995 857 1035 suarum
909 981 1224 1051 exemplar
1271 994 1333 1034 se
1375 978 1456 1034 ad
1501 993 1595 1034 res
1645 977 1931 1033 honestas
1961 975 2188 1031 caneris

603 1068 896 1143 praebere.

538 1165 605 1216 35
647 1161 725 1214 De
753 1161 823 1216 iis
851 1158 954 1231 qui
983 1174 1078 1214 res
1105 1158 1392 1214 honestas
1421 1173 1492 1213 ac
1523 1157 1718 1213 bonas
1746 1155 2113 1227 vituperant.

540 1252 608 1305 36
648 1249 725 1304 De
746 1248 974 1304 honore
1004 1252 1060 1302 et
1083 1247 1268 1302 animi
1303 1245 1710 1318 propensione
1747 1260 1893 1315 erga
1921 1248 2184 1299 sanctos.

541 1341 608 1394 37
642 1339 720 1393 De
749 1337 820 1392 iis
850 1336 955 1407 qui
979 1336 1040 1391 in
1070 1336 1254 1391 rebus
1281 1335 1530 1391 minutis
1571 1334 1840 1391 studium
1875 1349 2052 1390 suum
2083 1331 2190 1388 ad-

612 1427 822 1482 hibent
847 1442 956 1498 pro
985 1424 1268 1481 facultate
1299 1441 1434 1481 sua.

544 1519 611 1572 38
655 1513 970 1580 Quomodo
983 1513 1743 1587 accipienditractandique
1761 1514 1876 1570 sint
1895 1512 2190 1584 hospites,

545 1610 613 1662 39
655 1607 733 1660 De
755 1604 1036 1660 ﬁrmitate
1053 1608 1110 1660 et
1123 1603 1468 1660 constantia
1488 1603 1679 1660 animi
1699 1603 1761 1658 in
1780 1601 2087 1658 scandalis
2105 1616 2194 1657 re-

616 1693 882 1750 ﬁnenda.

544 1787 616 1839 40
650 1784 732 1838 De
762 1783 832 1838 iis
861 1783 965 1856 qui
993 1783 1161 1840 aliter
1184 1783 1422 1840 docent.

545 1876 609 1929 41
655 1873 826 1940 Quod
849 1873 1045 1929 excidi
1064 1873 1306 1940 debent,
1328 1873 1432 1946 qui
1459 1877 1736 1929 auctores
1763 1871 2194 1928 scandalorum

619 1967 783 2033 sunt,
814 1967 872 2020 et
925 1962 1095 2035 quod
1135 1979 1271 2018 cum
1310 1962 1748 2019 infirmioribus
1785 1965 2113 2034 temperate
2141 1965 2198 2017 et

615 2053 1000 2126 indulgenter
1026 2057 1115 2109 est
1139 2053 1471 2123 agendum.

547 2147 615 2200 42
655 2147 735 2201 De
775 2159 845 2200 eo
883 2142 1052 2216 quod
1096 2142 1388 2198 Dominus
1427 2141 1652 2198 venerit
1697 2139 1776 2197 ad
1822 2141 2199 2214 implendam

615 2233 834 2302 legem.

546 2325 614 2380 43
659 2323 834 2394 232
857 2323 934 2376 De
954 2319 1293 2376 differentia
1306 2319 1457 2376 inter
1475 2319 1768 2376 mandata
1786 2318 1938 2389 legis
1954 2323 2012 2376 et
2031 2333 2199 2375 man-

619 2413 762 2469 data
784 2410 1104 2481 Evangelii.

547 2505 615 2558 44
655 2501 827 2568 Quod
857 2517 1013 2557 onus
1041 2499 1277 2556 Domini
1305 2499 1434 2557 leve
1465 2500 1558 2569 sit,
1599 2504 1658 2556 et
1684 2499 1849 2574 quod
1880 2503 2196 2572 peccatum

619 2606 819 2662 grave.

543 2683 614 2738 45
655 2683 736 2736 De
769 2679 1111 2753 mqualitate
1157 2678 1218 2736 in
1263 2681 1600 2736 honoribus
1644 2678 1969 2747 servanda,
2020 2683 2078 2735 et
2121 2679 2197 2736 de

617 2769 1052 2824 summissione
1077 2768 1284 2836 animi,
1319 2769 1445 2824 sive
1475 2769 1832 2826 humilitate.

544 2860 614 2918 46
654 2861 733 2917 De
752 2857 949 2916 studio
968 2861 1125 2916 recte
1146 2858 1444 2916 factorum
1469 2859 1773 2930 majorum
1795 2862 1852 2915 et
1868 2858 2193 2914 minorum.

540 3045 609 3099 47
653 3045 730 3099 De
755 3042 978 3098 divitiis
1006 3045 1062 3097 et
1098 3045 1474 3114 paupertate,
1498 3044 1552 3096 et
1574 3041 1650 3096 de
1679 3040 1751 3096 iis
1782 3055 1918 3113 quae
1948 3039 2043 3096 his
2066 3053 2197 3095 esse

612 3132 806 3189 solent
834 3132 1123 3204 adjuncta
1149 3137 1206 3188 et
1227 3136 1705 3203 consequuntur.

540 3227 610 3280 48
651 3227 730 3279 De
773 3223 1171 3279 beneficentia
1200 3223 1261 3278 in
1293 3223 1535 3291 fratres,
1564 3226 1622 3278 et
1661 3221 1828 3294 quod
1875 3225 2198 3294 propterea

613 3329 769 3383 Opus
792 3311 1138 3368 faciendum
1160 3313 1256 3368 sit.

539 3404 611 3458 49
653 3401 845 3472 Deiis,
879 3401 1070 3473 quiin
1112 3401 1342 3473 judicio
1389 3400 1801 3474 experiuntur,
1851 3416 1924 3457 ac
1962 3399 2198 3472 litigant

614 3494 672 3546 et
703 3489 938 3562 seipsos
967 3489 1316 3562 defendunt,
1348 3490 1444 3548 vel
1467 3490 1652 3547 etiam
1685 3489 1858 3548 alios.

545 3581 612 3636 50
652 3583 731 3636 De
758 3595 908 3651 pace
933 3583 989 3634 et
1019 3579 1459 3652 paciﬁcatione.

545 3674 604 3725 51
651 3668 1003 3739 Cujusmodi
1019 3684 1150 3724 esse
1167 3668 1384 3726 debeat
1399 3669 1471 3739 is,
1489 3669 1594 3743 qui
1611 3669 1956 3742 proximum
1974 3669 2198 3724 nitatur

614 3760 933 3829 corrigere.

542 3853 610 3906 52
651 3849 728 3904 De
749 3863 1008 3905 mmrore
1035 3848 1426 3921 suscipiendo
1455 3865 1662 3905 eorum
1693 3864 1899 3915 causa,
1932 3849 2035 3922 qui
2057 3864 2196 3922 pec-

611 3943 771 4008 cant,
819 3939 1207 4012 quomodove
1255 3955 1396 3996 cum
1455 3939 1572 3996 illis
1633 3938 2192 4009 congrediendum:

610 4028 861 4102 quando
889 4027 1256 4099 defugiendi,
1289 4028 1660 4102 quandoque
1685 4029 1826 4085 item
1853 4028 1914 4083 in
1941 4043 2196 4084 consor-

611 4117 763 4174 tium
787 4133 926 4174 cum
956 4118 1184 4174 caeteris
1212 4117 1564 4190 recipiendi.

543 4211 609 4265 53
649 4208 824 4275 Quod
863 4208 938 4265 sit
966 4224 1177 4266 eorum
1197 4208 1515 4280 judicium,
1540 4208 1643 4281 qui
1673 4207 2031 4279 injuriarum
2068 4225 2194 4266 me-

613 4298 872 4354 moriam
894 4297 1170 4364 retinent,
1193 4313 1329 4370 quae
1353 4297 1469 4353 sibi
1491 4297 1674 4352 fuisse
1699 4295 1978 4352 videntur
1997 4296 2193 4354 illatae.
2231 4303 2274 4357 D

545 4388 613 4441 54
654 4388 733 4443 De
745 4386 993 4457 judicio,
1009 4393 1065 4443 et
1070 4386 1283 4458 judicii
1301 4387 1696 4460 suspensione
1710 4385 2194 4443 veldiscretione.

545 4477 612 4529 55
651 4475 731 4529 De
761 4474 1078 4532 affectione
1109 4476 1295 4532 animi
1337 4492 1482 4546 erga
1524 4476 1734 4540 Deum,
1761 4476 2196 4550 quomodoque

616 4563 747 4633 ejus
795 4562 1092 4621 beneficia
1139 4566 1472 4638 praedicare
1510 4567 1826 4633 debemus,
1876 4570 1934 4621 et
1978 4581 2090 4638 pro
2127 4566 2197 4622 iis

616 4651 839 4723 gratias
858 4667 1057 4722 agere.

545 4747 613 4800 56
653 4745 734 4799 De
759 4742 1051 4813 oratione,
1083 4748 1140 4799 et
1169 4745 1444 4816 quando,
1478 4743 1727 4817 etquid,
1753 4745 2170 4817 etquomodo,

617 4837 675 4888 et
702 4848 814 4905 pro
836 4831 1059 4904 quibus
1087 4834 1389 4890 orandum
1418 4835 1509 4890 sit.

548 4927 612 4980 57
655 4925 734 4979 De
755 4923 1010 4978 elatione
1037 4923 1245 4991 animi,
1271 4940 1408 4996 quia
1430 4940 1500 4980 ex
1527 4928 1685 4980 recte
1705 4923 1878 4980 factis
1899 4926 2190 4982 nascitur.

549 5015 615 5067 58
655 5015 734 5068 De
781 5012 1174 5086 acquisitione
1204 5013 1504 5070 donorum
1540 5014 1657 5079 Dei,
1689 5019 1744 5070 et
1774 5013 1843 5069 de
1873 5029 2084 5070 eorum
2132 5016 2194 5071 in

616 5101 766 5157 alios
795 5103 1366 5160 communicatione.

546 5193 612 5246 59
656 5193 733 5246 De
759 5193 988 5248 honore
1017 5199 1075 5248 et
1097 5193 1286 5264 gloria
1310 5193 1616 5250 humanis.

545 5282 614 5334 60
651 5283 730 5336 De
742 5281 1076 5340 differentia
1088 5284 1386 5340 donorum
1401 5283 1975 5358 divinorum,deque
1987 5300 2195 5340 eorum

760 5461 1019 5536 Utraque
1074 5462 1253 5518 editio
1301 5468 1418 5535 περὶ
1472 5473 1565 5526 τῆς
1714 5471 1816 5524 τοῖς
1876 5460 2189 5526 σκανδάλοις

545 5535 902 5610 στιξροῂῖτος.
948 5535 1086 5610 Reg.
1123 5538 1323 5610 tertius
1351 5541 1466 5607 περὶ
1497 5546 1590 5598 τῆς
1621 5535 1667 5588 ἐν
1699 5544 1804 5597 τοῖς
1837 5535 2008 5598 καλοῖς
2043 5536 2183 5610 στερ.

612 5602 724 5669 (46)
749 5602 887 5672 lteg.
925 5605 1133 5659 tertius
1166 5602 1521 5676 ἐντυγχάνειν.

1912 313 1968 370 S.
2021 311 2270 368 BASILll
2306 309 2526 371 MAGNI

3787 315 3900 369 696

2209 437 2264 496 Α
2292 437 2330 489 λ’
2363 443 2488 512 Περὶ
2516 447 2676 512 τιμῆς
2705 437 3053 512 ἀναθημάτων
3075 445 3229 492 Θεοῦ.

2291 526 2366 579 λα’
2399 533 2521 601 Περὶ
2551 534 2792 602 χρήσεως
2820 537 2921 580 τῶν
2958 535 3068 590 τοῖς
3099 527 3258 599 ἁγίοις
3288 525 3676 604 ἀφωρισμενων.

2293 615 2374 689 λβ
2407 623 2531 692 Περὶ
2560 627 2731 693 χρεῶν
2753 623 2842 670 καὶ
2869 615 3190 672 ἁποδόσεων.

2293 705 2368 779 λγ
2396 712 2521 782 Περὶ
2550 705 3002 768 σκανδαλιζόντων
3034 711 3123 761 καὶ
3153 703 3656 780 σκανδαλιζομίνων.

2294 883 2373 938 λδ’
2414 891 2539 959 Περὶ
2570 894 2659 938 τοῦ
2691 883 2799 939 δεῖν
2830 888 3045 939 ἕκαστον
3072 885 3119 938 ἐν
3146 895 3217 957 τῷ
3254 883 3310 939 id
3315 892 3374 959 ίῳ
3404 890 3574 961 μέτρῳ
3603 889 3766 940 τύπον
3797 896 3908 941 τῶν

2366 975 2533 1028 καλῶν
2563 978 2876 1052 προκεῖσθαι
2905 984 3009 1037 τοῖς
3033 976 3226 1037 ἄλλοις.

2295 1157 2360 1212 λε’
2391 1163 2514 1232 Περὶ
2535 1168 2634 1211 τῶν
2672 1161 2738 1211 τὰ
2766 1158 2900 1211 καλὰ
2929 1159 3297 1232 φαυλιζόντων.

2296 1247 2364 1308 λς’
2396 1253 2518 1322 Περὶ
2543 1258 2634 1309 τῆς
2661 1249 2725 1309 εἰς
2751 1253 2866 1309 τοὺς
2897 1249 3075 1320 ἁγίους
3095 1257 3252 1321 τιμῆς
3276 1251 3366 1300 καὶ
3397 1245 3696 1308 διαθέσεως·

2297 1336 2374 1400 λζ’
2403 1344 2527 1412 Περὶ
2554 1346 2652 1390 τῶν
2681 1338 2831 1411 ὀλίγα
2854 1341 2990 1392 κατὰ
3029 1335 3253 1410 δύναμιν
3283 1339 3740 1411 προθυμουμένων.

2300 1515 2376 1574 λη’
2397 1516 2576 1579 Ὀτι-ως
2602 1521 2712 1591 χρὴ
2745 1513 2780 1569 δ
2783 1517 3068 1580 εξιοῡσθαι.

2301 1606 2375 1660 λθ’
2407 1613 2530 1682 Περί
2559 1615 2653 1670 τῆς
2685 1607 2732 1660 ἐν
2761 1615 2867 1668 τοῖς
2900 1604 3211 1669 σκανδάλοις
3241 1607 3572 1684 στερρότητος

2224 1795 2266 1850 Β
2304 1786 2354 1860 μ’
2384 1791 2508 1862 Περὶ
2529 1783 2704 1862 ίτεροδ
2711 1783 2766 1839 ιδ
2771 1787 3152 1843 ασκαλούντων.

2305 1878 2390 1951 μα’
2421 1883 2545 1951 Περὶ
2575 1877 2803 1940 ἐκκοπῆς
2829 1887 2928 1931 τῶν
2962 1875 3434 1946 σκανδαλιζόντων,
3466 1899 3557 1933 και
3577 1876 3788 1953 φειδοῦς
3810 1888 3922 1932 τῶν

2378 1966 2777 2042 ἀσθενεστέρων.

2309 2145 2401 2220 μβ
2422 2151 2547 2222 Περὶ
2573 2153 2662 2200 τοῦ
2688 2149 2772 2199 τόν
2801 2149 2989 2221 Κύριον
3016 2146 3098 2200 ἐπὶ
3118 2154 3188 2218 τῷ
3209 2147 3488 2223 πληρῶσαι
3507 2151 3594 2203 τὸν
3617 2151 3775 2222 νόμον
3799 2148 3927 2207 an-

2379 2235 2583 2288 λυθέναι

2307 2322 2394 2396 μγ
2426 2327 2549 2397 Περὶ
2583 2321 2837 2398 διαφορᾶς
2868 2322 3076 2376 ἐντολῶν
3107 2330 3198 2376 τοῦ
3223 2327 3381 2397 νόμου
3413 2330 3501 2378 καὶ
3539 2333 3631 2378 τοῦ
3681 2325 3928 2399 Εύαγγε-

2378 2413 2509 2468 λίου.

2307 2499 2396 2576 μδ¹
2424 2502 2545 2554 Ὀτι
2575 2501 2790 2576 ἐλαφρὸν
2821 2506 2879 2555 τό
2910 2511 3000 2555 τοῦ
3035 2506 3229 2576 Κυρίου
3257 2506 3484 2578 φορτίον,
3519 2501 3708 2576 βαρεῖα
3758 2501 3821 2558 δὲ
3885 2509 3923 2566 ἡ

2379 2592 2630 2664 ἁμαρτία.

2307 2681 2381 2755 με’
2413 2687 2537 2756 Περὶ
2566 2681 2831 2755 ἰσοτιμίας
2857 2685 2948 2734 καὶ
2978 2685 3467 2757 ταπεινοφροσύνης.

2305 2861 2379 2936 μς’
2411 2866 2534 2935 Περὶ
2567 2857 2803 2922 σπουδῆς
2826 2861 3242 2935 κατορθωμάτων
3266 2860 3514 2934 μειζόνων
3546 2861 3576 2918 ἦ
3608 2859 3922 2920 ἐλαττόνων.

2306 3043 2392 3116 μζ
2424 3049 2547 3116 Περὶ
2575 3042 2800 3096 πλούτου
2830 3046 2920 3094 καὶ
2950 3044 3240 3113 πτωχείας,
3282 3044 3373 3093 καὶ
3398 3047 3498 3093 τῶν
3521 3044 3718 3104 τούτοις
3738 3063 3922 3118 παρε-

2377 3137 2630 3206 πομένων.

2306 3223 2393 3298 μη’
2424 3228 2547 3298 Περὶ
2577 3231 2672 3283 τῆς
2697 3222 2768 3285 εἰς
2799 3225 2921 3282 τοὺς
2950 3217 3199 3294 ἀδελφούς
3229 3219 3482 3292 εὐποιίας,
3523 3225 3610 3274 καὶ
3665 3230 3766 3284 τῆς
3813 3220 3925 3278 διὰ

2376 3315 2570 3371 ταύτην
2603 3311 2870 3386 ἐργασίας.

2305 3403 2389 3478 μθ
2421 3407 2545 3477 Περὶ
2577 3399 2924 3474 δικαζομένου
2972 3405 3062 3454 καὶ
3110 3397 3438 3462 ἐκδικοῦντος
3488 3401 3692 3475 ἑαυτὸν,
3736 3403 3766 3462 ἦ
3817 3411 3922 3459 καὶ

2377 3496 2562 3567 ἕτερον.

2304 3581 2342 3634 ν’
2372 3587 2497 3657 Περὶ
2528 3582 2728 3656 εἰρήνης
2763 3586 2852 3633 καὶ
2883 3580 3250 3656 εἰρηνοποιίας.

2305 3672 2378 3724 να’
2409 3676 2644 3734 Ποταπός
2677 3671 2862 3744 ὀφείλει
2906 3669 3036 3723 εἶναι
3078 3672 3104 3723 ό
3152 3674 3239 3722 τὸν
3285 3671 3509 3730 πλησίον
3557 3668 3919 3748 διορθοῦσθαι

2375 3766 2705 3834 πειρώμενος.

2304 3849 2384 3923 νβ’
2425 3855 2549 3925 Περὶ
2578 3858 2669 3910 τῆς
2695 3847 2776 3901 ἐπὶ
2807 3857 2910 3910 τοῖς
2948 3849 3310 3925 ἁμαρτάνουσι
3337 3850 3518 3917 λύπης,
3543 3856 3630 3903 καὶ
3659 3853 3797 3913 ὅπως
3817 3854 3916 3906 αὖ.

2375 3947 2483 4002 τοῖς
2511 3941 2890 4010 συντυγχάνειν
2923 3939 3036 4008 (46)
3065 3945 3174 4013 χρή
3204 3981 3216 3995 .
3250 3945 3340 3992 καὶ
3368 3945 3492 3994 πότε
3535 3940 3721 4002 αὐτοὺς
3779 3941 3915 3996 ἁπο-

2379 4030 2711 4103 στρέφεσθαι,
2741 4029 2768 4088 ἡ
2794 4033 2920 4080 πότε
2949 4026 3373 4104 προσδέχεσθαι.

2304 4206 2378 4278 vf
2401 4211 2464 4260 Τί
2493 4211 2550 4259 τὸ
2581 4213 2745 4281 κρῖμα
2773 4212 2871 4258 τῶν
2897 4204 2970 4279 ἐφ’
2997 4205 3070 4268 οἷς
3100 4203 3282 4272 ἔδοξαν
3315 4203 3618 4263 ἀδικεῖσθαι
3642 4209 3762 4282 (47)
3779 4231 3914 4284 μνη-

2379 4316 2748 4350 σικακουντων.

2305 4387 2380 4443 νόν
2413 4395 2537 4466 Περὶ
2565 4398 2656 4442 τοῦ
2681 4395 2889 4464 κρίνειν,
2915 4395 3004 4444 καὶ
3031 4395 3147 4465 περὶ
3179 4398 3269 4444 τοῦ
3302 4388 3686 4467 διακρίνεσθαι.

2305 4479 2366 4532 νε’
2399 4485 2522 4552 Περὶ
2554 4476 2831 4542 διαθέσεως
2857 4485 2946 4532 καὶ
2977 4480 3258 4553 ὁμολογίας
3285 4488 3385 4532 τῶν
3423 4489 3514 4533 τοῦ
3564 4489 3698 4535 Θεοῦ
3746 4503 3915 4561 χαριο

2380 4571 2606 4644 σμάτων,
2639 4575 2729 4623 καὶ
2759 4577 2852 4634 τῆς
2884 4569 2963 4622 ἐπ’
2988 4570 3166 4633 αύτοίς
3195 4570 3558 4646 εὐχαριστίας.

2305 4749 2370 4812 νς’
2403 4755 2525 4822 Περὶ
2549 4759 2876 4824 προσευχῆς,
2905 4753 2994 4801 καὶ
3024 4754 3166 4816 πότε,
3201 4755 3288 4803 καὶ
3310 4755 3381 4815 τί,
3405 4753 3494 4802 καὶ
3515 4759 3638 4817 πῶς,
3662 4757 3754 4806 καὶ
3776 4754 3906 4828 ύπὶρ

2375 4844 2510 4901 τίνος
2539 4841 2934 4915 προσεύχεσθαι
2966 4835 3066 4894 δεῖ.

2300 4928 2376 4988 νζ¹
2404 4933 2529 5001 Περὶ
2559 4936 2651 4990 τῆς
2683 4927 2765 4980 ἐπὶ
2795 4935 2902 4988 τοῖς
2931 4930 3331 5003 κατορθώμασιν
3363 4929 3646 5005 ὶπάρσεως.

2301 5016 2375 5076 νη’
2405 5021 2524 5091 Περὶ
2548 5023 2778 5079 κτήσεως
2806 5021 3156 5092 χαρισμάτων
3184 5026 3336 5082 Θεοῦ,
3379 5026 3469 5073 καὶ
3506 5017 3865 5094 μεταδόσεως.

2303 5196 2380 5248 νθ⁹
2405 5202 2526 5269 Περὶ
2555 5205 2714 5269 τιμῆς
2742 5202 2830 5250 καὶ
2859 5194 3014 5260 δόξης
3045 5190 3390 5271 ὅδθρωπίνης.

2307 5286 2343 5350 ξ’
2392 5283 2816 5362 Περϊδιαφορᾶς
2872 5290 3219 5363 χαρισμάτων
3301 5296 3455 5355 Θεοῦ,
3538 5293 3628 5342 καὶ
3691 5311 3903 5366 συμφω-

2369 5467 2482 5532 (Αετ)
2530 5468 2672 5529 Reg.
2730 5466 2934 5544 tertius
2983 5463 3164 5530 ἔδοξαν
3214 5465 3528 5544 gemmea}.
3577 5469 3901 5544 Aliquanto

2298 5545 2437 5608 post
2470 5543 2722 5615 utraque
2741 5537 2920 5593 editio
2961 5545 3048 5590 καὶ
3077 5548 3166 5591 τοὺ
3201 5536 3584 5615 διακρίνεσθαι.
3625 5536 3740 5599 Alii
3777 5543 3900 5601 duo

2295 5625 2444 5664 mss.
2485 5614 2574 5660 καὶ
2603 5614 2719 5682 περὶ
2748 5617 2862 5664 τοῦ.
