  <div class='ocr_page' id='page_1' title='image "/cluster/home/n/w/nwhite01/storage/ocr_20150623/31/hvd.32044048272629/368.png"; bbox 0 0 4100 6196; ppageno 0'>
   <div class='ocr_carea' id='block_1_1' title="bbox 262 301 2239 368">
    <p class='ocr_par' dir='ltr' id='par_1_1' title="bbox 262 301 2239 368">
     <span class='ocr_line' id='line_1_1' title="bbox 262 301 2239 368; baseline -0.006 -1"><span class='ocrx_word' id='word_1_1' title='bbox 262 314 338 368; x_wconf 70' lang='lat'><strong>097</strong></span> <span class='ocrx_word' id='word_1_2' title='bbox 1594 301 1963 360; x_wconf 78' lang='lat' dir='ltr'><strong>MORALIUM</strong></span> <span class='ocrx_word' id='word_1_3' title='bbox 2007 301 2239 358; x_wconf 86' lang='lat' dir='ltr'><strong>INDEX.</strong></span> 
     </span>
    </p>
   </div>
   <div class='ocr_carea' id='block_1_2' title="bbox 312 422 1904 507">
    <p class='ocr_par' dir='ltr' id='par_1_2' title="bbox 312 422 1904 507">
     <span class='ocr_line' id='line_1_2' title="bbox 312 422 1904 507; baseline -0.006 -19"><span class='ocrx_word' id='word_1_4' title='bbox 312 441 406 496; x_wconf 82' lang='grc' dir='ltr'>νίας</span> <span class='ocrx_word' id='word_1_5' title='bbox 459 441 560 486; x_wconf 82' lang='grc' dir='ltr'><strong>τῶν</strong></span> <span class='ocrx_word' id='word_1_6' title='bbox 609 431 659 486; x_wconf 79' lang='grc' dir='ltr'><strong>έν</strong></span> <span class='ocrx_word' id='word_1_7' title='bbox 714 435 915 494; x_wconf 77' lang='grc' dir='ltr'><strong>τούτοις</strong></span> <span class='ocrx_word' id='word_1_8' title='bbox 969 433 1346 507; x_wconf 75' lang='grc' dir='ltr'><strong>ὑπερεχόντων,</strong></span> <span class='ocrx_word' id='word_1_9' title='bbox 1400 430 1431 489; x_wconf 79' lang='grc' dir='ltr'><strong>ἣ</strong></span> <span class='ocrx_word' id='word_1_10' title='bbox 1498 425 1824 484; x_wconf 75' lang='grc' dir='ltr'>ὑποϐεϐηκό-</span> <span class='ocrx_word' id='word_1_11' title='bbox 1853 422 1904 478; x_wconf 78' lang='grc' dir='ltr'><strong>Α</strong></span> 
     </span>
    </p>
   </div>
   <div class='ocr_carea' id='block_1_3' title="bbox 308 546 414 580">
    <p class='ocr_par' dir='ltr' id='par_1_3' title="bbox 308 546 414 580">
     <span class='ocr_line' id='line_1_3' title="bbox 308 546 414 580; baseline 0.009 -1"><span class='ocrx_word' id='word_1_12' title='bbox 308 546 395 579; x_wconf 77' lang='grc' dir='ltr'><strong>των</strong></span> <span class='ocrx_word' id='word_1_13' title='bbox 400 568 414 580; x_wconf 85' lang='lat'>.</span> 
     </span>
    </p>
   </div>
   <div class='ocr_carea' id='block_1_4' title="bbox 258 608 1827 691">
    <p class='ocr_par' dir='ltr' id='par_1_4' title="bbox 258 608 1827 691">
     <span class='ocr_line' id='line_1_4' title="bbox 258 608 1827 691; baseline -0.006 -23"><span class='ocrx_word' id='word_1_14' title='bbox 258 617 314 682; x_wconf 73' lang='grc' dir='ltr'>ξεί</span> <span class='ocrx_word' id='word_1_15' title='bbox 339 620 461 691; x_wconf 84' lang='grc' dir='ltr'>Περὶ</span> <span class='ocrx_word' id='word_1_16' title='bbox 497 623 589 674; x_wconf 80' lang='grc' dir='ltr'>τῆς</span> <span class='ocrx_word' id='word_1_17' title='bbox 625 616 691 674; x_wconf 76' lang='grc' dir='ltr'>ὡς</span> <span class='ocrx_word' id='word_1_18' title='bbox 738 612 786 664; x_wconf 81' lang='grc' dir='ltr'>ἐν</span> <span class='ocrx_word' id='word_1_19' title='bbox 819 612 1107 687; x_wconf 79' lang='grc' dir='ltr'>ἀνθρώποις</span> <span class='ocrx_word' id='word_1_20' title='bbox 1134 612 1250 682; x_wconf 70' lang='grc'>(48)</span> <span class='ocrx_word' id='word_1_21' title='bbox 1291 609 1536 672; x_wconf 71' lang='grc' dir='ltr'><strong>εὐτελείας</strong></span> <span class='ocrx_word' id='word_1_22' title='bbox 1572 616 1673 662; x_wconf 88' lang='grc' dir='ltr'>τῶν</span> <span class='ocrx_word' id='word_1_23' title='bbox 1693 608 1827 659; x_wconf 83' lang='grc' dir='ltr'>ὑπο-</span> 
     </span>
    </p>
   </div>
   <div class='ocr_carea' id='block_1_5' title="bbox 312 704 1222 777">
    <p class='ocr_par' dir='ltr' id='par_1_5' title="bbox 312 704 1222 777">
     <span class='ocr_line' id='line_1_5' title="bbox 312 704 1222 777; baseline -0.003 -19"><span class='ocrx_word' id='word_1_24' title='bbox 312 704 604 777; x_wconf 72' lang='grc' dir='ltr'><strong>δεχομένων</strong></span> <span class='ocrx_word' id='word_1_25' title='bbox 643 707 736 761; x_wconf 78' lang='grc' dir='ltr'>τήν</span> <span class='ocrx_word' id='word_1_26' title='bbox 764 709 854 754; x_wconf 75' lang='grc' dir='ltr'>τοῦ</span> <span class='ocrx_word' id='word_1_27' title='bbox 879 709 1013 755; x_wconf 84' lang='grc' dir='ltr'>Θεοῦ</span> <span class='ocrx_word' id='word_1_28' title='bbox 1041 704 1222 776; x_wconf 88' lang='grc' dir='ltr'>χάριν.</span> 
     </span>
    </p>
   </div>
   <div class='ocr_carea' id='block_1_6' title="bbox 258 784 1828 871">
    <p class='ocr_par' dir='ltr' id='par_1_6' title="bbox 258 784 1828 871">
     <span class='ocr_line' id='line_1_6' title="bbox 258 784 1828 871; baseline -0.006 -22"><span class='ocrx_word' id='word_1_29' title='bbox 258 795 320 870; x_wconf 61' lang='grc' dir='ltr'><strong>ξβ</strong></span> <span class='ocrx_word' id='word_1_30' title='bbox 356 801 480 871; x_wconf 81' lang='grc' dir='ltr'>Περὶ</span> <span class='ocrx_word' id='word_1_31' title='bbox 526 802 848 869; x_wconf 84' lang='grc' dir='ltr'>πειρασμῶν,</span> <span class='ocrx_word' id='word_1_32' title='bbox 894 798 984 846; x_wconf 85' lang='grc' dir='ltr'>καὶ</span> <span class='ocrx_word' id='word_1_33' title='bbox 1007 798 1130 845; x_wconf 86' lang='grc' dir='ltr'>πότε</span> <span class='ocrx_word' id='word_1_34' title='bbox 1168 795 1257 864; x_wconf 64' lang='grc' dir='ltr'>μὲν</span> <span class='ocrx_word' id='word_1_35' title='bbox 1313 793 1676 864; x_wconf 84' lang='grc' dir='ltr'>ύπαναχωρεῐν</span> <span class='ocrx_word' id='word_1_36' title='bbox 1726 784 1828 853; x_wconf 83' lang='grc' dir='ltr'>δεῖ,</span> 
     </span>
    </p>
   </div>
   <div class='ocr_carea' id='block_1_7' title="bbox 312 877 1833 952">
    <p class='ocr_par' dir='ltr' id='par_1_7' title="bbox 312 877 1833 952">
     <span class='ocr_line' id='line_1_7' title="bbox 312 877 1833 952; baseline -0.007 -12"><span class='ocrx_word' id='word_1_37' title='bbox 312 893 429 940; x_wconf 85' lang='grc' dir='ltr'>πότε</span> <span class='ocrx_word' id='word_1_38' title='bbox 461 883 521 940; x_wconf 54' lang='lat' dir='ltr'><strong>vi“:</strong></span> <span class='ocrx_word' id='word_1_39' title='bbox 563 884 890 952; x_wconf 86' lang='grc' dir='ltr'>ἐνίστασθαι,</span> <span class='ocrx_word' id='word_1_40' title='bbox 930 888 1019 936; x_wconf 84' lang='grc' dir='ltr'>καὶ</span> <span class='ocrx_word' id='word_1_41' title='bbox 1066 891 1169 944; x_wconf 85' lang='grc' dir='ltr'>πῶς</span> <span class='ocrx_word' id='word_1_42' title='bbox 1222 890 1326 944; x_wconf 84' lang='grc' dir='ltr'>τοῖς</span> <span class='ocrx_word' id='word_1_43' title='bbox 1369 884 1618 943; x_wconf 76' lang='grc' dir='ltr'><strong>ἐναντίοις</strong></span> <span class='ocrx_word' id='word_1_44' title='bbox 1675 877 1833 931; x_wconf 74' lang='grc' dir='ltr'>ἁπανο</span> 
     </span>
    </p>
   </div>
   <div class='ocr_carea' id='block_1_8' title="bbox 312 984 416 1048">
    <p class='ocr_par' dir='ltr' id='par_1_8' title="bbox 312 984 416 1048">
     <span class='ocr_line' id='line_1_8' title="bbox 312 984 416 1048; baseline -0.029 -18"><span class='ocrx_word' id='word_1_45' title='bbox 312 984 416 1048; x_wconf 78' lang='grc' dir='ltr'>τᾷν.</span> 
     </span>
    </p>
   </div>
   <div class='ocr_carea' id='block_1_9' title="bbox 257 1061 1695 1139">
    <p class='ocr_par' dir='ltr' id='par_1_9' title="bbox 257 1061 1695 1139">
     <span class='ocr_line' id='line_1_9' title="bbox 257 1061 1695 1139; baseline -0.003 -20"><span class='ocrx_word' id='word_1_46' title='bbox 257 1067 316 1138; x_wconf 82' lang='grc' dir='ltr'><strong>ξγ’</strong></span> <span class='ocrx_word' id='word_1_47' title='bbox 341 1071 465 1139; x_wconf 84' lang='grc' dir='ltr'>Περὶ</span> <span class='ocrx_word' id='word_1_48' title='bbox 498 1061 700 1125; x_wconf 87' lang='grc' dir='ltr'>δειλίας</span> <span class='ocrx_word' id='word_1_49' title='bbox 723 1067 808 1115; x_wconf 76' lang='grc' dir='ltr'>καὶ</span> <span class='ocrx_word' id='word_1_50' title='bbox 845 1064 1072 1136; x_wconf 78' lang='grc' dir='ltr'><strong>θάρσους</strong></span> <span class='ocrx_word' id='word_1_51' title='bbox 1109 1061 1157 1114; x_wconf 82' lang='grc' dir='ltr'><strong>έν</strong></span> <span class='ocrx_word' id='word_1_52' title='bbox 1186 1069 1303 1124; x_wconf 85' lang='grc' dir='ltr'>ταῖς</span> <span class='ocrx_word' id='word_1_53' title='bbox 1331 1061 1695 1134; x_wconf 79' lang='grc' dir='ltr'><strong>περιστάσεσι.</strong></span> 
     </span>
    </p>
   </div>
   <div class='ocr_carea' id='block_1_10' title="bbox 255 1152 1784 1230">
    <p class='ocr_par' dir='ltr' id='par_1_10' title="bbox 255 1152 1784 1230">
     <span class='ocr_line' id='line_1_10' title="bbox 255 1152 1784 1230; baseline -0.005 -19"><span class='ocrx_word' id='word_1_54' title='bbox 255 1153 318 1223; x_wconf 80' lang='grc' dir='ltr'><strong>ξδ’</strong></span> <span class='ocrx_word' id='word_1_55' title='bbox 342 1161 466 1229; x_wconf 86' lang='grc' dir='ltr'>Περὶ</span> <span class='ocrx_word' id='word_1_56' title='bbox 491 1161 670 1230; x_wconf 83' lang='grc' dir='ltr'>χαρᾶς</span> <span class='ocrx_word' id='word_1_57' title='bbox 692 1161 789 1215; x_wconf 84' lang='grc' dir='ltr'>τῆς</span> <span class='ocrx_word' id='word_1_58' title='bbox 828 1152 878 1205; x_wconf 86' lang='grc' dir='ltr'>ἐν</span> <span class='ocrx_word' id='word_1_59' title='bbox 907 1160 1016 1218; x_wconf 85' lang='grc' dir='ltr'>τοῖς</span> <span class='ocrx_word' id='word_1_60' title='bbox 1042 1154 1166 1227; x_wconf 66' lang='grc' dir='ltr'>ὑπὲρ</span> <span class='ocrx_word' id='word_1_61' title='bbox 1194 1157 1426 1225; x_wconf 71' lang='grc' dir='ltr'>Χριστοῦ</span> <span class='ocrx_word' id='word_1_62' title='bbox 1455 1152 1784 1222; x_wconf 78' lang='grc' dir='ltr'>παθήμασιν.</span> 
     </span>
    </p>
   </div>
   <div class='ocr_carea' id='block_1_11' title="bbox 249 1330 1688 1404">
    <p class='ocr_par' dir='ltr' id='par_1_11' title="bbox 249 1330 1688 1404">
     <span class='ocr_line' id='line_1_11' title="bbox 249 1330 1688 1404; baseline -0.007 -14"><span class='ocrx_word' id='word_1_63' title='bbox 249 1336 301 1401; x_wconf 63' lang='lat' dir='ltr'><strong>Ei</strong></span> <span class='ocrx_word' id='word_1_64' title='bbox 322 1335 496 1396; x_wconf 82' lang='grc' dir='ltr'>Ὀπως</span> <span class='ocrx_word' id='word_1_65' title='bbox 531 1330 617 1386; x_wconf 84' lang='grc' dir='ltr'><strong>δεῖ</strong></span> <span class='ocrx_word' id='word_1_66' title='bbox 643 1335 734 1385; x_wconf 79' lang='grc' dir='ltr'>καὶ</span> <span class='ocrx_word' id='word_1_67' title='bbox 763 1330 813 1385; x_wconf 83' lang='grc' dir='ltr'><strong>έν</strong></span> <span class='ocrx_word' id='word_1_68' title='bbox 843 1331 982 1402; x_wconf 81' lang='grc' dir='ltr'>αύτῷ</span> <span class='ocrx_word' id='word_1_69' title='bbox 1013 1338 1084 1402; x_wconf 81' lang='grc' dir='ltr'>τῷ</span> <span class='ocrx_word' id='word_1_70' title='bbox 1114 1330 1244 1386; x_wconf 83' lang='grc' dir='ltr'>τέλει</span> <span class='ocrx_word' id='word_1_71' title='bbox 1272 1331 1688 1404; x_wconf 72' lang='grc' dir='ltr'><strong>προσεύχεσθαι.</strong></span> 
     </span>
    </p>
   </div>
   <div class='ocr_carea' id='block_1_12' title="bbox 244 1507 1834 1587">
    <p class='ocr_par' dir='ltr' id='par_1_12' title="bbox 244 1507 1834 1587">
     <span class='ocr_line' id='line_1_12' title="bbox 244 1507 1834 1587; baseline -0.005 -19"><span class='ocrx_word' id='word_1_72' title='bbox 244 1515 315 1580; x_wconf 60' lang='grc' dir='ltr'><strong>ξιξ</strong></span> <span class='ocrx_word' id='word_1_73' title='bbox 363 1518 489 1587; x_wconf 85' lang='grc' dir='ltr'>Περὶ</span> <span class='ocrx_word' id='word_1_74' title='bbox 548 1521 650 1565; x_wconf 83' lang='grc' dir='ltr'>τῶν</span> <span class='ocrx_word' id='word_1_75' title='bbox 702 1510 1249 1583; x_wconf 77' lang='grc' dir='ltr'>ἐγκαταλιμπανόντων</span> <span class='ocrx_word' id='word_1_76' title='bbox 1304 1513 1424 1571; x_wconf 75' lang='grc' dir='ltr'>τοὺς</span> <span class='ocrx_word' id='word_1_77' title='bbox 1499 1509 1624 1585; x_wconf 69' lang='grc' dir='ltr'>ὑπὲρ</span> <span class='ocrx_word' id='word_1_78' title='bbox 1694 1507 1834 1562; x_wconf 84' lang='grc' dir='ltr'>εύσε-</span> 
     </span>
    </p>
   </div>
   <div class='ocr_carea' id='block_1_13' title="bbox 309 1600 1834 1674">
    <p class='ocr_par' dir='ltr' id='par_1_13' title="bbox 309 1600 1834 1674">
     <span class='ocr_line' id='line_1_13' title="bbox 309 1600 1834 1674; baseline -0.004 -18"><span class='ocrx_word' id='word_1_79' title='bbox 309 1603 442 1665; x_wconf 74' lang='grc' dir='ltr'>ϐείας</span> <span class='ocrx_word' id='word_1_80' title='bbox 472 1605 590 1670; x_wconf 72' lang='grc'>(49)</span> <span class='ocrx_word' id='word_1_81' title='bbox 621 1600 1051 1674; x_wconf 73' lang='grc' dir='ltr'><strong>ἀγωνιζομένους,</strong></span> <span class='ocrx_word' id='word_1_82' title='bbox 1077 1603 1167 1652; x_wconf 83' lang='grc' dir='ltr'>καὶ</span> <span class='ocrx_word' id='word_1_83' title='bbox 1191 1604 1308 1674; x_wconf 84' lang='grc' dir='ltr'>περὶ</span> <span class='ocrx_word' id='word_1_84' title='bbox 1328 1607 1427 1652; x_wconf 86' lang='grc' dir='ltr'>τῶν</span> <span class='ocrx_word' id='word_1_85' title='bbox 1451 1601 1652 1660; x_wconf 80' lang='grc' dir='ltr'>τούτοις</span> <span class='ocrx_word' id='word_1_86' title='bbox 1681 1618 1834 1651; x_wconf 89' lang='grc' dir='ltr'>συνα-</span> 
     </span>
    </p>
   </div>
   <div class='ocr_carea' id='block_1_14' title="bbox 301 1694 684 1764">
    <p class='ocr_par' dir='ltr' id='par_1_14' title="bbox 301 1694 684 1764">
     <span class='ocr_line' id='line_1_14' title="bbox 301 1694 684 1764; baseline -0.013 -19"><span class='ocrx_word' id='word_1_87' title='bbox 301 1694 684 1764; x_wconf 77' lang='grc' dir='ltr'>γωνιζομένων,</span> 
     </span>
    </p>
   </div>
   <div class='ocr_carea' id='block_1_15' title="bbox 236 1777 1651 1860">
    <p class='ocr_par' dir='ltr' id='par_1_15' title="bbox 236 1777 1651 1860">
     <span class='ocr_line' id='line_1_15' title="bbox 236 1777 1651 1860; baseline -0.002 -23"><span class='ocrx_word' id='word_1_88' title='bbox 236 1783 308 1849; x_wconf 76' lang='grc' dir='ltr'><strong>ξζ</strong></span> <span class='ocrx_word' id='word_1_89' title='bbox 340 1787 464 1860; x_wconf 88' lang='grc' dir='ltr'>Περὶ</span> <span class='ocrx_word' id='word_1_90' title='bbox 489 1789 593 1838; x_wconf 86' lang='grc' dir='ltr'>τῶν</span> <span class='ocrx_word' id='word_1_91' title='bbox 624 1779 707 1835; x_wconf 82' lang='grc' dir='ltr'><strong>ἐπὶ</strong></span> <span class='ocrx_word' id='word_1_92' title='bbox 744 1786 850 1840; x_wconf 89' lang='grc' dir='ltr'>τοῖς</span> <span class='ocrx_word' id='word_1_93' title='bbox 872 1777 1265 1837; x_wconf 76' lang='grc' dir='ltr'>ἀποθνήσκουσι</span> <span class='ocrx_word' id='word_1_94' title='bbox 1301 1778 1651 1853; x_wconf 72' lang='grc' dir='ltr'>λυπουμένων.</span> 
     </span>
    </p>
   </div>
   <div class='ocr_carea' id='block_1_16' title="bbox 228 1959 1833 2040">
    <p class='ocr_par' dir='ltr' id='par_1_16' title="bbox 228 1959 1833 2040">
     <span class='ocr_line' id='line_1_16' title="bbox 228 1959 1833 2040; baseline -0.004 -21"><span class='ocrx_word' id='word_1_95' title='bbox 228 1965 310 2030; x_wconf 73' lang='grc' dir='ltr'><strong>εη’</strong></span> <span class='ocrx_word' id='word_1_96' title='bbox 350 1968 480 2040; x_wconf 86' lang='grc' dir='ltr'><strong>Περὶ</strong></span> <span class='ocrx_word' id='word_1_97' title='bbox 511 1959 767 2036; x_wconf 70' lang='grc' dir='ltr'>διαφορᾶς</span> <span class='ocrx_word' id='word_1_98' title='bbox 796 1969 886 2013; x_wconf 76' lang='grc' dir='ltr'>τοῦ</span> <span class='ocrx_word' id='word_1_99' title='bbox 925 1965 1174 2039; x_wconf 78' lang='grc' dir='ltr'>παρόντος</span> <span class='ocrx_word' id='word_1_100' title='bbox 1213 1960 1394 2023; x_wconf 82' lang='grc' dir='ltr'>αἰῶνος</span> <span class='ocrx_word' id='word_1_101' title='bbox 1441 1964 1531 2013; x_wconf 83' lang='grc' dir='ltr'>καὶ</span> <span class='ocrx_word' id='word_1_102' title='bbox 1569 1967 1660 2013; x_wconf 79' lang='grc' dir='ltr'>τοῦ</span> <span class='ocrx_word' id='word_1_103' title='bbox 1708 1959 1833 2034; x_wconf 79' lang='grc' dir='ltr'>μέλ-</span> 
     </span>
    </p>
   </div>
   <div class='ocr_carea' id='block_1_17' title="bbox 298 2053 495 2114">
    <p class='ocr_par' dir='ltr' id='par_1_17' title="bbox 298 2053 495 2114">
     <span class='ocr_line' id='line_1_17' title="bbox 298 2053 495 2114; baseline 0.015 -8"><span class='ocrx_word' id='word_1_104' title='bbox 298 2053 495 2114; x_wconf 73' lang='grc' dir='ltr'>λοντος.</span> 
     </span>
    </p>
   </div>
   <div class='ocr_carea' id='block_1_18' title="bbox 219 2137 1834 2218">
    <p class='ocr_par' dir='ltr' id='par_1_18' title="bbox 219 2137 1834 2218">
     <span class='ocr_line' id='line_1_18' title="bbox 219 2137 1834 2218; baseline -0.003 -21"><span class='ocrx_word' id='word_1_105' title='bbox 219 2142 304 2206; x_wconf 76' lang='grc' dir='ltr'><strong>ἔθ’</strong></span> <span class='ocrx_word' id='word_1_106' title='bbox 335 2147 466 2218; x_wconf 76' lang='grc' dir='ltr'>Περὶ</span> <span class='ocrx_word' id='word_1_107' title='bbox 484 2150 588 2196; x_wconf 86' lang='grc' dir='ltr'>τῶν</span> <span class='ocrx_word' id='word_1_108' title='bbox 614 2142 746 2214; x_wconf 82' lang='grc' dir='ltr'>ὁμοῦ</span> <span class='ocrx_word' id='word_1_109' title='bbox 789 2145 880 2192; x_wconf 79' lang='grc' dir='ltr'>καὶ</span> <span class='ocrx_word' id='word_1_110' title='bbox 928 2141 1062 2192; x_wconf 78' lang='grc' dir='ltr'>κατὰ</span> <span class='ocrx_word' id='word_1_111' title='bbox 1116 2139 1392 2212; x_wconf 76' lang='grc' dir='ltr'>συνάφειαν</span> <span class='ocrx_word' id='word_1_112' title='bbox 1443 2137 1834 2213; x_wconf 80' lang='grc' dir='ltr'>ἀπαγορευομέ-</span> 
     </span>
    </p>
   </div>
   <div class='ocr_carea' id='block_1_19' title="bbox 302 2228 1528 2304">
    <p class='ocr_par' dir='ltr' id='par_1_19' title="bbox 302 2228 1528 2304">
     <span class='ocr_line' id='line_1_19' title="bbox 302 2228 1528 2304; baseline -0.003 -20"><span class='ocrx_word' id='word_1_113' title='bbox 302 2253 405 2284; x_wconf 85' lang='grc' dir='ltr'><strong>νων</strong></span> <span class='ocrx_word' id='word_1_114' title='bbox 428 2234 533 2304; x_wconf 77' lang='grc'>(50)</span> <span class='ocrx_word' id='word_1_115' title='bbox 563 2233 665 2283; x_wconf 85' lang='grc' dir='ltr'>ύπὸ</span> <span class='ocrx_word' id='word_1_116' title='bbox 697 2239 787 2290; x_wconf 79' lang='grc' dir='ltr'>τῆς</span> <span class='ocrx_word' id='word_1_117' title='bbox 819 2235 1046 2302; x_wconf 69' lang='grc' dir='ltr'>Γραφῆς,</span> <span class='ocrx_word' id='word_1_118' title='bbox 1077 2230 1105 2288; x_wconf 81' lang='grc' dir='ltr'>ἢ</span> <span class='ocrx_word' id='word_1_119' title='bbox 1142 2228 1528 2303; x_wconf 76' lang='grc' dir='ltr'>ἐγκρινομένων.</span> 
     </span>
    </p>
   </div>
   <div class='ocr_carea' id='block_1_20' title="bbox 212 2317 1835 2396">
    <p class='ocr_par' dir='ltr' id='par_1_20' title="bbox 212 2317 1835 2396">
     <span class='ocr_line' id='line_1_20' title="bbox 212 2317 1835 2396; baseline -0.002 -22"><span class='ocrx_word' id='word_1_120' title='bbox 212 2321 257 2374; x_wconf 72' lang='grc' dir='ltr'><strong>θ’</strong></span> <span class='ocrx_word' id='word_1_121' title='bbox 303 2328 436 2396; x_wconf 83' lang='grc' dir='ltr'>Περὶ</span> <span class='ocrx_word' id='word_1_122' title='bbox 472 2329 575 2374; x_wconf 85' lang='grc' dir='ltr'>τῶν</span> <span class='ocrx_word' id='word_1_123' title='bbox 628 2324 688 2373; x_wconf 85' lang='grc' dir='ltr'>τὸ</span> <span class='ocrx_word' id='word_1_124' title='bbox 737 2325 985 2393; x_wconf 79' lang='grc' dir='ltr'>κήρυγμα</span> <span class='ocrx_word' id='word_1_125' title='bbox 1031 2326 1121 2370; x_wconf 79' lang='grc' dir='ltr'>τοῦ</span> <span class='ocrx_word' id='word_1_126' title='bbox 1165 2318 1482 2390; x_wconf 82' lang='grc' dir='ltr'>Εύαγγε).ίου</span> <span class='ocrx_word' id='word_1_127' title='bbox 1541 2317 1835 2393; x_wconf 72' lang='grc' dir='ltr'>ἐγχειρίζο-</span> 
     </span>
    </p>
   </div>
   <div class='ocr_carea' id='block_1_21' title="bbox 292 2405 1833 2485">
    <p class='ocr_par' dir='ltr' id='par_1_21' title="bbox 292 2405 1833 2485">
     <span class='ocr_line' id='line_1_21' title="bbox 292 2405 1833 2485; baseline -0.001 -22"><span class='ocrx_word' id='word_1_128' title='bbox 292 2417 484 2485; x_wconf 74' lang='grc' dir='ltr'>μένων,</span> <span class='ocrx_word' id='word_1_129' title='bbox 547 2413 638 2462; x_wconf 87' lang='grc' dir='ltr'>καὶ</span> <span class='ocrx_word' id='word_1_130' title='bbox 685 2413 826 2474; x_wconf 86' lang='grc' dir='ltr'>πότε,</span> <span class='ocrx_word' id='word_1_131' title='bbox 877 2413 967 2460; x_wconf 82' lang='grc' dir='ltr'>καὶ</span> <span class='ocrx_word' id='word_1_132' title='bbox 1012 2413 1172 2478; x_wconf 88' lang='grc' dir='ltr'>τίνας,</span> <span class='ocrx_word' id='word_1_133' title='bbox 1221 2411 1311 2460; x_wconf 85' lang='grc' dir='ltr'>καὶ</span> <span class='ocrx_word' id='word_1_134' title='bbox 1340 2413 1390 2459; x_wconf 87' lang='grc' dir='ltr'><strong>τί</strong></span> <span class='ocrx_word' id='word_1_135' title='bbox 1418 2405 1716 2474; x_wconf 74' lang='grc' dir='ltr'><strong>διδάσκειν,</strong></span> <span class='ocrx_word' id='word_1_136' title='bbox 1743 2414 1833 2461; x_wconf 83' lang='grc' dir='ltr'>καὶ</span> 
     </span>
    </p>
   </div>
   <div class='ocr_carea' id='block_1_22' title="bbox 289 2499 1828 2573">
    <p class='ocr_par' dir='ltr' id='par_1_22' title="bbox 289 2499 1828 2573">
     <span class='ocr_line' id='line_1_22' title="bbox 289 2499 1828 2573; baseline -0.004 -20"><span class='ocrx_word' id='word_1_137' title='bbox 289 2510 408 2564; x_wconf 73' lang='grc' dir='ltr'>πῶς</span> <span class='ocrx_word' id='word_1_138' title='bbox 458 2500 678 2560; x_wconf 77' lang='grc' dir='ltr'>ἑαυτούς</span> <span class='ocrx_word' id='word_1_139' title='bbox 727 2499 1114 2573; x_wconf 80' lang='grc' dir='ltr'>προκατορθοῦν</span> <span class='ocrx_word' id='word_1_140' title='bbox 1173 2500 1295 2559; x_wconf 86' lang='grc' dir='ltr'>τούς</span> <span class='ocrx_word' id='word_1_141' title='bbox 1351 2500 1618 2559; x_wconf 86' lang='grc' dir='ltr'>τοιούτους</span> <span class='ocrx_word' id='word_1_142' title='bbox 1677 2503 1786 2573; x_wconf 79' lang='grc' dir='ltr'>χρή</span> <span class='ocrx_word' id='word_1_143' title='bbox 1815 2518 1828 2530; x_wconf 81' lang='grc' dir='ltr'><strong><em>ο</em></strong></span> 
     </span>
    </p>
   </div>
   <div class='ocr_carea' id='block_1_23' title="bbox 288 2586 1830 2662">
    <p class='ocr_par' dir='ltr' id='par_1_23' title="bbox 288 2586 1830 2662">
     <span class='ocr_line' id='line_1_23' title="bbox 288 2586 1830 2662; baseline -0.001 -21"><span class='ocrx_word' id='word_1_144' title='bbox 288 2595 386 2642; x_wconf 80' lang='grc' dir='ltr'>καὶ</span> <span class='ocrx_word' id='word_1_145' title='bbox 437 2591 580 2650; x_wconf 80' lang='grc' dir='ltr'>ὅπως</span> <span class='ocrx_word' id='word_1_146' title='bbox 621 2589 670 2642; x_wconf 77' lang='grc' dir='ltr'><strong>έν</strong></span> <span class='ocrx_word' id='word_1_147' title='bbox 716 2595 790 2658; x_wconf 86' lang='grc' dir='ltr'>τῷ</span> <span class='ocrx_word' id='word_1_148' title='bbox 835 2591 1138 2662; x_wconf 73' lang='grc' dir='ltr'>κηρύγματι</span> <span class='ocrx_word' id='word_1_149' title='bbox 1193 2586 1673 2661; x_wconf 75' lang='grc' dir='ltr'>παρρησιάζεσθαι,</span> <span class='ocrx_word' id='word_1_150' title='bbox 1741 2591 1830 2639; x_wconf 83' lang='grc' dir='ltr'>καὶ</span> 
     </span>
    </p>
   </div>
   <div class='ocr_carea' id='block_1_24' title="bbox 287 2677 1833 2751">
    <p class='ocr_par' dir='ltr' id='par_1_24' title="bbox 287 2677 1833 2751">
     <span class='ocr_line' id='line_1_24' title="bbox 287 2677 1833 2751; baseline -0.001 -21"><span class='ocrx_word' id='word_1_151' title='bbox 287 2688 409 2742; x_wconf 77' lang='grc' dir='ltr'>πῶς</span> <span class='ocrx_word' id='word_1_152' title='bbox 477 2677 835 2751; x_wconf 74' lang='grc' dir='ltr'>ἐπιμελεῖσθαι</span> <span class='ocrx_word' id='word_1_153' title='bbox 891 2685 990 2728; x_wconf 82' lang='grc' dir='ltr'>τῶν</span> <span class='ocrx_word' id='word_1_154' title='bbox 1051 2681 1485 2750; x_wconf 75' lang='grc' dir='ltr'>πεπιστευμένων,</span> <span class='ocrx_word' id='word_1_155' title='bbox 1552 2682 1641 2728; x_wconf 86' lang='grc' dir='ltr'>καὶ</span> <span class='ocrx_word' id='word_1_156' title='bbox 1707 2680 1833 2748; x_wconf 83' lang='grc' dir='ltr'>ποίᾳ</span> 
     </span>
    </p>
   </div>
   <div class='ocr_carea' id='block_1_25' title="bbox 288 2763 1832 2841">
    <p class='ocr_par' dir='ltr' id='par_1_25' title="bbox 288 2763 1832 2841">
     <span class='ocr_line' id='line_1_25' title="bbox 288 2763 1832 2841; baseline -0.002 -20"><span class='ocrx_word' id='word_1_157' title='bbox 288 2766 564 2834; x_wconf 75' lang='grc' dir='ltr'>διαθέσει,</span> <span class='ocrx_word' id='word_1_158' title='bbox 614 2771 704 2819; x_wconf 79' lang='grc' dir='ltr'>καὶ</span> <span class='ocrx_word' id='word_1_159' title='bbox 745 2771 862 2841; x_wconf 86' lang='grc' dir='ltr'>περὶ</span> <span class='ocrx_word' id='word_1_160' title='bbox 907 2772 1032 2818; x_wconf 89' lang='grc' dir='ltr'>ποῖα</span> <span class='ocrx_word' id='word_1_161' title='bbox 1083 2774 1182 2820; x_wconf 80' lang='grc' dir='ltr'>τῶν</span> <span class='ocrx_word' id='word_1_162' title='bbox 1232 2763 1654 2840; x_wconf 84' lang='grc' dir='ltr'>σπουδασμάτων</span> <span class='ocrx_word' id='word_1_163' title='bbox 1708 2785 1832 2840; x_wconf 90' lang='grc' dir='ltr'>προ-</span> 
     </span>
    </p>
   </div>
   <div class='ocr_carea' id='block_1_26' title="bbox 287 2858 1248 2930">
    <p class='ocr_par' dir='ltr' id='par_1_26' title="bbox 287 2858 1248 2930">
     <span class='ocr_line' id='line_1_26' title="bbox 287 2858 1248 2930; baseline 0 -19"><span class='ocrx_word' id='word_1_164' title='bbox 287 2861 607 2930; x_wconf 64' lang='grc' dir='ltr'>ηγουμένως</span> <span class='ocrx_word' id='word_1_165' title='bbox 663 2858 1035 2928; x_wconf 73' lang='grc' dir='ltr'>καταγίνεσθαι</span> <span class='ocrx_word' id='word_1_166' title='bbox 1089 2860 1205 2924; x_wconf 72' lang='grc'>(51)</span> <span class='ocrx_word' id='word_1_167' title='bbox 1235 2877 1248 2890; x_wconf 90' lang='grc'>·</span> 
     </span>
    </p>
   </div>
   <div class='ocr_carea' id='block_1_27' title="bbox 286 2945 1832 3023">
    <p class='ocr_par' dir='ltr' id='par_1_27' title="bbox 286 2945 1832 3023">
     <span class='ocr_line' id='line_1_27' title="bbox 286 2945 1832 3023; baseline -0.005 -22"><span class='ocrx_word' id='word_1_168' title='bbox 286 2951 468 3023; x_wconf 79' lang='grc' dir='ltr'>ρεύειν</span> <span class='ocrx_word' id='word_1_169' title='bbox 525 2945 629 2998; x_wconf 77' lang='grc' dir='ltr'><strong>ἀπὸ</strong></span> <span class='ocrx_word' id='word_1_170' title='bbox 684 2954 784 2998; x_wconf 85' lang='grc' dir='ltr'>τῶν</span> <span class='ocrx_word' id='word_1_171' title='bbox 839 2948 904 3005; x_wconf 86' lang='grc' dir='ltr'>ὡς</span> <span class='ocrx_word' id='word_1_172' title='bbox 957 2945 1041 2997; x_wconf 75' lang='grc' dir='ltr'><strong>ἐπὶ</strong></span> <span class='ocrx_word' id='word_1_173' title='bbox 1087 2948 1146 2997; x_wconf 83' lang='grc' dir='ltr'><strong>τό</strong></span> <span class='ocrx_word' id='word_1_174' title='bbox 1195 2945 1432 2998; x_wconf 71' lang='grc' dir='ltr'>πλεῖστον</span> <span class='ocrx_word' id='word_1_175' title='bbox 1473 2949 1832 3019; x_wconf 77' lang='grc' dir='ltr'>παρεπομένων</span> 
     </span>
    </p>
   </div>
   <div class='ocr_carea' id='block_1_28' title="bbox 1333 2858 1831 2917">
    <p class='ocr_par' dir='ltr' id='par_1_28' title="bbox 1333 2858 1831 2917">
     <span class='ocr_line' id='line_1_28' title="bbox 1333 2858 1831 2917; baseline 0.002 -10"><span class='ocrx_word' id='word_1_176' title='bbox 1333 2862 1423 2908; x_wconf 81' lang='grc' dir='ltr'><strong>καὶ</strong></span> <span class='ocrx_word' id='word_1_177' title='bbox 1479 2858 1616 2917; x_wconf 86' lang='grc' dir='ltr'>ὅπως</span> <span class='ocrx_word' id='word_1_178' title='bbox 1663 2858 1831 2908; x_wconf 85' lang='grc' dir='ltr'>καθα-</span> 
     </span>
    </p>
   </div>
   <div class='ocr_carea' id='block_1_29' title="bbox 286 3033 1834 3110">
    <p class='ocr_par' dir='ltr' id='par_1_29' title="bbox 286 3033 1834 3110">
     <span class='ocr_line' id='line_1_29' title="bbox 286 3033 1834 3110; baseline -0.002 -20"><span class='ocrx_word' id='word_1_179' title='bbox 286 3038 699 3110; x_wconf 68' lang='grc' dir='ltr'>ιλαττωμάτων,</span> <span class='ocrx_word' id='word_1_180' title='bbox 770 3039 860 3087; x_wconf 79' lang='grc' dir='ltr'>καὶ</span> <span class='ocrx_word' id='word_1_181' title='bbox 917 3033 1002 3088; x_wconf 72' lang='grc' dir='ltr'><strong>ἐπὶ</strong></span> <span class='ocrx_word' id='word_1_182' title='bbox 1066 3042 1211 3087; x_wconf 89' lang='grc' dir='ltr'>ποῖον</span> <span class='ocrx_word' id='word_1_183' title='bbox 1277 3036 1419 3106; x_wconf 78' lang='grc' dir='ltr'>ἄγειν</span> <span class='ocrx_word' id='word_1_184' title='bbox 1481 3038 1664 3108; x_wconf 84' lang='grc' dir='ltr'>μέτρον</span> <span class='ocrx_word' id='word_1_185' title='bbox 1717 3039 1834 3094; x_wconf 83' lang='grc' dir='ltr'>τούς</span> 
     </span>
    </p>
   </div>
   <div class='ocr_carea' id='block_1_30' title="bbox 287 3120 1902 3198">
    <p class='ocr_par' dir='ltr' id='par_1_30' title="bbox 287 3120 1902 3198">
     <span class='ocr_line' id='line_1_30' title="bbox 287 3120 1902 3198; baseline -0.002 -18"><span class='ocrx_word' id='word_1_186' title='bbox 287 3123 746 3198; x_wconf 71' lang='grc' dir='ltr'>διδασκομένους,</span> <span class='ocrx_word' id='word_1_187' title='bbox 789 3129 878 3176; x_wconf 84' lang='grc' dir='ltr'>καὶ</span> <span class='ocrx_word' id='word_1_188' title='bbox 922 3133 1028 3185; x_wconf 86' lang='grc' dir='ltr'>πῶς</span> <span class='ocrx_word' id='word_1_189' title='bbox 1075 3123 1271 3195; x_wconf 81' lang='grc' dir='ltr'>ἐνάγειν</span> <span class='ocrx_word' id='word_1_190' title='bbox 1316 3128 1438 3186; x_wconf 81' lang='grc' dir='ltr'>τοὺς</span> <span class='ocrx_word' id='word_1_191' title='bbox 1486 3120 1834 3176; x_wconf 78' lang='grc' dir='ltr'>ἀντιδιατιθε-</span> <span class='ocrx_word' id='word_1_192' title='bbox 1862 3140 1902 3194; x_wconf 64' lang='grc' dir='ltr'><strong>(ζ</strong></span> 
     </span>
    </p>
   </div>
   <div class='ocr_carea' id='block_1_31' title="bbox 285 3209 1832 3290">
    <p class='ocr_par' dir='ltr' id='par_1_31' title="bbox 285 3209 1832 3290">
     <span class='ocr_line' id='line_1_31' title="bbox 285 3209 1832 3290; baseline -0.004 -21"><span class='ocrx_word' id='word_1_193' title='bbox 285 3220 507 3290; x_wconf 77' lang='grc' dir='ltr'>μένους,</span> <span class='ocrx_word' id='word_1_194' title='bbox 575 3219 667 3266; x_wconf 77' lang='grc' dir='ltr'><strong>καὶ</strong></span> <span class='ocrx_word' id='word_1_195' title='bbox 724 3218 842 3265; x_wconf 88' lang='grc' dir='ltr'>τίνα</span> <span class='ocrx_word' id='word_1_196' title='bbox 887 3218 1073 3288; x_wconf 79' lang='grc' dir='ltr'>τρόπον</span> <span class='ocrx_word' id='word_1_197' title='bbox 1133 3217 1284 3266; x_wconf 79' lang='grc' dir='ltr'>εἴκειν</span> <span class='ocrx_word' id='word_1_198' title='bbox 1342 3217 1464 3276; x_wconf 73' lang='grc' dir='ltr'>τοὺς</span> <span class='ocrx_word' id='word_1_199' title='bbox 1521 3209 1615 3265; x_wconf 78' lang='grc' dir='ltr'>διὰ</span> <span class='ocrx_word' id='word_1_200' title='bbox 1679 3211 1832 3285; x_wconf 69' lang='grc' dir='ltr'>φόϐον</span> 
     </span>
    </p>
   </div>
   <div class='ocr_carea' id='block_1_32' title="bbox 282 3305 937 3380">
    <p class='ocr_par' dir='ltr' id='par_1_32' title="bbox 282 3305 937 3380">
     <span class='ocr_line' id='line_1_32' title="bbox 282 3305 937 3380; baseline 0 -22"><span class='ocrx_word' id='word_1_201' title='bbox 282 3308 753 3380; x_wconf 77' lang='grc' dir='ltr'>παραιτουμένους</span> <span class='ocrx_word' id='word_1_202' title='bbox 807 3305 937 3374; x_wconf 78' lang='grc'>(52),</span> 
     </span>
    </p>
   </div>
   <div class='ocr_carea' id='block_1_33' title="bbox 283 3388 1832 3465">
    <p class='ocr_par' dir='ltr' id='par_1_33' title="bbox 283 3388 1832 3465">
     <span class='ocr_line' id='line_1_33' title="bbox 283 3388 1832 3465; baseline 0 -23"><span class='ocrx_word' id='word_1_203' title='bbox 283 3391 324 3447; x_wconf 70' lang='grc' dir='ltr'><em>ὃ</em></span> <span class='ocrx_word' id='word_1_204' title='bbox 333 3394 370 3445; x_wconf 86' lang='grc' dir='ltr'>ι’</span> <span class='ocrx_word' id='word_1_205' title='bbox 401 3393 780 3465; x_wconf 72' lang='grc' dir='ltr'>ἀγνωμοσύνην</span> <span class='ocrx_word' id='word_1_206' title='bbox 811 3396 882 3464; x_wconf 81' lang='grc' dir='ltr'>μὴ</span> <span class='ocrx_word' id='word_1_207' title='bbox 923 3388 1360 3464; x_wconf 67' lang='grc' dir='ltr'>καταδεχομένων</span> <span class='ocrx_word' id='word_1_208' title='bbox 1385 3411 1398 3426; x_wconf 81' lang='grc' dir='ltr'><strong><em>ο</em></strong></span> <span class='ocrx_word' id='word_1_209' title='bbox 1458 3397 1547 3444; x_wconf 82' lang='grc' dir='ltr'>καὶ</span> <span class='ocrx_word' id='word_1_210' title='bbox 1593 3399 1703 3452; x_wconf 83' lang='grc' dir='ltr'>πῶς</span> <span class='ocrx_word' id='word_1_211' title='bbox 1758 3410 1832 3443; x_wconf 89' lang='grc' dir='ltr'>τι-</span> 
     </span>
    </p>
   </div>
   <div class='ocr_carea' id='block_1_34' title="bbox 1016 3302 1832 3377">
    <p class='ocr_par' dir='ltr' id='par_1_34' title="bbox 1016 3302 1832 3377">
     <span class='ocr_line' id='line_1_34' title="bbox 1016 3302 1832 3377; baseline -0.001 -22"><span class='ocrx_word' id='word_1_212' title='bbox 1016 3307 1104 3356; x_wconf 80' lang='grc' dir='ltr'>καὶ</span> <span class='ocrx_word' id='word_1_213' title='bbox 1178 3311 1289 3364; x_wconf 80' lang='grc' dir='ltr'><strong>πῶς</strong></span> <span class='ocrx_word' id='word_1_214' title='bbox 1360 3302 1650 3377; x_wconf 80' lang='grc' dir='ltr'>ἀναχωρεῖν</span> <span class='ocrx_word' id='word_1_215' title='bbox 1731 3311 1832 3354; x_wconf 83' lang='grc' dir='ltr'>τῶν</span> 
     </span>
    </p>
   </div>
   <div class='ocr_carea' id='block_1_35' title="bbox 285 3481 1833 3556">
    <p class='ocr_par' dir='ltr' id='par_1_35' title="bbox 285 3481 1833 3556">
     <span class='ocr_line' id='line_1_35' title="bbox 285 3481 1833 3556; baseline -0.002 -20"><span class='ocrx_word' id='word_1_216' title='bbox 285 3505 385 3546; x_wconf 81' lang='grc' dir='ltr'><strong>νας</strong></span> <span class='ocrx_word' id='word_1_217' title='bbox 432 3491 775 3556; x_wconf 86' lang='grc' dir='ltr'>χειροτονεῖν,</span> <span class='ocrx_word' id='word_1_218' title='bbox 836 3482 865 3540; x_wconf 70' lang='grc' dir='ltr'><strong>ἦ</strong></span> <span class='ocrx_word' id='word_1_219' title='bbox 925 3481 1228 3535; x_wconf 74' lang='grc' dir='ltr'>ἀποϐάλλειν</span> <span class='ocrx_word' id='word_1_220' title='bbox 1259 3482 1374 3553; x_wconf 87' lang='grc'>(53)</span> <span class='ocrx_word' id='word_1_221' title='bbox 1427 3486 1544 3542; x_wconf 78' lang='grc' dir='ltr'>τοὺς</span> <span class='ocrx_word' id='word_1_222' title='bbox 1598 3501 1833 3556; x_wconf 81' lang='grc' dir='ltr'>κεχειρο-</span> 
     </span>
    </p>
   </div>
   <div class='ocr_carea' id='block_1_36' title="bbox 287 3571 1831 3648">
    <p class='ocr_par' dir='ltr' id='par_1_36' title="bbox 287 3571 1831 3648">
     <span class='ocr_line' id='line_1_36' title="bbox 287 3571 1831 3648; baseline -0.003 -22"><span class='ocrx_word' id='word_1_223' title='bbox 287 3579 651 3647; x_wconf 70' lang='grc' dir='ltr'>τονημένους·</span> <span class='ocrx_word' id='word_1_224' title='bbox 709 3577 799 3625; x_wconf 79' lang='grc' dir='ltr'>καὶ</span> <span class='ocrx_word' id='word_1_225' title='bbox 844 3573 923 3624; x_wconf 89' lang='grc' dir='ltr'>ὃτι</span> <span class='ocrx_word' id='word_1_226' title='bbox 961 3576 1070 3648; x_wconf 83' lang='grc' dir='ltr'>χρὴ</span> <span class='ocrx_word' id='word_1_227' title='bbox 1101 3580 1200 3624; x_wconf 84' lang='grc' dir='ltr'>τῶν</span> <span class='ocrx_word' id='word_1_228' title='bbox 1231 3576 1568 3647; x_wconf 84' lang='grc' dir='ltr'>προεστώτων</span> <span class='ocrx_word' id='word_1_229' title='bbox 1615 3571 1831 3624; x_wconf 80' lang='grc' dir='ltr'>ἕκαστον</span> 
     </span>
    </p>
   </div>
   <div class='ocr_carea' id='block_1_37' title="bbox 290 3661 1831 3732">
    <p class='ocr_par' dir='ltr' id='par_1_37' title="bbox 290 3661 1831 3732">
     <span class='ocr_line' id='line_1_37' title="bbox 290 3661 1831 3732; baseline -0.002 -17"><span class='ocrx_word' id='word_1_230' title='bbox 290 3665 591 3716; x_wconf 72' lang='grc' dir='ltr'>ὑπεύθυνον</span> <span class='ocrx_word' id='word_1_231' title='bbox 645 3661 828 3714; x_wconf 80' lang='grc' dir='ltr'>ἑαυτὸν</span> <span class='ocrx_word' id='word_1_232' title='bbox 882 3663 1126 3732; x_wconf 74' lang='grc' dir='ltr'>ἡγεῖσθαι</span> <span class='ocrx_word' id='word_1_233' title='bbox 1177 3663 1311 3731; x_wconf 77' lang='grc'>(54),</span> <span class='ocrx_word' id='word_1_234' title='bbox 1379 3665 1468 3712; x_wconf 85' lang='grc' dir='ltr'>καὶ</span> <span class='ocrx_word' id='word_1_235' title='bbox 1520 3667 1624 3721; x_wconf 86' lang='grc' dir='ltr'>τοῖς</span> <span class='ocrx_word' id='word_1_236' title='bbox 1676 3679 1831 3712; x_wconf 82' lang='grc' dir='ltr'>πεπι-</span> 
     </span>
    </p>
   </div>
   <div class='ocr_carea' id='block_1_38' title="bbox 292 3749 1833 3826">
    <p class='ocr_par' dir='ltr' id='par_1_38' title="bbox 292 3749 1833 3826">
     <span class='ocr_line' id='line_1_38' title="bbox 292 3749 1833 3826; baseline -0.003 -19"><span class='ocrx_word' id='word_1_237' title='bbox 292 3755 607 3826; x_wconf 83' lang='grc' dir='ltr'>στευμένοις</span> <span class='ocrx_word' id='word_1_238' title='bbox 653 3751 796 3822; x_wconf 78' lang='grc' dir='ltr'>αὐτῷ</span> <span class='ocrx_word' id='word_1_239' title='bbox 843 3751 914 3814; x_wconf 81' lang='grc' dir='ltr'><strong>εἰς</strong></span> <span class='ocrx_word' id='word_1_240' title='bbox 962 3756 1056 3811; x_wconf 84' lang='grc' dir='ltr'>τὴν</span> <span class='ocrx_word' id='word_1_241' title='bbox 1098 3755 1216 3826; x_wconf 84' lang='grc' dir='ltr'>περὶ</span> <span class='ocrx_word' id='word_1_242' title='bbox 1255 3751 1322 3803; x_wconf 84' lang='grc' dir='ltr'>ὧν</span> <span class='ocrx_word' id='word_1_243' title='bbox 1369 3757 1505 3805; x_wconf 88' lang='grc' dir='ltr'>ποιεῖ</span> <span class='ocrx_word' id='word_1_244' title='bbox 1560 3753 1648 3804; x_wconf 83' lang='grc' dir='ltr'>καὶ</span> <span class='ocrx_word' id='word_1_245' title='bbox 1699 3749 1833 3822; x_wconf 81' lang='grc' dir='ltr'>λέγει</span> 
     </span>
    </p>
   </div>
   <div class='ocr_carea' id='block_1_39' title="bbox 292 3843 679 3918">
    <p class='ocr_par' dir='ltr' id='par_1_39' title="bbox 292 3843 679 3918">
     <span class='ocr_line' id='line_1_39' title="bbox 292 3843 679 3918; baseline 0.003 -24"><span class='ocrx_word' id='word_1_246' title='bbox 292 3843 679 3918; x_wconf 54' lang='lat' dir='ltr'><strong>alapa-popina.</strong></span> 
     </span>
    </p>
   </div>
   <div class='ocr_carea' id='block_1_40' title="bbox 227 4106 1836 4190">
    <p class='ocr_par' dir='ltr' id='par_1_40' title="bbox 227 4106 1836 4190">
     <span class='ocr_line' id='line_1_40' title="bbox 227 4106 1836 4190; baseline -0.006 -19"><span class='ocrx_word' id='word_1_247' title='bbox 227 4117 304 4170; x_wconf 83' lang='grc' dir='ltr'>οα’</span> <span class='ocrx_word' id='word_1_248' title='bbox 337 4117 467 4190; x_wconf 81' lang='grc' dir='ltr'>Περὶ</span> <span class='ocrx_word' id='word_1_249' title='bbox 498 4121 599 4168; x_wconf 81' lang='grc' dir='ltr'>τῶν</span> <span class='ocrx_word' id='word_1_250' title='bbox 627 4113 764 4166; x_wconf 79' lang='grc' dir='ltr'>κατὰ</span> <span class='ocrx_word' id='word_1_251' title='bbox 793 4113 1069 4184; x_wconf 79' lang='grc' dir='ltr'>συνάφειαν</span> <span class='ocrx_word' id='word_1_252' title='bbox 1099 4109 1183 4165; x_wconf 80' lang='grc' dir='ltr'><strong>ἐπὶ</strong></span> <span class='ocrx_word' id='word_1_253' title='bbox 1229 4116 1337 4173; x_wconf 85' lang='grc' dir='ltr'>τοῖς</span> <span class='ocrx_word' id='word_1_254' title='bbox 1366 4118 1661 4183; x_wconf 85' lang='grc' dir='ltr'>προεστῶσι</span> <span class='ocrx_word' id='word_1_255' title='bbox 1710 4106 1744 4162; x_wconf 82' lang='grc' dir='ltr'><strong>δ</strong></span> <span class='ocrx_word' id='word_1_256' title='bbox 1751 4129 1836 4163; x_wconf 87' lang='grc' dir='ltr'>ια-</span> 
     </span>
    </p>
   </div>
   <div class='ocr_carea' id='block_1_41' title="bbox 300 4211 648 4280">
    <p class='ocr_par' dir='ltr' id='par_1_41' title="bbox 300 4211 648 4280">
     <span class='ocr_line' id='line_1_41' title="bbox 300 4211 648 4280; baseline 0 -20"><span class='ocrx_word' id='word_1_257' title='bbox 300 4211 648 4280; x_wconf 75' lang='grc' dir='ltr'>τεταγμένων.</span> 
     </span>
    </p>
   </div>
   <div class='ocr_carea' id='block_1_42' title="bbox 232 4288 1838 4370">
    <p class='ocr_par' dir='ltr' id='par_1_42' title="bbox 232 4288 1838 4370">
     <span class='ocr_line' id='line_1_42' title="bbox 232 4288 1838 4370; baseline -0.005 -20"><span class='ocrx_word' id='word_1_258' title='bbox 232 4296 312 4370; x_wconf 75' lang='grc' dir='ltr'>οβ’</span> <span class='ocrx_word' id='word_1_259' title='bbox 337 4297 522 4358; x_wconf 85' lang='grc' dir='ltr'>Ὀπως</span> <span class='ocrx_word' id='word_1_260' title='bbox 573 4291 655 4348; x_wconf 82' lang='grc' dir='ltr'><strong>δεῖ</strong></span> <span class='ocrx_word' id='word_1_261' title='bbox 701 4297 820 4353; x_wconf 73' lang='grc' dir='ltr'>τοὺς</span> <span class='ocrx_word' id='word_1_262' title='bbox 871 4289 1287 4364; x_wconf 79' lang='grc' dir='ltr'>διδασκομένους</span> <span class='ocrx_word' id='word_1_263' title='bbox 1361 4288 1646 4365; x_wconf 80' lang='grc' dir='ltr'>διακρίνειν</span> <span class='ocrx_word' id='word_1_264' title='bbox 1720 4293 1838 4350; x_wconf 76' lang='grc' dir='ltr'>τούς</span> 
     </span>
    </p>
   </div>
   <div class='ocr_carea' id='block_1_43' title="bbox 302 4378 1836 4459">
    <p class='ocr_par' dir='ltr' id='par_1_43' title="bbox 302 4378 1836 4459">
     <span class='ocr_line' id='line_1_43' title="bbox 302 4378 1836 4459; baseline -0.007 -18"><span class='ocrx_word' id='word_1_265' title='bbox 302 4387 690 4459; x_wconf 67' lang='grc' dir='ltr'>πνευματικούς</span> <span class='ocrx_word' id='word_1_266' title='bbox 719 4391 818 4436; x_wconf 85' lang='grc' dir='ltr'>τῶν</span> <span class='ocrx_word' id='word_1_267' title='bbox 852 4378 1187 4434; x_wconf 68' lang='grc' dir='ltr'>διδασκάὶων</span> <span class='ocrx_word' id='word_1_268' title='bbox 1229 4378 1330 4432; x_wconf 77' lang='grc' dir='ltr'>ἀπὸ</span> <span class='ocrx_word' id='word_1_269' title='bbox 1382 4387 1481 4432; x_wconf 85' lang='grc' dir='ltr'>τῶν</span> <span class='ocrx_word' id='word_1_270' title='bbox 1530 4384 1600 4451; x_wconf 81' lang='grc' dir='ltr'>μὴ</span> <span class='ocrx_word' id='word_1_271' title='bbox 1660 4382 1836 4432; x_wconf 88' lang='grc' dir='ltr'>τοιού-</span> 
     </span>
    </p>
   </div>
   <div class='ocr_carea' id='block_1_44' title="bbox 304 4467 1915 4550">
    <p class='ocr_par' dir='ltr' id='par_1_44' title="bbox 304 4467 1915 4550">
     <span class='ocr_line' id='line_1_44' title="bbox 304 4467 1915 4550; baseline -0.006 -21"><span class='ocrx_word' id='word_1_272' title='bbox 304 4497 427 4542; x_wconf 84' lang='grc' dir='ltr'>των,</span> <span class='ocrx_word' id='word_1_273' title='bbox 473 4479 560 4527; x_wconf 78' lang='grc' dir='ltr'>καὶ</span> <span class='ocrx_word' id='word_1_274' title='bbox 590 4476 727 4536; x_wconf 81' lang='grc' dir='ltr'>ὅπως</span> <span class='ocrx_word' id='word_1_275' title='bbox 767 4475 892 4546; x_wconf 89' lang='grc' dir='ltr'>πρὸς</span> <span class='ocrx_word' id='word_1_276' title='bbox 922 4471 1102 4530; x_wconf 81' lang='grc' dir='ltr'>αύτούς</span> <span class='ocrx_word' id='word_1_277' title='bbox 1134 4467 1488 4534; x_wconf 70' lang='grc' dir='ltr'>διατίθεσθαι,</span> <span class='ocrx_word' id='word_1_278' title='bbox 1536 4469 1563 4526; x_wconf 67' lang='grc' dir='ltr'><em>ἦ</em></span> <span class='ocrx_word' id='word_1_279' title='bbox 1613 4471 1679 4522; x_wconf 77' lang='grc' dir='ltr'><strong>τὰ</strong></span> <span class='ocrx_word' id='word_1_280' title='bbox 1713 4469 1837 4543; x_wconf 86' lang='grc' dir='ltr'>παρ’</span> <span class='ocrx_word' id='word_1_281' title='bbox 1870 4495 1915 4550; x_wconf 81' lang='lat' dir='ltr'><strong>D</strong></span> 
     </span>
    </p>
   </div>
   <div class='ocr_carea' id='block_1_45' title="bbox 305 4560 792 4634">
    <p class='ocr_par' dir='ltr' id='par_1_45' title="bbox 305 4560 792 4634">
     <span class='ocr_line' id='line_1_45' title="bbox 305 4560 792 4634; baseline -0.002 -16"><span class='ocrx_word' id='word_1_282' title='bbox 305 4566 479 4618; x_wconf 71' lang='grc' dir='ltr'>αὐτῶν</span> <span class='ocrx_word' id='word_1_283' title='bbox 511 4560 792 4634; x_wconf 81' lang='grc' dir='ltr'>δέχεσθαι.</span> 
     </span>
    </p>
   </div>
   <div class='ocr_carea' id='block_1_46' title="bbox 238 4650 875 4729">
    <p class='ocr_par' dir='ltr' id='par_1_46' title="bbox 238 4650 875 4729">
     <span class='ocr_line' id='line_1_46' title="bbox 238 4650 875 4729; baseline -0.006 -20"><span class='ocrx_word' id='word_1_284' title='bbox 238 4654 308 4727; x_wconf 66' lang='grc' dir='ltr'><strong>ιγ’</strong></span> <span class='ocrx_word' id='word_1_285' title='bbox 347 4659 476 4729; x_wconf 86' lang='grc' dir='ltr'>Περὶ</span> <span class='ocrx_word' id='word_1_286' title='bbox 497 4660 598 4706; x_wconf 84' lang='grc' dir='ltr'>τῶν</span> <span class='ocrx_word' id='word_1_287' title='bbox 624 4650 674 4704; x_wconf 78' lang='grc' dir='ltr'><strong>έν</strong></span> <span class='ocrx_word' id='word_1_288' title='bbox 701 4653 875 4723; x_wconf 81' lang='grc' dir='ltr'>γάμῳ.</span> 
     </span>
    </p>
   </div>
   <div class='ocr_carea' id='block_1_47' title="bbox 239 4742 708 4820">
    <p class='ocr_par' dir='ltr' id='par_1_47' title="bbox 239 4742 708 4820">
     <span class='ocr_line' id='line_1_47' title="bbox 239 4742 708 4820; baseline -0.013 -24"><span class='ocrx_word' id='word_1_289' title='bbox 239 4742 310 4797; x_wconf 69' lang='grc' dir='ltr'><strong>οδ</strong></span> <span class='ocrx_word' id='word_1_290' title='bbox 343 4748 471 4820; x_wconf 81' lang='grc' dir='ltr'>Περὶ</span> <span class='ocrx_word' id='word_1_291' title='bbox 499 4749 708 4816; x_wconf 77' lang='grc' dir='ltr'>χηρῶν,</span> 
     </span>
    </p>
   </div>
   <div class='ocr_carea' id='block_1_48' title="bbox 241 4824 1122 4907">
    <p class='ocr_par' dir='ltr' id='par_1_48' title="bbox 241 4824 1122 4907">
     <span class='ocr_line' id='line_1_48' title="bbox 241 4824 1122 4907; baseline -0.003 -21"><span class='ocrx_word' id='word_1_292' title='bbox 241 4834 297 4886; x_wconf 73' lang='grc' dir='ltr'><strong>σε’</strong></span> <span class='ocrx_word' id='word_1_293' title='bbox 324 4837 451 4907; x_wconf 83' lang='grc' dir='ltr'>Περὶ</span> <span class='ocrx_word' id='word_1_294' title='bbox 483 4828 684 4883; x_wconf 74' lang='grc' dir='ltr'>δούλων</span> <span class='ocrx_word' id='word_1_295' title='bbox 712 4833 803 4880; x_wconf 76' lang='grc' dir='ltr'>καὶ</span> <span class='ocrx_word' id='word_1_296' title='bbox 835 4824 1122 4883; x_wconf 85' lang='grc' dir='ltr'>δεσποτῶν.</span> 
     </span>
    </p>
   </div>
   <div class='ocr_carea' id='block_1_49' title="bbox 243 4923 1051 4998">
    <p class='ocr_par' dir='ltr' id='par_1_49' title="bbox 243 4923 1051 4998">
     <span class='ocr_line' id='line_1_49' title="bbox 243 4923 1051 4998; baseline -0.004 -21"><span class='ocrx_word' id='word_1_297' title='bbox 243 4925 311 4990; x_wconf 60' lang='grc' dir='ltr'>οξ</span> <span class='ocrx_word' id='word_1_298' title='bbox 349 4925 479 4998; x_wconf 84' lang='grc' dir='ltr'><strong>Περὶ</strong></span> <span class='ocrx_word' id='word_1_299' title='bbox 509 4925 697 4973; x_wconf 84' lang='grc' dir='ltr'>τέκνων</span> <span class='ocrx_word' id='word_1_300' title='bbox 721 4923 810 4971; x_wconf 79' lang='grc' dir='ltr'>καὶ</span> <span class='ocrx_word' id='word_1_301' title='bbox 845 4924 1051 4992; x_wconf 87' lang='grc' dir='ltr'>γονέων.</span> 
     </span>
    </p>
   </div>
   <div class='ocr_carea' id='block_1_50' title="bbox 305 5042 1512 5121">
    <p class='ocr_par' dir='ltr' id='par_1_50' title="bbox 305 5042 1512 5121">
     <span class='ocr_line' id='line_1_50' title="bbox 305 5042 1512 5121; baseline -0.008 -14"><span class='ocrx_word' id='word_1_302' title='bbox 305 5052 416 5121; x_wconf 79' lang='grc'>(48)</span> <span class='ocrx_word' id='word_1_303' title='bbox 449 5051 592 5116; x_wconf 76' lang='lat' dir='ltr'><strong>Reg.</strong></span> <span class='ocrx_word' id='word_1_304' title='bbox 628 5046 839 5121; x_wconf 80' lang='lat' dir='ltr'><strong>tertius</strong></span> <span class='ocrx_word' id='word_1_305' title='bbox 867 5050 984 5119; x_wconf 84' lang='grc' dir='ltr'>περὶ</span> <span class='ocrx_word' id='word_1_306' title='bbox 1013 5053 1101 5104; x_wconf 73' lang='grc' dir='ltr'>τῆς</span> <span class='ocrx_word' id='word_1_307' title='bbox 1127 5043 1182 5121; x_wconf 70' lang='grc' dir='ltr'><strong>ἐνΔ</strong></span> <span class='ocrx_word' id='word_1_308' title='bbox 1205 5042 1512 5121; x_wconf 67' lang='grc' dir='ltr'>ἀνθρώποις.</span> 
     </span>
    </p>
   </div>
   <div class='ocr_carea' id='block_1_51' title="bbox 307 5114 1832 5197">
    <p class='ocr_par' dir='ltr' id='par_1_51' title="bbox 307 5114 1832 5197">
     <span class='ocr_line' id='line_1_51' title="bbox 307 5114 1832 5197; baseline -0.004 -20"><span class='ocrx_word' id='word_1_309' title='bbox 448 5114 592 5187; x_wconf 59' lang='lat' dir='ltr'><strong>Reg.</strong></span> <span class='ocrx_word' id='word_1_310' title='bbox 615 5118 858 5197; x_wconf 64' lang='lat' dir='ltr'><strong>primus</strong></span> <span class='ocrx_word' id='word_1_311' title='bbox 885 5114 1112 5189; x_wconf 76' lang='grc' dir='ltr'>περὶτῆς</span> <span class='ocrx_word' id='word_1_312' title='bbox 1133 5114 1413 5176; x_wconf 71' lang='grc' dir='ltr'>εὐσεϐείας.</span> <span class='ocrx_word' id='word_1_313' title='bbox 1440 5114 1668 5171; x_wconf 83' lang='lat' dir='ltr'><strong>ibidem</strong></span> <span class='ocrx_word' id='word_1_314' title='bbox 1689 5117 1832 5185; x_wconf 81' lang='lat' dir='ltr'><strong>Reg.</strong></span> 
     </span>
    </p>
   </div>
   <div class='ocr_carea' id='block_1_52' title="bbox 242 5192 907 5250">
    <p class='ocr_par' dir='ltr' id='par_1_52' title="bbox 242 5192 907 5250">
     <span class='ocr_line' id='line_1_52' title="bbox 242 5192 907 5250; baseline -0.012 0"><span class='ocrx_word' id='word_1_315' title='bbox 242 5194 438 5250; x_wconf 68' lang='lat' dir='ltr'><strong>tertius</strong></span> <span class='ocrx_word' id='word_1_316' title='bbox 469 5199 572 5243; x_wconf 78' lang='grc' dir='ltr'>τῶν</span> <span class='ocrx_word' id='word_1_317' title='bbox 605 5192 653 5242; x_wconf 85' lang='grc' dir='ltr'>ἐν</span> <span class='ocrx_word' id='word_1_318' title='bbox 681 5192 907 5248; x_wconf 86' lang='grc' dir='ltr'>τούτοις.</span> 
     </span>
    </p>
   </div>
   <div class='ocr_carea' id='block_1_53' title="bbox 303 5257 1836 5335">
    <p class='ocr_par' dir='ltr' id='par_1_53' title="bbox 303 5257 1836 5335">
     <span class='ocr_line' id='line_1_53' title="bbox 303 5257 1836 5335; baseline -0.009 -15"><span class='ocrx_word' id='word_1_319' title='bbox 303 5270 415 5335; x_wconf 82' lang='grc'>(50)</span> <span class='ocrx_word' id='word_1_320' title='bbox 440 5267 586 5331; x_wconf 76' lang='lat' dir='ltr'><strong>Reg.</strong></span> <span class='ocrx_word' id='word_1_321' title='bbox 617 5261 824 5316; x_wconf 79' lang='lat' dir='ltr'><strong>tertius</strong></span> <span class='ocrx_word' id='word_1_322' title='bbox 852 5261 1144 5335; x_wconf 57' lang='lat' dir='ltr'><strong>_a&#39;wa_i?ft_av</strong></span> <span class='ocrx_word' id='word_1_323' title='bbox 1189 5257 1637 5332; x_wconf 78' lang='grc' dir='ltr'>ἀπηγορευμένων.</span> <span class='ocrx_word' id='word_1_324' title='bbox 1699 5257 1836 5313; x_wconf 79' lang='grc' dir='ltr'><strong>Μοχ</strong></span> 
     </span>
    </p>
   </div>
   <div class='ocr_carea' id='block_1_54' title="bbox 242 5327 1256 5393">
    <p class='ocr_par' dir='ltr' id='par_1_54' title="bbox 242 5327 1256 5393">
     <span class='ocr_line' id='line_1_54' title="bbox 242 5327 1256 5393; baseline -0.007 -1"><span class='ocrx_word' id='word_1_325' title='bbox 242 5327 619 5393; x_wconf 71' lang='lat' dir='ltr'><strong>idemcodex</strong></span> <span class='ocrx_word' id='word_1_326' title='bbox 647 5337 736 5384; x_wconf 80' lang='grc' dir='ltr'>καὶ</span> <span class='ocrx_word' id='word_1_327' title='bbox 767 5336 818 5384; x_wconf 89' lang='grc' dir='ltr'><strong>τί</strong></span> <span class='ocrx_word' id='word_1_328' title='bbox 840 5328 923 5384; x_wconf 80' lang='grc' dir='ltr'><strong>δεῖ</strong></span> <span class='ocrx_word' id='word_1_329' title='bbox 961 5327 1256 5386; x_wconf 74' lang='grc' dir='ltr'>διδάσκειν.</span> 
     </span>
    </p>
   </div>
   <div class='ocr_carea' id='block_1_55' title="bbox 303 5403 1835 5478">
    <p class='ocr_par' dir='ltr' id='par_1_55' title="bbox 303 5403 1835 5478">
     <span class='ocr_line' id='line_1_55' title="bbox 303 5403 1835 5478; baseline -0.01 -15"><span class='ocrx_word' id='word_1_330' title='bbox 303 5411 412 5478; x_wconf 79' lang='lat' dir='ltr'><strong>(5t)</strong></span> <span class='ocrx_word' id='word_1_331' title='bbox 439 5405 638 5462; x_wconf 80' lang='lat' dir='ltr'><strong>Editio</strong></span> <span class='ocrx_word' id='word_1_332' title='bbox 664 5406 806 5459; x_wconf 89' lang='lat' dir='ltr'><strong>Ven.</strong></span> <span class='ocrx_word' id='word_1_333' title='bbox 841 5403 901 5459; x_wconf 90' lang='lat' dir='ltr'><strong>in</strong></span> <span class='ocrx_word' id='word_1_334' title='bbox 939 5404 1211 5478; x_wconf 75' lang='lat' dir='ltr'><strong>margine</strong></span> <span class='ocrx_word' id='word_1_335' title='bbox 1237 5406 1638 5476; x_wconf 78' lang='grc' dir='ltr'>προηγουμένως</span> <span class='ocrx_word' id='word_1_336' title='bbox 1668 5419 1835 5478; x_wconf 68' lang='grc' dir='ltr'>κατα.</span> 
     </span>
    </p>
   </div>
   <div class='ocr_carea' id='block_1_56' title="bbox 240 5470 1837 5552">
    <p class='ocr_par' dir='ltr' id='par_1_56' title="bbox 240 5470 1837 5552">
     <span class='ocr_line' id='line_1_56' title="bbox 240 5470 1837 5552; baseline -0.008 -18"><span class='ocrx_word' id='word_1_337' title='bbox 240 5470 610 5552; x_wconf 62' lang='grc' dir='ltr'>γινώσκεσθαι.</span> <span class='ocrx_word' id='word_1_338' title='bbox 643 5478 772 5532; x_wconf 74' lang='lat' dir='ltr'><strong>Mox</strong></span> <span class='ocrx_word' id='word_1_339' title='bbox 799 5481 1052 5552; x_wconf 62' lang='lat' dir='ltr'><strong>turaque</strong></span> <span class='ocrx_word' id='word_1_340' title='bbox 1078 5470 1258 5529; x_wconf 66' lang='grc' dir='ltr'>ἐι.ἰὶϋο</span> <span class='ocrx_word' id='word_1_341' title='bbox 1277 5470 1668 5552; x_wconf 72' lang='grc' dir='ltr'>’παρεπομένων</span> <span class='ocrx_word' id='word_1_342' title='bbox 1698 5470 1837 5522; x_wconf 83' lang='grc' dir='ltr'>ἐλατ-</span> 
     </span>
    </p>
   </div>
   <div class='ocr_carea' id='block_1_57' title="bbox 241 5541 1840 5636">
    <p class='ocr_par' dir='ltr' id='par_1_57' title="bbox 241 5541 1840 5636">
     <span class='ocr_line' id='line_1_57' title="bbox 241 5541 1840 5636; baseline -0.008 -32"><span class='ocrx_word' id='word_1_343' title='bbox 241 5541 504 5636; x_wconf 58' lang='grc' dir='ltr'>ξωμάτων.</span> <span class='ocrx_word' id='word_1_344' title='bbox 576 5548 725 5612; x_wconf 64' lang='lat' dir='ltr'><strong>Reg.</strong></span> <span class='ocrx_word' id='word_1_345' title='bbox 801 5541 1006 5602; x_wconf 78' lang='lat' dir='ltr'><strong>tertius</strong></span> <span class='ocrx_word' id='word_1_346' title='bbox 1059 5541 1426 5620; x_wconf 77' lang='grc' dir='ltr'>παρεχομένων</span> <span class='ocrx_word' id='word_1_347' title='bbox 1481 5541 1593 5606; x_wconf 77' lang='grc' dir='ltr'>ταῖς</span> <span class='ocrx_word' id='word_1_348' title='bbox 1647 5541 1840 5616; x_wconf 78' lang='grc' dir='ltr'>ἀρχαῖς</span> 
     </span>
    </p>
   </div>
   <div class='ocr_carea' id='block_1_58' title="bbox 237 5637 392 5680">
    <p class='ocr_par' dir='ltr' id='par_1_58' title="bbox 237 5637 392 5680">
     <span class='ocr_line' id='line_1_58' title="bbox 237 5637 392 5680; baseline 0.019 -3"><span class='ocrx_word' id='word_1_349' title='bbox 237 5637 392 5680; x_wconf 69' lang='grc' dir='ltr'>ιλαττ.</span> 
     </span>
    </p>
   </div>
   <div class='ocr_carea' id='block_1_59' title="bbox 3483 295 3588 349">
    <p class='ocr_par' dir='ltr' id='par_1_59' title="bbox 3483 295 3588 349">
     <span class='ocr_line' id='line_1_59' title="bbox 3483 295 3588 349; baseline -0.01 0"><span class='ocrx_word' id='word_1_350' title='bbox 3483 295 3588 349; x_wconf 79' lang='grc'>698</span> 
     </span>
    </p>
   </div>
   <div class='ocr_carea' id='block_1_60' title="bbox 2006 413 3590 498">
    <p class='ocr_par' dir='ltr' id='par_1_60' title="bbox 2006 413 3590 498">
     <span class='ocr_line' id='line_1_60' title="bbox 2006 413 3590 498; baseline -0.006 -18"><span class='ocrx_word' id='word_1_351' title='bbox 2006 425 2159 482; x_wconf 91' lang='lat' dir='ltr'><strong>inter</strong></span> <span class='ocrx_word' id='word_1_352' title='bbox 2189 442 2250 481; x_wconf 91' lang='lat' dir='ltr'><strong>se</strong></span> <span class='ocrx_word' id='word_1_353' title='bbox 2291 423 2634 494; x_wconf 80' lang='lat' dir='ltr'><strong>concordia,</strong></span> <span class='ocrx_word' id='word_1_354' title='bbox 2685 421 2788 498; x_wconf 86' lang='lat' dir='ltr'><strong>qui</strong></span> <span class='ocrx_word' id='word_1_355' title='bbox 2827 421 2888 477; x_wconf 90' lang='lat' dir='ltr'><strong>in</strong></span> <span class='ocrx_word' id='word_1_356' title='bbox 2930 419 3024 476; x_wconf 89' lang='lat' dir='ltr'><strong>his</strong></span> <span class='ocrx_word' id='word_1_357' title='bbox 3068 415 3441 496; x_wconf 67' lang='lat' dir='ltr'><strong>praecellunt,</strong></span> <span class='ocrx_word' id='word_1_358' title='bbox 3493 413 3590 471; x_wconf 87' lang='lat' dir='ltr'><strong>vel</strong></span> 
     </span>
    </p>
   </div>
   <div class='ocr_carea' id='block_1_61' title="bbox 2014 516 2736 576">
    <p class='ocr_par' dir='ltr' id='par_1_61' title="bbox 2014 516 2736 576">
     <span class='ocr_line' id='line_1_61' title="bbox 2014 516 2736 576; baseline -0.001 -5"><span class='ocrx_word' id='word_1_359' title='bbox 2014 517 2194 573; x_wconf 88' lang='lat' dir='ltr'><strong>etiam</strong></span> <span class='ocrx_word' id='word_1_360' title='bbox 2225 516 2536 576; x_wconf 71' lang='lat' dir='ltr'><strong>inferiores</strong></span> <span class='ocrx_word' id='word_1_361' title='bbox 2577 521 2736 570; x_wconf 88' lang='lat' dir='ltr'><strong>sunt.</strong></span> 
     </span>
    </p>
   </div>
   <div class='ocr_carea' id='block_1_62' title="bbox 1939 596 3594 686">
    <p class='ocr_par' dir='ltr' id='par_1_62' title="bbox 1939 596 3594 686">
     <span class='ocr_line' id='line_1_62' title="bbox 1939 596 3594 686; baseline -0.007 -23"><span class='ocrx_word' id='word_1_362' title='bbox 1939 611 1998 663; x_wconf 80' lang='lat' dir='ltr'><strong>Bt</strong></span> <span class='ocrx_word' id='word_1_363' title='bbox 2041 610 2119 663; x_wconf 90' lang='lat' dir='ltr'><strong>De</strong></span> <span class='ocrx_word' id='word_1_364' title='bbox 2158 608 2394 686; x_wconf 89' lang='lat' dir='ltr'><strong>abjecta</strong></span> <span class='ocrx_word' id='word_1_365' title='bbox 2425 605 2764 662; x_wconf 89' lang='lat' dir='ltr'><strong>conditione</strong></span> <span class='ocrx_word' id='word_1_366' title='bbox 2790 603 2861 674; x_wconf 86' lang='lat' dir='ltr'><strong>(si</strong></span> <span class='ocrx_word' id='word_1_367' title='bbox 2892 607 2956 658; x_wconf 91' lang='lat' dir='ltr'><strong>ut</strong></span> <span class='ocrx_word' id='word_1_368' title='bbox 2985 601 3262 657; x_wconf 85' lang='lat' dir='ltr'><strong>homines</strong></span> <span class='ocrx_word' id='word_1_369' title='bbox 3284 596 3594 671; x_wconf 83' lang='lat' dir='ltr'><strong>respicias)</strong></span> 
     </span>
    </p>
   </div>
   <div class='ocr_carea' id='block_1_63' title="bbox 2008 692 3159 771">
    <p class='ocr_par' dir='ltr' id='par_1_63' title="bbox 2008 692 3159 771">
     <span class='ocr_line' id='line_1_63' title="bbox 2008 692 3159 771; baseline -0.007 -17"><span class='ocrx_word' id='word_1_370' title='bbox 2008 714 2220 754; x_wconf 91' lang='lat' dir='ltr'><strong>eorum</strong></span> <span class='ocrx_word' id='word_1_371' title='bbox 2248 699 2351 771; x_wconf 86' lang='lat' dir='ltr'><strong>qui</strong></span> <span class='ocrx_word' id='word_1_372' title='bbox 2383 697 2724 769; x_wconf 89' lang='lat' dir='ltr'><strong>suscipiunt</strong></span> <span class='ocrx_word' id='word_1_373' title='bbox 2754 693 3005 765; x_wconf 78' lang='lat' dir='ltr'><strong>gratiam</strong></span> <span class='ocrx_word' id='word_1_374' title='bbox 3040 692 3159 747; x_wconf 90' lang='lat' dir='ltr'><strong>Dei.</strong></span> 
     </span>
    </p>
   </div>
   <div class='ocr_carea' id='block_1_64' title="bbox 1941 778 3595 857">
    <p class='ocr_par' dir='ltr' id='par_1_64' title="bbox 1941 778 3595 857">
     <span class='ocr_line' id='line_1_64' title="bbox 1941 778 3595 857; baseline -0.006 -15"><span class='ocrx_word' id='word_1_375' title='bbox 1941 789 2007 842; x_wconf 82' lang='lat'><strong>62</strong></span> <span class='ocrx_word' id='word_1_376' title='bbox 2036 789 2116 843; x_wconf 91' lang='lat' dir='ltr'><strong>De</strong></span> <span class='ocrx_word' id='word_1_377' title='bbox 2142 787 2595 850; x_wconf 87' lang='lat' dir='ltr'><strong>tentationibus,</strong></span> <span class='ocrx_word' id='word_1_378' title='bbox 2618 792 2675 840; x_wconf 91' lang='lat' dir='ltr'><strong>et</strong></span> <span class='ocrx_word' id='word_1_379' title='bbox 2695 783 2944 857; x_wconf 81' lang='lat' dir='ltr'><strong>quando</strong></span> <span class='ocrx_word' id='word_1_380' title='bbox 2964 781 3034 837; x_wconf 92' lang='lat' dir='ltr'><strong>iis</strong></span> <span class='ocrx_word' id='word_1_381' title='bbox 3061 778 3391 836; x_wconf 80' lang='lat' dir='ltr'><strong>concedere</strong></span> <span class='ocrx_word' id='word_1_382' title='bbox 3416 791 3595 848; x_wconf 89' lang='lat' dir='ltr'><strong>opor-</strong></span> 
     </span>
    </p>
   </div>
   <div class='ocr_carea' id='block_1_65' title="bbox 2012 863 3592 949">
    <p class='ocr_par' dir='ltr' id='par_1_65' title="bbox 2012 863 3592 949">
     <span class='ocr_line' id='line_1_65' title="bbox 2012 863 3592 949; baseline -0.008 -17"><span class='ocrx_word' id='word_1_383' title='bbox 2012 881 2150 939; x_wconf 86' lang='lat' dir='ltr'><strong>teat,</strong></span> <span class='ocrx_word' id='word_1_384' title='bbox 2184 881 2242 932; x_wconf 89' lang='lat' dir='ltr'><strong>et</strong></span> <span class='ocrx_word' id='word_1_385' title='bbox 2265 884 2514 949; x_wconf 81' lang='lat' dir='ltr'><strong>quando</strong></span> <span class='ocrx_word' id='word_1_386' title='bbox 2543 876 2685 933; x_wconf 86' lang='lat' dir='ltr'><strong>item</strong></span> <span class='ocrx_word' id='word_1_387' title='bbox 2717 873 3005 942; x_wconf 81' lang='lat' dir='ltr'><strong>resistere,</strong></span> <span class='ocrx_word' id='word_1_388' title='bbox 3044 866 3433 944; x_wconf 89' lang='lat' dir='ltr'><strong>quomodove</strong></span> <span class='ocrx_word' id='word_1_389' title='bbox 3486 863 3592 920; x_wconf 88' lang='lat' dir='ltr'><strong>ad-</strong></span> 
     </span>
    </p>
   </div>
   <div class='ocr_carea' id='block_1_66' title="bbox 2011 965 2649 1022">
    <p class='ocr_par' dir='ltr' id='par_1_66' title="bbox 2011 965 2649 1022">
     <span class='ocr_line' id='line_1_66' title="bbox 2011 965 2649 1022; baseline 0.002 -1"><span class='ocrx_word' id='word_1_390' title='bbox 2011 965 2290 1022; x_wconf 88' lang='lat' dir='ltr'><strong>versariis</strong></span> <span class='ocrx_word' id='word_1_391' title='bbox 2315 981 2649 1022; x_wconf 87' lang='lat' dir='ltr'><strong>occurrere.</strong></span> 
     </span>
    </p>
   </div>
   <div class='ocr_carea' id='block_1_67' title="bbox 1943 1044 3476 1126">
    <p class='ocr_par' dir='ltr' id='par_1_67' title="bbox 1943 1044 3476 1126">
     <span class='ocr_line' id='line_1_67' title="bbox 1943 1044 3476 1126; baseline -0.011 -10"><span class='ocrx_word' id='word_1_392' title='bbox 1943 1062 2008 1116; x_wconf 88' lang='lat'><strong>63</strong></span> <span class='ocrx_word' id='word_1_393' title='bbox 2043 1061 2121 1116; x_wconf 85' lang='lat' dir='ltr'><strong>De</strong></span> <span class='ocrx_word' id='word_1_394' title='bbox 2149 1059 2360 1115; x_wconf 82' lang='lat' dir='ltr'><strong>timore</strong></span> <span class='ocrx_word' id='word_1_395' title='bbox 2389 1057 2483 1112; x_wconf 86' lang='lat' dir='ltr'><strong>vel</strong></span> <span class='ocrx_word' id='word_1_396' title='bbox 2517 1054 2701 1112; x_wconf 87' lang='lat' dir='ltr'><strong>animi</strong></span> <span class='ocrx_word' id='word_1_397' title='bbox 2735 1051 3053 1126; x_wconf 67' lang='lat' dir='ltr'><strong>praesentia</strong></span> <span class='ocrx_word' id='word_1_398' title='bbox 3090 1049 3150 1104; x_wconf 93' lang='lat' dir='ltr'><strong>in</strong></span> <span class='ocrx_word' id='word_1_399' title='bbox 3181 1044 3476 1121; x_wconf 83' lang='lat' dir='ltr'><strong>periculis.</strong></span> 
     </span>
    </p>
   </div>
   <div class='ocr_carea' id='block_1_68' title="bbox 1943 1135 3588 1219">
    <p class='ocr_par' dir='ltr' id='par_1_68' title="bbox 1943 1135 3588 1219">
     <span class='ocr_line' id='line_1_68' title="bbox 1943 1135 3588 1219; baseline -0.01 -14"><span class='ocrx_word' id='word_1_400' title='bbox 1943 1151 2012 1207; x_wconf 76' lang='grc'>64</span> <span class='ocrx_word' id='word_1_401' title='bbox 2051 1149 2128 1206; x_wconf 90' lang='lat' dir='ltr'><strong>De</strong></span> <span class='ocrx_word' id='word_1_402' title='bbox 2155 1147 2376 1214; x_wconf 66' lang='lat' dir='ltr'><strong>laetitia,</strong></span> <span class='ocrx_word' id='word_1_403' title='bbox 2399 1162 2588 1219; x_wconf 89' lang='lat' dir='ltr'><strong>quam</strong></span> <span class='ocrx_word' id='word_1_404' title='bbox 2619 1143 2842 1200; x_wconf 89' lang='lat' dir='ltr'><strong>habere</strong></span> <span class='ocrx_word' id='word_1_405' title='bbox 2877 1141 3168 1195; x_wconf 86' lang='lat' dir='ltr'><strong>debemus</strong></span> <span class='ocrx_word' id='word_1_406' title='bbox 3209 1137 3270 1192; x_wconf 92' lang='lat' dir='ltr'><strong>in</strong></span> <span class='ocrx_word' id='word_1_407' title='bbox 3309 1135 3400 1206; x_wconf 90' lang='lat' dir='ltr'><strong>iis,</strong></span> <span class='ocrx_word' id='word_1_408' title='bbox 3451 1148 3588 1205; x_wconf 57' lang='lat' dir='ltr'><strong>qua:</strong></span> 
     </span>
    </p>
   </div>
   <div class='ocr_carea' id='block_1_69' title="bbox 2013 1227 3276 1292">
    <p class='ocr_par' dir='ltr' id='par_1_69' title="bbox 2013 1227 3276 1292">
     <span class='ocr_line' id='line_1_69' title="bbox 2013 1227 3276 1292; baseline -0.008 -2"><span class='ocrx_word' id='word_1_409' title='bbox 2013 1236 2224 1292; x_wconf 81' lang='lat' dir='ltr'><strong>Christi</strong></span> <span class='ocrx_word' id='word_1_410' title='bbox 2255 1251 2444 1291; x_wconf 88' lang='lat' dir='ltr'><strong>causa</strong></span> <span class='ocrx_word' id='word_1_411' title='bbox 2474 1230 2864 1289; x_wconf 90' lang='lat' dir='ltr'><strong>incommoda</strong></span> <span class='ocrx_word' id='word_1_412' title='bbox 2891 1227 3276 1283; x_wconf 82' lang='lat' dir='ltr'><strong>sustinemus.</strong></span> 
     </span>
    </p>
   </div>
   <div class='ocr_carea' id='block_1_70' title="bbox 1943 1312 3589 1397">
    <p class='ocr_par' dir='ltr' id='par_1_70' title="bbox 1943 1312 3589 1397">
     <span class='ocr_line' id='line_1_70' title="bbox 1943 1312 3589 1397; baseline -0.012 -13"><span class='ocrx_word' id='word_1_413' title='bbox 1943 1332 2008 1384; x_wconf 79' lang='grc'><strong>65</strong></span> <span class='ocrx_word' id='word_1_414' title='bbox 2037 1327 2354 1394; x_wconf 88' lang='lat' dir='ltr'><strong>Quomodo</strong></span> <span class='ocrx_word' id='word_1_415' title='bbox 2377 1326 2436 1380; x_wconf 91' lang='lat' dir='ltr'><strong>in</strong></span> <span class='ocrx_word' id='word_1_416' title='bbox 2458 1325 2590 1397; x_wconf 89' lang='lat' dir='ltr'><strong>ipso</strong></span> <span class='ocrx_word' id='word_1_417' title='bbox 2612 1322 2792 1378; x_wconf 89' lang='lat' dir='ltr'><strong>etiam</strong></span> <span class='ocrx_word' id='word_1_418' title='bbox 2813 1323 3080 1378; x_wconf 82' lang='lat' dir='ltr'><strong>extremo</strong></span> <span class='ocrx_word' id='word_1_419' title='bbox 3092 1315 3224 1372; x_wconf 70' lang='lat' dir='ltr'><strong>vita:</strong></span> <span class='ocrx_word' id='word_1_420' title='bbox 3241 1312 3402 1370; x_wconf 78' lang='lat' dir='ltr'><strong>exitu</strong></span> <span class='ocrx_word' id='word_1_421' title='bbox 3416 1325 3589 1367; x_wconf 87' lang='lat' dir='ltr'><strong>orare</strong></span> 
     </span>
    </p>
   </div>
   <div class='ocr_carea' id='block_1_71' title="bbox 2013 1415 2492 1473">
    <p class='ocr_par' dir='ltr' id='par_1_71' title="bbox 2013 1415 2492 1473">
     <span class='ocr_line' id='line_1_71' title="bbox 2013 1415 2492 1473; baseline -0.01 0"><span class='ocrx_word' id='word_1_422' title='bbox 2013 1433 2124 1473; x_wconf 85' lang='lat' dir='ltr'><strong>nos</strong></span> <span class='ocrx_word' id='word_1_423' title='bbox 2154 1415 2492 1473; x_wconf 85' lang='lat' dir='ltr'><strong>conveniat.</strong></span> 
     </span>
    </p>
   </div>
   <div class='ocr_carea' id='block_1_72' title="bbox 1943 1490 3593 1577">
    <p class='ocr_par' dir='ltr' id='par_1_72' title="bbox 1943 1490 3593 1577">
     <span class='ocr_line' id='line_1_72' title="bbox 1943 1490 3593 1577; baseline -0.011 -13"><span class='ocrx_word' id='word_1_424' title='bbox 1943 1511 2009 1564; x_wconf 87' lang='lat'><strong>66</strong></span> <span class='ocrx_word' id='word_1_425' title='bbox 2041 1511 2119 1563; x_wconf 88' lang='lat' dir='ltr'><strong>De</strong></span> <span class='ocrx_word' id='word_1_426' title='bbox 2151 1507 2222 1562; x_wconf 89' lang='lat' dir='ltr'><strong>iis</strong></span> <span class='ocrx_word' id='word_1_427' title='bbox 2263 1505 2370 1577; x_wconf 89' lang='lat' dir='ltr'><strong>qui</strong></span> <span class='ocrx_word' id='word_1_428' title='bbox 2415 1519 2519 1559; x_wconf 90' lang='lat' dir='ltr'><strong>eos</strong></span> <span class='ocrx_word' id='word_1_429' title='bbox 2566 1502 2869 1566; x_wconf 88' lang='lat' dir='ltr'><strong>deserunt,</strong></span> <span class='ocrx_word' id='word_1_430' title='bbox 2917 1497 3022 1570; x_wconf 87' lang='lat' dir='ltr'><strong>qui</strong></span> <span class='ocrx_word' id='word_1_431' title='bbox 3055 1511 3167 1569; x_wconf 93' lang='lat' dir='ltr'><strong>pro</strong></span> <span class='ocrx_word' id='word_1_432' title='bbox 3211 1490 3593 1550; x_wconf 87' lang='lat' dir='ltr'><strong>defendenda</strong></span> 
     </span>
    </p>
   </div>
   <div class='ocr_carea' id='block_1_73' title="bbox 2012 1579 3592 1670">
    <p class='ocr_par' dir='ltr' id='par_1_73' title="bbox 2012 1579 3592 1670">
     <span class='ocr_line' id='line_1_73' title="bbox 2012 1579 3592 1670; baseline -0.009 -17"><span class='ocrx_word' id='word_1_433' title='bbox 2012 1597 2229 1670; x_wconf 84' lang='lat' dir='ltr'><strong>pietate</strong></span> <span class='ocrx_word' id='word_1_434' title='bbox 2261 1592 2592 1649; x_wconf 83' lang='lat' dir='ltr'><strong>certamina</strong></span> <span class='ocrx_word' id='word_1_435' title='bbox 2613 1588 2970 1663; x_wconf 90' lang='lat' dir='ltr'><strong>suscipiunt,</strong></span> <span class='ocrx_word' id='word_1_436' title='bbox 2994 1587 3257 1661; x_wconf 87' lang='lat' dir='ltr'><strong>itemque</strong></span> <span class='ocrx_word' id='word_1_437' title='bbox 3278 1582 3353 1639; x_wconf 86' lang='lat' dir='ltr'><strong>de</strong></span> <span class='ocrx_word' id='word_1_438' title='bbox 3382 1579 3592 1654; x_wconf 86' lang='lat' dir='ltr'><strong>iis,qui</strong></span> 
     </span>
    </p>
   </div>
   <div class='ocr_carea' id='block_1_74' title="bbox 2013 1684 2459 1756">
    <p class='ocr_par' dir='ltr' id='par_1_74' title="bbox 2013 1684 2459 1756">
     <span class='ocr_line' id='line_1_74' title="bbox 2013 1684 2459 1756; baseline -0.009 -14"><span class='ocrx_word' id='word_1_439' title='bbox 2013 1701 2116 1742; x_wconf 89' lang='lat' dir='ltr'><strong>eos</strong></span> <span class='ocrx_word' id='word_1_440' title='bbox 2146 1684 2459 1756; x_wconf 82' lang='lat' dir='ltr'><strong>adjuvant.</strong></span> 
     </span>
    </p>
   </div>
   <div class='ocr_carea' id='block_1_75' title="bbox 1865 1765 3592 1849">
    <p class='ocr_par' dir='ltr' id='par_1_75' title="bbox 1865 1765 3592 1849">
     <span class='ocr_line' id='line_1_75' title="bbox 1865 1765 3592 1849; baseline -0.01 -16"><span class='ocrx_word' id='word_1_441' title='bbox 1865 1785 1910 1840; x_wconf 87' lang='grc' dir='ltr'>Β</span> <span class='ocrx_word' id='word_1_442' title='bbox 1942 1780 2007 1832; x_wconf 83' lang='lat'><strong>6&#39;7</strong></span> <span class='ocrx_word' id='word_1_443' title='bbox 2041 1779 2117 1831; x_wconf 90' lang='lat' dir='ltr'><strong>De</strong></span> <span class='ocrx_word' id='word_1_444' title='bbox 2145 1775 2214 1831; x_wconf 91' lang='lat' dir='ltr'><strong>iis</strong></span> <span class='ocrx_word' id='word_1_445' title='bbox 2246 1775 2348 1849; x_wconf 90' lang='lat' dir='ltr'><strong>qui</strong></span> <span class='ocrx_word' id='word_1_446' title='bbox 2371 1769 2755 1830; x_wconf 85' lang='lat' dir='ltr'><strong>morientium</strong></span> <span class='ocrx_word' id='word_1_447' title='bbox 2778 1782 2962 1825; x_wconf 90' lang='lat' dir='ltr'><strong>causa</strong></span> <span class='ocrx_word' id='word_1_448' title='bbox 2994 1765 3211 1822; x_wconf 89' lang='lat' dir='ltr'><strong>misere</strong></span> <span class='ocrx_word' id='word_1_449' title='bbox 3233 1776 3491 1820; x_wconf 75' lang='lat' dir='ltr'><strong>maerore</strong></span> <span class='ocrx_word' id='word_1_450' title='bbox 3523 1775 3592 1816; x_wconf 90' lang='lat' dir='ltr'><strong>se</strong></span> 
     </span>
    </p>
   </div>
   <div class='ocr_carea' id='block_1_76' title="bbox 2120 1868 2308 1921">
    <p class='ocr_par' dir='ltr' id='par_1_76' title="bbox 2120 1868 2308 1921">
     <span class='ocr_line' id='line_1_76' title="bbox 2120 1868 2308 1921; baseline -0.005 0"><span class='ocrx_word' id='word_1_451' title='bbox 2120 1868 2308 1921; x_wconf 60' lang='lat' dir='ltr'><strong>igunL</strong></span> 
     </span>
    </p>
   </div>
   <div class='ocr_carea' id='block_1_77' title="bbox 1942 1867 3592 2028">
    <p class='ocr_par' dir='ltr' id='par_1_77' title="bbox 1942 1867 3592 2028">
     <span class='ocr_line' id='line_1_77' title="bbox 2120 1868 2308 1921; baseline -0.005 0"><span class='ocrx_word' id='word_1_452' title='bbox 2120 1868 2131 1921; x_wconf 88' lang='lat' dir='ltr'><strong>i</strong></span> <span class='ocrx_word' id='word_1_453' title='bbox 2183 1883 2219 1920; x_wconf 87' lang='grc' dir='ltr'><strong>ιι</strong></span> <span class='ocrx_word' id='word_1_454' title='bbox 2268 1870 2308 1920; x_wconf 89' lang='lat' dir='ltr'><strong>t.</strong></span> 
     </span>
     <span class='ocr_line' id='line_1_78' title="bbox 1942 1867 3592 2028; baseline -0.011 -13"><span class='ocrx_word' id='word_1_455' title='bbox 1942 1867 2339 2028; x_wconf 55' lang='lat' dir='ltr'><strong>68aiile82233</strong></span> <span class='ocrx_word' id='word_1_456' title='bbox 2375 1951 2730 2018; x_wconf 75' lang='lat' dir='ltr'><strong>differentia,</strong></span> <span class='ocrx_word' id='word_1_457' title='bbox 2759 1966 2896 2026; x_wconf 69' lang='lat' dir='ltr'><strong>quae</strong></span> <span class='ocrx_word' id='word_1_458' title='bbox 2923 1951 3015 2005; x_wconf 91' lang='lat' dir='ltr'><strong>est</strong></span> <span class='ocrx_word' id='word_1_459' title='bbox 3043 1947 3199 2005; x_wconf 89' lang='lat' dir='ltr'><strong>inter</strong></span> <span class='ocrx_word' id='word_1_460' title='bbox 3219 1941 3408 2002; x_wconf 86' lang='lat' dir='ltr'><strong>vitam</strong></span> <span class='ocrx_word' id='word_1_461' title='bbox 3432 1942 3592 1999; x_wconf 89' lang='lat' dir='ltr'><strong>hanc</strong></span> 
     </span>
    </p>
   </div>
   <div class='ocr_carea' id='block_1_78' title="bbox 2013 2048 2381 2104">
    <p class='ocr_par' dir='ltr' id='par_1_78' title="bbox 2013 2048 2381 2104">
     <span class='ocr_line' id='line_1_79' title="bbox 2013 2048 2381 2104; baseline -0.008 0"><span class='ocrx_word' id='word_1_462' title='bbox 2013 2052 2071 2104; x_wconf 89' lang='lat' dir='ltr'><strong>et</strong></span> <span class='ocrx_word' id='word_1_463' title='bbox 2098 2048 2381 2104; x_wconf 87' lang='lat' dir='ltr'><strong>futuram.</strong></span> 
     </span>
    </p>
   </div>
   <div class='ocr_carea' id='block_1_79' title="bbox 1942 2121 3594 2210">
    <p class='ocr_par' dir='ltr' id='par_1_79' title="bbox 1942 2121 3594 2210">
     <span class='ocr_line' id='line_1_80' title="bbox 1942 2121 3594 2210; baseline -0.012 -15"><span class='ocrx_word' id='word_1_464' title='bbox 1942 2142 2008 2195; x_wconf 88' lang='lat'><strong>69</strong></span> <span class='ocrx_word' id='word_1_465' title='bbox 2034 2142 2112 2194; x_wconf 92' lang='lat' dir='ltr'><strong>De</strong></span> <span class='ocrx_word' id='word_1_466' title='bbox 2142 2137 2230 2209; x_wconf 74' lang='lat' dir='ltr'><strong>iis,</strong></span> <span class='ocrx_word' id='word_1_467' title='bbox 2261 2153 2394 2210; x_wconf 79' lang='lat' dir='ltr'><strong>quae</strong></span> <span class='ocrx_word' id='word_1_468' title='bbox 2427 2134 2608 2191; x_wconf 87' lang='lat' dir='ltr'><strong>simul</strong></span> <span class='ocrx_word' id='word_1_469' title='bbox 2637 2136 2694 2188; x_wconf 87' lang='lat' dir='ltr'><strong>et</strong></span> <span class='ocrx_word' id='word_1_470' title='bbox 2724 2129 3094 2204; x_wconf 91' lang='lat' dir='ltr'><strong>conjunctim</strong></span> <span class='ocrx_word' id='word_1_471' title='bbox 3125 2142 3163 2183; x_wconf 88' lang='lat' dir='ltr'><strong>a</strong></span> <span class='ocrx_word' id='word_1_472' title='bbox 3192 2123 3417 2181; x_wconf 85' lang='lat' dir='ltr'><strong>sanctis</strong></span> <span class='ocrx_word' id='word_1_473' title='bbox 3445 2121 3594 2178; x_wconf 86' lang='lat' dir='ltr'><strong>litte-</strong></span> 
     </span>
    </p>
   </div>
   <div class='ocr_carea' id='block_1_80' title="bbox 2011 2219 3197 2295">
    <p class='ocr_par' dir='ltr' id='par_1_80' title="bbox 2011 2219 3197 2295">
     <span class='ocr_line' id='line_1_81' title="bbox 2011 2219 3197 2295; baseline -0.011 -10"><span class='ocrx_word' id='word_1_474' title='bbox 2011 2229 2093 2286; x_wconf 88' lang='lat' dir='ltr'><strong>ris</strong></span> <span class='ocrx_word' id='word_1_475' title='bbox 2117 2228 2212 2284; x_wconf 90' lang='lat' dir='ltr'><strong>vel</strong></span> <span class='ocrx_word' id='word_1_476' title='bbox 2232 2231 2529 2295; x_wconf 86' lang='lat' dir='ltr'><strong>vetantur,</strong></span> <span class='ocrx_word' id='word_1_477' title='bbox 2560 2222 2655 2280; x_wconf 88' lang='lat' dir='ltr'><strong>vel</strong></span> <span class='ocrx_word' id='word_1_478' title='bbox 2685 2223 2864 2279; x_wconf 89' lang='lat' dir='ltr'><strong>etiam</strong></span> <span class='ocrx_word' id='word_1_479' title='bbox 2891 2219 3197 2292; x_wconf 90' lang='lat' dir='ltr'><strong>jubentur.</strong></span> 
     </span>
    </p>
   </div>
   <div class='ocr_carea' id='block_1_81' title="bbox 1941 2301 3589 2390">
    <p class='ocr_par' dir='ltr' id='par_1_81' title="bbox 1941 2301 3589 2390">
     <span class='ocr_line' id='line_1_82' title="bbox 1941 2301 3589 2390; baseline -0.013 -13"><span class='ocrx_word' id='word_1_480' title='bbox 1941 2325 2010 2377; x_wconf 88' lang='lat' dir='ltr'><strong>7O</strong></span> <span class='ocrx_word' id='word_1_481' title='bbox 2042 2323 2119 2376; x_wconf 90' lang='lat' dir='ltr'><strong>De</strong></span> <span class='ocrx_word' id='word_1_482' title='bbox 2135 2317 2453 2390; x_wconf 87' lang='lat' dir='ltr'><strong>iis,quibus</strong></span> <span class='ocrx_word' id='word_1_483' title='bbox 2470 2312 2773 2386; x_wconf 84' lang='lat' dir='ltr'><strong>Evangelii</strong></span> <span class='ocrx_word' id='word_1_484' title='bbox 2793 2309 3138 2381; x_wconf 67' lang='lat' dir='ltr'><strong>praedicatio</strong></span> <span class='ocrx_word' id='word_1_485' title='bbox 3161 2301 3589 2363; x_wconf 87' lang='lat' dir='ltr'><strong>committitur:</strong></span> 
     </span>
    </p>
   </div>
   <div class='ocr_carea' id='block_1_82' title="bbox 2012 2390 3593 2482">
    <p class='ocr_par' dir='ltr' id='par_1_82' title="bbox 2012 2390 3593 2482">
     <span class='ocr_line' id='line_1_83' title="bbox 2012 2390 3593 2482; baseline -0.011 -18"><span class='ocrx_word' id='word_1_486' title='bbox 2012 2414 2069 2465; x_wconf 91' lang='lat' dir='ltr'><strong>et</strong></span> <span class='ocrx_word' id='word_1_487' title='bbox 2087 2406 2355 2482; x_wconf 89' lang='lat' dir='ltr'><strong>quando,</strong></span> <span class='ocrx_word' id='word_1_488' title='bbox 2385 2410 2441 2460; x_wconf 87' lang='lat' dir='ltr'><strong>et</strong></span> <span class='ocrx_word' id='word_1_489' title='bbox 2471 2420 2650 2477; x_wconf 88' lang='lat' dir='ltr'><strong>quos,</strong></span> <span class='ocrx_word' id='word_1_490' title='bbox 2677 2407 2733 2458; x_wconf 89' lang='lat' dir='ltr'><strong>et</strong></span> <span class='ocrx_word' id='word_1_491' title='bbox 2758 2399 2905 2474; x_wconf 89' lang='lat' dir='ltr'><strong>quid</strong></span> <span class='ocrx_word' id='word_1_492' title='bbox 2930 2399 3169 2466; x_wconf 89' lang='lat' dir='ltr'><strong>docere,</strong></span> <span class='ocrx_word' id='word_1_493' title='bbox 3197 2401 3254 2451; x_wconf 91' lang='lat' dir='ltr'><strong>et</strong></span> <span class='ocrx_word' id='word_1_494' title='bbox 3281 2390 3593 2469; x_wconf 90' lang='lat' dir='ltr'><strong>quomodo</strong></span> 
     </span>
    </p>
   </div>
   <div class='ocr_carea' id='block_1_83' title="bbox 2011 2482 3594 2566">
    <p class='ocr_par' dir='ltr' id='par_1_83' title="bbox 2011 2482 3594 2566">
     <span class='ocr_line' id='line_1_84' title="bbox 2011 2482 3594 2566; baseline -0.013 -11"><span class='ocrx_word' id='word_1_495' title='bbox 2011 2505 2147 2554; x_wconf 89' lang='lat' dir='ltr'><strong>ante</strong></span> <span class='ocrx_word' id='word_1_496' title='bbox 2169 2497 2463 2566; x_wconf 85' lang='lat' dir='ltr'><strong>corrigere</strong></span> <span class='ocrx_word' id='word_1_497' title='bbox 2494 2494 2728 2566; x_wconf 89' lang='lat' dir='ltr'><strong>seipsos</strong></span> <span class='ocrx_word' id='word_1_498' title='bbox 2752 2488 3144 2561; x_wconf 89' lang='lat' dir='ltr'><strong>debeant,qui</strong></span> <span class='ocrx_word' id='word_1_499' title='bbox 3164 2485 3312 2541; x_wconf 89' lang='lat' dir='ltr'><strong>tales</strong></span> <span class='ocrx_word' id='word_1_500' title='bbox 3334 2485 3472 2537; x_wconf 90' lang='lat' dir='ltr'><strong>sunt</strong></span> <span class='ocrx_word' id='word_1_501' title='bbox 3498 2497 3511 2535; x_wconf 93' lang='lat'><strong>:</strong></span> <span class='ocrx_word' id='word_1_502' title='bbox 3535 2482 3594 2536; x_wconf 89' lang='lat' dir='ltr'><strong>et</strong></span> 
     </span>
    </p>
   </div>
   <div class='ocr_carea' id='block_1_84' title="bbox 2011 2573 3589 2662">
    <p class='ocr_par' dir='ltr' id='par_1_84' title="bbox 2011 2573 3589 2662">
     <span class='ocr_line' id='line_1_85' title="bbox 2011 2573 3589 2662; baseline -0.013 -18"><span class='ocrx_word' id='word_1_503' title='bbox 2011 2585 2321 2662; x_wconf 90' lang='lat' dir='ltr'><strong>quomodo</strong></span> <span class='ocrx_word' id='word_1_504' title='bbox 2336 2585 2397 2640; x_wconf 90' lang='lat' dir='ltr'><strong>in</strong></span> <span class='ocrx_word' id='word_1_505' title='bbox 2410 2582 2836 2656; x_wconf 71' lang='lat' dir='ltr'><strong>praedicatione</strong></span> <span class='ocrx_word' id='word_1_506' title='bbox 2857 2579 3042 2635; x_wconf 87' lang='lat' dir='ltr'><strong>libere</strong></span> <span class='ocrx_word' id='word_1_507' title='bbox 3063 2581 3120 2632; x_wconf 91' lang='lat' dir='ltr'><strong>et</strong></span> <span class='ocrx_word' id='word_1_508' title='bbox 3143 2573 3370 2631; x_wconf 85' lang='lat' dir='ltr'><strong>fortiter</strong></span> <span class='ocrx_word' id='word_1_509' title='bbox 3391 2583 3589 2640; x_wconf 87' lang='lat' dir='ltr'><strong>agere,</strong></span> 
     </span>
    </p>
   </div>
   <div class='ocr_carea' id='block_1_85' title="bbox 2011 2663 3593 2750">
    <p class='ocr_par' dir='ltr' id='par_1_85' title="bbox 2011 2663 3593 2750">
     <span class='ocr_line' id='line_1_86' title="bbox 2011 2663 3593 2750; baseline -0.012 -18"><span class='ocrx_word' id='word_1_510' title='bbox 2011 2675 2398 2750; x_wconf 88' lang='lat' dir='ltr'><strong>quomodove</strong></span> <span class='ocrx_word' id='word_1_511' title='bbox 2421 2688 2632 2729; x_wconf 89' lang='lat' dir='ltr'><strong>eorum</strong></span> <span class='ocrx_word' id='word_1_512' title='bbox 2654 2670 2760 2744; x_wconf 91' lang='lat' dir='ltr'><strong>qui</strong></span> <span class='ocrx_word' id='word_1_513' title='bbox 2789 2668 2901 2724; x_wconf 85' lang='lat' dir='ltr'><strong>sibi</strong></span> <span class='ocrx_word' id='word_1_514' title='bbox 2931 2665 3138 2723; x_wconf 88' lang='lat' dir='ltr'><strong>crediti</strong></span> <span class='ocrx_word' id='word_1_515' title='bbox 3167 2663 3302 2731; x_wconf 88' lang='lat' dir='ltr'><strong>sint,</strong></span> <span class='ocrx_word' id='word_1_516' title='bbox 3327 2672 3593 2716; x_wconf 90' lang='lat' dir='ltr'><strong>commo-</strong></span> 
     </span>
    </p>
   </div>
   <div class='ocr_carea' id='block_1_86' title="bbox 2011 2745 3596 2835">
    <p class='ocr_par' dir='ltr' id='par_1_86' title="bbox 2011 2745 3596 2835">
     <span class='ocr_line' id='line_1_87' title="bbox 2011 2745 3596 2835; baseline -0.012 -14"><span class='ocrx_word' id='word_1_517' title='bbox 2011 2745 2106 2821; x_wconf 79' lang='lat' dir='ltr'><strong>dis</strong></span> <span class='ocrx_word' id='word_1_518' title='bbox 2130 2769 2186 2820; x_wconf 89' lang='lat' dir='ltr'><strong>et</strong></span> <span class='ocrx_word' id='word_1_519' title='bbox 2215 2762 2387 2819; x_wconf 89' lang='lat' dir='ltr'><strong>saluti</strong></span> <span class='ocrx_word' id='word_1_520' title='bbox 2410 2760 2748 2835; x_wconf 87' lang='lat' dir='ltr'><strong>providere,</strong></span> <span class='ocrx_word' id='word_1_521' title='bbox 2775 2763 2831 2814; x_wconf 86' lang='lat' dir='ltr'><strong>et</strong></span> <span class='ocrx_word' id='word_1_522' title='bbox 2861 2753 3205 2828; x_wconf 88' lang='lat' dir='ltr'><strong>cujusmodi</strong></span> <span class='ocrx_word' id='word_1_523' title='bbox 3234 2749 3421 2807; x_wconf 89' lang='lat' dir='ltr'><strong>animi</strong></span> <span class='ocrx_word' id='word_1_524' title='bbox 3452 2745 3596 2803; x_wconf 84' lang='lat' dir='ltr'><strong>affe-</strong></span> 
     </span>
    </p>
   </div>
   <div class='ocr_carea' id='block_1_87' title="bbox 2013 2841 3596 2923">
    <p class='ocr_par' dir='ltr' id='par_1_87' title="bbox 2013 2841 3596 2923">
     <span class='ocr_line' id='line_1_88' title="bbox 2013 2841 3596 2923; baseline -0.012 -12"><span class='ocrx_word' id='word_1_525' title='bbox 2013 2855 2224 2922; x_wconf 89' lang='lat' dir='ltr'><strong>ctione,</strong></span> <span class='ocrx_word' id='word_1_526' title='bbox 2260 2857 2316 2909; x_wconf 90' lang='lat' dir='ltr'><strong>et</strong></span> <span class='ocrx_word' id='word_1_527' title='bbox 2344 2853 2404 2907; x_wconf 93' lang='lat' dir='ltr'><strong>in</strong></span> <span class='ocrx_word' id='word_1_528' title='bbox 2436 2847 2779 2923; x_wconf 89' lang='lat' dir='ltr'><strong>cujusmodi</strong></span> <span class='ocrx_word' id='word_1_529' title='bbox 2827 2845 3038 2903; x_wconf 89' lang='lat' dir='ltr'><strong>studiis</strong></span> <span class='ocrx_word' id='word_1_530' title='bbox 3077 2841 3338 2900; x_wconf 89' lang='lat' dir='ltr'><strong>versari:</strong></span> <span class='ocrx_word' id='word_1_531' title='bbox 3367 2843 3424 2895; x_wconf 90' lang='lat' dir='ltr'><strong>et</strong></span> <span class='ocrx_word' id='word_1_532' title='bbox 3447 2851 3596 2911; x_wconf 90' lang='lat' dir='ltr'><strong>quo-</strong></span> 
     </span>
    </p>
   </div>
   <div class='ocr_carea' id='block_1_88' title="bbox 2013 2930 3596 3002">
    <p class='ocr_par' dir='ltr' id='par_1_88' title="bbox 2013 2930 3596 3002">
     <span class='ocr_line' id='line_1_89' title="bbox 2013 2930 3596 3002; baseline -0.011 -2"><span class='ocrx_word' id='word_1_533' title='bbox 2013 2945 2197 3000; x_wconf 91' lang='lat' dir='ltr'><strong>modo</strong></span> <span class='ocrx_word' id='word_1_534' title='bbox 2222 2946 2418 2997; x_wconf 88' lang='lat' dir='ltr'><strong>castos</strong></span> <span class='ocrx_word' id='word_1_535' title='bbox 2459 2955 2520 2995; x_wconf 90' lang='lat' dir='ltr'><strong>se</strong></span> <span class='ocrx_word' id='word_1_536' title='bbox 2551 2939 2630 2994; x_wconf 88' lang='lat' dir='ltr'><strong>ab</strong></span> <span class='ocrx_word' id='word_1_537' title='bbox 2654 2939 2724 2992; x_wconf 91' lang='lat' dir='ltr'><strong>iis</strong></span> <span class='ocrx_word' id='word_1_538' title='bbox 2757 2937 2913 2991; x_wconf 89' lang='lat' dir='ltr'><strong>vitiis</strong></span> <span class='ocrx_word' id='word_1_539' title='bbox 2943 2946 3323 3000; x_wconf 86' lang='lat' dir='ltr'><strong>conservare,</strong></span> <span class='ocrx_word' id='word_1_540' title='bbox 3353 2944 3491 3002; x_wconf 70' lang='lat' dir='ltr'><strong>qua:</strong></span> <span class='ocrx_word' id='word_1_541' title='bbox 3531 2930 3596 2983; x_wconf 89' lang='lat' dir='ltr'><strong>ut</strong></span> 
     </span>
    </p>
   </div>
   <div class='ocr_carea' id='block_1_89' title="bbox 2010 3019 3593 3108">
    <p class='ocr_par' dir='ltr' id='par_1_89' title="bbox 2010 3019 3593 3108">
     <span class='ocr_line' id='line_1_90' title="bbox 2010 3019 3593 3108; baseline -0.013 -18"><span class='ocrx_word' id='word_1_542' title='bbox 2010 3035 2338 3108; x_wconf 87' lang='lat' dir='ltr'><strong>plurimum</strong></span> <span class='ocrx_word' id='word_1_543' title='bbox 2361 3027 2661 3100; x_wconf 88' lang='lat' dir='ltr'><strong>ejusmodi</strong></span> <span class='ocrx_word' id='word_1_544' title='bbox 2683 3026 3002 3082; x_wconf 82' lang='lat' dir='ltr'><strong>hominum</strong></span> <span class='ocrx_word' id='word_1_545' title='bbox 3027 3022 3227 3094; x_wconf 83' lang='lat' dir='ltr'><strong>generi</strong></span> <span class='ocrx_word' id='word_1_546' title='bbox 3249 3019 3441 3075; x_wconf 89' lang='lat' dir='ltr'><strong>solent</strong></span> <span class='ocrx_word' id='word_1_547' title='bbox 3461 3030 3593 3072; x_wconf 87' lang='lat' dir='ltr'><strong>esse</strong></span> 
     </span>
    </p>
   </div>
   <div class='ocr_carea' id='block_1_90' title="bbox 2012 3105 3595 3195">
    <p class='ocr_par' dir='ltr' id='par_1_90' title="bbox 2012 3105 3595 3195">
     <span class='ocr_line' id='line_1_91' title="bbox 2012 3105 3595 3195; baseline -0.013 -15"><span class='ocrx_word' id='word_1_548' title='bbox 2012 3105 2328 3195; x_wconf 79' lang='lat' dir='ltr'><strong>adjuncta:</strong></span> <span class='ocrx_word' id='word_1_549' title='bbox 2363 3124 2419 3174; x_wconf 92' lang='lat' dir='ltr'><strong>et</strong></span> <span class='ocrx_word' id='word_1_550' title='bbox 2448 3132 2603 3190; x_wconf 89' lang='lat' dir='ltr'><strong>quos</strong></span> <span class='ocrx_word' id='word_1_551' title='bbox 2635 3114 2946 3171; x_wconf 90' lang='lat' dir='ltr'><strong>docendos</strong></span> <span class='ocrx_word' id='word_1_552' title='bbox 2971 3109 3363 3182; x_wconf 88' lang='lat' dir='ltr'><strong>susceperint,</strong></span> <span class='ocrx_word' id='word_1_553' title='bbox 3386 3105 3462 3161; x_wconf 86' lang='lat' dir='ltr'><strong>ad</strong></span> <span class='ocrx_word' id='word_1_554' title='bbox 3494 3121 3595 3161; x_wconf 78' lang='lat' dir='ltr'><strong>cu~</strong></span> 
     </span>
    </p>
   </div>
   <div class='ocr_carea' id='block_1_91' title="bbox 2007 3195 3593 3286">
    <p class='ocr_par' dir='ltr' id='par_1_91' title="bbox 2007 3195 3593 3286">
     <span class='ocr_line' id='line_1_92' title="bbox 2007 3195 3593 3286; baseline -0.013 -16"><span class='ocrx_word' id='word_1_555' title='bbox 2007 3210 2276 3286; x_wconf 83' lang='lat' dir='ltr'><strong>jusmodi</strong></span> <span class='ocrx_word' id='word_1_556' title='bbox 2307 3222 2655 3265; x_wconf 88' lang='lat' dir='ltr'><strong>mensuram</strong></span> <span class='ocrx_word' id='word_1_557' title='bbox 2688 3220 2790 3260; x_wconf 91' lang='lat' dir='ltr'><strong>eos</strong></span> <span class='ocrx_word' id='word_1_558' title='bbox 2821 3202 3172 3276; x_wconf 89' lang='lat' dir='ltr'><strong>perducere,</strong></span> <span class='ocrx_word' id='word_1_559' title='bbox 3203 3195 3593 3271; x_wconf 87' lang='lat' dir='ltr'><strong>quomodove</strong></span> 
     </span>
    </p>
   </div>
   <div class='ocr_carea' id='block_1_92' title="bbox 2009 3286 3589 3368">
    <p class='ocr_par' dir='ltr' id='par_1_92' title="bbox 2009 3286 3589 3368">
     <span class='ocr_line' id='line_1_93' title="bbox 2009 3286 3589 3368; baseline -0.012 -8"><span class='ocrx_word' id='word_1_560' title='bbox 2009 3304 2368 3361; x_wconf 85' lang='lat' dir='ltr'><strong>reluctantes</strong></span> <span class='ocrx_word' id='word_1_561' title='bbox 2390 3298 2702 3355; x_wconf 85' lang='lat' dir='ltr'><strong>inducere:</strong></span> <span class='ocrx_word' id='word_1_562' title='bbox 2727 3301 2782 3351; x_wconf 92' lang='lat' dir='ltr'><strong>et</strong></span> <span class='ocrx_word' id='word_1_563' title='bbox 2803 3291 3112 3368; x_wconf 91' lang='lat' dir='ltr'><strong>quomodo</strong></span> <span class='ocrx_word' id='word_1_564' title='bbox 3140 3289 3210 3346; x_wconf 90' lang='lat' dir='ltr'><strong>iis</strong></span> <span class='ocrx_word' id='word_1_565' title='bbox 3230 3286 3589 3353; x_wconf 85' lang='lat' dir='ltr'><strong>auscultare,</strong></span> 
     </span>
    </p>
   </div>
   <div class='ocr_carea' id='block_1_93' title="bbox 2010 3379 3593 3468">
    <p class='ocr_par' dir='ltr' id='par_1_93' title="bbox 2010 3379 3593 3468">
     <span class='ocr_line' id='line_1_94' title="bbox 2010 3379 3593 3468; baseline -0.011 -18"><span class='ocrx_word' id='word_1_566' title='bbox 2010 3394 2115 3468; x_wconf 91' lang='lat' dir='ltr'><strong>qui</strong></span> <span class='ocrx_word' id='word_1_567' title='bbox 2129 3396 2373 3467; x_wconf 90' lang='lat' dir='ltr'><strong>propter</strong></span> <span class='ocrx_word' id='word_1_568' title='bbox 2383 3397 2609 3445; x_wconf 87' lang='lat' dir='ltr'><strong>metum</strong></span> <span class='ocrx_word' id='word_1_569' title='bbox 2624 3387 2882 3460; x_wconf 88' lang='lat' dir='ltr'><strong>aliquem</strong></span> <span class='ocrx_word' id='word_1_570' title='bbox 2894 3398 3103 3440; x_wconf 86' lang='lat' dir='ltr'><strong>eorum</strong></span> <span class='ocrx_word' id='word_1_571' title='bbox 3119 3379 3593 3455; x_wconf 65' lang='lat' dir='ltr'><strong>praedicationem</strong></span> 
     </span>
    </p>
   </div>
   <div class='ocr_carea' id='block_1_94' title="bbox 2011 3465 3594 3553">
    <p class='ocr_par' dir='ltr' id='par_1_94' title="bbox 2011 3465 3594 3553">
     <span class='ocr_line' id='line_1_95' title="bbox 2011 3465 3594 3553; baseline -0.013 -11"><span class='ocrx_word' id='word_1_572' title='bbox 2011 3465 2319 3547; x_wconf 77' lang='lat' dir='ltr'><strong>recusant,</strong></span> <span class='ocrx_word' id='word_1_573' title='bbox 2338 3478 2771 3553; x_wconf 85' lang='lat' dir='ltr'><strong>quomodoque</strong></span> <span class='ocrx_word' id='word_1_574' title='bbox 2800 3475 2941 3531; x_wconf 91' lang='lat' dir='ltr'><strong>item</strong></span> <span class='ocrx_word' id='word_1_575' title='bbox 2973 3473 3051 3530; x_wconf 90' lang='lat' dir='ltr'><strong>ab</strong></span> <span class='ocrx_word' id='word_1_576' title='bbox 3081 3472 3152 3527; x_wconf 91' lang='lat' dir='ltr'><strong>iis</strong></span> <span class='ocrx_word' id='word_1_577' title='bbox 3181 3465 3594 3540; x_wconf 86' lang='lat' dir='ltr'><strong>recedere,qui</strong></span> 
     </span>
    </p>
   </div>
   <div class='ocr_carea' id='block_1_95' title="bbox 2011 3559 3593 3644">
    <p class='ocr_par' dir='ltr' id='par_1_95' title="bbox 2011 3559 3593 3644">
     <span class='ocr_line' id='line_1_96' title="bbox 2011 3559 3593 3644; baseline -0.012 -16"><span class='ocrx_word' id='word_1_578' title='bbox 2011 3573 2210 3644; x_wconf 89' lang='lat' dir='ltr'><strong>ipsam</strong></span> <span class='ocrx_word' id='word_1_579' title='bbox 2241 3585 2314 3624; x_wconf 83' lang='lat' dir='ltr'><strong>ex</strong></span> <span class='ocrx_word' id='word_1_580' title='bbox 2343 3565 2730 3639; x_wconf 89' lang='lat' dir='ltr'><strong>improbitate</strong></span> <span class='ocrx_word' id='word_1_581' title='bbox 2755 3563 2970 3620; x_wconf 91' lang='lat' dir='ltr'><strong>nolunt</strong></span> <span class='ocrx_word' id='word_1_582' title='bbox 2994 3559 3330 3621; x_wconf 88' lang='lat' dir='ltr'><strong>admittere,</strong></span> <span class='ocrx_word' id='word_1_583' title='bbox 3357 3560 3415 3612; x_wconf 88' lang='lat' dir='ltr'><strong>et</strong></span> <span class='ocrx_word' id='word_1_584' title='bbox 3439 3571 3593 3628; x_wconf 88' lang='lat' dir='ltr'><strong>quo-</strong></span> 
     </span>
    </p>
   </div>
   <div class='ocr_carea' id='block_1_96' title="bbox 2012 3644 3595 3731">
    <p class='ocr_par' dir='ltr' id='par_1_96' title="bbox 2012 3644 3595 3731">
     <span class='ocr_line' id='line_1_97' title="bbox 2012 3644 3595 3731; baseline -0.012 -13"><span class='ocrx_word' id='word_1_585' title='bbox 2012 3660 2197 3718; x_wconf 87' lang='lat' dir='ltr'><strong>modo</strong></span> <span class='ocrx_word' id='word_1_586' title='bbox 2227 3658 2464 3731; x_wconf 86' lang='lat' dir='ltr'><strong>aliquos</strong></span> <span class='ocrx_word' id='word_1_587' title='bbox 2493 3655 2830 3725; x_wconf 81' lang='lat' dir='ltr'><strong>designare,</strong></span> <span class='ocrx_word' id='word_1_588' title='bbox 2851 3651 2946 3708; x_wconf 90' lang='lat' dir='ltr'><strong>vel</strong></span> <span class='ocrx_word' id='word_1_589' title='bbox 2966 3649 3311 3720; x_wconf 79' lang='lat' dir='ltr'><strong>designatos</strong></span> <span class='ocrx_word' id='word_1_590' title='bbox 3336 3647 3462 3718; x_wconf 87' lang='lat' dir='ltr'><strong>jam</strong></span> <span class='ocrx_word' id='word_1_591' title='bbox 3486 3644 3595 3700; x_wconf 86' lang='lat' dir='ltr'><strong>im-</strong></span> 
     </span>
    </p>
   </div>
   <div class='ocr_carea' id='block_1_97' title="bbox 2011 3732 3595 3826">
    <p class='ocr_par' dir='ltr' id='par_1_97' title="bbox 2011 3732 3595 3826">
     <span class='ocr_line' id='line_1_98' title="bbox 2011 3732 3595 3826; baseline -0.012 -19"><span class='ocrx_word' id='word_1_592' title='bbox 2011 3750 2298 3826; x_wconf 89' lang='lat' dir='ltr'><strong>probare:</strong></span> <span class='ocrx_word' id='word_1_593' title='bbox 2319 3750 2714 3820; x_wconf 87' lang='lat' dir='ltr'><strong>oportereque</strong></span> <span class='ocrx_word' id='word_1_594' title='bbox 2729 3752 3231 3814; x_wconf 88' lang='lat' dir='ltr'><strong>unumquemque</strong></span> <span class='ocrx_word' id='word_1_595' title='bbox 3242 3735 3347 3809; x_wconf 90' lang='lat' dir='ltr'><strong>qui</strong></span> <span class='ocrx_word' id='word_1_596' title='bbox 3367 3732 3595 3791; x_wconf 65' lang='lat' dir='ltr'><strong>ceteris</strong></span> 
     </span>
    </p>
   </div>
   <div class='ocr_carea' id='block_1_98' title="bbox 2012 3824 3594 3915">
    <p class='ocr_par' dir='ltr' id='par_1_98' title="bbox 2012 3824 3594 3915">
     <span class='ocr_line' id='line_1_99' title="bbox 2012 3824 3594 3915; baseline -0.012 -18"><span class='ocrx_word' id='word_1_597' title='bbox 2012 3824 2236 3915; x_wconf 79' lang='lat' dir='ltr'><strong>praesit,</strong></span> <span class='ocrx_word' id='word_1_598' title='bbox 2268 3836 2602 3894; x_wconf 85' lang='lat' dir='ltr'><strong>obnoxium</strong></span> <span class='ocrx_word' id='word_1_599' title='bbox 2625 3851 2686 3890; x_wconf 91' lang='lat' dir='ltr'><strong>se</strong></span> <span class='ocrx_word' id='word_1_600' title='bbox 2708 3848 2837 3890; x_wconf 89' lang='lat' dir='ltr'><strong>esse</strong></span> <span class='ocrx_word' id='word_1_601' title='bbox 2857 3830 3196 3888; x_wconf 80' lang='lat' dir='ltr'><strong>existimare</strong></span> <span class='ocrx_word' id='word_1_602' title='bbox 3217 3826 3299 3882; x_wconf 88' lang='lat' dir='ltr'><strong>ad</strong></span> <span class='ocrx_word' id='word_1_603' title='bbox 3335 3824 3594 3882; x_wconf 86' lang='lat' dir='ltr'><strong>redden-</strong></span> 
     </span>
    </p>
   </div>
   <div class='ocr_carea' id='block_1_99' title="bbox 2013 3913 3594 4001">
    <p class='ocr_par' dir='ltr' id='par_1_99' title="bbox 2013 3913 3594 4001">
     <span class='ocr_line' id='line_1_100' title="bbox 2013 3913 3594 4001; baseline -0.011 -14"><span class='ocrx_word' id='word_1_604' title='bbox 2013 3913 2159 3987; x_wconf 80' lang='lat' dir='ltr'><strong>dam</strong></span> <span class='ocrx_word' id='word_1_605' title='bbox 2181 3930 2252 3985; x_wconf 88' lang='lat' dir='ltr'><strong>iis</strong></span> <span class='ocrx_word' id='word_1_606' title='bbox 2273 3927 2379 4001; x_wconf 89' lang='lat' dir='ltr'><strong>qui</strong></span> <span class='ocrx_word' id='word_1_607' title='bbox 2399 3927 2531 3998; x_wconf 91' lang='lat' dir='ltr'><strong>ejus</strong></span> <span class='ocrx_word' id='word_1_608' title='bbox 2567 3941 2726 3981; x_wconf 67' lang='lat' dir='ltr'><strong>curae</strong></span> <span class='ocrx_word' id='word_1_609' title='bbox 2763 3921 2970 3979; x_wconf 85' lang='lat' dir='ltr'><strong>crediti</strong></span> <span class='ocrx_word' id='word_1_610' title='bbox 3000 3919 3138 3988; x_wconf 90' lang='lat' dir='ltr'><strong>sint,</strong></span> <span class='ocrx_word' id='word_1_611' title='bbox 3175 3915 3476 3974; x_wconf 90' lang='lat' dir='ltr'><strong>rationem</strong></span> <span class='ocrx_word' id='word_1_612' title='bbox 3517 3913 3594 3970; x_wconf 87' lang='lat' dir='ltr'><strong>de</strong></span> 
     </span>
    </p>
   </div>
   <div class='ocr_carea' id='block_1_100' title="bbox 2015 4011 3059 4090">
    <p class='ocr_par' dir='ltr' id='par_1_100' title="bbox 2015 4011 3059 4090">
     <span class='ocr_line' id='line_1_101' title="bbox 2015 4011 3059 4090; baseline -0.012 -13"><span class='ocrx_word' id='word_1_613' title='bbox 2015 4019 2302 4077; x_wconf 89' lang='lat' dir='ltr'><strong>omnibus</strong></span> <span class='ocrx_word' id='word_1_614' title='bbox 2329 4033 2466 4090; x_wconf 67' lang='lat' dir='ltr'><strong>quae</strong></span> <span class='ocrx_word' id='word_1_615' title='bbox 2495 4014 2723 4071; x_wconf 88' lang='lat' dir='ltr'><strong>faciant</strong></span> <span class='ocrx_word' id='word_1_616' title='bbox 2751 4017 2807 4068; x_wconf 90' lang='lat' dir='ltr'><strong>et</strong></span> <span class='ocrx_word' id='word_1_617' title='bbox 2834 4011 3059 4066; x_wconf 84' lang='lat' dir='ltr'><strong>dicant.</strong></span> 
     </span>
    </p>
   </div>
   <div class='ocr_carea' id='block_1_101' title="bbox 1945 4093 3597 4180">
    <p class='ocr_par' dir='ltr' id='par_1_101' title="bbox 1945 4093 3597 4180">
     <span class='ocr_line' id='line_1_102' title="bbox 1945 4093 3597 4180; baseline -0.011 -13"><span class='ocrx_word' id='word_1_618' title='bbox 1945 4116 2003 4167; x_wconf 81' lang='grc' dir='ltr'>Ἠ</span> <span class='ocrx_word' id='word_1_619' title='bbox 2041 4113 2120 4167; x_wconf 90' lang='lat' dir='ltr'><strong>De</strong></span> <span class='ocrx_word' id='word_1_620' title='bbox 2146 4110 2217 4165; x_wconf 75' lang='lat' dir='ltr'><strong>iis</strong></span> <span class='ocrx_word' id='word_1_621' title='bbox 2246 4123 2385 4180; x_wconf 61' lang='lat' dir='ltr'><strong>quae</strong></span> <span class='ocrx_word' id='word_1_622' title='bbox 2424 4103 2796 4177; x_wconf 88' lang='lat' dir='ltr'><strong>conjunctim</strong></span> <span class='ocrx_word' id='word_1_623' title='bbox 2843 4101 3148 4175; x_wconf 71' lang='lat' dir='ltr'><strong>praecepta</strong></span> <span class='ocrx_word' id='word_1_624' title='bbox 3196 4099 3336 4152; x_wconf 89' lang='lat' dir='ltr'><strong>sunt</strong></span> <span class='ocrx_word' id='word_1_625' title='bbox 3375 4093 3447 4152; x_wconf 93' lang='lat' dir='ltr'><strong>iis</strong></span> <span class='ocrx_word' id='word_1_626' title='bbox 3488 4093 3597 4166; x_wconf 91' lang='lat' dir='ltr'><strong>qui</strong></span> 
     </span>
    </p>
   </div>
   <div class='ocr_carea' id='block_1_102' title="bbox 2017 4200 2454 4272">
    <p class='ocr_par' dir='ltr' id='par_1_102' title="bbox 2017 4200 2454 4272">
     <span class='ocr_line' id='line_1_103' title="bbox 2017 4200 2454 4272; baseline -0.014 -14"><span class='ocrx_word' id='word_1_627' title='bbox 2017 4200 2146 4258; x_wconf 88' lang='lat' dir='ltr'><strong>aliis</strong></span> <span class='ocrx_word' id='word_1_628' title='bbox 2166 4201 2454 4272; x_wconf 72' lang='lat' dir='ltr'><strong>praesunt.</strong></span> 
     </span>
    </p>
   </div>
   <div class='ocr_carea' id='block_1_103' title="bbox 1945 4272 3598 4355">
    <p class='ocr_par' dir='ltr' id='par_1_103' title="bbox 1945 4272 3598 4355">
     <span class='ocr_line' id='line_1_104' title="bbox 1945 4272 3598 4355; baseline -0.011 -9"><span class='ocrx_word' id='word_1_629' title='bbox 1945 4295 2013 4346; x_wconf 83' lang='lat'>72</span> <span class='ocrx_word' id='word_1_630' title='bbox 2045 4291 2174 4355; x_wconf 88' lang='lat' dir='ltr'><strong>Qua</strong></span> <span class='ocrx_word' id='word_1_631' title='bbox 2205 4287 2433 4343; x_wconf 87' lang='lat' dir='ltr'><strong>ratione</strong></span> <span class='ocrx_word' id='word_1_632' title='bbox 2459 4283 2724 4340; x_wconf 89' lang='lat' dir='ltr'><strong>debeant</strong></span> <span class='ocrx_word' id='word_1_633' title='bbox 2751 4281 2809 4348; x_wconf 93' lang='lat' dir='ltr'><strong>ii,</strong></span> <span class='ocrx_word' id='word_1_634' title='bbox 2833 4279 2936 4353; x_wconf 90' lang='lat' dir='ltr'><strong>qui</strong></span> <span class='ocrx_word' id='word_1_635' title='bbox 2966 4278 3278 4339; x_wconf 88' lang='lat' dir='ltr'><strong>docentur,</strong></span> <span class='ocrx_word' id='word_1_636' title='bbox 3318 4272 3598 4347; x_wconf 85' lang='lat' dir='ltr'><strong>spiritua-</strong></span> 
     </span>
    </p>
   </div>
   <div class='ocr_carea' id='block_1_104' title="bbox 2015 4365 3597 4446">
    <p class='ocr_par' dir='ltr' id='par_1_104' title="bbox 2015 4365 3597 4446">
     <span class='ocr_line' id='line_1_105' title="bbox 2015 4365 3597 4446; baseline -0.01 -12"><span class='ocrx_word' id='word_1_637' title='bbox 2015 4378 2101 4434; x_wconf 91' lang='lat' dir='ltr'><strong>les</strong></span> <span class='ocrx_word' id='word_1_638' title='bbox 2149 4377 2471 4446; x_wconf 85' lang='lat' dir='ltr'><strong>magistros</strong></span> <span class='ocrx_word' id='word_1_639' title='bbox 2519 4373 2857 4429; x_wconf 89' lang='lat' dir='ltr'><strong>discernere</strong></span> <span class='ocrx_word' id='word_1_640' title='bbox 2905 4369 2984 4425; x_wconf 88' lang='lat' dir='ltr'><strong>ab</strong></span> <span class='ocrx_word' id='word_1_641' title='bbox 3028 4368 3101 4423; x_wconf 87' lang='lat' dir='ltr'><strong>iis</strong></span> <span class='ocrx_word' id='word_1_642' title='bbox 3141 4365 3249 4440; x_wconf 87' lang='lat' dir='ltr'><strong>qui</strong></span> <span class='ocrx_word' id='word_1_643' title='bbox 3286 4365 3434 4421; x_wconf 85' lang='lat' dir='ltr'><strong>tales</strong></span> <span class='ocrx_word' id='word_1_644' title='bbox 3471 4377 3597 4420; x_wconf 90' lang='lat' dir='ltr'><strong>non</strong></span> 
     </span>
    </p>
   </div>
   <div class='ocr_carea' id='block_1_105' title="bbox 2017 4451 3600 4536">
    <p class='ocr_par' dir='ltr' id='par_1_105' title="bbox 2017 4451 3600 4536">
     <span class='ocr_line' id='line_1_106' title="bbox 2017 4451 3600 4536; baseline -0.006 -14"><span class='ocrx_word' id='word_1_645' title='bbox 2017 4472 2175 4524; x_wconf 87' lang='lat' dir='ltr'><strong>sunt.</strong></span> <span class='ocrx_word' id='word_1_646' title='bbox 2204 4463 2594 4536; x_wconf 79' lang='lat' dir='ltr'><strong>quomodOVe</strong></span> <span class='ocrx_word' id='word_1_647' title='bbox 2624 4477 2767 4532; x_wconf 80' lang='lat' dir='ltr'><strong>erga</strong></span> <span class='ocrx_word' id='word_1_648' title='bbox 2809 4460 2976 4532; x_wconf 90' lang='lat' dir='ltr'><strong>ipsos</strong></span> <span class='ocrx_word' id='word_1_649' title='bbox 3015 4473 3145 4514; x_wconf 88' lang='lat' dir='ltr'><strong>esse</strong></span> <span class='ocrx_word' id='word_1_650' title='bbox 3191 4453 3464 4523; x_wconf 88' lang='lat' dir='ltr'><strong>animati,</strong></span> <span class='ocrx_word' id='word_1_651' title='bbox 3506 4451 3600 4512; x_wconf 86' lang='lat' dir='ltr'><strong>vel</strong></span> 
     </span>
    </p>
   </div>
   <div class='ocr_carea' id='block_1_106' title="bbox 2017 4546 3437 4628">
    <p class='ocr_par' dir='ltr' id='par_1_106' title="bbox 2017 4546 3437 4628">
     <span class='ocr_line' id='line_1_107' title="bbox 2017 4546 3437 4628; baseline -0.008 -16"><span class='ocrx_word' id='word_1_652' title='bbox 2017 4554 2328 4628; x_wconf 89' lang='lat' dir='ltr'><strong>quomodo</strong></span> <span class='ocrx_word' id='word_1_653' title='bbox 2357 4569 2491 4626; x_wconf 73' lang='lat' dir='ltr'><strong>quae</strong></span> <span class='ocrx_word' id='word_1_654' title='bbox 2519 4551 2596 4608; x_wconf 88' lang='lat' dir='ltr'><strong>ab</strong></span> <span class='ocrx_word' id='word_1_655' title='bbox 2626 4549 2776 4624; x_wconf 89' lang='lat' dir='ltr'><strong>ipsis</strong></span> <span class='ocrx_word' id='word_1_656' title='bbox 2805 4549 3085 4606; x_wconf 87' lang='lat' dir='ltr'><strong>dicantur</strong></span> <span class='ocrx_word' id='word_1_657' title='bbox 3111 4546 3437 4619; x_wconf 86' lang='lat' dir='ltr'><strong>suscipere.</strong></span> 
     </span>
    </p>
   </div>
   <div class='ocr_carea' id='block_1_107' title="bbox 1947 4637 3332 4716">
    <p class='ocr_par' dir='ltr' id='par_1_107' title="bbox 1947 4637 3332 4716">
     <span class='ocr_line' id='line_1_108' title="bbox 1947 4637 3332 4716; baseline -0.008 -12"><span class='ocrx_word' id='word_1_658' title='bbox 1947 4651 2013 4704; x_wconf 86' lang='lat'><strong>73</strong></span> <span class='ocrx_word' id='word_1_659' title='bbox 2058 4651 2136 4703; x_wconf 90' lang='lat' dir='ltr'><strong>De</strong></span> <span class='ocrx_word' id='word_1_660' title='bbox 2168 4646 2261 4715; x_wconf 89' lang='lat' dir='ltr'><strong>iis,</strong></span> <span class='ocrx_word' id='word_1_661' title='bbox 2289 4643 2394 4716; x_wconf 91' lang='lat' dir='ltr'><strong>qui</strong></span> <span class='ocrx_word' id='word_1_662' title='bbox 2424 4640 2811 4699; x_wconf 90' lang='lat' dir='ltr'><strong>matrimonio</strong></span> <span class='ocrx_word' id='word_1_663' title='bbox 2837 4637 3144 4711; x_wconf 87' lang='lat' dir='ltr'><strong>conjuncti</strong></span> <span class='ocrx_word' id='word_1_664' title='bbox 3173 4640 3332 4694; x_wconf 88' lang='lat' dir='ltr'><strong>sunt.</strong></span> 
     </span>
    </p>
   </div>
   <div class='ocr_carea' id='block_1_108' title="bbox 1947 4734 2388 4794">
    <p class='ocr_par' dir='ltr' id='par_1_108' title="bbox 1947 4734 2388 4794">
     <span class='ocr_line' id='line_1_109' title="bbox 1947 4734 2388 4794; baseline -0.014 0"><span class='ocrx_word' id='word_1_665' title='bbox 1947 4741 2018 4794; x_wconf 76' lang='grc'><strong>74-</strong></span> <span class='ocrx_word' id='word_1_666' title='bbox 2057 4739 2136 4792; x_wconf 91' lang='lat' dir='ltr'><strong>De</strong></span> <span class='ocrx_word' id='word_1_667' title='bbox 2167 4734 2388 4791; x_wconf 87' lang='lat' dir='ltr'><strong>viduis.</strong></span> 
     </span>
    </p>
   </div>
   <div class='ocr_carea' id='block_1_109' title="bbox 1947 4821 2758 4884">
    <p class='ocr_par' dir='ltr' id='par_1_109' title="bbox 1947 4821 2758 4884">
     <span class='ocr_line' id='line_1_110' title="bbox 1947 4821 2758 4884; baseline -0.007 0"><span class='ocrx_word' id='word_1_668' title='bbox 1947 4832 2017 4884; x_wconf 85' lang='lat'><strong>75</strong></span> <span class='ocrx_word' id='word_1_669' title='bbox 2060 4829 2138 4882; x_wconf 90' lang='lat' dir='ltr'><strong>De</strong></span> <span class='ocrx_word' id='word_1_670' title='bbox 2170 4824 2358 4880; x_wconf 88' lang='lat' dir='ltr'><strong>servis</strong></span> <span class='ocrx_word' id='word_1_671' title='bbox 2387 4826 2444 4880; x_wconf 92' lang='lat' dir='ltr'><strong>et</strong></span> <span class='ocrx_word' id='word_1_672' title='bbox 2471 4821 2758 4879; x_wconf 90' lang='lat' dir='ltr'><strong>dominis.</strong></span> 
     </span>
    </p>
   </div>
   <div class='ocr_carea' id='block_1_110' title="bbox 1947 4912 2795 4987">
    <p class='ocr_par' dir='ltr' id='par_1_110' title="bbox 1947 4912 2795 4987">
     <span class='ocr_line' id='line_1_111' title="bbox 1947 4912 2795 4987; baseline -0.008 -15"><span class='ocrx_word' id='word_1_673' title='bbox 1947 4919 2016 4972; x_wconf 88' lang='lat'><strong>76</strong></span> <span class='ocrx_word' id='word_1_674' title='bbox 2057 4919 2134 4972; x_wconf 92' lang='lat' dir='ltr'><strong>De</strong></span> <span class='ocrx_word' id='word_1_675' title='bbox 2166 4915 2303 4970; x_wconf 80' lang='lat' dir='ltr'><strong>ﬁliis</strong></span> <span class='ocrx_word' id='word_1_676' title='bbox 2333 4918 2390 4969; x_wconf 90' lang='lat' dir='ltr'><strong>et</strong></span> <span class='ocrx_word' id='word_1_677' title='bbox 2421 4912 2795 4987; x_wconf 88' lang='lat' dir='ltr'><strong>parentibus.</strong></span> 
     </span>
    </p>
   </div>
   <div class='ocr_carea' id='block_1_111' title="bbox 2011 5030 3596 5112">
    <p class='ocr_par' dir='ltr' id='par_1_111' title="bbox 2011 5030 3596 5112">
     <span class='ocr_line' id='line_1_112' title="bbox 2011 5030 3596 5112; baseline -0.013 -14"><span class='ocrx_word' id='word_1_678' title='bbox 2011 5042 2128 5112; x_wconf 77' lang='grc'>(52)</span> <span class='ocrx_word' id='word_1_679' title='bbox 2156 5044 2295 5111; x_wconf 81' lang='lat' dir='ltr'><strong>Reg.</strong></span> <span class='ocrx_word' id='word_1_680' title='bbox 2357 5039 2907 5112; x_wconf 14' lang='grc' dir='ltr'>ῑθΐιὶυεμεῖκεινπτοῖς</span> <span class='ocrx_word' id='word_1_681' title='bbox 2953 5031 3047 5112; x_wconf 67' lang='grc' dir='ltr'><strong>δια</strong></span> <span class='ocrx_word' id='word_1_682' title='bbox 3095 5030 3246 5103; x_wconf 80' lang='grc' dir='ltr'>φόϐον</span> <span class='ocrx_word' id='word_1_683' title='bbox 3311 5046 3596 5112; x_wconf 69' lang='grc' dir='ltr'>παραιτου-</span> 
     </span>
    </p>
   </div>
   <div class='ocr_carea' id='block_1_112' title="bbox 1941 5102 3595 5187">
    <p class='ocr_par' dir='ltr' id='par_1_112' title="bbox 1941 5102 3595 5187">
     <span class='ocr_line' id='line_1_113' title="bbox 1941 5102 3595 5187; baseline -0.009 -20"><span class='ocrx_word' id='word_1_684' title='bbox 1941 5102 2133 5187; x_wconf 66' lang='grc' dir='ltr'>μένοις.</span> <span class='ocrx_word' id='word_1_685' title='bbox 2192 5102 2449 5184; x_wconf 67' lang='grc' dir='ltr'><strong>υῖΓὶὶᾳυθ</strong></span> <span class='ocrx_word' id='word_1_686' title='bbox 2504 5108 2684 5165; x_wconf 83' lang='lat' dir='ltr'><strong>editio</strong></span> <span class='ocrx_word' id='word_1_687' title='bbox 2739 5111 2888 5161; x_wconf 80' lang='grc' dir='ltr'>εἴκειν</span> <span class='ocrx_word' id='word_1_688' title='bbox 2951 5108 3178 5164; x_wconf 78' lang='grc' dir='ltr'>τούς.....</span> <span class='ocrx_word' id='word_1_689' title='bbox 3247 5102 3595 5173; x_wconf 83' lang='grc' dir='ltr'>παραιτουμέ-</span> 
     </span>
    </p>
   </div>
   <div class='ocr_carea' id='block_1_113' title="bbox 1941 5205 3597 5326">
    <p class='ocr_par' dir='ltr' id='par_1_113' title="bbox 1941 5205 3597 5326">
     <span class='ocr_line' id='line_1_114' title="bbox 1941 5205 2078 5240; baseline 0.029 -4"><span class='ocrx_word' id='word_1_690' title='bbox 1941 5205 2030 5238; x_wconf 83' lang='grc' dir='ltr'><strong>νου</strong></span> <span class='ocrx_word' id='word_1_691' title='bbox 2067 5228 2078 5240; x_wconf 90' lang='grc'><strong>.</strong></span> 
     </span>
     <span class='ocr_line' id='line_1_115' title="bbox 2014 5207 3597 5326; baseline -0.015 -13"><span class='ocrx_word' id='word_1_692' title='bbox 2014 5207 2131 5326; x_wconf 59' lang='lat'><strong>(:33)</strong></span> <span class='ocrx_word' id='word_1_693' title='bbox 2163 5255 2355 5326; x_wconf 87' lang='lat' dir='ltr'><strong>Editio</strong></span> <span class='ocrx_word' id='word_1_694' title='bbox 2405 5255 2546 5307; x_wconf 90' lang='lat' dir='ltr'><strong>Ven.</strong></span> <span class='ocrx_word' id='word_1_695' title='bbox 2573 5251 2634 5326; x_wconf 87' lang='lat' dir='ltr'><strong>in</strong></span> <span class='ocrx_word' id='word_1_696' title='bbox 2677 5250 2960 5326; x_wconf 78' lang='lat' dir='ltr'><strong>contextu</strong></span> <span class='ocrx_word' id='word_1_697' title='bbox 3013 5250 3328 5326; x_wconf 67' lang='grc' dir='ltr'>χειροτονεῖν</span> <span class='ocrx_word' id='word_1_698' title='bbox 3372 5242 3408 5326; x_wconf 58' lang='grc' dir='ltr'><strong>³ἢ)</strong></span> <span class='ocrx_word' id='word_1_699' title='bbox 3468 5239 3597 5326; x_wconf 49' lang='grc' dir='ltr'>ἐνμ-</span> 
     </span>
    </p>
   </div>
   <div class='ocr_carea' id='block_1_114' title="bbox 1945 5312 3594 5391">
    <p class='ocr_par' dir='ltr' id='par_1_114' title="bbox 1945 5312 3594 5391">
     <span class='ocr_line' id='line_1_116' title="bbox 1945 5312 3594 5391; baseline -0.007 -13"><span class='ocrx_word' id='word_1_700' title='bbox 2173 5348 2184 5360; x_wconf 74' lang='grc' dir='ltr'><strong>ο</strong></span> <span class='ocrx_word' id='word_1_701' title='bbox 2234 5332 2294 5382; x_wconf 82' lang='lat' dir='ltr'><strong>at</strong></span> <span class='ocrx_word' id='word_1_702' title='bbox 2340 5325 2400 5380; x_wconf 90' lang='lat' dir='ltr'><strong>in</strong></span> <span class='ocrx_word' id='word_1_703' title='bbox 2437 5323 2708 5391; x_wconf 75' lang='lat' dir='ltr'><strong>margine</strong></span> <span class='ocrx_word' id='word_1_704' title='bbox 2745 5318 2928 5391; x_wconf 82' lang='lat' dir='ltr'><strong>habet</strong></span> <span class='ocrx_word' id='word_1_705' title='bbox 2955 5312 3268 5391; x_wconf 74' lang='grc' dir='ltr'>χείροτονεῖν</span> <span class='ocrx_word' id='word_1_706' title='bbox 3301 5312 3594 5391; x_wconf 32' lang='grc' dir='ltr'>ἧλάποϐάλ-</span> 
     </span>
    </p>
   </div>
   <div class='ocr_carea' id='block_1_115' title="bbox 1943 5387 3594 5523">
    <p class='ocr_par' dir='ltr' id='par_1_115' title="bbox 1943 5387 3594 5523">
     <span class='ocr_line' id='line_1_117' title="bbox 1943 5387 3594 5523; baseline -0.004 -74"><span class='ocrx_word' id='word_1_707' title='bbox 1943 5398 2155 5523; x_wconf 58' lang='lat' dir='ltr'><strong>km,det</strong></span> <span class='ocrx_word' id='word_1_708' title='bbox 2186 5398 2268 5454; x_wconf 90' lang='lat' dir='ltr'><strong>ita</strong></span> <span class='ocrx_word' id='word_1_709' title='bbox 2292 5408 2534 5468; x_wconf 88' lang='lat' dir='ltr'><strong>quoque</strong></span> <span class='ocrx_word' id='word_1_710' title='bbox 2575 5387 2864 5462; x_wconf 72' lang='lat' dir='ltr'><strong>scriptum</strong></span> <span class='ocrx_word' id='word_1_711' title='bbox 2906 5387 3206 5444; x_wconf 88' lang='lat' dir='ltr'><strong>invenitur</strong></span> <span class='ocrx_word' id='word_1_712' title='bbox 3238 5387 3300 5443; x_wconf 88' lang='lat' dir='ltr'><strong>in</strong></span> <span class='ocrx_word' id='word_1_713' title='bbox 3330 5389 3472 5459; x_wconf 81' lang='lat' dir='ltr'><strong>Reg.</strong></span> <span class='ocrx_word' id='word_1_714' title='bbox 3502 5401 3594 5442; x_wconf 82' lang='lat' dir='ltr'><strong>se-</strong></span> 
     </span>
     <span class='ocr_line' id='line_1_118' title="bbox 1944 5485 2166 5523; baseline -0.005 0"><span class='ocrx_word' id='word_1_715' title='bbox 1944 5485 2061 5523; x_wconf 87' lang='lat' dir='ltr'><strong>cun</strong></span> <span class='ocrx_word' id='word_1_716' title='bbox 2110 5485 2166 5523; x_wconf 93' lang='grc' dir='ltr'><strong>ο.</strong></span> 
     </span>
    </p>
   </div>
   <div class='ocr_carea' id='block_1_116' title="bbox 1944 5485 3593 5609">
    <p class='ocr_par' dir='ltr' id='par_1_116' title="bbox 1944 5485 3593 5609">
     <span class='ocr_line' id='line_1_119' title="bbox 1944 5485 3593 5609; baseline -0.004 -17"><span class='ocrx_word' id='word_1_717' title='bbox 1944 5485 2280 5609; x_wconf 26' lang='lat' dir='ltr'><strong>“(titiam</strong></span> <span class='ocrx_word' id='word_1_718' title='bbox 2331 5535 2464 5592; x_wconf 88' lang='lat' dir='ltr'><strong>libri</strong></span> <span class='ocrx_word' id='word_1_719' title='bbox 2518 5538 2769 5590; x_wconf 84' lang='lat' dir='ltr'><strong>veteres.</strong></span> <span class='ocrx_word' id='word_1_720' title='bbox 2828 5531 3020 5591; x_wconf 84' lang='lat' dir='ltr'><strong>Editio</strong></span> <span class='ocrx_word' id='word_1_721' title='bbox 3078 5532 3261 5592; x_wconf 83' lang='lat' dir='ltr'><strong>Paris.</strong></span> <span class='ocrx_word' id='word_1_722' title='bbox 3311 5533 3593 5588; x_wconf 77' lang='grc' dir='ltr'>ὑπεύθυνον</span> 
     </span>
    </p>
   </div>
   <div class='ocr_carea' id='block_1_117' title="bbox 1947 5613 2368 5682">
    <p class='ocr_par' dir='ltr' id='par_1_117' title="bbox 1947 5613 2368 5682">
     <span class='ocr_line' id='line_1_120' title="bbox 1947 5613 2368 5682; baseline 0.002 -19"><span class='ocrx_word' id='word_1_723' title='bbox 1947 5613 2214 5682; x_wconf 79' lang='grc' dir='ltr'>ἡγεῖσθαι,</span> <span class='ocrx_word' id='word_1_724' title='bbox 2241 5616 2368 5671; x_wconf 86' lang='grc' dir='ltr'>τοῖς.</span> 
     </span>
    </p>
   </div>
  </div>
