4100 6196
291 289 365 345 ἵῦί
1783 292 2121 349 HOMle

3522 297 3634 354 702

290 418 433 485 οωνῆς
457 409 644 478 αὑτοῦ,
685 412 775 464 καὶ
815 410 1238 488 ἐκπορεύσονται,
1279 417 1329 470 οἱ
1376 417 1444 469 τὰ
1495 415 1670 489 ἀγαοὰ
1712 420 1849 475 ποιή·

1973 423 2246 488 egerunt,
2269 419 2332 475 in
2350 418 2848 476 resurrectionem
2857 417 3087 488 judicii
3096 418 3378 489 (Joanw,
3400 421 3490 487 28,
3513 421 3633 492 29).

289 519 462 567 σαντες,
499 500 574 561 εἰς
603 497 893 553 ἀνάστασιν
925 506 1057 565 ζωῆς
1087 525 1102 540 ο
1142 507 1192 558 οἱ
1235 501 1295 560 δ”ε
1322 508 1387 558 τὰ
1416 505 1584 577 φαῦλα
1629 505 1862 580 πράξαν-

286 608 364 655 τες,
392 589 462 651 εἰς
489 587 782 642 ἀνάστασιν
811 595 1052 665 κρίσεως.
1082 600 1249 647 ΠΡΟΣ
1288 602 1446 649 ΡΩΜ.
1466 594 1486 611 ’
1528 601 1567 647 II
1598 602 1690 646 τοῦ
1712 593 1864 646 πλού-

283 697 354 730 του
381 687 478 740 τῆς
507 683 875 754 χρηστότητος
906 681 1088 746 αὑτοῦ,
1133 688 1220 736 καὶ
1249 693 1341 745 τῆς
1369 682 1588 756 ἀνοχῆς,
1637 688 1727 734 καὶ
1769 691 1830 741 τῆ
1843 703 1863 744 ς

280 769 628 840 μακροθυμίας
673 778 1032 844 καταφρονεῖς,
1080 769 1298 844 ἀγνοῶν,
1353 776 1434 825 ὅτι
1489 776 1549 825 τὸ
1623 775 1862 849 χρηστὸν

280 865 354 911 τοῦ
381 865 517 911 Θεοῦ
548 859 618 919 εἰς
648 860 920 931 μετάνοιάν
970 879 1028 915 σε
1055 862 1210 934 ἄγει;
1253 866 1398 917 Κατὰ
1429 860 1488 918 δι
1515 868 1609 921 τὴν
1633 863 1862 936 σκληρό-

279 948 394 1004 τητά
457 965 577 1011 σου,
635 950 726 1000 καὶ
794 947 1141 1020 ἀμετανοητον
1195 949 1443 1025 καρδίαν,
1527 952 1862 1026 θησαυρίζεις

278 1034 423 1089 iam;
471 1035 634 1112 ὀργὴν
677 1036 728 1090 ἰν
781 1040 951 1114 ἡμέρᾳ
995 1040 1154 1114 ὀργῆς
1198 1045 1290 1093 καὶ
1339 1041 1730 1112 ἀποκαλύψεως,
1771 1045 1861 1093 καὶ

274 1120 655 1200 δικαιοκρισίας
673 1134 766 1180 τοῦ
797 1134 952 1195 Θεοῦ,
984 1129 1042 1192 ὃς
1067 1127 1349 1185 ἀπωδώσει
1375 1131 1576 1204 ἑκάστῳ
1617 1132 1753 1184 κατὰ
1795 1131 1861 1183 τὰ

271 1214 381 1288 in:
436 1215 624 1271 αὑτοῦ.
684 1222 980 1273 ΠΡΑΞΕΙΣ.
1030 1221 1157 1281 Τοὺς
1207 1221 1298 1294 μὶν
1345 1221 1434 1274 οὖν
1492 1225 1714 1295 χρόνους
1768 1226 1860 1280 τῆς

267 1301 465 1374 ἀγνοίας
514 1303 779 1381 ὑπεριδὼν
830 1309 858 1360 ὁ
913 1311 1058 1381 Θεὸς,
1114 1313 1180 1363 τα
1227 1319 1316 1364 νῦν
1371 1311 1716 1387 παραγγέλλει
1754 1317 1859 1371 τοῖς

1971 507 2069 562 Αη
2091 508 2331 565 divitias
2362 510 2641 565 bonitatis
2663 512 2812 579 ejus,
2837 516 2890 564 et
2905 510 3241 579 patientiae,
3275 516 3330 566 et
3364 511 3637 580 longani-

1971 598 2197 652 mitatis
2219 600 2566 664 contemnis,
2590 602 2878 669 ignorans
2899 599 3060 670 quod
3082 599 3413 669 benignitas
3430 601 3538 656 Dei
3557 601 3637 656 ad

1969 689 2377 755 paenitentiam
2394 694 2448 744 te
2461 689 2706 744 adducit
2729 691 2756 742 ?
2773 687 3112 743 Secundum
3128 695 3327 744 autem
3342 689 3634 745 duritiam

1971 780 2134 830 tuam
2158 783 2211 834 et
2228 778 2605 847 impaenitens
2618 778 3115 844 cor,thesauri:as
3139 776 3249 830 tibi
3273 779 3429 832 iram
3455 783 3518 833 in
3540 779 3638 837 die

1969 863 2078 919 ira?
2108 870 2162 920 et
2189 868 2594 931 revelationis,
2621 873 2674 922 et
2705 868 2866 936 justi
2895 866 3125 935 judicii
3143 866 3269 930 Dei,
3304 868 3405 937 qui
3429 867 3636 923 reddet

1969 953 2294 1024 unicuique
2337 955 2660 1010 secundum
2694 969 2875 1024 opera
2910 955 3036 1022 ejus
3059 955 3252 1022 (Rom.
3275 969 3333 1016 ιι,
3356 955 3498 1021 4-6).
3553 955 3635 1010 Et

1969 1043 2233 1109 tempora
2259 1043 2496 1112 quidem
2521 1044 2701 1112 hujus
2720 1043 3080 1113 ignorantia
3095 1041 3426 1110 despiciens
3447 1041 3627 1111 Deus,

1966 1134 2467 1187 nuncannuntiat
2488 1132 2663 1204 235
2688 1131 3024 1188 hominibus
3042 1131 3334 1200 omnibus,
3358 1137 3424 1186 ut
3439 1131 3635 1200 ρωπί-

1969 1221 2214 1275 tentiam
2239 1226 2466 1291 agant;
2492 1237 2557 1277 eo
2583 1221 2744 1292 quod
2759 1222 2972 1277 statuit
2993 1221 3240 1291 diem,in
3259 1233 3373 1291 quo
3383 1218 3631 1290 judica-

1973 1311 2146 1363 turus
2178 1315 2262 1364 est
2288 1310 2488 1366 orbem
2511 1311 2670 1381 (Act.
2701 1325 2836 1377 xvn,
2864 1312 2950 1380 30,
2981 1309 3093 1371 31).

271 1391 552 1470 ἀνθρώποις
579 1402 713 1450 πᾶσι
749 1407 1028 1472 πανταχοῦ
1057 1408 1315 1474 μετανοεῖν
1339 1421 1353 1436 ο
1403 1404 1588 1456 καθότι
1618 1403 1830 1461 ἔστησε-ρ
1869 1397 2086 1471 ἡμέραν,
2115 1397 2164 1450 ἐν
2254 1398 2420 1475 {tilla
2445 1402 2635 1473 κρίνειν
2661 1403 2754 1460 τὴν
2792 1399 3113 1472 οἰκουμένην·

257 1570 377 1626 Ὀτι
440 1569 528 1626 δεῖ
581 1577 702 1637 τοὺς
751 1585 1126 1650 μετανοοῦντας
1177 1581 1369 1637 κλαίειν
1416 1589 1630 1656 πικρῶς,
1675 1585 1861 1637 καὶτὰ

323 1661 498 1730 λοιπὰ,
531 1666 636 1718 ὅσα
663 1661 782 1720 ἴδια
800 1676 892 1731 τῆς
933 1675 1229 1746 μετανοίας,
1278 1671 1335 1727 ἐκ
1380 1669 1609 1751 καρδίας
1655 1669 1858 1728 ἐπιδεί-

320 1753 570 1810 κνυσθαι.

901 1921 1090 1996 Κεφάλ.
1147 1930 1216 1996 γ’.

320 2027 694 2081 ΜΔΤΘΔΙΟΣ.
748 2032 849 2081 Καὶ
896 2027 1128 2102 ἐμνήσθη
1175 2031 1204 2084 ὁ
1249 2035 1440 2106 Πέτρος
1482 2038 1575 2085 τοῦ
1624 2032 1854 2107 ῥήματος

244 2111 431 2169 Ἰησοῦ
458 2113 728 2189 εἰρηκότος
759 2117 921 2189 αὐτῷ,
950 2121 1028 2172 ὅτι
1061 2126 1190 2194 Πρὶν
1213 2122 1242 2181 ἡ
1290 2120 1542 2197 ἀλέκτορα
1593 2132 1849 2194 φωνῆσαι,

236 2205 363 2274 τρὶς
385 2201 660 2278 ἀπαρνήσῃ
689 2225 773 2278 με.
809 2211 910 2260 Καὶ
953 2207 1162 2272 ἐξελθὼν
1209 2211 1324 2278 ἔξω,
1373 2210 1592 2264 ἓκλαυσε
1632 2219 1849 2285 πικρῶς.

233 2296 421 2344 ΠΡΟΣ
461 2299 615 2348 KOP.
808 2295 942 2348 Ἀλλ’
993 2299 1021 2350 ὁ
1066 2300 1377 2374 παρακαλῶν
1413 2304 1536 2362 τοὺς
1563 2303 1849 2365 ταπεινοὺς,

229 2382 594 2455 παραδῶσιν
647 2386 781 2458 ἣμᾶς
831 2385 882 2439 ἓν
936 2396 998 2460 τῇ
1050 2395 1316 2463 παρουσίᾳ
1360 2393 1538 2446 Τίτου.
1586 2391 1661 2443 Οὐ
1696 2396 1848 2465 μόνον

231 2465 299 2521 δε
328 2469 383 2521 ἐν
404 2479 469 2543 τῇ
504 2478 775 2547 παρουσίᾳ
804 2475 986 2544 αὐτοῦ,
1020 2475 1148 2530 ἀλλὰ
1174 2484 1266 2532 καὶ
1315 2478 1364 2531 ἐν
1408 2487 1470 2553 τῇ
1520 2479 1848 2555 παρακλήσει

227 2559 263 2630 ᾗ
315 2561 635 2635 παρεκλήθη
693 2565 778 2636 ὑφ’
827 2567 968 2640 ὑμῖν,
1011 2565 1332 2640 ἀναγγέλλων
1392 2571 1516 2641 ἡμῖν
1564 2574 1658 2628 τὴν
1707 2571 1850 2642 ὑμῶν

227 2647 586 2714 ἐπιπόθησιν,
620 2656 706 2706 τὸν
735 2655 876 2727 ὑμῶν
907 2653 1158 2731 ὀδυρμόν,
1189 2661 1276 2711 τὸν
1328 2660 1470 2731 ὑμῶν
1525 2659 1677 2723 ζῆλον
1721 2660 1847 2734 ὑπὲρ

225 2738 388 2813 igua-5.
424 2746 531 2796 Καὶ
560 2743 671 2816 μετ’
701 2743 854 2816 ὀλίγαι
875 2767 888 2780 ο
939 2745 1079 2800 Ἰδοὺ
1108 2751 1209 2824 γὰρ
1239 2749 1368 2802 αὐτὸ
1412 2757 1565 2803 τοῦτο
1611 2753 1671 2803 τὸ
1715 2752 1850 2802 κατά

228 2834 370 2884 Θεὸν
425 2831 732 2891 λυπηθῆναι
778 2837 928 2909 ὑμᾶς,
983 2843 1154 2897 πόσην
1200 2843 1585 2915 κατειργάσατο
1633 2839 1682 2894 ἒν
1728 2842 1850 2914 ὑμῖν

226 2917 491 2981 σπουδήν
518 2943 531 2955 ·
598 2921 726 2974 ἀλλὰ
776 2923 1076 2998 ἀπολογίαν,
1125 2927 1251 2981 ἀλλὰ
1295 2930 1671 3001 ἀγανάκτησιν,
1725 2928 1852 2982 ἀλλὰ

223 3009 421 3082 φόϐον,
481 3011 618 3064 ἀλλά
673 3012 1002 3085 ἐπιπόθησιν,
1059 3016 1188 3070 ἀλλά
1235 3019 1410 3086 ζῆλον,
1468 3019 1596 3072 ἀλλὰ
1641 3017 1853 3077 ἐκδίκη-

1969 1579 2137 1649 Quod
2169 1581 2586 1655 poanitentiam
2617 1587 2864 1653 agentes
2893 1583 3169 1654 oporteat
3213 1593 3418 1637 amare
3464 1579 3627 1647 ﬂere,

2037 1674 2096 1726 et
2113 1669 2365 1743 reliqua,
2388 1688 2522 1746 quae
2544 1672 2904 1747 paenitentiae
2923 1671 3168 1745 propria
3187 1675 3424 1737 sunt,ex
3447 1667 3630 1726 corde

1896 1785 1938 1842 Β
2037 1760 2324 1835 proferre.

2622 1922 2821 1992 Caput
2851 1922 2967 1978 III.

2031 2030 2113 2087 Et
2142 2031 2497 2088 recordatus
2525 2039 2610 2089 est
2640 2034 2846 2088 Petrus
2871 2029 3040 2088 verbi
3054 2032 3218 2096 Iesu,
3254 2031 3363 2102 qui
3379 2031 3624 2088 dixerat

1959 2119 2017 2176 ei
2029 2135 2052 2177 .'
2080 2121 2446 2192 Priusquam
2490 2123 2694 2192 gallus
2727 2126 2946 2191 cantet,
2985 2126 3076 2177 ter
3102 2135 3196 2177 me
3236 2120 3507 2190 negabis.
3553 2121 3625 2176 Et

1957 2225 2226 2281 egressus
2242 2212 2414 2279 foras
2433 2213 2599 2280 flevit
2620 2226 2825 2267 amare
2846 2209 3088 2273 tMatth.
3111 2226 3259 2274 τινι,
3289 2213 3476 2277 75)....
3509 2209 3624 2268 Sed

1957 2303 2062 2372 qui
2076 2302 2423 2358 consolatur
2433 2301 3049 2366 humiles,consolatus
3063 2306 3147 2358 est
3166 2315 3272 2356 nos
3289 2301 3349 2354 in
3363 2299 3622 2357 adventu

1965 2390 2098 2445 Titi.
2123 2390 2260 2446 Non
2273 2391 2465 2446 solum
2487 2396 2685 2447 autem
2707 2391 2770 2445 in
2792 2390 3057 2446 adventu
3079 2389 3337 2460 ejus.sed
3357 2391 3532 2445 etiam
3554 2390 3620 2444 in

1957 2480 2493 2551 consolationequa
2511 2479 2855 2536 consolatus
2872 2485 2956 2534 est
2969 2481 3029 2534 in
3049 2479 3504 2548 vobis,re/‘erens
3516 2490 3622 2532 no-

1957 2567 2042 2623 bis
2080 2575 2341 2626 vestrum
2380 2570 2762 2633 desiderium,
2793 2574 3054 2624 vestrum
3094 2569 3318 2637 ﬂetum,
3359 2574 3617 2622 vestram

1956 2661 2399 2717 aemulationem
2417 2675 2529 2729 pro
2549 2676 2640 2716 me
2661 2655 3420 2731 (IICor,vu,6.7).Etpaulo
3436 2660 3614 2729 post:

1955 2749 2111 2804 Ecce
2129 2750 2284 2805 enim
2312 2750 2422 2806 hoc
2441 2752 2659 2819 ipsum,
2687 2749 3015 2805 secundum
3035 2749 3223 2804 Deum
3265 2747 3624 2804 contristari

1957 2845 2373 2909 vos,quantam
2398 2840 2460 2893 in
2483 2839 2644 2895 vobis
2664 2840 2859 2910 e/fecit
2878 2837 3377 2907 sollicitudinem;
3394 2837 3496 2893 sed
3523 2837 3620 2892 de-

1955 2928 2282 2996 fensionem
2293 2929 2416 2993 ,sed
2425 2928 2894 2998 indignationem
2906 2928 3028 2994 ,sed
3045 2929 3310 2983 timorem
3322 2927 3443 2996 ,sed
3461 2926 3618 2982 desi-

1957 3016 2320 3079 derium,sed
2328 3017 2768 3072 aemulationem
2779 3017 2902 3081 ,sed
2913 3017 3262 3072 vindictam:
3273 3017 3335 3070 in
3350 3014 3619 3070 omnibus

226 3117 316 3152 σιν
343 3121 359 3134 ο
408 3099 458 3154 iv
489 3107 650 3155 παντὶ
683 3110 1037 3163 συνεστήσατε
1068 3107 1284 3170 ἑαυτοὺς
1308 3109 1494 3181 ἁγνοὺς
1523 3107 1650 3162 εἶναι
1695 3107 1743 3160 ἐν
1777 3117 1849 3180 τῷ

1969 3120 2058 3161 vos
2083 3106 2434 3161 exhibuistis
2464 3106 2969 3160 incontaminatos
3005 3119 3127 3160 esse
3149 3105 3386 3172 negotio
3421 3102 3613 3170 (ibid.,

221 3194 542 3263 πράγματι.
598 3197 891 3248 ΠΡΑΞΕΙΣ.
945 3195 1129 3249 Πολλοὶ
1175 3217 1230 3251 τε
1271 3207 1371 3250 τῶν
1431 3204 1850 3252 πεπιστευκότων

225 3281 502 3352 ἤρχοντο,
536 3279 991 3358 ἐξομολογούμενοι
1034 3290 1122 3341 καὶ
1151 3285 1547 3359 ἀναγγέλλοντες
1587 3291 1682 3350 τὰς
1709 3290 1850 3362 πρά-

227 3367 338 3431 ξεις
388 3370 585 3425 αὐτῶν.
642 3370 830 3425 Ἰκανοί
884 3393 939 3429 τε
986 3383 1088 3428 τῶν
1138 3379 1204 3428 τὰ
1251 3383 1500 3452 περίεργα
1547 3379 1849 3451 πραξάντων

228 3465 659 3536 συγ-κομίσαντες
689 3464 779 3528 τὰς
807 3461 1024 3538 βίϐλους
1047 3469 1319 3524 κατέκαιον
1347 3467 1558 3523 ἐνώπιον
1587 3469 1775 3526 αὐτῶν,

222 3638 359 3695 Ὀτι
388 3649 503 3704 τοῖς
531 3652 871 3716 μετανοοῦσιν
895 3645 988 3699 οὐκ
1029 3646 1176 3723 ἀρκεῖ
1203 3651 1328 3723 πρὸς
1359 3654 1619 3724 σωτηρίαν
1649 3651 1680 3708 ἠ
1731 3648 1850 3702 ἀνα-

304 3739 562 3808 χώρησις
610 3741 740 3806 μόνη
788 3745 885 3787 τῶν
936 3736 1345 3811 ἁμαρτημάτων,
1394 3745 1554 3815 χρεία
1585 3736 1643 3794 δι
1675 3739 1847 3805 αὐτοῖς

305 3828 404 3876 καὶ
444 3832 659 3903 καρπῶν
701 3822 856 3892 ἀξίων
885 3835 978 3889 τῆς
1006 3834 1299 3903 μετανοίας.

890 3989 1079 4061 Κεφάλ.
1132 3987 1198 4047 όν.

308 4097 684 4148 ΜΑΤΘΑΙΟΣ.
714 4090 863 4149 Ἰδὼν
896 4091 954 4148 δὲ
1000 4097 1214 4160 πολλοὺς
1255 4107 1356 4152 τῶν
1412 4103 1704 4172 Φαρισαίων
1755 4105 1845 4153 καὶ

238 4177 622 4234 Σαδδουκαίων
674 4182 986 4257 ἕρχομένους
1033 4185 1114 4239 ἐπὶ
1180 4193 1237 4241 τὸ
1322 4188 1604 4263 βάπτισμα
1663 4190 1842 4254 αὐτοῦ,

243 4267 377 4324 εἶπεν
432 4271 614 4333 αὐτοῖς
646 4293 659 4305 ·
736 4279 1033 4347 Γεννήματα
1107 4275 1353 4349 ἐχιδνῶν,
1434 4283 1514 4340 τίς
1580 4275 1844 4342 ὑπέδειξεν

242 4362 363 4432 ὑμῖν
395 4369 578 4432 φυγεῖν
609 4360 709 4414 ἀπὸ
741 4372 831 4423 τῆς
861 4363 1148 4436 μελλούσης
1178 4367 1306 4442 ὀργῆ
1318 4389 1338 4430 ς
1368 4386 1381 4432 ς
1443 4373 1704 4425 Ποιήσατε
1757 4365 1843 4420 οὖν

243 4455 478 4522 καρποὺς
511 4450 690 4514 ἀξίους
717 4462 810 4514 τῆς
839 4461 1126 4526 μετανοίας,
1179 4462 1265 4508 καὶ
1293 4463 1363 4530 μὴ
1400 4454 1587 4520 δόξητε
1613 4458 1773 4531 λέγειν
1795 4457 1842 4510 ἐν

248 4538 582 4604 ἑαυτοῖς(59)
608 4563 620 4574 ο
656 4547 862 4618 Πατέρα
891 4547 1077 4617 ἔχομεν
1107 4549 1193 4598 τὸν
1236 4544 1494 4621 Ἀϐραάμ.
1546 4551 1693 4619 Λέγω
1741 4549 1840 4622 γὰρ

246 4629 384 4699 ὑμῖν,
419 4631 494 4681 ὅτι
530 4625 752 4684 δύναται
783 4634 808 4684 ὁ
839 4637 964 4694 Θεὸς
1001 4633 1054 4686 ἔκ
1094 4642 1192 4687 τῶν
1222 4635 1376 4687 λίθων
1417 4639 1611 4690 τούτων
1651 4636 1844 4712 ἐγεῖραι

247 4720 395 4768 τέκνα
427 4728 498 4790 τῷ
533 4718 776 4794 Λϐραάμ.
811 4719 951 4780 Ἤδη
987 4719 1046 4778 δι
1075 4729 1164 4776 καὶ
1189 4727 1218 4782 ἡ
1260 4723 1406 4787 ἀξίνη
1457 4728 1582 4800 πρὸς
1627 4730 1720 4784 τὴν
1767 4726 1846 4801 ῥί-

249 4806 338 4866 ζαν
378 4816 480 4860 τῶν
507 4804 742 4882 δένδρων
781 4818 968 4868 κεῖται.
998 4819 1105 4865 Πᾶν
1136 4809 1222 4865 οὖν
1255 4810 1490 4887 δένδρον,
1541 4819 1612 4887 μὴ
1664 4823 1844 4868 ποιοῦν

245 4900 439 4972 καρπόν
463 4898 642 4966 καλὸν,
672 4897 993 4969 ἐκκόπτεται,
1021 4907 1112 4956 καὶ
1145 4903 1210 4965 εἰς
1239 4911 1342 4977 πῦρ
1386 4902 1649 4976 βάλλεται.

245 5075 359 5133 Ὀτι
413 5083 548 5154 μετὰ
591 5085 686 5140 τὴν
743 5081 966 5136 ἐντεῦθεν
1007 5081 1309 5156 ἀπαλλαγὴν
1363 5083 1458 5138 οὐκ
1507 5087 1622 5139 ἔστι
1667 5089 1850 5160 καιρὸς

313 5175 757 5249 κατορθωμάτων,
843 5181 934 5228 τοῦ
1014 5181 1147 5228 Θεοῦ
1231 5177 1317 5228 τὸν
1385 5180 1616 5251 παρόντα
1668 5181 1848 5254 καιρὸν

1961 3199 2068 3268 11).
2090 3195 2387 3265 Multique
2404 3195 2773 3251 credentium
2803 3193 3141 3256 veniebant,
3177 3195 3521 3259 Conﬁtentes
3559 3195 3617 3246 et

1957 3290 2393 3341 annuntiantes
2413 3290 2585 3340 actus
2605 3299 2760 3339 suos.
2784 3283 2968 3340 Multi
2987 3284 3165 3338 etiam
3188 3295 3264 3338 ea:
3287 3281 3502 3354 eis,qui
3518 3294 3616 3336 cu-

1958 3376 2546 3437 riosaerercuerant,
2580 3375 2805 3430 allatas
2834 3374 3014 3430 libros
3044 3370 3492 3430 combusserunt
3519 3386 3615 3427 co-

1957 3480 2087 3524 ram
2119 3467 2264 3536 ipsis
2293 3467 2452 3527 (Act.
2483 3481 2592 3531 XIX,
2622 3470 2706 3535 18,
2744 3465 2852 3532 19).

1958 3643 2130 3714 Quod
2160 3643 2307 3698 illud
2336 3658 2458 3701 non
2490 3643 2633 3698 satis
2656 3642 2730 3701 sit
2751 3642 3200 3716 pmnitentibus,
3258 3641 3308 3696 si
3356 3645 3591 3697 tantum

2029 3733 2212 3788 modo
2244 3733 2599 3791 recesserint
2623 3749 2660 3789 ει
2699 3733 2984 3804 peccatis,
3017 3731 3121 3786 sed
3161 3730 3246 3785 eis
3275 3745 3430 3802 opus
3459 3745 3612 3798 esse,

2027 3829 2090 3880 ut
2119 3822 2347 3882 fructus
2375 3823 2736 3896 poenitentia!
2759 3822 2977 3890 dignos
3008 3820 3218 3877 ferant.

2617 3983 2816 4054 Caput
2848 3984 2954 4039 IV.

2031 4094 2238 4150 Videns
2255 4099 2453 4150 autem
2477 4094 2695 4148 multos
2714 4093 3160 4149 Pharisaeorum
3177 4097 3229 4148 et
3250 4090 3610 4147 Sadducaeo-

1954 4200 2089 4240 rum
2113 4185 2408 4240 venientes
2429 4184 2510 4239 ad
2527 4183 2885 4252 baptismum
2907 4181 3260 4252 suum,d.xit
3276 4181 3380 4236 eis:
3399 4183 3617 4251 Proge-

1953 4275 2079 4330 nies
2099 4275 2469 4342 viperarum,
2495 4273 2620 4342 quis
2642 4271 3075 4328 demonstravit
3117 4269 3278 4325 vobis
3316 4269 3534 4340 fugere
3576 4284 3615 4326 a

1953 4369 2206 4419 ventura
2231 4362 2369 4416 ira?
2410 4361 2616 4417 Facite
2655 4376 2794 4429 ergo
2819 4361 3061 4430 fructus
3090 4359 3303 4429 dignos
3320 4360 3612 4429 poeniten-

1953 4455 2082 4508 tiae:
2102 4458 2156 4507 et
2181 4467 2252 4505 ne
2271 4451 2430 4506 robis
2455 4451 2634 4506 libeat
2648 4451 2845 4506 dicere
2861 4453 3026 4505 intra
3045 4465 3144 4506 vos
3160 4452 3347 4518 ipsos:
3371 4449 3612 4506 Patrem

1953 4540 2234 4596 habemus
2257 4542 2298 4594 Α
2315 4539 2589 4595 braham.
2611 4540 2751 4594 Dico
2771 4540 2927 4595 enim
2948 4539 3297 4609 vobis,quod
3307 4544 3516 4608 potens
3530 4543 3615 4594 est

1951 4631 2110 4687 Deus
2129 4629 2201 4686 de
2222 4629 2522 4698 lapidibus
2537 4635 2661 4685 istis
2678 4631 2972 4685 suscitare
2980 4629 3024 4698 ﬁ
3032 4629 3140 4684 tios
3157 4629 3204 4683 Α
3217 4627 3444 4684 bra/zz.
3475 4628 3610 4682 Jam

1952 4721 2105 4777 enim
2129 4726 2182 4776 et
2204 4721 2426 4775 securis
2447 4719 2529 4774 ad
2549 4718 2811 4775 radicem
2825 4719 3110 4775 arborum
3127 4719 3324 4788 posita
3347 4722 3451 4772 est.
3482 4715 3612 4771 0m-

1953 4811 2047 4864 nis
2068 4825 2208 4880 ergo
2229 4809 2568 4881 arbor,qu:e
2592 4825 2706 4864 non
2725 4810 2880 4878 facit
2899 4809 3168 4879 fructum
3195 4809 3433 4872 bonum,
3456 4804 3612 4861 exci-

1955 4899 2142 4973 ditur,
2179 4905 2234 4957 et
2263 4900 2326 4955 in
2349 4901 2546 4971 ignem
2568 4899 3087 4966 mittitur(Matt/t.
3114 4912 3194 4966 ιιι,
3223 4899 3308 4951 7-1
3327 4895 3392 4962 1).

1958 5079 2127 5146 Quod
2149 5083 2285 5153 post
2304 5078 2639 5136 discessum
2665 5093 2737 5134 ex
2755 5077 2870 5134 hac
2913 5075 3036 5131 vita
3059 5087 3182 5134 non
3231 5073 3319 5127 est
3366 5070 3610 5144 tempus

2026 5184 2185 5239 recte
2220 5177 2553 5238 factorum:
2597 5170 3097 5252 quandoquidem
3144 5171 3302 5227 Deus
3339 5180 3606 5244 praesens

302 5515 411 5590 (59)
437 5519 613 5576 Hunc
636 5515 842 5574 locum
881 5515 964 5574 ita
994 5516 1419 5592 interpretatur
1440 5518 1760 5576 Erasmus:
1805 5519 1887 5578 Et
1914 5532 1988 5576 ne
2009 5518 2140 5575 sitis
2171 5518 2286 5576 hac
2315 5520 2527 5587 mente,
2555 5520 2623 5572 ut
2653 5513 2870 5574 dicatis
2897 5514 3064 5578 intra
3116 5531 3215 5587 vos
3246 5517 3425 5592 ipsos,
3484 5522 3600 5587 etc.

240 5607 322 5666 Ad
348 5607 637 5667 verbum.
659 5607 755 5666 Ne
779 5606 1106 5667 videamini
1119 5609 1339 5678 dicere,
1371 5611 1483 5668 etc.
