4100 6196
510 287 618 341 703

1901 285 1958 338 S.
1990 280 2242 338 BASI‘LII
2265 280 2483 336 MAGNI

3758 289 3887 343 704

579 411 821 481 tempus
839 409 900 466 in
924 408 1164 466 lenitate
1183 408 1510 482 impertivit
1529 408 1608 466 ad
1641 407 1920 466 iacienda.
1943 405 2169 478 ea,quiv

2346 403 2785 479 ἐπιμετρήσαντος
2814 407 2930 475 (60)
2953 406 3004 460 ἕν
3033 408 3371 483 μακροθυμίᾳ
3396 407 3463 469 εἰς
3491 407 3740 489 ἐργασίαν
3769 419 3888 464 τῶν

581 497 699 560 bus
719 500 909 572 gratia
939 499 1128 574 ipsius
1152 498 1524 564 conciliatur.

1180 649 1374 719 Caput
1438 649 1501 705 V.

595 756 761 810 Tunc
778 755 970 811 simile
990 755 1103 810 erit
1125 771 1374 827 regnum
1397 758 1682 814 caelorum
1712 757 1909 814 decem
1933 755 2172 826 virgini-

519 843 786 915 bus,quce
797 847 1149 914 accipientes
1166 847 1470 916 lampades
1483 849 1926 915 suas,ea:ierunt
1939 846 2170 902 obviam

515 948 751 1004 sponso.
782 934 1050 1006 Quinque
1073 942 1274 991 autem
1302 952 1378 993 ea:
1402 939 1481 992 eis
1505 943 1681 994 erant
1717 937 2064 1006 prudentes,
2115 940 2168 991 et

518 1023 782 1094 quinque
805 1025 1034 1092 fatuae:
1075 1041 1206 1096 qua:
1242 1027 1453 1096 fatuae,
1494 1028 1749 1096 acceptis
1790 1025 2170 1094 lampadibus

515 1113 785 1178 suis,non
805 1116 1391 1184 sumpseruntoleum
1411 1116 1586 1188 236
1599 1132 1792 1172 secum
1806 1131 1827 1170 .·
1842 1114 2170 1184 prudentes

517 1215 655 1257 vero
667 1210 1027 1271 acceperunt
1042 1206 1235 1260 oleum
1249 1207 1311 1260 in
1335 1206 1489 1261 vasis
1504 1208 1622 1260 suis
1637 1222 1764 1262 cum
1792 1203 2170 1273 lampadibus

516 1292 662 1346 suis.
694 1292 928 1348 Moram
946 1299 1143 1348 autem
1158 1295 1418 1363 faciente
1436 1309 1671 1364 sponso.
1693 1295 2169 1351 dormitaverunt

519 1393 720 1435 omnes
749 1385 803 1435 et
833 1381 1232 1438 dormierunt.
1271 1383 1474 1439 Media
1506 1390 1703 1440 autem
1730 1389 1901 1440 nocte
1942 1383 2174 1438 clamor

513 1467 712 1536 factus
735 1473 856 1524 est:
883 1470 1038 1526 Ecce
1055 1487 1306 1540 sponsus
1321 1477 1474 1530 venit
1485 1476 1662 1541 ,exite
1676 1473 1909 1528 obviam
1922 1473 1996 1528 ei.
2010 1473 2174 1526 Tunc

515 1565 912 1614 surrexerunt
932 1575 1132 1618 omnes
1151 1563 1414 1632 virgines
1428 1565 2017 1629 illunetornaverunt
2031 1564 2177 1618 lam-

514 1647 702 1716 pades
717 1663 877 1704 suas.
891 1651 1103 1708 Fatuae
1113 1659 1311 1710 autem
1327 1654 1692 1724 sapientibus
1703 1655 2016 1711 dixerunt:
2032 1657 2178 1709 Date

520 1736 689 1792 nobis
710 1739 783 1794 de
801 1741 928 1796 oleo
942 1752 1148 1810 vestro,
1171 1745 1314 1815 quia
1337 1745 1644 1814 lampades
1664 1750 1884 1800 nostra
1901 1745 2175 1813 extingu-
2206 1765 2246 1820 Β

521 1829 1200 1898 untur.Responderunt
1223 1848 1360 1888 vero
1385 1833 1736 1902 prudentes,
1759 1832 2061 1888 dicentes:
2089 1830 2179 1886 Ne

519 1913 685 1984 forte
711 1931 831 1972 non
861 1919 1127 1987 sufﬁciat
1150 1921 1316 1977 nobis
1338 1928 1392 1978 et
1416 1923 1612 1992 vobis;
1633 1924 1711 1978 ite
1729 1925 1926 1992 potius
1943 1922 2025 1976 ad
2047 1935 2178 1976 ven-

522 2003 748 2074 dentes,
775 2014 828 2062 et
853 2009 1028 2066 emite
1046 2010 1234 2066 vobis.
1257 2013 1413 2069 Dum
1435 2019 1635 2070 autem
1666 2014 1824 2069 irent
1852 2027 2062 2077 emere,
2089 2026 2181 2068 ve-

524 2094 616 2148 nit
645 2110 925 2162 sponsus:
953 2103 1007 2154 et
1022 2115 1153 2172 quae
1167 2108 1404 2169 parata
1424 2108 1620 2167 erant,
1645 2103 2025 2158 intraverunt
2045 2115 2180 2156 cum

523 2195 589 2239 eo
609 2182 692 2238 ad
711 2187 975 2255 nuptias,
999 2193 1053 2242 et
1084 2191 1291 2244 clausa
1327 2195 1413 2245 est
1447 2192 1670 2259 janua.
1711 2191 2041 2245 Novissime
2076 2204 2184 2245 au-

523 2274 638 2327 tem
658 2275 904 2330 veniunt
918 2282 972 2330 et
995 2278 1244 2348 reliquae
1275 2280 1557 2349 virgines,
1587 2279 1881 2335 dicentes:
1910 2280 2180 2349 Domine,

520 2359 794 2430 Domine,
817 2365 992 2433 aperi
1016 2365 1204 2421 nobis.
1238 2368 1316 2422 At
1340 2368 1445 2424 ille
1464 2369 1827 2437 respondens
1852 2369 1973 2424 ait.“
1989 2368 2179 2424 Amen

522 2449 656 2505 dico
688 2451 868 2518 vobis,
904 2456 1100 2510 nescio
1129 2470 1228 2511 vos
1261 2457 1506 2523 (Matt/2..
1537 2473 1668 2516 xxv.
1705 2462 1873 2527 1-13).
1926 2458 2180 2514 Conten-

522 2538 647 2596 dite
691 2541 929 2599 intrare
967 2559 1082 2615 per
1128 2553 1447 2616 angustam
1494 2552 1762 2617 portam,
1801 2549 1944 2618 quia
1981 2547 2178 2609 multi,

523 2629 658 2686 dico
684 2633 864 2700 vobis,
897 2641 1167 2706 quarent
1189 2637 1439 2706 intrare,
1471 2644 1524 2693 et
1552 2653 1671 2692 non
1694 2643 2000 2706 poterunt.
2031 2636 2178 2692 Cum

525 2725 722 2776 autem
744 2725 1080 2780 surrexerit
1086 2725 1620 2796 paterfamilias,et
1635 2727 1922 2783 clauserit
1943 2729 2180 2797 ostium,

526 2816 581 2871 et
602 2814 896 2880 caeperitis
914 2813 1070 2881 foris
1094 2820 1338 2879 stare,et
1357 2818 1608 2885 pulsare
1625 2822 1858 2882 ostium,
1889 2817 2178 2874 dicentes:

527 2899 800 2969 Domine,
822 2902 1091 2970 Domine,
1119 2906 1294 2974 aperi
1311 2906 1478 2961 nobis
1503 2923 1516 2960 :
1569 2912 1625 2962 et
1651 2906 2014 2975 respondens
2033 2906 2184 2962 dicet

528 2989 722 3045 vobis:
738 2991 951 3046 Nescio
973 3008 1072 3048 vos
1093 2995 1253 3049 unde
1270 2995 1396 3049 sitis
1415 2996 1563 3062 (Luc
1590 3011 1711 3063 xm,
1745 2997 1834 3061 24,
1866 2996 1979 3061 25).
2029 2996 2184 3051 Ecce

527 3092 692 3135 nunc
719 3086 947 3150 tempus
978 3084 1364 3158 acceptabile,
1397 3099 1524 3141 ecce
1564 3101 1726 3140 nunc
1772 3085 1895 3142 dies
1928 3085 2176 3141 salutis:
2212 3118 2253 3175 ο

527 3169 754 3225 nemini
775 3171 986 3228 dantes
1024 3174 1216 3230 ullam
1247 3175 1656 3245 offensionem,
1683 3190 1758 3231 ne
1788 3176 2180 3243 vituperetur,

526 3259 1052 3325 ministerium,sed
1061 3265 1122 3318 in
1143 3264 1414 3318 omnibus
1435 3263 1776 3320 exhibentes
1796 3265 2182 3333 nosmetipsos

525 3347 681 3402 sicut
729 3349 840 3404 Dei
886 3353 1190 3408 ministros
1222 3354 1313 3423 (ΙΙ
1346 3353 1484 3410 Cor.
1531 3370 1610 3420 vx,
1653 3357 1685 3408 2
1719 3354 1796 3424 4).
1848 3355 2012 3423 Ergo
2038 3353 2182 3407 dum

529 3439 752 3581 tgmpus
809 3437 1112 3508 habemus,
1160 3457 1481 3510 operemur
1523 3442 1740 3501 bonum
1795 3457 1938 3513 erga
1984 3457 2184 3500 omnes

529 3535 544 3581 t
607 3539 642 3581 α
677 3565 690 3580 .
722 3528 935 3581 v1.10).

526 3528 690 3608 (Gal.
722 3543 801 3595 γι,
828 3528 935 3589 10).

1168 3770 1444 3827 REGULA
1483 3773 1549 3826 Il.

530 3872 706 3940 Quod
733 3873 862 3929 ﬁeri
890 3875 1118 3946 nequit,
1144 3880 1210 3930 ut
1247 3876 1296 3930 is
1325 3875 1431 3946 qui
1460 3891 1589 3931 sese
1615 3876 1798 3932 etiam
1844 3876 2101 3947 negotiis
2147 3893 2184 3934 a

761 3962 979 4039 pietate
996 3963 1202 4023 alienis
1221 3964 1542 4034 immiscet,
1569 3965 1690 4022 Deo
1710 3965 1943 4023 serviat.

1175 4127 1448 4185 CAPUT
1477 4128 1530 4185 Ι.

601 4234 786 4292 Nemo
811 4239 1006 4304 potest
1034 4234 1266 4291 duobus
1285 4235 1542 4291 dominis
1570 4236 1823 4292 servire:
1873 4240 1981 4292 aut
2019 4235 2180 4293 enim

530 4337 717 4378 unum
739 4323 873 4379 odio
906 4324 1164 4396 habebit,
1189 4330 1244 4381 et
1265 4326 1520 4382 alterum
1557 4325 1796 4394 diliget:
1843 4331 1952 4382 aut
1996 4341 2179 4381 unum

529 4411 863 4476 sustinebit,
888 4419 943 4468 et
969 4415 1230 4470 alterum
1262 4420 1617 4472 contemnet.
1637 4416 1770 4471 Non
1785 4416 2031 4485 potestis
2059 4415 2181 4472 Deo

530 4499 819 4556 servireet
835 4503 2064 4575 mammona?(Matt/im,24).Nolitejugum
2079 4505 2184 4560 du-

532 4603 664 4646 cere
682 4603 816 4644 cum
836 4589 1345 4659 inﬁdelibusouw
1359 4594 1514 4669 enim
1524 4595 1918 4663 participatio
1927 4595 2186 4663 justitia’

531 4693 665 4736 cum
687 4679 1006 4750 iniquitate
1024 4680 1052 4735 ?
1073 4686 1178 4736 aut
1200 4697 1332 4753 quae
1355 4683 1602 4738 societas
1636 4684 1760 4738 luci
1781 4683 1863 4738 ad
1881 4683 2187 4740 tenebras?

533 4781 664 4840 quae
693 4773 893 4824 autem
924 4770 1235 4825 conventio
1260 4770 1499 4826 Christo
1517 4771 1599 4826 ad
1640 4771 1882 4826 Belial?
1923 4777 2029 4827 aut
2055 4787 2187 4843 quae

527 4872 678 4931 pars
707 4858 883 4928 ﬁdeli
901 4873 1032 4914 cum
1049 4859 1319 4928 infideli?
1339 4861 1471 4932 quis
1491 4865 1689 4916 autem
1708 4875 2024 4917 consensus
2049 4865 2188 4918 tem-

532 4949 637 5020 plo
657 4949 768 5004 Dei
785 4963 918 5004 cum
942 4947 1121 5004 idolis
1141 4951 1168 5004 ?
1191 4948 1278 5020 (ΙΙ
1293 4949 1422 5004 Cor.
1451 4965 1530 5019 γι,
1559 4949 1764 5021 14-16),

538 5095 709 5161 Quod
734 5099 971 5168 oportet
991 5111 1125 5151 eum
1155 5094 1260 5168 qui
1297 5093 1621 5164 Evangelia
1657 5093 1882 5164 obedit,
1928 5093 2190 5166 primum

607 5185 853 5259 purgari
877 5184 957 5242 ab
985 5185 1152 5242 omni
1179 5184 1639 5258 inquinamento
1678 5183 1877 5242 carnis
1920 5189 1978 5240 et
2020 5184 2190 5257 spiri-

613 5468 1014 5547 (60i‘Utraque
1041 5471 1222 5528 editio
1245 5475 1424 5547 καιρὸν
1454 5470 1879 5547 ἐπιμερήσαντος.
1914 5467 2072 5528 Libri
2097 5483 2196 5525 ve-

541 5545 593 5596 te
601 5555 694 5616 tes
724 5539 967 5616 ἄπιμετρή
979 5561 1133 5616 σαντο
1144 5565 1181 5616 ς..

611 5613 722 5689 (61)
754 5611 1128 5683 Βεε.’ίει·ῠι13
1151 5611 1466 5690 ἀγωνίζεσθε
1505 5613 1766 5672 εἰσελθεῖν.

2345 498 2476 574 πρὸς
2499 500 2592 556 τὴν
2624 496 2782 557 αὐτοῦ
2821 497 3185 577 εὐαρέστησιν.

2939 646 3124 720 Κεφάλ.
3159 645 3212 701 ε’.

2349 761 2715 812 ΜΑΤΘΑΙΟΣ.
2772 759 2898 809 Τότε
2954 755 3338 827 ὁμοιωθήσεται
3401 756 3431 812 ἠ
3489 753 3738 826 βασιλεία
3773 761 3893 805 τῶν

2278 848 2505 919 οὐρανῶν
2537 841 2666 898 δέκα
2692 847 2983 919 παρθένοις,
3017 845 3218 909 αἳτινες,
3251 843 3508 896 λαϐοῦσαι
3537 846 3627 904 τὰς
3654 842 3892 915 λαμπά-

2280 931 2377 997 δας
2409 934 2597 1000 αὐτῶν,
2625 932 2834 997 ἐξῆλθον
2883 934 2952 995 εἰς
2983 933 3278 991 ἀπάντησιν
3312 941 3402 986 τοῦ
3431 937 3673 1006 νυμφίου.
3721 936 3894 985 Πέντε

2280 1020 2339 1076 δε
2364 1024 2497 1081 ἦσαν
2523 1023 2578 1085 ἐξ
2603 1023 2768 1075 αὐτῶν
2799 1028 3062 1097 φρόνιμοι,
3085 1028 3175 1075 καὶ
3212 1027 3359 1075 πέντε
3410 1027 3583 1096 μωραί
3607 1044 3620 1056 ο
3682 1023 3895 1084 αἵτινες

2278 1117 2470 1187 μωραὶ,
2498 1111 2756 1164 λαϐοῦσαι
2784 1115 2877 1174 τὰς
2900 1109 3179 1185 λαμπάδας
3210 1114 3398 1180 αὐτῶν,
3427 1111 3521 1164 οὐκ
3549 1110 3732 1164 ἔλαϐον
3763 1111 3892 1183 μεθ’

2280 1201 2470 1256 ἑαυτῶν
2501 1201 2666 1255 ἔλαιον
2698 1222 2711 1236 ο
2765 1206 2819 1255 αἰ
2850 1198 2909 1256 δὶ
2942 1207 3180 1276 φρόνιμοι
3230 1201 3407 1256 ἔλαϐον
3464 1201 3629 1254 ἔλαιον
3672 1200 3723 1253 ἐν
3767 1209 3899 1263 τοῖς

2279 1290 2512 1364 ἀγγείοις
2537 1294 2704 1344 αὐτῶν
2733 1294 2864 1365 μετὰ
2896 1293 2997 1344 τῶν
3025 1289 3313 1366 λαμπάδων
3345 1294 3532 1347 αὐτῶν.
3587 1292 3898 1367 Χρονίζον-

2279 1402 2362 1444 τος
2389 1379 2449 1434 δε
2478 1390 2569 1435 τοῦ
2599 1387 2847 1454 νυμφίου,
2875 1381 3156 1445 ἐνύσταξαν
3204 1389 3374 1435 πᾶσαι
3430 1386 3520 1434 καὶ
3568 1377 3897 1434 ἐκάθευδον.

2281 1475 2462 1534 Μέσης
2493 1468 2551 1524 δὲ
2579 1475 2760 1532 νυκτός
2785 1477 2985 1546 κραυγή
3017 1477 3219 1543 γέγονεν
3245 1493 3256 1505 ·
3290 1468 3430 1524 Ἰδοὺ
3461 1473 3486 1522 ὁ
3534 1475 3749 1544 νυμφίος
3794 1472 3898 1543 ἔρ-

2284 1581 2460 1633 χεται,
2496 1560 2769 1634 ἐξέρχεσθε
2800 1561 2866 1622 εἰς
2897 1559 3190 1619 ἀπάντησιν
3219 1561 3399 1616 αύτοῦ.
3429 1564 3556 1615 Τότε
3581 1560 3902 1634 ἠγέρθησαν

2285 1658 2455 1704 πᾶσαι
2481 1653 2536 1702 αἱ
2565 1653 2809 1724 παρθένοι
2857 1649 3064 1717 ἐκεῖναι,
3096 1655 3187 1704 καὶ
3214 1649 3515 1723 ἐκόσμησαν
3544 1651 3639 1710 re;
3665 1647 3902 1720 λαμπά-

2289 1737 2384 1802 δας
2427 1743 2615 1795 αὐτῶν.
2663 1743 2727 1795 Αἰ
2774 1737 2833 1794 δε
2876 1746 3049 1816 μωραὶ
3090 1749 3204 1803 ταῖς
3235 1744 3501 1815 φρονίμοις
3527 1735 3665 1792 εἶπον
3698 1758 3714 1772 ·
3766 1741 3904 1790 Δότε

2288 1832 2412 1902 ἡμῖν
2438 1829 2494 1882 ἐκ
2522 1836 2614 1883 τοῦ
2641 1829 2810 1882 ἐλαίου
2841 1832 3002 1903 ὑμῶν,
3032 1831 3112 1881 ὄτι
3143 1831 3197 1881 αἱ
3224 1825 3491 1902 λαμπάδες
3534 1830 3678 1900 ἡμῶν
3732 1826 3902 1880 σϐέν-

3802 1921 3902 1975 Μή

2288 2028 2412 2062 ποτε
2437 2009 2530 2060 ούκ
2555 2007 2750 2082 ἀρκέσῃ
2780 2011 2904 2081 ἡμῖν
2928 2011 3017 2062 καὶ
3043 2010 3163 2081 ύμῖν
3187 2029 3200 2042 ·
3269 2009 3547 2082 πορεύεσθε
3588 2003 3648 2059 δὶ
3689 2005 3901 2078 μᾶλλον

2288 2103 2420 2173 πρὸς
2447 2102 2563 2159 τοὺς
2591 2097 2907 2164 πωλουντας,
2949 2103 3037 2151 καὶ
3070 2097 3366 2173 ἀγοράσατε
3413 2096 3639 2156 ἑαυταῖς.
3701 2094 3904 2170 ’Λπερο

2287 1939 2483 1974 νυνται.
2528 1920 2911 1992 Ἀπεκρίθησαν
2953 1916 3011 1972 δε
3049 1921 3104 1972 αἰ
3142 1923 3402 1994 φρόνιμοι,
3441 1917 3690 1988 λέγουσαι
3725 1937 3738 1949 ·

2289 2191 2524 2260 χομένων
2557 2184 2615 2240 δε
2655 2187 2820 2240 αὐτῶν
2853 2186 3132 2262 ἀγοράσαι,
3167 2183 3315 2245 ἦλθεν
3355 2187 3381 2238 ὁ
3409 2189 3646 2258 νυμφίος,
3686 2189 3780 2236 καὶ
3845 2187 3905 2236 αἱ

2289 2279 2486 2350 ἕτοιμοι
2508 2277 2744 2335 εἰσῆλθον
2774 2276 2882 2348 μετ’
2910 2277 3071 2330 αὐτου
3097 2276 3167 2338 εἰς
3198 2279 3314 2336 τούς
3341 2279 3559 2348 γάμους,
3590 2278 3681 2326 καὶ
3720 2273 3904 2326 ἐκλεί-

2292 2370 2390 2427 σθη
2424 2370 2453 2426 ἠ
2489 2370 2639 2442 θύρα.
2671 2365 2915 2442 Ὕστερον
2940 2363 2998 2419 δε
3037 2370 3284 2438 ἔρχονται
3313 2370 3405 2418 καὶ
3447 2366 3502 2418 αἱ
3529 2363 3708 2417 λοιπαὶ
3755 2383 3905 2436 παρ-

2293 2459 2442 2524 θένοι,
2475 2455 2722 2526 λέγουσαι
2751 2477 2763 2488 ·
2827 2458 3002 2528 Κύριε,
3054 2459 3228 2529 Κύριε,
3280 2455 3481 2517 ἄνοιξον
3530 2449 3673 2525 ἡμῖν.
3718 2452 3777 2504 Ὀ
3839 2449 3904 2506 δε

2289 2546 2608 2615 ἀποκριθεὶς,
2642 2543 2813 2598 εἶπεν
2863 2545 3026 2618 Ἀμὴν
3076 2545 3204 2616 λέγω
3247 2547 3388 2618 ύμῖν,
3436 2544 3531 2597 ούκ
3556 2539 3679 2595 οἶδα
3727 2544 3898 2614 ὑμᾶς.

2292 2642 2576 2690 ΛΟΥΚΑΣ.
2621 2633 2981 2705 Ἀγωνίσασθε
3006 2634 3246 2687 εἰσελθεῖν
3272 2635 3386 2700 (6i)
3439 2629 3533 2686 διὰ
3568 2641 3665 2693 τῆς
3702 2641 3902 2693 στενῆς

2291 2725 2477 2792 πύλης,
2525 2727 2605 2777 ὅτι
2639 2724 2835 2791 πολλοὶ,
2867 2723 2997 2796 λέγω
3040 2726 3182 2796 ύμῖν,
3238 2724 3564 2784 ζητήσουσιν
3617 2721 3900 2785 εἰσελθεῖν,

2363 2819 2370 2831 .
2443 2815 2453 2829 ς
2527 2815 2539 2825 .
2640 2818 2649 2828 .
2913 2814 2924 2832 ν
3010 2812 3021 2830 .
3089 2813 3112 2830 ν
3150 2811 3167 2827 .
3263 2811 3275 2827 ,
3418 2820 3437 2830 ,
3501 2813 3512 2823 .
3603 2810 3615 2824 .
3848 2815 3860 2824 .

2291 2835 2380 2867 και
2400 2835 2494 2867 ουκ
2525 2833 2868 2887 ισχυσουσιν.
2929 2820 3006 2885 Αφ
3053 2833 3112 2866 ου
3143 2832 3203 2864 αν
3256 2814 3436 2887 εγερθη
3491 2832 3516 2863 ο
3568 2807 3903 2864 οικοδεσπο-

2290 2925 2400 2971 της,
2433 2909 2522 2956 καὶ
2553 2903 2834 2976 ἀποκλείσῃ
2867 2907 2960 2962 τὴν
2989 2904 3169 2978 θύραν,
3196 2907 3286 2954 καὶ
3311 2901 3543 2976 ἄρξησθε
3585 2900 3679 2963 ἔξω
3726 2899 3899 2953 ἐστά-

2289 3015 2394 3062 ναι,
2449 2998 2537 3046 καὶ
2589 2996 2791 3065 κρούειν
2834 2997 2928 3051 τὴν
2969 2994 3146 3066 θύραν,
3187 2991 3450 3062 λέγοντες·
3495 2992 3670 3062 Κύριε,
3706 2992 3896 3061 Κύριε,

2291 3084 2491 3146 ἄνοιξον
2545 3085 2668 3154 ἡμῖν
2702 3103 2714 3115 ο
2775 3085 2865 3133 καὶ
2910 3079 3208 3153 ἀποκριθεὶς
3261 3078 3366 3152 έρεὶ
3564 3079 3724 3150 ύμῖνο
3777 3079 3899 3130 Οὐκ

2291 3170 2415 3227 οἶδα
2444 3175 2573 3246 ὑμᾶς
2601 3173 2753 3224 πόθεν
2785 3169 2916 3226 ἐστέ.
2951 3176 3119 3223 ΠΡΟΣ
3160 3176 3308 3224 KOP.
3338 3167 3411 3242 β’.
3465 3164 3602 3222 Ἰδού
3647 3188 3736 3219 νυν
3777 3188 3902 3221 χαι-

2290 3266 2379 3336 ρὸς
2410 3257 2806 3335 εὐπρόσδεκτος,
2843 3257 2961 3312 ἰδού
2990 3280 3078 3310 νυν
3128 3260 3297 3332 ἡμέρα
3347 3261 3609 3332 σωτηρίας
3639 3277 3654 3290 ·
3715 3253 3899 3329 μηδε-

2291 3357 2410 3426 μίαν
2441 3349 2489 3403 ὶν
2519 3347 2706 3423 μηδενὶ
2738 3346 2972 3410 διδόντες
2999 3352 3287 3423 προκοπὴν,
3321 3348 3402 3399 ἶνα
3448 3351 3518 3420 μὴ
3570 3347 3800 3418 μωμηθῇ
3863 3349 3894 3404 ἡ

2294 3439 2555 3505 διακονία,
2589 3438 2693 3492 ἀλλ’
2728 3438 2778 3490 ἐν
2803 3443 2958 3490 παντὶ
2989 3445 3329 3498 συνιστῶντες
3361 3435 3592 3500 ἑαυτούς,
3646 3438 3712 3496 ὡς
3756 3443 3896 3489 Θεου

2295 3527 2532 3584 διάκονοι
2560 3535 2726 3582 ΠΡΟΣ
2754 3533 2906 3582 ΓΑΔ.
2940 3525 3078 3601 ’Ἄρα
3097 3523 3183 3578 οὖν
3211 3529 3275 3588 ὡς
3295 3528 3476 3600 καιρὸν
3501 3526 3712 3597 ἔχομεν,
3742 3523 3898 3598 ἔργα·

2295 3621 2504 3694 ζώμεθα
2530 3622 2588 3673 τό
2619 3617 2812 3691 ἀγαθόν
2842 3619 2966 3690 πρὸς
2994 3619 3208 3679 πάντας.

2950 3766 3117 3812 ΟΡΟΣ
3156 3757 3223 3813 Β’.

2289 3871 2410 3924 Ὀτι
2433 3867 2690 3923 ἀδυνατον
2719 3865 2755 3922 δ
2758 3867 3004 3920 ουλευσαι
3033 3875 3147 3937 Θεῷ
3177 3869 3267 3919 τὸν
3313 3870 3404 3918 καὶ
3449 3872 3555 3926 τοῖς
3603 3863 3894 3941 ἀλλοτρίοις

2495 3967 2587 4020 τῆς
2614 3957 2904 4021 θεοσεϐείας
2933 3955 3325 4030 ἐπιμιγνύμενον
3354 3957 3679 4031 πράγμασιν,

2877 4117 3160 4192 Κεφάλαιον
3196 4117 3262 4174 α’.

2359 4234 2726 4285 ΜΔΤΘΑΙΟΣ.
2753 4224 2943 4290 Οὐδεὶς
2965 4224 3188 4279 δύναται
3210 4222 3340 4278 δυσὶ
3353 4229 3556 4300 κυρίοις
3575 4222 3850 4298 δομλεύειν
3875 4249 3890 4262 ·

2289 4324 2319 4382 ἣ
2348 4324 2447 4395 γὰρ
2474 4326 2561 4373 τὸν
2605 4322 2691 4373 ἕνα
2733 4324 2972 4392 μισήσει,
3013 4322 3104 4370 καὶ
3147 4318 3231 4370 τὸν
3280 4318 3445 4390 ἕτερον
3499 4315 3766 4388 ἀγαπήσει
3793 4338 3809 4352 ο
3859 4320 3887 4377 ἦ

2293 4411 2400 4474 ἰνὸς
2433 4409 2713 4477 ἀνθέξεται,
2746 4412 2833 4460 καὶ
2861 4427 2952 4461 του
3000 4406 3173 4480 ἑτέρου
3216 4411 3616 4482 καταφρονήσει.
3671 4407 3750 4459 Ού
3802 4404 3896 4460 δύ-

2292 4503 2449 4554 νασθε
2471 4508 2583 4570 Θεῷ
2616 4495 2876 4552 δουλεύειν
2907 4501 2996 4549 καὶ
3027 4503 3250 4569 μαμωνᾷ
3279 4503 3446 4548 ΠΡΟΣ
3475 4503 3624 4553 ΚΟΡ.
3805 4503 3890 4556 Mi:

2293 4591 2494 4663 γίνεσθε
2525 4587 2938 4663 ἐτεροζυγουντες
2969 4584 3230 4646 ἀπίστοις.
3268 4590 3359 4647 Τίς
3405 4587 3506 4659 γὰρ
3549 4591 3756 4659 μετοχὴ
3815 4583 3896 4638 δι-

2293 4681 2544 4751 καιοσύνη
2576 4683 2666 4730 καὶ
2697 4676 2885 4749 ἀνομίᾳ
2917 4695 2931 4744 ;
2969 4676 2998 4735 ἡ
3044 4680 3120 4737 τίς
3157 4679 3400 4727 κοινωνία
3429 4679 3558 4747 φωτὶ
3587 4678 3714 4748 πρὸς
3764 4678 3893 4728 σκό-

2295 4789 2377 4832 τος
2406 4788 2420 4839 ;
2451 4774 2532 4830 τίς
2565 4764 2622 4821 δὶ
2665 4773 3001 4840 συμφώνησις
3044 4774 3256 4840 Χριστῷ
3296 4769 3422 4840 πρὸς
3478 4764 3695 4832 Βελίαλς
3727 4767 3757 4826 ἦ
3813 4771 3894 4826 τίς

2295 4862 2437 4934 μερὶς
2465 4865 2637 4928 πιστῷ
2663 4858 2791 4930 μετὰ
2822 4855 3085 4922 ἀπίστου;
3128 4860 3207 4917 τίς
3257 4851 3315 4908 δὲ
3357 4855 3742 4926 συγκατάθεσις
3785 4860 3890 4923 ναῷ

2297 4959 2428 5004 Θεου
2455 4952 2585 5022 μετά
2616 4944 2837 5001 εἰδώλων
2867 4964 2882 5015 ;

2295 5090 2416 5145 Ὀτι
2447 5095 2533 5143 τὸν
2574 5092 2943 5143 ὑπακούσαντα
2993 5090 3106 5159 (63)
3158 5097 3229 5160 τῷ
3286 5087 3580 5160 Εὐαγγελίῳ
3629 5084 3714 5140 δεῖ
3757 5095 3894 5161 πρῶ·

2370 5201 2454 5234 τον
2516 5182 2903 5255 καθαρισθῆναι
2955 5179 3056 5232 ἀπὸ
3123 5182 3312 5240 παντὸς
3376 5178 3646 5251 μολυσμου
3709 5181 3893 5254 σαρκὸς

2312 5541 2326 5557 ν
2373 5468 2484 5557 (62)
2515 5464 2711 5555 βόὶιὶο
2731 5468 2987 5537 utraque
3025 5461 3146 5539 ἐρει,
3193 5463 3306 5517 οὐχ.
3358 5464 3498 5534 Reg.
3544 5462 3753 5520 tertius
3799 5462 3899 5538 ἐρεῖ

2303 5541 2442 5612 ύμῖν,
2471 5539 2585 5592 οὐκ.

2375 5613 2492 5685 (63)
2525 5612 2664 5679 Reg.
2698 5607 2902 5664 tertius
2926 5609 3014 5661 τὸν
3038 5608 3388 5663 ὑπακούοντα.
