4100 6196
189 225 298 282 705
1704 208 1824 270 MOI

1951 213 2037 269 IA.
3434 229 3540 282 706

262 353 351 402 καὶ
381 349 692 420 πνεύματος,
723 348 808 398 ἱνα
829 346 990 405 οὕτως
1018 339 1359 418 εύπρὸδεκτος
1378 348 1451 412 τῷ
1490 348 1604 411 Θεῷ
1641 340 1789 410 γένη·
1819 383 1824 393 .

1951 355 2014 405 ιε,
2056 343 2119 395 ut
2150 340 2234 397 sic
2255 345 2536 415 acceptus
2565 341 2672 401 ﬁat
2700 343 2819 399 Deo
2851 343 2914 400 in
2963 346 3380 418 perpetrandis
3407 364 3544 406 san-

261 458 347 492 ται
371 437 421 490 ἰν
446 444 557 498 τοῖς
585 445 681 498 τῆς
707 436 1007 508 ἁγιωσύνης
1035 435 1460 509 κατορθώμασιν.

1951 428 2200 486 μίωοηὶαθ
2231 430 2538 504 operibus.

836 578 1024 651 Κεφάλ.

262 693 634 744 ΗΑΤΘΑΙΟΣ.
686 689 821 740 Οὐαὶ
851 689 992 760 ύμῖν,
1038 692 1360 761 γραμματεῖς
1397 686 1487 736 καὶ
1516 687 1792 756 Φαρισαῖοι

2564 576 2759 646 Caput
2794 577 2877 633 ΙΙ.

1983 685 2081 742 νίε
2119 685 2301 753 vobis,
2336 688 2545 743 scribas
2587 693 2640 743 et
2669 688 2969 743 Pharisaei
3011 687 3363 760 hypocrita,
3405 693 3548 764 quia

1903 774 2208 829 mundatis
2238 781 2546 831 externam
2569 777 2776 844 poculi
2803 777 3147 848 patinaeque
3177 786 3436 847 partem,
3461 784 3550 836 in-

1904 863 2192 918 trinsecus
2204 870 2400 920 autem
2411 867 2743 934 plenasunt
2759 868 2978 934 rapina
2989 874 3042 922 et
3058 868 3547 938 intemperantia.

1903 953 2211 1010 Pharisaee
2242 970 2412 1023 caece,
2435 955 2661 1010 munda
2681 957 2850 1024 prius
2881 956 3041 1026 quod
3068 963 3150 1012 est
3180 959 3345 1015 intra
3371 976 3552 1029 pocu.

1909 1042 2032 1097 lum
2063 1049 2117 1098 et
2135 1045 2432 1112 patinam,
2473 1051 2537 1099 ut
2581 1050 2637 1099 et
2679 1045 3000 1101 exteriores
3039 1047 3304 1115 ipsorum
3341 1056 3550 1118 partes

1901 1146 2076 1200 pura:
2113 1133 2266 1200 ﬁant
2317 1134 2559 1202 (Matth.
2611 1148 2773 1201 xxxii,
2829 1136 2918 1199 25,
2967 1137 3081 1204 26).
3109 1135 3230 1191 Has
3271 1153 3412 1208 ergo
3444 1139 3552 1195 ha.

1911 1219 2106 1276 bentes
2139 1221 2308 1291 237
2344 1222 2784 1291 promissiones,
2810 1223 3169 1292 charissimi,
3201 1227 3552 1282 mundemus

1909 1325 2015 1364 nos
2045 1309 2120 1364 ab
2145 1311 2309 1365 omni
2335 1311 2787 1380 inquinamento
2814 1313 3018 1366 carnis
3047 1317 3100 1368 et
3131 1315 3403 1381 spiritus,
3427 1331 3558 1385 per-

1907 1399 2167 1468 ﬁcientes
2197 1401 2730 1469 sanctiﬁcationem
2770 1401 2832 1457 in
2881 1402 3091 1458 timore
3144 1405 3249 1458 Dei
3293 1403 3384 1474 (II
3417 1405 3553 1461 Cor.

1909 1505 2008 1556 vn,
2043 1489 2089 1560 l)

196 782 498 854 ὑποκριταὶ,
531 781 608 831 ὅτι
637 777 948 850 καθαρίζετε
971 779 1028 828 τὸ
1061 775 1240 838 ἔξωθεν
1271 782 1362 826 τοῦ
1409 777 1658 847 ποτηρίου
1703 770 1793 822 καί

197 864 632 942 τῆςπαροψίδος,
686 868 874 919 ἔσωθεν
925 863 982 918 δὲ
1023 869 1275 938 γέμουσιν
1323 862 1376 926 ἐξ
1424 862 1661 936 ἁρπαγῆς
1705 864 1795 912 καὶ

199 957 454 1033 ἀκρασίας
485 958 617 1026 (64).
668 962 920 1031 Φαρισαῖε
966 955 1138 1027 τυφλὲ,
1189 955 1474 1025 καθάρισον
1504 959 1704 1026 πρῶτον
1735 952 1794 1001 τὸ

201 1047 333 1111 ὶντός
358 1055 455 1100 τού
513 1052 766 1120 ποτηρίου
813 1051 903 1098 καὶ
950 1054 1044 1106 τῆς
1089 1039 1408 1118 παροψίδος,
1457 1043 1539 1094 ἱνα
1584 1044 1798 1112 γένηται

199 1143 286 1190 καὶ
310 1142 370 1190 τὸ
404 1136 552 1198 ἐκτὸς
583 1136 751 1188 αὐτῶν
782 1137 1029 1210 καθαρόν.
1077 1141 1244 1187 ΠΡΟΣ
1277 1139 1424 1186 ΚΟΡ.
1598 1133 1800 1189 Ταύτας

201 1223 286 1279 οὖν
342 1231 556 1298 ἔχοντες
601 1230 696 1288 τὰς
747 1224 1112 1297 ἕππαγγελίας,
1173 1223 1458 1295 ἀγαπητοι,
1502 1222 1800 1295 καθαρίσω-

198 1315 535 1388 μενέαυτούς
555 1313 657 1366 ἀπὸ
709 1317 901 1374 παντὸς
947 1312 1220 1385 μολυσμοῦ
1274 1314 1463 1384 σαρκὸς
1517 1314 1607 1362 καὶ
1652 1312 1800 1360 πνεύ-

200 1423 390 1476 ματος,
416 1403 762 1463 ἐπιτελοῦντες
791 1402 1087 1474 ἁγιωσύνην
1117 1400 1164 1453 ἐν
1195 1399 1332 1473 φόϐῳ
1358 1407 1512 1453 Θεοῦ.

196 1618 318 1674 Ὀτι
344 1616 608 1673 ἀδύνατον
628 1619 872 1692 μαθητὴν
899 1623 991 1670 τοῦ
1023 1619 1218 1690 Κυρίου
1247 1615 1486 1687 γενέσθαι
1509 1616 1595 1666 τὸν
1638 1630 1800 1687 προσ-

1951 1616 2086 1679 ριιοᾶ
2107 1615 2481 1687 impossibile
2506 1621 2596 1673 est
2613 1616 2981 1689 discipulum
3008 1619 3246 1676 Domini
3263 1620 3389 1678 ﬁeri
3417 1637 3559 1678 eum

1981 1706 2085 1778 qui
2140 1721 2204 1760 re
2243 1705 2448 1778 aliqua
2499 1708 2781 1779 prmseuti
2838 1707 3114 1777 afﬁcitur,
3172 1715 3277 1768 aut
3328 1710 3558 1784 aliquid

1980 1793 2215 1861 tolerat,
2265 1793 2432 1865 quod
2482 1809 2544 1849 se
2601 1793 2693 1851 vel
2746 1794 2982 1851 modice
3034 1812 3072 1853 a
3124 1798 3228 1854 Dei
3267 1799 3560 1857 mandato

1982 1886 2211 1940 avocet.

267 1711 454 1770 παθῶς
495 1711 688 1780 ἔχοντα
723 1710 854 1781 πρὸς
897 1725 949 1759 τι
989 1686 1111 1757 τῶν-
1135 1686 1424 1778 παρόντων,
1473 1704 1502 1762 ἦ
1553 1686 1800 1772 ἀνεχόμε-
1829 1686 1875 1739 Β

266 1803 356 1851 νόν
384 1817 523 1859 τινος
550 1806 651 1851 τῶν
671 1802 762 1850 καὶ
792 1795 870 1849 ἐπ’
902 1795 1074 1868 ὀλιγον
1099 1795 1214 1866 (65)
1247 1792 1560 1866 ἀφελκόντων
1597 1789 1802 1850 ἐντολῆς

267 1893 429 1944 Θεοῦ.

848 2009 1038 2082 Κεφάλ.
1094 2008 1164 2081 γ’.

267 2104 646 2158 ΜΔΤΘΑῙΟΣ.
689 2098 748 2152 Ὀ
795 2098 948 2172 φιλῶν
995 2101 1196 2173 πατέρα
1243 2097 1274 2156 ἦ
1323 2100 1524 2170 μητερα
1556 2097 1681 2170 ὑπὲρ
1719 2095 1806 2169 ἔμε

196 2192 301 2245 οὐκ
329 2195 442 2244 ἔστι
467 2212 572 2264 μου
598 2190 759 2253 ἄξιος.
793 2193 896 2242 Καὶ
917 2190 942 2240 ὁ
969 2188 1125 2260 φιλῶν
1156 2190 1266 2240 υἱον
1308 2187 1336 2245 ἦ
1387 2188 1648 2260 θυγατέρα
1677 2187 1803 2260 ὑπὲρ

197 2281 312 2354 ἐμὲ,
355 2281 451 2335 οὐκ
475 2284 594 2334 ἔστι
623 2299 723 2353 μου
755 2278 920 2342 ἄξιος.
955 2283 1056 2331 Καὶ
1081 2277 1136 2340 ὃς
1157 2278 1215 2330 ού
1240 2275 1488 2349 λαμϐάνει
1517 2279 1604 2328 τὸν
1650 2294 1808 2328 σταυ-

195 2373 290 2444 ρὸν
352 2372 542 2434 αὐτοῦ,
604 2373 694 2440 γαὶ
736 2366 1008 2421 ἀκολουθεῖ
1058 2366 1229 2419 ὀπίσω
1280 2385 1402 2438 μου,
1443 2365 1535 2417 ούκ
1574 2367 1686 2416 ἔστι
1706 2383 1806 2437 μου

199 2459 490 2522 «Tinga...
524 2461 587 2511 Εἴ
613 2477 690 2518 τις
715 2457 844 2511 θέλει
869 2456 1038 2510 ὀπίσω
1063 2475 1164 2529 μου
1196 2453 1374 2521 ἐλθεῖν,
1417 2452 1809 2529 ἀπαρνησάσθω

202 2547 413 2615 ἑαυτὸν,
447 2553 541 2600 καὶ
583 2545 758 2622 ἀράτω
782 2550 868 2599 τὸν
900 2549 1122 2620 σταυρὸν
1149 2546 1329 2609 αὑτοῦ,
1353 2548 1442 2595 καὶ
1467 2541 1812 2595 ἀκολουθείτω

2565 2010 2763 2078 Caput
2793 2009 2909 2067 III.

1988 2097 2104 2166 Qui
2117 2102 2286 2154 amat
2299 2102 2538 2168 patrem
2565 2104 2669 2154 aut
2685 2105 2934 2156 matrem
2954 2101 3096 2170 plus
3110 2117 3289 2174 quam
3310 2121 3424 2177 me,
3441 2122 3563 2165 non

1913 2190 1996 2242 est
2022 2203 2116 2243 me
2137 2187 2370 2257 dignus.
2393 2186 2471 2242 Et
2502 2191 2606 2259 qui
2648 2195 2812 2244 amat
2847 2189 3039 2257 ﬁliam
3061 2199 3166 2246 aut
3190 2194 3386 2260 ﬁlium
3423 2198 3565 2267 plus

1915 2292 2094 2348 quam
2122 2292 2232 2340 me,
2266 2292 2386 2332 non
2408 2283 2491 2332 est
2521 2292 2611 2333 me
2643 2278 2883 2347 dignus.
2920 2280 2995 2335 Et
3042 2283 3148 2352 qui
3175 2299 3296 2339 non
3345 2289 3568 2356 accipit

1918 2380 2153 2422 crucem
2181 2380 2352 2421 suam
2378 2371 2432 2421 et
2483 2368 2757 2436 sequitur
2793 2382 2904 2438 me,
2952 2384 3073 2425 non
3116 2377 3201 2427 est
3230 2389 3324 2429 me
3346 2373 3568 2446 dignus

1921 2453 2161 2520 (Matth.
2191 2470 2242 2516 x.
2276 2458 2365 2520 37,
2389 2456 2504 2525 38).
2533 2455 2599 2510 Si
2625 2457 2757 2526 quis
2779 2457 2910 2511 vult
2936 2464 3070 2526 post
3098 2475 3191 2516 me
3218 2464 3438 2531 venire,
3467 2464 3566 2520 ab-

1921 2549 2090 2614 neget
2109 2545 2504 2613 semetipsum,
2527 2549 2582 2599 et
2607 2545 2782 2601 tollat
2803 2561 3040 2603 crucem
3061 2563 3250 2614 suam,
3288 2557 3342 2606 et
3363 2567 3568 2623 sequa-

1923 2637 2022 2688 tur
2039 2647 2149 2688 me.
2180 2633 2290 2692 Qui
2306 2634 2462 2688 enim
2483 2633 2608 2688 vult
2624 2634 2888 2690 animam
2907 2651 3077 2692 suam
3093 2639 3323 2696 salvam
3339 2641 3567 2714 facere,

1915 2721 2128 2792 perdet
2157 2735 2286 2778 eam
2305 2720 2548 2792 (Matth.
2581 2737 2699 2786 xw,
2721 2725 2813 2789 24,
2834 2727 2947 2792 25).

2543 2847 2829 2903 REGULA
2859 2848 2951 2905 IIl.

1925 2933 2099 3002 Quod
2139 2933 2403 3007 primum
2443 2938 2502 2990 et
2544 2951 2839 3004 maguum
2893 2940 3248 2997 mandatum
3279 2941 3340 2998 in
3385 2941 3579 3016 legea

277 3037 490 3105 Κυρίου
517 3030 875 3104 ἐμαρτυρήθη,
909 3026 1115 3099 ἀγαπᾷν
1144 3029 1230 3079 τὸν
1279 3030 1407 3080 Θεὸν
1457 3026 1511 3088 ἐξ
1554 3025 1675 3087 ὅλης
1725 3033 1815 3087 τῆς

1997 3023 2251 3079 Domino
2272 3021 2644 3078 declaratum
2669 3025 2746 3078 sit
2767 3024 2913 3079 illud
2937 3042 3090 3096 esse,
3117 3027 3304 3084 Deum
3328 3030 3578 3101 diligere

276 3117 549 3196 καρδίας·
609 3123 700 3171 καὶ
753 3113 992 3192 δευτέρα,
1055 3115 1262 3188 ἀγαπᾷν
1318 3119 1407 3168 τὸν
1465 3114 1688 3174 πλησίον
1752 3118 1816 3177 ὡς

1997 3128 2071 3168 ex
2095 3115 2218 3167 toto
2263 3109 2444 3166 corde
2469 3129 2480 3162 :
2509 3110 2843 3166 secundum
2874 3127 3036 3176 vero.
3064 3113 3310 3186 diligere
3339 3120 3583 3191 proxim-

203 2657 318 2711 μοι.
344 2637 449 2701 ⁸ος
466 2639 572 2712 γὰρ
598 2635 658 2689 ἀν
683 2637 799 2710 θέλῃ
833 2640 928 2696 την
955 2636 1142 2708 ψυχὴν
1181 2636 1340 2687 αύτου
1396 2641 1586 2701 σῶσαι,
1635 2631 1814 2684 ἀπολί-

208 2746 288 2782 σει
307 2729 483 2786 αὑτήν
495 2729 634 2797 (66).

879 2856 1044 2903 ΟΡΟΣ
1082 2847 1150 2907 Γ’.

203 2939 328 2995 Ὀτι
360 2946 546 3015 πρώτη
579 2943 669 2992 καὶ
696 2939 894 3013 μεγάλη
941 2938 1111 2996 ἐντολὴ
1173 2937 1222 2990 ἓν
1274 2944 1348 3008 τῷ
1385 2941 1524 3010 νόμῳ
1561 2937 1660 2988 ὑπὸ
1722 2953 1812 2988 του

281 3212 490 3266 ἔαυτόν.

865 3314 1052 3387 Κεφάλ.
1115 3313 1180 3368 α’.

282 3411 664 3465 ΜΔΤΘΑῘΟΣ.
719 3403 779 3456 Ὀ
810 3399 870 3456 δὲ
896 3403 1098 3462 Ἰησους
1127 3405 1220 3474 ἔφη
1249 3401 1390 3473 αύτῷ
1432 3423 1445 3436 ·
1507 3402 1824 3475 Ἀγαπήσεις

217 3503 414 3573 Κύριον
441 3500 534 3551 τὸν
566 3499 694 3550 Θεὸν
735 3513 830 3547 σου
857 3493 909 3556 ἐξ
937 3493 1054 3554 ὅλης
1082 3501 1176 3553 τῆς
1215 3488 1442 3567 καρδίας
1478 3512 1592 3560 σου,
1637 3499 1727 3546 καὶ
1773 3493 1825 3556 ἐξ

1998 3216 2168 3257 mum
2199 3200 2351 3256 sicut
2377 3199 2663 3272 seipsum.

2606 3307 2806 3364 Caput
2855 3308 2904 3363 Ι.

2606 3324 2692 3364 ua
2743 3324 2806 3363 ut
2855 3324 2904 3363 ι.

2006 3399 2106 3455 Ait
2130 3396 2233 3454 illi
2249 3398 2447 3454 Jesus:
2485 3324 3048 3468 DiligespDominum
3073 3401 3261 3459 Deum
3288 3410 3458 3462 tuum
3507 3422 3583 3466 ex

1934 3493 2054 3545 toto
2080 3488 2256 3544 corde
2285 3493 2405 3554 tua,
2437 3493 2493 3543 et
2509 3501 2584 3543 e1:
2608 3493 2732 3543 tota
2753 3489 2960 3544 anima
2985 3495 3111 3556 tua,
3136 3493 3188 3547 et
3213 3508 3285 3548 es:
3311 3499 3436 3550 tota
3451 3497 3585 3566 for-

219 3589 340 3650 ὅλης
356 3597 453 3648 τῆς
475 3587 663 3658 ψυχῆς
694 3603 810 3650 σου,
837 3587 926 3634 καὶ
955 3581 1000 3643 ἐς
1026 3581 1143 3642 ὅλης
1169 3590 1264 3644 τῆς
1297 3581 1487 3654 ἰσχύος
1514 3601 1628 3648 σου,
1661 3587 1751 3634 καὶ
1772 3582 1826 3644 ἐξ

222 3677 340 3738 ὅλης
366 3685 466 3739 τῆς
499 3672 735 3734 διανοίας
766 3691 882 3726 σου.
918 3671 1058 3729 Αύτη
1094 3670 1232 3724 ἐστὶν
1263 3672 1293 3728 ἠ
1333 3677 1514 3745 πρώτη
1541 3677 1630 3723 καὶ
1657 3673 1825 3743 μεγά-

221 3768 283 3826 λη
307 3765 486 3824 ἕντολὴ
519 3786 532 3799 ·
576 3760 798 3838 δευτέρα
827 3758 885 3814 δὲ
913 3763 1087 3834 ὁμοία,
1122 3760 1253 3818 αὕτη
1286 3761 1402 3825 (67)
1429 3782 1442 3794 ο
1506 3759 1828 3833 Ἀγαπήσεις

222 3861 312 3910 τὸν
349 3856 577 3913 πλησίον
609 3872 704 3906 σου
735 3855 804 3914 ὡς
834 3850 1034 3905 ἑαυτὸν.

1935 3576 2193 3633 titudine
2217 3580 2342 3644 tua,
2365 3581 2420 3632 et
2442 3591 2516 3632 ex
2537 3582 2656 3631 tota
2677 3582 2871 3633 mente
2898 3581 3030 3634 tua.
3059 3580 3186 3635 Hoc
3211 3588 3296 3637 est
3320 3585 3584 3652 primum

1935 3671 1994 3723 et
2019 3680 2305 3736 magnum
2352 3665 2737 3730 mandatum;
2764 3666 3086 3723 secundum
3135 3675 3332 3726 autem
3371 3672 3586 3740 simile,

1937 3753 2100 3810 istud
2128 3760 2210 3810 est
2236 3769 2258 3809 :
2285 3754 2508 3823 Diliges
2543 3754 2892 3822 proximum
2947 3761 3116 3812 tuum
3146 3757 3300 3813 sicut
3332 3760 3586 3830 teipsum

1936 3842 2180 3914 (Matth.
2204 3857 2344 3911 xxii,
2376 3845 2584 3908 37-39).

223 3981 341 4035 Ὀτι
369 3981 590 4051 ἔλεγχος
625 3983 718 4030 τοῦ
747 3980 819 4049 μὴ
863 3974 1067 4046 ἀγαπᾷν
1097 3977 1186 4026 τὸν
1235 3977 1386 4041 Θεὸν,
1431 3977 1521 4026 καὶ
1569 3975 1658 4026 τὸν
1702 3981 1829 4046 Χρι-

300 4074 419 4124 στὸν
446 4069 628 4134 αύτου,
660 4071 739 4133 τὸ,
773 4067 866 4127 τὰς
894 4063 1093 4125 ἐντολὰς
1121 4063 1281 4115 αύτου
1311 4067 1382 4136 μὴ
1416 4071 1589 4136 τηρεῖν
1624 4084 1636 4095 ·
1694 4061 1830 4114 ἀπὸ·

301 4155 470 4220 δειξις
495 4152 557 4208 δέ
598 4173 690 4206 του
723 4152 948 4224 ἀγαπᾷν,
997 4153 1026 4210 ἡ
1077 4157 1301 4224 τήρησις
1339 4159 1438 4202 τῶν
1489 4150 1692 4203 ἐντολῶν
1739 4169 1830 4201 του

298 4255 565 4321 Χριστου,
589 4244 636 4296 ἐν
659 4244 890 4314 ὑπομονῇ
919 4244 935 4313 ζ
945 4241 1030 4312 68)
1057 4249 1156 4293 τῶν
1184 4241 1342 4293 αύτου
1385 4241 1708 4313 παθημάτων
1746 4243 1833 4313 μέ·
1865 4277 1909 4331 D

303 4357 402 4411 χρι
437 4336 682 4388 θανάτου.

1939 3967 2110 4034 Quod
2133 3972 2562 4038 argumentum
2583 3966 2836 4040 sitquod
2850 3967 2987 4041 quis
3005 3971 3193 4026 Deum
3215 3986 3338 4028 non
3360 3971 3594 4044 diligat,

2012 4064 2070 4112 et
2093 4057 2286 4129 ipsius
2316 4057 2636 4119 Christum,
2688 4058 2738 4113 si
2770 4059 2958 4130 ipsius
2991 4059 3283 4116 mandata
3313 4077 3436 4118 non
3467 4079 3595 4120 ser-

2010 4153 2147 4202 vat:
2181 4146 2516 4203 dilectionis
2543 4153 2744 4202 autem
2794 4149 3136 4205 testiﬁcatio
3167 4156 3256 4206 est
3283 4153 3599 4209 mandato-

2013 4252 2151 4293 rum
2182 4237 2394 4293 Christi
2439 4236 2784 4292 observatio
2832 4237 2893 4292 in
2927 4238 3259 4295 tolerandis
3301 4257 3497 4314 usque
3520 4243 3600 4300 ad

2014 4332 2272 4381 mortem
2294 4323 2888 4397 afﬂictionibus,quaa
2905 4326 3064 4383 illius
3083 4343 3272 4386 causa
3293 4331 3597 4388 eveniunt.

2611 4433 2812 4503 Caput
2847 4435 2930 4489 II.

2021 4545 2137 4614 Qui
2155 4543 2330 4601 habet
2355 4541 2649 4599 mandata
2671 4557 2824 4614 mea,
2852 4549 2908 4601 et
2927 4555 3130 4604 servat
3157 4561 3248 4618 ea,
3271 4549 3378 4606 ille
3396 4555 3479 4607 est
3501 4553 3610 4623 qui

880 4436 1068 4509 Κεφάλ.

307 4556 638 4608 ΙΩΔΝΝΗΣ.
691 4547 750 4599 '0
802 4547 938 4617 ἔχων
989 4545 1079 4605 τὰς
1135 4541 1332 4603 ἐντολάς
1404 4561 1528 4615 μου,
1589 4548 1680 4597 καὶ
1746 4563 1836 4604 τη.

309 4841 426 4910 (54)
453 4835 678 4893 Vocula
705 4833 760 4898 ἕξ
782 4830 1010 4910 addicta
1037 4833 1216 4910 estmes
1232 4829 1494 4904 antiquis
1515 4828 1756 4910 duolgus
1776 4828 1842 4889 li-

249 4901 378 4972 bris.
410 4901 648 4967 ibidem
674 4910 814 4974 Reg.
849 4905 1080 4978 primus
1106 4901 1159 4965 ἐξ
1186 4901 1432 4977 ἁρπαγῆς
1471 4909 1561 4956 καὶ
1607 4902 1838 4973 ἀδικίας,

250 4999 465 5056 rapina
486 4988 542 5040 et
565 4980 904 5058 iniquitate.

313 5045 430 5126 (65)
465 5058 609 5123 Reg.
632 5045 841 5126 tertius
871 5051 960 5126 καὶ
989 5047 1106 5126 κατ’
1128 5045 1319 5126 ὀλίγον,

313 5116 426 5198 (ϐϐλ
480 5116 616 5198 Ροξῑ
669 5119 834 5198 illud,
887 5117 1125 5170 ἀπολέσει
1181 5116 1643 5198 abiciat-addita
1686 5119 1846 5175 inve-

251 5190 492 5258 niuntur
535 5195 637 5250 illa
689 5207 762 5248 ex
815 5194 977 5263 Luca
1036 5205 1110 5263 ut.
1172 5194 1232 5244 61
1277 5193 1334 5263 e_t
1379 5192 1465 5263 62,
1495 5190 1555 5244 in
1587 5190 1680 5245 his
1711 5207 1846 5263 quae

249 5256 697 5344 iamiudicavi
743 5256 1376 5344 exemp‘laribu‘shsim
1435 5257 1502 5318 δὴ
1592 5267 1682 5312 καὶ
1730 5256 1849 5314 ’ἕτε-

253 5329 352 5420 ᾖος,
380 5339 748 5420 ἀκολουθήσω,
777 5338 833 5390 et
850 5329 1079 5420 .ctgtera
1093 5331 1180 5420 'ad
1224 5329 1355 5411 illas
1402 5347 1594 5420 usque
1650 5348 1849 5420 voces,

255 5401 434 5477 tua...
459 5408 740 5477 βασιλείαν
778 5412 872 5458 τοῦ
903 5410 1056 5457 Θεοῦ.
1092 5401 1346 5477 Item__in
1396 5401 1648 5477 utroque
1699 5402 1852 5477 libro

253 5469 408 5544 less.
433 5469 495 5538 et
526 5485 667 5561 Reg.
691 5477 860 5561 tertio
881 5480 1216 5561 sequuntur
1239 5472 1340 5557 illa
1360 5489 1428 5528 ex
1457 5469 1670 5561 eodem
1701 5474 1855 5561 Luca

255 5575 363 5629 XIV,
394 5561 469 5612 26
501 5559 562 5610 et
585 5567 702 5623 sq.,
752 5552 796 5601 εἶ
837 5566 917 5608 τις
972 5548 1184 5618 ἔρχεται
1224 5548 1355 5616 πρὸς
1397 5562 1480 5616 με,
1527 5549 1586 5599 et
1641 5550 1856 5600 caetera

1949 4844 2145 4906 usque
2177 4828 2256 4890 ad
2288 4847 2466 4888 voces
2494 4827 2628 4906 has,
2659 4826 2712 4906 εἷς
2757 4826 2851 4884 ούκ
2904 4828 3438 4906 ἀποτάσσεταιᾼπᾶσι
3498 4836 3608 4891 τοῖς

1949 4900 2132 4958 ἑαυτοῦ
2162 4907 2520 4977 ὑπάρχουσιν,
2542 4904 2618 4977 λού-
2646 4900 2870 4955 δύναταί
2900 4921 3000 4977 μου
3035 4900 3158 4954 εἶναι
3188 4904 3396 4974 μαθητη
3410 4922 3449 4962 ς.

2025 4973 2427 5049 (67)_Utraque
2479 4975 2664 5028 editio
2709 4981 2765 5028 et
2818 4973 3048 5049 antiqui
3095 4973 3384 5049 t_res_liliri
3433 4974 3610 5049 ὁμοία,

1952 5025 2471 5112 alin/Secundum
2499 5051 2698 5116 autem
2719 5025 3047 5116 ﬁuadi’si
3069 5025 3474 5116 simileiistud
3504 5025 3609 5099 est:

1954 5124 2025 5174 At
2048 5125 2239 5174 textus
2270 5133 2440 5172 sacer
2472 5123 2583 5170 aut
2603 5114 2762 5186 αὐτῇ,
2792 5120 2896 5168 aut
2933 5116 3117 5186 ταύτῃ,
3150 5114 3475 5170 secundum
3508 5130 3617 5170 au-

1957 5195 2070 5246 tem
2098 5189 2300 5244 simile
2329 5189 2490 5242 huic.

2026 5264 2144 5328 (68)
2178 5261 2434 5331 Utraque
2474 5255 2654 5331 editio
2698 5262 2756 5312 et
2801 5258 2937 5331 Reg.
2987 5253 3312 5323 secundus,
3359 5263 3613 5331 Χριστοῦ,

1959 5331 2009 5382 ἐν
2036 5327 2292 5402 ὑπομονῇ.
2329 5327 2593 5402 Ᾱιίξέᾀιξο
2625 5342 2769 5402 mss.
2797 5327 3050 5402 ὑπομονὴ,
3083 5333 3266 5397 atque
3292 5327 3618 5402 tolerantia

1959 5396 2382 5471 afﬂictionum.
2429 5397 2658 5452 Ibidem
2712 5401 2850 5466 Reg.
2902 5396 3133 5468 primus
3167 5396 3398 5456 recenti
3433 5417 3620 5459 manu

1960 5481 2061 5524 τῶν
2084 5473 2210 5544 ὑπερ
2234 5471 2394 5523 αὐτοῦ
2416 5471 2761 5541 παθημάτων.
