4100 6196
534 263 637 316 707
1913 246 1972 304 S.
2011 238 2261 300 BASILII
2298 241 2516 302 MAGNI
3789 256 3899 317 708

533 384 735 453 diligit
763 394 874 438 me.
909 378 1024 449 Qui
1039 393 1159 433 non
1179 375 1381 446 diligit
1404 389 1513 445 me,
1546 385 1844 430 sermones
1864 383 2022 427 meos
2063 383 2149 424 no:

2296 375 2401 440 ρῶν
2427 370 2607 441 αὑτὰς,
2658 373 2842 435 ἐκεῖνός
2889 375 3029 429 ἐστιν
3059 377 3085 429 6
3124 376 3338 450 ὰγαπῶν
3380 398 3464 453 με.
3530 386 3573 433 Ο
3632 385 3704 455 μὴ
3766 381 3901 455 ἀγα-

530 478 729 531 servat
788 472 986 540 (Joan.
1058 484 1176 533 xxv,
1242 470 1329 526 2i.
1386 467 1496 530 2’s).
1555 463 1620 519 Si
1683 468 1985 531 pracepta
2056 473 2147 514 me

2296 466 2404 508 πῶν
2432 479 2515 532 με,
2544 467 2661 523 τοὺς
2686 462 2868 535 λόγους
2895 485 2996 538 μου
3045 467 3104 518 ού
3156 475 3323 541 τηρεῖ.
3370 467 3487 522 Ἐὰν
3551 489 3642 532 τας
3692 471 3903 534 ἐντολάς

532 562 938 629 servaveritis,
988 556 1305 614 manebitis
1357 555 1419 610 in
1469 554 1783 609 dilectione
1832 565 1984 619 mea,
2033 549 2149 604 sicu

2295 566 2395 619 μου
2416 555 2704 624 τηρήσητε,
2735 562 2928 626 μενεῖτε
2954 556 3002 608 ἐν
3053 565 3117 629 τῇ
3398 578 3521 631 μου,
3571 561 3746 622 καθὼς
3790 561 3901 633 ἐγὼ

530 660 584 710 et
615 669 718 724 ego
747 654 1043 720 pracepta
1096 648 1302 702 Patris
1353 646 1471 700 mei
1498 645 1758 710 servavi,
1791 646 1846 697 et
1877 654 2091 695 maneo
2122 638 2149 693 i:

2294 639 2386 698 τὰς
2415 637 2616 703 ἐντολὰς
2662 661 2750 694 του
2784 649 2983 720 Πατρός
3020 665 3120 718 μου
3167 652 3448 722 τετήρηκα,
3489 654 3579 701 καὶ
3625 654 3758 722 μένω
3802 651 3903 703 αύ-

532 743 660 813 ejus
690 740 1009 795 dilectione
1036 736 1231 809 (Joan.
1263 751 1359 799 xv,
1400 738 1505 799 ΛΟ).
1544 732 1683 799 Quis
1722 745 1841 787 nos
1880 727 2149 798 separaba

2293 744 2383 778 τον
2411 727 2459 781 ἐν
2488 737 2549 802 τῇ
2587 729 2783 805 ἀγάπη.
2816 740 2979 787 ΗΡΟΣ
3008 742 3165 791 PRM.
3216 741 3302 798 Τίς
3345 738 3479 811 ἡμᾶς
3520 744 3747 814 χωρίσει
3789 736 3900 792 ἀπὸ

529 846 566 889 a
597 831 896 886 charitate
925 826 1155 883 Christi
1178 828 1204 879 .9
1226 824 1540 879 tribulatio
1570 825 1598 878 Ρ
1641 835 1721 877 an
1752 820 2034 889 angustia
2055 822 2080 871 γ
2108 835 2149 872 a:

2292 822 2387 877 τῆς
2415 814 2620 887 ἀγάπης
2649 839 2739 872 του
2771 829 3005 894 Χριστου
3033 840 3045 891 ;
3090 825 3268 897 θλίψις
3300 843 3313 894 ;
3358 826 3385 884 ἧ
3431 830 3796 903 στενοχωρίας
3858 828 3895 889 ἦ

524 917 855 991 persecutio
877 920 903 970 Ρ
930 931 1010 973 an
1036 916 1229 986 fames
1262 916 1286 968 ?
1309 929 1391 970 an
1422 913 1667 969 nuditas
1686 925 1765 967 an
1793 909 2133 978 periculum

2294 899 2560 978 διωγμὸς;
2603 909 2631 967 ἦ
2664 907 2852 983 λιμός;
2904 912 2933 971 ἦ
2965 919 3263 987 γυμνότης;
3305 916 3333 974 ᾗ
3371 912 3610 978 κίνδυνος
3634 899 3675 983 ςγ
3699 916 3728 976 ἦ
3781 919 3903 991 μά-

525 1024 606 1067 αη
626 1007 863 1078 gladius
884 1007 913 1061 ?
933 1005 1097 1062 Sicut
1127 1007 1409 1073 scriptum
1452 1008 1577 1058 est:
1605 1000 1896 1069 Quoniam
1934 1002 2149 1068 propte

2291 1012 2464 1068 χαιρα
2485 1012 2498 1062 ;
2534 1000 2715 1062 Καθὼς
2736 1004 3030 1074 γέγραπται
3055 1025 3068 1038 -
3093 1003 3214 1057 Ὀτι
3240 1005 3383 1058 ἕνεκα
3406 1024 3500 1057 σου
3529 1007 3907 1079 θανατούμεθα

524 1105 582 1156 te
633 1096 1073 1163 mortiﬁcamur
1122 1100 1247 1150 tota
1272 1093 1398 1159 die;
1439 1091 1719 1147 mstimati
1769 1104 1972 1145 sumus
2026 1088 2149 1143 sicu

2290 1088 2464 1172 πᾶσαν
2489 1086 2684 1162 ἡμέραν
2711 1093 2846 1160 (69),
2880 1090 3218 1168 ἐλογίσθημεν
3261 1096 3330 1158 ὡς
3371 1094 3609 1172 πρόϐατα
3656 1103 3899 1169 σφαγῆς-

520 1202 654 1244 oves
683 1184 1011 1242 occisionis.
1029 1182 1145 1239 Sed
1161 1184 1223 1237 in
1242 1180 1334 1237 his
1352 1181 1625 1237 omnibus
1642 1192 2016 1248 superamus.
2036 1191 2146 1246 pro

2294 1171 2429 1225 Ἀλλ’
2458 1172 2506 1226 ἓν
2537 1178 2737 1240 τούτοις
2766 1186 2927 1233 πᾶσιν
2953 1184 3304 1260 ὑπερνικῶμεν
3338 1180 3430 1239 διὰ
3459 1205 3550 1238 του
3583 1182 3905 1258 ἀγαπήσαν-

514 1282 658 1347 pter
686 1290 816 1332 eum
848 1274 954 1346 qui
971 1272 1190 1329 dilexit
1235 1286 1341 1327 nos
1372 1270 1566 1340 (Rom,
1614 1285 1741 1336 vni,
1775 1269 1939 1325 35-38
1973 1266 2149 1336 ;Ps:zi

2290 1280 2376 1324 τος
2414 1264 2569 1336 ἡμᾶς,
2602 1271 2693 1320 καὶ
2718 1269 2784 1321 τά
2810 1269 2950 1334 ἑξῆς.

521 1381 678 1439 mn,
701 1368 812 1421 22v.

2947 1475 3114 1522 ΟΡΟΣ
3162 1470 3230 1527 Δ’.

2284 1545 2406 1631 ’ῼτι
2434 1556 2564 1623 τιμᾷ
2591 1558 2680 1606 καὶ
2711 1550 2925 1618 δοξάζει
2953 1561 3040 1610 τὸν
3066 1562 3194 1613 Θεὸν
3226 1562 3251 1613 ὁ
3277 1564 3336 1614 τὸ
3378 1563 3575 1639 θέλημα
3603 1566 3764 1621 αὐτου
3810 1568 3904 1646 έρ-

2357 1639 2675 1713 γαζὸμενοςο
2722 1643 2969 1719 ἀτιμάζει
3012 1644 3092 1716 δι,
3141 1650 3167 1701 ό
3210 1651 3543 1725 παραϐαίνων
3592 1657 3752 1712 αύτου
3798 1639 3903 1712 τὸν

2203 1713 2249 1769 Β
2357 1733 2531 1802 νόμον.

1034 1470 1213 1543 233
1244 1469 1524 1525 REGULA
1563 1463 1654 1522 ιν.

521 1564 688 1631 Quod
722 1565 772 1621 is
799 1563 1032 1620 honore
1058 1560 1319 1630 etgloria
1341 1556 1527 1614 afﬁcit
1551 1560 1757 1623 Deum,
1782 1556 1889 1629 qui
1909 1555 2179 1613 volunta-

587 1659 711 1710 tem
756 1652 917 1709 illius
960 1649 1178 1706 efﬁcit:
1229 1653 1287 1704 et
1329 1651 1563 1715 contra,
1626 1644 2008 1712 contumelia,
2073 1642 2179 1716 qui

586 1741 786 1813 legem
811 1741 971 1798 illius
995 1738 1201 1797 molat.

1202 1844 1401 1914 Caput
1440 1842 1489 1898 I.

584 1937 1315 2009 Egotegloriﬁcavisuper
1332 1939 1558 1991 terram
1588 1946 1769 2001 ;opus
1799 1945 2145 1987 consumma
2158 1961 2171 1971 -

516 2029 593 2097 vi,
618 2028 779 2101 quod
797 2027 1017 2084 dedisti
1040 2025 1192 2081 mihi
1220 2024 1535 2090 utfaciam
1554 2022 1755 2091 (Joan.
1784 2036 1935 2090 xvu,
1961 2025 2043 2090 4).
2074 2021 2173 2077 Sic

501 2117 715 2175 “luceat
764 2118 876 2173 lux
901 2121 1102 2173 vestra
1158 2128 1362 2169 coram
1407 2110 1767 2178 hominibus,
1813 2114 1879 2165 ut
1929 2110 2173 2166 videant

510 2222 695 2278 opera
724 2213 923 2265 vestra
967 2206 1142 2273 bona,
1182 2209 1237 2259 et
1268 2203 1610 2274 gloriﬁcent
1644 2202 1886 2258 Patrem
1910 2208 2171 2257 vestrum

512 2300 617 2368 qui
643 2297 708 2351 in
737 2296 894 2351 cwlis
927 2300 1014 2351 est
1075 2292 1306 2354 (Matth.
1360 2307 1419 2357 v,
1484 2291 1589 2361 i6).
1621 2290 1695 2346 Ut
1718 2291 1850 2346 sitis
1870 2290 2093 2345 sinceri
2116 2295 2169 2346 et

507 2390 639 2445 sine
657 2386 887 2456 offensa
917 2385 986 2441 in
1015 2382 1171 2440 diem
1195 2381 1439 2449 Christi,
1468 2381 1682 2450 repleti
1707 2380 2012 2449 fructibus
2030 2381 2170 2450 jus-

509 2474 676 2539 titiw,
710 2474 818 2546 qui
836 2475 973 2529 sunt
989 2487 1103 2542 per
1129 2472 1332 2528 Jesum
1359 2470 1693 2534 Christum,
1715 2469 1779 2524 in
1809 2469 2072 2538 gloriam
2113 2472 2171 2525 et

508 2562 749 2621 laudem
777 2563 892 2619 Dei
918 2562 1217 2630 (Philipp.
1252 2577 1290 2628 ι,
1335 2563 1420 2624 10,
1453 2560 1562 2628 li).
1587 2558 1703 2626 Qui
1722 2559 1788 2613 in
1806 2558 1933 2629 lege
1976 2558 2168 2628 glori-

504 2652 660 2722 aris,
686 2666 801 2721 per
823 2648 1393 2721 praevaricationem
1440 2648 1587 2718 legis
1613 2647 1805 2703 Deum
1844 2646 2165 2704 inhonorus

2942 1846 3129 1919 Κεφάλ.
3160 1847 3228 1905 α’.

2353 1930 2673 2020 ξΩΛΝΝΠΣ.
2702 1932 2835 2020 ’ᾲΕγὼ
2866 1953 2923 1986 σε
2949 1932 3178 1999 ἐδόξασα
3204 1938 3287 1991 ἐπὶ
3306 1947 3401 2002 τῆς
3426 1949 3526 2012 γῆς
3551 1962 3568 1977 ·
3625 1940 3685 1996 τό
3733 1947 3898 2020 ἔργον

2280 2013 2569 2084 ἑτελείωσα,
2624 2022 2650 2073 ὃ
2695 2018 2930 2085 δέδωκάς
2957 2044 3046 2097 μοι
3094 2026 3179 2081 ἵνα
3223 2036 3452 2089 ποιήσω.
3510 2013 3895 2097 ΜΑΤΘΑῘΘΣ.

2282 2105 2467 2199 οὕτως
2484 2106 2743 2199 λαμψάτω
2778 2115 2841 2165 τὸ
2871 2122 2972 2187 φῶς
3013 2117 3156 2189 ὑμῶν
3202 2120 3490 2195 ἔμπροσθεν
3528 2131 3630 2177 τῶν
3675 2122 3897 2199 ἀνθρὼ-

2280 2214 2412 2258 πων,
2441 2195 2789 2259 ὅπωςίδωσιν
2818 2204 2959 2275 ὑμῶν
2989 2208 3055 2257 τὰ
3091 2207 3226 2259 καλὰ
3272 2210 3415 2283 ξογα,
3458 2216 3550 2264 καῖ
3605 2195 3897 2276 δοξάσωσι

2279 2285 2368 2336 τὸν
2398 2291 2605 2361 Πατέρα
2627 2290 2769 2362 ὑμῶν
2796 2294 2885 2344 τόν
2909 2291 2958 2344 ἄν
2988 2301 3095 2355 τοῖς
3122 2296 3377 2370 οὐρανοῖς.
3431 2306 3600 2353 ΠΡΟΣ
3662 2307 3888 2361 ΦΙΛῙΠ.

2277 2370 2389 2427 Ἵνα
2417 2371 2824 2467 ἦτελείλικρινεῖς
2849 2386 2939 2434 καὶ
2968 2381 3297 2459 ἀπρόσκοποι
3345 2388 3415 2450 εἰς
3469 2390 3667 2462 ἡμέραν
3712 2399 3891 2467 Χρισ-

2277 2470 2392 2529 τοῦ,
2417 2463 2807 2540 πεπληρωμένοι
2835 2481 3048 2545 καρπῶν
3082 2470 3432 2539 δικαιοσύνης
3474 2486 3576 2531 τῶν
3623 2477 3721 2533 διὰ
3761 2463 3890 2541 ἶ1η-

2279 2558 2375 2605 σοῦ
2405 2560 2662 2627 Χριστοῦ,
2696 2557 2769 2621 εἰς
2799 2555 2959 2622 δόξαν
2985 2567 3076 2615 καὶ
3100 2565 3304 2618 ἔπαινον
3330 2573 3485 2623 Θεοῦ.
3516 2574 3685 2622 ΠΡΟΣ
3710 2576 3883 2630 ΡΩΜ.

2222 2696 2231 2703 η
2273 2639 2367 2734 Ὣς
2404 2641 2453 2695 ίν
2475 2647 2617 2717 νόμῳ
2645 2654 2943 2719 καυχᾶσαι,
2977 2647 3073 2706 διὰ
3095 2660 3192 2716 τῆς
3217 2653 3561 2729 παραϐάσεως
3591 2665 3686 2712 τοῦ
3710 2664 3883 2734 νόμον

503 2739 701 2796 (Rom.
734 2756 792 2802 ιι,
816 2740 931 2810 23).

1141 2844 1421 2900 REGULA
1446 2843 1516 2898 V.

498 2931 673 2999 Quod
696 2929 1033 3004 oportetab
1091 2931 1259 2987 omni
1302 2931 1443 2987 odio
1491 2945 1635 3001 erga
1685 2946 1899 2989 omnes
1932 2948 2155 3006 purum

1587 3036 1699 3094 pro
1746 3037 1957 3080 δωιοιε
2012 3040 2152 3080 vero

567 3037 723 3088 esse,
778 3027 837 3078 et
881 3020 1161 3078 inimicos
1221 3020 1514 3091 diligere:

566 3112 837 3168 animam
880 3126 1130 3183 ponere,
1166 3109 1270 3167 ubi
1325 3111 1659 3167 necessitas
1691 3111 1920 3168 vocarit
1946 3129 1958 3180 ;
1982 3118 2041 3168 et
2065 3117 2152 3170 ta.-

561 3198 683 3257 lem
738 3199 961 3256 hahere
1008 3198 1411 3267 dilectionem,
1456 3199 1704 3273 qualem
1754 3199 1968 3258 habuit
2009 3216 2155 3272 erga.

564 3302 679 3345 nos
708 3291 885 3356 Deus,
917 3293 974 3345 et
1002 3287 1269 3343 Christus
1298 3286 1517 3359 ipsius.

2271 2733 2358 2783 τὸν
2389 2735 2518 2785 Θεὸν
2556 2733 2850 2809 ἀτιμάζεις.

2927 2853 3093 2901 οιιοΣ
3132 2846 3206 2906 E'.

2266 2924 2390 2979 Ὀτι
2413 2923 2514 2998 δεῖ,
2545 2934 2739 2994 παντὸς
2760 2937 2947 3006 μίσους
2974 2940 3106 3011 πρὸς
3127 2940 3321 3002 πάντας
3348 2943 3700 3017 καθαρεύοντα
3725 2945 3875 3018 (70),

2338 3023 2428 3071 καὶ
2462 3024 2578 3081 τοὺς
2607 3019 2835 3097 ίχθροὺς
2863 3022 3072 3096 ἀγαπᾷν
3104 3047 3118 3063 ο
3163 3029 3290 3103 ὑπὲρ
3339 3027 3399 3085 δι
3427 3040 3527 3085 τῶν
3574 3033 3733 3106 φίλων
3771 3040 3875 3095 τήν

2336 3106 2523 3195 ψυχὴν
2560 3113 2775 3180 τιθέναι,
2803 3115 2924 3166 ὅταν
2971 3119 3133 3189 χρεία
3177 3118 3331 3192 καλῇ,
3376 3124 3621 3181 τοιαύτην
3669 3125 3877 3195 ἔχοντα

2336 3194 2565 3290 ἀγάπην,
2598 3201 2710 3253 οἷαν
2739 3204 2871 3275 ἔσχε
2892 3207 3024 3278 πρὸς
3052 3206 3187 3278 ἡμᾶς
3212 3209 3239 3260 ό
3271 3211 3419 3277 Θεὸς,
3439 3215 3527 3265 καὶ
3554 3212 3581 3265 ὁ
3629 3217 3875 3290 Χριστός

2333 3305 2513 3345 αυτου,

2900 3401 3091 3474 Κεφάλ.
3152 3402 3217 3460 α’.

2329 3496 2696 3584 ΜΔΤΘᾼῙΟΣ.
2791 3496 3098 3568 Ἠκούσατε,
3174 3502 3257 3580 ὅτι
3329 3500 3509 3579 ὶρῥέθη
3583 3514 3691 3570 τοῖς
3770 3506 3868 3584 ἀρ.

2257 3586 2435 3652 χαίοις
2466 3602 2480 3616 ο
2559 3583 2880 3656 Ἀγαπήσεις
2949 3590 3037 3641 τὸν
3093 3588 3316 3648 πλησίον
3369 3611 3487 3661 σου,
3538 3600 3629 3649 καὶ
3683 3583 3865 3670 μιση-

2262 3689 2371 3733 σεις
2420 3674 2507 3724 τὸν
2558 3671 2752 3749 ἐχθρὸν
2810 3693 2927 3732 σου.
2984 3676 3116 3749 Ἐγὼ
3170 3675 3230 3732 δε
3283 3679 3414 3753 λέγω
3470 3684 3634 3757 ύμῖνο
3687 3687 3865 3759 Ἀγα-

2256 3766 2388 3814 ποὶτε
2436 3765 2557 3825 τοὺς
2610 3761 2833 3838 ἐχθρούς
2885 3766 3027 3838 ὑμῶν
3060 3787 3076 3803 ·
3131 3773 3231 3821 Καὶ
3287 3769 3400 3842 μετ’
3450 3770 3638 3845 ὀλίγα·
3701 3774 3861 3831 Ἐσε-

2258 3850 2350 3902 σθε
2400 3847 2488 3903 οὖν
2545 3851 2691 3923 ὑμεῖς
2746 3852 2947 3926 τέλειοι,
3008 3857 3182 3931 ὥσπερ
3256 3859 3284 3910 6
3349 3865 3531 3937 Πατὴρ
3606 3864 3752 3937 ὑμῶν
3826 3868 3859 3920 6

2255 3938 2493 4031 οὐράνιος
2567 3940 2752 4002 τέλειός
2825 3941 2986 3999 ἐστιν.
3083 3950 3398 4005 ΙΩΑΝΝΗΣ.
3487 3951 3663 4014 Οὕτως
3744 3957 3855 4031 γὰρ

2253 4028 2526 4099 ἠγάπησεν
2599 4031 2625 4082 6
2710 4034 2834 4092 Θεὸς
2906 4036 2991 4085 τὸν
3084 4039 3301 4110 κόσμον,
3373 4040 3509 4093 ὥστε
3580 4043 3667 4094 τὸν
3729 4028 3854 4098 Υὶὸν

2251 4118 2412 4170 αὑτοῦ
2493 4122 2580 4171 τὸν
2659 4128 2906 4192 μονογενῆ
2994 4117 3183 4176 ἔδωκεν
3262 4128 3393 4200 (71).
3486 4130 3628 4190 Αὕτη
3681 4130 3853 4188 .ἔστὶν

1162 3395 1363 3463 Caput
1413 3394 1477 3452 V.

559 3479 855 3549 Audistis,
926 3479 1088 3553 quod
1131 3481 1362 3538 dictum
1409 3486 1495 3538 est
1537 3482 1846 3554 antiquis:
1917 3483 2151 3555 Diliges

484 3572 833 3640 proximum
864 3576 1055 3639 tuum,
1097 3576 1151 3627 et
1179 3570 1313 3627 odio
1345 3570 1589 3628 habebis
1620 3573 1930 3629 inimicum
1957 3580 2148 3631 tuum.

484 3660 615 3731 Ego
645 3665 846 3718 autem
884 3659 1017 3716 dico
1055 3658 1259 3718 vobis:
1296 3660 1546 3732 Diligite
1599 3662 1871 3719 inimicos
1925 3669 2150 3720 vestros

485 3750 732 3839 (Matth.
793 3765 851 3819 ν,
909 3748 1175 3839 43,744).
1239 3750 1317 3839 Et,
1351 3749 1536 3822 paulo
1596 3750 1899 3808 inferius:
1953 3754 2150 3809 Eritis

483 3838 621 3909 ergo
651 3853 750 3894 vos
781 3838 1058 3907 perfecti,
1098 3839 1254 3893 sicut
1296 3838 1485 3895 Pater
1511 3846 1706 3898 vester
1733 3842 1979 3898 cielestis
2001 3857 2147 3910 per-

478 3928 675 3997 fectus
724 3932 809 3982 est
863 3926 1033 3996 (ibid.
1092 3928 1186 3995 49)
1388 3927 1489 3985 Sic
1541 3932 1697 3986 enim
1740 3931 1887 3987 Deus
1931 3932 2146 3988 dilexit

480 4015 796 4084 mundum,
854 4020 922 4070 ut
990 4013 1221 4071 Filium
1287 4030 1460 4073 suum
1528 4020 1905 4088 unigenitum
1970 4022 2146 4079 daret

479 4103 681 4178 (Joan.
719 4121 805 4177 ιιι,
844 4108 932 4163 16)
1206 4104 1337 4161 Hoc
1388 4112 1475 4161 est
1518 4115 1889 4177 praeceptum
1922 4126 2138 4181 meum,

478 4202 546 4252 ut
591 4196 864 4268 diligatis
913 4194 1187 4261 invicem,
1228 4197 1384 4251 sicut
1423 4195 1618 4252 dilexi
1671 4212 1792 4253 vos.
1847 4198 2138 4271 Majorem

2269 4210 2279 4265 ι
2352 4206 2525 4266 ἔντολή
2614 4209 2643 4267 ἠ
2731 4207 2848 4281 ἐμὴ,
2920 4210 3003 4263 ἵνα
3059 4212 3291 4285 ἀγαπᾶτε
3343 4215 3612 4285 ἀλλήλους,
3673 4224 3855 4287 καθὼς

479 4284 639 4341 hanc
684 4286 1044 4342 charitatem
1088 4299 1260 4341 nemo
1317 4284 1515 4353 habet,
1566 4300 1744 4357 quam
1781 4296 1847 4343 ut
1870 4291 2137 4348 animam

2270 4300 2346 4367 γὼ
2398 4297 2658 4367 ἠγάπησα
2710 4299 2860 4370 ὑμᾶς.
2917 4302 3145 4362 Μείζονα
3190 4307 3383 4367 ταύτης
3460 4306 3669 4380 ἀγάπην
3750 4313 3851 4365 οὔ..

474 4388 648 4431 suam
694 4380 887 4443 ponat
951 4388 1086 4446 quis
1147 4389 1264 4444 pro
1332 4375 1538 4431 amicis
1602 4378 1724 4432 suis
1791 4379 1992 4439 (Joan.
2032 4397 2131 4450 xv,

2269 4381 2355 4447 isi;
2402 4387 2536 4457 ἔχει,
2621 4388 2704 4440 ἶνα
2761 4407 2838 4449 τις
2914 4393 3009 4448 τὴν
3074 4391 3269 4465 ψωχὴν
3349 4396 3509 4449 αὐτοῦ
3573 4400 3634 4470 θῇ
3713 4401 3848 4475 ὑπερ

480 4468 567 4531 12,
618 4463 730 4533 13.)
948 4464 1029 4518 Et
1073 4464 1239 4520 eritis
1289 4464 1411 4532 ﬁlii
1445 4465 1764 4535 Altissimi,
1814 4470 1959 4539 quia
2009 4471 2132 4538 ipse

473 4550 765 4622 benignus
786 4556 870 4608 est
904 4566 1089 4621 super
1118 4554 1394 4625 ingratos
1420 4560 1474 4613 et
1511 4556 1727 4613 malos.
1755 4557 1964 4617 Estote
1992 4574 2129 4632 ergo

471 4640 909 4707 misericordes,
941 4641 1097 4697 sicut
1134 4647 1191 4697 et
1236 4643 1429 4699 Pater
1456 4651 1649 4700 vester
1675 4647 2011 4704 misericors
2041 4655 2127 4705 est

470 4730 639 4799 (Luc.
670 4745 746 4797 γι,
779 4732 869 4792 35)
911 4772 924 4786 .
947 4772 960 4786 .
982 4769 996 4784 .
1019 4772 1031 4785 .
1055 4770 1068 4784 .
1105 4729 1499 4787 Commendat
1536 4738 1738 4789 autem
1767 4735 2125 4794 charitatem

470 4834 643 4878 suam
672 4818 829 4874 Deus
868 4818 931 4874 in
979 4816 1185 4873 nobis:
1228 4817 1388 4889 quod
1434 4831 1570 4875 cum
1619 4820 1822 4878 adhuc
1850 4824 2125 4891 peccato-

467 4922 565 4968 res
619 4922 897 4975 essemus,
964 4905 1243 4964 Christus
1292 4921 1406 4976 pro
1475 4908 1645 4965 nobis
1711 4917 1981 4971 mortuus
2036 4922 2125 4973 est

471 4999 663 5070 (Rom.
715 4984 890 5067 v,'8)
1180 4995 1389 5053 Estote
1431 5011 1574 5068 ergo
1634 4999 1963 5059 imitatores
2012 5005 2125 5063 Dei

467 5089 625 5145 sicut
658 5087 777 5156 ﬁlii
805 5086 1152 5143 charissimi
1172 5101 1186 5141 :
1236 5090 1292 5143 et
1331 5085 1638 5146 ambulate
1679 5091 1743 5145 in
1773 5091 2117 5167 dilectione,

465 5178 622 5234 sicut
667 5182 725 5235 et
774 5176 1050 5235 Christus
1086 5176 1303 5236 dilexit
1345 5192 1474 5252 nos,
1513 5185 1570 5237 et
1623 5181 1877 5241 tradidit
1916 5192 2117 5245 semet-

534 5380 651 5519 569)
677 5378 817 5449 Reg.
850 5376 1060 5437 tertius
1092 5378 1214 5441 ὅλην
1243 5379 1337 5441 τὴν
1368 5380 1584 5457 ἡμέραν.

563 5451 1093 5519 70)Regiiprim-is
1136 5459 1195 5510 et
1242 5455 1450 5512 tertius
1501 5460 1584 5510 xui

563 5452 1093 5533 Ἰφκρςὶίρτίωιιε
1136 5459 1195 5510 et
1242 5452 1972 5533 ἱστίων]καθαρεύοντας....
2027 5467 2119 5517 καὶ

463 5518 559 5582 τὴν
588 5518 842 5593 ψυχὴν...
864 5518 1113 5594 ’ἔχοντας.

2240 4481 2341 4527 τῶν
2394 4473 2551 4546 φίλων
2598 4474 2779 4530 αὐτοῦ.
2841 4483 3125 4536 ΛΟΥΚΑΣ.
3209 4487 3309 4535 Καὶ
3352 4484 3533 4539 ἔσεσθε
3585 4488 3692 4540 υἱοὶ
3749 4473 3847 4543 τοῦ

2235 4562 2508 4634 Ὑψίστου,
2578 4565 2658 4616 ὅτι
2709 4564 2873 4628 αὐτὸς
2922 4573 3165 4642 χρηστὸς
3212 4569 3354 4625 ἐστιν
3408 4571 3491 4627 ἐπὶ
3531 4579 3652 4638 τοὺς
3703 4575 3848 4649 ἀχα.

2234 4656 2450 4725 ρίστους
2525 4658 2616 4706 καὶ
2684 4658 2957 4729 πονηρούς.
3042 4661 3253 4713 Γίνεσθε
3327 4657 3416 4714 οὖν
3489 4662 3837 4740 οἰκτίρμονες,

2233 4743 2401 4803 καθὼς
2467 4747 2557 4795 καὶ
2626 4744 2653 4795 6
2729 4748 2910 4819 Πατὴρ
2964 4746 3108 4820 ὑμῶν
3161 4748 3445 4824 οἰκτίρμων
3491 4750 3606 4807 ἔστί
3664 4762 3837 4811 ΠΡΟΣ

2232 4839 2391 4886 ΡΩΜ.
2450 4837 2735 4893 Συνίστησι
2804 4832 2865 4888 δι
2928 4840 3023 4896 τὴν
3093 4838 3276 4893 ἑαυτοῦ
3345 4838 3555 4914 ἀγάπην
3619 4844 3648 4897 ὄ
3703 4852 3835 4911 Θεὸς

2232 4920 2303 4984 εἰς
2360 4923 2517 4995 ἡμᾶς,
2570 4924 2667 4990 ὅτι,
2713 4926 2789 4976 ἔτι
2836 4923 3154 4998 ἁμαρτωλῶν
3232 4929 3379 5001 ἡμῶν
3454 4935 3632 5001 ὄντων,
3703 4942 3839 5009 Χρι-

2233 5014 2354 5071 στός
2412 5011 2539 5085 ύπὶρ
2597 5013 2744 5084 ἡμῶν
2791 5010 3057 5069 ἀπέθανεν.
3135 5022 3308 5069 ΠΡΟΣ
3372 5024 3552 5075 ΕΦΕΣ.
3619 5025 3833 5079 Γίνεσθε

2229 5096 2316 5152 οὖν
2376 5107 2605 5174 μιμηταὶ
2667 5110 2758 5156 τοῦ
2826 5111 2961 5157 Θεοῦ
3036 5106 3102 5167 ὡς
3171 5111 3326 5161 τέκνα
3388 5108 3654 5184 ἀγαπητὰ,
3742 5119 3833 5167 καὶ

2228 5198 2557 5267 περιπατεῖτε
2615 5190 2667 5245 ἐν
2717 5191 2918 5267 ἀγάπη,
2957 5196 3133 5259 καθὼς
3176 5201 3272 5252 καὶ
3335 5200 3364 5252 ὸ
3414 5206 3645 5275 Χριστὸς
3699 5205 3831 5278 ἠγά-

2300 5396 2410 5473 (71)
2444 5394 2595 5473 Reg.
2629 5396 2837 5473 tertius
2864 5407 3109 5473 μονογενῆ
3142 5396 3355 5472 ἔδωκεν,
3399 5403 3480 5458 ἶνα
3503 5410 3609 5469 πᾶς
3638 5409 3666 5462 ό
3696 5426 3827 5465 πισ-

2225 5469 2384 5520 τεύων
2415 5468 2481 5530 εἰς
2507 5469 2662 5522 αύτόν
2682 5475 2761 5548 μὴ,
2787 5468 3067 5544 ἀπόληται,
3089 5480 3157 5532 ut
3186 5468 3379 5534 omnis
3401 5479 3507 5548 qui
3541 5468 3741 5540 dedit
3760 5487 3826 5541 in

2227 5553 2382 5612 eum,
2406 5556 2529 5596 non
2554 5547 2786 5611 pereat.
