4100 6196
237 171 310 226 709
1497 195 1502 198 -
1689 165 2023 224 MOBALIA.

3428 192 3536 244 7i0

233 315 355 351 ποσίν
377 295 529 366 ἡμᾶς,
562 297 653 348 καὶ
680 291 973 368 καρέδωκεν
1004 295 1182 349 ἑαυτόν
1211 295 1338 370 ὑπὲρ
1365 296 1394 354 ἠ
1403 303 1510 368 μῶν
1548 312 1777 368 προσφο-

1927 309 2081 350 osum
2137 310 2252 365 pro
2307 297 2474 355 nobis
2539 298 2899 358 oblationem
2974 309 3032 359 et
3107 306 3358 367 hostiam
3417 314 3536 371 Deo

228 389 298 459 ραν
320 390 397 436 καὶ
419 385 604 436 θυσίαν
631 392 701 455 τῷ
731 392 845 455 Θεῷ
877 385 1007 456 (7?).

226 489 316 544 ὀτι
335 486 594 554 ἀπόδειξις
623 499 722 544 τῶν
746 498 836 544 τοῦ
882 498 1118 566 Χριστοῦ
1167 494 1412 565 μαθητῶν
1461 491 1490 551 ἠ
1543 489 1590 543 ἓν
1640 490 1779 564 αὐτῷ

643 582 774 656 πρὸς
820 577 1068 642 ἀλλήλους
1114 578 1290 654 ἀγάπη
1301 624 1314 636 .

825 687 1017 762 Κεφάλ.

273 801 574 852 ῘΩΔΝΝΗΣ.
601 795 682 849 Ἐν
701 799 867 868 τούτῳ
896 802 1188 868 γνώσονται
1215 799 1419 863 πάντες,
1448 798 1526 850 ότι
1551 795 1662 870 ἐμοὶ
1682 817 1781 870 μα-

222 888 343 945 θηταί
371 885 507 954 ἕστε,
539 885 623 940 ἐὰν
654 884 862 958 ἀγάπην
893 889 1050 959 ἔχητε
1079 885 1127 939 ἐν
1157 885 1413 947 ἀλλήλοις.

210 1081 307 1135 Ὀτι
333 1081 544 1154 ἔλεγχος
566 1089 661 1134 τοῦ
697 1086 770 1155 μή
823 1085 963 1154 ἔχειν
989 1086 1082 1141 τήν
1119 1089 1356 1156 Χριστοῦ
1399 1081 1607 1154 ἀγάπην
1649 1085 1780 1156 πρὸς

265 1177 341 1225 τόν
383 1172 606 1230 πλησίον
654 1175 714 1224 τὸ
750 1181 872 1232 ποιῆ
884 1176 975 1225 σαί
1034 1193 1085 1226 τι
1126 1182 1226 1225 τῶν
1275 1171 1605 1246 βλαπτόντων
1637 1173 1781 1233 ήλυ-

259 1267 481 1316 ποὺντων
530 1263 686 1317 αὐτὸν
718 1263 791 1325 εἰς
827 1261 1050 1322 ἐκκοπὴν
1094 1273 1186 1325 τῆς
1227 1268 1472 1329 πίστεως,
1511 1263 1606 1315 κᾶν
1656 1284 1783 1336 συγ-

259 1357 620 1427 κεχωρημένον
649 1353 751 1406 ὑπὸ
786 1361 882 1416 τῆς
903 1359 1111 1430 Γραφῆς
1134 1361 1208 1425 τῷ
1241 1349 1364 1426 ἰδίῳ
1385 1353 1522 1426 λόγῳ
1546 1357 1604 1406 τὸ
1633 1357 1784 1426 γινό-

256 1463 399 1517 μενον
429 1440 484 1516 ᾖ.

830 1639 1021 1712 Κεφάλ.
1075 1638 1144 1712 γ’.

832 1661 1021 1712 uuas.
1075 1661 1144 1713 γ.

251 1753 426 1802 ΠΡΟΣ
462 1753 625 1802 ΡΩΜ.
667 1746 730 1801 Εἰ
783 1749 886 1822 γὰρ
936 1743 1029 1800 διὰ
1072 1746 1306 1822 βρῶμαό
1336 1743 1554 1819 ἀδελγός
1576 1766 1671 1800 σου
1701 1747 1787 1800 λυ-

1891 386 1906 452 (
1932 384 2151 454 Ephes.
2181 403 2232 454 v,
2263 393 2310 454 1,
2333 389 2409 460 2).

1891 491 2062 556 Quod
2105 498 2263 551 certa
2292 502 2433 552 nota
2476 496 2909 570 discipulorum
2951 501 3165 562 Christi
3203 515 3415 570 mutua
3453 521 3540 574 est

2454 587 2517 642 in
2552 587 2683 659 ipso
2714 587 2968 646 dilectio.

2564 695 2760 766 Caput
2805 697 2886 752 II.

1959 794 2034 850 In
2061 796 2167 852 hoc
2223 808 2576 869 cognoscent
2628 819 2848 871 omnes,
2890 809 3033 881 quia
3080 810 3369 881 discipuli
3424 822 3542 878 mei

1890 883 2049 950 estis,
2077 886 2132 940 si
2145 886 2521 946 dilectionem
2562 891 2894 954 habueritis
2923 901 3005 956 ad
3035 902 3288 960 invicem
3329 908 3533 972 (Joan.

1887 987 2009 1038 xm,
2037 976 2154 1043 35).

1892 1079 2068 1172 239
2092 1081 2527 1172 Quodevidens
2547 1096 2971 1157 argumentum
2994 1097 3087 1162 sit,
3111 1098 3372 1172 aliquem
3399 1093 3540 1162 cha-

1961 1169 2198 1225 ritatem
2247 1170 2461 1229 Christi
2503 1175 2564 1231 in
2627 1181 2971 1249 proximum
3015 1202 3136 1242 non
3187 1169 3428 1264 liabere,
3487 1195 3539 1251 si

1962 1259 2278 1332 quidpiam
2300 1265 2549 1334 peragit,
2581 1269 2746 1338 quod
2782 1278 3014 1341 noceat,
3056 1283 3159 1332 aut
3200 1259 3539 1341 molestiam

1963 1349 2254 1444 eiatierat
2293 1351 2372 1407 ad
2400 1354 2541 1444 tidei
2577 1359 2942 1418 excisionem
2967 1380 2982 1418 :
3007 1369 3244 1423 tametsi
3273 1369 3332 1425 id
3373 1375 3543 1444 quod

1966 1437 2242 1509 efﬁcitur,
2300 1441 2531 1500 ratione
2579 1447 2850 1518 quadam
2881 1454 3128 1524 speciali
3164 1473 3201 1516 a
3240 1437 3546 1533 Scriptura

1967 1542 2326 1585 concessum
2357 1536 2464 1589 est.

2555 1640 2753 1712 Caput
2778 1645 2894 1702 III.

1966 1744 2038 1800 Si
2059 1744 2213 1800 enim
2238 1752 2490 1837 propter
2509 1749 2700 1806 cibum
2718 1752 2921 1820 frater
2946 1761 3085 1815 tuus
3127 1766 3545 1837 contristatur,

181 1844 373 1902 mirus,
410 1835 588 1889 οὐκέτι
613 1837 752 1888 κατὰ
775 1833 986 1906 ἀγάπην
1013 1843 1330 1911 περιπατεῖς.
1382 1840 1468 1901 Μή
1519 1844 1591 1906 τῷ
1638 1834 1784 1910 βρώ-

1927 1846 2017 1888 am
2065 1848 2184 1889 non
2234 1835 2558 1892 secundum
2623 1841 2980 1901 charitatem
3039 1850 3340 1912 ambulas.
3397 1833 3546 1915 Noli

175 1930 308 1997 ματί
357 1943 455 1978 σου
504 1923 695 1978 ἐκεῖνον
735 1923 976 1992 ἀπόλλυε,
1026 1927 1154 2001 ὑπὲρ
1203 1920 1261 1977 οὗ
1315 1926 1342 1976 ό
1398 1927 1623 1999 Χριστὸς
1665 1924 1785 1978 ἁπέ-

173 2015 344 2069 Goer.

165 2125 299 2174 Ὀτι
329 2119 517 2176 δείτόν
547 2125 868 2197 Χριστιανὸν
896 2126 986 2175 καὶ
1014 2123 1099 2176 τὸν
1127 2122 1442 2195 λυπούμενον
1489 2121 1602 2176 κατ’
1628 2122 1784 2176 αὑτοῦ

238 2217 408 2266 mi
434 2215 612 2289 τρόπῳ
636 2215 696 2266 τό
720 2231 778 2285 γε
806 2210 884 2265 ἐπ’
914 2210 1052 2284 αὐτῷ
1086 2213 1400 2288 θεραπεύειν.

839 2407 1028 2481 Κεφάλ.
1079 2404 1148 2466 δ’.

243 2501 632 2550 ΗΑΤΘΑῙΟΣ.
664 2495 782 2550 Ἐὰν
808 2493 896 2548 οὖν
933 2500 1230 2571 προσφέρῃς
1256 2498 1313 2549 τὸ
1345 2491 1512 2570 δῶρόν
1561 2515 1656 2548 σου
1705 2494 1788 2548 ἐπὶ

168 2584 231 2635 τὸ
267 2587 682 2659 θυσιαστήριον,
731 2584 882 2638 κάκεῖ
909 2586 1030 2656 (73)
1080 2587 1342 2659 μνησθῇς,
1390 2587 1471 2637 ὃτι
1509 2586 1536 2637 ὁ
1575 2581 1788 2658 ἀδελφός

171 2690 270 2725 σου
299 2677 426 2746 ἔχει
445 2695 497 2727 τι
538 2675 677 2727 κατὰ
706 2682 823 2743 σοῦ,
854 2676 979 2747 ἄφες
1006 2674 1111 2727 ἐκεῖ
1135 2679 1193 2727 τό
1227 2671 1394 2748 δῶρόν
1428 2693 1522 2727 σου
1553 2677 1788 2749 ἔμπροσ-

171 2762 254 2813 θο
278 2771 378 2815 τοῦ
424 2766 837 2838 θυσιαστηρίου,
865 2768 954 2816 καὶ
981 2764 1149 2836 ὕπαγε
1195 2772 1419 2836 πρῶτον,
1473 2759 1789 2835 διαλλάγηθι

166 2859 238 2921 τῷ
270 2849 494 2925 ἀδελφῷ
527 2872 646 2924 σου,
668 2857 758 2906 καὶ
775 2857 890 2906 τότε
917 2851 1073 2906 ἐλθὼν
1102 2858 1360 2927 πρόσφερε
1387 2857 1446 2906 τὸ
1470 2849 1638 2926 δῶρόν
1670 2871 1786 2906 σου.

171 3026 511 3104 ἀνεχόμεθα,
543 3030 1012 3107 βλασφημούμενοι
1042 3031 1458 3110 παρακαλοῦμεν.

170 3225 297 3286 Ὀτι
335 3235 441 3292 τὴν
465 3233 585 3302 (74)
611 3233 746 3286 κατὰ
773 3233 1004 3308 Χριστὸν
1034 3231 1241 3304 ἀγάπην
1269 3233 1298 3286 ὁ
1341 3234 1482 3303 ἔχων
1527 3232 1668 3284 ἔστιν
1715 3231 1796 3285 ὅτε

246 3327 347 3377 καὶ
377 3321 537 3376 λυπεῖ
564 3325 692 3399 πρὸς
721 3325 780 3376 τὸ
812 3327 1072 3399 συμφέρον
1098 3325 1184 3377 τὸν
1214 3320 1572 3394 ἀγαπώμενον.

859 3518 1048 3592 liqua.
1084 3517 1142 3574 ε’.

266 3613 602 3668 ῐειΑΝΝειΣ.
653 3616 764 3662 Νῦν
808 3605 868 3661 δὲ
913 3610 1098 3680 ὑπάγω
1143 3610 1275 3683 πρὸς
1292 3610 1378 3660 τὸν
1406 3605 1683 3680 πέμψαντά
1713 3624 1796 3679 με,

186 3707 275 3758 καὶ
331 3700 516 3762 οὐδεὶς
567 3698 622 3761 ἕξ
667 3699 810 3771 ὑμῶν
839 3695 1004 3771 ἱρωτᾷ
1033 3716 1133 3769 με.
1195 3703 1303 3748 Ποῦ
1352 3696 1608 3767 ὑπάγειςς
1661 3694 1798 3747 Ἀλλ’

189 3793 268 3846 ὅτε
296 3802 477 3847 ταῦτα
505 3789 764 3846 λελάληκα
788 3789 931 3860 ὑμῖν,
954 3789 984 3845 ἠ
1017 3787 1151 3844 λύπη
1186 3785 1512 3859 πεπλήρωκεν
1541 3787 1682 3858 ὑμῶν
1703 3787 1797 3842 τήν

190 3880 440 3959 καρδίαν.
477 3879 612 3933 Ἀλλ’
644 3876 744 3949 ἐγὼ
773 3879 862 3935 τήν
890 3875 1132 3935 ἀλήθειαν
1161 3875 1290 3947 λέγω
1320 3877 1441 3938 ὑμῖν
1474 3896 1487 3908 ·
1551 3877 1798 3948 συμφέρει

191 3972 334 4044 ὑμῖν,
369 3974 456 4025 ἱνα
480 3969 584 4041 ἐγὼ
615 3965 839 4020 ἀπέλθω.
875 3965 988 4020 Ἐὰν
1025 3967 1128 4039 γὰρ
1160 3969 1232 4037 μὴ
1271 3963 1493 4029 ἀπέλθω,
1540 3965 1566 4016 ό
1624 3963 1799 4037 Παρά..

193 4061 379 4124 κλητος
416 4060 515 4113 οὐκ
545 4057 811 4111 ἕλεύσεται
837 4059 969 4129 πρὸς
993 4056 1146 4128 ὑμᾶς.
1177 4061 1344 4107 ΠΡΟΣ
1377 4060 1524 4108 KOP.
1659 4061 1800 4108 Ωστε

198 4169 255 4222 με
510 4155 769 4221 χαρῆναι,
809 4147 908 4212 ὅτι,
940 4145 983 4198 εἰ
1033 4149 1123 4197 καὶ
1176 4142 1414 4202 ἐλύπησα
1453 4144 1590 4216 ὑμᾶς
1642 4142 1694 4194 ἐν
1731 4151 1792 4217 τῇ

1894 1922 2021 1977 cibo
2049 1927 2150 1977 tuo
2200 1923 2374 1980 illum
2427 1926 2699 1998 perdere,
2743 1946 2862 1999 pro
2911 1951 3030 2006 quo
3063 1938 3344 1998 Christus
3383 1962 3546 2003 mor-

1894 2017 2032 2067 tuus
2061 2017 2146 2068 est
2173 2013 2358 2071 (Rom.
2390 2029 2515 2086 xw,
2552 2019 2657 2089 15).

1894 2118 2466 2214 Quod-Christianus
2515 2138 2654 2180 eum
2693 2127 2876 2184 etiam
2905 2107 3009 2202 qui
3030 2133 3322 2194 adversus
3342 2140 3544 2214 ipsum

1966 2207 2416 2306 male-afficitur,
2439 2214 2606 2306 omni
2627 2217 2813 2274 modo
2835 2223 2893 2276 et
2921 2229 3221 2294 quantum
3255 2227 3318 2284 in
3346 2207 3411 2288 s-c
3433 2238 3547 2306 est,

1967 2297 2215 2355 delinire
2239 2299 2477 2358 debeat.

2576 2411 2776 2481 Caput
2803 2414 2899 2470 IV

1967 2495 2035 2552 Si
2078 2511 2219 2566 ergo
2266 2498 2440 2567 o/I‘ers
2494 2515 2717 2558 munus
2747 2509 2917 2561 tuum
2969 2507 3052 2564 ad
3080 2511 3298 2582 altare,
3343 2522 3399 2573 et
3463 2519 3550 2576 ibi

1897 2586 2252 2680 recordatus
2276 2589 2474 2680 fueris
2521 2592 2664 2662 quia
2701 2594 2906 2662 frater
2933 2602 3072 2655 tuus
3105 2600 3281 2659 habet
3311 2606 3551 2680 aliquid

1898 2675 2218 2732 adversum
2268 2682 2344 2739 te.
2385 2679 2661 2751 relinque
2703 2682 2789 2738 ibi
2813 2700 3032 2742 munus
3062 2695 3230 2748 tuum
3280 2675 3430 2752 ante
3461 2698 3554 2755 at-

1901 2771 2052 2835 tare,
2080 2771 2135 2822 et
2184 2767 2338 2823 vade
2380 2769 2580 2838 prius,
2607 2776 3006 2833 reconciliare
3044 2779 3239 2849 fratri
3302 2791 3444 2842 tuo:
3498 2795 3555 2846 et

1901 2859 2046 2951 tunc
2096 2856 2337 2951 veniens
2382 2858 2544 2951 offer
2580 2876 2799 2951 munus
2831 2870 3297 2940 tuum(Matth.
3346 2893 3405 2947 ν,
3456 2878 3553 2951 23,

168 2944 348 2994 ΠΡΟΣ
387 2948 544 2998 ΚΟΡ.
578 2942 643 2998 α’.
676 2939 1081 3018 Αοιδορούμενοι
1112 2943 1440 3016 εὐλογοῦμεν,
1482 2939 1792 3016 διωκόμενοι
1826 3005 1862 3018 Α
1899 2942 1969 2997 24
1994 2962 2039 3006 ›.
2061 2985 2074 3000 .
2098 2989 2110 3001 .
2133 2985 2146 2998 .

2214 2944 2365 3002 Cum
2417 2949 2866 3020 maledicimur,
2925 2957 3318 3020 benedicimus
3353 2944 3554 3026 {cum

1892 3035 2368 3127 persecutionem
2386 3039 2684 3110 patimur,
2711 3046 3101 3104 sustinemus:
3123 3064 3257 3108 cum
3289 3052 3556 3127 blasphe-

1901 3137 2142 3178 mamur
2168 3123 2546 3186 obsecramus
2578 3130 2595 3200 (
2621 3130 2657 3186 Ι
2674 3131 2810 3189 Cor.
2848 3149 2932 3205 iv,
2969 3141 3054 3206 t2,
3083 3143 3146 3197 13
3168 3141 3212 3210 ).

1903 3232 2079 3298 Quod
2105 3232 2157 3290 is
2186 3235 2293 3307 qui
2338 3235 2721 3297 dilectionem
2748 3245 3089 3304 secundum
3127 3248 3426 3311 Christum
3450 3255 3558 3316 ha-

1972 3319 2093 3414 bet,
2123 3337 2266 3414 eum
2295 3325 2495 3414 etiam,
2516 3343 2701 3400 quem
2716 3330 2928 3403 diligit,
2949 3338 3320 3414 quandoque
3340 3345 3562 3404 moles-

1975 3412 2059 3469 tia
2076 3410 2260 3470 afﬁcit
2286 3414 2367 3470 ad
2394 3413 2587 3487 ipsius
2620 3419 2951 3478 utilitatem.

2586 3524 2785 3595 Caput
2842 3528 2896 3583 V

1977 3605 2059 3663 Et
2085 3622 2248 3664 nunc
2276 3609 2431 3666 vado
2461 3612 2544 3666 ad
2571 3627 2725 3682 eum,
2747 3617 2855 3685 qui
2922 3619 3085 3674 misit
3120 3637 3214 3678 me
3244 3638 3260 3679 :
3289 3631 3348 3682 et
3384 3643 3556 3686 nemo

1907 3710 1983 3788 ea:
2031 3696 2192 3788 vobis
2243 3697 2581 3770 interrogat
2631 3717 2724 3758 me
2764 3718 2787 3759 :
2819 3703 2943 3771 Quo
2996 3707 3166 3764 vadis
3196 3713 3223 3764 ?
3271 3715 3376 3771 sed
3416 3721 3560 3788 quia

1908 3785 2038 3842 htec
2086 3786 2320 3842 locutus
2383 3803 2513 3844 sum
2569 3790 2751 3858 vobis,
2823 3794 3075 3852 tristitia
3132 3785 3561 3868 implevit—cor

1906 3878 2198 3968 vestrum.
2257 3877 2378 3933 Sed
2422 3894 2529 3950 ego
2580 3883 2891 3939 veritatem
2943 3884 3072 3942 dico
3116 3889 3278 3947 vobis
3314 3909 3341 3951 ,ο
3382 3910 3560 3968 expe-

1906 3964 1996 4058 dit
2066 3964 2228 4058 vobis
2267 3971 2336 4022 ut
2387 3981 2493 4039 ego
2537 3972 2779 4041 vadam,
2835 3970 2903 4028 Si
2947 3974 3102 4032 enim
3149 3996 3270 4037 non
3330 3964 3557 4058 abiero,

1903 4053 2264 4112 Paractetus
2303 4072 2426 4113 non
2468 4061 2659 4118 veniet
2690 4063 2772 4119 ad
2818 4068 2962 4136 vos(
3015 4067 3194 4126 Joan.
3252 4089 3375 4145 xvr,
3422 4076 3517 4135 5-7

2199 4147 2294 4202 Ita
2343 4154 2410 4204 ut
2447 4154 2636 4221 magis
2683 4158 3011 4225 gauderem
3053 4180 3067 4219 :
3123 4167 3406 4237 quoniam
3453 4171 3566 4226 etsi

202 4238 465 4312 ἐπιστολῇ,
495 4237 559 4290 οὐ
586 4235 960 4309 μεταμέλομαι,
996 4233 1039 4286 εί
1073 4238 1163 4286 καὶ
1206 4232 1572 4306 μετεμελόμην.
1623 4232 1791 4286 Βλέπω

1927 4237 2263 4292 rontristavi
2325 4251 2427 4293 vos
2481 4242 2756 4315 epistola,
2810 4265 2932 4305 non
2990 4267 3083 4309 me
3130 4232 3407 4324 paenitet,
3454 4243 3568 4317 etsi

201 4331 315 4404 γὰρ,
343 4331 426 4380 ὃτι
467 4328 495 4385 ἠ
530 4324 774 4382 ἐπιστολή
810 4323 998 4392 ἐκείνη,
1032 4323 1074 4376 εἰ
1093 4327 1184 4375 καὶ
1233 4325 1358 4396 πρὸς
1402 4323 1557 4394 ὤραν,
1613 4320 1791 4379 ἐλύπη-

1927 4339 1999 4379 ne
2041 4325 2433 4392 paenituisset.
2505 4328 2680 4387 Video
2727 4336 2882 4392 enim
2928 4341 3085 4409 quod
3127 4320 3398 4412 epistola
3449 4349 3564 4406 illa

208 4435 283 4470 σιν
328 4421 487 4490 ὑμᾶς.
540 4422 651 4469 Νῦν
693 4418 893 4487 χαίρω,
945 4412 1051 4484 οὐχ
1082 4413 1162 4464 ὃτι
1200 4410 1513 4478 ἐλυπήθητε,
1563 4409 1672 4462 ἀλλ’
1721 4411 1791 4463 ὅτι

1961 4414 2073 4506 etsi
2099 4413 2181 4468 ad
2204 4414 2481 4506 _h07‘(tflt}
2520 4432 2621 4506 vos
2650 4425 3054 4483 contristavit.
3085 4409 3264 4488 Nunc
3306 4437 3562 4506 gaudeo,

209 4503 485 4565 amem
514 4504 588 4565 εἰς
618 4504 914 4577 μετάνοιαν.
965 4500 1272 4560 Ελυπήθητε
1311 4501 1414 4573 ’γὰρ
1463 4501 1598 4554 κατά
1645 4503 1791 4568 Θεὸν,

1927 4497 2010 4553 red
2062 4496 2218 4568 quod
2243 4501 2591 4558 contristati
2617 4508 2776 4575 estis,
2829 4510 2912 4566 ad
2931 4496 3375 4582 paenitentiam.
3405 4496 3564 4578 Con;

210 4595 351 4650 ἱναὶν
378 4590 577 4669 μηδενὶ
609 4593 914 4666 ζημιωθῆτε
943 4588 996 4654 ἐξ
1032 4592 1200 4664 ἡμῶν.

1927 4588 2138 4643 ristati
2211 4589 2348 4644 estis
2422 4592 2580 4649 enim
2652 4599 2981 4659 secundum
3051 4609 3232 4664 Deum
3265 4650 3280 4676 ,
3353 4616 3421 4666 ut
3495 4610 3561 4664 in

1907 4677 2079 4732 nullo
2125 4677 2551 4769 detrimentum
2597 4688 2928 4756 patiamini
2951 4706 3028 4751 ea:
3055 4695 3225 4753 nobis
3263 4698 3382 4769 (II
3421 4697 3560 4754 Cor.

1907 4779 1988 4823 Vn
2007 4809 2025 4839 ,
2057 4771 2150 4824 7-9
2175 4768 2217 4840 ).

879 4883 1046 4930 orox
1076 4873 1133 4937 ς’.

214 4966 315 5024 Ὀτι
360 4965 448 5023 δεῖ
491 4965 700 5041 ἀφόϐως
742 4970 834 5018 καὶ
871 4964 1300 5036 ἁνεπαισχύντως
1341 4961 1804 5038 παρρησιάζεσθαι

277 5060 324 5113 ἐν
344 5069 404 5133 τῇ
439 5058 693 5131 ὁμολογίᾳ
720 5062 814 5109 τοῦ
847 5058 1041 5128 Κυρίου
1068 5054 1216 5125 ἡμῶν
1245 5052 1421 5110 Ἰησοῦ
1454 5060 1686 5126 Χριστοῦ
1713 5058 1804 5107 καὶ

273 5158 368 5202 τῶν
394 5147 563 5221 λόγων
591 5146 774 5203 αὐτοῦ.

2529 4881 2807 4943 REGULA
2847 4890 2934 4944 Vl.

1912 4964 2087 5032 Quod
2131 4966 2424 5041 intrepide
2471 4987 2542 5028 ac
2600 4973 2729 5030 sine
2787 4974 2909 5031 ulla
2957 4977 3322 5035 verecundia
3377 4977 3563 5037 libere

1984 5069 2164 5125 agere
2218 5063 2493 5128 oporteat
2540 5059 2602 5116 in
2654 5061 3032 5119 confessione
3081 5065 3320 5122 Domini
3372 5069 3566 5128 nostri

1984 5145 2126 5202 Jesu
2151 5146 2362 5203 Christi
2383 5152 2440 5204 et
2459 5148 2746 5205 doctrinae
2770 5151 2922 5221 ejus.

281 5328 387 5412 (72)
417 5326 589 5384 Idem
638 5321 835 5381 codex
884 5328 958 5394 τῷ
1012 5328 1126 5392 Θεῷ
1181 5326 1272 5375 καὶ
1329 5325 1518 5396 Πατρὶ,
1573 5321 1695 5376 Deo
1747 5325 1804 5377 et

221 5395 546 5544 Plz‘f‘gheg.
579 5469 794 5525 tertius
837 5466 1212 5537 θυσιαστήριον
1241 5469 1330 5517 καὶ
1361 5462 1478 5516 ἐκεῖ.
1534 5464 1665 5520 Mox
1705 5461 1804 5519 hic

1910 5319 2258 5405 ipse-codex
2286 5319 2451 5405 δῶρόν
2483 5342 2578 5405 σου
2606 5322 2689 5405 ἐπὶ
2718 5327 2777 5378 τὸ
2805 5329 3204 5405 θυσιαστήριον.

1985 5393 2254 5480 (ἶῖᾼλΒεῗε,
2283 5393 2513 5480 primus
2539 5397 2618 5446 ὅτι
2644 5397 2670 5480 ό
2699 5402 2860 5480 ῖήν...
2896 5393 3102 5480 ἀγάπην
3133 5409 3292 5480 ἔχων,
3354 5413 3565 5472 Statim

1912 5464 2053 5533 Reg.
2088 5464 2301 5521 tertius
2323 5469 2579 5539 συμφέρον
2608 5475 2678 5537 τῷ
2700 5464 3044 5547 ἀγαπωμὲνῳ,
