4112 6172
566 245 667 299 711

1244 414 1441 484 Caput
1474 411 1524 469 Ι.

640 556 811 629 Quod
844 554 977 610 dico
1009 549 1170 608 vobis
1208 549 1272 604 in
1299 545 1578 610 tenebris,
1618 543 1798 598 dicite
1825 540 1889 596 in
1939 538 2166 594 lumine
2198 553 2210 591 :

567 663 623 716 et
653 656 813 730 quod
856 647 920 702 in
950 656 1156 701 aurem
1196 636 1533 699 audivistis,
1561 633 1887 730 pradicate
1919 643 2100 730 super
2137 631 2214 682 τε-

566 719 685 805 cia:
740 744 817 799 Et
873 738 1058 794 nolite
1105 732 1312 787 timere
1355 741 1469 791 eos,
1498 724 1601 796 qui
1648 719 1930 777 occidunt
1974 730 2211 785 corpus,

564 836 831 892 animam
873 833 1071 884 autem
1100 835 1221 877 non
1253 818 1505 887 possunt
1534 809 1803 868 occidere
1825 824 1845 864 .·
1864 806 1968 863 sed
2016 810 2215 875 potius

568 921 746 994 240
777 920 976 975 timete
996 928 1152 973 eum,
1175 909 1280 982 qui
1302 906 1571 994 potestet
1613 900 1894 994 αηίηιαιη⁸
1994 909 2212 963 corpus

555 983 810 1083 perdere
837 1008 901 1062 in
930 1004 1265 1075 gehennam
1305 992 1549 1060 (Matth.
1612 1005 1674 1055 x,
1733 986 1817 1042 I7.
1859 983 2022 1083 .28)...
2153 1024 2166 1037 .
2188 1023 2201 1036 .

566 1072 768 1157 bmnis
798 1072 950 1167 ergo—
969 1093 1073 1164 qui
1101 1084 1479 1155 conﬁtebitur
1504 1095 1596 1135 me
1615 1091 1815 1133 coram
1841 1072 2207 1167 hominibus,

563 1161 890 1258 conﬁtebor
919 1161 1091 1250 et-ego
1123 1189 1326 1232 coram
1356 1173 1545 1262 Patre
1563 1181 1710 1228 meo,
1741 1164 1848 1262 qui
1875 1168 1960 1262 est
1989 1161 2053 1262 in
2090 1174 2207 1217 cae-

564 1280 637 1336 lis
668 1253 836 1348 (ibid.
867 1273 1021 1337 32)..
1044 1309 1057 1322 .
1079 1308 1093 1321 .
1116 1307 1129 1321 .
1152 1305 1166 1319 .
1202 1264 1358 1319 Nam
1398 1258 1504 1330 qui
1524 1270 1617 1348 me
1634 1253 1937 1348 erubuerit
1969 1256 2022 1306 et
2051 1263 2208 1305 meos

559 1343 877 1427 seruiones,
901 1360 1063 1415 hunc
1094 1353 1285 1409 Filius
1308 1346 1565 1405 hominis
1594 1343 1917 1409 erubescet,
1951 1354 2083 1395 cum
2106 1352 2206 1393 ve-

559 1459 716 1512 nerit
766 1452 831 1506 in
878 1448 1194 1516 majestate
1228 1454 1362 1509 sua,
1400 1442 1454 1494 et
1493 1436 1723 1501 Patris,
1756 1437 1812 1487 et
1858 1434 2207 1486 sanctorum

557 1544 913 1616 angelorum
937 1539 1108 1606 (Luc.
1137 1548 1219 1604 ιχ,
1240 1530 1381 1600 26)..
1403 1572 1417 1586 .
1439 1570 1452 1584 .
1478 1526 1631 1622 ΔΝοιί
1650 1525 1850 1594 itaque
1868 1521 2208 1622 erubescere

559 1631 959 1693 testimonium
998 1622 1243 1681 Domini
1290 1617 1505 1685 nostri,
1562 1627 1752 1685 neque
1802 1626 1894 1667 me
1938 1615 2204 1666 vinctum

1929 226 1986 282 S.
2028 221 2281 279 BASILII
2318 221 2559 280 HLGNI.

2247 345 2299 398 Α

3821 238 3933 293 712

2952 407 3165 480 Κ“εφὼλ.
3234 408 3299 467 α’.

2395 542 2761 594 ΜΑΤΘΑΙΟΣ.
2792 539 2859 593 Ὀ
2887 540 3019 613 λέγω
3048 544 3170 616 ὑμῖν
3201 542 3250 596 ἒν
3278 552 3341 617 τῇ
3386 550 3592 618 σκοτίᾳ,
3652 548 3831 601 εἴπατε
3873 546 3929 600 ἕν

2320 633 2391 696 τῷ
2422 631 2552 697 φωτί
2577 648 2589 661 ·
2622 634 2712 681 καὶ
2740 628 2767 682 ὃ
2796 630 2868 693 εἰς
2893 634 2950 684 τὸ
2981 627 3066 693 οὖς
3092 634 3367 701 ἠκούσατε,
3399 635 3657 710 κηρύξατε
3686 635 3769 690 ἐπὶ
3819 646 3929 690 τῶν

2323 710 2597 786 δωμάτων.
2635 723 2735 771 Καὶ
2758 724 2829 791 μὴ
2864 720 3103 793 φοϐεῖσθε
3140 721 3242 774 ἀπὸ
3290 732 3389 775 τῶν
3421 722 3820 778 ἀποκτεινόντων
3858 731 3928 780 τὸ

2324 812 2497 876 σῶμα,
2528 810 2622 865 τὴν
2654 804 2713 860 δὲ
2741 808 2926 880 ψυχὴν
2951 815 3023 883 μὴ
3058 808 3353 885 δυναμένων
3386 812 3684 868 ἀποκτεῖναι
3708 836 3722 849 ·
3755 815 3928 889 φοϐή-

2323 895 2446 951 θητε
2475 890 2535 947 δὲ
2575 896 2765 968 μᾶλλον
2792 903 2881 950 τὸν
2925 896 3205 974 δυνάμενον
3257 907 3348 954 καὶ
3394 901 3575 976 ψυχὴν
3622 911 3712 957 καὶ
3762 915 3929 979 σῶμα

2321 980 2571 1036 ἀπολέσαι
2599 983 2648 1036 ἐν
2676 991 2871 1061 γεέννῃ.
2904 995 3009 1052 Πᾶς
3039 986 3147 1060 οὖν,
3174 992 3319 1053 ὅστις
3349 991 3661 1065 ὁμολογήσει
3710 992 3759 1046 ἓν
3801 992 3929 1068 ἐμοὶ

2318 1075 2605 1149 ἔμπροσθεν
2628 1085 2725 1127 τῶν
2754 1074 3055 1152 ἀνθρώπων,
3088 1080 3307 1153 ὁμολογὴ
3320 1101 3395 1134 σω
3422 1079 3568 1153 κάγὼ
3595 1082 3645 1135 ἐν
3669 1084 3810 1156 αὐτῷ
3831 1087 3929 1158 ἔμ-

2315 1164 2538 1238 προσθεν
2566 1171 2658 1216 τοῦ
2684 1170 2882 1239 Πατρός
2908 1187 3009 1240 μου
3037 1177 3127 1222 τοῦ
3157 1168 3208 1221 ἐν
3228 1171 3483 1245 οὐρανοῖς.
3513 1177 3799 1228 ΛΟΥΚΑΣ.
3821 1173 3933 1236 ’⁸ος

2313 1255 2415 1325 γὰρ
2445 1251 2505 1303 ἂν
2535 1251 2867 1328 ἐπαισχυνθῇ
2902 1276 2965 1329 με
2988 1262 3220 1321 καὶτοὺς
3243 1258 3395 1332 ἕμοὺς
3422 1259 3622 1333 λόγους,
3648 1269 3834 1315 τοῦτον
3895 1265 3927 1316 ὀ

2314 1343 2431 1402 Υἱὸς
2458 1350 2553 1394 τοῦ
2584 1342 2857 1420 ἀνθρώπου
2889 1344 3398 1420 ἐπαισχυνθήσεται,
3431 1352 3553 1403 ὅταν
3581 1351 3702 1425 ΰθῇ
3744 1350 3796 1404 ἒν
3847 1359 3921 1425 τῇ

2316 1426 2445 1504 δόξῃ
2487 1432 2667 1500 αὐτοῦ,
2708 1439 2798 1487 καὶ
2835 1443 2928 1488 τοῦ
2959 1442 3182 1511 Πατρός,
3214 1445 3304 1492 καὶ
3330 1447 3431 1492 τῶν
3472 1440 3631 1513 ἁγίων
3660 1439 3923 1513 ἀγγέλων.

2315 1526 2482 1573 ΠΡΟΣ
2507 1528 2648 1578 ΤΙΜ.
2683 1522 2755 1596 β’.
2783 1529 2867 1584 Μὴ
2910 1526 2997 1578 οὖν
3028 1526 3391 1602 ἐπαισχυνθῇς
3417 1534 3474 1582 τὸ
3505 1533 3790 1605 μαρτύριον
3821 1540 3926 1585 τοῦ

2317 1614 2512 1684 Κυρίου
2540 1614 2704 1685 ἡμῶν,
2736 1611 2877 1687 μηδὲ
2907 1614 2993 1689 ἐμὲ
3017 1621 3101 1669 τὸν
3129 1614 3344 1691 δέσμιον
3376 1619 3535 1671 αὑτοῦ
3566 1640 3578 1653 ·
3623 1618 3748 1672 ἀλλὰ
3774 1640 3927 1693 συγ-

558 1688 725 1794 eius:
789 1718 893 1776 sed
933 1713 1244 1772 collabora
1287 1704 1645 1778 Evangelia,
1689 1707 1755 1757 ut
1801 1700 1987 1757 bonus
2034 1698 2193 1754 miles

2313 1703 2685 1759 κακοπάθησον
2712 1712 2783 1776 τῷ
2811 1688 3129 1779 Εὐαγγελίῳ,
3170 1688 3241 1771 ὡς
3267 1708 3423 1771 καλὸς
3458 1714 3781 1783 στρατιώτης
3813 1688 3928 1769 Ἰσο-

561 1809 787 1870 Christi
808 1807 899 1882 (η
925 1807 1073 1863 Tim.
1096 1818 1138 1871 ι,
1162 1802 1240 1873 8).

1158 1943 1443 2001 REGULA
1479 1936 1599 1995 VII.

556 2080 731 2155 Quod
757 2080 893 2139 licet
921 2076 1059 2150 quis
1103 2071 1377 2130 videatur
1433 2064 1755 2163 Dominum
1813 2058 2102 2163 conﬁteri,
2149 2063 2207 2116 et

626 2176 676 2246 ej
688 2192 756 2231 us
783 2182 1091 2229 sermones
1114 2160 1434 2221 auscultet:
1484 2157 1534 2213 is
1557 2162 1782 2253 tamen,
1807 2157 2016 2253 siejus
2036 2166 2204 2253 man.

624 2240 781 2321 datis
802 2274 925 2317 non
955 2256 1184 2331 pareat,
1217 2248 1674 2342 condemnatus.
1698 2247 1819 2342 est,
1838 2240 1973 2342 licet
1995 2240 2202 2342 aliquo

623 2355 726 2412 Dei
751 2348 1006 2409 consilio
1034 2342 1403 2419 permissum
1434 2335 1527 2404 sit,
1560 2338 1626 2390 ut
1648 2332 1826 2389 fuerit
1863 2331 2040 2388 donis
2084 2331 2202 2405 spi-

620 2441 936 2502 rituahbus
955 2438 1221 2494 ornatus.

1227 2575 1429 2643 Caput
1468 2567 1518 2626 Ι.

616 2712 756 2770 Νοη
777 2694 967 2766 omnis
987 2703 1092 2777 qui
1115 2701 1261 2758 dicit
1288 2696 1461 2762 mihi,
1503 2692 1772 2762 Domine,
1803 2689 2069 2755 Domine,
2103 2690 2196 2745 in-

546 2800 734 2858 trabit
750 2800 815 2853 in
840 2810 1091 2865 regnum
1124 2789 1438 2846 caelorum:
1480 2781 1583 2839 sed
1602 2796 1705 2853 qui
1725 2780 1879 2850 facit
1919 2779 2194 2836 volunta-

546 2895 660 2946 tem
698 2886 903 2943 Patris
928 2881 1061 2949 mei,
1082 2879 1190 2952 qui
1211 2883 1294 2934 est
1314 2875 1379 2931 in
1409 2869 1801 2930 cwlis.'Hulti
1817 2868 2015 2925 dicent
2042 2868 2196 2924 mihi

540 2979 607 3036 in
631 2979 748 3034 illa
776 2976 891 3039 die,
920 2970 1191 3036 Domine,
1217 2965 1485 3030 Domine,
1512 2975 1714 3018 nonne
1741 2962 1802 3015 in
1830 2960 2069 3016 nomine
2086 2963 2189 3016 tuo

2316 1797 2411 1843 σοῦ
2441 1798 2699 1868 Χριστοῦ.

2966 1945 3135 1994 oro}:
3176 1938 3251 1998 ε’.

2310 2057 2449 2127 Ὀτι,
2480 2060 2575 2114 κᾶν
2606 2058 2737 2137 δοκῇ
2760 2084 2839 2127 τις
2861 2064 3127 2139 ὁμολογεῖν
3148 2071 3235 2120 τὸν
3263 2070 3474 2144 Κύριον,
3492 2074 3581 2123 καὶ
3603 2068 3768 2144 ἀκούῃ
3794 2072 3852 2143 (7
3863 2075 3922 2144 5)

2381 2158 2483 2203 τῶν
2505 2151 2669 2224 λόγων
2701 2154 2880 2221 αὐτοῦ,
2914 2153 3100 2230 ἀπειθῇ
3135 2153 3170 2209 δ
3172 2160 3195 2210 's
3216 2166 3332 2221 ταῖς
3362 2156 3590 2221 ἐντολαῖς
3614 2159 3795 2228 αὑτοῦ,
3819 2181 3929 2223 κα,

2380 2244 2696 2317 τακέκριται,
2729 2242 2823 2295 κᾶν
2853 2243 2903 2297 ἐν
2928 2250 3238 2321 χαρίσμασι
3267 2256 3629 2322 πνευματικοῖς
3667 2246 3703 2301 δ
3707 2252 3763 2303 mi
3792 2270 3923 2303 τινα

2381 2330 2677 2405 οἰκονομίαν
2702 2335 2945 2406 γενέσθαι
2971 2338 3323 2410 συγχωρηθῇ.

2945 2570 3135 2644 Κεφάλ.
3190 2570 3259 2629 α’.

2374 2695 2740 2749 ΜΑΤΘΑῘΟΣ.
2773 2694 2848 2747 Οὔ
2876 2702 2975 2757 πᾶς
3003 2697 3029 2748 ὁ
3058 2696 3216 2769 λέγων
3244 2717 3355 2770 μοι,
3389 2700 3566 2774 Κύριε,
3600 2702 3782 2772 Κύριε,
3825 2699 3912 2754 εἰ-

2305 2778 2597 2833 σελεύσεται
2618 2781 2689 2843 εἰς
2716 2787 2810 2842 τὴν
2837 2781 3110 2857 βασιλείαν
3139 2794 3239 2839 τῶν
3268 2786 3517 2861 οὐρανῶν,
3551 2786 3655 2840 ἀλλ’
3687 2790 3713 2840 ὁ
3735 2798 3908 2842 ποιῶν

2298 2872 2357 2921 τὸ
2392 2869 2587 2943 θέλημα
2623 2879 2715 2925 τοῦ
2746 2877 2952 2948 Πατρός
2989 2895 3089 2948 μου
3146 2882 3239 2928 τοῦ
3286 2875 3336 2928 ἐν
3383 2877 3643 2952 οὐρανοῖς.
3705 2878 3909 2933 Πολλοὶ

2298 2956 2476 3031 ἔροῦσί
2502 2981 2592 3033 μοι
2620 2959 2668 3013 ἐν
2698 2959 2858 3036 ἐκείνῃ
2882 2970 2946 3036 τῇ
2978 2966 3166 3038 ἡμέρᾳ.
3203 2967 3379 3042 Κύριε,
3410 2968 3584 3041 Κύριε,
3619 2967 3679 3020 οῦ
3700 2975 3776 3039 τῷ
3820 2977 3907 3041 σῷ

537 3041 1070 3142 prophetavimus?
1099 3063 1153 3115 et
1183 3058 1247 3113 in
1277 3055 1517 3111 nomine
1546 3059 1645 3108 tuo
1674 3052 1970 3107 daemonia
2002 3052 2187 3142 ejeci-

2309 3046 2510 3121 ὄνοματι
2539 3054 2992 3125 προεφητεῦσαμεν
3019 3071 3033 3118 ;
3064 3057 3154 3108 καὶ
3180 3063 3251 3125 τῷ
3285 3063 3359 3127 σῷ
3390 3057 3601 3129 ὀνόματι
3640 3053 3910 3130 δαιμόνια

540 3172 674 3215 mus
695 3156 724 3211 ‘l
750 3160 806 3211 et
836 3155 901 3209 in
922 3151 1159 3207 nomine
1181 3152 1283 3202 tuo
1320 3145 1572 3202 virtutes
1617 3143 1842 3199 multas
1884 3141 2137 3209 [ecimus
2160 3144 2188 3197 ?

540 3248 622 3304 Et
648 3252 792 3301 tunc
812 3237 1138 3308 conﬁtebor
1152 3236 1312 3293 illis:
1366 3235 1693 3303 Nunquam
1718 3232 1861 3288 novi
1896 3246 2016 3288 vos.
2063 3230 2191 3285 Dis-

542 3335 730 3393 cedite
756 3349 793 3390 a
808 3346 921 3400 me,
953 3329 1057 3401 qui
1075 3324 1412 3397 operamini
1429 3323 1799 3395 iniquitatem
1818 3319 2062 3392 (Matth.
2083 3335 2185 3382 vn,

539 3426 760 3488 2l-23),
791 3425 902 3476 etc.
918 3460 932 3474 .
955 3462 968 3475 .
991 3460 1004 3474 .
1025 3459 1041 3474 .
1063 3458 1076 3472 .
1122 3415 1279 3483 Quid
1297 3418 1495 3470 autem
1520 3413 1744 3469 vocatis
1765 3425 1877 3483 me,
1917 3412 2185 3477 Domine,

538 3513 811 3575 Domine,
836 3513 891 3565 et
920 3522 1042 3562 non
1061 3505 1265 3576 facitis
1293 3517 1422 3575 quae
1448 3502 1580 3558 dico
1605 3503 1770 3572 (Luc,
1793 3516 1872 3568 v1,
1906 3502 1993 3570 46)
2024 3506 2186 3557 etc...

542 3603 924 3671 Conﬁtentur
943 3610 1003 3652 se
1026 3608 1193 3650 nosse
1232 3594 1440 3657 Deum,
1479 3592 1665 3662 factis
1696 3598 1894 3647 autem
1921 3595 2188 3661 negant;

542 3707 676 3749 cum
703 3691 825 3745 sint
858 3682 1303 3744 abominabiles.
1325 3686 1380 3738 et
1402 3681 1561 3737 dicto
1582 3695 1704 3736 non
1765 3680 2092 3749 audientes,
2133 3684 2187 3736 et

520 3781 631 3839 ‘ad
657 3792 829 3836 omne
850 3790 999 3846 opus
1028 3776 1245 3831 bonum
1287 3771 1532 3840 reprobi
1557 3771 1703 3839 (Tit.
1735 3786 1775 3842 ι,
1809 3774 1917 3835 t6).

1126 3916 1407 3975 REGULA
1448 3916 1589 3972 VIII.

537 4048 710 4119 Quod
730 4062 853 4105 non
872 4048 1109 4119 oportet
1124 4041 1432 4113 ambigere
1457 4045 1515 4098 et
1540 4039 1820 4097 dubitare
1848 4040 1923 4097 de
1949 4040 2023 4097 iis
2047 4056 2185 4114 quin

607 4138 924 4203 aDomino
953 4134 1270 4191 dicuntur:
1322 4130 1425 4185 sed
1454 4129 1804 4201 persuaderi
1844 4145 2025 4186 omne
2082 4131 2185 4187 Dei

604 4227 858 4285 verbum
891 4239 1101 4279 verum
1126 4236 1259 4277 esse
1287 4236 1357 4276 ac
1387 4218 1690 4292 possibile,
1722 4219 1831 4276 etsi
1861 4225 2080 4277 natura
2093 4236 2184 4279 re-

604 4320 858 4390 pugnat.
884 4312 987 4371 Hic
1013 4314 1174 4369 enim
1204 4309 1385 4365 situm
1405 4315 1498 4365 est
1525 4308 1667 4364 ﬁdei
1696 4314 2020 4368 certamen.

1210 4456 1411 4526 Caput
1453 4456 1505 4513 Ι.

607 4584 840 4655 Quarta
859 4589 1059 4643 autem
1090 4585 1303 4655 vigilia
1323 4586 1514 4642 noctis
1545 4585 1710 4643 venit
1751 4587 1923 4642 Jesus
1951 4587 2034 4643 ad
2078 4600 2182 4646 eos

532 4675 852 4736 ambulans
881 4689 1064 4744 super
1081 4689 1266 4732 mare.
1315 4676 1394 4731 Et
1449 4675 1714 4732 videntes
1733 4691 1865 4732 eum
1897 4677 2184 4746 discipuli

530 4780 714 4836 super
739 4780 907 4821 mare
930 4764 1362 4832 ambulantem,
1403 4764 1635 4820 turbati
1673 4771 1832 4835 sunt,
1875 4766 2176 4823 dicentes:

529 4855 911 4913 Phantasma
931 4859 1052 4909 est:
1088 4859 1142 4909 et
1168 4867 1295 4922 pra
1325 4854 1536 4909 timore
1563 4854 1999 4911 clamaverunt.
2037 4856 2181 4912 Sta-

531 4947 755 5018 timque
790 4944 963 5001 Jesus
995 4943 1230 5000 locutus
1260 4948 1344 5000 est
1381 4943 1463 4999 eis
1486 4943 1688 5000 dicens
1713 4961 1727 4999 :
1758 4944 1989 5003 Habete
2014 4946 2179 5015 ﬁdu-

601 5145 716 5225 (15)
768 5140 1179 5225 Beg:_‘tertius
1227 5144 1315 5225 καὶ
1352 5137 1591 5225 βίκους-ιν,
1642 5140 1868 5225 ibidem
1923 5150 2178 5221 utraque

530 5208 710 5289 editio
759 5208 952 5289 animi:
997 5208 1055 5266 δὲ
1099 5216 1194 5275 τὰς
1241 5212 1677 5289 ἐντολάςηιῖεεὶὶ
1706 5218 1940 5289 primus
1978 5225 2035 5276 et
2075 5208 2181 5276 fer-

530 5286 645 5341 tius
684 5293 798 5346 ταῖς
825 5284 1074 5361 ἐντολαῖς,
1108 5284 1609 5361 ςθοιᾳτ-Ηοοιίρεο
1640 5284 1853 5344 iri—loco
1886 5292 2006 5361 Reg
2059 5291 2180 5361 pri-

527 5372 667 5434 m_us_
692 5360 1072 5434 κατακρίνεται.
1092 5358 1240 5434 Post
1261 5356 1319 5411 ill
1331 5354 1789 5434 ιιά,ιέρ’γοιζόμενοι
1818 5365 1911 5417 τὴν
1943 5354 2177 5434 ἀνομίαν,

527 5427 736 5498 addita
793 5427 1038 5498 suntin
1090 5428 1258 5482 Mess.
1318 5433 1375 5482 et
1424 5427 1483 5482 iu
1518 5427 1523 5428 ⁷
1563 5427 1741 5498 Regio
1801 5427 2043 5487 nostro'
2080 5427 2181 5489 co-

526 5496 659 5554 dice
687 5496 872 5553 verba.
898 5496 1001 5553 illa
1046 5498 1304 5555 Matthaei
1340 5513 1442 5571 vn,
1486 5501 1555 5554 24
1603 5496 1669 5556 et
1712 5516 1881 5574 seq.:
1938 5509 2042 5564 Πᾶς
2093 5501 2181 5558 οὖν

2209 4389 2258 4444 D

2296 3134 2630 3212 ἕξεϐαλομεν;
2659 3144 2749 3192 καὶ
2776 3148 2846 3210 τῷ
2875 3149 2950 3213 σῷ
2972 3141 3182 3215 ὀνόματι
3213 3139 3462 3218 δυνάμεις
3489 3145 3676 3207 πολλὰς
3706 3144 3907 3206 ἐποιή-

2297 3246 2459 3300 σαμεν
2482 3243 2497 3295 ;
2524 3233 2623 3281 Καὶ
2651 3234 2768 3283 τότε
2789 3230 3098 3303 ὁμολογήσω
3119 3233 3315 3300 αὐτοῖς,
3343 3235 3422 3287 ὅτι
3450 3231 3720 3289 Οὐδέποτε
3739 3238 3906 3308 ἔγνων

2296 3318 2452 3389 ὑμᾶς.
2514 3317 2864 3395 Ἀποχωρεῖτε
2920 3320 3008 3374 ἀπ’
3034 3322 3180 3395 ἐμοῦ,
3214 3325 3262 3376 οἱ
3288 3322 3623 3398 ἂργαζόμενοι
3641 3328 3741 3384 τὴν
3770 3324 3909 3380 ἀνο-

2296 3411 2440 3479 μίαν,
2468 3426 2558 3490 xu}
2584 3412 2649 3461 τὰ
2668 3408 2800 3473 ἑξῆς.
2844 3417 3134 3469 ΛΟΥΚΑΣ.
3173 3417 3237 3467 Τί
3266 3409 3327 3466 δέ
3350 3433 3414 3486 με
3438 3414 3656 3480 καλεῖτε,
3713 3417 3906 3490 Κύριε,

2300 3499 2476 3570 Κύριε,
2503 3482 2593 3551 κάὶ
2616 3499 2675 3551 οὐ
2705 3506 2871 3553 ποεῖτε
2900 3499 2934 3552 ἃ
2961 3500 3130 3573 Myro;
3169 3507 3259 3555 καὶ
3288 3482 3360 3555 τά
3380 3503 3511 3567 ἑξῆς.
3541 3511 3710 3557 ΠΡΟΣ
3761 3482 3904 3561 ἹζῐἸί

2298 3588 2425 3637 Θεὸν
2455 3586 2795 3660 ὁμολογοῦσιν
2843 3586 3055 3657 εἰδέναι,
3100 3598 3212 3653 τοῖς
3264 3588 3326 3645 δέ
3370 3596 3538 3666 ἔργοις
3576 3592 3862 3666 ἀρνοῦνται
3887 3617 3903 3630 ο

2297 3671 2577 3746 βδελυκτοὶ
2606 3682 2765 3748 ὄντες,
2795 3683 2886 3732 καὶ
2914 3678 3161 3749 ἀπειθεῖς,
3192 3685 3281 3735 καὶ
3307 3685 3439 3754 πρὸς
3468 3688 3567 3735 πᾶν
3596 3685 3744 3758 ἔργον
3766 3682 3905 3756 ἁγα-

2297 3764 2385 3816 θόν
2424 3761 2692 3839 ἀδόκιμοι.

2952 3935 3118 3984 οΡοΣ
3158 3930 3236 3989 11'.

2290 4051 2488 4105 Ὀτιοῦ
2514 4049 2599 4106 δεῖ
2626 4049 2990 4128 διακρίνεσθαι
3030 4062 3123 4109 καὶ
3170 4052 3444 4120 διστάζειν
3479 4061 3597 4131 (76)
3646 4058 3731 4115 ἐπὶ
3777 4066 3899 4126 τοῖς

2362 4143 2463 4194 ὑπὸ
2492 4150 2584 4194 τοῦ
2630 4147 2823 4217 Κυρίου
2863 4142 3175 4217 λεγομένοις,
3217 4145 3346 4199 ἀλλά
3386 4148 3897 4224 πεπληροφορῆσθαι

2360 4236 2462 4282 πᾶν
2486 4232 2632 4305 ῥῆμα
2661 4240 2794 4285 Θεοῦ
2821 4230 3004 4297 ἀληθὲς
3029 4231 3158 4287 εἶναι
3176 4241 3266 4289 καὶ
3286 4232 3529 4306 δυνατὸν,
3549 4237 3644 4292 κᾶν
3674 4241 3707 4297 ἡ
3737 4243 3898 4312 φύσις

2359 4322 2626 4393 μάχηται.
2659 4320 2913 4376 Ἐνταῦθα
2938 4324 3041 4397 γὰρ
3066 4330 3156 4378 καὶ
3185 4326 3212 4378 ὁ
3243 4324 3382 4399 ἁγων
3409 4335 3505 4390 τῆς
3531 4334 3779 4392 πίστεως.

2931 4467 3121 4540 Κεφάλ.
3177 4468 3241 4525 α’.

2359 4594 2726 4646 ΜΑΤΘᾹῘΟΣ.
2798 4592 3026 4665 Τετάρτῃ
3115 4589 3175 4647 δι
3248 4594 3449 4669 φυλακῇ
3520 4605 3618 4659 τῆς
3707 4602 3895 4661 νυκτός

2289 4683 2501 4756 ἔρχεται
2565 4682 2591 4732 ὁ
2660 4678 2860 4741 Ἰησοῦς
2936 4685 3065 4755 πρός
3125 4683 3236 4754 (⁸77)
3324 4683 3514 4748 αὐτοὺς
3587 4698 3890 4760 περιπατῶν

2290 4769 2373 4824 ἐπὶ
2430 4778 2521 4831 τῆς
2573 4769 2859 4831 θαλάσσης.
2932 4775 3033 4823 Καὶ
3085 4768 3283 4834 ἰδόντες
3338 4774 3493 4828 αὐτὸν
3546 4778 3596 4828 οἱ
3651 4779 3890 4848 μαθηταὶ

2290 4858 2373 4913 ἰπὶ
2453 4864 2545 4918 τὴν
2617 4859 2884 4913 θάλασσαν
2977 4870 3382 4936 περιπατοῦντα,
3479 4863 3883 4939 ἐταράχθησαν,

2288 4949 2553 5021 λέγοντες·
2633 4950 2917 5022 Φάντασμά
2981 4947 3094 5001 ἔστι
3126 4971 3140 4985 ·
3217 4957 3307 5005 καὶ
3382 4952 3482 5007 ἀπὸ
3551 4962 3645 5007 τοῦ
3726 4955 3886 5029 φοϐον

2287 5149 2431 5213 ὅστις
2491 5146 2667 5223 ἀκούει
2718 5162 2818 5223 μου
2869 5150 2992 5211 τοὺς
3036 5145 3337 5222 λόγους.....
3383 5151 3415 5211 ἡ
3464 5160 3664 5215 πτῶσις
3720 5153 3887 5217 αὐτῆς

2287 5222 2481 5295 μεγάλη
2531 5217 2738 5293 σφόδρὰ
2750 5265 2761 5276 .

2360 5287 2474 5366 (76)
2505 5287 2641 5362 Reg.
2670 5287 2880 5366 tertius
2909 5292 2943 5366 ἢΔ
2975 5287 3267 5354 διστάζειν.

2505 5367 2642 5443 βθξξ.
2668 5363 2898 5443 primus
2920 5364 3133 5437 ξοχεται
3162 5366 3189 5416 ὁ
3221 5366 3427 5429 Ἰησοῦς
3446 5370 3595 5440 πρὸς.
3623 5368 3880 5443 Utraque

2289 5434 2473 5492 editio
2504 5434 2714 5510 ἔρχεται
2751 5440 2899 5507 πρὸς.
