4112 6172
191 214 279 270 713
1696 201 2034 260 ΠΟΒᾹΗΑ.
3429 216 3534 270 714,

192 336 414 411 αραξαν.
449 334 649 396 Εὐθέως
681 329 741 386 δ⁶ε
767 330 1011 390 ὶλάλησεν
1049 330 1230 392 αὐτοῖς
1265 331 1292 381 6
1338 329 1545 390 Ἰησοῦς
1586 326 1775 398 λέγων·
1812 368 1816 377 .

1911 324 2068 383 riam.
2098 326 2231 398 Ego
2258 344 2408 398 sum,
2439 331 2625 388 nolite
2661 332 2885 389 timere.
2932 334 3313 404 Respondens
3340 342 3535 393 autem

193 432 453 499 Θαρσεῖτε,
494 423 595 495 ἐγὼ
627 422 755 495 εἰμι.
786 425 860 495 μὴ
893 419 1150 493 φοϐεῖσθε.
1194 420 1518 491 Ἀποκριθεὶς
1550 413 1609 469 δε
1639 415 1782 485 αὐτῷ

1917 415 1990 470 lli
2006 416 2224 472 Petrus
2272 417 2468 476 dixit:
2514 421 2786 490 Domine,
2824 423 2878 477 si
2920 427 2986 477 tu
3028 438 3105 491 es,
3148 424 3298 493 jube
3341 441 3435 482 me
3461 427 3541 484 ad

191 517 214 566 6
237 516 333 584 (78)
365 518 561 587 Πέτρος
586 513 696 564 εἶπε
720 532 734 545 ο
766 513 941 584 Κύριε,
977 509 1019 561 εἰ
1040 511 1106 561 σὺ
1132 505 1197 574 εἴ,
1222 507 1462 561 κέλευσόν
1487 524 1550 579 με
1570 507 1700 579 πρὸς
1725 506 1782 557 σε

1920 519 1951 560 e
1973 507 2179 563 venire
2201 522 2383 578 super
2415 524 2623 580 aquas.
2667 511 2748 566 Et
2790 513 2916 581 ipse
2945 516 3030 568 ait
3060 529 3085 569 .·
3127 515 3290 571 Veni.
3326 517 3404 572 Et
3435 517 3540 574 de—

192 603 334 656 ὶλθεῖν
362 602 449 655 ἐπὶ
488 603 557 653 τὰ
578 597 773 655 ὕδατα.
804 600 863 651 Ὀ
903 595 961 651 δε
987 599 1123 651 εἶπεν
1146 618 1158 630 ι
1210 596 1370 650 Ἐλθέ.
1424 600 1525 648 Καὶ
1554 591 1783 652 καταϐὰς

1919 595 2173 652 cendens
2199 599 2414 655 Petrus
2443 599 2517 655 de
2535 601 2699 666 navi,
2740 602 3092 658 ambulabat
3121 619 3299 674 super
3327 621 3539 678 aquas.

194 693 282 747 ἀπὸ
308 701 403 746 τοῦ
428 692 613 749 πλοίου
643 693 670 743 ὀ
709 694 923 764 Πέτρος,
955 690 1332 763 περιεπάτησεν
1372 684 1456 738 ἐπὶ
1484 688 1550 737 τὰ
1587 681 1781 750 ὕδατα,

1914 690 1957 739 ιι
1980 686 2207 742 veniret
2228 687 2311 743 ad
2328 690 2549 744 Jesum.
2584 691 2798 746 Videns
2825 707 2962 749 vero
2981 700 3222 750 ventum
3250 696 3538 761 validum,

192 782 334 836 aea.
363 785 499 856 πρός
522 784 608 833 τόν
638 779 867 837 Ἰησοῦν.
897 777 1096 830 Βλέπων
1130 773 1189 829 δὲ
1213 779 1300 828 τὸν
1324 777 1509 847 ἄνεμον
1538 775 1784 856 ἰσχυρόν,

1923 775 2093 830 imuit
2119 791 2140 831 .·
2168 782 2225 831 et
2254 793 2389 833 cum
2433 780 2699 848 coepisset
2729 783 2939 851 mergi,
2973 782 3259 839 clamavit
3289 784 3492 842 dicens
3519 804 3542 842 ,ο

194 872 408 945 ὶροϐοθη
435 892 447 904 ·
484 875 575 923 καὶ
605 868 885 942 ἀρξάμενος
923 866 1419 931 καταποντίζεσθαι,
1454 862 1633 937 ἕκραξε
1672 842 1789 931 (79)

1921 865 2162 930 Domine,
2192 869 2430 924 salvum
2457 884 2550 925 me
2569 868 2694 937 fac.
2722 870 2801 925 Et
2833 872 3115 928 continuo
3143 874 3314 930 Jesus
3342 879 3545 932 exten-

191 960 334 1031 λέγων
362 981 377 993 ·
414 962 595 1033 Κύριε,
624 963 797 1011 σῶσόν
822 976 904 1030 με.
947 957 1152 1019 Εὐθέως
1184 952 1242 1009 δὲ
1272 957 1299 1007 6
1330 956 1538 1015 Ἰησοῦς
1566 952 1786 1013 ἐκτείνας

1919 954 2038 1010 tens
2066 970 2333 1025 manum,
2383 958 2825 1026 apprenhendit
2869 974 3020 1029 eum,
3054 966 3109 1017 et
3140 962 3225 1017 ait
3245 962 3344 1017 illi
3370 980 3390 1015 .-
3419 962 3543 1018 Mo-

192 1055 271 1106 τὴν
310 1056 491 1123 χεῖρα,
537 1046 811 1100 ἐπελάϐετο
862 1046 1042 1113 αὐτοῦ,
1088 1050 1178 1099 καὶ
1208 1044 1344 1117 λέγει
1365 1044 1506 1116 αὐτῷ
1529 1065 1543 1078 ο
1576 1042 1787 1113 Ὀλιγό-

1918 1043 2045 1099 licz
2065 1044 2226 1112 ﬁdei,
2260 1059 2448 1115 quare
2476 1046 2772 1103 dubitasti
2795 1052 2888 1102 .9...
2908 1049 3152 1118 (Matth.
3184 1066 3296 1115 xxv,
3328 1051 3542 1120 25-31.)

190 1156 352 1203 πιστε,
390 1137 461 1196 εἰς
488 1141 541 1188 τί
594 1133 923 1202 idid-tuan;
981 1140 1299 1189 ΙΩΑΝΝΗΣ.
1353 1134 1649 1206 Ἐμάχοντο
1700 1127 1788 1185 οὖν

1920 1133 2245 1203 Litigabant
2274 1149 2413 1204 ergo
2436 1136 2638 1192 Judaei
2659 1136 2741 1192 ad
2765 1138 3035 1204 invicem,
3061 1139 3319 1195 dicentes
3348 1158 3362 1193 :
3396 1142 3544 1208 Quo-

192 1230 311 1301 πρός
336 1224 588 1286 ἀλλήλους
616 1227 666 1277 οἱ
692 1221 966 1291 Ἰουδαῖοι,
997 1223 1229 1296 λέγοντες
1254 1245 1266 1258 ο
1312 1230 1422 1284 Πῶς
1461 1219 1683 1275 δύναται
1707 1229 1792 1279 οὗ,

1920 1221 2071 1278 nodo
2083 1223 2181 1278 hic
2198 1222 2315 1294 24
2326 1225 2369 1293 1
2390 1230 2581 1293 potest
2598 1242 2673 1281 no
2682 1226 2766 1281 bis
2781 1226 2931 1283 dare
2942 1242 3179 1283 carnem
3194 1229 3274 1283 ad
3287 1230 3544 1284 mandu-

188 1335 267 1377 τος
290 1318 416 1388 ἡμῖν
445 1320 542 1373 τήν
570 1316 744 1387 σάρκα
774 1310 958 1366 δοῦναι
983 1321 1161 1386 φαγεῖν
1185 1332 1199 1381 ;
1248 1309 1400 1366 Εἶπεν
1448 1309 1535 1365 οὖν
1576 1312 1751 1373 αὐτοῖς
1774 1331 1787 1344 ⁸

1948 1312 2159 1367 Indum
2173 1312 2200 1367 ?
2212 1313 2378 1368 Dixit
2397 1329 2538 1385 ergo
2550 1317 2631 1371 eis
2641 1330 2664 1371 .°
2677 1317 3066 1385 Amen,amen
3084 1316 3212 1373 dico
3234 1318 3394 1373 vobis
3410 1318 3572 1386 ,nisi~

191 1404 347 1478 ’Δμήν
377 1403 519 1477 ἀμήν
561 1403 693 1475 λέγω
724 1404 866 1475 ὑμῖν,
894 1402 979 1455 ἐὰν
1009 1407 1081 1476 μή
1121 1405 1317 1475 φάγητε
1354 1406 1442 1461 τήν
1486 1403 1657 1476 σάρκα
1698 1409 1789 1453 τοῦ

1925 1398 2412 1456 nanducaveritis
2441 1417 2682 1458 carnem
2721 1404 2868 1458 Filii
2893 1404 3171 1471 hominis,
3199 1412 3253 1460 et
3287 1404 3549 1461 biberitis

189 1496 305 1547 Υἰοῡ
334 1502 430 1546 του
456 1491 756 1565 ἀνθρώπου,
786 1495 877 1544 καὶ
914 1496 1067 1549 πίητε
1094 1492 1209 1559 (80)
1231 1490 1320 1543 αὐτ
1333 1498 1391 1542 οῦ
1422 1494 1480 1543 τὸ
1522 1489 1675 1562 αἷμα,
1698 1494 1791 1542 ουκ

1925 1491 2028 1558 rjus
2048 1491 2427 1561 sanguinem,
2447 1507 2569 1546 non
2608 1491 2836 1548 habetis
2866 1494 3052 1549 vitam
3083 1495 3147 1548 in
3172 1493 3333 1549 vobis
3353 1495 3549 1564 (Joan.

188 1585 329 1654 ἔχετε
356 1583 498 1643 ζωήν
529 1581 580 1633 ἐν
605 1580 811 1642 ἑαυτοῖς
861 1585 1147 1634 ΛΟΥΚΛΣ.
1176 1577 1298 1633 Εἶπε
1329 1577 1388 1632 δὲ
1415 1578 1556 1650 αὐτῷ
1578 1581 1603 1631 6
1630 1581 1790 1651 ἀγγε-

1924 1595 1975 1647 rr,
2009 1582 2097 1649 53,
2127 1581 2215 1645 5})
2279 1621 2292 1634 .
2314 1621 2328 1636 .
2352 1621 2365 1634 .
2388 1622 2401 1634 .
2425 1622 2438 1635 .
2502 1580 2608 1635 Ait
2658 1585 2855 1638 autem
2916 1581 2997 1638 ad
3043 1583 3220 1638 illum
3249 1583 3502 1653 angelus
3535 1599 3548 1637 :

186 1670 263 1732 λος
287 1692 300 1705 ·
334 1674 422 1729 Μή
448 1669 630 1743 φοϐοῦ,
654 1674 922 1743 Ζαχαρία,
966 1665 1106 1721 διότι
1155 1668 1475 1727 εἰσηκούσθη
1520 1670 1549 1726 ή
1606 1665 1793 1730 δέησίς

1929 1669 1989 1724 Ve
2005 1669 2236 1735 timeas,
2258 1669 2590 1738 Zacharia,
2618 1671 2761 1741 quia
2788 1671 3080 1727 exaudita
3107 1676 3191 1728 est
3213 1672 3553 1741 deprecatio

189 1778 279 1814 σου
306 1782 319 1794 ·
353 1764 447 1813 καὶ
467 1761 499 1817 ἡ
532 1760 659 1831 γυνή
696 1778 792 1812 σου
825 1757 1091 1812 Ἐλίσάϐετ
1119 1764 1356 1830 γεννήσει
1385 1760 1495 1811 υἱόν
1543 1776 1648 1812 σοι.
1693 1761 1793 1810 Καὶ

1930 1774 2010 1816 ua.
2042 1775 2056 1814 :
2098 1765 2151 1815 et
2174 1759 2487 1817 Elisabeth
2505 1775 2663 1816 uxor
2687 1767 2794 1817 tua
2810 1765 3009 1830 pariet
3030 1763 3142 1817 tibi
3161 1764 3359 1830 ﬁlium
3383 1764 3552 1832 (Luc.

184 1851 295 1923 μετ’
333 1849 518 1920 ὢίγαο
543 1853 645 1901 Καὶ
673 1850 783 1901 εἷπε
806 1853 1082 1923 Ζαχαρίας
1104 1852 1235 1923 πρός
1259 1852 1346 1901 τόν
1362 1847 1580 1920 ἄγγελον
1604 1868 1618 1882 ο
1648 1848 1795 1901 Κατὰ

1932 1890 1942 1916 ,
1994 1853 2096 1906 13).
2141 1851 2206 1904 Et
2253 1849 2437 1920 paulo
2491 1853 2674 1921 post:
2724 1851 2805 1906 Et
2867 1851 3025 1907 dixit
3078 1851 3419 1908 Zacharias
3474 1851 3556 1908 ad

184 1946 234 1992 τί
256 1945 536 2011 γνώσομαι
562 1945 754 2003 τοῦτο;
788 1937 921 2008 Ἐγὼ
967 1941 1066 2013 γὰρ
1116 1938 1221 2010 εἰμι
1266 1936 1584 2013 πρεσϐύτης,
1629 1941 1720 1989 καὶ
1759 1938 1788 1995 ἡ

1929 1938 2183 2007 zngelum
2210 1952 2232 1989 .·
2269 1936 2435 1993 Unde
2459 1936 2570 1994 hoc
2587 1937 2773 1994 sciam
2795 1941 2823 1992 ?
2851 1939 2978 2009 Ego
3006 1938 3161 1995 enim
3191 1954 3322 1994 sum
3351 1954 3553 2007 senex,

182 2034 313 2101 γυνή
343 2048 447 2101 μου
474 2025 834 2100 προϐεϐηκυῖα
862 2024 909 2077 ἐν
938 2034 1053 2088 ταῖς
1082 2028 1302 2100 ἡμέραις
1326 2026 1505 2086 αὐτῆς.
1542 2030 1642 2079 Καὶ
1664 2025 1792 2079 ἀπο-

1936 2032 1956 2083 t
1980 2042 2134 2082 uxor
2154 2041 2285 2082 mea
2297 2016 2584 2096 processit
2606 2028 2670 2081 in
2691 2025 2898 2082 diebus
2919 2027 3066 2082 suis.
3089 2027 3167 2083 Et
3190 2027 3555 2096 respondens

180 2120 384 2193 κριθεὶς
410 2118 434 2167 ό
462 2115 673 2189 ἄγγελος
695 2112 830 2167 εἶπεν
860 2115 1000 2186 αὐτῷ
1025 2136 1038 2149 ·
1074 2115 1204 2186 Ἐγώ
1235 2115 1342 2188 εἰμι
1371 2114 1619 2190 Γαϐριὴλ,
1645 2117 1669 2167 6
1699 2135 1796 2168 πα-

1934 2115 2155 2185 :ngelus
2184 2115 2339 2171 didit
2366 2118 2454 2172 ei:
2488 2116 2618 2186 Ego
2647 2130 2776 2171 sum
2824 2115 3089 2179 Gabriel,
3122 2115 3228 2186 qui
3256 2122 3385 2171 asto
3417 2121 3558 2171 ante

181 2210 451 2283 ρεστηκὼς
479 2204 697 2257 ἐνώπιον
727 2210 821 2256 τοῦ
862 2211 994 2256 Θεοῦ
1018 2222 1032 2236 ⁸
1083 2208 1172 2256 καὶ
1217 2201 1512 2261 ἀπεστάλην
1567 2203 1794 2262 λαλῆσαι

1938 2207 2138 2261 )eum:
2190 2210 2245 2261 et
2292 2205 2504 2260 missus
2553 2221 2682 2261 sum
2734 2205 2899 2275 loqui
2927 2204 3010 2260 ad
3039 2210 3116 2269 te,
3164 2212 3218 2260 et
3277 2203 3400 2260 hanc
3453 2203 3562 2259 tibi

183 2300 313 2371 πρός
356 2298 434 2362 σε,
458 2298 551 2346 καὶ
578 2291 1023 2365 εὐαγγελίσασθαί
1055 2311 1138 2344 σοι
1175 2299 1361 2346 ταῦτα.
1423 2297 1525 2346 Καὶ
1554 2289 1671 2345 ἰδοὺ
1700 2295 1791 2365 ἔσῃ

1938 2293 2339 2364 vangelizare.
2382 2294 2459 2348 Et
2502 2308 2634 2349 ecce
2661 2296 2778 2349 eris
2830 2299 3055 2357 tacens.
3099 2299 3154 2350 et
3186 2309 3305 2349 non
3336 2294 3559 2362 poteris

187 2392 422 2450 σιωπῶν,
451 2388 543 2435 καὶ
563 2387 635 2455 μή
672 2378 957 2453 δυνάμενος
978 2380 1207 2440 λαλῆσαι
1244 2382 1380 2456 ἄχρι
1405 2382 1466 2443 ἧς
1498 2383 1695 2456 ἡμέρας
1714 2385 1797 2452 γέ-

1936 2384 2074 2453 oqui
2103 2397 2289 2453 usque
2325 2383 2388 2437 in
2419 2382 2597 2450 diem,
2625 2398 2742 2455 quo
2788 2382 2914 2439 hwc
2942 2383 3114 2449 ﬁant,
3154 2397 3265 2451 pro
3308 2398 3373 2438 eo
3404 2382 3560 2453 quod

186 2493 337 2532 νηται
373 2480 563 2538 ταῦτα,
601 2467 711 2521 ἀνθ’
742 2470 811 2520 ὧν
842 2468 936 2521 οὐκ
966 2467 1277 2530 ἐπίστευσας
1316 2476 1423 2531 τοῖς
1460 2468 1630 2540 λόγοις
1672 2489 1794 2542 μου,

1933 2487 2024 2526 ton
2072 2471 2385 2528 credidisti
2424 2473 2619 2528 verbis
2664 2473 2826 2543 meis,
2879 2487 3010 2542 qua:
3055 2471 3470 2540 implebantur
3494 2470 3557 2525 in

189 2565 370 2624 οἵτινες
426 2559 872 2633 πληρωθήσονται
924 2558 992 2620 εἰς
1038 2561 1124 2611 τόν
1171 2561 1351 2632 καιρὸν
1390 2558 1577 2613 αὐτῶν,
1629 2565 1799 2612 ΙΙΡΟΣ

1937 2575 2170 2629 empore
2196 2576 2304 2616 suo
2357 2560 2526 2633 (ibid.
2585 2563 2748 2616 18-20
2803 2603 2816 2616 .
2838 2603 2851 2615 .
2874 2602 2887 2615 .
2910 2601 2923 2614 .
2946 2601 2959 2614 .
3014 2559 3092 2615 Et
3142 2575 3262 2614 non
3294 2560 3561 2628 inﬁrma-

192 2657 345 2705 PQM.
393 2654 499 2703 Καὶ
527 2653 601 2722 μή
636 2646 933 2709 ἀσθενήσας
961 2654 1023 2719 τῇ
1056 2652 1252 2715 πίστει,
1304 2647 1362 2699 οὐ
1411 2665 1693 2706 κατενόησε
1740 2652 1798 2699 τό

1936 2665 2001 2705 us
2032 2655 2116 2705 est
2147 2650 2211 2704 in
2237 2649 2370 2718 fide,
2402 2665 2510 2706 nec
2549 2649 2953 2706 consideravit
2985 2665 3200 2718 corpus
3231 2664 3403 2704 suum
3424 2650 3560 2718 jam

197 2737 375 2791 ἑαυτοῦ
404 2746 563 2811 σῶμα
591 2738 703 2807 (81)
735 2732 842 2794 ἤδη
875 2740 1259 2811 νενεκρωμένον,
1306 2735 1671 2799 ἑκατονταετής
1699 2757 1798 2789 που

1938 2744 2265 2807 mortuum,
2295 2754 2427 2794 cum
2483 2740 2616 2808 lere
2672 2744 2909 2795 centum
2960 2744 3105 2796 esset
3151 2754 3473 2804 annorum,
3507 2742 3562 2792 et

196 2826 470 2900 ὑπάρχων,
505 2831 595 2878 καὶ
624 2830 718 2885 τήν
746 2829 995 2898 νέκρωσιν
1027 2833 1120 2887 τῆς
1150 2829 1355 2901 μήτρας
1386 2824 1601 2900 Σάρρας.
1630 2826 1719 2886 Εἰς
1741 2823 1800 2878 δι

1944 2834 2241 2885 mortuam
2274 2829 2517 2885 vulvam
2537 2829 2763 2885 δαν-ναξ.
2787 2830 2858 2883 1η
2875 2829 3270 2897 promissione
3298 2843 3435 2883 vero
3459 2827 3568 2882 Dei

196 2920 284 2974 τήν
312 2914 626 2989 ἐπαγγελίαν
649 2923 742 2968 τοῦ
774 2922 907 2969 Θεοῦ
938 2914 996 2967 οὗ
1028 2910 1266 2987 διεκρίθη
1308 2922 1369 2987 τῇ
1404 2912 1646 2987 ἀπιστίᾳ,
1692 2912 1800 2966 ἀλλ’

1934 2932 2033 2971 ton
2065 2916 2361 2972 hxsitavit
2379 2916 2744 2985 diffidentia,
2770 2916 2875 2972 sed
2894 2917 3273 2986 confortatus
3307 2921 3391 2971 est
3408 2914 3558 2983 ﬁde:

195 3002 558 3079 ἐνεδυναμώθη
592 3012 655 3078 τῇ
684 3009 863 3057 πίστει
885 3026 898 3038 ·
933 3000 1061 3065 δοὺς
1099 3001 1259 3066 δόξαν
1288 3011 1361 3074 τῷ
1391 3012 1524 3075 Θεῷ,
1554 3010 1643 3056 καὶ
1664 3004 1801 3063 πλη-

1938 3005 2065 3063 lans
2102 3006 2362 3077 gloriam
2397 3007 2534 3073 Deo,
2583 3005 2926 3074 plenissime
2952 3006 3144 3060 sciens
3193 3004 3354 3075 quod
3380 3002 3562 3072 quod-

192 3098 523 3169 ρογορηθεὶς,
551 3095 633 3147 ὅτι
671 3093 697 3145 ὃ
729 3092 1060 3165 ἐπήγγελται,
1095 3089 1318 3155 δυνατός
1347 3091 1459 3145 ἔστι
1505 3098 1594 3146 καὶ
1640 3101 1801 3153 ποιῆ-

1937 3109 2144 3167 ἰιηᾳιιε
2159 3094 2459 3163 promisit,
2477 3098 2690 3161 potens
2711 3097 2796 3149 est
2816 3098 2871 3148 et
2897 3093 3104 3161 facere
3126 3109 3139 3147 :
3163 3092 3294 3147 ideo
3315 3095 3369 3146 et
3391 3105 3561 3159 repu-

197 3202 302 3239 σιι.
332 3187 426 3238 Διὸ
464 3188 559 3236 καὶ
589 3180 832 3254 ἱλογίσθη
865 3181 1005 3253 αὐτῷ
1038 3182 1107 3245 εἰς
1134 3179 1495 3241 δικαιοσύνην.

1911 3189 2105 3241 talum
2125 3189 2208 3240 est
2231 3183 2331 3238 illi
2347 3181 2429 3238 ad
2446 3182 2750 3252 justitiam
2780 3181 2971 3252 (Rom.
2990 3196 3064 3247 ιν,
3093 3184 3296 3251 19-22).

192 3307 308 3361 Ὀτι
336 3312 367 3362 ὁ
396 3309 484 3362 ἐπὶ
515 3313 628 3368 τοῖς
656 3306 898 3360 ἕλάττοσι
926 3306 1039 3379 (82)
1079 3311 1150 3380 μή
1192 3309 1451 3361 πιστεύων
1499 3315 1572 3378 τῷ
1627 3313 1803 3383 Κυρίῳ

1940 3309 2086 3376 )uod
2114 3309 2221 3382 qui
2249 3308 2312 3364 in
2343 3305 2681 3364 minoribus
2711 3321 2835 3362 non
2877 3303 3066 3361 credit
3105 3303 3381 3373 Domino,
3425 3317 3564 3359 eum

265 3395 424 3459 δῆλός
472 3395 591 3450 ἐστι
640 3393 773 3449 πολὺ
822 3400 1069 3470 πρότερον
1111 3393 1194 3448 ἐπὶ
1237 3402 1347 3458 τοῖς
1392 3396 1632 3470 μείζοσιν
1676 3395 1803 3449 ἁπι-

1984 3404 2222 3456 constat
2238 3399 2419 3469 longe
2439 3397 2636 3469 magis
2653 3397 2716 3453 in
2736 3395 3075 3468 majoribus
3099 3394 3219 3467 ipsi
3238 3393 3423 3451 ﬁdem
3444 3408 3566 3450 non

267 3496 401 3541 πῶν
410 3505 427 3522 ο

1986 3488 2230 3547 habere.

865 3591 1052 3666 Κεφάλ.
1084 3593 1149 3648 Β’.

2586 3595 2784 3666 Caput
2819 3595 2897 3651 II.

268 3689 597 3739 IﬂANNHZ.
626 3681 689 3736 Εἰ
714 3682 782 3735 τὰ
810 3680 1012 3753 ἐπίγεια
1041 3678 1183 3735 εἶπον
1212 3683 1354 3755 ὑμῖν,
1387 3687 1477 3737 καὶ
1501 3683 1562 3736 οὐ
1587 3686 1809 3737 πίστι-5ο

1989 3687 2057 3743 Si
2081 3692 2324 3744 terrena
2352 3686 2487 3743 dixi
2514 3685 2697 3751 vobis,
2720 3690 2775 3741 et
2805 3700 2927 3740 non
2953 3682 3232 3749 creditis;
3257 3680 3567 3753 quomodo,

202 3792 298 3841 ετε,
351 3783 487 3839 πῶς,
537 3771 624 3824 ἰὰν
672 3773 798 3823 εἴπω
852 3771 973 3842 ὑμῖν
1018 3772 1087 3823 τὰ
1124 3769 1423 3844 ἐπουράνια,
1463 3777 1808 3841 merebant;

1952 3777 2199 3834 idixero
2219 3777 2381 3834 vobis
2401 3775 2946 3843 calestia,credetis
2968 3778 2995 3828 ?
3016 3774 3300 3845 (Joan.m,
3326 3774 3434 3835 t2).
3459 3769 3576 3838 Qui

207 3869 499 3917 .\01’KA2.
529 3862 591 3914 '0
619 3862 807 3923 πιστὸς
829 3858 878 3911 ἰν
917 3858 1184 3933 ἐλαχίστῳ
1203 3866 1293 3914 καὶ
1317 3862 1369 3915 ἄν
1417 3862 1586 3934 πολλῷ
1624 3868 1815 3926 πιστός

1951 3865 2116 3926 Edelis
2146 3868 2212 3922 in
2258 3866 2504 3922 minimo
2559 3872 2667 3931 est,
2707 3871 2760 3920 et
2808 3864 2873 3918 in
2910 3862 3103 3918 multo
3129 3859 3324 3928 ﬁdelis
3354 3861 3438 3914 est
3472 3872 3486 3911 :
3517 3860 3575 3912 et

206 3951 320 4006 ἐστι
343 3975 360 3987 ο
388 3957 485 4005 καὶ
514 3952 543 4003 6
571 3949 621 4002 ἄν
660 3948 927 4021 ελαχίστῳ
963 3946 1152 4012 ἄδικος
1188 3955 1280 4003 καὶ
1320 3949 1370 4003 ἓν
1415 3951 1584 4023 πολλῷ
1632 3950 1815 4015 ἄδικός

1953 3960 2031 4015 ναί
2048 3959 2112 4014 in
2141 3957 2389 4013 minimo
2408 3956 2654 4027 iniquus
2684 3959 2791 4024 est,
2827 3958 2882 4009 et
2912 3953 2977 4008 in
2998 3951 3191 4007 multo
3212 3949 3452 4019 iniquus
3490 3950 3577 4002 est

209 4040 371 4097 ἐστιν.

1914 4050 1937 4120 '(
1950 4051 2092 4105 Luc.
2119 4063 2230 4119 xw,
2268 4049 2376 4105 i0).

208 4147 329 4203 ὀτι
367 4148 430 4202 οὗ
462 4151 574 4222 χρὴ
606 4146 878 4220 λογισμοῖς
910 4140 1063 4208 ἰδίοις
1094 4147 1439 4221 στηρίζεσθαι
1493 4146 1577 4201 ini
1623 4148 1816 4209 ἀθετή-

1961 4154 2103 4222 !uod
2123 4170 2248 4217 non
2286 4154 2523 4226 oportet
2563 4165 2939 4225 quemquam
2972 4148 3096 4204 suis
3118 4142 3585 4203 ratiocinationi-

284 4258 367 4294 σει
395 4245 501 4291 τῶν
529 4237 632 4290 ὑπό
663 4242 755 4288 τοῦ
819 4239 1011 4310 Κυρίου
1058 4235 1339 4310 λεγομένων
1363 4258 1376 4271 ο
1421 4236 1821 4316 ἀξιοπιστότερα

1998 4244 2117 4301 bus
2142 4243 2247 4300 niti
2271 4241 2350 4300 ad
2379 4258 2450 4299 ea
2469 4257 2608 4314 quin
2628 4257 2663 4297 a
2682 4239 2936 4295 Domino
2958 4238 3242 4293 dicuntur
3258 4233 3585 4308 reproban-

286 4325 347 4381 δέ
400 4322 601 4380 εἰδέναι
657 4332 754 4386 τῆς
811 4320 952 4386 ἰδίας
997 4324 1349 4401 πληροφορίας
1394 4329 1462 4380 τὰ
1503 4336 1593 4381 τοῦ
1627 4334 1821 4404 Κυρίου
1857 4374 1900 4429 D

2002 4333 2083 4390 da
2110 4351 2123 4389 :
2154 4332 2259 4388 sed
2292 4347 2473 4387 nosse
2500 4329 2678 4386 debet
2709 4327 2948 4385 Domini
2977 4326 3163 4383 verba
3186 4325 3304 4381 ﬁde
3325 4340 3459 4380 esse
3497 4323 3587 4379 di-

283 4419 521 4494 ῥήματα·
1857 4416 1896 4429 ”
2006 4422 2219 4494 gniora
2242 4436 2429 4495 quam
2462 4435 2638 4476 suam
2665 4417 2855 4492 ipsius
2893 4416 3374 4491 persuasionem.

868 4521 1055 4596 Κεφάλ.
1115 4530 1185 4580 Γ“.

2616 4525 2806 4598 Caput
2846 4526 2923 4581 III

288 4617 664 4671 ΜΑΤΘᾹῙΟΣ.
721 4615 848 4664 Τότε
892 4611 1026 4683 λέγει
1078 4614 1251 4676 αὐτοῖς
1308 4614 1334 4666 6
1395 4613 1631 4679 Ἰησοῦς·
1688 4620 1828 4672 Πάν-

2014 4622 2179 4678 Tunc
2200 4619 2347 4677 dicit
2368 4618 2495 4675 illis
2513 4618 2684 4674 Jesus
2713 4634 2726 4672 :
2754 4616 2967 4672 Omnes
2991 4629 3089 4671 vos
3110 4611 3468 4669 scandalum
3491 4622 3595 4678 pa-

224 4725 297 4767 τες
371 4705 528 4774 ὑμεῖς
601 4695 1126 4758 σκανδαλισθήσεσθε
1192 4701 1240 4754 ἐν
1289 4701 1403 4776 ὶμοὶ
1450 4703 1498 4756 ἐν
1554 4714 1617 4779 τῇ
1684 4714 1833 4762 νυκτὶ

1973 4711 2176 4768 iemini
2191 4711 2252 4766 in
2275 4724 2366 4765 me
2392 4708 2458 4764 in
2493 4708 2611 4763 ista
2650 4713 2838 4763 nocte.
2865 4703 3248 4774 Respondens
3264 4705 3459 4755 autem
3490 4698 3597 4752 Pe-

225 4798 410 4866 ταύτῃ.
500 4789 829 4862 ’Λποκριθεὶς
906 4785 965 4843 δε
1035 4791 1061 4843 ὁ
1132 4795 1342 4867 Πέτρος,
1421 4788 1554 4848 εἶπεν
1630 4798 1771 4870 αὐτῷ
1818 4818 1832 4833 ·

1976 4816 2101 4870 rus,
2129 4799 2214 4856 ait
2244 4794 2345 4854 illi
2367 4814 2379 4852 :
2404 4797 2749 4854 Etsiomnes
2766 4792 3168 4853 scandalizati
3183 4788 3414 4859 fuerint
3437 4784 3498 4840 in
3521 4789 3594 4855 te,

439 4969 587 5049 Reg:
620 4966 829 5024 tertius
858 4965 1155 5044 ἀποκριθεὶς
1185 4966 1245 5025 δι
1275 4972 1414 5047 αὐτῷ
1442 4979 1489 5034 6.
1523 4976 1675 5036 Editi
1704 4976 1841 5033 ἀπο-

1351 4983 1414 5047 τῷ
1442 4979 1489 5034 ὃ.
1523 4976 1675 5036 Editi
1704 4976 1841 5033 ἀπο-
1951 4980 2096 5049 Reg.
2128 4975 2336 5033 tertius
2380 4973 2485 5028 εἶπε
2593 4977 2721 5049 πρός
2751 4971 2905 5049 αῆτόν
2931 4969 2975 5022 ὁ.

229 5033 603 5119 ³⁸9έέτέἒέίά
978 5033 1006 5119 .’
1108 5113 1118 5119 .
1385 5033 1394 5047 ’
1479 5033 1672 5036 ί“”⁷

1988 5033 2135 5119 ivi)
2178 5050 2437 5119 Utraque
2468 5033 2646 5100 editio'
2672 5033 2726 5096 τὸ
2758 5043 2917 5094 αὐτον
2951 5046 3119 5109 σῶμα.
3176 5037 3245 5089 At
3291 5047 3433 5087 mss.
3486 5033 3605 5085 tres

238 5108 411 5192 .173}
444 5113 712 5183 Utraque
741 5108 925 5167 editio
973 5111 1178 5187 ἓκραξε.
1247 5119 1490 5194 Antiqui
1539 5122 1662 5180 duo
1706 5121 1843 5179 libri

2300 5189 2311 5194 _
2337 5108 2358 5119 -
2393 5191 2425 5194 _
2509 5186 2519 5194 ι
2619 5183 2630 5194 ε
2676 5191 2684 5194 -
2739 5183 2768 5194 ιι
2807 5185 2817 5194 ι
3034 5179 3051 5194 Ι
3078 5176 3122 5194 ⁸1.
3145 5175 3187 5194 -Ξ
3241 5178 3467 5194 ---ι----
3532 5171 3599 5194 1,}

232 5176 436 5251 ἄραξε.
541 5250 558 5261 _
1031 5176 1040 5187 '
1547 5176 1654 5180 "'
1706 5176 1842 5179 """

2026 5193 2138 5261 (82)
2166 5189 2354 5246 Editio
2393 5186 2576 5243 Paris.
2612 5183 2694 5237 ἐπὶ
2733 5176 3191 5261 ἑλέ-τῖοσιηιίιξτῇ
3241 5178 3470 5261 ῖρῐρισςε
3526 5176 3609 5261 ἐπι

451 5250 673 5335 fditio
729 5252 915 5335 Raris.
965 5255 1443 5335 montivago-inor),
1502 5269 1593 5317 καὶ
1644 5269 1843 5323 πίνητε.

1988 5244 2073 5323 01‘;—
2092 5244 2265 5315 ἐλάται.
2286 5244 2421 5335 Πομ
2451 5262 2705 5335 utraque
2734 5252 2915 5310 editio
2936 5254 3025 5301 καὶ
3054 5245 3205 5301 πολὺ.
3251 5244 3476 5301 Vocula
3521 5249 3612 5297 καὶ

232 5319 421 5379 Editio
451 5324 599 5381 Ven.
633 5335 691 5379 et
726 5322 851 5380 duo
883 5341 1032 5382 mss.
1066 5332 1131 5385 ut
1171 5319 1255 5386 in'
1283 5319 1586 5392 contextu.
1640 5319 1849 5391 Statim
1960 5335 2027 5390 in
2047 5319 2195 5389 mss.
2225 5345 2350 5390 non
2380 5319 2617 5397 legitur:

557 5450 805 5505 ΡΑτιιοι.
855 5450 957 5506 Gn.
1006 5452 1179 5511 XXXI.

3320 5446 3387 5500 23
