4112 6172
594 304 701 359 715
1971 291 2025 344 S.
2063 284 2314 341 BASILII
2344 285 2566 343 MAGNI
3832 296 3940 349 746

587 440 693 498 ego
715 439 1027 498 nunquam
1053 416 1535 479 scandalisabor.
1558 416 1659 471 Ait
1684 415 1782 470 illi
1806 414 1975 469 Jesus
1999 427 2011 466 :
2040 412 2211 466 Amer

2345 415 2444 465 Καὶ
2474 412 2516 465 εἰ
2544 416 2726 476 πάντες
2757 412 3308 474 σκανδαλισθήσονται
3348 414 3395 467 ἐν
3429 421 3532 481 σοὶ,
3566 414 3665 486 ἐγὼ
3706 413 3767 469 δε
3790 414 3941 470 οὐδὲ·

585 517 717 573 dico
727 514 923 583 tibi,in
941 511 1056 569 hac
1070 512 1582 577 nocte,antequam
1594 505 1799 575 gallus
1815 503 2129 569 cantet,ter
2141 514 2209 553 mi

2339 519 2462 557 ποτε
2488 500 3036 578 σκανδαλισθήσομαι.
3062 504 3191 577 Ἔφη
3222 505 3360 577 αὐτῷ
3405 507 3429 557 6
3468 504 3676 567 Ἰησοῦς
3700 528 3712 539 ·
3772 505 3941 578 Ἀμὴν

584 604 831 675 negabis
886 599 1130 671 (Matth.
1194 612 1355 666 xum,
1422 596 1634 664 31-34).
1713 594 1961 662 Vespere
2028 594 2208 645 auten

2338 588 2468 661 λέγω
2502 609 2605 659 σοι,
2646 590 2701 649 ἐν,
2724 596 2885 664 ταύτῃ
2914 601 2976 665 τῇ
3009 597 3173 661 νυκτὶ,
3216 598 3338 668 πρὶν
3388 593 3637 668 ἀλέκτορα
3675 602 3940 665 φωνῆσαι,

579 694 764 764 facta,
800 688 1207 746 discumbebat
1251 700 1387 743 cum
1434 682 1749 740 duodecim
1783 678 2134 749 discipulis:
2174 690 2203 731 e

2337 684 2451 753 τρὶς
2487 678 2762 754 ἀπαρνήσῃ
2797 701 2995 754 με......
3038 680 3230 753 Ὀψίας
3276 678 3334 735 δὲ
3362 687 3652 756 γενομένης,
3709 681 3942 737 ἀνέκειτο

583 780 892 839 edentibus
909 778 1054 845 illis,
1076 776 1233 833 dixit
1251 775 1332 831 eis
1352 790 1374 829 :
1394 774 1540 830 Dico
1556 772 1739 841 vobis,
1760 769 1921 841 quod
1939 781 2098 823 unus
2112 778 2207 822 ves

2337 772 2468 842 μετὰ
2494 778 2593 822 τῶν
2624 766 2836 823 δώδεκα
2852 774 3094 844 μαθητῶν
3118 793 3131 805 ·
3161 776 3247 825 καὶ
3275 772 3550 824 έσθιόντῶν
3580 773 3768 839 αὐτῶν,
3799 773 3944 845 λέγει

586 877 748 927 trum
769 884 862 925 me
882 866 1224 924 traditurus
1245 869 1348 920 est.
1374 864 1452 919 Et
1472 861 1817 919 contristati
1837 859 2029 929 valde,
2052 874 2210 929 caepe

2338 859 2512 921 αὐτοῖς
2535 880 2547 893 σ
2584 865 2729 932 Λέγω
2758 862 2902 934 ὑμῖν,
2932 864 3012 914 ὅτι
3042 864 3113 925 εἷς
3139 860 3190 925 ἐξ
3218 862 3361 934 ὑμῶν
3390 859 3697 936 παραδώσει
3726 882 3808 936 με.
3839 870 3943 916 Καὶ

583 964 729 1016 runt
757 956 988 1028 singuli
1006 954 1268 1012 dicereei
1287 967 1301 1009 :
1322 951 1620 1023 Nunquid
1637 964 1745 1021 ego
1772 965 1903 1005 sum
1933 950 2207 1005 Domine‘

2337 949 2646 1023 λυπούμενοι
2678 948 2903 1025 σφόδρα,
2936 952 3156 1024 ἤρξαντο
3184 951 3347 1023 λέγειν
3392 950 3534 1022 αὐτῷ
3570 952 3786 1013 ἕκαστος
3839 953 3942 1005 αὐ·-

579 1049 757 1122 (Ibid.
782 1046 994 1118 20-22.)
1014 1044 1092 1101 Et
1114 1045 1288 1115 facta
1325 1047 1411 1099 est
1448 1055 1566 1098 vox
1584 1040 1667 1096 ad
1683 1053 1859 1096 eum:
1880 1039 2100 1109 Surge,
2121 1039 2203 1095 Pe

2338 1050 2473 1093 τῶν·
2522 1046 2664 1098 Μήτι
2691 1039 2790 1112 ἐγώ
2820 1041 2945 1114 εἰμι,
2992 1045 3182 1114 Rupis;
3239 1047 3530 1096 ΠΡΑΞΕΙΣ.
3584 1047 3685 1095 Καὶ
3735 1041 3942 1115 ἐγένετο

580 1143 693 1204 tre,
723 1137 943 1204 occide,
971 1141 1026 1191 et
1046 1133 1367 1190 manduca.
1398 1131 1504 1186 Ait
1531 1132 1730 1186 autem
1753 1130 2006 1185 Petrus:
2032 1128 2204 1184 Absit

2338 1136 2476 1204 φωνὴ
2508 1135 2639 1205 πρὸς
2664 1132 2817 1184 αὐτόν
2843 1153 2854 1166 ·
2898 1132 3174 1193 Ἀναστὰς.
3224 1136 3400 1206 Πέτρε,
3455 1133 3631 1197 θῦσον,
3663 1137 3753 1183 καὶ
3783 1135 3940 1203 φάγε.

575 1231 847 1295 Domine,
869 1227 1013 1299 quia
1027 1237 1339 1295 nunquam
1356 1220 1720 1277 manducavi
1732 1218 2059 1291 quidquam
2074 1233 2199 1276 com

2333 1220 2393 1275 Ὀ
2424 1219 2483 1274 δὲ
2504 1226 2690 1295 Πέτρος
2722 1217 2828 1276 εἶπε
2853 1223 2989 1293 (83).
3022 1218 3316 1293 Μηδαμῶς,
3354 1224 3509 1295 Κύριε
3536 1242 3549 1257 ο
3579 1223 3659 1274 ὅτι
3684 1217 3946 1274 οὐδέποτε

574 1333 773 1389 mune,
804 1322 908 1373 aut
936 1312 1363 1370 immundum‘!
1390 1311 1471 1367 Et
1494 1325 1612 1367 vox
1633 1310 1849 1366 iterum
1867 1309 2126 1366 secundo
2144 1324 2198 1366 ac

2335 1314 2520 1384 ἔφαγον
2562 1318 2665 1365 πᾶν
2702 1314 2870 1364 κοινόν
2909 1311 2938 1370 ἦ
2983 1310 3295 1387 ἀκάθαρτον.
3349 1316 3447 1364 Καὶ
3488 1315 3625 1383 φωνὴ
3675 1310 3829 1363 πάλιν
3878 1309 3944 1363 ἐκ

563 1391 733 1466 eum:
755 1407 898 1475 Quae
908 1406 1065 1460 Deus
1082 1403 1454 1473 puriﬁcavit,
1473 1406 1539 1456 tu
1551 1400 1891 1457 communia
1906 1414 1981 1455 ne
1994 1399 2187 1455 dixeri

2335 1400 2580 1478 δευτέρου
2635 1405 2766 1475 πρὸς
2813 1400 3004 1454 αὐτόν’
3045 1400 3106 1454 Ἃ
3156 1403 3182 1453 6
3232 1404 3359 1463 θεὸς
3410 1399 3706 1474 ἐκαθάρισι,
3750 1404 3817 1453 σὺ
3857 1405 3939 1470 μὴ

570 1496 729 1567 (Act.
777 1492 1052 1563 x,l3-15).
1115 1490 1377 1547 Consilia
1423 1490 1814 1552 destruentes,
1882 1490 1936 1543 et
1990 1502 2194 1543 omnen

2331 1499 2524 1548 κοίνου.
2556 1499 2724 1548 ΠΡΟΣ
2765 1498 2912 1546 KOP.
3076 1495 3377 1564 Λογισμοὺς
3422 1493 3809 1563 καθαιροῦντες,
3841 1494 3943 1543 καὶ

572 1584 748 1658 242
780 1582 1167 1640 altitudinem
1187 1581 1574 1639 extollentem
1597 1594 1657 1636 se
1673 1579 1961 1636 adversus
1987 1578 2196 1635 scienti

2330 1589 2432 1636 πᾶν
2479 1582 2676 1657 ὕψωμα
2722 1581 3053 1657 ἐπαιρόμενον
3089 1583 3228 1633 κατὰ
3264 1589 3325 1640 τῆ
3338 1599 3360 1642 ς
3382 1585 3622 1651 γνώσεως
3658 1586 3750 1631 τοῦ
3795 1587 3942 1633 Θεοῦ

565 1689 664 1731 ατη
689 1675 875 1745 Dei,et
892 1674 957 1729 in
980 1673 1391 1743 captivitatem
1407 1671 1742 1740 redigentes
1776 1682 2005 1725 omnem
2040 1668 2189 1725 intel

2329 1673 2465 1744 (84),
2506 1678 2595 1725 καὶ
2626 1672 3103 1747 αἰχμαλωτίζοντες
3142 1676 3243 1725 πᾶν
3294 1674 3465 1742 νόημα
3511 1669 3584 1731 εἰς
3640 1672 3734 1727 τὴν
3788 1670 3940 1722 ὑπει-

561 1765 776 1823 lectum
803 1764 870 1821 in
897 1761 1237 1835 obsequium
1267 1760 1493 1819 Christi
1510 1760 1587 1833 (II
1605 1760 1744 1817 Cor.
1777 1773 1836 1828 κ,
1862 1758 1935 1829 5).

1224 1778 1237 1819 ι
1267 1760 1493 1819 Christi
1510 1760 1587 1833 (II
1605 1760 1744 1817 Cor.
1777 1773 1836 1828 x,
1862 1758 1935 1829 5).
2249 1761 2296 1817 Β
2327 1766 2454 1823 κοήν
2476 1770 2569 1817 τοῦ
2595 1769 2848 1837 Χριστοῦ.

1182 1944 1465 2003 ΗΕϐυΙιΛ
1489 1941 1588 2002 1X.

2981 1949 3148 1997 ΟΡΟΣ
3186 1947 3266 1997 ϐ’.

556 2050 730 2119 Quod
748 2068 871 2111 non
892 2054 1132 2129 oportet
1165 2064 1544 2126 quemquam
1578 2048 1983 2122 negligentem
2001 2060 2131 2103 esse
2151 2045 2180 2101 ἱ]

2322 2054 2439 2109 Ὀτι
2486 2054 2544 2108 οὐ
2601 2049 2684 2109 δεῖ
2731 2050 2931 2127 ἀμελεῖν
2969 2060 3063 2114 τῆς
3107 2059 3207 2104 τῶν
3238 2046 3609 2105 ἐπιϐαλλόντων
3647 2051 3936 2119 γνὼσεωςο

622 2144 717 2202 his
745 2141 1357 2216 cognoscendis,qua3
1388 2140 1570 2197 omcii
1594 2139 1685 2196 sui
1708 2143 1851 2195 sunt
1873 2156 1886 2193 :
1908 2136 2014 2193 sed
2034 2135 2214 2192 debet

2393 2147 2523 2220 μετὰ
2547 2151 2825 2222 προσοχῆς
2849 2138 2909 2194 δε
2934 2149 3033 2194 τῶν
3063 2146 3154 2193 τοῦ
3188 2144 3382 2212 Κυρίου
3424 2136 3587 2208 λόγων
3769 2132 3938 2187 ὄικού-

622 2234 861 2292 Domini
890 2233 1081 2290 verba
1127 2235 1352 2289 attente
1401 2230 1612 2289 audita
1640 2228 1994 2301 intelligere,
2025 2232 2082 2284 et
2109 2241 2213 2282 vo-

2025 2232 2082 2284 Θῖ
2109 2241 2213 2282 νο·
2393 2254 2517 2289 οντα
2543 2237 2788 2301 συνιέναι,
2821 2235 2911 2284 καὶ
2939 2237 3102 2285 ποιεῖν
3133 2230 3191 2282 τό
3225 2226 3423 2303 θέλημα
3452 2226 3631 2281 αὐτοῦ.

619 2322 916 2381 luntatem
935 2321 1067 2394 ejus
1096 2320 1315 2379 facere.

1252 2480 1442 2553 Caput
1467 2480 1511 2537 ι.
2977 2479 3168 2555 me).
3197 2487 3260 2536 A.

619 2590 999 2664 Respondens
1016 2594 1214 2648 autem
1230 2588 1444 2646 Petrus
1463 2586 1621 2644 dixit
1641 2586 1720 2645 ei:
1741 2585 2019 2644 Edissere
2039 2586 2207 2645 nobis

2390 2598 2756 2650 ΜΔΤΘΔΙΟΣ.
2791 2591 3120 2668 Ἀποκριθεὶς
3149 2586 3209 2643 δὲ
3251 2589 3277 2641 6
3319 2590 3508 2664 Πέτρος
3558 2581 3694 2639 εἶπεν
3741 2584 3932 2659 αὐτῷ·

547 2683 908 2754 parabotam
930 2682 1130 2737 istam.
1146 2680 1229 2734 At
1247 2679 1416 2734 Jesus
1438 2676 1596 2732 dixit
1623 2693 1635 2730 :
1658 2676 1872 2733 Adhuc
1891 2680 1947 2732 et
1964 2691 2064 2733 vos
2080 2679 2171 2733 sin

2323 2687 2525 2761 Φράσον
2551 2686 2675 2759 ἡμῖν
2703 2688 2796 2742 τὴν
2816 2680 3116 2758 παραϐολὴν
3141 2683 3355 2737 ταύτην.
3396 2676 3453 2730 Ὀ
3502 2673 3562 2731 δε
3609 2675 3821 2737 Ἰησοῦς
3846 2672 3934 2728 εἶ-

547 2772 861 2828 inteliectu
898 2770 1081 2825 estis?
1127 2767 1413 2823 Nondum
1449 2765 1789 2837 intelligitis
1829 2767 1990 2838 quod
2036 2781 2171 2823 omn

2315 2794 2404 2829 πεν
2429 2816 2443 2829 .
2479 2774 2676 2847 Ἀκμὴν
2705 2778 2795 2825 καὶ
2817 2773 2965 2845 ὑμεῖς
3004 2769 3242 2824 ἀσύνετοί
3273 2767 3388 2822 έστε
3412 2784 3425 2835 ;
3460 2767 3620 2821 Οὔπω
3642 2771 3823 2831 νοεῖτε,
3848 2766 3938 2817 ὃτι

549 2857 712 2931 quod
739 2860 804 2914 in
823 2873 888 2914 os
911 2857 1127 2925 intrat,
1155 2859 1220 2912 in
1250 2859 1516 2913 ventrem
1536 2854 1727 2923 vadit,
1750 2861 1804 2912 et
1828 2853 1892 2911 in
1912 2871 2173 2913 secessum

2316 2871 2416 2918 πᾶν
2437 2866 2495 2917 τό
2528 2864 2946 2939 εἰσπορευόμενον
2974 2860 3046 2924 εἰς
3082 2862 3141 2912 τὸ
3170 2862 3342 2932 στόμα
3371 2856 3443 2920 εἰς
3466 2861 3560 2915 τὴν
3586 2854 3788 2908 κοιλίαν
3813 2875 3940 2928 χω·

548 2947 889 3006 emittitur?
915 2961 1052 3019 qua:
1088 2952 1288 3003 autem
1323 2945 1662 3015 procedunt
1688 2944 1761 3002 de
1789 2960 1910 3008 ore,
1934 2945 2007 3002 de
2027 2946 2172 3002 card

2319 2962 2414 3031 ρεῖ,
2448 2958 2539 3006 καὶ
2580 2953 2651 3016 εἰς
2682 2947 2954 3026 ἀφεδρῶνα
2978 2947 3279 3003 ἐκϐάλλεται
3304 2964 3318 3017 ;
3368 2949 3435 3001 τὰ
3460 2941 3519 2999 δι
3549 2942 3943 3018 έκπορευόμενα

548 3042 791 3105 exeunt,
811 3042 864 3094 et
884 3051 953 3093 ea
997 3036 1394 3108 coinquinant
1438 3033 1776 3092 hominem?
1818 3036 2172 3108 (Matth.,xv

2320 3044 2373 3097 έκ
2409 3052 2500 3098 τοῦ
2529 3048 2804 3117 στόματος,
2837 3040 2890 3094 ἐκ
2920 3050 3011 3102 τῆς
3048 3035 3275 3114 καρδίας
3306 3035 3594 3113 ἐξέρχεται,
3625 3038 3715 3088 καὶ
3764 3042 3944 3087 κοινοῖ

550 3128 758 3195 15-18.)
782 3126 931 3184 Cum
947 3125 1139 3198 quivis
1160 3124 1334 3182 audit
1353 3138 1683 3181 sermonem
1705 3126 1960 3197 regni,et
1980 3142 2100 3184 non
2122 3127 2174 3182 in

2319 3138 2404 3188 τόν
2444 3136 2904 3208 ἄνθρωπον,
2948 3133 3143 3192 Παντὸς
3174 3127 3449 3187 ἀκούοντος
3506 3128 3592 3179 τόν
3633 3122 3788 3197 λόγον
3835 3131 3943 3185 τῆς

549 3213 967 3286 telligit,venit
988 3215 1269 3281 malus,et
1291 3213 1454 3284 rapit
1476 3213 1639 3285 quod
1657 3216 2014 3274 seminatum
2035 3224 2118 3273 est
2144 3219 2173 3277 ές

2321 3224 2615 3297 βασιλείας,
2648 3226 2828 3295 καὶμὴ
2872 3224 3151 3285 συνιέντος,
3200 3219 3417 3294 ἔρχεται
3459 3217 3485 3268 6
3532 3216 3782 3287 πονηρὸς,
3840 3219 3943 3266 καὶ

551 3305 732 3363 corde
756 3307 922 3374 ejus:
959 3304 1058 3361 hic
1076 3308 1163 3361 est
1202 3300 1309 3374 qui
1344 3318 1513 3360 secus
1551 3305 1712 3361 viam
1759 3308 2088 3364 seminatus
2123 3323 2175 3364 es

2320 3312 2544 3387 ἁρπάζει
2570 3316 2629 3364 τό
2656 3311 2975 3385 ἐσπαρμένον
3006 3307 3055 3360 έν
3075 3315 3137 3381 τῇ
3167 3303 3365 3382 καρδίᾳ
3386 3304 3567 3358 αὐτοῦ.
3591 3301 3762 3365 Οὗτός
3788 3303 3941 3356 ἐστιν

552 3392 801 3464 (Matth.
831 3393 1071 3464 xm,l9).
1099 3395 1164 3449 Et
1200 3391 1388 3464 paulo
1430 3397 1605 3465 post:
1638 3395 1754 3461 Qui
1779 3403 1979 3452 autem
2000 3397 2065 3453 in
2098 3402 2176 3453 (ei

2320 3405 2347 3456 6
2375 3405 2519 3477 παρὰ
2546 3406 2641 3459 τὴν
2667 3397 2790 3453 ὀδόν
2832 3403 3069 3475 σπαρείς.
3111 3402 3215 3451 Καὶ
3243 3396 3352 3466 μετ’
3384 3394 3551 3466 ὀλίγον
3583 3393 3693 3465 (86)
3720 3411 3736 3429 θ
3777 3390 3838 3444 Ὀ
3877 3389 3943 3445 δε

553 3496 687 3539 ram
719 3482 935 3539 bonam
955 3482 1281 3539 seminatus
1303 3486 1407 3548 est,
1442 3482 1541 3539 hic
1559 3489 1643 3539 est
1664 3486 1770 3554 qui
1797 3485 1969 3541 audit
1993 3501 2177 3544 sermo

2322 3491 2405 3545 ἐπὶ
2433 3496 2528 3550 τὴν
2551 3498 2650 3563 γῆν
2670 3494 2764 3548 τὴν
2784 3487 2944 3546 καλὴν
2972 3490 3204 3560 σπαρείς,
3245 3484 3392 3544 οὗτός
3421 3481 3562 3536 ἔστιν
3590 3482 3617 3532 ό
3656 3483 3746 3532 τὸν
3773 3479 3938 3552 λόγον

554 3587 711 3641 nem,
735 3577 791 3628 et
826 3572 1120 3643 intelligit
1148 3589 1162 3628 :
1204 3571 1311 3642 qui
1341 3572 1598 3644 denique
1629 3574 1904 3644 fructum
1926 3577 2127 3646 dfert,
2151 3593 2178 3635 e

2322 3581 2522 3635 ἁκούων
2550 3585 2640 3633 καὶ
2673 3583 2883 3646 συνιὼν,
2918 3578 2968 3638 ὃς
2999 3573 3067 3636 δὴ
3108 3580 3444 3650 καρποφορεῖ,
3475 3576 3565 3625 καὶ
3591 3576 3734 3624 ποιεῖ
3777 3570 3806 3622 6
3837 3573 3935 3643 μὲν

551 3662 893 3732 facit,alius
911 3662 1151 3732 quidem
1169 3661 1737 3733 centesimum,alius
1759 3670 1955 3723 autem
1974 3682 2175 3739 εεταρε

2324 3672 2525 3738 ἑκατόν,
2558 3672 2583 3723 6
2616 3666 2675 3723 δε
2705 3668 2971 3733 ἐξήκοντα,
3004 3666 3031 3719 6
3052 3663 3114 3720 δι
3140 3665 3440 3739 τριάκοντα.
3471 3666 3764 3715 ΜΑΡΚΟΣ.
3826 3664 3938 3713 Καὶ

552 3751 788 3819 simum,
836 3751 998 3808 alius
1036 3765 1176 3808 vero
1217 3750 1581 3808 tricesimum
1632 3753 1804 3819 (Ibid.
1837 3757 1953 3827 23).
1997 3757 2066 3813 Et
2106 3772 2176 3814 aa

2323 3759 2809 3835 προσκαλεσάμενος
2837 3758 3009 3810 πάντα
3031 3757 3119 3809 τὸν
3166 3752 3346 3827 ὄχλον,
3394 3748 3529 3807 εἶπεν
3570 3748 3792 3810 αὐτοῖς·
3849 3747 3934 3802 ’A.

555 3854 774 3898 vocans
798 3845 984 3898 totam
1033 3839 1297 3907 turbam,
1326 3839 1561 3898 dicebat
1588 3842 1715 3901 illis
1753 3845 2015 3903 :Audite
2041 3861 2179 3905 mea

2324 3834 2502 3905 κούετέ
2529 3868 2651 3923 μου,
2681 3852 2773 3901 καὶ
2798 3850 3019 3903 συνίετε.
3050 3851 3219 3899 ΠΡΟΣ
3247 3849 3426 3898 ΕΦΕΣ.
3452 3840 3667 3894 Βλέπετε
3695 3834 3789 3891 οὖν
3819 3846 3944 3900 πῶς

554 3924 882 4000 intelligite
937 3929 1154 4001 (Marc.
1215 3943 1312 3992 vn,
1382 3929 1489 4000 14).
1562 3931 1764 3989 Videte
1825 3934 2030 4005 itaque
2077 3952 2178 4009 qut

2328 3938 2551 4015 ἀκριϐῶς
2576 3944 2940 4012 περιπατεῖτε·
2982 3940 3054 4008 μὴ
3096 3937 3166 3997 ὡς
3202 3934 3414 4006 ἄσογοι,
3464 3928 3570 3984 ἀλλ’
3620 3932 3692 3991 ὡς
3741 3932 3942 4000 σοφοί-

553 4020 729 4076 modo
750 4026 922 4077 caute
941 4018 1260 4077 ambuletis
1280 4033 1293 4072 :
1318 4032 1438 4074 non
1460 4021 1639 4089 quasi
1661 4022 2137 4093 insipientes,sed
2149 4043 2177 4083 ο

2326 4028 2759 4105 ἐξαγοραζόμενοι
2786 4029 2876 4080 τὸν
2898 4028 3104 4100 καιρόν,
3134 4025 3217 4077 ὅτι
3245 4025 3302 4076 αἱ
3330 4023 3523 4096 ἡμέραι
3549 4022 3780 4094 πονηραί
3809 4017 3947 4075 εἰσι.

554 4110 850 4180 sapientes
880 4126 894 4166 :
923 4109 1279 4166 redimentes
1300 4111 1552 4178 tempus,
1583 4115 1868 4181 quoniam
1895 4114 2021 4173 dies
2067 4132 2178 4175 mai

2325 4122 2421 4173 Διά
2446 4126 2600 4173 τοῦτο
2629 4122 2702 4191 μὴ
2734 4117 2937 4190 γίνεσθε
2961 4115 3197 4189 ἄφρονες,
3231 4111 3360 4167 ἀλλὰ
3390 4114 3646 4172 συνιέντες
3673 4112 3728 4161 τί
3756 4110 3818 4162 τὸ
3856 4109 3949 4163 θέο

553 4205 720 4259 sunt.
747 4201 1081 4272 Propterea
1107 4196 1296 4259 nolite
1310 4198 1451 4270 fieri
1474 4200 1904 4275 imprudentes,
1920 4207 2025 4263 sed
2044 4207 2177 4266 inte.

1141 4196 1296 4259 :olite
1310 4198 1451 4270 fieri
1474 4200 1904 4275 imprudentes,
1920 4207 2025 4263 sed
2044 4207 2217 4266 intel-
2323 4208 2467 4282 λημει
2492 4215 2585 4262 τοῦ
2610 4214 2765 4264 Θεοῦ.

558 4288 810 4359 ligentes
835 4305 972 4362 qua
1006 4292 1081 4349 sit
1101 4293 1377 4351 voluntas
1399 4294 1511 4351 Dei
1529 4293 1773 4366 (Ephes.
1806 4310 1866 4365 ν,
1902 4296 2103 4371 15-17).

557 4450 733 4517 Quod
757 4450 820 4508 in
839 4453 1022 4512 rebus
1051 4456 1302 4515 minime
1320 4457 1402 4515 ad
1428 4474 1542 4516 nos
1573 4459 2011 4533 pertinentibus
2042 4462 2181 4523 nulli

2321 4466 2440 4523 Ὀτι
2472 4472 2589 4541 περὶ
2637 4476 2735 4520 τῶν
2779 4470 2850 4539 μὴ
2898 4462 3269 4518 ἐπιϐαλλόντων
3308 4461 3367 4515 οὐ
3409 4457 3493 4514 δεῖ
3542 4458 3929 4535 πολυπραγμο-

911 4543 1101 4602 modo
1123 4545 1418 4605 debemus
1450 4548 1673 4607 curiosi
1700 4566 1852 4609 esse.
3057 4560 3177 4607 νεῖν.

1231 4708 1422 4779 Caput
1455 4710 1530 4767 t1.
2958 4717 3149 4791 Κεφάλ.
3208 4720 3280 4769 B‘.

624 4809 706 4904 Et
724 4816 857 4904 post
875 4812 1205 4904 buccellam
1221 4816 1496 4875 introivit
1516 4820 1578 4875 in
1596 4834 1728 4878 eum
1741 4826 2022 4883 Satanas.
2038 4826 2211 4886 Etdi-

2394 4840 2708 4889 ῙΩΑΝΧΠΣ.
2771 4835 2870 4885 Καὶ
2908 4830 3040 4904 μετὰ
3087 4830 3145 4880 τό
3197 4824 3419 4897 ψωμίον,
3495 4823 3614 4873 τότε
3687 4816 3928 4904 εόσῆλθεν

553 4902 632 4959 cit
652 4902 709 4959 ei
720 4903 892 4959 Jesus
917 4920 929 4958 :
956 4903 1128 4971 Quod
1133 4905 1424 4979 facisfac
1444 4910 1641 4967 citius.
1660 4912 1789 4970 Hoc
1815 4921 2014 4972 autem
2040 4933 2172 4976 nem

2320 4927 2386 4987 εἰς
2451 4925 2636 4977 έκεῖνον
2685 4925 2710 4974 6
2758 4926 3002 4980 Σατανᾶς.
3071 4919 3224 4987 Λέγει
3288 4911 3428 4982 αὐτῷ
3482 4911 3508 4962 6
3569 4908 3797 4969 Ἰησοῦς,
3855 4903 3927 4957 ’Ὀ

549 4993 726 5049 scivit
737 4993 1350 5062 discumbentium,ad
1368 4998 1516 5072 quid
1530 4999 1688 5059 dixit
1708 5004 1762 5059 ei
1775 5005 1976 5072 (Joan.
1992 5013 2173 5081 1111,21

2318 5022 2503 5079 ποιεῖς,
2562 5019 2784 5071 ποίησον
2848 5011 3057 5082 τάχιον.
3143 5011 3309 5058 Τοῦτο
3385 4997 3444 5055 δι
3535 4995 3711 5061 οὐδεὶς
3794 4997 3925 5068 ἔγνω

705 5083 905 5177 Igitur
928 5086 1035 5177 qui
1068 5094 1493 5159 convenerant,
1540 5091 2005 5167 interrogabant
2052 5114 2173 5157 eum

2319 5115 2418 5159 τῶν
2474 5103 2835 5177 ἀνακειμένων,
2893 5100 3019 5174 πρὸς
3082 5099 3133 5148 τί
3189 5090 3323 5147 εἶπεν
3390 5090 3551 5160 αὐτῷ.
3620 5087 3924 5141 ΠΡΔΞΕΙΣ.

547 5174 812 5232 dicentes
828 5190 841 5230 :
856 5175 1187 5248 Domine,si
1194 5177 1259 5235 in
1272 5182 1539 5250 tempore
1548 5180 1655 5238 hoc
1667 5186 1942 5244 restitues
1954 5204 2171 5260 regnum

2318 5197 2385 5249 Οἱ
2444 5198 2535 5268 μεν
2609 5174 2696 5246 οὖν
2762 5188 3085 5248 συνελθόντες
3156 5183 3433 5258 ἕπηριίπων
3506 5176 3665 5234 αὐτὸν
3739 5174 3922 5248 λέγον-

780 5351 1200 5444 ξξιίίῑὶοηρειτὶε.
1235 5359 1292 5413 et
1315 5360 1513 5441 textus
1544 5375 1715 5444 secer
1741 5363 2023 5444 vulgatus
2054 5372 2081 5423 ό
2136 5367 2195 5428 ὁδὶ

2306 5380 2403 5432 tra
2428 5374 2761 5443 potentiam
2791 5370 2945 5444 Dei._
3067 5440 3075 5444 _
3211 5441 3227 5444 _
3285 5441 3321 5444 __
3408 5435 3418 5444 _
3522 5426 3575 5444 η,
3747 5419 3909 5444 ,υ-,ε

546 5424 915 5515 Πέτρος-εἷπε..
945 5424 1246 5515 ῌέιιάἱςξπς
1282 5444 1394 5510 nec
1418 5431 1768 5515 ineditione
1808 5424 2103 5500 V‘én.’vnec
2131 5424 2170 5500 l1

2307 5424 2342 5432 ﬂ
3026 5440 3112 5489 τόν
3139 5441 3254 5515 τοῦ-
3285 5435 3480 5515 Κυρίου
3522 5426 3696 5499 λόγον.
3747 5424 3911 5493 Regii

540 5484 1765 5590 neitrémi‘eziégalibrie.iniéﬁifﬁéT'"
1991 5484 2103 5500 ““
2131 5484 2164 5500 "

2302 5484 2620 5590 ρτῖωίιςυέι
2650 5484 2854 5590 t6rti_us
2872 5520 2973 5563 ’.ὧν
2996 5517 3088 5590 τοι]
3118 5510 3316 5590 litigiosa
3353 5484 3536 5575 λόγων.

611 5567 725 5636 (84)
748 5564 888 5635 Reg.
921 5566 1155 5638 primus
1184 5572 1317 5622 κατὰ
1338 5580 1428 5633 τῆς
1458 5570 1723 5650 δυνάμεως
1752 5598 1843 5634 του
1875 5591 2029 5653 Θεου,
2058 5601 2196 5645 con-

1649 5596 1723 5640 ῑως
1752 5598 1843 5634 του
1875 5591 2029 5653 Θεου,
2058 5601 2196 5645 con-
2303 5564 2930 5660 Brittius
2961 5579 3070 5655 μετ’
3104 5564 3273 5650 ὀλίᾷνα.
