4112 6172
544 246 649 304 723

1914 243 1969 298 s.
2013 208 2258 298 aestu!
2284 239 2535 298 MAGNI.
3798 238 3921 296 τοι

1235 367 1433 439 Caput
1470 370 1518 427 Ι.

2959 382 3144 439 Κεφάλ.
3172 382 3245 437 Αό

1235 383 1433 440 caput
1470 383 1518 427 ι.
2228 383 2274 419 Α
2959 391 3026 438 Κε
3064 383 3144 439 άλ.
3172 383 3245 437 Α’·

617 462 700 518 Ε(
727 461 904 531 σωρίί
932 460 1144 517 lavare
1174 459 1352 529 Ρθάθε
1389 459 1846 531 ἀίεσίρυίονωπν
1897 462 1953 515 εί
2007 461 2200 549 “ne”:
2380 479 2699 529 ΙΩΛΝΝΠΣ.
2767 476 2865 528 Καὶ
2920 405 3112 549 ἣρξιῖτο
3159 477 3353 525 νίπτειν
3404 474 3527 533 τοὺς
3583 468 3756 533 πόδας
3810 477 3924 523 τῶν

543 565 686 623 gere
714 551 915 611 linteo,
949 565 1062 621 quo
1096 552 1228 606 erat
1264 548 1650 615 praecinctus.
1696 548 1865 605 Venit
1920 561 2061 617 ergo
2118 544 2200 601 ad

2331 564 2571 631 ιαθητών,
2622 567 2711 615 καὶ
2765 561 3045 636 ἐκμάσσειν
3115 570 3187 634 τῷ
3247 560 3444 632 λεντίῳ,
3503 560 3543 631 ᾧ
3611 556 3671 619 ἧν
3713 555 3926 621 διεζω-

546 640 844 699 Simonem
882 640 1174 707 Petrum;
1203 644 1258 694 et
1282 638 1428 694 dicit
1457 639 1513 694 ei
1536 639 1780 694 Petrus:
1822 637 2091 699 Domine,
2134 639 2200 690 tu

548 729 703 786 mihi
727 731 894 785 lavas
908 728 1086 797 pedes
1107 725 1136 782 ‘l
1161 727 1487 797 Respondit
1502 728 1699 794 'Jesus,
1731 732 1787 783 et
1805 726 1963 782 dixit
1984 742 2005 781 :
2034 724 2202 793 Quod

550 833 656 890 ego
673 818 858 889 facio,
891 822 955 872 tu
976 818 1165 873 nescis
1188 815 1383 885 modo,
1404 817 1548 873 scies
1577 822 1773 873 autem
1791 824 2020 885 postea.
2043 814 2202 877 Dicit

550 908 610 965 ei
645 909 853 964 Petrus
885 923 901 962 :
954 906 1091 963 Non
1137 905 1368 962 lavabis
1414 905 1568 961 mihi
1590 906 1770 976 pedes
1799 906 1861 960 in
1893 909 2199 960 aeternum.

550 997 878 1067 Respondit
915 997 972 1053 ei
996 996 1169 1053 Jesus
1201 1014 1213 1051 ε
1244 997 1313 1052 Si
1354 1010 1475 1051 non
1523 995 1728 1051 lavero
1757 997 1829 1063 te,
1854 1008 1973 1051 non
2024 992 2203 1050 habes

544 1089 781 1158 partem
810 1100 1040 1143 mecum
1068 1086 1260 1155 (Joan.
1292 1098 1416 1155 xm,
1440 1085 1583 1154 5-8).

2311 657 2507 726 σμένος.
2572 652 2823 727 Ἔρχεται
2884 648 2971 704 οὖν
3046 654 3175 726 πρὸς
3255 655 3457 723 Σίμωνα
3530 654 3748 724 Πέτρον,
3820 669 3927 701 και

2307 741 2445 815 λέγει
2509 739 2649 814 αὖτῷ
2707 741 2893 805 ἐκεῖνος
2926 763 2938 776 ·
2992 744 3170 817 Κύριε,
3246 742 3311 793 σύ
3383 760 3485 814 μου
3538 743 3729 800 νίπτεις
3786 741 3925 801 τοὺς

2308 828 2517 900 πόδας;
2578 831 2857 905 Ἀπεκρίθη
2919 830 3147 898 Ἰησοῦς,
3206 835 3296 882 καί
3365 825 3500 885 εἶπεν
3582 828 3727 898 αὐτῷ
3782 830 3924 894 (2).

2308 920 2374 972 ’⁸0
2418 920 2517 994 ἐγὼ
2559 929 2712 986 ποιῶ,
2783 924 2849 972 σὺ
2902 921 2997 973 οὐκ
3049 915 3195 981 οἶδας
3241 920 3383 995 ἄρτι,
3440 924 3615 990 γνώσῃ
3664 913 3723 970 de
3781 919 3931 989 μετά

2310 1017 2500 1067 ταῦτα.
2561 1013 2707 1082 Λέγει
2754 1010 2895 1083 αὐτῷ
2943 1013 3135 1084 Πέτρος
3168 1030 3182 1043 ’
3233 1008 3308 1061 Οὐ
3353 1012 3425 1081 μὴ
3467 1006 3635 1079 νίψεις
3672 1007 3752 1078 (3)
3792 1007 3931 1069 τοὺς

2310 1096 2480 1161 πόδας
2540 1119 2640 1172 μου
2700 1099 2769 1162 εἰς
2834 1105 2921 1153 τόν
2976 1100 3156 1154 αἰῶνα.
3220 1099 3496 1175 Ἀπεκρίθη
3544 1096 3680 1168 αὐτῷ
3721 1098 3748 1147 ὁ
3809 1094 3927 1154 Ἰη-

2315 1196 2439 1249 σοῦς
2473 1208 2485 1222 ο
2557 1189 2673 1240 Ἐὰν
2752 1192 2821 1261 μὴ
2886 1187 3022 1259 νίψω
3081 1205 3157 1259 σε,
3230 1186 3324 1240 οὐκ
3394 1187 3535 1259 ἔχεις
3595 1187 3747 1261 μέρος
3802 1189 3931 1257 μετ’

2312 1279 2457 1353 ἕμοΰ.

2310 1372 2430 1422 Ὀτι
2487 1368 2546 1422 οὐ
2601 1364 2682 1429 δεῖ
2733 1365 3093 1451 παραδόσεσιν
3143 1366 3423 1441 ἀνθρώπων
3489 1365 3785 1420 ἀκολουθεῖν
3834 1364 3930 1420 ἐπ’

2777 1456 2932 1518 eam
2942 1476 3020 1511 σει
3050 1456 3251 1517 ἐντολῆς
3303 1460 3449 1513 Θεοῦ.

559 1352 738 1426 246
801 1349 974 1419 Quod
1028 1365 1153 1407 non
1204 1350 1849 1425 oportet'traditioues
1897 1351 2204 1408 humanas

621 1441 814 1514 sequi,
844 1441 928 1498 ita
952 1444 1018 1499 ut
1046 1442 1404 1499 mandatum
1435 1440 1536 1499 Dei
1561 1442 1796 1500 irritum
1824 1440 2143 1499 faciamus.

1226 1550 1424 1620 Caput
1446 1550 1532 1607 ΙΙ.

628 1658 857 1716 Deinde
902 1659 1287 1730 interrogant
1338 1675 1472 1716 eum
1527 1661 1816 1717 Pharisa'i
1851 1667 1907 1717 et
1950 1662 2207 1718 scribae:

562 1749 762 1819 Quare
790 1747 1073 1817 discipuli
1100 1749 1192 1804 tui
1224 1763 1347 1805 non
1390 1748 1906 1820 ambulantjuxta
1939 1750 2213 1808 traditio-

558 1853 691 1895 nem
740 1838 1064 1907 seniorum,
1110 1838 1214 1894 sed
1268 1838 1454 1895 illotis
1506 1839 1784 1897 manibus
1838 1842 2210 1898 manducant

553 1943 775 1999 panem
797 1928 824 1983 ?
858 1929 937 1983 At
967 1928 1072 1985 ille
1098 1929 1464 1998 respondens
1515 1931 1673 1986 dixit
1721 1932 1802 1987 eis
1829 1948 1842 1987 :
1890 1933 2052 1988 Bene
2074 1947 2212 2003 pro-

552 2019 831 2089 phetavit
862 2018 1052 2075 Isaias
1070 2019 1144 2075 de
1169 2019 1333 2076 vobis
1363 2020 1718 2091 hypocritis,
1743 2022 1895 2077 sicut
1921 2024 2212 2092 scriptum

2979 1563 3167 1639 Κεγάλ.
3192 1563 3259 1620 Β’.

2390 1679 2685 1728 ΜΑΡΚΟΣ.
2762 1672 2977 1726 Ἔπειτα
3038 1671 3355 1744 ἐπερωτῶσιν
3418 1670 3569 1723 αὐτόν
3638 1672 3689 1723 οἱ
3753 1676 3934 1743 Φαρμ-

2396 1714 2685 1728 .............
2787 1714 2977 1726 .........
3038 1714 3351 1744 -.ηρ-,ηπ
3419 1714 3564 1723 νη.--
3640 1714 3689 1723 --
3764 1714 3929 1743 -..πμ

2244 1714 2288 1770 Β
2323 1771 2466 1819 σαῖοι
2494 1765 2660 1817 κοιίοὶ
2696 1770 3054 1837 γραμματεῖς’
3108 1765 3203 1815 Διά
3248 1766 3298 1814 τί
3344 1763 3395 1815 οἰ
3435 1762 3669 1835 μαθηταί
3715 1779 3815 1815 σου
3870 1759 3937 1812 οὐ

2320 1860 2670 1928 περιπατοῦσι
2734 1856 2868 1906 κατά
2931 1857 3024 1911 τὴν
3094 1848 3393 1927 παράδοσιν
3471 1859 3571 1903 τῶν
3640 1849 3939 1924 πρεσϐυτέ-

2321 1965 2443 2019 ρων,
2498 1941 2626 1995 ἀλλὰ
2703 1941 2933 2002 ἀνίπτοις
3007 1946 3194 2014 χερσὶν
3268 1941 3505 1993 ἐσθίουσι
3555 1944 3643 1994 τὸν
3713 1940 3933 2012 ipsos;

2320 2031 2379 2083 Ὀ
2428 2026 2487 2083 δε
2542 2029 2839 2103 ἀποκριθεὶς
2897 2026 3033 2083 εἶπεν
3085 2029 3284 2094 αὐτοῖς,
3335 2029 3417 2080 ὅτι
3468 2026 3650 2087 Καλῶς
3700 2030 3939 2100 προεφή-

559 2114 648 2166 est
674 2125 691 2181 ξ
721 2109 981 2178 Populus
1007 2108 1104 2166 hic
1130 2108 1306 2165 labiis
1329 2124 1422 2165 me
1463 2107 1741 2177 honorat,
1769 2126 1872 2166 cor
1898 2118 2096 2170 autem
2127 2127 2215 2169 eo-

560 2214 699 2259 rum
730 2198 906 2268 longe
952 2202 1036 2255 est
1066 2213 1104 2254 a
1149 2213 1260 2255 me.
1290 2199 1355 2255 In
1386 2214 1609 2256 vanum
1634 2203 1831 2256 autem
1863 2216 1954 2257 me
1982 2201 2212 2271 colunt,

561 2284 836 2345 docentes
851 2286 1486 2358 doctﬁnas,praecepta
1505 2287 1830 2345 hominum.
1855 2290 2215 2362 Relinquen-

564 2382 648 2434 tes
679 2378 836 2433 enim
864 2376 1221 2433 mandatum
1253 2376 1384 2444 Dei,
1427 2378 1636 2435 tenetis
1675 2378 2059 2435 traditionem
2114 2380 2215 2437 ho-

2320 2140 2500 2175 τευσετ
2562 2119 2780 2183 Ὀσαίας
2865 2124 2981 2194 περὶ
3060 2119 3200 2191 ὑμῶν
3279 2125 3378 2170 τῶν
3454 2119 3771 2192 ὑμοκριτῶν,
3864 2119 3936 2177 ὡς

2320 2214 2614 2283 γέγραπται
2648 2231 2660 2242 ·

2325 2295 2384 2354 δὲ
2446 2295 2641 2375 καρδία
2694 2297 2835 2351 αὑτῶ
2900 2296 3075 2372 πόρρω
3132 2295 3319 2368 ἀπέχει
3379 2293 3468 2347 ἀπ’
3535 2293 3677 2368 ἐμοῦ.
3736 2295 3936 2354 Μάτην

2325 2385 2384 2444 δι
2418 2387 2654 2443 σέϐονταί
2699 2407 2782 2462 με,
2816 2384 3161 2449 διδάσκοντες
3211 2383 3591 2453 διδασκαλίας,
3631 2382 3939 2456 ἐντάλματα

2722 2209 2892 2271 Ηῦτος
2947 2210 2973 2260 ο
3020 2207 3139 2269 λαός
3185 2213 3290 2267 τοῖς
3343 2206 3547 2280 χεῦιεσί
3590 2224 3653 2280 με
3681 2210 3832 2278 τιμᾷ,
3897 2207 3931 2265 ἡ

560 2466 790 2527 minam
818 2464 1029 2538 (Μανσο
1062 2467 1161 2536 νυ»
1194 2468 1284 2523 ⁵⁸8
1308 2484 1321 2537 ἰ
1347 2467 1465 2524 Ῐεα·
1493 2482 1647 2540 Χῖα,
1686 2468 1793 2539 ‘3)»
1824 2472 1935 2527 θίοο
2325 2477 2625 2554 ἀνθρώπων.
2692 2476 2922 2550 Ἀφέντες
2985 2479 3084 2553 γὰρ
3153 2480 3246 2535 τὴν
3309 2474 3513 2536 ἐντολὴν
3598 2480 3687 2525 τοῦ
3765 2480 3935 2540 Θεοῦ,

2322 2575 2553 2644 κρατεῖτε
2618 2571 2708 2626 τὴν
2774 2562 3072 2644 παράδοσιν
3137 2573 3239 2620 τῶν
3310 2563 3590 2642 ἀνθρώπων
3630 2583 3643 2599 ·
3714 2566 3807 2618 καὶ
3869 2564 3940 2618 τὰ

2326 2656 2463 2720 ἑξῆς-

563 2732 735 2802 Quod
767 2732 974 2790 omnia
1000 2748 1250 2807 prorsus
1293 2734 1595 2791 servanda
1643 2738 1801 2803 sunt,
1852 2752 1989 2810 quas
2032 2752 2068 2792 a
2108 2737 2218 2793 Do-

2323 2746 2444 2802 ’οτι
2475 2744 2557 2802 δεῖ
2584 2749 2755 2801 πάντα
2783 2744 3181 2821 ἀπαραλείπτως
3238 2740 3528 2817 φυλάττειν,
3578 2743 3644 2797 τὰ
3693 2736 3790 2793 διὰ
3840 2748 3942 2799 τοῦ

631 2820 800 2878 mino
822 2837 931 2896 per
955 2821 1347 2895 Evangelium
1376 2827 1434 2880 et
1463 2822 1768 2898 apostolos
1816 2823 2057 2883 fuerunt
2103 2830 2218 2884 tra-

2398 2835 2714 2909 Εῧαγγελίου
2744 2840 2834 2889 καὶ
2873 2844 2971 2890 τῶν
3014 2833 3313 2888 ἀποστόλων
3343 2833 3443 2887 ὑπὸ
3484 2837 3577 2887 τοῦ
3609 2834 3807 2907 Κυρίου
3835 2849 3945 2885 πα-

636 2909 784 2969 (Ῑίίδη
2403 2922 2510 3001 ραδ
2513 2923 2572 2981 εδ
2575 2929 2749 3000 ομένα.

1221 3017 1419 3086 Caput
1444 3017 1560 3077 III.

2970 3013 3159 3087 Κεφάλ.
3217 3012 3263 3064 Γ
3271 3054 3285 3069 .

637 3126 867 3184 Euntes
896 3125 1099 3184 docete
1126 3141 1324 3184 omnes
1343 3132 1565 3198 gentes,
1602 3127 1970 3199 baptizantes
2017 3143 2110 3187 eos
2157 3129 2221 3185 in

2400 3128 2767 3179 ΜΑΤΘΑῙΟΣ.
2857 3123 3242 3197 Πορευθέντες,
3322 3120 3689 3194 μαθητεύσατε
3766 3118 3951 3170 πάντα

567 3216 811 3275 nomine
831 3215 1043 3283 Patris,
1068 3220 1122 3272 et
1142 3216 1374 3281 Filii,et
1398 3217 1665 3287 Spiritus
1684 3220 1884 3275 sancti
1906 3236 1917 3275 :
1952 3217 2224 3277 docentes

569 3319 664 3363 eos
675 3319 917 3362 servare
927 3305 1128 3361 omnia
1142 3320 1508 3378 quaecunque
1518 3305 2131 3375 mandavivobis(Mat
2139 3308 2224 3366 th.

569 3409 767 3463 xxvm,
821 3397 906 3462 t9,
958 3397 1143 3454 20)....
1187 3394 1387 3453 Erant
1440 3402 1641 3455 autem
1677 3398 1838 3471 justi
1881 3396 2052 3455 ambo
2091 3402 2231 3456 ante

571 3483 1126 3553 Deum,incedentes
1145 3485 1207 3540 in
1240 3484 1508 3542 omnibus
1529 3486 1832 3543 mandatis
1863 3488 2230 3559 etgustiﬁca-

2331 3216 2398 3268 τὰ
2455 3216 2594 3280 ἔθνη,
2664 3212 3008 3287 βαπτίζοντες
3093 3210 3281 3274 αὐτοὺς
3344 3209 3411 3270 εἰς
3475 3212 3533 3262 τὸ
3608 3212 3771 3281 ὄνομα
3850 3215 3949 3261 τοῦ

2334 3309 2539 3380 Πατρός
2600 3309 2688 3357 καὶ
2737 3311 2827 3356 τοῦ
2886 3304 3008 3356 Υἱοῦ
3065 3307 3155 3355 καὶ
3205 3309 3297 3354 τοῦ
3366 3298 3518 3373 ἁγίου
3584 3301 3895 3374 Πνεῦματος
3926 3317 3942 3333 ⁸

2337 3389 2681 3456 διδάσκοντες
2757 3392 2941 3454 αὐτοὺς
3006 3398 3180 3465 τηρεῖν
3258 3390 3447 3460 πάντα,
3520 3389 3621 3441 ὅσα
3696 3387 3949 3441 ἐνετειλά-

2337 3503 2439 3559 μην
2497 3484 2638 3558 ὑμῖν.
2692 3488 2977 3537 ΛΟΥΚΑΣ,
3046 3480 3215 3534 Ἦσαν
3270 3476 3330 3533 δε
3397 3474 3596 3532 δίκαιοι
3659 3476 3948 3554 ἀμφότεροι

578 3573 838 3635 tionibus
864 3573 1108 3630 Domini
1130 3575 1259 3630 sine
1305 3576 1553 3647 querela
1595 3576 1760 3647 (Luc.
1796 3591 1839 3643 ι,
1879 3576 2075 3645 6)......
2113 3577 2223 3645 Qui

2340 3572 2554 3627 ἐνώπιον
2622 3579 2715 3625 τοῦ
2800 3578 2955 3642 Θεοῦ,
3030 3573 3364 3645 πορευόμενοι
3444 3569 3490 3622 ἐν
3561 3569 3758 3629 πάσαις
3828 3576 3948 3631 ταῖς

576 3678 679 3721 vos
700 3662 993 3731 audit,me
1016 3663 1209 3720 audit:
1232 3666 1339 3736 qui
1358 3670 1556 3722 autem
1579 3679 1680 3722 vos
1697 3667 2046 3734 spernit,me
2069 3682 2223 3738 sper-

2342 3662 2562 3727 ἐντολαῖς
2637 3668 2727 3714 καὶ
2793 3655 3121 3733 δικαιώμασι
3182 3666 3273 3714 τοῦ
3344 3662 3538 3731 Κυρίου
3607 3657 3944 3731 ἄμεμπτοι...

578 3754 670 3811 nit
698 3754 864 3820 (Luc.
887 3769 949 3819 κ,
976 3757 1173 3812 16³...η
1204 3754 1435 3825 Itaque,
1466 3755 1715 3824 fratres,
1738 3760 1912 3824 state,
1960 3762 2014 3811 et
2046 3762 2223 3814 tenete

2338 3750 2396 3803 ὐ
2483 3749 2682 3803 ἀκούων
2770 3751 2850 3820 (4)
2941 3750 3084 3822 ὑμῶν
3171 3745 3352 3800 ἀκούει
3394 3767 3405 3779 ·
3490 3747 3515 3797 ὁ
3603 3741 3663 3799 δε
3748 3742 3947 3798 ἀθετῶν

581 3842 954 3912 traditiones,
973 3858 1124 3918 quas
1148 3842 1442 3900 didicistis
1462 3846 1585 3901 sive
1602 3859 1710 3913 per
1736 3859 2087 3910 sermonem,
2114 3848 2235 3903 sive

2340 3843 2476 3903 ὗαᾶς
2506 3840 2593 3913 ἐμε
2651 3837 2837 3893 ἀθετεῖ.
2900 3845 3068 3891 ΠΡΟΣ
3117 3842 3296 3891 ΘΕΣΣ.
3451 3834 3587 3908 ’Λρα
3633 3831 3744 3901 οὖν,
3798 3830 3951 3888 ἀδελ·

576 3946 689 4007 per
716 3933 1052 4004 epistolam,
1079 3938 1367 4005 tanquam
1383 3948 1494 4004 per
1518 3948 1625 3990 nos
1650 3934 1739 3992 (ΙΙ
1766 3934 1966 3993 Thess.
1994 3950 2055 4002 ιι,
2098 3940 2194 4004 15).

2341 3937 2445 4006 φοί,
2508 3934 2766 3997 στήκετε,
2828 3932 2917 3981 καὶ
2983 3933 3217 4002 κρατεῖτε
3290 3927 3385 3988 τὰς
3462 3923 3821 3999 παραδόσεις,
3894 3923 3919 3975 ὃ

2341 3937 2445 4006 φοί,
2508 3934 2766 3997 στήκετε,
2828 3932 2917 3981 καὶ
2983 3933 3217 4002 κρατεῖτε
3290 3927 3385 3988 τὰς
3462 3918 3821 3999 παραδόσεις,
3894 3923 3954 3985 ἃς

2342 4016 2669 4092 ἐδιδάχθητε
2723 4021 2825 4071 εἴτε
2878 4013 2975 4070 διὰ
3028 4016 3182 4089 λόγου
3236 4019 3336 4069 εἴτε
3388 4010 3462 4068 δι’
3524 4011 3826 4078 ἐπιστολῆς,
3884 4013 3953 4075 ὡς

2343 4106 2416 4163 δι’
2447 4112 2614 4182 ἡμῶν.

2340 4206 2460 4253 Ὅτι
2485 4198 2543 4251 οὐ
2586 4193 2669 4250 δεῖ
2694 4196 2889 4270 θελημα
2918 4192 3056 4249 ἴδιον
3087 4197 3230 4271 παρά
3285 4199 3344 4248 τό
3402 4193 3598 4267 θέλημα
3622 4199 3715 4246 τοῦ
3750 4195 3953 4266 Κυρίου

2413 4285 2793 4363 ἐγκρίνειν
2844 4284 2949 4339 ἀλλ’
3005 4285 3051 4340 ἐν
3099 4290 3256 4339 παντὶ
3301 4286 3573 4359 πράγματι
3625 4282 3804 4344 ζητεῖν
3860 4286 3952 4334 καὶ

586 4199 758 4270 Quod
786 4214 967 4259 nemo
990 4199 1170 4257 debet
1197 4213 1373 4257 suam
1397 4198 1589 4272 ipsius
1618 4198 1988 4263 voluntatem
2016 4202 2235 4260 volun-

658 4289 765 4346 tati
793 4288 1029 4347 Domini
1060 4305 1413 4363 praeponere
1448 4306 1460 4344 :
1494 4289 1601 4346 sed
1630 4288 1692 4345 in
1722 4291 1890 4347 omni
1918 4306 1980 4347 re
2016 4292 2113 4349 Dei
2136 4309 2239 4350 vo-

658 4378 952 4437 luntatem
978 4395 1269 4454 quievere,
1301 4385 1358 4437 et
1388 4379 1657 4454 eXSequi.

1249 4469 1448 4540 Caput
1475 4466 1584 4526 IV.

646 4575 799 4644 Quia
815 4591 933 4633 non
947 4593 1147 4649 quaero
1164 4580 1529 4637 voluntatem
1543 4579 1866 4644 meam,sed
1878 4580 2244 4636 voluntatem

591 4667 720 4737 eius
758 4666 866 4736 qui
891 4667 1049 4722 misit
1068 4683 1161 4725 me
1186 4670 1379 4724 Patris
1407 4670 1604 4739 (.loan.
1634 4685 1691 4735 ν,
1714 4672 1900 4727 30)....
1930 4669 2008 4725 Et
2038 4669 2247 4739 positis

592 4755 862 4828 genibus,
894 4757 1092 4812 oravit
1118 4756 1363 4812 dicens:
1391 4760 1580 4822 Pater,
1607 4759 1659 4812 si
1679 4759 1785 4819 vis,
1811 4759 2081 4826 transfer
2103 4759 2249 4815 cati-

594 4861 718 4904 cem
745 4845 945 4901 istum.
966 4845 1379 4903 Verumtamen
1400 4861 1521 4902 non
1547 4861 1677 4903 mea
1710 4848 2118 4915 voluntas,sed
2142 4854 2248 4904 tua

2418 4384 2580 4431 ποιεῖν
2607 4380 2663 4430 τὸ
2689 4375 2887 4452 θέλημα
2915 4384 3007 4430 τοῦ
3040 4384 3195 4430 Θεου.

2992 4464 3181 4537 Κεφάλ.
3227 4462 3295 4519 Δ’.

2425 4583 2741 4631 ΙΩΑΝΝΗΣ.
2807 4573 2925 4626 ’Ὁτι
2982 4572 3041 4626 οὐ
3109 4573 3252 4634 ζητῶ
3313 4574 3373 4624 τό
3436 4570 3633 4643 θέλημα
3683 4571 3745 4622 τὸ
3809 4569 3948 4642 ἐμὸν,

2355 4666 2483 4721 ἀλλά
2556 4670 2614 4719 τὸ
2683 4664 2880 4737 θέλημα
2946 4683 3036 4716 του
3112 4661 3408 4735 πέμψαντός
3477 4679 3539 4734 με
3612 4662 3813 4733 Πατρός
3864 4662 3950 4716 (ὃ).

2356 4762 2641 4810 ΛΟΥΚΑΣ.
2700 4759 2801 4807 Καὶ
2874 4754 2973 4813 θεὶς

2355 4866 2458 4920 γων
2502 4866 2514 4878 ·
2606 4846 2795 4917 Πάτερ,
2863 4842 2905 4895 εἰ
2968 4839 3166 4915 βούλει,
3239 4843 3516 4915 παρένεγκε
3571 4841 3629 4891 τό
3703 4842 3953 4911 ποτήριον

2274 4423 2318 4476 D

3056 4754 3123 4804 τά
3190 4754 3405 4823 γόνατα,
3482 4747 3820 4820 προσηύξατο
3879 4745 3954 4798 λέ-

592 4940 701 5010 ﬁat
733 4937 893 4997 (Luc.
926 4952 1063 5007 xm,
1094 4940 1185 5005 41,
1210 4940 1449 5001 42)......
1477 4936 1551 4991 In
1577 4936 1791 5009 quibus
1836 4942 1890 4993 et
1919 4953 2027 4993 nos
2054 4952 2249 4993 omnes

595 5029 930 5104 aliquando
982 5026 1322 5084 conversati
1367 5040 1572 5079 sumus
1603 5025 1664 5080 in
1694 5024 2003 5081 desideriis
2048 5026 2250 5081 carnis

594 5119 1125 5191 nostrafacientes
1141 5116 1508 5173 voluntatem
1529 5117 1730 5171 carnis
1751 5120 1804 5171 et
1820 5116 2251 5186 cogitationum

622 5367 643 5385 η
665 5299 744 5372 (2)
777 5298 967 5387 E’ditio
1016 5297 1203 5355 Paris.
1243 5298 1334 5350 καὶ
1364 5296 1496 5369 λέγει
1528 5294 1684 5369 αὐτῷ.
1720 5296 1956 5351 Veteres
1996 5293 2132 5350 libri
2160 5298 2249 5347 καὶ

595 5379 732 5422 είπεν
764 5379 923 5442 αὐτῷ.

663 5443 740 5508 (3)
772 5438 911 5509 Reg.
941 5441 1237 5497 tertius'Ei
1261 5445 1332 5513 μὴ
1365 5438 1488 5513 νί-,ιῃ
1504 5459 1541 5500 ς.

665 5515 737 5578 (4)
768 5514 910 5584 Reg,
946 5513 1174 5584 primus
1207 5510 1323 5584 eo“:
1354 5510 1572 5566 ἀκούων.

661 5586 734 5658 (ὃ)
764 5581 926 5641 Idem
950 5581 1147 5641 codex
1182 5583 1376 5659 θέλημα
1407 5604 1496 5637 τόν
1530 5592 1660 5636 Θεου
1696 5581 1957 5655 ἐγκρίνειν,

2356 4954 2528 4990 τουτο,
2591 4933 2729 4992 Πλὴν
2786 4938 2856 5005 μὴ
2919 4935 2975 4983 τό
3032 4931 3231 5004 θέλημα
3267 4933 3326 4982 τὸ
3379 4929 3517 5002 ἐμόν,
3571 4926 3701 4981 ἀλλά
3747 4930 3803 4979 τό
3866 4929 3952 4977 σόν

2356 5025 2580 5097 γενέσθω
2610 5025 2706 5094 (7).
2767 5027 2935 5074 ΠΡΟΣ
2996 5025 3172 5072 ΕΦΕΣ.
3217 5017 3301 5070 Ἐν
3358 5018 3437 5079 οἷς
3491 5021 3581 5068 καὶ
3637 5018 3786 5087 ἡμεῖς
3832 5017 3954 5066 πάν-

2357 5134 2436 5175 τες
2505 5113 2896 5186 ἀνεστράφημέν
2967 5128 3091 5163 ποτε
3162 5108 3209 5161 ἐν
3291 5115 3404 5169 ταῖς
3492 5105 3791 5177 ἐπιθυμίαις
3865 5110 3953 5162 τῆς

2429 5292 2505 5364 (6)
2551 5293 2931 5367 Vestinae;
2988 5287 3048 5367 iu
3103 5285 3405 5367 plerisque
3452 5283 3620 5339 libris
3649 5280 3950 5367 veteribus

2357 5353 2559 5447 deest;
2589 5364 2668 5447 ob
2696 5353 2897 5435 idque,
2920 5353 3160 5431 opino},
3196 5353 3397 5413 Latine
3439 5370 3561 5413 non
3599 5353 3841 5411 reddita
3868 5356 3949 5407 est

2356 5437 2417 5492 in
2450 5437 2725 5498 Vulgata.

2428 5509 2505 5578 (7)
2540 5510 2680 5575 Reg.
2710 5492 2939 5578 peiurius
2982 5506 3039 5555 τό
3089 5504 3177 5554 σὸν
3229 5499 3473 5578 γινέσθαι.
3510 5500 3626 5554 Nec
3654 5496 3739 5553 ita
3764 5492 3946 5554 multo

2354 5570 2497 5661 post
2518 5570 2676 5637 idcfn
2704 5570 2893 5634 codex
2926 5591 3188 5633 ποιουντες
3216 5570 3284 5627 τὰ
3322 5570 3611 5645 θελήματα.
