4112 6172
610 257 707 310 731
1965 239 2022 291 S.
2067 231 2315 290 BASILII
2351 232 2592 294 IAGNL
3840 251 3936 304 732

607 374 780 443 Quod
837 367 1072 427 Domini
1129 364 1421 423 mandata
1468 370 1527 421 et
1570 379 1776 420 coram
1810 365 1928 418 Deo
1960 364 2016 417 et
2045 373 2231 415 corau

2307 360 2329 412 ι
2366 355 2484 411 *Οτι
2539 357 2623 414 δεῖ
2663 365 2754 426 τὰς
2803 364 3003 428 ἐντολὰς
3049 374 3140 420 τοῦ
3193 370 3397 441 Κυρίου
3444 371 3574 441 μετὰ
3614 366 3931 434 συνειδήσεως

676 459 1028 518 hominibus
1095 472 1235 512 cum
1305 454 1677 511 conscientia
1734 457 1792 508 et
1821 453 1983 507 bono
2058 447 2254 504 studio

2438 454 2528 502 καὶ
2585 446 2871 516 διαθέσεως
2925 454 3126 526 ἀγαθῆς
3167 460 3301 531 πρὸς
3343 475 3403 510 τε
3446 460 3576 510 Θεὸν
3639 463 3725 510 καὶ
3764 461 3935 532 ἀνθρὼ-

677 547 1049 623 perﬁcienda
1089 549 1248 601 sunt.
1292 543 1403 610 Qui
1440 544 1603 600 enim
1649 556 1773 599 non
1819 541 1902 597 sic
1930 539 2092 606 facit,
2116 551 2256 594 con-

2435 557 2562 601 πους
2611 549 2796 597 ποιεῖν.
2846 543 2903 595 Ὀ
2958 546 3057 618 γὰρ
3103 549 3176 617 μὴ
3231 545 3368 598 οὕτω
3428 555 3590 599 ποιῶν
3658 552 3933 622 κατακέκρι-

678 640 1002 697 damnatus
1044 639 1152 692 est.

915 643 1002 695 tus
1044 639 1152 692 est.
2435 647 2539 685 ται.

1246 725 1436 794 Caput
1504 724 1614 778 111.

3002 722 3191 794 Κεφάλ.
3246 723 3315 778 Γ’.

687 820 786 875 Vce
815 817 998 885 vobis,
1038 815 1248 872 scriba
1273 821 1325 872 et
1357 813 1659 870 Phariszi
1704 810 2058 881 hypocrita,
2111 809 2255 880 quia

2434 815 2794 866 ΜΑΤΘΑΙΟΣ.
2835 812 2981 866 οούαὶ
3025 814 3166 885 ὑμῖν,
3227 820 3572 887 γραμματεῖς,
3672 821 3760 869 καὶ
3804 822 3937 891 Φαρι-

605 908 911 966 mundatis
933 915 1244 962 externam
1269 905 1475 974 poculi
1489 903 1840 972 patinaeque
1866 905 2100 970 partem
2126 915 2138 953 :
2165 901 2228 954 in

2366 907 2510 952 σαῖσι
2599 901 2898 974 ὑποκριταὶ,
2999 904 3079 954 ὅτι
3145 904 3453 976 καθαρίζετε
3507 907 3568 956 τὸ
3623 903 3800 967 ἔξωθεν
3859 914 3935 958 τοῦ

608 1005 699 1055 tus
727 1003 926 1055 autem
944 997 1129 1066 plena
1154 994 1529 1062 suntrapina
1551 991 2082 1060 etintemperantia
2095 989 2230 1044 Pha

2363 992 2614 1064 ποτηρίον
2693 995 2781 1042 καὶ
2856 998 2952 1052 τῆς
3007 987 3322 1065 παροψίδος,
3387 994 3576 1045 ἔσωθεν
3645 989 3703 1046 δὲ
3771 999 3937 1066 γέμον-

605 1089 776 1143 νίείεε
801 1101 968 1150 caece,
983 1083 1211 1140 munda
1229 1083 1403 1151 prius
1425 1083 1726 1136 internum
1746 1080 2013 1148 poculiet
2032 1077 2229 1146 patina

2366 1097 2448 1129 σιν
2511 1078 2565 1140 ἐξ
2647 1079 2880 1152 ἁρπαγῆς
2965 1086 3053 1132 καὶ
3128 1078 3408 1152 ἀκρασίας.
3478 1087 3728 1155 Φαρισαῖε
3780 1083 3935 1154 τυφλὶ,

598 1181 858 1246 partem,
879 1180 941 1228 ut
974 1178 1028 1229 et
1057 1172 1380 1228 exteriores
1393 1170 1572 1239 hujus
1579 1174 1787 1238 partes
1805 1183 1975 1236 pura:
1994 1165 2222 1222 evadan

2364 1169 2650 1241 καθάρισον
2739 1172 2938 1242 πρῶτον
3039 1171 3099 1221 τὸ
3180 1168 3316 1229 ἐντὸς
3393 1177 3486 1222 τοῦ
3549 1175 3797 1245 ποτηρίου
3862 1177 3937 1223 καὶ

605 1264 846 1337 (Matth.
896 1277 1057 1327 χχιιι,
1109 1259 1362 1328 25,26)...
1425 1259 1539 1325 Qui
1587 1258 1794 1313 tribuit
1862 1258 1924 1312 in
1971 1255 2229 1324 simplici

2362 1263 2455 1315 τῆς
2515 1253 2834 1332 παροψίδος,
2901 1255 2983 1310 ἶνα
3047 1261 3257 1328 γένηται
3320 1264 3411 1310 καὶ
3480 1262 3540 1310 τὸ
3605 1257 3740 1319 ἐκτὸς
3798 1261 3935 1312 αὑτοῦ

607 1354 932 1422 tate(Rom.
959 1365 1058 1404 xu.
1083 1348 1445 1417 8)...0mnia
1491 1348 1678 1416 facite
1731 1348 1858 1402 sine
1913 1358 2230 1400 murmura

2364 1347 2478 1414 (24)
2530 1348 2776 1418 καθαρόν,
2840 1353 3006 1399 ΠΡΟΣ
3060 1354 3215 1401 PRM.
3274 1347 3331 1398 Ὀ
3363 1344 3684 1420 μεταδιδοὺς
3725 1347 3770 1399 ἐν
3800 1348 3935 1400 ἁπλό-

607 1440 865 1499 tionibus
890 1444 944 1494 et
964 1436 1482 1505 disceptationibus
1504 1435 1795 1504 (Philipp.
1824 1448 1882 1498 ιι,
1914 1433 2064 1501 14)...
2087 1433 2231 1487 Fini

2312 1498 2323 1510 _
2362 1453 2501 1492 τητι·
2564 1442 2730 1487 ΠΡΟΣ
2802 1442 3012 1490 ΦΙΛΠΙ.
3074 1439 3250 1488 Πάντα
3313 1445 3508 1490 ποιεῖτε
3550 1445 3720 1510 χωρὶς
3768 1457 3936 1509 γογγυ-

605 1495 804 1584 autem
837 1527 1013 1598 25o
1031 1495 1317 1594 priecepti
1338 1530 1420 1580 est
1443 1495 1711 1580 charitas
1731 1495 1806 1579 ile
1829 1495 2172 1591 conlegium
2198 1536 2226 1576 e

2310 1497 2323 1548 ι
2365 1533 2507 1596 σμῶν
2556 1530 2644 1576 καὶ
2698 1522 3075 1598 διαλογισμῶν.
3134 1532 3297 1580 ΠΡΟΣ
3376 1495 3647 1583 ΤΙῖ)1.ὀι’.⁸
3684 1531 3751 1580 Τὸ
3775 1495 3934 1579 ’δευτέ-

607 1616 963 1672 conscientia
993 1613 1144 1669 bona
1174 1614 1217 1679 (Ι
1279 1614 1403 1668 Tim
1443 1629 1482 1679 ι,
1542 1612 1662 1680 5)...
1715 1612 1956 1667 Habens
1993 1611 2171 1678 ﬁdem
2197 1627 2226 1667 e

2360 1613 2441 1674 λος
2532 1623 2622 1674 τῆς
2709 1614 3060 1688 παραγγελίας
3148 1613 3284 1668 ἔστὶν
3363 1614 3543 1688 ἀγάπη
3615 1615 3668 1668 ἐκ
3732 1617 3933 1690 καθαρᾶς

606 1705 815 1760 bonam
873 1702 1320 1769 conscientiam,
1355 1717 1533 1771 quam
1573 1701 1812 1771 quidam
1876 1701 2230 1769 repellentes

2361 1701 2588 1778 καρδίας
2651 1708 2738 1755 καὶ
2803 1702 3154 1766 συνειδήσεως
3220 1703 3553 1776 ἀγαθῆς.....
3631 1705 3799 1776 ’Ἑχων
3864 1711 3932 1756 πί-

607 1789 999 1859 naufragium
1031 1788 1309 1857 fecerunt
1337 1787 1500 1843 circa
1524 1786 1701 1856 ﬁdem
1735 1785 1898 1846 (ibid.
1936 1789 2039 1854 19).

2364 1811 2477 1846 στιν
2551 1798 2641 1844 καὶ
2711 1795 2912 1864 αγαθὴν
2991 1790 3318 1861 συνείδησιν,
3383 1798 3446 1854 ἣν
3511 1813 3638 1856 τινες
3685 1792 3930 1867 ἀπωσάμε-

2360 1901 2439 1936 νοι
2468 1887 2585 1956 περὶ
2615 1887 2706 1940 τὴν
2728 1886 2904 1934 πίστιν
2927 1881 3276 1954 ἐναυάγησαν.

604 1965 780 2032 Quod
802 1969 1050 2038 prapter
1072 1981 1307 2038 (equam
1340 1963 1639 2020 minorum
1670 1961 2228 2020 administratione!)

2359 1970 2479 2023 Ὀτι
2529 1969 2628 2025 ἀπὸ
2677 1979 2771 2032 τῆς
2818 1977 2935 2045 περὶ
2981 1974 3048 2024 τὰ
3095 1971 3340 2024 ἐλάττονα
3367 1975 3816 2046 εὐγνωμοσύνηςή
3862 1971 3929 2024 ἐπὶ

816 2079 886 2120 ex
919 2064 1082 2135 justo
1094 2062 1325 2135 judicio
1349 2062 1753 2119 retribuantur
1780 2061 2034 2132 majora.
2431 2079 2440 2109 τ

2431 2066 2539 2121 τοῖς
2599 2061 2808 2133 μείζοσι
2864 2069 2954 2121 τῆς
3011 2059 3419 2125 ἁνταποδόσεως
3479 2067 3658 2136 κρίσις
3712 2058 3928 2114 δικαιοῦ-

2431 2167 2538 2201 ται.

1265 2241 1464 2308 Caput
1484 2240 1518 2294 I
1531 2241 1591 2295 V.

3002 2239 3193 2311 Κεφάλ·
3244 2238 3310 2294 Δ’.

671 2332 858 2401 Euge,
887 2344 1051 2387 serve
1091 2329 1236 2385 bone
1265 2336 1317 2386 et
1342 2330 1557 2399 ﬁdelis,
1615 2343 1798 2398 super
1840 2342 2040 2398 pauca
2072 2328 2250 2398 fuisti

2429 2332 2786 2395 ΜΑΤΘΑΙΟΣ,
2869 2325 2959 2396 Εὖ,
3011 2325 3164 2382 δοῦλε
3241 2329 3359 2400 (25)
3421 2327 3586 2400 ἁγαθε
3634 2331 3720 2379 καὶ
3772 2326 3921 2392 «mi,

599 2420 814 2488 ﬁdelis,
837 2435 1018 2488 super
1036 2420 1230 2474 multa
1252 2425 1306 2474 te
1325 2420 1683 2474 constituam
1713 2435 1726 2472 :
1752 2420 1917 2473 intra
1977 2418 2038 2472 in
2094 2433 2223 2487 gau

2357 2417 2440 2470 ἐπὶ
2507 2417 2657 2488 ὀλίγα
2721 2415 2784 2478 ἧς
2848 2421 3056 2484 πίστός,
3121 2416 3206 2469 ἆπί
3270 2417 3475 2470 πολλῶν
3526 2436 3583 2470 σε
3611 2420 3918 2472 καταστήσω·

601 2509 766 2563 dium
811 2508 1040 2563 domini
1089 2509 1180 2562 tui
1213 2507 1448 2575 (Matth.
1502 2523 1635 2572 xxv,
1661 2511 1766 2567 23).
1795 2509 1860 2562 Et
1882 2506 2083 2578 paucis
2111 2522 2221 2578 pos

2358 2506 2549 2560 εἴσελθε
2594 2506 2664 2566 εἰς
2716 2511 2810 2564 τὴν
2875 2509 3052 2581 χαρὰν
3103 2514 3195 2558 τοῦ
3238 2511 3428 2578 κυρίου
3509 2527 3622 2562 σου.
3683 2509 3776 2558 Kui
3828 2500 3917 2575 μετ’

600 2598 923 2667 interjectis
945 2613 966 2656 .°
987 2598 1164 2654 Omni
1185 2599 1341 2653 enim
1372 2596 1898 2665 habentidabitur,
1949 2603 2004 2652 et
2059 2597 2220 2652 abun

2356 2594 2531 2667 ὀλίγαν
2617 2602 2700 2665 Τῷ
2779 2596 2880 2670 γὰρ
2950 2597 3128 2667 ἔχοντι
3177 2600 3332 2648 παντὶ
3391 2594 3693 2662 δοθήσεται,
3735 2597 3814 2646 καὶ
3848 2609 3918 2643 πε-

601 2687 805 2742 dabit:
848 2687 924 2742 ab
977 2702 1042 2743 eo
1093 2701 1226 2742 vero
1273 2687 1378 2758 qui
1401 2701 1519 2741 non
1550 2685 1750 2752 habet,
1779 2691 1836 2741 et
1866 2687 2025 2757 quod
2046 2685 2221 2743 habet

2355 2685 2784 2758 ρισσευθήσεται·
2868 2682 2969 2736 ἀπὸ
3056 2681 3114 2736 δε
3191 2692 3280 2737 τοῦ
3349 2691 3423 2758 μὴ
3489 2688 3711 2757 ἔχοντος,
3765 2686 3844 2734 καὶ
3898 2679 3918 2729 ὁ

601 2775 918 2843 auferetur
941 2775 1103 2832 (ibid.
1128 2779 1240 2830 29..
1271 2777 1372 2842 )Si
1400 2790 1539 2844 ergo
1555 2776 1619 2830 in
1650 2775 1856 2846 iniquo
1904 2791 2225 2832 mammam

2293 2844 2314 2848 _
2357 2775 2488 2845 ἕχει,
2541 2771 2828 2848 ἀρθήσεται
2872 2772 2960 2826 ἀπ’
3013 2773 3195 2828 αὐτοῦ.
3255 2780 3546 2829 ΛΟΥΚΑΣ.
3620 2774 3676 2826 Ei
3748 2767 3824 2823 οὖν
3878 2768 3917 2820 ἐν

597 2863 801 2931 ﬁdeles
869 2879 989 2919 non
1047 2865 1252 2933 fuistis
1281 2881 1294 2919 :
1319 2865 1480 2936 quod
1522 2879 1726 2920 verum
1749 2844 1858 2933 est,
1890 2868 2023 2936 quis
2047 2867 2221 2923 crede

2297 2844 2425 2932 3τῷ
2486 2859 2656 2933 ἀδίκῳ
2707 2867 2970 2934 μαμμωνᾷ
3010 2866 3192 2914 πιστοὶ
3235 2861 3330 2914 ουκ
3411 2862 3657 2935 ἐγένεσθε,
3715 2864 3770 2912 τὸ
3819 2857 3921 2913 ἁλη-

601 2953 762 3009 vobis
785 2958 809 3007 .9
831 2954 904 3009 Et
948 2955 998 3009 si
1034 2955 1096 3009 in
1127 2956 1325 3011 alieno
1366 2955 1570 3024 ﬁdeles
1630 2971 1749 3010 non
1813 2957 2012 3011 fuistis
2038 2974 2055 3009 :
2087 2971 2225 3028 quat

2358 2952 2494 3003 θινὸν
2558 2955 2638 3012 τὶς
2699 2953 2819 3023 ὑμῖν
2880 2953 3169 3018 πιστεύσει,
3241 2957 3341 3004 Καὶ
3413 2952 3456 3005 εἰ
3517 2951 3565 3004 ὲν
3597 2958 3668 3022 τῷ
3709 2948 3922 3020 ἀλλοτρίῳ

600 3047 862 3098 vestrum
891 3046 977 3099 est
1005 3043 1136 3114 quis
1165 3043 1332 3099 dabit
1356 3042 1514 3100 vobis
1542 3042 1569 3098 ?
1595 3046 1764 3106 )Luc.
1786 3059 1879 3100 ενι
1913 3048 1996 3108 tt,
2026 3046 2132 3115 t2.)

2356 3045 2540 3093 πιστοὶ
2614 3044 2708 3094 οὺχ
2775 3039 3020 3112 ἐγένεσθε,
3084 3044 3142 3094 τὸ
3201 3041 3458 3117 ὑμέτερον
3522 3046 3596 3103 τίς
3655 3041 3766 3114 ὑμῖν
3840 3033 3921 3088 δώ-

2359 3146 2474 3182 σειε

603 3219 774 3286 Quod
809 3220 1044 3276 Domini
1073 3219 1365 3276 mandata
1393 3236 1531 3278 cum
1562 3220 1907 3293 inexplebili
1949 3222 2227 3280 desiderii

2361 3172 2476 3196 *-·ι

2355 3218 2476 3271 Ὀτι
2520 3215 2604 3271 δτι
2651 3219 2747 3279 τὰς
2803 3217 3008 3281 ἄντολὰς
3057 3226 3150 3272 τοῦ
3209 3225 3417 3292 Κυριου
3498 3221 3623 3295 μετὰ
3677 3218 3920 3289 ἐπιθυμίας

670 3312 814 3364 sunt
852 3309 1222 3380 peragenda,
1271 3325 1510 3382 semper
1540 3310 1784 3368 ulterius
1808 3310 2171 3368 festinando.

2427 3307 2712 3382 ἀκορέστου
2777 3316 2962 3376 ποιεῖν,
3061 3307 3138 3362 ἀεὶ
3211 3311 3338 3384 πρὸς
3379 3313 3449 3364 τὸ
3501 3310 3646 3364 πλέον
3684 3308 3914 3379 ἐπειγόμι.

2425 3415 2527 3452 νον.

1267 3487 1464 3558 Caput
1507 3490 1571 3546 V.

2996 3487 3184 3561 Κεφάλ·
3235 3487 3301 3542 Ε’.

667 3575 844 3631 Beati
865 3576 972 3646 qui
995 3575 1264 3631 esuriunt
1295 3581 1350 3634 et
1397 3578 1609 3632 sitiunt
1645 3578 1946 3646 justitiam
1999 3579 2243 3639 (Matth.

2423 3583 2789 3632 ΜΔΤΘΑῙΟΣ.
2835 3581 3101 3652 Μακάριοι
3155 3580 3204 3630 οἱ
3261 3585 3535 3640 πεινῶντες
3589 3582 3674 3630 καὶ
3749 3570 3913 3642 διψῶν·

597 3667 717 3732 ο)...
748 3665 1241 3734 Ρναινθε,εροιηε
1267 3666 1534 3722 nondum
1561 3668 1831 3723 arbitror
1864 3669 2220 3737 comprehen

2355 3685 2432 3728 τες
2487 3673 2580 3726 τὴν
2639 3665 2998 3724 δικαιοσύνην.
3065 3674 3232 3719 ΠΡΟΣ
3298 3673 3523 3723 “Mm.
3593 3667 3736 3737 Ἐγὼ,
3790 3657 3913 3713 ἁδελ-

595 3753 768 3810 disse.
809 3755 1002 3810 Unum
1015 3761 1238 3821 autem,
1253 3771 1383 3826 qua
1395 3757 1634 3826 quidem
1659 3763 1820 3812 retro
1836 3764 1979 3812 sunt
1999 3758 2219 3814 oblivisl

2355 3763 2460 3830 φοι,
2546 3757 2765 3823 ἐμαυτὸν
2839 3759 2982 3809 οὔπω
3054 3756 3334 3830 λογίζομαι
3423 3757 3767 3827 κατειληφέναι
3842 3748 3912 3802 Ἒν

595 3856 752 3909 cens,
781 3843 862 3898 ad
882 3857 951 3899 ea
978 3858 1114 3900 vero
1139 3859 1270 3914 quae
1295 3849 1508 3912 priora
1529 3851 1670 3901 sunt
1694 3846 2020 3903 extendens
2067 3850 2219 3917 meip

2357 3843 2434 3912 δὲ,
2533 3855 2632 3897 τῶν
2708 3848 2796 3919 μὶν
2858 3845 3068 3898 ὄπισθεν
3135 3846 3249 3915 (26)
3311 3844 3772 3917 ἐπιλανθανόμενος,
3828 3842 3912 3893 τοῖς

593 3947 744 3998 sum,
759 3934 948 4001 juxta
975 3947 1217 4002 scopum
1233 3947 1564 4004 persequor
1589 3935 1670 3990 ad
1687 3935 1960 3990 bravium
1974 3952 2217 4005 superna

2356 3931 2415 3986 δὲ
2485 3937 2773 4010 ἔμπροσθεν
2839 3932 3266 4007 ἐπεκτεινόμενος,
3341 3939 3485 3988 κατὰ
3561 3935 3745 3987 σκοπὸν
3805 3924 3911 3980 διώ·

594 4022 921 4077 vocationis
950 4022 1012 4076 in
1037 4021 1280 4077 Christo
1304 4023 1436 4078 Jesu
1467 4023 1762 4092 (Philipp.
1792 4039 1870 4094 ιιι,
1910 4029 1993 4093 13,
2027 4029 2134 4092 tt).

2353 4043 2426 4074 κω
2481 4022 2562 4076 ἐπὶ
2626 4027 2683 4076 τὸ
2729 4021 2971 4096 βραϐεῖον
3027 4031 3124 4084 τῆς
3175 4024 3279 4075 οἶνω
3340 4022 3581 4086 κλήσεως
3630 4021 3676 4074 ἐν
3724 4021 3908 4092 Χριστῷ

2355 4111 2553 4170 Ἰησοῦ.

593 4196 763 4258 Quod
814 4197 1106 4254 mandata
1145 4197 1243 4253 Dei
1285 4197 1369 4254 ita
1406 4197 1535 4252 ﬁeri
1578 4197 1820 4263 debent,
1853 4203 1918 4254 ut
1941 4203 2217 4271 quantum

2281 4195 2487 4256 ῧὊτι·
2545 4199 2630 4254 δεῖ
2669 4204 2762 4263 τὰς
2819 4201 3020 4262 ἐντολὰς
3077 4210 3169 4255 τοῦ
3219 4211 3352 4257 Θεοῦ
3413 4205 3548 4257 οὕτω
3572 4207 3745 4268 ποιεῖν,
3775 4197 3905 4257 ὥστε,

661 4286 722 4340 in
765 4286 1019 4342 faciente
1076 4286 1258 4342 situm
1302 4291 1411 4356 est,
1459 4302 1670 4343 omnes
1721 4287 2153 4358 illuminentur,
2185 4294 2242 4347 et

2420 4294 2539 4345 ὅσον
2591 4292 2707 4361 (27)
2761 4290 2846 4344 ini
2902 4300 2974 4362 τῷ
3028 4300 3283 4364 ποιοῦντι,
3320 4295 3642 4367 φωτίζεσθαι
3667 4292 3777 4349 τοὺς
3800 4285 3907 4338 πάν

661 4373 852 4445 gloria
871 4374 1168 4432 afﬁciatur
1184 4379 1357 4432 Deus.

2417 4401 2529 4448 τας,
2554 4386 2643 4434 καὶ
2674 4384 2758 4433 τὸν
2785 4384 2913 4433 Θεὸν
2945 4378 3277 4451 δοξάλεσθαι,

1255 4469 1450 4537 Caput
1489 4468 1575 4522 VI.

2988 4472 3175 4543 Κεφάλ.
3243 4471 3309 4531 ς’.

673 4553 780 4606 Vos
804 4553 940 4608 estis
963 4555 1068 4608 lux
1085 4558 1314 4612 mundi.
1349 4558 1481 4612 Non
1509 4564 1701 4626 potest
1724 4559 1934 4615 civitas
1954 4559 2243 4615 abscondi

2419 4564 2776 4614 ΜΑΤΘΑΙΟΣ.
2835 4558 3011 4632 Ὑμεῖς
3070 4561 3180 4614 ἐστι
3235 4566 3293 4614 τὸ
3361 4572 3464 4635 φῶς
3543 4568 3633 4614 τοῦ
3707 4560 3898 4626 κόσμον.

584 4655 769 4709 supra
789 4648 1041 4698 montem
1079 4647 1273 4711 posita
1299 4663 1310 4700 :
1345 4662 1532 4716 neque
1550 4648 1884 4702 accendunt
1907 4649 2208 4705 lucernam

2349 4647 2423 4699 Οὐ
2483 4643 2704 4699 δύναται
2751 4645 2899 4707 πόλις
2973 4648 3227 4720 κρυϐῆναι
3299 4649 3468 4703 ἐπάνω
3539 4655 3683 4724 ᾅοους
3767 4641 3905 4710 κειμέ-

587 4735 642 4784 et
677 4736 912 4799 ponunt
937 4731 1043 4786 sub
1062 4733 1278 4799 modio,
1309 4734 1412 4788 sed
1449 4750 1631 4802 super
1670 4736 2133 4806 candelabrum,
2183 4753 2211 4794 e

2347 4756 2429 4794 νη·
2499 4732 2622 4788 οὐδὲ
2685 4739 2898 4788 καίουσι
2954 4736 3166 4809 λύχνον,
3239 4743 3328 4790 καὶ
3409 4741 3639 4792 τιθέασιν
3687 4736 3776 4786 ὑπὸ
3833 4730 3903 4778 τὸν

589 4820 746 4876 lucet
767 4821 1037 4875 omnibus
1067 4822 1168 4891 qui
1195 4824 1257 4876 in
1290 4823 1461 4878 domo
1481 4831 1641 4880 sunt.
1674 4826 1775 4880 Sic
1794 4826 1991 4882 luceat
2015 4827 2126 4882 lux
2150 4843 2213 4884 ve

2347 4822 2554 4900 μόδιον,
2625 4823 2730 4878 ἀλλ’
2791 4825 2874 4880 ἐπὶ
2942 4832 3036 4886 τὴν
3101 4828 3342 4902 λυχνίαν,
3413 4835 3501 4882 καὶ
3563 4827 3744 4899 λάμπει
3792 4823 3904 4872 πᾶσι

583 4914 712 4966 stra
724 4924 926 4966 coram
939 4909 1137 4966 homin
1146 4910 1362 4976 ibus,ut
1378 4913 1616 4969 videant
1639 4929 1824 4983 opera
1846 4922 2042 4972 vestra
2062 4915 2207 4973 bona

2348 4923 2456 4978 τοῖς
2516 4914 2565 4971 έν
2623 4923 2684 4987 τῇ
2737 4915 2898 4988 οἰκίᾳ.
2961 4916 3113 4969 Οὕτω
3199 4917 3456 4990 λαμψάτω
3534 4919 3591 4969 τὸ
3646 4921 3742 4986 φῶς
3789 4909 3904 4978 ὑμῶν

585 5006 640 5056 et
698 5000 1036 5071 gloriﬁcent
1092 5002 1336 5058 Patrem
1394 5009 1653 5060 vestrum
1705 5006 1812 5076 qui
1867 5007 1928 5061 in
1959 5007 2123 5062 caelis
2157 5021 2209 5063 es

2323 5006 2636 5080 -τμπροσθεν
2713 5012 2814 5056 τῶν
2897 5004 3199 5078 ἀνθρώπων,
3286 5009 3425 5068 ὅπως
3487 5003 3642 5058 ἴδωσι
3689 5004 3752 5053 τὰ
3796 4993 3905 5048 κειλὰ

579 5089 829 5161 (Matth.
884 5105 942 5146 v.
997 5089 1304 5158 t-i-tb).....
1374 5091 1558 5149 Nemo
1642 5100 1838 5151 autem
1902 5095 2202 5153 accenden

2350 5095 2474 5168 ἔργα
2537 5095 2698 5167 ὑμῶν,
2765 5099 2854 5146 καὶ
2931 5089 3201 5156 δοξάσωσι
3264 5098 3352 5148 τὸν
3405 5098 3602 5168 Πατέρα
3651 5092 3780 5163 ὑμῶν
3834 5081 3904 5131 τὸν

655 5269 924 5345 (2L)_Hoc_
949 5269 1082 5345 loco
1113 5274 1367 5345 utraque
1393 5271 1595 5329 editio.
1626 5273 1807 5329 αὑτοῦ.
1842 5278 1911 5330 At
1933 5277 2126 5330 textus
2148 5290 2239 5332 sa-

2348 5275 2483 5332 libri
2505 5282 2604 5327 τῶν
2635 5275 2723 5345 μὶν
2751 5277 2939 5326 οπίσωο
2976 5275 3092 5345 Nec
3121 5272 3202 5345 ita,
3231 5272 3420 5345 multo
3458 5273 3588 5343 post
3609 5264 3778 5324 editio
3811 5261 3902 5345 pg}:

583 5340 959 5419 cei-fulgetis
991 5342 1182 5419 αέτὼν,
1215 5339 1651 5419 h6_rum_pa_rtes
1681 5346 2036 5419 epteriqres.
2111 5417 2124 5419 _

2347 5349 2448 5419 riis.
2476 5339 2710 5419 glaciet;
2735 5354 2826 5397 τοῦ
2859 5352 2990 5398 Θεοῦ
3020 5344 3088 5419 έν.
3119 5344 3291 5419 Illud,
3324 5353 3413 5398 τοῦ
3445 5339 3587 5419 Θεορ.
3833 5339 3900 5419 in

656 5411 771 5477 (25)
805 5405 994 5490 Editio
1025 5405 1378 5494 Earié.‘t57l,
1414 5405 1586 5473 dicit.
1624 5416 1824 5472 Codex
1873 5416 2140 5474 Combef.
2182 5422 2238 5475 et
2348 5418 2606 5494 editione
2635 5420 2775 5474 Ven.
2811 5431 3007 5490 neque
3027 5415 3087 5474 in
3108 5405 3327 5476 nostris
3357 5412 3644 5474 veteribus
3662 5405 3814 5464 libris
3830 5405 3900 5454 in-

584 5481 726 5545 Reg.
753 5482 986 5551 primus
1018 5481 1092 5548 εὖ,
1125 5481 1319 5541 δοῦλε(

981 5500 986 5534 ι
1018 5481 1092 5548 εὖ,
1125 5481 1319 5541 δοῦλε(
2349 5490 2605 5548 venitur.

652 5553 761 5623 (26)
790 5553 1045 5626 Utraque
1075 5555 1254 5614 editio
1283 5565 1382 5612 τῶν
1413 5561 1504 5632 μεν
1536 5561 1765 5617 ὄπισθεν.
1813 5560 2057 5637 Antiqui
2105 5560 2229 5620 duo

1899 5560 2057 5637 tiqui
2105 5560 2229 5620 duo
2357 5609 2362 5614 .
2412 5563 2526 5636 (27)
2560 5563 2700 5633 Reg.
2731 5559 2966 5637 primus
3001 5565 3167 5620 ποιεῖν
3197 5563 3265 5624 ὡς
3301 5563 3358 5618 τὸ
3389 5561 3523 5618 ὅσον.
