4112 6172
212 268 326 327 733

1741 251 2080 313 MORALIA.

3484 264 3591 321 734

215 390 406 452 ἕντοῖς
427 387 688 462 οὐρανοῖς.
723 390 1017 443 ΑοιίιΑΣ.
1063 380 1255 446 Οὐδεὶς
1293 379 1375 451 δι,
1420 382 1615 454 λύχνον
1663 376 1824 449 ἅψας,

1969 386 2473 455 ucernam,operit
2496 401 2627 443 eam
2648 391 2921 455 vase,aut
2944 385 3151 444 subter
3170 389 3386 444 tectum
3397 387 3590 457 ponit,

215 484 434 554 κρύπτει
465 477 622 532 αὐτὸν
646 478 836 542 σκεύει,
870 476 900 535 ἣ
934 476 1179 529 ὑποκάτω
1224 473 1401 538 κλίνης
1454 472 1687 536 τίθησιν,
1720 464 1829 519 ἀλλ’

217 569 302 627 iui
337 568 569 642 λυχνίας
598 565 896 623 ἕπιτίθησιν
926 565 1059 635 (28),
1089 566 1171 616 ἱνα
1199 565 1248 617 oi
1277 563 1694 634 εἰσπορεύομενοι
1716 554 1831 629 βλέ-

217 676 361 716 πωσι
398 661 461 713 τὸ
491 664 614 728 φῶς.
645 661 815 709 ΠΡΟΣ
845 658 1058 711 «sum.
1105 651 1216 707 Ἵνα
1244 648 1332 711 ἦτε
1378 650 1682 723 εἰλικρινεῖς,
1736 647 1829 702 καὶ

219 747 555 820 ἀπρόσκοποι
585 745 658 807 εἰς
687 746 885 816 ἡμέραν
918 748 1171 815 Χρίστοῦ,
1203 740 1593 816 πεπληρωμένοι
1620 740 1831 809 καρπῶν

218 835 591 902 δικαιοσύνης,
615 830 917 892 διάἸησοῦ
946 838 1179 908 Χριστοῦ
1228 831 1298 896 εἰς
1347 826 1507 895 δόξαν
1553 830 1643 881 καὶ
1691 827 1833 882 ἔπαι-

218 947 299 980 νον
332 932 494 983 Θεού.

886 1017 1051 1065 ΟΡΟΣ
1092 1008 1176 1063 ΙΘ’

217 1104 340 1159 Ὀτι
370 1104 429 1159 ού
464 1100 546 1159 δεῖ
587 1098 889 1176 έμποδίζειν
910 1109 982 1172 τῷ
1011 1104 1246 1152 ποιοῦντι
1295 1097 1493 1170 θέλημα
1541 1101 1697 1164 Θεοῦ,
1739 1096 1838 1147 εἴτε

291 1194 409 1250 κατ’
429 1192 638 1251 ἐντολὴν
667 1199 823 1258 Θεοῦ,
852 1193 952 1245 εἴτε
971 1208 1108 1242 κατα
1147 1187 1297 1260 λόγον
1346 1185 1731 1239 ἀκολουθοῦντα
1770 1178 1833 1255 τῇ

294 1282 509 1356 ἐντολῇι·
533 1285 654 1337 οὔτε
683 1286 786 1355 μὴν
815 1288 1067 1334 ποιοῦντα
1087 1277 1372 1350 ἀνέχεσθαι
1401 1284 1501 1331 τῶν
1532 1272 1832 1326 κωλυόντων

294 1373 393 1427 κᾶν
428 1377 648 1448 γνήσιοι
684 1372 834 1438 ὦσιν,
859 1368 965 1423 ἀλλ’
998 1367 1251 1445 ἐπιμένειν
1278 1373 1342 1441 τῇ
1375 1368 1568 1442 κρίσει.

892 1546 1082 1623 Κεφάλ.
1131 1545 1181 1601 Α’

1939 473 2043 528 sed
2060 487 2237 545 super
2260 476 2791 546 eandelabrum,ut
2812 477 3112 534 intrantes
3129 477 3371 534 videant
3394 476 3594 533 lumen

1941 561 2108 633 (Luc.
2130 579 2250 632 vm,
2288 567 2444 633 16)...
2494 566 2564 623 Ut
2605 566 2735 622 sitis
2766 566 3007 633 sinceri,
3048 571 3104 622 et
3122 568 3251 623 sine
3275 567 3504 636 offensa
3533 566 3596 621 in

1943 652 2096 710 diem
2115 653 2585 726 Christi,repleti
2597 656 2902 727 fructibus
2931 655 3203 727 justitia,
3236 671 3351 727 per
3394 655 3596 712 Iesum

1947 742 2252 801 Christum
2274 745 2337 801 in
2356 746 2617 816 gloriam
2637 750 2692 804 et
2712 744 2951 804 laudem
2974 746 3083 803 Dei
3101 744 3397 816 (Philipp.
3421 761 3459 814 ι,
3482 745 3596 810 10).

2547 1032 2827 1089 BEGULA
2866 1035 2996 1091 XIX.

1950 1123 2122 1191 Quod
2150 1121 2200 1178 is
2218 1121 2500 1197 impediri
2525 1137 2649 1177 non
2674 1120 2853 1177 debet
2875 1122 2980 1194 qui
3007 1122 3106 1178 Dei
3122 1122 3492 1181 volontatem
3514 1120 3596 1178 fa-

2020 1213 2134 1270 cit:
2180 1212 2304 1269 sive
2344 1227 2415 1267 ex
2442 1211 2540 1267 Dei
2563 1214 2888 1284 praecepto,
2924 1210 3049 1266 sive
3074 1226 3147 1266 ex
3170 1212 3401 1268 ratione
3423 1225 3598 1266 man—

2020 1303 2161 1359 dato
2192 1306 2432 1376 pareat:
2456 1316 2654 1373 neque
2680 1298 2905 1356 faciens
2937 1299 3114 1356 debet
3134 1315 3372 1356 morem
3395 1313 3597 1368 gerere

2017 1388 2650 1465 impedientibus,lic_et
2679 1388 2795 1446 sint
2816 1388 3254 1447 necessitudine
3275 1387 3597 1461 conjuncti,

2020 1487 2127 1537 sed
2154 1481 2216 1537 in
2247 1496 2358 1537 sua
2381 1478 2674 1535 sententia
2695 1492 3109 1551 perseverare.

2633 1569 2834 1639 Caput
2872 1569 2924 1624 Ι.

2028 1659 2192 1714 Tunc
2214 1658 2373 1714 venit
2390 1658 2561 1715 Jesus
2575 1672 2610 1714 a
2634 1659 2772 1714 Gali
2778 1658 2888 1714 (aea
2900 1659 2962 1714 in
2979 1656 3304 1713 Jordanem
3319 1655 3400 1712 ad
3417 1655 3603 1711 Joan-

1950 1753 2174 1815 nem,ut
2199 1747 2695 1819 baptizareturab
2716 1763 2800 1805 eo.
2832 1749 3090 1804 Joannes
3112 1752 3311 1803 autem
3329 1743 3605 1815 prohibe-

1953 1837 2051 1893 bat
2094 1852 2247 1904 eum,
2282 1838 2511 1893 dicens:
2554 1837 2682 1906 Ego
2728 1852 2871 1907 opus
2912 1836 3119 1903 habeo,
3146 1840 3211 1889 ut
3259 1833 3431 1907 251
3472 1846 3510 1888 a
3550 1837 3606 1888 te

1954 1926 2305 1996 baptizer,et
2328 1932 2392 1982 tu
2416 1927 2576 1982 venis
2596 1925 2679 1982 ad
2689 1925 2817 1981 me?
2827 1924 3205 1996 Respondens
3223 1928 3417 1979 autem
3430 1922 3602 1978 Jesus

1951 2017 2106 2071 dixit
2142 2016 2196 2071 ei
2217 2034 2230 2072 :
2277 2016 2420 2072 Sine
2456 2015 2661 2072 modo:
2712 2015 2798 2070 sic
2838 2015 2990 2070 enim
3024 2014 3189 2069 decet
3218 2027 3324 2068 nos
3355 2010 3608 2081 implere

1951 2120 2181 2161 omnem
2228 2106 2539 2176 justitiam
2615 2104 2861 2176 (Matth.
2916 2119 3002 2170 ιιι,
3062 2102 3274 2173 13-15),
3337 2104 3598 2157 etc.....

1950 2194 2190 2251 Exinde
2209 2195 2383 2266 coepit
2408 2195 2580 2252 Jesus
2599 2194 2906 2251 ostendere
2934 2191 3246 2264 discipulis
3275 2191 3416 2260 suis,
3448 2186 3610 2261 quod

1951 2289 2175 2354 oportet
2202 2299 2331 2340 eum
2357 2286 2447 2340 ire
2463 2284 2983 2355 Jerosolymam,et
3004 2283 3200 2338 multa
3220 2280 3355 2352 pati
3368 2294 3405 2336 a
3424 2278 3611 2335 senio-

1953 2371 3059 2444 ribus,etprincipibussacerdotum,et
3076 2370 3371 2439 scribis,et
3397 2365 3609 2430 occidi,

1954 2468 2009 2520 et
2022 2463 2204 2520 tertia
2220 2461 2316 2519 die
2326 2462 2742 2532 resurgere.Et
2760 2460 3215 2531 apprehendens
3230 2473 3360 2514 eum
3374 2456 3610 2523 Petrus,

1956 2552 2134 2622 ccepit
2159 2553 2478 2622 increpare
2507 2552 2704 2617 illum,
2747 2550 2981 2607 dicens:
3023 2547 3333 2613 Propitius
3373 2544 3485 2599 tibi
3508 2543 3611 2609 sis,

1959 2644 2246 2702 Domine:
2296 2658 2417 2699 non
2453 2643 2566 2699 erit
2593 2640 2704 2697 tibi
2728 2639 2858 2697 hoc.
2892 2638 3006 2707 Qui
3047 2649 3389 2705 conversus,
3452 2631 3613 2689 dixit

1960 2735 2174 2792 Petro:
2215 2733 2374 2789 Vade
2397 2736 2536 2802 post
2560 2745 2669 2797 me,
2694 2735 2943 2797 satana;
2981 2725 3338 2783 scandalum
3361 2737 3418 2780 es
3432 2722 3604 2788 mihi,

245 2824 325 2909 ἷ⁰¹,
357 2822 543 2859 "mm
606 2810 650 2909 9
691 2808 1603 2909 δ’δ’,στραῖἷείξχξιωΪῳ-,Πξῖξττξ
1960 2826 2101 2900 quia
2120 2838 2240 2879 non
2261 2823 2422 2891 sapis
2454 2836 2523 2877 ea
2552 2835 2684 2891 qua:
2705 2820 2815 2874 Dei
2841 2822 3002 2884 sunt,
3027 2816 3129 2872 sed
3163 2829 3233 2872 ea
3264 2827 3392 2886 quae
3433 2808 3618 2871 homi-

232 2894 410 2948 ὀπίσω
448 2911 577 2966 μου,
610 2895 810 2943 Σατανᾶ
831 2910 845 2925 ο
892 2884 1184 2942 σκάνδαλόν
1211 2906 1310 2962 μου
1338 2884 1400 2952 εἶ,
1430 2887 1511 2939 ὃτι
1548 2884 1606 2937 ού
1654 2888 1850 2958 φρονεῖς

1969 2884 2101 2972 num
2143 2884 2388 2986 (Matth.
2439 2884 2577 2974 mf
2610 2912 2941 2979 21-23)....
3002 2906 3083 2962 Et
3140 2884 3473 2975 offerebant
3520 2899 3621 2956 au

225 2987 293 3040 τὰ
315 2992 411 3038 τού
443 2987 599 3049 Θεοῦ,
641 2978 772 3033 ἀλλά
817 2981 884 3033 τά
924 2986 1024 3032 τῶν
1069 2975 1370 3052 ἀνθρώπων.
1411 2980 1699 3029 ΜΔΡΚΟΣ.
1750 2975 1850 3026 Καὶ

385 3079 395 3089 ο
636 3070 651 3089 ο
701 3077 719 3088 υ
756 3088 771 3089 κ
796 3087 806 3089 _
832 3064 937 3089 ,3L,
991 3069 1073 3089 9,.-.
1106 3066 1267 3089 ---θ-ξι-.
1304 3064 1497 3089 11------
1569 3066 1630 3089 ηε
1667 3060 1723 3089 ,ι
1749 3081 1818 3089 η..

1969 2975 2270 3075 parvulos,
2293 3006 2358 3057 ut
2381 3002 2653 3070 tangeret
2673 2975 2831 3054 illos.
2880 2994 3185 3064 Discipuli
3208 2997 3406 3048 autem
3429 2991 3620 3045 incre-

227 3079 558 3151 προσέφερον
588 3070 728 3141 αύτῷ
746 3064 962 3132 παιδία,
990 3069 1075 3120 ἱνα
1100 3066 1268 3120 αὐτῶν
1298 3064 1519 3137 ἅψηται.
1569 3066 1633 3116 Οἱ
1664 3060 1723 3118 δὲ
1744 3081 1851 3137 μα-

1969 3060 2190 3166 pabant
2209 3060 2542 3161 offerentes.
2559 3087 2773 3142 Videns
2785 3090 2982 3141 autem
2995 3060 3437 3149 Jesus,indigne
3454 3077 3620 3131 tulit-

302 1645 684 1696 ΜΑΤΘΑῙΟΣ.
750 1641 877 1692 Τότε
912 1640 1284 1710 παραγίνεται
1323 1635 1350 1688 ὁ
1402 1634 1607 1695 Ἰησοῦς
1648 1628 1749 1683 ἀπὸ
1772 1626 1834 1688 τῆ

230 1730 513 1792 Γαλιλαίας
542 1728 630 1782 ἰπὶ
667 1731 756 1783 τὸν
793 1722 1062 1802 Ἰορδάνην
1109 1727 1240 1799 πρὸς
1293 1725 1380 1777 τόν
1429 1722 1688 1787 Ἰωάννην,
1745 1723 1839 1770 τοῦ
1869 1732 1910 1788 Β

227 1818 603 1895 βαπτισθῆναι
633 1817 719 1870 ὑπ’
746 1816 930 1870 αὐτοῦ.
961 1814 1020 1867 '0
1050 1811 1110 1867 δι
1152 1814 1390 1874 Ἰωάννης
1420 1808 1693 1864 διεκώλυεν
1741 1798 1839 1860 αύέ

226 1912 335 1980 τόν,
368 1908 530 1982 λέγων
563 1928 576 1942 ·
626 1906 757 1980 Ἐγὼ
784 1909 972 1981 χρείαν
1000 1906 1111 1977 ἔχω
1141 1905 1241 1956 ύπό
1300 1908 1396 1956 σού
1454 1898 1837 1973 βαπτισθῆναι,

222 2002 413 2053 καὶσὺ
444 2001 582 2074 ἔρχῃ
628 1986 758 2070 πρὸς
778 1998 877 2069 pi;
930 1994 1259 2066 ’Δποκριθεὶς
1307 1987 1365 2044 δε
1413 1988 1676 2050 ὀἸησούς
1732 1982 1842 2046 εἷπε

222 2092 356 2164 πρὸς
384 2088 545 2141 αὐτόν
568 2106 583 2124 ο
634 2084 791 2160 ’Ἄφες
821 2085 939 2160 ἄρτι
972 2103 985 2118 ο
1045 2083 1181 2136 οὕτω
1208 2084 1311 2155 γὰρ
1338 2084 1531 2155 πρίπον
1556 2080 1682 2151 ἡμῖν
1727 2074 1841 2129 ἔστι

223 2178 507 2253 πληρῶσαι
535 2182 714 2229 πᾶσαν
741 2171 1084 2231 δικαιοσύνην
1114 2176 1249 2244 (29),
1281 2176 1371 2225 καὶ
1410 2170 1475 2224 τὰ
1505 2169 1683 2232 ἑξῆς...
1710 2166 1840 2219 Ἀπὸ

227 2274 349 2322 τότε
376 2266 575 2341 ἤρξατο
604 2265 632 2318 ὀ
666 2264 866 2325 Ἰησοῦς
910 2259 1163 2319 δεικνύειν
1192 2268 1305 2322 τοῖς
1353 2261 1612 2333 μαθηταῖς
1658 2256 1838 2325 αύτοῦ,

224 2359 308 2412 ὅτι
349 2353 433 2411 δεῖ
473 2356 632 2409 αὐτὸν
664 2352 900 2409 ἀπελθεῖν
932 2352 998 2413 εἰς
1026 2349 1379 2425 Ἰεροσόλυμα,
1425 2354 1515 2403 καὶ
1544 2346 1708 2401 πολλὰ
1739 2365 1842 2399 παι-

231 2449 335 2502 θεῖν
366 2448 474 2500 ύπό
502 2446 614 2517 (30)
664 2452 765 2503 τῶν
822 2440 1207 2515 πρεσϐυτέρων,
1254 2443 1345 2493 καὶ
1399 2438 1704 2513 ἀρχιερέων,
1753 2439 1845 2488 καὶ

221 2539 582 2613 γραμματέων
605 2553 619 2567 ·
675 2537 765 2587 καὶ
795 2530 1204 2598 ἀποκτανθῆναι,
1243 2533 1335 2581 καὶ
1357 2536 1420 2603 τῇ
1470 2532 1621 2601 τρίτη
1676 2527 1846 2599 ἡμέρᾳ

222 2625 529 2702 ἐγερθῆναι.
566 2628 667 2676 Καὶ
697 2619 1115 2697 προσλαϐόμενος
1145 2619 1302 2672 αὐτὸν
1334 2620 1359 2670 ὁ
1400 2622 1615 2692 Πέτρος,
1649 2614 1846 2688 ἤρξατο

223 2714 480 2790 ἐπιτιμᾷν
510 2712 656 2784 αύτῷ
684 2711 843 2782 λόγων
867 2731 881 2748 ο
923 2708 1096 2770 Ἵλεώς
1126 2728 1230 2776 σοι,
1260 2711 1420 2782 Κύριε
1441 2728 1456 2741 ο
1507 2705 1566 2759 ού
1596 2710 1670 2779 μὴ
1703 2707 1849 2758 ἔσται

226 2824 311 2861 σοι
357 2812 543 2859 τοῦτο.
589 2802 650 2853 '0
691 2797 768 2868 ea,
822 2804 1088 2875 στραφεὶς,
1122 2796 1232 2854 εἶπε
1268 2807 1341 2869 τῷ
1386 2800 1602 2871 Πέτρῳ·
1652 2794 1851 2865 Ὕπαγε

233 3150 415 3229 θηται,
451 3161 705 3234 ἐπετίμων
734 3165 843 3221 τοῖς
866 3160 1272 3232 προσφέρουσιν.
1308 3150 1457 3211 Ἰδὼν
1491 3151 1537 3208 δ
1530 3174 1552 3207 ε
1580 3156 1605 3205 ό
1624 3153 1851 3221 Ἰησοῦς,

235 3255 517 3326 ἠγανακτη
528 3268 609 3317 σε,
640 3253 730 3302 καὶ
758 3243 891 3302 εἶπεν
921 3246 1099 3309 αὐτοῖς
1123 3266 1135 3279 ο
1159 3243 1345 3318 ’Ἄφετε
1364 3246 1432 3297 τὰ
1453 3239 1647 3298 παιδία
1670 3244 1853 3317 ἔρχεσ-

236 3346 333 3396 θαι
359 3345 501 3416 πρὸς
530 3342 616 3413 με,
644 3343 734 3391 καὶ
763 3342 835 3411 μή
869 3335 1085 3390 κωλύετε
1114 3334 1249 3387 αύτά
1273 3352 1287 3370 ο
1330 3343 1432 3388 τῶν
1479 3336 1580 3409 γὰρ
1611 3335 1856 3386 τοιούτων

240 3430 385 3487 ἐστὶν
417 3433 448 3489 ἠ
476 3426 729 3503 βασιλεία
757 3435 856 3480 τῶν
880 3424 1134 3501 οὐρανῶν.
1172 3426 1463 3478 ΠΡΔΞΕΙΣ.
1492 3424 1858 3496 Ἐπιμενόντων

248 3527 307 3586 δε
326 3534 535 3605 ἡμέρας
555 3527 671 3599 (31)
708 3525 935 3591 πλείους,
964 3522 1190 3582 κατῆλθέ
1208 3541 1290 3584 τις
1320 3520 1420 3574 ἀπὸ
1449 3528 1541 3582 τῆς
1597 3514 1862 3579 Ἰουδαίας

238 3626 521 3699 προφήτης
553 3618 775 3692 ὀνόματι
813 3612 1063 3687 Ἄγαϐος.
1116 3616 1217 3666 Καὶ
1245 3610 1400 3664 ἐλθὼν
1430 3613 1556 3688 πρὸς
1585 3611 1739 3683 ἡμᾶς,
1772 3609 1862 3659 καὶ

242 3714 375 3787 ἄρας
414 3714 517 3769 τὴν
546 3709 719 3769 ζώνην
750 3703 978 3770 Παύλου,
1012 3707 1101 3755 καὶ
1133 3698 1302 3763 δήσας
1332 3701 1515 3754 ἑαυτοῦ
1545 3702 1665 3760 τοὺς
1692 3694 1863 3761 πόδας

239 3807 327 3853 καὶ
356 3801 450 3859 τὰς
480 3804 700 3870 χεῖρας,
729 3789 837 3847 εἷπε
865 3813 879 3827 ·
928 3788 1069 3847 Τάδε
1097 3790 1233 3863 λέγει
1261 3794 1320 3843 τὸ
1352 3796 1561 3862 Πνεῦμα
1589 3791 1647 3839 τό
1674 3786 1822 3858 ἅγιον
1844 3806 1857 3818 ·

240 3892 336 3944 Τόν
367 3884 568 3961 ἄνδρα,
600 3886 661 3937 οὖ
687 3883 831 3937 ἐστιν
859 3885 888 3941 ἡ
934 3883 1070 3945 ζώνη
1112 3880 1267 3945 αὕτη,
1319 3879 1454 3932 ούτω
1506 3873 1767 3935 δήσουσιν
1815 3872 1863 3926 ἐν

247 3976 557 4051 Ἰερουσαλή
564 3996 605 4048 μ
635 3977 683 4027 οἱ
713 3968 983 4040 Ἰουδαῖοι,
1016 3975 1107 4025 καὶ
1137 3965 1549 4046 παραδώσουσιν
1580 3966 1648 4028 εἰς
1679 3971 1864 4038 χεῖρας

256 4067 435 4122 ἐθνῶν.
469 4066 562 4128 Ὠς
584 4060 644 4117 δ⁴ε
674 4064 970 4137 ἠκούσαμεν
998 4067 1185 4127 ταῦτα,
1226 4056 1610 4132 παρεκαλοῦμεν
1635 4057 1664 4114 ἠ
1672 4061 1781 4127 μείς
1812 4065 1866 4105 τε

247 4163 331 4211 καὶ
376 4159 427 4211 οἱ
476 4155 726 4220 ἐντόπιοι,
772 4158 862 4217 τού
906 4155 976 4224 μὴ
1028 4147 1317 4202 ἀναϐαίνειν
1378 4146 1448 4209 εἰς
1497 4141 1861 4218 Ἰερουσαλήμ.

251 4246 536 4322 Ἀπεκρίθη
572 4239 632 4297 δε
662 4244 688 4295 ὁ
717 4239 917 4305 Παῦλος
943 4262 955 4274 -
988 4245 1051 4294 Ti
1081 4245 1273 4292 ποιεῖτε
1296 4236 1582 4299 κλαίοντες,
1613 4238 1703 4286 καὶ
1736 4252 1864 4286 συν-

255 4337 568 4410 θρύπτον·’ίς
592 4352 693 4404 μου
723 4335 817 4390 τὴν
848 4325 1075 4404 καρδίαν
1110 4344 1124 4396 ;
1160 4328 1291 4399 Ἐγὼ
1317 4328 1418 4401 γὰρ
1446 4324 1504 4377 ού
1530 4328 1683 4397 μόνον
1712 4318 1865 4379 δεθῆ-

254 4446 353 4492 ναι,
547 4427 638 4474 καὶ
669 4418 942 4473 ἀποθανεῖν
982 4418 1199 4491 ἑτοίμως
1238 4418 1346 4487 ἔχω
1376 4416 1502 4490 ύπὲρ
1534 4421 1624 4465 τού
1670 4411 1865 4484 ὀνόμα,

256 4535 337 4579 τος
367 4521 461 4568 τοῦ
498 4515 694 4586 κυρίου
724 4514 899 4577 Ἰησοῦ
932 4509 1064 4577 (3?).
1114 4509 1199 4565 Μὴ
1256 4505 1559 4578 πειθομένου
1592 4497 1651 4555 δὲ
1681 4500 1862 4567 αύτού,

259 4606 615 4677 ἡσυχάσαμεν
648 4600 874 4660 εἰπόντες
896 4618 909 4633 ο
941 4601 1010 4651 Τὸ
1045 4594 1242 4667 θέλημα
1268 4601 1358 4647 τοῦ
1388 4598 1581 4667 Κυρίου
1607 4592 1855 4664 γενέσθω,

263 4701 425 4748 ΠΡΟΣ
467 4697 653 4745 ΘΕΣΣ.
691 4688 754 4743 α’.
795 4695 904 4741 Τῶν
951 4690 1042 4739 καὶ
1091 4689 1179 4739 τὸν
1224 4687 1412 4758 Κύριον
1458 4680 1864 4736 ἀποκτεινάντων

260 4786 487 4851 Ἰησοῦν,
519 4786 612 4833 καὶ
639 4782 763 4840 τούς
794 4773 962 4839 ἰδίους
990 4779 1276 4851 προφήτας,
1306 4777 1397 4825 καὶ
1426 4774 1566 4844 ἡμᾶς
1588 4767 1866 4834 ἐκδιωξάνο

258 4896 372 4942 των,
405 4878 501 4928 καὶ
530 4878 647 4941 Θεῷ
675 4874 747 4941 μὴ
773 4866 1112 4940 ἀρεσκόντων,
1134 4870 1224 4917 καὶ
1244 4870 1404 4917 πᾶσιν
1421 4861 1708 4935 ἀνθρώποις
1728 4860 1867 4914 ἐναν-

258 4972 395 5033 τίων,
418 4961 724 5015 κωλυόντων
755 4960 892 5029 ημᾶς
913 4963 1018 5016 τοῖς
1042 4956 1209 5008 ἔθνεσι
1225 4952 1472 5019 λαλῆσαι,
1496 4952 1580 5002 ἶνα
1602 4952 1862 5017 σωθῶσιν,

261 5054 403 5116 εὶςτό
436 5048 817 5121 ἀναπληρῶσαι
849 5045 1015 5097 αὐτῶν
1041 5046 1136 5105 τας
1166 5042 1424 5116 ἁμαρτίας
1471 5042 1689 5093 πάντοτε
1709 5060 1721 5072 ·
1774 5041 1864 5111 ἔφ-

260 5144 380 5196 θασε
407 5138 471 5195 δέ
494 5139 558 5192 ἐπ
601 5138 792 5198 αύτούς
827 5137 856 5194 ἠ
888 5135 1015 5208 ὀργὴ
1053 5132 1125 5195 εἰς
1153 5131 1314 5193 τέλος.

326 5316 437 5383 (28)
466 5317 611 5383 Reg.
632 5309 841 5383 tertius
864 5307 1088 5383 λυχνίας
1111 5306 1341 5383 τίθησιν,

272 5457 283 5469 ‘
324 5370 441 5449 29’)
473 5370 615 5454 Rei
644 5382 849 5439 tertius
883 5376 918 5431 δ
925 5370 1247 5442 ἱκαιοσύνην,
1280 5377 1396 5426 τότε
1445 5371 1661 5445 ἀφίησιν
1709 5370 1865 5423 αὐτὸν

264 5463 730 5609 ῗπδὶοῧιῧιιειιιιο
760 5523 942 5587 editio
970 5523 1152 5577 παθεῖν
1180 5519 1303 5577 ύπό.
1334 5515 1489 5578 Libri
1518 5517 1749 5574 veteres
1769 5531 1866 5567 πα.

269 5603 363 5661 θεῖν
394 5603 517 5657 ἀπὸ.

1964 3189 2018 3240 et
2044 3184 2129 3239 ait
2158 3181 2310 3237 illis:
2334 3179 2529 3235 Sinite
2544 3175 2837 3246 parvulos
2854 3173 3056 3228 venire
3077 3168 3159 3226 ad
3177 3173 3349 3239 me,et
3379 3180 3455 3221 ne
3471 3179 3616 3234 pro-

1966 3270 2275 3329 hibueritis
2296 3279 2430 3337 eos;
2480 3265 2696 3321 talium
2745 3267 2827 3319 est
2873 3260 3028 3317 enim
3049 3272 3302 3328 regnum
3333 3255 3618 3316 caelorum

1965 3361 2243 3434 (Marcx.
2282 3361 2363 3423 13,
2395 3358 2509 3426 14).
2533 3396 2545 3409 .
2569 3396 2581 3408 .
2605 3395 2618 3409 .
2671 3353 2749 3408 Et
2789 3366 2925 3407 cum
2949 3361 3327 3404 moraremur
3347 3358 3454 3414 per
3491 3342 3619 3398 dies

1960 3432 2437 3519 plures,advenit
2460 3440 2703 3515 quidam
2731 3455 2768 3497 a
2789 3438 3030 3504 Judcea,
3048 3435 3367 3506 propheta,
3386 3432 3625 3487 nomine

1967 3537 2231 3609 Agabus.
2264 3535 2319 3590 Is
2340 3549 2475 3590 cum
2507 3531 2757 3588 venisset
2782 3528 2862 3585 ad
2882 3525 3157 3593 nos,tulit
3181 3537 3393 3580 zonam
3416 3520 3621 3576 Pauli:

1969 3634 2024 3683 et
2046 3627 2308 3695 alligans
2333 3622 2448 3680 sibi
2466 3620 2643 3692 pedes
2673 3625 2727 3677 et
2757 3631 2999 3681 manus,
3032 3614 3185 3670 dixit
3205 3627 3229 3668 .'
3276 3612 3425 3667 Haec
3472 3609 3619 3664 dicit

1968 3715 2234 3785 Spiritus
2255 3716 2537 3768 sanctus:
2588 3709 2813 3774 Virum,
2842 3706 3016 3773 cujus
3038 3708 3124 3759 est
3158 3714 3311 3756 zona
3351 3698 3496 3766 haec,
3536 3696 3621 3752 sic

1970 3801 2317 3873 alligabunt
2341 3801 2403 3855 in
2431 3798 2762 3855 Jerusalem
2782 3794 3019 3850 Judtei:
3057 3797 3110 3847 et
3144 3788 3386 3845 tradent
3413 3787 3478 3842 in
3496 3799 3622 3841 ma-

1970 3909 2084 3949 nus
2107 3887 2555 3963 gentium.Cum
2579 3893 2776 3943 autem
2798 3884 3168 3941 audissemus
3190 3880 3339 3945 haec,
3367 3875 3623 3947 rogaba-

1970 3998 2099 4040 mus
2123 3987 2177 4038 et
2198 3996 2326 4047 nos,
2350 3985 2404 4037 et
2427 3979 2531 4050 qui
2547 3976 2664 4033 loci
2683 3975 2851 4031 illius
2865 3978 3145 4041 erant,ne
3161 3967 3510 4025 ascenderet
3527 3964 3624 4020 Je-

1972 4070 2443 4141 rosolymam.At
2462 4065 2766 4136 respondit
2788 4062 3022 4119 Paulus
3042 4077 3056 4115 :
3084 4058 3241 4127 Quid
3256 4056 3461 4127 facitis
3478 4054 3626 4123 ﬂen-

1974 4167 2078 4228 tes,
2109 4165 2163 4217 et
2185 4159 2526 4229 afﬂigentes
2548 4169 2652 4210 cor
2681 4150 2915 4209 meum?
2958 4149 3088 4218 Ego
3109 4147 3264 4203 enim
3287 4159 3409 4209 non
3430 4141 3623 4198 solum

1948 4308 1949 4311 η
1973 4249 2244 4319 alligari,
2275 4246 2378 4303 sed
2397 4252 2451 4302 et
2470 4243 2627 4300 mori
2646 4245 2904 4311 paratus
2936 4252 3069 4293 sum
3092 4249 3210 4304 pro
3247 4231 3486 4289 nomine
3512 4230 3625 4284 Do-

1971 4318 2124 4395 mini
2139 4336 2383 4394 Jesu.Et
2414 4349 2546 4390 cum
2575 4332 2631 4395 ei
2658 4344 2780 4385 non
2799 4318 3627 4393 suaderetur,quievimus,di-

1896 4434 1940 4490 D
1973 4433 2196 4484 centes:
2229 4423 2472 4480 Domini
2502 4420 2780 4476 voluntas
2807 4416 2916 4485 ﬁat
2944 4415 3102 4485 (Art.
3130 4426 3250 4479 XXI,
3287 4411 3503 4471 10-14).
3528 4451 3540 4464 .
3562 4449 3576 4464 .
3598 4448 3613 4471 ,

1975 4515 2083 4583 Qui
2111 4518 2164 4569 et
2191 4512 2511 4567 Dominum
2536 4505 2885 4563 occiderunt
2905 4503 3191 4570 Jesum,et
3220 4513 3357 4555 suos
3372 4496 3627 4568 prophe-

1974 4597 2602 4671 tas,etnos§persecuti
2635 4599 2795 4664 sunt,
2844 4598 2899 4650 et
2928 4593 3048 4648 Deo
3078 4606 3199 4646 non
3237 4588 3485 4658 placent
3518 4604 3531 4641 :
3570 4590 3627 4641 et

1973 4693 2245 4751 omnibus
2266 4685 2601 4744 hominibus
2621 4684 3046 4746 adversantur,
3096 4678 3473 4750 prohibentes
3519 4688 3625 4728 nos

1971 4783 2249 4856 gentibus
2281 4778 2464 4849 loqui,
2492 4782 2558 4831 ut
2583 4775 2740 4831 salvi
2765 4774 2939 4843 ﬁant,
2968 4776 3034 4825 ut
3064 4769 3355 4838 impleant
3378 4765 3623 4833 peccata

1972 4888 2082 4931 sua
2112 4883 2377 4941 semper:
2414 4864 2687 4937 pervenit
2710 4868 2908 4919 autem
2936 4863 3026 4916 ira
3056 4871 3239 4927 super
3259 4856 3393 4909 ittos
3440 4862 3626 4919 usque

1973 4965 2037 5021 in
2067 4962 2249 5034 ﬁnem
2280 4959 2340 5031 (Ι
2372 4958 2571 5013 Thess.
2600 4970 2659 5021 ιι,
2694 4953 2780 5019 15,
2812 4951 2921 5010 16).

2047 5298 2160 5368 (31)
2190 5297 2330 5361 Reg.
2356 5287 2563 5368 iertius
2588 5284 2922 5368 ἐπιμενόντων
2962 5274 3023 5330 δι
3053 5275 3220 5328 αὐτῶν
3251 5274 3465 5345 ἡμέρας,
3500 5270 3626 5326 Sta.

1974 5351 2092 5424 ίὶιὲι⁷
2112 5351 2252 5433 Reg.
2275 5351 2518 5435 “primus
2560 5351 2910 5435 rod'ﬂfblov.

2354 5430 2561 5488 tertius
2590 5432 2680 5478 τοῦ
2714 5427 2908 5509 Ιςυρίου
2939 5422 3084 5496 ἡμῶν
3137 5417 3314 5476 Ἰησοῦ
3362 5419 3620 5492 Χριστοῦ.

1972 5476 2135 5569 Mi)”;
2317 5476 2342 5561 ’1
2356 5476 2609 5577 iovi
2627 5476 2870 5573 ινινέσθω.
