4112 6172
593 244 697 317 735

1957 251 2013 307 S.
2055 241 2308 303 BASIL"
2347 240 2577 305 MAGNI
3842 269 3935 322 736

596 383 770 450 Quod
792 384 843 441 is
861 383 969 457 qui
993 381 1234 439 conﬁcit
1250 378 1351 436 Dei
1369 377 1732 435 mandatum
1752 378 1960 434 animo
1980 387 2103 431 non
2127 368 2237 425 sin-

2355 365 2476 421 Ὀτι
2533 375 2618 425 τόν
2678 385 2928 433 ποιοῦντα
2965 379 3169 441 ἐντολὴν
3220 388 3352 436 Θεοῦ
3422 388 3496 457 μὴ
3564 383 3619 436 ἔκ
3670 381 3934 453 διαθέσεως

664 489 825 539 cero,
847 477 906 530 et
924 477 1127 529 tamen
1152 471 1214 526 in
1234 468 1497 541 speciem
1528 466 1930 524 sinceritatem
1959 460 2245 520 doctrinae

666 562 903 619 Domini
930 563 1128 617 servat
1149 573 1294 627 ,non
1315 556 1731 630 prohibendus
1750 560 1840 613 est
1865 573 1878 622 ;
1927 556 2247 628 propterea

666 652 833 726 quod
862 654 1157 723 quantum
1178 663 1285 720 per
1304 663 1432 704 rem
1461 648 1659 720 ipsam
1688 647 1844 709 licet,
1864 660 2046 702 nemo
2074 641 2243 698 ladi-

666 746 763 798 tur
789 759 802 796 :
835 740 958 795 imo
982 752 1123 794 vero
1140 736 1330 810 aliqui
1349 737 1654 793 interdum
1682 736 1761 793 ab
1778 736 1914 809 ipso
1928 735 2241 805 juvantur;

665 826 1091 884 admonendus
1112 830 1311 884 tamen
1334 831 1442 894 est,
1469 831 1536 883 ut
1556 830 1821 882 mentem
1845 823 2067 880 habeat
2085 824 2243 877 recte

664 918 835 978 factis
854 916 1128 987 dignam.

1268 1060 1458 1131 Caput
1496 1061 1564 1115 II.

662 1170 802 1226 Cum
836 1183 977 1239 ergo
1004 1168 1165 1238 facis
1195 1168 1654 1238 eleemosynam,
1680 1166 1811 1222 noli
1844 1165 1988 1221 tuba
2029 1177 2246 1220 canere

589 1265 731 1317 ante
761 1263 833 1327 te,
867 1259 1022 1314 sicut
1054 1259 1384 1328 hypocrita?
1406 1257 1648 1327 faciunt
1672 1258 1733 1311 in
1753 1255 2159 1325 synagogis,et
2179 1253 2242 1307 in

588 1349 827 1413 vicis,ut
849 1347 1321 1415 honoriﬁcentur
1341 1345 1415 1402 ab
1440 1345 1849 1402 hominibus.A
1860 1359 1991 1400 men
2005 1343 2137 1398 dico
2150 1356 2244 1397 vo-

590 1438 1006 1507 bis,recipiunt
1018 1436 1345 1493 mercedem
1359 1451 1527 1492 suam
1538 1478 1551 1489 .
1565 1437 1639 1491 Te
1652 1440 1850 1492 autem
1861 1434 2092 1503 facient
2104 1432 2245 1489 eiee-

587 1541 919 1596 mosynam,
953 1526 1181 1582 nesciat
1202 1524 1456 1582 sinistra
1483 1530 1590 1580 tua
1613 1524 1761 1596 quid
1773 1524 1972 1594 faciat
1991 1522 2244 1578 dextera

588 1619 787 1680 tua.ut
807 1616 885 1671 sit
906 1617 1280 1686 eleemosyna
1304 1621 1411 1671 tua
1449 1615 1513 1670 in
1548 1614 1929 1683 abscondito;
1970 1617 2024 1668 et
2056 1611 2246 1667 Pater

2427 462 2627 533 ὑγιοῦς,
2668 470 2803 520 κατά
2857 489 2917 541 γε
2958 475 3061 543 μὴν
3107 475 3167 524 τό
3215 477 3516 545 φαινόμενον
3571 474 3802 536 σώζοντα
3852 485 3936 538 τὴν

2427 548 2692 626 ἀκρίϐειαν
2743 565 2834 618 τῆς
2886 567 2979 611 τοῦ
3034 565 3229 635 Κυρίου
3287 558 3669 629 διδασκαλίας,
3742 565 3938 620 κωλύειν

2425 642 2515 710 μὲν
2562 642 2622 694 ού
2668 650 2779 718 χρὴ
2837 643 2931 700 διὰ
2975 654 3034 701 τό
3083 652 3203 703 ὅσον
3242 649 3324 704 ἐπὶ
3351 660 3426 722 τῷ
3455 655 3728 728 πράγματι
3755 653 3941 727 μηδένα

2426 729 2776 804 βλάπτεσθαι,
2809 735 2967 791 ἐνίοτε
2997 736 3057 792 δε
3085 745 3175 792 καὶ
3218 740 3529 813 ὠφελεῖσθαί
3560 762 3702 806 τινας
3750 744 3801 807 ἐξ
3851 747 3940 798 αύ-

2425 821 2553 872 τοῦ·
2618 834 2884 896 παραινεῖν
2923 823 2984 880 δε
3035 828 3176 901 αὐτῷ
3221 829 3368 893 ἀξίαν
3410 839 3506 884 τοῦ
3554 835 3941 907 κατορθώματος

2426 912 2566 982 ἔχειν
2597 916 2691 971 τὴν
2712 910 2968 969 διάνοιαν.

2996 1059 3184 1132 Κεφάλ.
3247 1060 3312 1115 Β’.

2424 1164 2788 1214 ΜΑΤΘΑΙΟΣ.
2819 1161 2980 1217 Ὀταν
3010 1166 3098 1218 οὖν
3122 1175 3278 1240 ποιῇς
3308 1168 3682 1244 ἐλεημοσύνην,
3714 1178 3784 1246 μὴ
3825 1172 3942 1227 σαλ-

2351 1252 2512 1321 πίσῃς
2555 1250 2843 1324 ἔμπροσθέν
2908 1272 3025 1323 σου,
3075 1257 3247 1331 ὥσπερ
3297 1260 3345 1310 oi
3390 1260 3679 1333 ὑποκριταὶ
3721 1270 3940 1314 ποιοῦσιν

2354 1334 2401 1387 ἐν
2430 1344 2547 1399 ταῖς
2578 1348 2931 1412 συναγωγαῖς,
2961 1348 3050 1395 καὶ
3089 1342 3139 1395 ἐν
3166 1352 3283 1408 ταῖς
3316 1345 3536 1420 ῥύμαις,
3585 1348 3719 1410 ὅπως
3770 1347 3942 1412 δοξασ-

2356 1426 2515 1477 θῶσιν
2545 1428 2645 1479 ύπό
2670 1437 2769 1481 τῶν
2796 1428 3095 1505 ἀνθρώπων.
3129 1433 3295 1507 Ἀμὴν
3323 1435 3460 1508 λέγω
3509 1439 3654 1511 ὑμῖν,
3700 1437 3941 1511 ἀπέχουσι

2351 1518 2436 1567 τόν
2465 1518 2658 1589 μισθόν
2689 1518 2875 1574 αὐτῶν.
2906 1529 3001 1574 Σοῦ
3030 1519 3091 1575 6";
3136 1533 3410 1588 ποιοῦντος
3460 1525 3823 1601 ἕλεημοσύνην,
3871 1535 3932 1602 μή

2351 1610 2533 1677 γνώτω
2553 1608 2583 1665 ἠ
2613 1604 2862 1684 ἀριστερά
2902 1629 2996 1663 σου
3023 1617 3071 1664 τί
3100 1621 3239 1667 ποιεῖ
3264 1617 3293 1672 η
3348 1611 3504 1679 δεξιοί
3549 1635 3646 1669 σου
3667 1638 3679 1652 ·
3741 1620 3866 1679 ὅπως

587 1706 855 1778 tuus,qui
864 1705 1019 1762 videt
1033 1707 1094 1761 in
1105 1705 1391 1761 abscondi
1394 1706 1603 1775 to,ipse
1612 1703 1819 1760 reddet
1832 1701 1942 1758 tibi
1954 1703 2015 1757 in
2024 1714 2237 1771 propa-

2358 1712 2451 1745 σου
2482 1697 2511 1752 ἠ
2547 1694 2863 1769 ἐλεημοσύνη
2904 1696 2953 1750 ἐν
2981 1708 3055 1772 τῷ
3079 1712 3291 1777 κρυπτῷ
3315 1724 3329 1738 σ
3376 1711 3471 1758 καὶ
3501 1707 3529 1758 ό
3568 1712 3748 1782 Πατήρ
3780 1727 3885 1773 σου,
3911 1708 3933 1759 ό

588 1797 716 1852 tulo
739 1795 1356 1865 (Matth.v1,2-4).Etde
1378 1794 1725 1868 precatione
1748 1792 2085 1850 similiter...
2114 1793 2244 1848 Res-

578 1885 795 1955 pondit
814 1891 1010 1941 autem
1026 1891 1080 1941 et
1100 1886 1365 1942 Joannes
1379 1885 1611 1941 dicens:
1656 1884 1971 1954 Magister,
1984 1880 2242 1936 vidimus

588 1973 765 2047 252
790 1974 1102 2046 quemdam
1124 1974 1187 2030 in
1206 1974 1444 2035 nomine
1460 1979 1560 2030 tuo
1583 1973 1910 2044 ejicientem
1924 1971 2241 2039 dmuonia,

585 2064 693 2133 qui
714 2078 831 2118 non
853 2064 1126 2135 sequitur
1144 2079 1270 2133 nos,
1314 2069 1368 2121 et
1391 2062 1835 2133 prohibuimus,
1856 2060 1999 2132 quia
2020 2075 2137 2116 non
2156 2074 2244 2116 se-

584 2152 793 2221 quitur
810 2168 935 2208 nos.
959 2153 1129 2208 Jesus
1145 2159 1343 2209 autem
1365 2153 1450 2209 ait
1476 2169 1489 2208 :
1513 2152 1716 2209 Nolite
1733 2149 2052 2221 prohibere
2076 2164 2241 2206 eum:

585 2255 756 2296 nemo
776 2247 861 2297 est
882 2243 1037 2298 enim
1064 2243 1171 2312 qui
1188 2243 1386 2311 faciat
1408 2244 1687 2299 virtutem
1720 2243 1780 2296 in
1816 2241 2054 2296 nomine
2090 2255 2240 2308 meo,

585 2334 642 2385 et
665 2330 850 2397 possit
878 2330 993 2385 cito
1032 2331 1193 2385 male
1221 2331 1387 2402 loqui
1404 2330 1477 2386 de
1505 2345 1614 2386 me.
1669 2330 1784 2397 Qui
1820 2331 1975 2385 enim
2008 2343 2127 2384 non
2157 2333 2243 2384 est

585 2416 905 2472 adversum
930 2432 1060 2482 nos,
1085 2433 1198 2486 pro
1229 2416 1396 2473 nobis
1416 2423 1500 2473 est
1548 2417 1765 2487 (Marc.
1800 2432 1874 2485 ix,
1906 2417 2094 2481 37-40)
2111 2457 2124 2472 .
2146 2459 2159 2474 .
2182 2459 2231 2473 ..

588 2503 845 2571 Quidam
875 2506 1114 2577 quidem
1141 2513 1197 2563 et
1210 2511 1464 2577 propter
1483 2507 1801 2575 invidiam,
1830 2511 1883 2563 et
1914 2506 2240 2562 contentio-

588 2607 742 2661 nem,
776 2594 1020 2665 quidam
1056 2600 1254 2652 autem
1275 2601 1332 2652 et
1356 2602 1604 2666 prapter
1625 2596 1837 2652 bonam
1872 2595 2243 2651 voluntatem

589 2682 889 2739 Christum
904 2685 1276 2754 praedicant:
1301 2686 1547 2756 quidam
1566 2701 1640 2743 ea:
1657 2687 1974 2750 charitate,
1995 2686 2242 2741 scientes

586 2772 749 2842 quod
767 2774 831 2828 in
853 2773 1255 2843 defensionem
1287 2775 1613 2845 Evangelii
1637 2775 1865 2844 positus
1902 2790 2032 2830 sum
2054 2788 2078 2844 ,'
2113 2775 2242 2846 qui-

585 2857 727 2915 dam
758 2866 955 2916 autem
994 2876 1071 2918 ea:
1107 2866 1483 2919 contentione
1523 2862 1826 2920 Christum
1866 2863 2240 2918 annuntiant

584 2962 705 3003 non
733 2949 982 3013 sincere,
1010 2951 1418 3008 existimantes
1456 2967 1515 3008 se
1554 2967 1901 3021 pressuram
1945 2952 2240 3007 suscitare

2356 1781 2557 1855 ﬁlium
2586 1784 2636 1837 ἐν
2666 1794 2739 1857 τῷ
2768 1797 3004 1863 κρυπτῷ,
3038 1789 3306 1846 ἀποδώσει
3338 1814 3429 1848 σοι
3459 1796 3616 1859 αὐτὸς
3780 1796 3826 1850 ἐν
3871 1804 3933 1867 τῷ

2355 1882 2575 1947 φανερῷ.
2611 1880 2711 1929 Καὶ
2736 1882 2854 1950 περὶ
2873 1888 3177 1953 προσευχῆς
3208 1884 3421 1955 ὁμοίως.
3476 1891 3763 1940 ΜΑΡΚΟΣ.
3808 1886 3937 1940 Ἀπε-

2354 1964 2510 2036 κρίθη
2544 1960 2604 2016 δε
2634 1964 2773 2037 αύτῷ
2798 1968 2824 2018 ό
2863 1967 3106 2032 Ἰωάννης
3144 1970 3303 2043 λέγων
3328 1992 3343 2007 ο
3396 1971 3714 2043 Διδάσκαλε,
3754 1972 3935 2048 εῖδομίν

2353 2069 2471 2103 τινα
2498 2050 2547 2104 ἓν
2575 2061 2647 2124 τῷ
2677 2053 2890 2128 ὀνόματί
2922 2076 3017 2110 σου
3064 2058 3379 2114 ἐκϐάλλοντα
3431 2060 3704 2137 δαιμόνιοι,
3753 2064 3806 2126 ὃς
3854 2064 3933 2117 οὐκ

2354 2139 2626 2195 ἀκολουθεῖ
2649 2145 2763 2216 μεθ’
2794 2148 2823 2206 ἡ
2830 2155 2959 2219 μῶν,
2984 2153 3073 2201 καὶ
3094 2147 3445 2225 ἐκωλύσαμεν,
3471 2154 3554 2207 ὅτι
3580 2154 3672 2207 ούκ
3692 2153 3936 2207 ἀκολουθεῖ

2354 2230 2498 2303 ἡμῖν.
2548 2231 2607 2283 Ὁ
2656 2230 2715 2287 δε
2737 2234 2939 2297 Ἰησοῦς
2985 2234 3094 2290 εἶπε
3121 2259 3133 2272 ·
3185 2245 3269 2299 Μὴ
3299 2241 3527 2296 κωλύετε
3557 2243 3709 2296 αὐτόν
3732 2265 3745 2277 ·
3783 2240 3931 2302 οὐδεὶς

2351 2320 2453 2392 γὰρ
2481 2318 2640 2389 ἔστιν,
2673 2322 2723 2384 ὃς
2743 2328 2954 2382 ποιήσει
2985 2322 3207 2400 δύναμιν
3238 2328 3335 2382 ἐπὶ
3356 2339 3433 2401 τῷ
3464 2331 3680 2404 ὀνόματί
3707 2352 3819 2405 μου,
3854 2337 3930 2383 καὶ

2355 2405 2641 2467 δυνήσεται
2668 2418 2812 2484 ταχύ
2837 2414 3197 2487 κακολογῆσαί
3227 2439 3309 2491 με.
3343 2418 3439 2482 ⁴’ος
3462 2425 3561 2495 γὰρ
3588 2422 3681 2474 ούκ
3700 2424 3803 2474 ἔστι
3827 2420 3927 2473 καθ’

2352 2500 2520 2572 ἡμῶν,
2561 2503 2687 2576 ὑπὲρ
2719 2505 2864 2575 ἡμῶν
2890 2503 3023 2561 ἐστι.
3079 2513 3248 2560 ΠΡΟΣ
3304 2514 3523 2566 ΦΙΛΙΠ.
3569 2514 3710 2572 Tui;
3744 2513 3826 2583 μεν
3852 2515 3927 2562 καὶ

2354 2585 2449 2642 διὰ
2491 2592 2672 2662 φθόνον
2717 2598 2809 2646 καὶ
2856 2596 2984 2669 ἔριν,
3033 2600 3167 2659 τινες
3218 2594 3279 2651 δὲ
3319 2604 3414 2652 καὶ
3452 2597 3526 2654 δι’
3575 2598 3807 2655 εὐδοκίαν
3851 2603 3923 2652 τόν

2354 2684 2581 2753 Χριστὸν
2618 2685 3003 2756 κηρύσσουσιν.
3050 2688 3115 2739 Οἱ
3162 2690 3252 2760 μεν
3272 2687 3326 2752 ἐξ
3357 2688 3588 2762 ἀγάπης,
3617 2687 3819 2757 εἰδότες,
3857 2690 3924 2741 ὅτι

2351 2770 2423 2833 εἰς
2449 2770 2731 2844 ἀπολογίαν
2751 2781 2843 2828 τοῦ
2869 2775 3187 2847 Εύαγγελίου
3227 2786 3409 2852 κεῖμαι
3432 2802 3446 2815 ·
3507 2783 3557 2833 οἱ
3577 2777 3637 2834 δε
3660 2779 3710 2843 ἐξ
3735 2779 3923 2855 ἐριθείας

2349 2865 2580 2934 Χριστόν
2604 2863 3066 2935 untur/Meistr,
3109 2866 3215 2939 οὐχ
3262 2867 3461 2939 ἁγνῶς,
3511 2870 3727 2943 οἰόμενοι
3776 2865 3923 2936 θλίψιν

2349 2947 2601 3025 ἕπιφίρειν
2627 2959 2732 3013 τοῖς
2760 2949 2978 3027 δεσμοῖς
3014 2974 3135 3028 μου.
3165 2961 3229 3011 Τί
3247 2959 3350 3031 γάρ
3375 2974 3389 3024 ;
3426 2959 3567 3018 Πλὴν
3591 2963 3740 3012 παντὶ
3758 2960 3925 3032 τρόπῳ,

585 3036 846 3093 vinculis
883 3041 1046 3096 meis.
1091 3041 1248 3109 Quid
1280 3042 1439 3097 enim
1468 3041 1496 3098 ’ἲ
1542 3042 1828 3099 Attamen
1860 3041 2024 3097 omni
2041 3040 2235 3107 modo,

2349 3042 2449 3092 εἴτε
2484 3043 2763 3114 προφάσει,
2811 3046 2910 3096 εἴτε
2960 3042 3195 3118 ἀληθείᾳ,
3242 3052 3491 3119 Χριστὸς
3539 3046 3921 3119 καταγγέλλεται,

582 3125 708 3181 sive
723 3140 835 3195 per
859 3129 1251 3198 occasionem,
1279 3131 1402 3186 sive
1434 3145 1547 3201 per
1584 3134 1918 3196 veritatem,
1960 3129 2237 3186 Christus

583 3216 1009 3287 annuntiatur,
1029 3223 1084 3273 et
1105 3219 1167 3273 in
1190 3217 1301 3274 hoc
1309 3219 1675 3289 gaudeo,sed
1684 3226 1741 3276 et
1750 3218 2042 3290 gaudebo.
2069 3219 2239 3289 (Plii-

585 3301 736 3372 lipp.
762 3314 800 3372 ι,
836 3306 1041 3370 15-18).

1188 3451 1475 3506 REGULA
1529 3454 1634 3508 XX.

587 3550 760 3616 Quod
790 3553 1044 3610 Domino
1064 3555 1370 3612 credentes
1420 3556 1713 3631 baptizari
1756 3557 1978 3615 debent
2029 3558 2093 3615 in
2134 3575 2241 3617 no-

787 3642 949 3699 mine
976 3644 1160 3701 Patris
1191 3649 1247 3701 et
1274 3644 1423 3712 Filii,
1446 3651 1504 3703 et
1536 3646 1786 3720 Spiritus
1816 3646 2025 3704 sancti.

1259 3879 1458 3947 Caput
1507 3879 1557 3935 Ι.

655 3978 880 4035 Euntes
901 3980 1105 4037 docete
1123 3997 1323 4038 omnes
1352 3990 1578 4052 gentes,
1619 3985 1990 4055 baptizantes
2032 4003 2128 4044 eos
2170 3990 2234 4044 in

579 4070 819 4125 nomine
838 4069 1065 4139 Patris,
1091 4076 1147 4127 et
1180 4072 1345 4135 Filii,
1378 4078 1433 4128 et
1462 4072 1725 4142 Spiritus
1754 4077 1954 4131 sancti
1975 4078 2225 4145 (Matth.

576 4172 732 4227 xvm,
771 4160 883 4228 19).
905 4200 919 4214 .
942 4202 955 4215 .
990 4160 1199 4227 Amen,
1225 4175 1396 4216 amen
1436 4161 1570 4218 dico
1602 4164 1730 4229 tibi,
1751 4165 1873 4219 nisi
1896 4166 2030 4235 quis
2054 4170 2235 4223 natus

571 4245 766 4313 fuerit
791 4247 1004 4312 denuo,
1036 4264 1157 4306 non
1177 4255 1372 4319 potest
1399 4251 1598 4307 videre
1618 4267 1869 4322 regnum
1902 4254 2013 4309 Dei
2031 4255 2230 4324 (Joan.

574 4348 654 4399 ιιι,
685 4334 769 4401 3).
792 4375 804 4388 .
828 4376 841 4390 .
873 4337 939 4390 Et
958 4352 1164 4393 rursus
1189 4356 1202 4393 :
1231 4340 1441 4405 Amen,
1466 4356 1639 4397 amen
1661 4341 1793 4398 dico
1816 4343 1941 4413 tibi,
1964 4345 2083 4400 nisi
2101 4346 2234 4416 quis

2348 3133 2439 3183 καὶ
2467 3127 2516 3183 ἄν
2545 3132 2714 3203 τούτῳ
2741 3135 2940 3205 χαίρω,
2982 3131 3112 3186 ἀλλὰ
3147 3138 3239 3187 καὶ
3277 3142 3624 3211 χαρήσομαι.

3005 3465 3172 3512 oro:
3213 3458 3286 3517 κ’.

2345 3560 2466 3615 Ὀτι
2493 3559 2575 3616 δεῖ
2604 3567 2719 3626 τοὺς
2743 3567 3078 3627 πιστεύοντας
3107 3575 3179 3638 τῷ
3225 3573 3406 3641 Κυρίῳ
3440 3568 3782 3642 βαπτίζεσθαι
3860 3562 3918 3623 εἰς

2416 3656 2475 3705 τὸ
2507 3656 2668 3726 ὄνομα
2695 3661 2785 3706 τοῦ
2817 3658 3041 3730 Πατρός,
3072 3660 3163 3709 καὶ
3199 3663 3291 3709 τοῦ
3333 3659 3488 3724 Υἱοῦ,
3534 3663 3620 3711 καὶ
3663 3663 3746 3710 τοῦ
3787 3653 3914 3725 ἁγίου

2420 3744 2735 3816 Πνεύματος.

2999 3889 3187 3962 Κεφάλ.
3219 3890 3291 3944 Α’.
3365 3898 3371 3904 ’

2414 3996 2781 4050 ΜΑΤΘΑΙΟΣ.
2852 3998 3209 4071 Πορευθέντες,
3256 4002 3625 4072 μαθητεύσατε
3668 3999 3820 4051 πάντα
3858 3991 3912 4042 τὰ

2345 4082 2484 4150 ἔθνη,
2515 4080 2857 4154 βαπτίζοντες
2883 4085 3068 4147 αύτούς
3094 4087 3164 4149 εἰς
3196 4091 3253 4140 τό
3285 4091 3451 4162 ἄνομα
3480 4097 3569 4143 τού
3611 4088 3809 4161 Πατρός,
3836 4083 3911 4131 καί

2343 4177 2435 4221 τοῦ
2467 4172 2615 4231 Υὶοῠ,
2647 4177 2736 4223 καὶ
2765 4181 2854 4224 τοῦ
2880 4173 3029 4246 ἁγίου
3059 4180 3373 4249 Πνεύματος.
3424 4183 3728 4232 ΙΩΑΝΝΗΣ.
3771 4172 3907 4245 Ἀμῆν

2345 4258 2481 4331 ἀμὴν
2504 4259 2636 4331 λέγω
2668 4280 2773 4329 σοι,
2807 4260 2891 4313 ἐὰν
2929 4269 3001 4335 μή
3030 4284 3112 4327 τις
3139 4266 3602 4340 γέννηθῇηοῖνωθεν,
3635 4265 3690 4318 οὗ
3721 4259 3907 4315 δύναται

2347 4346 2475 4400 ἰδεῖν
2503 4353 2595 4406 τὴν
2627 4348 2900 4422 βασιλείαν
2929 4361 3019 4405 τοῦ
3051 4361 3185 4407 Θεοῦ
3213 4376 3225 4388 -
3271 4361 3361 4408 καὶ
3391 4357 3545 4409 πάλιν
3570 4378 3582 4390 ·
3617 4356 3768 4426 Ἀμὴν
3792 4348 3905 4420 ἀμὴν

577 4426 761 4522 natus
786 4423 975 4489 fuerit
994 4441 1069 4482 ea:
1088 4442 1250 4499 aqua
1269 4436 1323 4486 et
1344 4431 1601 4503 Spiritu,
1626 4448 1745 4489 non
1761 4438 1957 4502 potest
1981 4413 2234 4493 introire

2349 4437 2473 4509 λέγω
2506 4456 2589 4489 σοι
2619 4458 2631 4471 ·
2682 4439 2796 4491 Ἐὰν
2821 4445 2893 4513 μή
2921 4460 3004 4503 τις
3026 4445 3245 4517 γεννηθῇ
3279 4443 3557 4522 ἒξςῦδατος
3580 4449 3666 4496 καὶ
3709 4441 3906 4511 Πνεῦμα·

578 4509 643 4564 in
673 4523 925 4579 regnum
955 4515 1068 4571 Dei
1091 4516 1261 4585 (ibid.
1298 4521 1374 4583 5).

579 4650 724 4716 Qua:
754 4649 831 4707 sit
857 4652 1006 4708 ratio
1027 4658 1133 4710 aut
1156 4657 1248 4712 vis
1268 4658 1690 4731 baptismatis?
1708 4666 1932 4737 Nempe
1953 4667 2019 4720 ut
2037 4664 2230 4737 bapti-

645 4743 816 4795 zatus
848 4745 905 4796 et
932 4748 1132 4801 mente
1158 4749 1214 4800 et
1243 4762 1521 4803 sermone
1547 4754 1605 4805 et
1655 4752 1891 4808 actione
1941 4758 2224 4825 mutetur,

646 4833 828 4918 atque
876 4846 983 4902 per
1023 4832 1305 4890 virtutem
1340 4835 1454 4891 sibi
1504 4837 1714 4895 datam
1757 4840 1861 4897 ﬁat
1929 4841 2221 4918 idipsum,

648 4917 815 4988 quod
839 4924 928 4976 est
952 4919 1099 4975 illud
1120 4936 1193 4977 ex
1222 4938 1344 4995 quo
1369 4927 1549 4982 natus
1581 4931 1689 4984 est.

1255 5066 1444 5138 Caput
1466 5069 1533 5125 II.

645 5166 815 5234 Quod
832 5177 1043 5229 natum
1080 5178 1164 5230 est
1190 5189 1267 5232 ea:
1286 5190 1638 5243 carne,caro
1659 5185 1744 5242 est
1765 5196 1785 5236 :
1824 5186 1879 5237 et
1908 5182 2070 5252 quod
2116 5199 2222 5242 na—

592 5484 1186 5578 =£333)“(iprnbe‘ti'sius
1228 5494 1366 5578 sibi.
1402 5496 1804 5578 llegere‘visus
1850 5500 1913 5578 in
1955 5506 2212 5578 utroque

566 5554 864 5614 librosuo
894 5558 1162 5616 ἀποδώσει
1190 5583 1273 5617 σοι
1304 5554 1496 5632 αὐτ-ὀίἶ
1530 5569 1641 5627 sed
1673 5554 1799 5630 νύξ
1813 5554 2214 5648 αύτόςῂίδδξίέἷίῖ

2338 4545 2439 4592 τος,
2473 4525 2531 4578 ού
2565 4522 2787 4580 δύναται
2817 4528 3058 4583 εἰσελθεῖν
3088 4532 3161 4594 εἰς
3190 4537 3281 4593 την
3313 4532 3588 4607 βασιλείαν
3616 4538 3703 4584 τοῦ
3740 4531 3872 4581 Θεοῦ-

2335 4673 2426 4730 Τίς
2448 4670 2475 4722 ό
2504 4668 2651 4742 λόγος
2671 4671 2702 4731 ἣ
2732 4674 2761 4730 ἠ
2793 4668 3015 4747 δύναμις
3040 4682 3133 4728 τοῦ
3160 4674 3563 4751 βαπτίσματοςς
3609 4678 3676 4728 Τὸ
3724 4668 3903 4724 ἀλλοιω-

2413 4760 2568 4817 θῆναι
2594 4763 2681 4813 τὸν
2702 4760 3086 4836 βαπτιζόμενον
3106 4768 3239 4819 κατά
3266 4785 3321 4819 τε
3345 4776 3483 4834 νοῦν,
3533 4771 3621 4819 καὶ
3648 4764 3802 4833 λόγον,
3826 4756 3900 4805 καί

2402 4848 2612 4921 πρᾶξιν,
2645 4856 2735 4903 καὶ
2761 4855 3005 4924 γενέσθαι
3043 4853 3203 4908 ἐκεῖνο
3232 4859 3367 4910 κατὰ
3404 4862 3493 4915 τὴν
3539 4853 3770 4909 δοθεῖσαν
3812 4840 3897 4897 δύο·

2401 4956 2577 5011 ναμιν,
2610 4940 2734 5015 ὅπερ
2762 4939 2877 4995 ἐστὶ
2906 4946 2965 4996 τὸ
2992 4942 3046 5006 ἐξ
3073 4944 3136 4996 οὔ
3167 4943 3436 5017 ἐγεννήθη.

2983 5086 3170 5158 Regni)“
3205 5094 3275 5144 B'.

2406 5193 2721 5245 ΙΩΑΝΝΙΙΣ.
2804 5194 2874 5244 Τὸ
2956 5199 3321 5268 γεγεννημένον
3413 5195 3467 5250 ἐκ
3545 5202 3635 5255 τῆς
3726 5180 3889 5257 σαρκὸς

3421 5195 3433 5212 ν
3584 5202 3602 5213 υ

3413 5216 3467 5250 εκ
3545 5212 3635 5255 της

2331 5500 2831 5583 ιυεᾼάιιυὶοιοῑῖη
2869 5513 3186 5583 Mazarino,
3236 5515 3405 5574 deest
3455 5528 3587 5575 vero
3633 5511 3689 5569 in
3726 5497 3881 5569 888ίο

2330 5580 2580 5651 perinde
2607 5586 2673 5639 ut
2698 5581 2760 5637 in
2792 5587 3047 5656 utraque
3073 5580 3352 5644 editione.
