4112 6172
592 259 697 323 743

596 391 710 447 hoc
737 394 820 446 est
864 387 930 444 in
978 400 1164 443 carne
1209 399 1364 454 mea,
1408 383 1625 440 bonum
1680 400 1693 439 :

586 485 753 549 Jacet
783 477 955 543 mihi,
983 475 1272 544 perﬁcere
1290 478 1492 529 autem
1543 471 1781 539 bonum,
1824 488 1944 529 non
1988 473 2241 529 invenio.

593 570 728 624 Non
758 566 912 625 enim
943 564 1104 636 quod
1126 564 1278 631 volo,
1311 561 1474 631 facio
1490 561 1707 618 bonum
1745 580 1757 615 :
1784 563 1888 619 sed
1913 561 2075 634 quod
2106 563 2247 618 nolo

593 657 844 721 malum,
913 653 1023 708 hoc
1062 667 1196 721 ago.
1231 651 1301 706 Si
1346 658 1543 706 autem
1589 651 1751 721 quod
1768 653 1907 707 nolo
1932 665 2058 721 ego,
2087 650 2249 706 illud

593 746 754 816 facio
774 761 786 798 :
809 746 935 810 iam
955 757 1075 797 non
1106 755 1214 811 ego
1232 755 1467 810 operor,
1497 740 1680 809 illud,
1708 740 1812 797 sed
1828 740 1990 813 quod
2009 739 2245 798 h‘abitat

596 836 659 891 in
681 846 774 889 me
794 836 1108 901 peccatum
1132 831 1324 898 (Rom.
1357 845 1459 900 vn,
1493 830 1708 899 14-20).

1159 1007 1442 1063 REGULA
1481 1000 1673 1062 ιχχιν.

593 1098 768 1166 Quod
811 1113 935 1155 non
988 1096 1402 1159 mendacium,
1452 1095 1563 1151 sed
1614 1110 1826 1151 verum
1869 1094 1931 1150 in
1956 1093 2244 1151 omnibus

1265 1184 1592 1241 dicendum

1284 1274 1482 1343 Caput
1514 1276 1555 1329 1.

663 1366 758 1421 Sit
804 1370 1002 1421 autem
1055 1377 1242 1419 sermo
1296 1368 1509 1429 vester,
1562 1362 1691 1429 Est,
1750 1368 1833 1419 est
1867 1379 1880 1419 :
1913 1363 2070 1430 Non,
2128 1377 2245 1418 non

594 1454 754 1527 quod
777 1459 976 1509 autem
999 1452 1090 1507 his
1106 1450 1516 1507 abundantius
1533 1457 1618 1509 est
1647 1467 1682 1508 a
1709 1453 1869 1508 malo
1899 1452 2247 1521 est(Matth.

592 1560 655 1608 ν,
678 1548 708 1598 3
724 1547 842 1606 ἶ)...
869 1544 1240 1611 Deponentes
1259 1541 1659 1609 mendacium,
1695 1541 2011 1612 loquimini
2034 1542 2248 1597 verita-

598 1637 712 1688 tem
743 1632 1152 1702 unusquisque
1177 1644 1312 1686 cum
1334 1631 1610 1699 proximo
1636 1630 1999 1700 suo(Ephes.
2026 1645 2105 1697 ιν,
2132 1631 2244 1700 22).

699 1720 906 1776 Nolite
933 1719 1177 1774 mentiri
1209 1717 1460 1775 invicem
1487 1719 1822 1789 (Culoss.u,
1851 1719 1930 1789 9).

1160 1810 1440 1865 REGULA
1514 1811 1669 1866 XXV.

596 1906 768 1974 Quod
794 1905 1163 1980 quaestiunes
1184 1905 1424 1963 inutiles
1443 1911 1501 1963 et
1520 1906 1911 1964 contentiosa
1953 1921 2079 1965 non
2108 1910 2248 1964 sunt

1262 1993 1574 2052 faciendae.

1275 2086 1491 2155 Caput.
1551 2089 1571 2141 Ι

664 2176 804 2232 Herc
834 2189 1156 2242 commone,
1191 2175 1519 2244 testiﬁcuns
1543 2187 1747 2230 coram
1774 2174 2028 2231 Domino
2070 2189 2092 2229 .'
2121 2173 2251 2230 noli

598 2264 953 2320 contendere
973 2263 1165 2319 verbis
1182 2262 1266 2317 ad
1276 2264 1513 2318 nullam
1538 2264 1889 2329 utilitatem,
1904 2263 1985 2319 ad
2001 2263 2247 2319 subver-

594 2353 819 2408 sionem
850 2351 1221 2407 audientium
1254 2350 1332 2419 (II
1365 2352 1509 2406 Tim.
1543 2366 1603 2420 ιι,
1637 2350 1807 2423 44)...
1859 2351 2096 2407 Stultus
2143 2365 2248 2407 au-

594 2446 709 2498 tem
761 2446 814 2497 et
867 2441 1000 2497 sine
1024 2439 1350 2508 disciplina
1397 2440 1746 2510 quastiones
1792 2439 2013 2509 devita,
2056 2455 2246 2497 sciens

593 2530 753 2601 quod
780 2533 1069 2600 generant
1102 2528 1234 2583 lites
1265 2527 1413 2593 (ibid
1437 2529 1554 2598 23).

595 2618 768 2684 Quod
811 2633 933 2672 non
982 2622 1124 2672 sunt
1183 2615 1549 2689 proferenda
1596 2615 1779 2673 verba
1845 2616 2059 2683 otiosa,
2108 2632 2246 2690 quae

669 2708 845 2779 256
868 2706 1014 2762 nihil
1044 2705 1313 2762 utilitatis
1352 2705 1629 2766 afferant.
1658 2707 1888 2764 Etenim
1915 2707 2101 2781 loqui,
2139 2714 2246 2765 aut

664 2796 847 2850 etiam
902 2795 1099 2850 facere
1129 2794 1332 2867 ipsum
1362 2795 1595 2852 bonum
1637 2811 1761 2852 non
1790 2796 1870 2854 ad
1895 2796 2243 2854 aediﬁcatio-

664 2899 805 2939 nem
830 2883 992 2952 ﬁdei,
1022 2884 1085 2939 id
1115 2889 1395 2940 sanctum
1427 2885 1529 2941 Dei
1567 2886 1852 2959 Spiritum
1879 2886 2114 2945 tristitia
2159 2886 2244 2944 af-

664 2973 805 3028 ﬁcit.

1260 3064 1460 3133 Caput
1505 3064 1574 3120 ll.

664 3153 807 3207 Dico
853 3156 1051 3207 autem
1105 3151 1289 3222 vobis,
1336 3153 1496 3224 quod
1542 3154 1616 3210 de
1660 3155 1823 3210 omni
1851 3156 2028 3213 verbo
2057 3157 2242 3212 otioso

591 3242 751 3314 quod
795 3241 983 3296 locuti
1007 3242 1241 3310 fuerint
1268 3240 1552 3309 homines,
1584 3244 1834 3300 reddent
1856 3246 2147 3301 rationem
2178 3261 2242 3302 in

591 3330 688 3386 die
697 3329 921 3398 judicii
944 3328 1188 3399 (Matth.
1221 3345 1317 3397 xu,
1359 3332 1541 3401 36)....
1578 3332 1784 3387 Omnis
1829 3348 2021 3389 sermo
2064 3349 2243 3403 spur-

593 3433 695 3474 cus
726 3432 803 3474 ea:
840 3432 943 3473 ore
959 3422 1155 3473 vestro
1178 3433 1296 3473 non
1322 3419 1609 3488 procedat
1638 3437 1651 3475 ε
1684 3422 1788 3477 sed
1814 3422 1868 3477 si
1895 3423 2026 3493 quis
2057 3421 2243 3479 bonus

590 3506 673 3564 ad
710 3506 1163 3575 aediﬁcationem
1190 3507 1353 3577 ﬁdei,
1386 3516 1450 3562 ut
1476 3509 1577 3565 det
1624 3510 1889 3580 gratiam
1936 3510 2242 3567 audienti-

593 3596 719 3651 bus.
752 3595 828 3650 Et
867 3595 1055 3651 nolite
1073 3597 1439 3653 contristare
1460 3598 1758 3667 Spiritum
1788 3606 2061 3657 sanctum
2090 3601 2243 3657 Dei:

587 3684 652 3741 in
729 3699 845 3755 quo
909 3683 1211 3753 obsignati
1267 3684 1403 3741 estis
1452 3686 1514 3741 in
1593 3686 1748 3743 diem
1818 3688 2241 3759 redemptionis

591 3774 830 3843 (Ephes.
853 3789 929 3841 IV,
960 3777 1052 3841 29,
1078 3775 1189 3846 30).
1410 3770 1419 3779 “

1147 3953 1426 4008 REGULA
1497 3955 1677 4013 XXVI.

589 4041 764 4106 Quod
806 4039 1058 4097 verbum
1099 4056 1279 4097 omne
1323 4046 1429 4098 aut
1481 4058 1576 4098 res
1646 4042 1989 4101 testimonio
2018 4043 2238 4101 divina

662 4130 981 4203 Scriptura:
1000 4129 1390 4186 obﬁrmanda
1414 4136 1555 4188 sunt
1609 4132 1688 4189 ad
1724 4132 2020 4205 integram
2052 4134 2241 4192 bono-

657 4235 795 4274 rum
830 4218 1307 4292 persuasionem,
1360 4224 1417 4276 et
1462 4220 1542 4277 ad
1598 4221 1901 4278 malorum
1954 4238 2241 4280 verecun-

657 4307 844 4366 diam.

1269 4398 1468 4470 (‘aput
1520 4403 1563 4457 I.

657 4485 736 4541 Et
777 4487 1063 4544 accedens
1108 4488 1192 4544 ad
1245 4505 1376 4546 eum
1427 4496 1694 4549 tentator
1729 4493 1887 4550 dixit
1920 4494 2240 4552 :SiF‘ilius

586 4574 699 4631 Dei
712 4591 790 4643 es,
822 4576 919 4632 die
938 4583 1005 4632 ut
1033 4578 1265 4646 lapides
1297 4580 1397 4636 isti
1414 4596 1603 4650 panes
1629 4583 1805 4651 ﬁant.
1835 4584 1951 4651 Qui
1993 4600 2237 4655 respon-

587 4663 732 4719 dens
762 4664 919 4721 dixit
944 4681 968 4722 ,ο
982 4665 1287 4735 Scriptum
1313 4674 1398 4723 est
1431 4685 1443 4724 :
1470 4671 1605 4725 Non
1636 4672 1698 4726 in
1727 4673 1853 4728 solo
1871 4688 2035 4742 pane
2085 4676 2240 4732 vivet

588 4752 783 4823 homo,
810 4755 914 4811 sed
940 4755 1003 4810 in
1034 4756 1200 4810 omni
1226 4756 1403 4812 verbo
1429 4758 1590 4827 quod
1604 4761 1880 4826 procedit
1905 4761 1976 4817 de
2007 4776 2106 4819 ore
2130 4764 2244 4821 Dei

588 4840 829 4913 (Matth.
872 4859 954 4913 iv,
1011 4846 1041 4898 3
1077 4842 1271 4910 ;Deut
1292 4859 1411 4910 vm,
1434 4848 1561 4906 3)...
1592 4846 1671 4900 Et
1702 4848 1921 4916 repleti
1945 4856 2089 4905 sunt
2117 4866 2238 4908 om-

586 4948 689 4991 nes
734 4934 966 5004 Spiritu
1010 4939 1237 5002 sancto,
1299 4935 1354 4989 et
1411 4940 1720 5004 coeperunt
1771 4937 2097 5008 loquialiis
2126 4941 2241 4997 lin-

584 5025 741 5097 guis,
778 5031 959 5093 prout
975 5023 1495 5092 Spiritussanctus
1507 5024 1695 5080 dabat
1710 5026 1913 5097 eloqui
1934 5028 2060 5084 illis
2078 5030 2148 5099 (A
2158 5036 2239 5086 et.

585 5113 783 5184 11,4)...
804 5111 1132 5183 Stupebant
1159 5117 1358 5167 autem
1389 5127 1609 5179 omnes,
1640 5118 1692 5169 et
1722 5115 2109 5171 mirabantur
2159 5118 2242 5173 ad

585 5203 860 5270 invicem,
889 5201 1150 5258 dicentes
1181 5215 1194 5254 :
1222 5200 1520 5268 Quidnam
1583 5203 1712 5258 vult
1768 5201 1878 5260 hoc
1908 5220 2031 5261 esse
2057 5207 2084 5262 ?
2111 5206 2245 5262 Alii

556 5472 561 5477 ’
657 5486 776 5561 (αξῼ)
809 5483 1098 5561 γοουιαω
1128 5483 1449 5561 x_a_z't_ad_didi
1477 5501 1549 5561 ex
1572 5487 1839 5561 antiquis
1869 5489 2060 5547 libris.

660 5556 778 5629 (50)
815 5557 1073 5629 Utraque
1099 5555 1281 5613 editio
1312 5556 1445 5629 λέγω
1474 5559 1616 5634 ὑμῖν.
1641 5555 1885 5618 Veteres
1941 5562 2067 5622 duo
2104 5564 2242 5624 libri

2276 1732 2317 1786 Β
2358 1735 2523 1785 τοῦ...

1952 262 2010 317 S.
2055 249 2243 317 BASII.

2351 260 2569 319 MAG-NI
3797 276 3887 331 ’744

1750 397 1891 441 nam
1940 384 2097 441 velle
2133 384 2243 441 ad-

2361 383 2474 457 ἐμοὶ
2530 386 2780 463 ἁμαρτία.
2838 386 2986 455 ,Οἶδα
3046 387 3125 457 δι,
3178 392 3258 445 ὅτι
3309 391 3401 444 οὐκ
3438 393 3889 468 οἱκεῖὶνὲμοι,τουτ

2360 473 2523 543 ἔστιν,
2588 477 2639 529 ἐν
2704 486 2766 551 τῇ
2821 485 2979 554 σαρκί
3030 500 3153 553 μου,
3204 481 3417 553 ἀγαθόν’
3486 485 3540 535 rb
3604 487 3697 557 γὰρ
3761 485 3891 538 θέλειν

2356 567 2667 639 παράκειταί
2749 587 2856 640 μοι,
2932 572 2992 621 τὸ
3060 566 3120 622 δε
3183 572 3588 643 κατεργάζεσθαι
3645 576 3704 630 τὴ
3762 573 3891 625 καλὸν

2355 652 2460 724 οὐχ
2509 656 2756 729 εὑρίσκω.
2813 657 2890 709 Οῦ
2954 661 3057 732 γὰρ
3123 658 3149 710 6
3217 658 3360 725 θέλω,
3433 667 3559 711 ποιῶ
3585 658 3783 732 aer/abba;
3811 660 3895 714 ἀλλ’

2354 742 2381 793 6
2447 742 2507 795 ὀῦ
2573 744 2700 797 θέλω
2762 751 2943 818 κακὸν,
3024 756 3177 801 τοῦτο
3240 751 3483 822 πράσσω.
3547 749 3605 803 Εἰ
3665 746 3719 802 δί
3776 751 3894 802 bet}

2356 831 2481 884 θέλω
2548 832 2668 905 ἐγὼ,
2729 844 2882 889 τοῦτο
2931 846 3086 906 ποιῶ,
3156 836 3328 890 οὐκέτι
3550 839 3896 912 κατεργάζομαι

2353 920 2503 991 αὐτὸ,
2529 920 2633 974 ἀλλ’
2656 925 2687 982 ἠ
2712 924 2933 978 οἰκοῦσα
2961 924 3008 978 ἐν
3050 925 3162 999 ἐμοὶ
3190 926 3442 1001 ἁμαρτία.

2984 1022 3150 1069 ΟΡΟΣ
3191 1014 3304 1070 KA'.

2566 1103 2683 1156 Ὅτι
2714 1103 2774 1156 οῦ
2806 1100 2892 1157 δεῖ
2915 1101 3229 1176 ψεύδεσθαι,
3262 1103 3367 1157 ἀλλ’
3392 1103 3644 1164 ἀληθεύειν
3669 1103 3713 1157 ἐν

3081 1198 3239 1246 παντί

2986 1283 3175 1355 Κεφάλ.
3230 1287 3268 1334 Α
3290 1324 3307 1341 .

2424 1377 2791 1425 ΜΑΤΘᾹῘΟΣ.
2841 1370 3014 1425 "Erro:
3075 1368 3135 1423 δε
3185 1372 3212 1424 ὁ
3264 1370 3419 1443 λόγος
3490 1371 3646 1444 ὑμῶν,
3668 1374 3764 1437 ναὶ,
3815 1373 3900 1421 ναίο

2356 1459 2439 1528 οῦ,
2498 1461 2578 1513 οῦ·
2644 1464 2702 1513 τὸ
2770 1456 2831 1513 δε
2908 1464 3161 1535 περισσὸν
3207 1463 3402 1513 τούτων
3455 1458 3509 1511 ἐκ
3563 1466 3651 1512 τοῦ
3710 1464 3904 1530 πονηροῦ

2358 1548 2519 1604 ἐστιν.
2581 1557 2750 1603 ΠΡΟΣ
2803 1555 2979 1603 ΕΦΕΣ.
3052 1549 3383 1623 Ἀποθέμενοι
3453 1552 3511 1601 τό
3572 1543 3767 1619 ψεῦδος,
3835 1545 3907 1597 λα-

2356 1637 2484 1691 λεῖτε
2569 1636 2809 1696 ἀλήθειαν
2896 1639 3114 1700 ἕκαστος
3205 1640 3337 1711 μετὰ
3408 1645 3500 1690 τοῦ
3580 1635 3785 1694 πλησίον
3836 1634 3908 1685 αὖ·

2582 1736 2749 1781 ΠΡΟΣ
2808 1734 2968 1794 ΚΟΛ,
3004 1732 3091 1786 Μὴ
3139 1724 3403 1798 ψεύδεσθε
3479 1727 3547 1789 εἰς
3605 1724 3848 1785 ἀλλήλους.

2999 1824 3166 1870 οΡοΣ
3197 1816 3313 1874 κε’.

2463 1907 2584 1961 Ὀτι
2604 1907 2663 1960 οῦ
2687 1904 2772 1961 δεῖ
2794 1911 3037 1970 ζητήσεις
3063 1904 3332 1979 ἀνωφελεῖς
3381 1907 3417 1967 ἣ
3472 1903 3824 1980 ἐμφιλονείκους
3894 1942 3899 1947 .

3010 1998 3297 2050 ποιεῖσθαι.

2996 2087 3184 2160 liqueat.
3233 2084 3306 2141 A'.

2429 2186 2599 2232 ΠΡΟΣ
2644 2183 2785 2232 ΤΙΜ.
2835 2177 2904 2250 β’,
2959 2183 3140 2230 Ταῦτα
3214 2176 3586 2247 ὑπομέμνησκε

2355 2272 2563 2344 ρὸμπος
2640 2270 2849 2320 ἐνώπιον
2926 2272 3018 2318 τοῦ
3095 2268 3312 2338 Κυρίου·
3369 2267 3450 2335 μὴ
3514 2261 3814 2333 λογομαχεῖν
3862 2256 3914 2314 εἰς

2356 2354 2508 2411 οῦδὶν
2591 2361 2863 2430 χρήσιμον
2947 2356 3030 2406 ἐπὶ
3122 2359 3464 2425 καταστροφῇ
3556 2356 3654 2402 τῶν
3734 2345 3914 2398 ἀκουόν·

2355 2467 2571 2503 των.....
2648 2447 2755 2507 Τὰς
2821 2440 2881 2497 δε
2929 2444 3103 2517 μωρὰς
3151 2446 3242 2494 καὶ
3302 2437 3661 2499 ἀπαιδεύτους
3705 2437 3918 2498 ζητήσεις

2353 2542 2636 2610 παραιτοῦ,
2669 2532 2843 2600 εἰδὼς,
2870 2535 2951 2586 ὅτι
2969 2539 3188 2606 γεννῶσι
3215 2532 3429 2603 μάχας.

2352 2627 2473 2679 Ὀτι
2498 2626 2556 2678 οῦ
2589 2623 2672 2678 δεῖ
2698 2622 3010 2697 φθέγγεῦθαι
3037 2622 3189 2695 λόγον
3222 2619 3411 2695 ἀργὸν,
3440 2620 3493 2684 ἑξ
3540 2615 3600 2672 οὗ
3641 2611 3780 2670 οὖδέν
3826 2614 3920 2684 67:-

2423 2714 2524 2775 λος.
2570 2718 2640 2767 Tb
2690 2716 2790 2788 γὰρ
2821 2718 2902 2785 μὼ
2932 2713 3062 2784 πρὸς
3092 2706 3380 2783 οἰκοδομὴν
3407 2716 3499 2770 τῆς
3527 2711 3736 2765 πίστεως
3753 2701 3915 2763 λαλεῖν,

2426 2807 2455 2864 ἣ
2501 2808 2590 2857 καὶ
2638 2804 2751 2875 (49)
2801 2810 2965 2856 ποιεῖν
3019 2801 3144 2854 αῦτό
3184 2802 3243 2853 τὸ
3292 2798 3520 2871 ἀγαθόν,
3556 2797 3727 2851 λυπεῖν
3752 2791 3919 2847 ἔστιτὸ

2425 2901 2633 2967 Πνεῦμα
2672 2895 2731 2945 τὸ
2770 2893 2920 2965 ἅγιον
2966 2897 3060 2945 τοῦ
3103 2896 3258 2944 Θεοῦ.

3664 2167 3914 2243 διαμαρτυ-

2992 3067 3163 3140 Κεφάλ
3238 3066 3305 3123 Β’.

2389 3164 2749 3215 ΜΑΤΘΑΙΟΣ.
2801 3162 2948 3229 Λέγω
3001 3153 3061 3211 δέ
3111 3159 3230 3230 ὑμῖν
3281 3155 3428 3223 (50),
3513 3155 3595 3207 ὅτι
3647 3157 3742 3205 πᾶν
3800 3148 3924 3223 ῥῆμα

2355 3249 2512 3325 ἀργὸν
2578 3249 2605 3301 6
2661 3247 2744 3300 ἐὰν
2792 3246 3093 3304 λαλήσωσιν
3135 3248 3183 3297 οἱ
3234 3246 3532 3318 ἅνθρωποι,
3613 3236 3924 3292 ἀποδώσουσι

2350 3344 2470 3413 περὶ
2550 3338 2709 3390 αὐτοῦ
2813 3335 2961 3407 λόγον
3037 3333 3085 3386 ἐν
3182 3336 3354 3407 ἡμέρᾳ
3450 3336 3689 3406 κρίσεως.
3780 3326 3923 3378 ΠΡΟΣ

2352 3433 2531 3482 ΕΦΕΣ.
2577 3432 2684 3487 Πᾶς
2730 3425 2881 3497 λόγος
2943 3427 3144 3496 σαπρὸς
3198 3422 3254 3474 ἐκ
3297 3429 3401 3474 τοῦ
3477 3424 3732 3493 στόματος
3804 3414 3925 3485 ὑμῶν

2351 3522 2423 3590 μὴ
2499 3515 2876 3592 ἐκπορευέσθω·
2932 3512 3042 3565 ἄλλ’
3101 3516 3145 3565 εἴ
3188 3531 3271 3572 τις
3325 3508 3529 3583 ἀγαθὸς
3602 3511 3729 3580 πρὸς
3810 3501 3924 3553 οἰκο-

2353 3603 2523 3680 δομὴν
2595 3613 2691 3666 τῆς
2745 3608 2991 3667 πίστεως,
3042 3603 3127 3654 ἱνα
3181 3597 3259 3671 δῷ
3325 3602 3501 3674 χάριν
3549 3604 3654 3657 τοῖς
3683 3593 3924 3653 ἀκούουσι,

2350 3700 2439 3747 καὶ
2527 3698 2598 3767 μή
2656 3692 2854 3751 λυπῆτε
3106 3691 3166 3741 τὸ
3241 3694 3461 3762 Πνεῦμα
3526 3688 3586 3739 τὸ
3633 3685 3776 3755 ἅγιον
3851 3682 3926 3728 τοῦ

2351 3790 2505 3850 Θεοῦ,
2565 3782 2615 3835 ἐν
2769 3780 3155 3853 ἐσφραγίσθητε
3222 3775 3289 3837 εἰς
3375 3779 3581 3851 ἡμέραν
3662 3768 3927 3840 ἀπολυτρώ-

2351 3891 2499 3936 σεως.

3006 3964 3173 4012 oro:
3207 3955 3286 4016 Kc’

2346 4052 2468 4105 Ὀτι
2520 4048 2603 4105 δεῖ
2648 4057 2749 4105 πᾶν
2799 4051 2946 4125 ῥῆμα
2973 4049 3003 4108 ἣ
3059 4054 3280 4119 πρᾶγμα
3308 4045 3643 4098 πιστοῦσθαι
3667 4048 3727 4113 τῇ
3758 4051 3929 4125 μαρτν·

2420 4146 2511 4217 ρίᾳ
2551 4148 2641 4202 τῆς
2704 4123 3041 4193 θεοπνεύστου
3108 4142 3313 4209 Γραφῆς
3368 4134 3446 4195 εἰς
3484 4123 3929 4206 πληροφορίανμῇ

2426 4239 2525 4284 τῶν
2559 4228 2789 4302 ἀγαθῶν,
2815 4226 3064 4300 ἐντροπὴν
3085 4221 3145 4277 δε
3172 4231 3271 4275 τῶν
3301 4231 3571 4297 πονηρῶν.

2988 4403 3176 4477 Ksed).
3224 4402 3299 4458 Χ.

2421 4502 2787 4554 ΜΑΤΘΑῙΟΣ.
2840 4499 2943 4549 Καὶ
2997 4492 3294 4568 προσελθὼν
3372 4492 3522 4562 αὐτῷ
3603 4490 3631 4542 ὁ
3696 4482 3933 4559 πειράζων

2348 4589 2502 4644 εἰπε-δ’
2589 4587 2651 4642 Εἰ
2709 4588 2830 4648 Υἱὸς
2887 4581 2934 4637 εἶ
3003 4590 3096 4636 τοῦ
3161 4587 3319 4652 θεοῦ,
3390 4581 3526 4648 εἰπε,
3582 4580 3668 4631 ἵνα
3713 4577 3761 4628 οἱ
3807 4571 3929 4625 λίθοι

2346 4676 2492 4728 οὗτοι
2566 4674 2714 4748 ἄρτοι
2787 4673 3053 4741 γένωνταιο
3130 4666 3189 4718 Ὀ
3266 4661 3326 4717 δι
3405 4665 3723 4739 ἀποκριθεὶς
3817 4652 3930 4708 εἶπε·

2349 4746 2663 4838 Γέγραπται·
2735 4760 2845 4812 Οὐκ
2928 4756 3004 4810 ἐπ’
3077 4757 3218 4830 ἄρτῳ
3302 4759 3445 4829 μόνῳ
3487 4755 3717 4815 ζήσεται
3762 4746 3938 4838 ἄνθξωθ

2347 4827 2463 4920 πος,
2561 4849 2668 4903 ἀλλ’
2728 4848 2811 4902 ἐπὶ
2892 4851 3050 4899 παντὶ
3122 4846 3320 4919 ῥήματι
3411 4841 3801 4917 ἐκπορευομένῳ
3855 4827 3938 4882 διὰ

2352 4947 2605 5015 στόματος
2697 4937 2856 4993 Θεοῦ.
2969 4938 3281 4988 ΠΡΛΞΕΙΣ.
3398 4936 3507 4985 Καὶ
3612 4925 3934 5015 ἐπλήσθηξαῖδ

2349 5033 2566 5091 ἅπαντες
2648 5030 2946 5101 Πνεῦματος
3026 5023 3180 5095 ἁγίου
3207 5064 3221 5089 ,
3297 5024 3387 5072 καὶ
3487 5018 3719 5091 ἤρξαντο
3789 5010 3941 5107 λαλεῖν

2350 5122 2547 5195 ἑτέραις
2603 5117 2893 5190 γλώσσαις,
2945 5114 3119 5174 καθὼς
3182 5113 3241 5163 τὸ
3320 5115 3538 5180 Πνεῦμα
3591 5101 3776 5158 ἐδίδου
3852 5101 3939 5149 αὐ-

2347 5188 2455 5272 τοῖς
2525 5188 3013 5280 αποφθίγγισθαι...
3110 5199 3405 5263 Ἐξίσταντο
3479 5193 3543 5248 δέ
3605 5197 3809 5256 πάντες,
3863 5188 3941 5238 καὶ

2350 5499 2482 5571 λέγω
2512 5494 2737 5571 tributa.

2423 5561 2539 5645 (51)
2568 5570 2640 5627 Ut
2668 5565 2874 5625 tertius
2903 5567 2974 5641 μὴ
3000 5561 3225 5617 λυπεῖτε.
