4112 6172
621 280 728 339 747

2011 280 2066 333 S.
2100 276 2351 334 ΒΑειιιι
2372 277 2593 335 κΑρΝι

3847 288 3945 344 ⁸748

618 401 877 461 hominis
905 418 1027 461 non
1058 402 1215 460 venit
1260 406 1325 457 ut
1372 400 1833 457 ministraretur
1877 400 2009 467 sibi,
2056 402 2162 458 sed
2206 408 2266 458 ut

2390 399 2538 468 εἶναι,
2571 405 2717 456 δοται
2746 404 2888 476 ὑμῶν
2921 399 3124 467 δοῦλος·
3175 404 3348 479 ὥσπερ
3379 407 3411 457 ὅ
3431 404 3545 466 Υἱὸς
3571 412 3661 458 τοῦ
3701 405 3945 483 ἀνθρώπου

615 493 1008 562 ministraret,
1035 499 1089 549 et
1114 491 1292 548 daret
1321 491 1587 546 animam
1607 503 1779 545 suam
1808 489 2275 560 redemtionem

612 596 729 652 pro
757 584 965 641 multis
985 579 1233 653 (Matth.
1257 596 1352 649 xx,
1379 580 1660 648 25-28)....
1693 580 1894 636 Nolite
1910 580 2282 650 conformari

613 671 757 732 huic
801 673 1043 741 saeculo,
1092 670 1196 728 sed
1226 670 1758 741 transformamini
1788 685 1901 739 per
1936 673 2277 728 renovatio.

611 776 749 819 nem
793 762 1009 819 mentis
1047 766 1277 829 vestrae,
1308 765 1386 817 ut
1409 760 1678 830 probetis
1719 774 1853 831 quas
1895 761 1974 816 sit
2001 761 2277 819 voluntas

610 850 728 906 Dei
754 850 949 921 (Rom,
971 865 1072 922 xu,
1101 850 1275 921 2).....
1296 849 1639 905 Imitatores
1662 848 1780 905 mei
1804 854 2005 917 estote,
2039 850 2193 907 sicut
2221 854 2277 908 et

611 951 720 1011 ego
742 937 978 997 Christi
1000 938 1064 1004 (Ι
1086 940 1224 997 Cor.
1250 954 1332 1007 xx,
1370 942 1447 1005 1).

1166 1045 1452 1104 REGULA
1489 1044 1719 1103 XXVIII.

613 1152 787 1220 Quod
809 1169 937 1212 non
968 1157 1205 1228 oportet
1236 1156 1455 1210 temere
1493 1156 1548 1209 et
1594 1150 2041 1212 inconsiderate
2078 1152 2273 1228 abripi

682 1245 743 1299 et
764 1241 983 1300 attrahi
1008 1241 1088 1299 ab
1114 1241 1186 1299 iis
1234 1241 1339 1314 qui
1371 1240 1659 1297 simulant
1689 1241 2034 1300 veritatem:
2068 1241 2173 1298 sed
2199 1258 2273 1301 ex

679 1331 826 1387 dato
850 1330 1029 1388 nobis
1054 1346 1091 1390 a
1113 1331 1421 1405 Scriptura
1446 1329 1620 1402 signo
1640 1346 2144 1407 unumquemque
2174 1348 2271 1393 co-

683 1433 1001 1491 gnoscere.

1284 1526 1487 1589 Caput
1524 1527 1578 1587 Ι.

1284 1544 1487 1602 Ude
1524 1544 1578 1587 ι.

675 1635 991 1694 Attendite
1018 1650 1056 1693 a
1083 1635 1266 1706 falsis
1293 1637 1627 1708 prophetis,
1654 1637 1762 1709 qui
1783 1637 2033 1693 veniunt
2057 1637 2140 1695 ad
2168 1652 2268 1694 vos

605 1726 671 1783 in
699 1725 1066 1783 vestimentis
1095 1725 1320 1795 ovium,
1346 1724 1709 1782 intrinsecus
1737 1730 1937 1783 autem
1962 1732 2104 1783 sunt
2139 1727 2272 1796 lupi
2300 1761 2340 1817 Β

604 1829 879 1885 rapaces.
894 1814 945 1871 A
967 1814 1271 1886 fructibus
1289 1829 1496 1873 eorum
1517 1816 1882 1886 cognoscetis
1905 1830 2001 1873 eos
2020 1814 2264 1887 (Matth.

604 1919 709 1975 vn,
739 1905 827 1975 15,
856 1904 1046 1973 i6)....
1092 1904 1166 1961 In
1209 1903 1322 1962 hoc
1359 1911 1717 1976 cognoscent
1745 1920 1944 1963 omnes
1966 1905 2127 1977 quod
2156 1905 2272 1965 dis-

605 1994 800 2065 cipuli
817 1993 936 2051 mei
956 1994 1113 2066 estis,
1145 1993 1204 2053 si
1230 1993 1610 2053 dilectionem
1634 2000 1904 2053 mutuam
1937 1994 2270 2055 habueritis

603 2085 768 2142 inter
790 2098 889 2141 vos
928 2083 1137 2143 (Joan.
1164 2099 1288 2151 xm,
1322 2084 1532 2157 35).....
1566 2084 1703 2142 Ideo
1733 2090 1940 2143 notum
1989 2084 2150 2143 vobis
2177 2086 2267 2154 ίαν

604 2172 719 2243 cio,
749 2173 911 2249 quod
946 2187 1120 2231 nemo
1154 2174 1220 2233 in
1244 2174 1485 2245 Spiritu
1522 2174 1636 2234 Dei
1659 2175 1931 2247 loquens,
1958 2174 2109 2235 dicit
2132 2189 2272 2235 ana.

605 2262 809 2322 thema
830 2262 1116 2336 Jesum(I
1140 2264 1287 2325 Cor.
1313 2278 1416 2333 xu,
1450 2266 1522 2329 3).

1177 2372 1455 2429 REGULA
1505 2372 1680 2431 XXlX.

605 2475 784 2548 Quod
821 2475 1005 2537 debet
1035 2478 1457 2555 unusquisque
1488 2477 1925 2551 professionem
1954 2492 2133 2536 suam
2158 2492 2268 2552 per

1064 2583 1179 2628 sua
1201 2583 1392 2644 Opera
1421 2567 1805 2629 conﬁrmare.

1286 2675 1490 2749 Caput
1538 2676 1591 2733 Ι.

676 2781 820 2853 Ipsa
862 2797 1068 2852 opera,
1097 2798 1231 2856 quae
1267 2797 1367 2854 ego
1406 2783 1595 2854 facio.
1634 2783 2038 2841 testimonium
2064 2783 2267 2856 perhi-

609 2868 746 2928 bent
785 2870 857 2928 de
883 2886 996 2941 me,
1034 2871 1197 2943 quod
1218 2872 1406 2931 Pater
1428 2873 1657 2930 miserit
1677 2887 1769 2931 me
1798 2873 2006 2940 (Joan.
2028 2873 2263 2944 v.36)...

606 2958 680 3016 Si
715 2974 836 3015 non
868 2959 1038 3030 facio
1063 2974 1247 3031 opera
1274 2961 1483 3019 Patris
1511 2962 1649 3031 mei,
1683 2976 1759 3019 ne
1797 2960 2057 3021 credatis
2088 2961 2268 3037 258

608 3047 803 3104 mihi:
830 3048 884 3105 si
911 3063 1050 3105 vero
1073 3050 1257 3119 facio,
1285 3051 1397 3107 etsi
1413 3065 1535 3109 non
1561 3049 1802 3109 creditis
1824 3050 1975 3109 mihi
1991 3051 2269 3123 operibus

609 3139 755 3195 meis
778 3138 1026 3205 credite,
1064 3144 1129 3195 ut
1161 3142 1559 3210 cognoscatis,
1585 3146 1640 3196 et
1672 3141 1935 3197 credatis
1974 3141 2131 3213 quod
2153 3142 2269 3197 Pa-

612 3234 706 3285 ter
741 3228 806 3285 in
844 3243 937 3285 me
963 3233 1070 3296 est,
1113 3234 1171 3286 et
1195 3244 1305 3300 ego
1341 3229 1408 3285 in
1436 3230 1624 3287 Patre
1640 3230 1839 3291 (Joan.
1862 3245 1921 3296 x,
1950 3233 2040 3298 3‘7,
2060 3230 2267 3301 38).....

611 3318 863 3375 Nullam
898 3319 963 3376 in
993 3319 1129 3376 ulla
1157 3334 1223 3376 re
1250 3320 1464 3378 dantes
1493 3320 1897 3391 o/I‘ensionem,
1927 3326 1995 3377 ut
2024 3337 2145 3377 non
2187 3321 2270 3379 vi-

613 3410 932 3477 tuperetur
947 3408 1371 3467 ministerium.
1392 3409 1513 3467 Sed
1536 3409 1601 3465 in
1629 3408 1901 3466 omnibus
1927 3408 2270 3469 exhibentes

612 3496 1001 3568 nosmetipsos
1020 3497 1176 3555 sicut
1194 3498 1308 3556 Dei
1328 3499 1725 3570 ministros,in
1736 3499 1933 3557 multa
1946 3499 2268 3571 patientia.

612 3584 677 3643 in
707 3583 1203 3644 tribulationibus
1227 3584 1321 3649 (II
1344 3587 1483 3644 Cor.
1516 3603 1594 3655 vx,
1622 3592 1676 3657 3,
1708 3588 1787 3661 4),
1818 3592 1930 3647 etc.

1210 3696 1487 3753 REGULA
1534 3698 1682 3753 XXX.

614 3801 790 3869 Quod
805 3817 901 3859 res
922 3817 1109 3860 sacrae
1134 3817 1242 3876 per
1262 3801 1691 3861 admistionem
1707 3818 1918 3861 eorum
1937 3818 2076 3878 quae
2101 3818 2267 3861 com-

680 3892 858 3953 muni
880 3891 1018 3951 usui
1044 3890 1425 3952 destinantur
1451 3906 1579 3953 non
1610 3897 1748 3953 sunt
1775 3893 2195 3966 profananda.

1289 4019 1490 4088 Caput
1531 4017 1584 4075 I.

678 4124 762 4185 Et
784 4126 1048 4185 intravit
1073 4125 1246 4184 Jesus
1278 4124 1342 4182 in
1382 4125 1670 4196 templum
1692 4125 1826 4197 Dei,
1856 4131 1911 4184 et
1947 4127 2116 4200 ejecit
2147 4142 2267 4188 om-

2387 490 2482 545 ούκ
2512 488 2635 550 ἦλθε
2664 489 3061 563 διακονηθῆναι,
3111 492 3238 546 ἀλλὰ
3278 490 3609 561 διακονῆσαι,
3658 501 3743 549 καὶ
3784 494 3945 552 δοῦναι

2385 585 2480 642 τὴν
2505 581 2692 655 ψυχὴν
2723 581 2881 635 αύτοῦ
2910 583 3090 658 λύτρον
3122 581 3235 636 ἀντὶ
3263 582 3477 639 πολλῶν.
3507 591 3672 638 ΠΡΟΣ
3702 593 3849 642 ΡΩΜ.
3870 593 3941 649 Μὴ

2389 672 2788 744 σχηματίζεσθε
2817 681 2888 743 τῷ
2913 672 3063 725 αἰῶνι
3086 674 3269 745 τούτῳ,
3304 671 3429 726 ἀλλὰ
3454 678 3865 749 μεταμορφοῦσθε
3889 685 3942 750 τῇ

2385 758 2729 814 ἀνακαινώσει
2771 768 2863 814 τοῦ
2892 764 3006 824 νοὸς
3035 764 3198 835 ὑμῶν,
3232 761 3305 825 εἰς
3327 764 3386 815 τὸ
3426 758 3727 837 δοκιμάζειν
3756 763 3879 837 ὑμᾶς
3902 766 3945 818 τί

2383 852 2443 902 τὸ
2478 849 2675 923 θέλημα
2704 857 2795 903 τοῦ
2825 859 2978 906 Θεοῦ.
3015 858 3184 904 ΠΡΟΣ
3213 856 3363 908 ΚΟΡ.
3397 850 3459 907 α’.
3494 857 3728 925 Μιμηταί
3751 872 3842 927 μον
3868 859 3944 926 γί-

2382 942 2549 1009 νεσθε,
2576 943 2749 1004 καθὼς
2777 940 2922 1013 κάγὼ
2952 948 3208 1015 Χριστοῦ.

3011 1057 3177 1103 οΡΟΣ
3226 1048 3348 1105 ΚΗΆ

2380 1153 2500 1210 Ὀτι
2530 1155 2589 1209 ού
2630 1153 2712 1212 δεῖ
2742 1156 2936 1225 ἁπλῶς,
2985 1154 3110 1212 οὐδὲ
3160 1155 3509 1221 ἀνεξετάστως
3554 1159 3652 1212 ὑπὸ
3698 1166 3790 1213 τῶν
3833 1160 3942 1215 ὑπο·

2451 1251 2757 1323 κρινομένων
2815 1251 2908 1307 τὴν
2961 1246 3205 1308 ἀλήθειαν
3264 1249 3712 1323 σνναρπάζεσθαιο
3759 1248 3850 1305 ἀπὸ
3891 1245 3942 1307 δε

2450 1344 2541 1389 τοῦ
2575 1332 2857 1412 δεδομένου
2905 1339 3031 1413 ἡμῖν
3060 1336 3205 1417 παρά
3248 1345 3344 1399 τῆς
3392 1342 3595 1413 Γραφῆς
3640 1347 3941 1414 χαρακτῆρος

2448 1426 2721 1504 γνωρίζειν
2752 1427 2989 1483 ἕκαστον.

3019 1534 3208 1608 Κεφάλ.
3262 1533 3340 1595 Α’.

2401 1668 2410 1675 ·
2449 1646 2808 1698 ΜΑΤΘΑΙΟΣ.
2843 1647 3139 1718 Προσέχετε
3164 1640 3224 1697 δὲ
3254 1642 3355 1696 ἀπὸ
3382 1652 3486 1696 τῶν
3506 1641 3939 1719 ψευδοπροφητῶν,

2379 1732 2564 1793 οἵτινες
2609 1735 2854 1805 ἔρχονται
2904 1736 3036 1807 πρὸς
3090 1734 3221 1805 ὑμᾶς
3274 1731 3322 1784 ἐν
3376 1729 3642 1806 ἐνδύμασι
3687 1732 3940 1809 προϐάτων,

2380 1824 2567 1876 ἔσωθεν
2599 1819 2659 1876 δέ
2688 1822 2792 1876 εἰσι
2815 1821 2963 1876 λύκοι
2986 1823 3233 1898 ἅρπαγες.
3265 1822 3392 1877 Ἀπὸ
3422 1831 3524 1876 τῶν
3568 1831 3771 1898 καρπῶν
3801 1820 3940 1875 αὐτῶν

2379 1909 2730 1984 ἐπιγνώσεσθε
2754 1911 2959 1974 αὐτούς.
2980 1918 3210 1967 ΙΩΑΝΝ.
3228 1912 3309 1965 Ἐν
3328 1914 3502 1984 τούτῳ
3535 1918 3810 1983 γνώσονται
3836 1911 3943 1962 ποίν-

2328 2074 2333 2081 ῆ
2377 2018 2475 2068 τες,
2493 2002 2572 2053 ὅτι
2593 1999 2707 2073 ἐμοὶ
2720 2004 2956 2073 μαθηταί
2982 2001 3115 2067 ἕστε,
3131 2000 3213 2055 ἐὰν
3232 2000 3450 2073 ἀγάπην
3471 2005 3631 2074 ἔχητε
3654 2001 3699 2054 ἓν
3715 1999 3938 2060 ἀλλήλοις.

2380 2096 2550 2143 ΠΡΟΣ
2580 2097 2729 2145 ΚΟΡ.
2758 2090 2822 2145 α’.
2848 2096 2936 2144 Διὸ
2962 2092 3204 2166 γνωρίζω
3234 2091 3376 2164 ύμῖν,
3416 2093 3500 2144 ὅτι
3543 2087 3710 2152 οὐδεὶς
3745 2089 3789 2142 ὃν
3812 2095 3942 2143 [ivtu-

2378 2198 2508 2253 ματι
2527 2187 2661 2234 θεοῦ
2685 2179 2848 2233 λαλῶν
2871 2180 3008 2254 λέγει
3036 2179 3269 2254 ἀνάθεμα
3296 2181 3534 2240 Ἰησοῦν.

3009 2384 3174 2433 0P0}:
3216 2374 3341 2432 Kai-

2373 2483 2496 2542 Ὀτι
2527 2481 2611 2541 δεῖ
2645 2485 2862 2540 ἕκαστον
2908 2481 3003 2540 διὰ
3048 2495 3146 2539 τῶν
3196 2485 3399 2539 οἰκείων
3453 2488 3613 2562 ἔργων
3656 2482 3939 2539 πιστοῦσθαι

2854 2578 2912 2630 τὸ
2943 2576 3128 2631 ἑαυτοῦ
3168 2573 3500 2650 ὶπάγγελμα.

3017 2683 3208 2758 liquit.
3260 2681 3336 2740 A'.

2448 2797 2766 2849 ΙΩΑΝΝΗΣ.
2819 2789 2963 2847 Δύτὰ
3002 2794 3070 2847 τὰ
3121 2792 3269 2865 ἰργα,
3296 2789 3332 2843 ἃ
3372 2787 3485 2864 εγὼ
3531 2794 3683 2859 ποιῶ,
3724 2791 3941 2864 μαρτυρεί

2298 2904 2339 2961 C
2376 2886 2494 2956 περὶ
2534 2880 2679 2955 ἐμοῦ,
2713 2883 2793 2935 ὅτι
2823 2883 2850 2935 ὁ
2881 2884 3062 2955 Πατὴρ
3102 2898 3166 2953 με
3213 2878 3540 2937 ἀπέστειλεν.
3582 2881 3643 2935 Εἰ
3669 2879 3724 2933 ού
3750 2886 3866 2931 ποιῶ
3887 2876 3942 2926 τὰ

2378 2974 2506 3045 ἔργα
2531 2979 2622 3026 τοῦ
2653 2976 2851 3046 Πατρός
2888 2990 3010 3043 μου,
3042 2974 3115 3043 μὴ
3144 2972 3442 3040 πιστεύετέ,
3483 2990 3592 3043 μοι·
3640 2969 3683 3023 εἰ
3721 2964 3774 3021 δὲ
3810 2971 3938 3029 ποιῶ,

2377 3060 2473 3113 κᾶν
2522 3059 2635 3135 ἔμοι
2680 3065 2751 3133 μὴ
2802 3063 3105 3131 πιστεύητε,
3139 3068 3249 3123 τοῖς
3293 3062 3477 3135 ἔργοις
3502 3055 3942 3134 μον(59)πιστεύ·

2381 3170 2520 3203 σατε·
2561 3152 2643 3202 ἱνα
2665 3158 2825 3221 γνῶτε
2870 3155 2960 3202 καὶ
2990 3152 3330 3212 πιστεύσητε,
3384 3152 3474 3203 ὅτι
3503 3149 3551 3201 ἐν
3582 3150 3689 3222 ἐμοὶ
3716 3149 3740 3198 ὁ
3770 3146 3937 3215 Πατὴρ,

2377 3242 2522 3311 κάγὼ
2551 3239 2599 3291 ἐν
2631 3240 2792 3310 αὐτῷ.
2836 3246 3003 3294 ΠΡΟΣ
3050 3245 3198 3294 ΚΟΡ.
3374 3236 3658 3312 Μηδεμίαν
3688 3236 3732 3289 ἐν
3779 3229 3938 3308 μηδενὶ

2379 3325 2617 3390 διδόντες
2639 3333 2966 3402 προσκοπήν,
3001 3329 3085 3382 ἵνα
3111 3334 3183 3401 μὴ
3217 3331 3452 3403 μωμηθῇ
3486 3331 3516 3387 ἡ
3553 3325 3801 3381 διακονία.
3825 3315 3939 3374 Ἀλλ’

2378 3416 2428 3472 ἐν
2446 3422 2601 3475 παντὶ
2635 3427 2975 3479 συνιστῶντες
2998 3418 3213 3480 ἑαυτοὺς
3241 3420 3311 3479 ὡς
3331 3426 3478 3473 Θεοῦ
3503 3414 3753 3485 διάκονοι,
3772 3412 3816 3466 ἐν
3838 3410 3938 3463 ὐπο-

2378 3516 2506 3580 μ-ονῇ
2540 3506 2721 3580 πολλῇ,
2748 3507 2799 3563 ἄν
2828 3507 3059 3581 θλίψεσι,
3092 3513 3185 3562 καὶ
3211 3508 3278 3562 τὰ
3300 3506 3447 3570 tim.

3036 3712 3203 3761 oro:
3241 3702 3323 3762 A'.

2376 3810 2497 3867 Ὀτι
2524 3811 2582 3866 ού
2610 3810 2777 3867 δεῖτὰ
2804 3813 2933 3887 ἅγια
2974 3821 3037 3887 τῇ
3081 3813 3310 3888 ἕτιμιξίᾳ
3359 3822 3468 3866 τῶν
3516 3814 3646 3887 πρὸς
3671 3814 3753 3869 τήν
3792 3804 3937 3860 κοινὴν

2892 3909 3082 3980 χρείαν
3103 3904 3466 3979 καθυϐρίζειν.

3016 4029 3206 4107 Κεράλ.
3258 4029 3333 4087 Α’.

2447 4145 2814 4196 ΜΑΤΘΑΙΟΣ.
2846 4143 2948 4197 Καὶ
2973 4138 3209 4199 εἰσῆλθεν
3236 4141 3263 4192 ὁ
3286 4138 3503 4201 Ἰησοῦς
3531 4137 3598 4199 εἰς
3621 4140 3678 4190 τὸ
3709 4136 3829 4209 ἱερὸν
3859 4133 3935 4183 τοῦ

610 4230 714 4274 nes
760 4216 1101 4281 vendentes,
1148 4223 1205 4272 et
1241 4220 1494 4271 ementes
1544 4216 1607 4271 in
1650 4216 1893 4288 templo,
1934 4222 1989 4274 et
2032 4233 2266 4303 mensas

2377 4237 2530 4299 Θεοῦ,
2561 4235 2653 4287 καὶ
2694 4228 2895 4296 ἐξέϐαλε
2922 4231 3120 4293 πάντας
3161 4233 3279 4292 τοὺς
3310 4229 3611 4290 πωλοῦντας
3649 4230 3736 4280 καὶ
3766 4218 3935 4315 avspi-

607 4306 1181 4371 nummulariorum,
1210 4310 1265 4361 et
1294 4302 1619 4362 cathedras
1638 4306 2020 4364 vendentium
2044 4295 2267 4366 colum-

609 4394 714 4451 bas
740 4395 994 4451 evertit:
1022 4398 1079 4451 et
1101 4393 1248 4450 dicit
1270 4394 1351 4450 eis
1363 4409 1386 4451 .·
1412 4394 1718 4465 Scriptum
1748 4398 1872 4453 est:
1894 4399 2118 4456 Domus
2133 4415 2266 4458 mea

604 4481 817 4541 domus
832 4483 1130 4540 orationis
1160 4482 1471 4545 vocabitur
1490 4500 1512 4543 ,ο
1542 4500 1642 4542 vos
1663 4491 1864 4545 autem
1885 4488 2115 4558 fecistis
2134 4504 2263 4547 eam

602 4570 953 4640 speluncam
982 4572 1288 4629 latronum
1320 4572 1564 4645 (Matth.
1590 4588 1711 4641 xm,
1749 4578 1832 4643 t2,
1867 4578 1952 4645 i3,
1977 4594 1991 4645 ;
2021 4577 2122 4634 Isa
2150 4594 2260 4652 va,

600 4657 726 4730 7)...
757 4658 1059 4731 Nunquid
1097 4661 1299 4719 domos
1330 4676 1450 4718 non
1500 4662 1732 4720 habetis
1775 4664 1858 4721 ad
1889 4667 2261 4724 manducan-

599 4746 743 4805 dum
774 4753 831 4806 et
856 4747 1215 4807 bibendum?
1245 4756 1353 4806 aut
1372 4751 1708 4808 Ecclesiam
1728 4754 1840 4810 Dei
1859 4757 2255 4831 contemnitis,

598 4842 656 4897 et
677 4838 1049 4909 confunditis
1077 4854 1172 4897 eos
1202 4840 1309 4913 qui
1326 4855 1449 4896 non
1480 4840 1752 4899 habent?
1780 4842 1839 4913 (Ι
1865 4844 1979 4900 Cor
1999 4860 2077 4912 xi,
2098 4848 2253 4916 22)...

595 4928 669 4987 Si
690 4930 824 5002 quis
848 4931 1058 4997 esurit,
1076 4929 1241 4987 domi
1259 4931 1622 4988 manducet:
1642 4938 1709 4989 ut
1727 4947 1850 4989 non
1871 4934 1935 4990 in
1950 4935 2255 5005 judicium

594 5018 964 5076 conveniatis
990 5019 1162 5090 (ibid.
1195 5022 1306 5083 34).

596 5125 771 5194 Quod
800 5125 860 5185 id
881 5125 1047 5203 quod
1071 5128 1193 5185 Deo
1232 5127 1499 5187 dicatum
1532 5133 1644 5199 est,
1677 5130 1890 5189 tandiu
1918 5132 2081 5190 velut
2118 5150 2255 5192 san-

663 5223 828 5276 ctum
856 5218 1288 5277 honorandum
1318 5218 1411 5285 sit,
1428 5221 1719 5294 :quandiu
1744 5222 2027 5281 voluntas
2061 5224 2161 5281 Dei
2187 5223 2250 5284 in

663 5306 801 5378 ipso
830 5314 1245 5369 conservatur.

660 5503 764 5564 (59)
809 5504 1069 5577 Utraque
1098 5505 1281 5563 editio
1323 5510 1381 5563 et
1408 5507 1533 5565 duo
1581 5512 1730 5567 mss.
1775 5511 1941 5585 ἔργοις
1968 5527 2092 5585 μου.
2124 5510 2243 5569 Vo-

587 5588 726 5648 cula
752 5610 854 5664 μου
885 5592 1053 5652 deest
1079 5594 1142 5651 in
1168 5598 1309 5666 Reg.
1341 5596 1561 5668 primo.

2377 4319 2560 4381 ζοντας
2587 4318 2635 4372 ἐν
2665 4328 2736 4391 τῷ
2769 4321 2905 4393 ἱερῷ,
2936 4324 3024 4371 καὶ
3059 4322 3152 4382 τὰς
3181 4322 3449 4393 τραπέζας
3495 4327 3592 4371 τῶν
3621 4311 3930 4369 κολλυϐιστῶν

2372 4409 2706 4483 κατέστρεψε,
2738 4414 2827 4461 καὶ
2868 4410 2961 4472 τὰς
2991 4405 3253 4484 καθέδρας
3281 4417 3382 4461 τῶν
3424 4408 3724 4461 πωλούντων
3747 4404 3831 4461 τὰς
3854 4414 3931 4450 πε-

2369 4500 2633 4575 ριστεράς·
2665 4503 2755 4551 καὶ
2805 4497 2940 4571 λέγει
2990 4499 3188 4561 αὐτοῖς·
3221 4502 3541 4572 Γέγραπται·
3586 4496 3645 4549 ’0
3688 4490 3818 4552 οἶκός
3847 4502 3929 4559 μου

2370 4584 2509 4651 οἶκος
2536 4595 2839 4662 προσευχῆς
2866 4587 3202 4647 κληθήσεται·
3234 4587 3377 4660 ὑμεῖς
3409 4583 3446 4641 δ
3448 4590 3472 4641 ι
3500 4586 3775 4645 ἐποιήσατε
3801 4576 3929 4631 αὑτὸν

2371 4676 2624 4738 σπήλαιον
2649 4677 2874 4752 λῃστῶν.
2926 4686 3095 4737 ΠΡΟΣ
3123 4686 3272 4734 xor.
3322 4677 3390 4734 α’.
3422 4683 3511 4738 Μὴ
3541 4680 3644 4751 γὰρ
3673 4674 3826 4732 οἰκίας
3852 4663 3929 4719 οὐκ

2368 4769 2516 4839 ἔχετε
2544 4768 2613 4829 εἰς
2640 4772 2698 4822 τὸ
2738 4767 2927 4822 ἐσθίειν
2968 4773 3061 4822 καὶ
3087 4772 3290 4836 πίνειν;
3334 4768 3365 4827 ἣ
3400 4776 3495 4828 τῆς
3526 4765 3821 4823 Emam-ta;
3851 4757 3928 4807 τοῦ

2367 4863 2494 4911 Θεοῦ
2521 4866 2907 4935 καταφρονεῖτε,
2939 4864 3029 4911 καὶ
3057 4858 3442 4931 καταισχύνετε
3466 4860 3587 4918 τοὺς
3614 4857 3684 4933 μὴ
3715 4853 3926 4924 ἔχονταςὶ

2365 4947 2426 5003 Εἰ
2478 4944 2539 5001 δέ
2578 4968 2655 5010 τις
2700 4955 2868 5022 πεινᾷ,
2928 4948 2977 5004 ἓν
3025 4953 3151 5024 οἴκῳ
3202 4949 3442 5019 ἐσθιέτω,
3494 4949 3577 5005 ἵνα
3603 4948 3673 5022 μὴ
3702 4942 3767 5006 εἰς
3790 4942 3926 5013 κρῖμα

2368 5042 2719 5114 συνέρχησθε.

2360 5144 2479 5201 Ὀτι
2508 5148 2567 5200 τὸ
2607 5146 3045 5223 ἐπονομαζόμενον
3068 5154 3140 5220 τῷ
3189 5155 3304 5221 Θεῷ
3345 5149 3511 5223 μέχρι
3553 5148 3666 5198 τότε
3708 5140 3773 5203 ὧς
3798 5135 3919 5209 ἅγιον

2430 5243 2585 5312 τιμᾷν
2617 5235 2721 5307 δεῖ,
2753 5242 2950 5315 μέχρις
2986 5237 3045 5293 ἆν
3075 5241 3134 5293 τὸ
3178 5246 3269 5293 τοῦ
3308 5243 3442 5295 Θεοῦ
3473 5237 3590 5309 (60)
3630 5232 3811 5304 eam
3832 5244 3917 5298 ειν

2427 5327 2689 5388 λοίσσηται
2718 5327 2795 5382 ἐπ’
2818 5328 2992 5387 λαύτῶ.

2421 5510 2785 5651 ςδὲγιὲἁὶιίο.
2821 5524 2979 5581 Paris
2999 5532 3089 5581 τοῦ
3130 5532 3284 5584 Θεοῦ.
3318 5524 3558 5582 Veteres
3587 5518 3705 5577 duo
3722 5508 3846 5574 libri
3860 5507 3910 5561 τὸ

2421 5616 2443 5649 υ
2525 5615 2630 5651 σου.

2350 5614 2443 5649 του
2474 5614 2630 5653 υεου.
