4112 6172
624 269 725 327 751

1974 261 2033 317 S.
2073 260 2324 321 BASlLll
2356 262 2578 323 IAGNI

3812 274 3901 329 752

618 385 731 441 Sed
758 384 870 440 hoc
903 369 1184 453 judicate
1220 382 1436 453 magis,
1460 397 1535 439 ne
1566 381 1808 452 ponatis
1839 382 2268 453 o/I'endiculum

2380 383 2577 457 ἰκείνῳ,
2631 380 2705 438 δι’
2744 385 2807 438 οὗ
2857 388 2915 438 τὸ
2973 383 3263 442 σκάνδαλον
3314 389 3535 463 ἔρχεται.
3577 395 3724 442 ΠΡΟΣ
3763 397 3893 448 PRM.

611 474 829 544 fratri,
856 474 953 533 vel
979 472 1342 531 scandalum
1375 472 1566 543 (Rom.
1590 488 1712 544 xxv,
1742 472 1851 544 £3).

613 651 785 719 Quod
806 651 1108 729 quidquid
1128 651 1688 799 Domiéiilvoluntati
1711 650 2088 723 adversatur,
2102 667 2273 711 scan-

1337 759 1370 799 a
1402 758 1502 799 um
1533 741 1628 799 sit.

1337 742 1502 799 alum
1533 741 1628 801 sit.

1299 850 1498 922 Caput
1536 848 1607 908 ΙΙ

679 937 920 998 Exinde
971 941 1143 1012 capit
1171 940 1347 997 Jesus
1402 941 1712 999 ostendere
1760 939 2077 1010 discipulis
2123 939 2272 1011 suis,

619 1030 785 1101 quod
822 1036 1127 1101 oporteret
1171 1045 1303 1086 eum
1348 1031 1438 1086 ire
1471 1031 1934 1100 Jerosolymam,
1975 1035 2031 1086 et
2074 1029 2273 1087 multa

603 1121 736 1192 pati
770 1135 808 1177 ιι
857 1119 1213 1190 senioribus,
1256 1125 1311 1176 et
1354 1120 1740 1190 principibus
1777 1118 2184 1187 sacerdotum,
2215 1124 2274 1176 et

605 1210 843 1279 scribis,
874 1216 931 1266 et
977 1208 1194 1274 occidi,
1220 1215 1276 1264 et
1311 1210 1493 1264 tertia
1537 1208 1634 1265 die
1669 1223 2005 1279 resurgere.
2059 1209 2138 1264 Et
2166 1224 2273 1279 ap-

604 1299 987 1369 prehendens
1045 1312 1176 1354 eum
1221 1298 1440 1355 Petrus
1470 1299 1647 1369 coepit
1693 1299 2015 1368 increpare
2068 1298 2269 1370 illum,

606 1389 810 1444 dicens
850 1405 864 1443 :
912 1388 1227 1457 Propitius
1274 1388 1356 1444 sis
1403 1388 1533 1458 tibi,
1562 1390 1833 1455 Domine,
1866 1404 1988 1446 non
2019 1390 2134 1446 erit
2164 1389 2274 1447 tibi
2310 1400 2317 1405 '

603 1476 736 1533 hoc.
767 1477 885 1544 Qui
926 1490 1269 1541 conversus,
1300 1476 1458 1534 dixit
1504 1478 1691 1535 Petro
1721 1494 1737 1533 :
1790 1477 1950 1534 Vade
1987 1483 2123 1548 post
2152 1493 2267 1547 me,

600 1565 849 1637 Satana,
870 1566 1231 1622 scandalum
1256 1567 1411 1623 mihi
1426 1568 1665 1639 es,quia
1694 1583 1815 1624 non
1838 1567 2017 1638 ,sapis
2038 1582 2109 1625 ea
2137 1582 2271 1639 qua:

597 1655 713 1712 Dei
753 1660 917 1725 sunt,
947 1654 1051 1715 sed
1100 1671 1231 1729 quas
1261 1656 1571 1714 hominum
1619 1657 1869 1730 (Matth.
1896 1673 2016 1727 1m,
2052 1660 2267 1729 21-23).

599 1851 777 1921 Quod
796 1851 937 1910 licet
959 1868 998 1910 α
1022 1853 1325 1927 scriptura
1344 1870 1441 1911 res
1454 1853 1551 1911 vel
1571 1854 1828 1915 verbum
1854 1853 2107 1928 aliquod
2128 1869 2270 1914 con-

676 1942 946 2013 cedatur,
971 1959 1044 2000 ea
1096 1949 1302 2001 tamen
1352 1944 1604 2002 vitanda.
1652 1948 1813 2013 sunt,
1846 1960 1988 2002 cum
2035 1944 2137 2001 alii
2186 1943 2267 2002 ad

670 2036 991 2105 peccatum
1022 2032 1207 2090 simili
1229 2048 1294 2090 re
1323 2035 1727 2105 concitantur,
1753 2032 1851 2092 vel
1878 2049 2093 2093 eorum
2121 2049 2268 2107 ergo

670 2121 908 2180 bonum
939 2120 1220 2180 alacritas
1249 2122 1565 2181 minuitur.

1247 2228 1451 2301 Caput
1498 2229 1618 2286 III.

672 2318 757 2377 De
774 2330 877 2375 esu
897 2316 1089 2389 igitur
1107 2331 1313 2374 eorum
1340 2331 1478 2389 quas
1504 2316 1690 2374 idolis
1713 2315 2136 2386 immolantur,
2157 2316 2270 2374 sci-

600 2422 755 2477 mus,
781 2411 937 2479 quod
967 2407 1209 2463 nullum
1232 2412 1320 2463 est
1344 2406 1575 2462 idolum
1606 2407 1669 2462 in
1696 2406 1945 2472 mundo,
1977 2411 2034 2463 et
2087 2406 2267 2479 260

604 2498 768 2570 quod
800 2497 1011 2553 nullus
1049 2502 1137 2553 est
1168 2497 1349 2566 Deus,
1378 2496 1501 2552 nisi
1526 2510 1704 2552 unus.
1731 2496 1911 2568 Nam,
1952 2500 2009 2552 et
2048 2496 2102 2551 si
2124 2500 2269 2552 sunt

609 2588 718 2662 qui
753 2588 1047 2645 dicuntur
1086 2585 1197 2651 dii,
1231 2586 1353 2643 sive
1398 2586 1463 2640 in
1516 2585 1684 2656 caelo,
1715 2585 1840 2641 sive
1891 2585 1956 2640 in
1986 2589 2155 2642 terra
2194 2584 2272 2652 (si

604 2676 846 2747 quidem
877 2680 1019 2731 sunt
1049 2674 1231 2729 multi
1257 2673 1363 2739 dii,
1394 2678 1452 2729 et
1479 2672 1709 2729 domini
1732 2672 1954 2745 multi),
1977 2673 2148 2729 nobis
2178 2679 2270 2731 ta-

603 2779 736 2821 men
764 2780 920 2820 unus
973 2765 1150 2829 Deus,
1180 2763 1390 2831 Pater,
1430 2777 1508 2819 ex
1557 2778 1674 2834 quo
1711 2777 1939 2830 omnia,
1970 2769 2028 2820 et
2067 2779 2174 2820 nos
2205 2764 2269 2820 in

606 2852 820 2908 illum:
845 2857 902 2908 et
932 2866 1089 2907 unus
1114 2852 1428 2914 Dominus,
1457 2854 1622 2909 Iesus
1644 2851 1943 2920 Christus,
1966 2867 2075 2924 per
2093 2867 2269 2925 quem

610 2941 836 3007 omnia,
862 2946 921 2996 et
947 2955 1056 2996 nos
1077 2954 1189 3010 per
1212 2940 1407 3010 ipsum
1436 2954 1461 2997 .°
1492 2941 1596 2998 sed
1623 2955 1746 2997 non
1784 2942 1850 2997 in
1881 2941 2155 2998 omnibus
2183 2946 2271 2999 est

605 3031 877 3088 scientia.
929 3028 1179 3097 Quidam
1222 3036 1420 3087 autem
1490 3045 1625 3087 cum
1698 3031 2066 3087 conscientia
2118 3030 2274 3087 idoli

606 3132 793 3192 usque
846 3134 1010 3175 nunc
1069 3120 1248 3191 quasi
1313 3114 1722 3189 idolothytssm
1775 3120 2167 3186 manducant,
2213 3124 2269 3177 et

607 3210 974 3269 conscientia
1023 3209 1273 3265 illorum
1320 3223 1454 3265 cum
1499 3211 1577 3265 sit
1629 3210 1898 3278 inﬁrma,
1941 3210 2267 3279 polluitur.

605 3300 767 3358 Esca
794 3304 996 3356 autem
1028 3314 1136 3355 nos
1163 3310 1286 3355 non
1309 3298 1685 3356 commendat
1712 3300 1857 3355 Deo.
1882 3299 2092 3370 Neque
2112 3302 2272 3357 enim

607 3391 662 3447 si
702 3388 1296 3455 manducaverimus,
1351 3387 1734 3444 abundamus
1763 3406 1785 3443 ε
1836 3402 2027 3459 neque
2070 3388 2127 3445 si
2149 3403 2272 3446 non

607 3478 1199 3548 manducaverimus,
1218 3477 1541 3547 deﬁcimus.
1568 3476 1771 3534 Videte
1787 3482 1989 3534 autem
2007 3492 2087 3535 ne
2108 3478 2274 3548 forte

611 3569 739 3626 hare
765 3567 1011 3624 licentia
1046 3570 1245 3623 vestra
1290 3566 1723 3637 oﬂ'endiculum
1746 3567 1858 3635 ﬁat
1896 3566 2176 3636 inﬁrmis.
2207 3566 2277 3624 Si

600 3658 765 3715 enim
797 3656 929 3728 quis
960 3655 1179 3713 viderit
1198 3661 1274 3721 te,
1296 3655 1406 3726 qui
1428 3654 1611 3712 habes
1638 3655 1976 3723 scientiam,
1996 3656 2064 3711 in
2086 3656 2272 3713 idolio

606 3745 1069 3816 recumbentem,
1093 3759 1293 3802 nonne
1313 3745 1683 3802 conscientia
1710 3747 1841 3816 ejus
1870 3745 1972 3815 qui
1993 3745 2272 3814 inﬁrmus

610 3842 697 3894 est
727 3836 1131 3904 adiﬁcabatur
1159 3835 1241 3891 ad
1269 3834 1767 3891 manducandum
1793 3833 2138 3904 idolothyta
2156 3834 2187 3890 ‘t
2215 3838 2273 3890 et

602 3925 766 3996 perit
790 3925 1072 3992 inﬁrmus
1091 3924 1154 3979 in
1184 3929 1291 3979 tua
1314 3924 1566 3980 scientia
1584 3925 1800 3994 frater,
1816 3928 2075 3993 propter
2100 3938 2272 3996 quem

611 4014 892 4071 Christus
912 4017 1184 4069 mortuus
1205 4017 1291 4069 est
1311 4016 1340 4067 ?
1365 4012 1469 4069 Sic
1489 4017 1689 4070 autem
1715 4016 2031 4082 peccantes
2054 4012 2122 4068 in
2143 4013 2273 4083 fra-

612 4109 753 4171 tres,
798 4107 856 4159 et
896 4102 1307 4173 percutientes
1332 4101 1758 4158 conscientiam
1789 4101 2056 4170 ipsorum
2103 4101 2272 4172 inﬁr-

610 4207 795 4263 mam,
830 4192 895 4248 in
939 4191 1249 4248 Christum
1289 4190 1580 4260 peccatis.
1621 4189 2027 4261 Quapropter,
2057 4191 2116 4245 si
2137 4205 2273 4248 esca

608 4281 990 4338 scandalizat
1018 4282 1283 4351 fratrem
1302 4295 1523 4349 meum,
1555 4294 1676 4336 non
1715 4279 2093 4338 manducabo
2138 4296 2272 4337 car-

609 4387 743 4428 nem
764 4372 828 4427 in
868 4378 1179 4441 aeternum,
1206 4386 1282 4428 ne
1315 4372 1578 4443 fratrem
1619 4385 1815 4428 meum
1863 4370 2266 4429 scandalizem

611 4460 688 4531 (Ι.
722 4460 861 4515 Cor.
906 4475 1024 4527 vm,
1055 4463 1239 4521 4-13).
1262 4504 1275 4519 .
1298 4503 1311 4516 .
1364 4460 1662 4532 Nunquid
1706 4475 1828 4517 non
1859 4459 2145 4517 habemus
2162 4476 2270 4532 po-
2295 4446 2340 4501 θ

609 4551 879 4605 testatem
925 4548 1349 4605 manducandi
1390 4554 1448 4605 et
1493 4548 1783 4606 bibendi?
1825 4548 2121 4622 Nunquid
2144 4565 2267 4608 non

605 4636 890 4694 habemus
912 4642 1267 4705 potestatem
1287 4652 1552 4696 sororem
1586 4639 1902 4697 mulierem
1927 4639 2268 4696 circumdu-

606 4727 799 4794 'cendi,
820 4731 975 4784 sicut
1032 4732 1086 4783 et
1108 4726 1315 4784 cteteri
1341 4727 1620 4798 apostoli,
1653 4734 1710 4785 et
1736 4731 1968 4798 fratres
1998 4728 2263 4803 Domini,

607 4824 663 4876 et
696 4815 925 4889 Cephas
944 4816 973 4872 τ
1001 4816 1124 4872 Aut
1168 4830 1273 4887 ego
1298 4816 1461 4872 solus
1489 4821 1545 4872 et
1584 4817 1911 4874 Barnabas
1929 4833 2051 4875 non
2082 4808 2262 4877 habe-

604 4924 738 4966 mus
755 4911 1108 4978 potestatem
1141 4903 1252 4962 hoc
1275 4905 1602 4976 operandz‘?
1625 4906 1766 4974 Quis
1782 4906 2008 4963 militat
2026 4909 2151 4965 suis
2164 4907 2265 4966 sti-

603 4999 838 5071 pendiis
859 5011 1128 5069 unquam
1161 4997 1189 5052 τ
1212 4996 1345 5068 quis
1362 4996 1614 5065 plantat
1658 4995 1915 5066 vineam,
1946 5003 2003 5054 et
2023 4996 2097 5056 de
2116 4998 2263 5068 fru-

605 5093 707 5145 ctu
727 5089 853 5160 ejus
873 5102 995 5144 non
1012 5086 1291 5144 edittAut
1310 5083 1445 5158 quis
1456 5085 1651 5158 pascit
1669 5091 1991 5159 gregem,et
2013 5086 2086 5144 de
2104 5087 2263 5146 lacte

629 5177 832 5250 gregis
857 5192 978 5234 non
1008 5175 1338 5235 manducat
1361 5174 1476 5246 ?(I
1501 5173 1643 5232 Cor.
1667 5190 1751 5245 ιι,
1779 5174 1903 5247 4-7)
1924 5179 1983 5235 et
2018 5180 2258 5237 cetera.

605 5376 794 5501 diti?)
828 5377 969 5458 lleg.
995 5373 1205 5431 tertius
1250 5377 1512 5449 στραφεὶς,
1564 5368 1700 5427 εἶπεν
1738 5372 1898 5448 αὐτῷ,
1931 5389 2257 5435 conversus

650 5461 735 5501 tan
791 5461 865 5501 et.

601 5451 1020 5661 :ﬁgﬁdmo
1050 5516 1233 5575 Paris.
1267 5517 1341 5582 εἷς
1382 5518 1410 5571 ὁ
1455 5521 1600 5581 Θεὸς.
1636 5519 1811 5577 Deest
1850 5518 2141 5578 articulus
2189 5519 2253 5578 in

2377 467 2536 528 ’Λλλὰ
2553 482 2704 527 τοῦτο
2738 478 2947 550 κρίνατε
2972 475 3185 549 μᾶλλον,
3217 479 3276 529 τὸ
3314 481 3386 550 μὴ
3427 478 3606 530 τιθέναι
3630 483 3903 554 πρόσκομμα

2380 570 2454 634 τῷ
2479 560 2705 636 ἀδελφῷ,
2739 564 2769 624 ἦ
2804 560 3118 621 σκάνδαλον.

2380 649 2500 705 Ὀτι
2545 656 2647 706 πᾶν
2703 655 2764 706 τὸ
2810 649 3155 727 ἀντικείμενον
3209 662 3283 725 τῷ
3333 661 3423 707 τοῦ
3475 661 3654 731 Κύριον
3700 655 3912 730 θελήματι

2938 739 3231 797 σκάνδαλὸν
3262 742 3400 798 ἔστιν
3414 786 3429 799 .

3030 850 3219 923 Κεφάλ.
3271 850 3340 906 Β’.

2454 943 2823 994 ΜΑΤΘΑΙΟΣ.
2856 936 2986 994 Ἀπὸ
3015 944 3131 994 τότε
3176 939 3414 1014 ἣρξατοὸ
3466 940 3662 1004 Ἰησοῦς
3708 938 3915 995 δεικνύειν

2381 1034 2488 1088 τοῖς
2550 1028 2815 1100 μαθηταῖς
2872 1027 3054 1096 αὐτοῦ,
3130 1031 3208 1082 ὅτι
3255 1026 3339 1082 δεῖ
3382 1029 3533 1083 αὑτὸν
3591 1028 3802 1084 ἀπελθεῖν
3860 1030 3916 1092 εὶς

2379 1114 2731 1191 Ἰεροσόλυμα,
2759 1122 2849 1170 καὶ
2891 1116 3055 1170 πολλά
3100 1120 3283 1172 παθεῖν
3317 1115 3418 1172 ἀπὸ
3457 1127 3554 1171 τῶν
3583 1118 3915 1194 πρεσϐυτέρων,

2379 1210 2469 1258 καὶ
2495 1204 2799 1282 ἀρχιερέων,
2822 1210 2913 1260 καὶ
2941 1210 3307 1281 γραμματέων,
3336 1213 3424 1261 καὶ
3445 1206 3820 1273 ἀποκτανθῆναι,
3845 1211 3916 1259 καὶ

2377 1291 2442 1367 τῇ
2486 1300 2667 1370 ,τρίτῃ
2744 1296 2914 1372 ἠμρᾳ
2990 1294 3300 1357 ἀναστῆναι.
3369 1303 3471 1351 Καὶ
3552 1295 3920 1372 προσλαϐόμενος

2379 1382 2535 1437 αύτὸν
2577 1385 2605 1437 ὁ
2649 1387 2856 1460 Πέτρος,
2899 1386 3096 1460 ἤρξατο
3126 1384 3370 1460 ἐπιτιμᾶν
3409 1386 3569 1457 αὐτῷ,
3597 1386 3765 1458 λέγων’
3781 1384 3919 1447 Ἵλεώς

2380 1491 2485 1541 σοι,
2520 1475 2698 1549 Κύριε,
2732 1475 2792 1526 ού
2832 1478 2904 1547 μὴ
2957 1477 3103 1529 ἔσται
3142 1494 3228 1528 σοι
3264 1484 3444 1532 τοῦτο.
3498 1475 3557 1527 Ὀ
3594 1471 3670 1544 δέ,
3702 1480 3920 1549 στραφεὶς,

2377 1558 2486 1616 εἶπε
2528 1563 2640 1633 (66)
2688 1571 2760 1635 τῷ
2824 1567 3021 1638 Πίτρῳο
3074 1564 3269 1637 ’Υπαγε
3330 1565 3503 1619 ὀπίσω
3570 1584 3685 1638 μου,
3741 1569 3920 1616 Σατανᾶ·

2379 1646 2673 1706 σκάνδαλον
2701 1670 2804 1726 μου
2836 1649 2902 1725 εἶ,
2933 1655 3017 1707 ὅτι
3034 1652 3095 1708 ού
3134 1661 3337 1730 φρονεῖς
3362 1658 3427 1708 τὰ
3447 1660 3540 1709 τοῦ
3569 1660 3716 1721 Θεοῦ,
3746 1650 3857 1706 ἀλλὰ
3876 1652 3927 1703 τὰ

2305 1735 2350 1794 Β
2376 1749 2477 1794 τῶν
2506 1739 2811 1818 ἀνθρώπων.

2375 1847 2498 1903 Ὀτι
2552 1846 2636 1904 δεῖ
2700 1853 2792 1903 καὶ
2842 1852 2902 1903 τὸ
2962 1854 3440 1927 συγκεχωρημένον
3483 1852 3586 1905 ὑπό
3630 1858 3721 1914 τῆς
3760 1853 3930 1924 Γραφῆς

2446 1943 2668 2014 πρᾶγμα
2708 1940 2738 1999 ἦ
2779 1940 2926 2014 ῥῆμα
2974 1942 3366 2014 παραιτεῖσθαι,
3419 1942 3544 1995 ὅταν
3597 1935 3930 2011 οἰκοδομῶνται

2447 2027 2595 2082 ἄλλοι
2643 2026 2700 2082 ἐκ
2728 2036 2821 2083 τοῦ
2872 2030 3056 2102 ὁμοίου
3110 2030 3179 2092 εἰς
3232 2030 3520 2109 ἁμαρτίαν·
3553 2031 3582 2091 ἣ
3624 2028 3931 2082 intimasset

2446 2120 2543 2178 τήν
2563 2119 2771 2195 περὶτὰ
2797 2117 2933 2173 καλὰ
2968 2121 3288 2194 προθυμίαν.

3037 2225 3230 2299 Κεφάλ.
3263 2224 3334 2282 1".

2448 2320 2618 2370 ΠΡΟΣ
2648 2320 2799 2372 KOP.
2839 2314 2887 2370 α’
2932 2319 3059 2394 Βερὶ
3098 2323 3194 2379 τῆς
3235 2316 3489 2394 βρώσεως
3516 2314 3608 2372 οὖν
3630 2323 3727 2371 τῶν
3754 2310 3938 2369 εἰδωλο-

2379 2404 2546 2459 θύτων
2601 2400 2839 2479 οἴδαμεν,
2894 2406 2976 2459 ὅτι
3026 2401 3177 2458 οὐδὲν
3233 2402 3456 2461 εἴδωλον
3503 2405 3554 2460 ἄν
3620 2409 3812 2479 κόσμῳ,
3866 2404 3942 2453 καὶ

2375 2493 2458 2547 ὅτι
2494 2489 2679 2557 οὔδεος
2718 2495 2847 2555 Θεὸς
2876 2494 2921 2547 εἰ
2963 2498 3039 2568 μὴ
3071 2496 3158 2557 εἷς.
3194 2500 3295 2550 Καὶ
3334 2499 3447 2574 γὰρ
3499 2500 3639 2571 εῖπερ
3685 2494 3781 2549 εἰσὶ
3818 2491 3944 2562 λεγό-

2376 2600 2520 2656 μενοι
2575 2585 2702 2651 θεοὶ,
2734 2586 2835 2637 εῖτε
2902 2581 2952 2636 ἓν
3018 2583 3223 2661 οὐρανῷ
3277 2588 3385 2639 εἶτε
3410 2584 3497 2640 επὶ
3548 2593 3644 2646 τῆς
3667 2591 3759 2656 γῆς
3776 2583 3943 2653 (ὥσπερ

2376 2675 2480 2726 εἰσὶ
2560 2673 2666 2725 θεοὶ
2730 2671 2911 2726 πολλοὶ
2998 2678 3089 2727 καὶ
3158 2676 3330 2749 κύριοι
3406 2674 3627 2746 πολλοὶ),
3694 2671 3793 2725 ἀλλ’
3844 2671 3947 2741 ἡμῖν

2377 2762 2444 2822 εἷς
2506 2764 2633 2822 Θεὸς
2688 2762 2826 2834 (67),
2895 2762 2921 2814 ὁ
2987 2766 3192 2837 Πατὴρ,
3262 2762 3316 2828 ἐξ
3379 2765 3444 2817 οὗ
3519 2765 3587 2816 τὰ
3651 2763 3826 2827 πάντα,
3873 2760 3948 2808 καὶ

2375 2851 2523 2925 ἡμεῖς
2589 2850 2656 2911 εἰς
2720 2850 2875 2904 αὐτόν
2911 2871 2925 2886 -
2983 2854 3075 2904 καὶ
3144 2853 3210 2913 εἷς
3269 2855 3493 2927 Κύριος,
3555 2853 3756 2912 Ἰησοῦς
3798 2856 3948 2922 Χρισ-

2374 2942 2478 3012 τὸς,
2536 2936 2611 2993 δι’
2658 2939 2721 2992 οὗ
2775 2941 2843 2992 τὰ
2898 2941 3086 3009 πάντα,
3144 2946 3234 2994 καὶ
3303 2943 3459 3014 ἡμεῖς
3519 2939 3591 2995 δι’
3638 2940 3809 2993 αὐτοῦ’
3860 2932 3950 2986 ἀλλ’

2376 3028 2471 3083 οὐκ
2550 3027 2599 3081 ίν
2669 3035 2833 3084 πᾶσιν
2923 3033 2953 3089 ἠ
3045 3039 3260 3104 γνῶσις.
3337 3035 3494 3096 Τινὲς
3561 3028 3623 3086 δὶ
3684 3038 3743 3103 τῇ
3816 3043 3957 3081 συνει-

2306 3093 2348 3150 c
2379 3114 2537 3178 δήσει
2576 3118 2669 3180 ἔως
2733 3119 2850 3194 ἄρτι
2902 3126 2996 3172 τοῦ
3052 3093 3285 3173 ἐἰδώλου
3355 3124 3432 3185 ὡς
3478 3093 3837 3175 *εἰδωλόθυτον
3887 3112 3957 3165 ἔσο

2379 3209 2579 3277 θίουσι,
2637 3211 2728 3260 καὶ
2792 3210 2823 3266 ἠ
2924 3205 3233 3270 συνείδησις
3317 3209 3499 3264 αὐτῶν
3572 3208 3786 3268 ἀσθενὴς
3844 3199 3960 3258 οὖσα

2375 3296 2689 3371 μολύνεται.
2775 3303 2970 3372 Βρώμα
3047 3294 3108 3351 δι
3179 3300 3317 3373 ἡμᾶς
3397 3300 3461 3354 ού
3542 3304 3829 3375 παρίστησι
3898 3290 3958 3360 τῷ

2377 3394 2513 3458 δῷ·
2582 3389 2718 3440 Οὔτε
2775 3388 2878 3463 γὰρ
2933 3385 3018 3439 ἐὰν
3090 3388 3356 3462 φάγωμεν,
3417 3391 3814 3465 ⁴ιτερι‹ἰ’σεύορι.ςν⁸
3862 3382 3961 3435 ούτι

2378 3473 2466 3529 ἰὰν
2520 3478 2593 3549 μὴ
2653 3477 3353 3555 φάγωμενηύστερούμεθα.
3424 3479 3648 3533 Βλέπετε
3711 3474 3770 3530 δέ
3803 3477 3961 3548 μήπως

2377 3566 2409 3624 ἡ
2471 3564 2686 3629 ἐξουσία
2740 3566 2884 3639 ὑμῶν
2976 3565 3108 3624 αὕτη
3184 3571 3522 3643 πρόσκομμα
3592 3571 3805 3642 γίνηται
3873 3565 3963 3618 τοῖς

2378 3651 2708 3710 ἀσθενοῦσιν.
2791 3653 2910 3708 Ἐὰν
2991 3657 3093 3729 γάρ
3176 3674 3255 3717 τις
3313 3653 3417 3731 ἴδῃ
3493 3660 3573 3726 σε,
3651 3661 3737 3710 τὸν
3800 3656 3965 3726 ἔχοντα

2374 3751 2591 3816 γνῶσιν,
2659 3742 2708 3796 ἕν
2774 3739 3017 3816 εἰδωλείῳ
3079 3748 3481 3819 κατακείμενον,
3541 3747 3673 3820 οὐχὶ
3729 3746 3759 3804 ἠ
3813 3741 3964 3795 συνεί-

2379 3829 2537 3894 δησις
2642 3832 2804 3886 αὐτοῦ
2913 3831 3167 3897 ἀσθενοῦς
3253 3840 3403 3900 ὄντος
3507 3835 3968 3910 οἰκοδομηθήσεται

2377 3921 2447 3983 εἰς
2512 3924 2570 3975 τὸ
2643 3923 2710 3975 τὰ
2787 3918 3108 3976 εἰδωλόθυτα
3183 3922 3381 3978 ὶσθίειν
3442 3943 3458 3995 ;
3541 3931 3636 3979 καὶ
3706 3921 3965 3977 ἀπόλλυται

2379 4006 2485 4079 (68)
2552 4007 2578 4060 ὁ
2646 4005 2873 4060 ἀσθενῶν
2955 4006 3006 4060 ἕν
3069 4000 3165 4083 ηδ’
3204 4016 3271 4083 σῇ
3356 4015 3564 4083 γνώσει
3630 4006 3863 4082 ἁδελφὸς,
3907 3998 3967 4056 δι’

2376 4093 2431 4147 ὃν
2487 4098 2717 4171 Χριστὸς
2761 4094 3056 4164 ἀπέθανεν;
3117 4097 3269 4150 Οὕτω
3339 4096 3405 4153 δε
3485 4100 3863 4175 ἁμαρτάνοντες
3910 4089 3969 4151 εἰς

2376 4188 2494 4246 τούς
2558 4179 2828 4257 ἀδελφούς,
2869 4189 2960 4239 καὶ
3034 4188 3312 4249 τύπτοντες
3368 4188 3552 4243 αὐτῶν
3611 4193 3709 4248 τὴν
3756 4177 3974 4241 συνείδη·

2379 4301 2461 4336 σιν
2543 4278 2869 4337 ἀσθενοῦσαν
2898 4324 2914 4352 ,
2980 4283 3053 4347 εἰς
3135 4288 3371 4360 Χριστὸν
3460 4287 3809 4364 ἁμαρτάνετε.
3876 4281 3973 4334 Διό·

2374 4400 2468 4459 περ
2535 4381 2580 4435 εἰ
2653 4379 2847 4457 βρῶμα
2913 4379 3253 4446 σκανδαλίζει
3316 4388 3412 4438 τὸν
3466 4384 3700 4462 ἀδελφὸν
3754 4403 3873 4460 μου,
3921 4374 3971 4432 οὗ

2372 4483 2446 4553 μὴ
2490 4481 2638 4553 φάγω
2696 4483 2826 4555 κρέα
2876 4480 2949 4546 εἰς
3011 4484 3099 4535 τὸν
3165 4481 3350 4555 αἰῶνα,
3386 4485 3481 4539 ἵνα
3546 4489 3626 4560 μή
3689 4487 3776 4539 τὸν
3831 4475 3972 4533 ἁδελ-

2374 4581 2465 4651 φόν
2522 4597 2625 4651 μου
2714 4575 3070 4636 σκανδαὶίσω.
3158 4584 3244 4641 Μὴ
3312 4581 3414 4636 οὐκ
3480 4586 3684 4658 ἔχομεν
3757 4579 3975 4644 ἂξουσίαν

2373 4682 2553 4748 φαγεῖν
2634 4680 2726 4730 καὶ
2811 4682 3035 4747 πίνειν;
3114 4678 3201 4738 Μὴ
3286 4678 3387 4732 οὐκ
3474 4683 3678 4755 ἔχομεν
3757 4675 3976 4741 ἄξουσίαν

2371 4768 2599 4845 ἀδελφὴν
2669 4783 2898 4847 γυναῖκα
2985 4778 3313 4853 περιάγειν,

2370 4868 2655 4925 ἀπόστολοι
2686 4912 2701 4940 ,
2766 4878 2860 4929 καὶ

3361 4781 3436 4840 ὡς
3515 4785 3616 4833 καὶ
3702 4781 3754 4833 οἱ
3822 4774 3981 4829 λοιποὶ

3900 4870 3980 4921 καὶ

2372 4970 2690 5043 ΚηφᾶςιἫ
2756 4977 2915 5045 μόνος
2985 4971 3099 5046 ἐγὼ
3132 4979 3221 5026 καὶ
3276 4974 3563 5049 Βαρνάϐας
3643 4976 3744 5032 ούκ
3810 4975 3981 5046 ἔχομεν

3476 5078 3576 5137 Τίς
3654 5072 3983 5151 στρατεύεται

2369 5162 2529 5231 ἰδίοις
2607 5169 2852 5241 ὀψωνίοις
2933 5174 3055 5225 ποτέ
3116 5187 3132 5240 ;
3212 5177 3292 5235 τίς
3370 5175 3601 5243 φυτεύει
3689 5170 3981 5249 ἀμπελῶνα,

2945 4876 2994 4927 οἱ
3084 4871 3300 4948 ἀδελφοὶ
3377 4883 3483 4928 τοῦ
3580 4881 3784 4952 Κυρίου
3817 4917 3831 4941 ,

2369 5067 2610 5132 ἐξουσίαν
2680 5078 2771 5125 τοῦ
2852 5076 2925 5146 μὴ
3021 5072 3399 5149 ἐργάζεσθαι;

2436 5373 2545 5446 (68)
2584 5372 2844 5446 Utraque
2872 5370 3055 5429 editio
3084 5374 3141 5429 et
3168 5388 3312 5429 mss.
3334 5366 3473 5446 duo
3495 5366 3821 5446 ἀπόλλυται.
3845 5367 3979 5439 Reg.

2360 5445 2566 5501 tertius
2594 5443 2842 5516 periude
2866 5448 3118 5500 utsacer
3132 5448 3334 5516 textus
3351 5443 3669 5516 vulgatus
3703 5443 3983 5516 ἀπολεῖται,

2360 5510 2612 5587 peribit:
2634 5515 2862 5573 Ibidem
2888 5517 3028 5587 Reg.
3052 5514 3284 5588 primus
3313 5510 3565 5567 ἆσθενὶῦν
3597 5512 3826 5591 ἁδελφὸς
3849 5510 3894 5567 ἐν
3917 5516 3974 5582 τῇ

2364 5594 2430 5661 σῇ
2462 5592 2675 5661 γνώσει.
