4112 6172
280 229 376 284 753

1786 229 2101 286 MORALIA
2115 269 2131 285 .

3547 200 3674 298 754‘

281 355 368 403 καὶ
413 348 470 402 ἐκ
526 355 624 404 τοῦ⁸
673 357 886 424 καρποῦ
939 349 1101 404 αὐτοῦ
1165 349 1261 404 οὐκ
1310 348 1472 405 έσθίει
1530 366 1544 420 ;
1595 349 1664 405 Ἰῐ
1720 356 1800 415 τίς
1856 358 2122 427 ποιμαίνει
2172 373 2417 429 ποιμνην,
2465 359 2554 407 καὶ
2613 353 2668 408 έκ
2723 363 2813 410 τοῦ
2863 355 3120 430 γάλακτος
3177 367 3269 422 τῆς
3316 363 3657 434 ποιμνηςοῦκ

285 438 440 492 ἐσθίει
472 440 592 511 (69)
627 454 642 506 ;
676 443 769 492 καὶ
790 439 858 492 τὰ
887 439 970 503 ίξῆ
984 460 1024 502 ς.

280 527 413 596 Ὀτι,
448 531 580 603 ὑπὲρ
627 536 724 583 τοῦ
767 534 842 603 μὴ
897 526 1248 583 σκανδαλίσαι
1294 533 1430 599 τινὰ,
1459 538 1624 584 ποιεῖν
1668 528 1753 585 δεῖ
1803 551 1871 585 κα

2009 531 2203 605 Quod,
2236 547 2311 588 ne
2341 533 2436 588 cui
2463 532 2829 591 otfendiculo
2859 535 3073 601 simus,
3122 538 3183 594 id
3235 539 3438 610 etiam,
3495 539 3661 615 quod

845 618 874 670 ὃ
920 624 991 692 μὴ
1029 618 1327 692 έπάναγκις.

941 708 1129 781 Κεφάλ.
1159 709 1227 764 Δ’.

346 803 726 854 ΜΔΤΘΔΙΟΣ.
809 797 1086 852 Ἐλθόντων
1115 831 1118 836 -
1150 797 1212 853 δί

279 891 467 961 ναοὺμ,
575 887 878 962 προσῆλθον
959 891 1008 940 οἱ
1072 891 1137 943 τά
1219 885 1495 966 δίδραχμα
1547 887 1890 964 λαμϐάνοντες

272 986 342 1049 τῷ
417 981 626 1050 Πέτρῳ,
706 983 799 1030 καὶ
873 974 1032 1031 εἷπον·
1087 978 1146 1030 '0
1200 975 1532 1040 διδάσκαλος
1607 981 1748 1052 ὑμῶν
1826 979 1885 1032 οὐ

276 1065 410 1120 τελεῖ
467 1068 538 1119 τὰ
585 1062 881 1141 δίδραχμα
931 1082 948 1134 ;
1003 1070 1176 1140 Λέγει·
1226 1073 1350 1123 Ναί.
1415 1073 1517 1122 Καὶ
1563 1069 1646 1122 ὅτε
1715 1068 1886 1128 εἰσῆλ-

273 1157 350 1207 θο
405 1155 526 1225 (70)
583 1154 655 1218 εἰς
684 1161 780 1214 τὴν
811 1157 999 1222 οἰκίαν,
1051 1159 1373 1230 προέφθασεν
1411 1157 1567 1210 αὐτὸν
1618 1158 1645 1209 6
1675 1156 1884 1220 Ἰησοῦς

267 1243 445 1316 λήνων·
505 1248 571 1298 Τί
633 1263 720 1298 σοι
777 1241 944 1312 δοκεῖ,
999 1249 1315 1319 Σίμωνςοί
1354 1246 1594 1320 βασιλεῖς
1639 1256 1735 1309 τῆς
1784 1255 1882 1319 γῆς

269 1332 368 1387 ἀπὸ
453 1338 611 1388 τίνων
685 1332 1013 1406 λαμϐάνουσι
1082 1334 1225 1406 τέλη,
1302 1340 1331 1394 ἣ
1401 1344 1594 1395 κῆνσον
1671 1352 1686 1403 ;
1753 1336 1880 1389 Ἀπό

265 1431 363 1476 τῶν
444 1425 575 1476 υἱῶν
642 1423 833 1491 αὐτῶν,
894 1424 924 1483 ἣ
985 1421 1088 1477 ἀπὸ
1162 1432 1264 1478 τῶν
1320 1423 1601 1500 ἀλλοτρίων
1656 1443 1670 1494 ;
1728 1429 1881 1498 Λέγει

266 1512 407 1582 αὐτῷ
467 1513 495 1564 ό
555 1515 770 1588 Πέτροςο
830 1511 957 1566 ’Δπο
1031 1521 1132 1566 τῶν
1189 1511 1486 1588 ἀλλοτρίων.
1535 1518 1691 1586 Λέγει
1741 1513 1880 1585 αὖτῷ

263 1603 290 1654 ό
342 1601 575 1664 Ἰησοῦς·
632 1601 768 1677 Ἀρα
840 1621 900 1674 γε
937 1601 1206 1678 ,ίλεύθεροὶ
1277 1607 1408 1657 εἰσιν
1475 1606 1523 1656 οί
1597 1606 1724 1662 υίοι.
1770 1603 1881 1658 Ἰνα

263 1688 321 1745 δε
387 1696 463 1765 μὴ
525 1687 959 1766 σκανδαλίσωμεν
1030 1692 1237 1759 αὐτοὺς,
1334 1695 1602 1766 πορευθεὶς
1658 1692 1730 1756 εἰς
1784 1697 1878 1751 τὴν

266 1780 565 1848 Θάλασσαν,
653 1779 782 1854 βάλε
867 1783 1174 1856 ἄγκιστρον,
1265 1787 1356 1834 καὶ
1448 1785 1536 1835 τόν
1616 1781 1882 1835 ἀναϐάντα

1286 799 1454 852 αὐτῶν
1527 799 1600 862 εἰς
1679 806 1889 876 Καπερ-

2252 638 2376 678 non
2433 626 2522 678 est
2551 625 2989 694 necessarium,
3022 627 3176 683 effici
3207 628 3406 687 debet.

2658 712 2858 782 Caput
2907 715 3012 769 IV.

2066 800 2146 856 Et
2172 817 2305 857 cum
2337 802 2631 858 venissent
2665 802 3126 874 Capharnaum,
3150 814 3530 863 accesserunt
3555 809 3662 881 qui

1996 889 2357 945 didrachma
2395 891 2792 959 accipiebant,
2827 892 2909 946 ad
2938 893 3208 958 Petrum,
3240 900 3293 950 et
3315 895 3606 952 dixerunt
3637 913 3652 952 :

1993 977 2288 1048 Magister
2318 984 2509 1034 vester
2530 993 2649 1034 non
2671 981 2850 1035 solvit
2874 980 3232 1038 didrachma
3255 983 3282 1036 ‘?
3301 983 3402 1036 Ait
3425 984 3653 1042 Etiam.

1992 1067 2072 1121 Et
2101 1082 2236 1123 cum
2258 1067 2539 1122 intrasset
2553 1068 2613 1122 in
2627 1069 2890 1136 domum,
2913 1072 3204 1139 praevenit
3225 1086 3354 1126 eum
3375 1074 3544 1128 Jesus
3560 1073 3654 1128 di-

1993 1170 2162 1212 cens:
2181 1155 2338 1223 Quid
2352 1157 2463 1211 tibi
2476 1157 2943 1224 videtur,Simon
2957 1159 2984 1214 ‘l
2999 1160 3184 1229 Reges
3206 1166 3384 1217 terra:
3396 1176 3432 1216 a
3443 1163 3653 1232 quibus

1991 1246 2301 1314 accipiunt
2333 1245 2566 1301 tributa
2592 1247 2686 1302 vel
2707 1261 2947 1302 censum
2969 1247 2996 1303 ?
3017 1248 3066 1302 A
3103 1249 3250 1316 ﬁliis
3301 1251 3423 1304 suis
3456 1265 3539 1306 an
3576 1250 3654 1305 ab

1991 1335 2206 1390 alienis
2225 1332 2252 1387 ‘l
2272 1335 2423 1390 Dicit
2448 1336 2566 1404 ipsi
2591 1336 2808 1391 Petrus
2833 1351 2846 1389 :
2870 1337 2918 1392 Α
2931 1337 2964 1391 b
2983 1338 3220 1393 alienis.
3243 1339 3413 1393 Dixit
3446 1340 3542 1394 illi
3566 1341 3656 1395 Je-

1989 1440 2123 1481 sus:
2139 1425 2306 1495 Ergo
2332 1425 2510 1482 liberi
2519 1431 2661 1481 sunt
2679 1427 2815 1494 ﬁlii.
2847 1427 2920 1484 Ut
2938 1432 3137 1484 autem
3157 1443 3278 1484 non
3289 1429 3660 1486 scandalize-

1987 1529 2118 1569 mus
2140 1529 2255 1580 eos,
2274 1530 2630 1585 progressus
2655 1514 2737 1572 ad
2764 1531 2951 1585 mare,
2975 1518 3142 1573 mitte
3172 1517 3417 1574 hamum
3441 1524 3496 1574 et
3518 1533 3651 1574 eum

1987 1605 2229 1674 piscem,
2270 1604 2376 1675 qui
2407 1605 2643 1674 primus
2663 1606 3023 1669 ascenderit.
3048 1608 3192 1663 tolle
3221 1613 3274 1664 et
3306 1613 3515 1678 aperto
3556 1623 3660 1664 ore

1988 1694 2136 1762 ejus,
2185 1693 2448 1750 invenies
2477 1699 2802 1766 staterem;
2829 1695 3005 1752 illum
3052 1712 3312 1763 sumens,
3340 1696 3420 1754 da
3442 1698 3521 1754 eis
3545 1711 3658 1767 pro

1987 1797 2079 1838 me
2107 1788 2161 1839 et
2191 1789 2248 1839 te
2267 1782 2516 1852 (Matth.
2542 1799 2676 1854 xm,
2734 1789 2950 1851 23-27).

261 1878 463 1946 πρῶτον
542 1870 702 1942 ἰχθὺν
775 1863 919 1947 ἆρον·
993 1877 1083 1924 καὶ
1140 1870 1350 1935 ἀνοίξας
1414 1875 1474 1925 τὸ
1538 1876 1712 1945 στόμα
1776 1871 1957 1938 αὑτοῦ,
2016 1873 2256 1945 εὑρήσεις
2311 1880 2569 1945 παῖ-ἤρα’
2631 1871 2820 1926 ἐκεῖνον
2901 1873 3090 1941 λαϐὼν,
3163 1872 3254 1938 δὸς
3315 1879 3490 1940 αὐτοῖς
3545 1874 3659 1939 ἀντὶ

268 1957 394 2032 ἐμοῦ
435 1965 528 2014 καὶ
560 1967 677 2013 σοῦ.

262 2047 383 2102 Ὀτι
437 2048 524 2102 ἐπὶ
587 2055 699 2110 τοῖς
740 2057 833 2103 τοῦ
876 2054 1070 2123 Κυρίου
1119 2050 1395 2123 θελήμασι,
1457 2048 1552 2103 κᾶν
1585 2047 1874 2104 σκανδαλί-

345 2139 533 2200 ζωνταί
569 2158 723 2211 τινες,
756 2135 1027 2194 ἀνένδοτον
1067 2136 1463 2195 ἐπιδείκνυσθαι
1507 2136 1590 2196 δεῖ
1622 2145 1716 2200 τὴν
1743 2139 1875 2216 παῤ-

335 2229 551 2303 ῤηὶαν.

934 2319 1104 2392 Κεφάλ
1131 2318 1180 2374 Ε’
1197 2359 1213 2376 .

331 2414 707 2464 ΜΑΤΘΑΙΟΣ.
778 2408 855 2460 Οὐ
929 2412 989 2462 τὸ
1055 2409 1419 2484 εἰσερχόμενον
1467 2409 1534 2471 εἰς
1580 2413 1640 2464 τό
1697 2413 1871 2485 στόμα

262 2506 425 2552 κοινοῖ
504 2504 593 2551 τόν
675 2496 963 2572 ἀνθρωπον,
1049 2497 1178 2550 ἀλλά
1231 2501 1288 2552 τό
1369 2497 1765 2573 έκπορευόμενον
1819 2500 1873 2554 έκ

261 2597 351 2640 τοῦ
431 2592 718 2661 στόματος,
799 2594 951 2641 τοῦτο
1020 2595 1187 2640 κοινοῖ
1266 2591 1354 2642 τὸν
1411 2590 1682 2665 ἄνθρωπον
1737 2592 1870 2662 (7i)-

261 2684 386 2732 Τότε
435 2679 809 2754 προσελθόντες
865 2681 914 2730 οἱ
969 2680 1204 2751 μαθηταὶ
1269 2677 1450 2746 αὑτοῦ,
1523 2676 1662 2733 εἶπον
1730 2680 1870 2752 αὐτῷ

263 2765 450 2834 Οἶδας,
535 2769 620 2821 ὅτι
689 2770 738 2821 οἱ
801 2774 1117 2840 Φαρισαῖοι,
1197 2764 1508 2830 ἀκούσαντες
1571 2771 1657 2822 τὸν
1719 2768 1871 2842 λόγον

261 2855 757 2915 ἐσκανδαλίσθησαν
807 2872 823 2925 ;
876 2857 934 2909 Ὀ
1000 2853 1078 2926 δε,
1140 2855 1460 2931 ἀποκριθεὶς,
1512 2854 1638 2912 εἴπεο
1716 2865 1873 2912 Πᾶσα

546 2948 609 3007 ἣν
677 2947 771 2999 οὐκ
829 2944 1100 3019 ἐφύτευσεν
1153 2948 1180 2999 ό
1239 2949 1420 3021 Πατήρ
1472 2967 1574 3020 μου
1623 2949 1650 3000 ό
1707 2947 1870 3022 οὖρά-

972 3035 1148 3109 Ἀφετε
1233 3036 1443 3098 αὐτούς’
1503 3036 1685 3110 τυφλοί
1737 3037 1869 3090 εἰσιν

262 2953 464 3020 φυτεία,

260 3043 380 3103 νίος,
457 3035 717 3110 έκριζωθη
727 3054 894 3091 σεται.

1985 2050 2157 2118 Quod
2200 2051 2262 2108 in
2310 2051 2550 2108 Domini
2606 2051 3047 2121 voluntatibus,
3099 2054 3340 2112 tametsi
3373 2054 3658 2112 nonnulli

2054 2139 2414 2197 scandalum
2446 2142 2884 2214 perpetiuntur,
2915 2141 3261 2202 exhibenda
3299 2149 3390 2201 est
3429 2143 3662 2203 invicta

2052 2229 2341 2304 quaedam
2364 2229 2638 2288 libertas.

2666 2321 2866 2390 Caput
2908 2321 2971 2378 V.

2049 2409 2188 2465 Non
2217 2408 2380 2481 quod
2407 2409 2600 2465 intrat
2625 2410 2688 2465 in
2714 2426 2798 2478 os,
2835 2412 3188 2483 coinquinat
3212 2411 3656 2471 hominemzsed

1981 2497 2139 2567 quod
2158 2499 2280 2553 exit
2298 2512 2374 2554 ex
2398 2512 2518 2567 ore,
2537 2496 2649 2554 hoc
2661 2498 3008 2569 coinquinat
3024 2499 3340 2556 hominem.
3367 2503 3534 2556 Tunc
3553 2515 3652 2557 ac-

1982 2587 2252 2644 cedentes
2266 2587 2554 2657 discipuli
2567 2589 2695 2657 ejus
2725 2587 3016 2644 dixerunt
3045 2591 3130 2646 ei:
3151 2590 3321 2660 261
3344 2590 3472 2646 Scis
3490 2590 3651 2662 quod

1981 2675 2306 2745 Phariszi,
2339 2675 2549 2732 audito
2571 2675 2683 2732 hoc
2707 2675 2904 2739 verbo.
2925 2677 3328 2734 scandalizati
3355 2683 3497 2734 sunt
3528 2683 3553 2732 3'
3568 2681 3652 2734 At

1979 2764 2086 2822 ille
2136 2764 2501 2834 respondens
2531 2765 2619 2822 ait
2645 2766 2887 2822 :Omnis
2932 2767 3260 2837 plantatio,
3307 2783 3492 2840 quam
3529 2783 3651 2825 non

1978 2854 2277 2924 plantavit
2307 2855 2494 2910 Pater
2508 2869 2671 2911 meus
2684 2856 2960 2924 caelestis,
2983 2857 3421 2914 eradicabitur.
3459 2858 3652 2918 Sinite

1979 2945 2151 3000 illos:
2181 2945 2326 3001 caci
2343 2951 2508 3012 sunt,
2540 2943 2721 3000 duces
2746 2959 3061 3002 cavearum.
3088 2946 3297 3004 C(ecus
3347 2954 3548 3003 autem
3595 2946 3652 3004 si

1979 3050 2132 3091 caeco
2185 3034 2471 3089 ducatum
2518 3039 2789 3102 prwstet,
2835 3035 3009 3090 ambo
3059 3036 3122 3090 in
3161 3037 3404 3104 foveam
3431 3036 3652 3094 cadent

259 3123 450 3200 ὁδηγοὶ
535 3125 758 3199 τυφλῶν.
829 3125 1028 3198 Τυφλός
1098 3121 1157 3179 δε
1231 3125 1416 3199 τυφλὸν
1509 3125 1593 3178 έάν
1671 3122 1866 3200 ὁδηγῇ,

1987 3123 2228 3195 (Matth.
2261 3137 2362 3192 xv,
2390 3121 2629 3190 1144)..
2649 3161 2662 3177 .
2689 3122 2902 3188 Amen,
2925 3137 3099 3179 amen
3125 3123 3258 3178 dico
3292 3123 3452 3179 vobis
3477 3139 3490 3176 :
3515 3124 3652 3178 Nisi

263 3213 547 3290 ἀμφότεροι
661 3215 734 3278 εἰς
800 3212 1020 3294 βόθυνον
1110 3221 1434 3272 πεσοῦνται.
1521 3221 1818 3271 ΙΩΑΝΝΙΙΣ
1850 3255 1865 3272 .

258 3305 453 3378 ’ΔΞ-ὠν,
555 3303 692 3367 ἀμὴν
761 3304 895 3376 λέγω
977 3305 1118 3378 ὑμῖν·
1205 3303 1290 3356 ὶάν
1381 3309 1453 3378 μὴ
1511 3308 1711 3378 φάγητε
1775 3309 1868 3365 τὴν

267 3396 442 3470 σάρκα
479 3403 575 3448 τοῦ
628 3397 752 3448 Υίοῦ
815 3402 907 3446 τοῦ
993 3391 1286 3467 ἀνθρώπου,
1380 3399 1470 3447 καὶ
1537 3400 1689 3453 πίητε
1746 3397 1867 3468 (72)

1765 3489 1867 3536 Καὶ

258 3574 375 3645 μετ’
439 3572 610 3644 ὅλίγο·
669 3573 758 3625 Ἐκ
835 3575 1022 3624 τούτου
1073 3571 1251 3624 πολλοὶ
1310 3580 1408 3624 τῶν
1470 3574 1713 3646 μαθητῶν
1767 3573 1866 3625 αὑ-

261 3484 419 3535 αὖτοῦ
475 3487 535 3536 τὸ
581 3480 732 3556 αἷμα,
791 3483 886 3535 οὐκ
923 3485 1070 3554 ἔχετε
1128 3483 1266 3543 ζωὴν
1336 3483 1392 3535 έκ
1455 3483 1678 3544 ἑαυτοῖς.

256 3670 351 3714 τοῦ
410 3661 649 3721 ἀπῆλθον
702 3661 773 3723 εἰς
828 3663 895 3713 τά
938 3662 1127 3728 ὀπίσω,
1177 3666 1268 3714 καὶ
1322 3662 1494 3716 οὐκέτι
1566 3661 1674 3735 μετ’
1705 3662 1864 3715 αὐτοῦ

255 3754 623 3826 περιεπάτουν.
722 3747 872 3804 Εἶπεν
972 3750 1060 3802 οὖν
1109 3751 1134 3802 ὁ
1189 3749 1392 3812 Ἰησοῦς
1467 3759 1572 3812 τοῖς
1631 3748 1861 3805 δώδεκα·

257 3847 343 3900 Μὴ
401 3847 491 3895 καὶ
550 3842 698 3914 ὑμεῖς
756 3839 918 3893 θέλετε
964 3838 1198 3893 ἀπελθεῖν
1251 3843 1362 3912 (83)
1420 3857 1434 3909 ;
1496 3847 1665 3894 ΠΡΟΣ
1714 3849 1862 3897 ΚΟΡ,

260 3928 332 4002 β’.
383 3929 503 3982 Ὀτι
560 3936 797 4002 Χριστοῦ
872 3925 1067 3981 εὐωδία
1120 3929 1272 4002 έσμεν
1331 3937 1404 4000 τῷ
1471 3937 1606 4002 Θεῷ,
1657 3929 1704 3983 έν
1757 3938 1866 3992 τοῖς

262 4022 598 4093 σωζομένοις,
682 4024 772 4072 καί
855 4017 905 4071 ἐν
987 4026 1099 4081 τοῖς
1185 4018 1571 4093 ἀπολλυμένοις,
1652 4021 1730 4083 οἷς
1775 4023 1866 4094 μεν

260 4109 396 4181 ὀσμή
459 4110 686 4161 θανάτου
743 4107 816 4169 εἰς
881 4105 1118 4176 θάνατον,
1165 4110 1241 4170 οἷς
1299 4106 1360 4162 δε
1414 4107 1554 4182 ὀσμὴ
1603 4109 1738 4171 ζωῆς
1799 4109 1866 4163 εἰς

264 4198 415 4259 ζωήν.
444 4202 546 4252 Καὶ
563 4200 691 4271 πρὸς
717 4204 881 4250 ταῦτα
908 4201 987 4259 τίς
1027 4199 1238 4267 ina-16;;

898 4293 1066 4340 0P0:
1115 4286 1234 4344 AA'.

326 4395 446 4448 Ὀτι
489 4391 575 4448 δεῖ
600 4396 760 4447 τύπον
789 4402 888 4446 τῶν
917 4393 1084 4446 καλῶν
1114 4396 1424 4468 προκεῖσθαι
1469 4401 1576 4457 τοῖς
1601 4394 1791 4463 ἄλλοις,

675 4484 892 4536 ἕκαστον
919 4482 974 4535 ἐκ
1012 4493 1082 4555 τῷ
1117 4481 1235 4556 ἰδίῳ
1261 4488 1449 4558 μέτρῳ.

906 4573 1095 4645 Κεφάλ.
1147 4572 1222 4627 Κ.

326 4669 698 4717 ΜΑΤΘΑΙΟΣ.
750 4663 951 4715 Μάθετε
998 4660 1088 4713 ἀπ’
1144 4661 1287 4734 ἐμοῦ,
1335 4663 1415 4714 ὅτι
1489 4667 1658 4738 πρᾶός
1737 4664 1862 4738 εἰμι,

258 4758 347 4805 καὶ
404 4757 640 4812 ταπεινός
697 4758 759 4822 τῇ
807 4747 1022 4825 καρδίᾳ.
1081 4757 1251 4804 ΠΡΟΣ
1292 4758 1438 4806 ΚΟΡ.
1596 4749 1737 4805 Οἶδα
1763 4757 1865 4828 γὰρ

256 4847 349 4902 τήν
396 4843 696 4916 προθυμίαν
744 4841 907 4912 ὑμῶν,
957 4840 1017 4898 ἣν
1075 4842 1199 4916 ὑπερ
1233 4841 1372 4914 ὑμῶν
1403 4851 1692 4915 καυχῶμαι
1747 4849 1867 4896 Μα-

1185 4018 1571 4093 ἀπολλυμένοις,

331 5115 447 5179 (69)
483 5111 622 5165 Post
643 5106 812 5177 illud,
841 5106 934 5158 οὐκ
964 5108 1144 5172 ὶσθίεί,
1178 5105 1260 5164 ita
1289 5105 1516 5179 habent
1561 5109 1702 5179 Reg.
1759 5113 1870 5165 ter-

257 5185 377 5240 tius
403 5178 664 5253 etMess.
697 5186 767 5253 μὴ
803 5179 938 5236 κατά
967 5180 1234 5252 ἄνθρωπον
1276 5187 1457 5253 ταῦτα*
1484 5178 1748 5253 italis...”
1799 5190 1870 5253 τῷ

257 5252 562 5330 alr/79a,»
591 5261 679 5304 του
693 5250 958 5330 Χριστοῦ,
988 5250 1125 5323 qua:
1164 5250 1351 5306 verba
1378 5250 1602 5307 ibidem
1660 5250 1872 5323 legun-

260 5333 358 5384 tur
390 5331 407 5382 Ι
441 5327 557 5380 Cor
585 5339 658 5388 ix.
687 5327 743 5380 8.

349 5397 447 5467 ‘70)
479 5398 622 5465 Reg.
655 5396 890 5470 primus
922 5398 1009 5448 καὶ
1039 5394 1121 5446 ὅτε
1151 5392 1450 5464 εἰσῆλθο,ει
1480 5409 1614 5451 cum
1637 5395 1876 5452 introis-

267 5477 420 5526 sent.

341 5537 682 5611 (⁸11)Εῶϋο
712 5537 898 5598 Paris.
932 5544 1096 5591 κοινοῖ
1123 5538 1412 5620 άνθρωπον.
1457 5535 1618 5597 Libri
1644 5540 1878 5598 veteres

1979 3212 2492 3270 manducaveritis
2527 3227 2767 3268 carnem
2807 3211 2960 3266 Filii
2985 3211 3264 3278 hominis,
3296 3217 3353 3268 et
3377 3212 3647 3268 biberitis

1977 3305 2108 3374 ejus
2128 3301 2512 3372 s'mguinem,
2543 3316 2663 3356 non
2695 3299 2925 3356 habetis
2949 3301 3131 3358 vitam
3162 3302 3225 3356 in
3252 3300 3412 3357 vobis
3435 3302 3644 3372 (Joan.

1977 3409 2061 3460 vx,
2083 3391 2203 3461 53).
2240 3394 2306 3447 Et
2331 3390 2516 3463 paulo
2557 3395 2731 3463 post:
2760 3395 2848 3448 Ea:
2875 3390 2986 3446 hoc
3006 3391 3186 3446 multi
3204 3391 3644 3461 discipulorum

1979 3485 2108 3552 ejus
2133 3483 2413 3537 abierunt
2435 3477 2597 3535 retro
2623 3497 2635 3534 :
2660 3484 2714 3535 et
2735 3481 2870 3549 jam
2902 3496 3022 3534 non
3061 3495 3194 3535 cum
3225 3481 3331 3535 illo
3366 3481 3644 3536 ambula-

1979 3572 2144 3628 bant.
2161 3571 2330 3626 Dixit
2351 3585 2492 3640 ergo
2511 3570 2682 3625 Jesus
2704 3569 2786 3625 ad
2799 3568 3108 3625 duodecim
3127 3586 3138 3623 :
3158 3570 3454 3640 Nunquid
3475 3575 3530 3625 et
3545 3585 3646 3625 vos

1977 3662 2160 3718 vultis
2217 3659 2629 3726 abire?(lbid.
2671 3663 2758 3724 66,
2794 3661 2885 3728 67)
2916 3700 2953 3714 ..
3007 3659 3160 3726 Quia
3193 3658 3425 3714 Christi
3459 3658 3646 3714 bonus

1975 3751 2124 3807 odor
2142 3765 2347 3804 sumus
2369 3750 2510 3815 Deo,
2543 3750 2606 3803 in
2634 3748 2706 3803 iis
2735 3748 2843 3818 qui
2863 3746 3024 3803 salvi
3038 3748 3213 3816 ﬁunt,
3237 3753 3293 3803 et
3325 3749 3389 3801 in
3436 3748 3508 3802 iis
3537 3747 3646 3818 qui

1970 3845 2261 3910 pereunt:
2287 3839 2429 3893 aliis
2451 3837 2688 3909 quidem
2721 3836 2871 3892 odor
2896 3837 3104 3892 mortis
3124 3837 3184 3891 in
3206 3843 3477 3904 mortem,
3500 3837 3642 3892 aliis

1973 3945 2110 3986 vero
2139 3929 2434 3984 odorvitz
2454 3928 2516 3983 in
2550 3928 2757 3984 vitam.
2791 3927 2866 3981 Et
2895 3925 2976 3981 ad
2993 3926 3118 3982 haec
3165 3927 3300 3998 quis
3345 3926 3595 3982 idoneus
3617 3929 3644 3980 .’

1973 4019 2217 4091 (IICor.
2254 4031 2336 4087 u.,
2368 4021 2451 4084 15,
2485 4017 2602 4087 16).

2533 4285 2818 4341 REGULA
2848 4283 3083 4339 XXXIV.

1971 4391 2144 4460 Quod
2173 4391 2598 4465 unusquisque
2628 4391 2687 4446 in
2715 4407 2828 4448 sua
2880 4390 3071 4463 ipsius
3117 4407 3405 4448 mensura
3451 4390 3641 4450 debet

1899 4473 1944 4528 D
2044 4496 2173 4538 sese
2205 4480 2337 4536 aliis
2370 4486 2584 4554 typum
2609 4479 2913 4536 bonorum
2929 4494 3560 4556 operumproponere.

2677 4570 2876 4627 Caput
2920 4571 2970 4626 Ῑ.

2677 4585 2876 4640 caput
2920 4585 2970 4626 ι.

2043 4660 2265 4716 Discite
2290 4674 2327 4715 a
2356 4674 2466 4726 me,
2499 4659 2644 4730 quia
2673 4660 2839 4714 mitis
2868 4674 3020 4728 sum,
3045 4667 3100 4716 et
3151 4659 3403 4718 humilis
3460 4661 3642 4717 corde

1971 4749 2210 4820 (Matth.
2262 4765 2337 4820 ιι,
2383 4749 2544 4818 29)...
2604 4748 2740 4804 Scio
2789 4751 2945 4805 enim
2994 4757 3342 4820 promptum
3367 4750 3638 4804 animum

1976 4847 2236 4896 vestrum
2249 4855 2389 4898 ,ὀνο
2409 4856 2524 4914 quo
2545 4839 2618 4896 de
2644 4841 2808 4897 vobis
2821 4841 3055 4911 glorior
3073 4842 3242 4911 apud
3257 4838 3635 4896 Macedones:

1977 5116 2064 5165 τόν
2091 5112 2378 5178 ἄνθρωπον.
2405 5111 2520 5166 Nec
2541 5107 2624 5165 ita
2656 5107 2846 5164 multo
2887 5111 3026 5178 post
3074 5109 3214 5178 Reg.
3257 5103 3465 5178 tertius
3510 5109 3638 5178 Τότε

1981 5174 2344 5244 προσελθόντες
2417 5181 2558 5244 αὐτῴ
2629 5182 2678 5232 οἱ
2731 5174 2966 5244 μαθηταὶ
3031 5174 3212 5244 αὑτοῦ,
3272 5174 3408 5229 εἷπον
3472 5176 3634 5244 αὐτῷ,

1989 5231 2474 5340 discipuli
2495 5231 2624 5318 ejus
2654 5231 2741 5306 ad
2773 5231 2904 5306 eum
2934 5231 3298 5317 accedentes,
3348 5231 3637 5307 dixerunt

2197 5399 2422 5486 Rursus
2451 5391 2632 5450 editio
2651 5391 2836 5448 Paris.
2867 5392 2957 5443 καὶ
2982 5394 3182 5449 πίνητε,
3231 5390 3475 5466 Antiqui
3515 5391 3641 5454 duo

1987 5467 2129 5527 libri
2153 5473 2327 5526 πίητε.

2070 5540 2188 5612 (⁸75)
2214 5539 2366 5609 Reg.
2388 5535 2600 5595 tertius
2622 5535 2787 5591 θέλετε
2807 5534 3048 5608 ὑπάγειν.
