4112 6172
180 259 278 316 761

830 380 1017 455 Κεφάλ.
1062 378 1142 436 Α’.

245 495 609 545 ΜΑΤΘΑΙΟΣ.
653 489 791 542 Ούαὶ
842 497 915 560 τῷ
963 488 1218 562 ἀνθρώπῳ
1262 487 1460 561 ἐκείνῳ,
1511 484 1585 542 δι’
1626 489 1686 542 οὗ
1729 492 1788 542 τὸ

180 577 472 634 σκάνδαλον
504 583 756 655 ἔρχεται⁸
802 582 862 633 Εἰ
901 576 960 632 δε
1011 581 1038 632 6
1086 585 1217 640 ποῦς
1269 598 1363 631 σου
1395 579 1424 637 ἦ
1466 579 1496 636 ἠ
1529 581 1651 652 χείρ
1694 598 1789 632 σου

181 666 527 730 σκανδαλίζει
587 689 666 736 σε,
709 669 930 740 ἔκκοψον
979 666 1136 738 αὐτὰ,
1188 670 1280 720 καί
1329 665 1460 740 βάλε
1516 664 1618 720 ἀπό
1669 674 1788 723 σοῦ.

182 760 347 814 Καλόν
382 779 470 812 σοι
502 763 644 811 εστὶν
669 757 913 812 εἰσελθεῖν
936 758 1002 818 εἰς
1022 762 1111 817 τὴν
1143 757 1284 818 ζωὴν
1301 755 1497 828 χωλὸν,
1515 755 1545 815 ἦ
1579 755 1788 827 κυλλὸν,

180 851 206 908 ᾖ
252 846 350 900 δύο
391 843 567 910 πόδας
616 849 645 907 ᾖ
691 845 788 900 δύο
827 856 1014 923 χεῖρας
1065 849 1258 918 ἔχοντα
1306 844 1572 919 βληθῆναι
1614 847 1686 906 εἰς
1728 849 1788 898 τὸ

181 945 282 1012 πῦρ
319 941 378 990 τὸ
430 937 656 989 αἰώνιον.
701 943 802 990 Καὶ
843 937 886 990 εἰ
924 939 949 989 6
1000 935 1264 1010 ὀφθαλμός
1309 955 1403 988 σον
1447 932 1791 998 σκανδαλίζει

188 1046 264 1096 σε,
293 1025 428 1080 an:
456 1026 635 1095 αὑτὸν,
665 1030 756 1078 καὶ
787 1025 914 1099 βάλε
939 1024 1040 1079 ἀπὸ
1069 1033 1186 1080 σοῦ.

181 1132 301 1186 ὀτι
339 1141 444 1187 τῶν
489 1133 871 1210 ἀσθενεστέρων
912 1132 958 1186 ἓν
1015 1141 1078 1206 τῇ
1134 1136 1309 1187 πίστει
1361 1129 1640 1206 φείδεσθαι
1686 1128 1788 1200 δεῖ,

251 1243 346 1275 και
385 1221 596 1295 ἀνάγειν
623 1225 737 1294 (92)
783 1223 968 1284 αύτούς
1011 1219 1088 1275 δι’
1116 1220 1406 1295 ἐπιμελείας
1451 1220 1534 1274 ἰπὶ
1582 1225 1676 1280 τὴν
1705 1241 1793 1275 τε-

188 1321 203 1332 ¹
250 1312 540 1372 λειότητα·
572 1309 848 1386 φείδεσθαι
881 1309 958 1378 δὲ,
993 1308 1257 1377 δηλονότι,
1299 1317 1472 1386 χωρὶς
1517 1318 1608 1364 τοῦ
1651 1330 1792 1388 παρ-

251 1399 389 1457 ιδεῖν
409 1401 619 1462 ἐντολήν
649 1409 805 1458 Θεοῦ.

827 1529 1016 1602 Κεφάλ.
1073 1526 1142 1582 Β’⁶

237 1641 622 1691 ΜΑΤΘΑΙΟΣ.
677 1635 922 1709 Κάλαμον
966 1638 1402 1711 συντετριμμένον
1440 1635 1500 1688 ού
1529 1634 1790 1701 κατεάξει,

1686 257 2022 318 IORALIA.

1820 383 1873 437 Δ

3437 271 3550 326 762

2589 386 2788 458 Caput
2819 390 2861 444 ῐ.

1980 491 2073 547 ναξ
2111 493 2343 549 homini
2370 495 2468 550 illi
2489 509 2602 564 per
2644 511 2816 566 quem
2850 497 3212 554 scandalum
3258 501 3468 556 venit?
3497 501 3562 557 Si

1897 584 2096 638 autem
2115 596 2218 651 pes
2257 589 2394 640 tuus
2426 585 2522 640 vel
2545 600 2760 641 manus
2791 591 2899 641 tua
2919 587 3294 644 scandalizet
3325 593 3382 645 te
3419 589 3556 647 abs-

1898 671 2030 727 cide
2058 687 2145 738 ea,
2180 678 2235 728 et
2253 675 2486 743 projice
2508 673 2613 730 abs
2644 681 2720 732 te.
2746 677 2984 732 Bonum
3017 677 3130 732 tibi
3152 683 3236 734 est
3261 679 3343 735 ad
3367 681 3558 740 vitam

1896 760 2136 831 ingredi
2154 763 2439 818 claudum
2471 766 2567 820 vel
2584 764 2857 832 debilem,
2887 780 3065 837 quam
3087 766 3238 822 duos
3264 769 3442 837 pedes
3465 770 3563 826 vel

1896 849 2050 906 duas
2077 867 2295 909 manus
2326 851 2638 910 habentem
2663 855 2824 910 mitti
2840 855 2904 911 in
2928 858 3125 925 ignem
3147 861 3460 912 aeternum.
3481 861 3559 914 Et

1897 939 1951 992 si
1968 940 2178 995 oculus
2217 947 2354 996 tuus
2380 941 2762 999 scandalizat
2782 949 2858 1011 te,
2882 958 3023 1001 erue
3059 959 3217 1012 eum,
3249 949 3304 1002 et
3323 947 3560 1016 projice

1899 1027 2006 1082 abs
2033 1030 2088 1084 te
2112 1029 2354 1099 (Matth.
2387 1046 2549 1098 xvm,
2573 1035 2712 1100 7-9),

1900 1134 2072 1198 Quod
2099 1141 2333 1208 oportet
2362 1137 2566 1195 mitius
2589 1154 2765 1211 agere
2789 1155 2930 1196 cum
2957 1139 3032 1196 iis
3053 1141 3160 1214 qui
3183 1140 3246 1198 in
3266 1141 3389 1198 ﬁde
3417 1145 3559 1199 sunt

1970 1223 2356 1293 inﬁrmiores,
2398 1243 2624 1300 eosque
2655 1228 2925 1298 diligenti
2957 1246 3102 1286 cura
3136 1229 3217 1287 ad
3250 1230 3561 1305 perfectio-

1970 1328 2112 1370 nem
2145 1315 2448 1372 adducere
2485 1334 2498 1374 :
2543 1317 2628 1374 ita
2678 1323 2885 1374 tamen
2945 1323 3298 1393 temperate,
3348 1325 3415 1377 ut
3458 1320 3560 1379 Dei

1971 1403 2333 1462 mandatum
2365 1421 2490 1464 non
2515 1407 2880 1479 negligatur.

2579 1531 2777 1602 Caput
2815 1532 2885 1588 Il.

1970 1638 2346 1694 Arundinem
2373 1645 2716 1710 quassatam
2746 1655 2867 1695 non
2898 1638 3261 1711 confringet,
3295 1645 3351 1697 et
3375 1641 3566 1699 tinum

169 1732 258 1779 καὶ
311 1725 457 1778 λίνον
525 1728 807 1798 τυφόμενον
863 1724 924 1776 ού
993 1723 1190 1791 σϐέσει,
1223 1725 1318 1786 ἕως
1373 1724 1434 1776 ἂν
1491 1722 1684 1797 ἕκϐὰλῃ
1727 1723 1793 1783 εἰς

1926 1727 2213 1796 ’umigans
2264 1743 2384 1783 non
2418 1734 2752 1798 extinguet,
2795 1729 2982 1785 donec
3034 1730 3242 1798 ejiciat
3273 1729 3356 1786 ad
3392 1732 3572 1786 victo-

167 1823 311 1878 νῖκος
393 1819 492 1874 τὴν
559 1819 738 1888 κρίσιν
783 1835 798 1848 υ
858 1819 948 1868 καὶ
1016 1823 1090 1886 τῷ
1166 1814 1382 1887 ὀνόματι
1447 1814 1605 1867 αὑτοῦ
1673 1816 1790 1873 ἔθνη

171 1905 469 1959 ἐλπιοῦσιν.
532 1911 701 1957 ΠΡΟΣ
732 1911 897 1961 ΡΩΜ.
944 1906 1044 1956 Τὸν
1104 1900 1164 1956 δὲ
1223 1902 1512 1956 ἁσθενοῦνα
1540 1911 1602 1976 τῇ
1657 1922 1793 1956 πισ-

168 2016 245 2050 τει
300 1994 792 2071 προσλαμϐάνεσθε·
846 2001 1014 2048 ΠΡΟΣ
1070 1999 1212 2048 ΓΑΔ.
1260 1995 1374 2048 Ἐὰν
1446 1998 1536 2046 καὶ
1588 1992 1789 2066 προλη-

170 2088 273 2158 γθῇ
336 2087 612 2160 ἄνθρωπος
650 2086 699 2136 ἔν
740 2103 845 2137 τινι
891 2089 1302 2157 παραπτώματι,
1359 2084 1504 2156 ὑμεῖς
1544 2084 1593 2134 οἱ
1643 2101 1794 2135 πνευ-

1904 1817 2063 1872 riam
2084 1816 2388 1884 judicium
2408 1823 2492 1872 :et
2514 1818 2577 1872 in
2599 1819 2836 1874 nomine
2856 1821 2987 1887 ejus
3007 1824 3212 1889 gentes
3239 1821 3571 1889 sperabunt

1903 1903 2145 1975 (Matth.
2168 1920 2267 1971 xu,
2287 1909 2376 1966 20,
2398 1910 2554 1960 2H...
2585 1907 2902 1974 Inﬁrmum
2926 1912 3126 1963 autem
3157 1908 3220 1962 in
3252 1907 3374 1976 ﬁde
3406 1923 3572 1964 assu-

1903 1995 2049 2049 mite
2069 1994 2261 2064 (Rom.
2282 2009 2401 2065 xiv,
2449 1997 2570 2063 1)...
2587 1995 2667 2050 Et
2693 1997 2749 2052 si
2767 2001 3230 2066 praeoccupatus
3245 1997 3440 2066 fuerit
3463 1997 3568 2052 ho-

1903 2099 1999 2139 mo
2027 2084 2092 2138 in
2113 2083 2320 2156 aliqua
2349 2083 2591 2151 delicto,
2623 2100 2724 2141 vos
2755 2086 2860 2156 qui
2878 2086 3234 2154 spirituales
3271 2087 3430 2152 estis,
3459 2086 3568 2142 hu-

170 2181 396 2248 ματικοὶ
431 2174 776 2249 καταρτίζετε
819 2193 907 2226 τον
959 2177 1195 2227 τοιοῦτον
1243 2171 1292 2225 ἓν
1329 2175 1585 2246 πνεύματι
1626 2174 1797 2245 πραό-

1926 2173 2169 2228 'usmodi
2208 2173 2490 2230 instruile
2511 2176 2574 2230 in
2605 2175 2825 2243 spiritu
2855 2175 3146 2244 lenitatis,
3177 2174 3567 2231 considerans

176 2282 362 2330 τττος,
435 2271 644 2316 σκοπῶν
721 2265 960 2329 σεαυτὸν,
1029 2267 1102 2335 μὴ
1170 2267 1262 2315 καὶ
1336 2265 1403 2314 σὺ
1476 2262 1794 2334 πειρασθῇς.

178 2353 445 2411 Ἀλλήλων
494 2356 562 2405 τὰ
608 2352 750 2427 βάρη
807 2351 1124 2425 βαστάζετε,
1160 2356 1251 2406 καί
1291 2355 1457 2414 οὕτως
1491 2350 1800 2425 ἀναπληρώ-

183 2452 308 2488 σατε
335 2437 425 2487 τὸν
462 2438 625 2509 νόμον
664 2441 758 2487 τοῦ
789 2441 1048 2510 Χριστοῦ.

831 2582 998 2630 ΟΡΟΣ
1044 2575 1172 2631 MB'.

185 2683 299 2738 Ὀτι
341 2684 404 2738 ού
432 2681 517 2738 δεῖ
545 2685 776 2758 νομίζειν
816 2682 900 2737 ἐπί
928 2682 1215 2736 καταλύσει
1243 2688 1337 2736 τοῦ
1373 2686 1534 2754 νόμον
1574 2683 1666 2733 καὶ
1696 2688 1799 2733 τῶν

254 2782 538 2849 προφητῶν
567 2777 654 2826 τὸν
687 2777 879 2847 Κύριον
909 2772 1226 2840 ἕληλυθέναι,
1266 2770 1374 2824 ἀλλ’
1406 2770 1490 2824 ἐπὶ
1532 2770 1800 2845 πληρώσει

255 2870 342 2917 καὶ
361 2865 646 2941 προσθήκῃ
686 2871 787 2916 τῶν
811 2863 1152 2938 τελειοτέρων.

834 2987 1021 3061 Κεφάλ.
1083 2985 1158 3044 Λ’.

1907 2261 2184 2330 teipsum,
2232 2276 2307 2318 ne
2334 2267 2390 2318 et
2430 2269 2496 2317 tu
2541 2263 2810 2320 tenteris.
2854 2263 3035 2318 Alter
3074 2262 3326 2318 alterius
3375 2276 3563 2318 onera

1903 2357 2164 2510 pariate,
2205 2358 2263 2408 et
2314 2353 2402 2409 sic
2447 2352 2771 2423 adimplete
2818 2353 2998 2423 legem
3039 2352 3568 2424 Christi(Gal.vr,

1912 2444 1961 2508 1,
1987 2444 2020 2494 2
2053 2479 2068 2495 .

1912 2444 1961 2508 1,
1987 2444 2068 2508 2).

2476 2568 2756 2623 REGULA
2815 2568 2973 2623 XLII.

1908 2673 2087 2741 Quod
2111 2691 2234 2732 non
2263 2675 2610 2749 putandum
2641 2681 2732 2732 est
2753 2675 3078 2732 Dominum
3107 2673 3349 2731 venisse
3374 2677 3464 2741 ut,
3481 2673 3564 2731 le-

1979 2779 2116 2834 gem
2157 2769 2216 2821 et
2242 2766 2570 2839 prophetas
2599 2769 2848 2832 evertat,
2879 2765 2986 2821 sed
3017 2769 3082 2821 ut
3112 2763 3466 2838 adimpleat,
3499 2769 3558 2822 et

1980 2853 2230 2926 adjiciat
2254 2871 2392 2928 quae
2423 2860 2565 2911 sunt
2600 2855 2978 2929 perfectiora.

2592 2981 2794 3050 Caput
2833 2983 2875 3036 Ι.

262 3102 632 3151 ΜΔΤΘΛΙΟΣ.
688 3101 772 3154 Mi;
824 3099 1098 3168 νομίσητε,
1153 3095 1236 3147 ὅτι
1294 3091 1449 3152 ἦλθον
1505 3092 1798 3146 καταλῦσαι

1981 3089 2182 3146 Nolite
2205 3094 2428 3158 putare
2453 3089 2737 3160 quoniam
2771 3088 2906 3143 veni
2948 3089 3179 3143 solvere
3219 3089 3424 3157 legem,
3465 3095 3577 3144 aut

1133 3183 1227 3237 ούκ
1286 3181 1439 3242 ἦλθον
1484 3182 1798 3249 καταλυσαι,

199 3274 320 3327 ἆλλὰ
342 3276 648 3352 πληρῶσαι.
706 3280 876 3327 ΠΡΟΣ
902 3280 1065 3329 ΡΩΜ.
1111 3277 1286 3346 Νόμου
1312 3270 1401 3325 οὖν
1443 3279 1804 3347 καταργοῦμεν

201 3361 289 3419 διὰ
310 3375 403 3428 τῆς
428 3370 658 3428 πίστεως
683 3381 698 3431 ;
720 3368 806 3424 Mr)
829 3367 1031 3436 γίνοιτο
1055 3363 1067 3418 Ξ
1104 3361 1233 3417 ἀλλὰ
1268 3367 1425 3436 νόμον
1459 3364 1702 3419 ἱστῶμεν,

197 3189 278 3238 τὸν
313 3192 491 3260 νόμον,
554 3187 584 3245 ἦ
626 3189 749 3248 τοὺς
779 3191 1052 3259 προφήτας
1075 3205 1089 3219 ο

837 3515 1005 3561 ΟΡΟΣ
1034 3506 1161 3563 ΜΓ.

199 3615 317 3670 Ὀτι
368 3621 439 3680 ὡς
476 3623 638 3691 νόμος
675 3619 768 3679 τὰς
820 3615 1036 3691 πράξεις
1087 3613 1396 3689 ἀπαγορεύει
1449 3615 1543 3675 τὰς
1585 3611 1800 3685 φαύλας,

261 3711 395 3759 οὕτω
441 3711 502 3762 τὸ
551 3705 868 3780 Εύαῃίλιον
899 3705 1034 3759 αὐτὰ
1071 3708 1138 3758 τὰ
1166 3707 1498 3779 κεκρυμμένα
1534 3703 1677 3760 πάθη
1712 3709 1805 3764 τῆς

262 3795 414 3869 ψυχῆ
424 3817 466 3858 ς.

843 3919 1033 3993 Κεφάλθ
1086 3919 1161 3975 Α’.

266 4035 636 4084 ΜΔΤΘΑΙΟΣ.
691 4027 1003 4094 Ἠκούσατε,
1036 4027 1119 4079 ὅτι
1165 4024 1348 4100 ίρῥέθη
1379 4030 1490 4087 τοῖς
1528 4022 1801 4097 ἀρχαίοις,

204 4119 276 4172 0-5
314 4122 618 4193 φονεύσειςο
671 4120 722 4178 ὃς
771 4113 822 4170 δ’
863 4115 923 4169 ἂν
971 4117 1190 4189 φονεύσῃ
1250 4115 1385 4185 (93),
1417 4117 1601 4186 ἔνοχος
1656 4116 1808 4165 ἔσται

205 4217 265 4280 τῇ
334 4215 527 4282 κρίσει.
583 4206 716 4263 Ἐλὼ
771 4203 831 4259 ὁδε
878 4205 1008 4278 λέγω
1057 4205 1201 4277 ύμῖν,
1245 4210 1346 4266 πᾶς
1386 4204 1412 4256 6
1470 4202 1808 4277 ὀργιζομενος

206 4296 279 4368 τῷ
343 4296 548 4372 ἀδελφῷ
614 4297 778 4350 αὐτου
818 4295 927 4354 εἰκῆ
956 4315 970 4329 ·
1021 4297 1198 4366 ἔνοχος
1273 4295 1418 4345 ἔσται
1474 4299 1536 4364 τῇ
1613 4295 1803 4366 κρίσει.

213 4393 379 4441 ΠΡΟΣ
447 4394 616 4442 Plui.
687 4384 762 4438 Ού
813 4386 916 4460 γὰρ
971 4385 998 4436 6
1052 4381 1101 4435 ἐν
1164 4390 1238 4453 τῷ
1294 4389 1494 4456 φανερῷ
1557 4376 1808 4441 Ἰουδαῖός

215 4473 374 4544 ἐστιν,
399 4473 523 4530 ούδὶ
553 4479 583 4535 ἠ
608 4474 658 4528 ἂν
687 4481 762 4546 τῷ
787 4480 986 4548 φανερῷ
1025 4470 1075 4524 ἐν
1119 4475 1276 4546 σαρκὶ
1301 4473 1556 4545 περιτομή
1587 4488 1603 4503 ο
1653 4466 1746 4521 ἀλλ
1783 4469 1810 4520 6

218 4563 268 4614 ἓν
316 4573 388 4636 τῷ
441 4571 660 4640 κρυπτῷ
720 4559 994 4628 Ἰουδαῖος,
1048 4565 1138 4614 καὶ
1181 4563 1435 4634 περιτομὴ
1482 4553 1705 4632 καρδίας
1761 4556 1812 4609 ἐν

219 4657 483 4727 πνεύματι,
507 4656 567 4708 ού
597 4657 894 4729 γράμματι,
921 4652 980 4704 οὗ
1011 4653 1037 4704 ὁ
1065 4654 1268 4711 ἔπαινος
1306 4648 1401 4702 ούκ
1431 4647 1484 4711 ἐξ
1505 4645 1808 4720 ἀνθρώπων,

345 4745 398 4798 ἐκ
423 4753 516 4799 τοῦ
558 4752 718 4802 Θεοῦ.

222 4848 333 4906 Ὀτι
384 4857 450 4916 ὡς
486 4853 516 4907 6
565 4856 724 4924 νόμος
773 4854 833 4904 τὸ
872 4869 926 4904 εκ
977 4852 1184 4923 μέρους,
1225 4847 1362 4899 ούτω
1391 4847 1451 4897 τὸ
1499 4842 1812 4914 Εύαγγίλιον

288 4948 342 4995 τὸ
417 4943 696 5017 ὁλόκληρον
769 4939 842 5014 ἐφ’
925 4939 1126 5011 ἑκάστῳ
1213 4944 1314 4990 τῶν
1393 4935 1814 5010 κατορθουμένων

289 5031 540 5096 ἐπιζητεῖ.

855 5116 1046 5191 Κεφάλ.
1104 5113 1170 5172 Β’.

289 5237 579 5287 ΑΟΥΚΔΣ.
639 5230 820 5282 Πάντα
873 5229 976 5279 ὃσα
1021 5224 1162 5296 ἔχεις
1216 5221 1486 5288 πώλησον,
1541 5223 1632 5272 καὶ
1683 5215 1813 5272 διά-

232 5315 308 5381 δος
362 5326 620 5393 πτωχοῖς,
679 5322 770 5371 καὶ
832 5316 959 5380 ἕξεις
1023 5315 1288 5389 θησαυρὸν
1346 5309 1396 5364 ίν
1457 5309 1663 5385 οὐρανῷ
1722 5311 1813 5360 καὶ

293 5558 393 5628 (92)
433 5559 582 5625 Reg.
614 5544 1056 5628 ἰετὶίιξθδεί-καξι
1080 5544 1295 5628 ἐνάγειν.

1907 3177 2236 3248 prophetas
2296 3195 2310 3234 :
2377 3193 2500 3234 non
2557 3178 2695 3232 veni
2751 3177 3003 3241 solvere,
3071 3175 3176 3232 sed
3239 3176 3587 3244 adimplere.

1910 3267 2156 3327 (Matth.
2188 3284 2240 3339 γ,
2262 3271 2386 3325 17)..
2403 3307 2418 3323 .
2435 3268 2648 3338 Legem
2678 3281 2819 3336 ergo
2835 3264 3199 3320 destruimus
3214 3278 3329 3334 per
3351 3263 3528 3333 ﬁdem
3542 3263 3572 3320 ?

1911 3361 2085 3418 Absit
2106 3365 2125 3416 !
2146 3358 2250 3416 sed
2290 3359 2468 3428 legem
2497 3357 2818 3413 statuimus
2846 3356 3040 3415 (Rom.
3071 3369 3153 3422 ill,
3187 3354 3301 3425 31).

2381 3501 2557 3574 265
2599 3501 2883 3556 REGULA
2919 3501 3104 3556 XLm.

1915 3611 2091 3682 Quod
2119 3607 2651 3684 quemadmodum
2688 3605 2782 3662 lex
2834 3606 3103 3662 actiones
3151 3605 3347 3662 malas
3389 3611 3572 3676 vetat,

1985 3705 2069 3761 ita
2115 3698 2511 3771 Evangelium
2549 3697 2683 3770 ipsa
2723 3696 2913 3753 animi
2963 3695 3106 3753 vitia
3156 3694 3404 3752 latentia
3434 3710 3572 3769 pro-

1984 3791 2173 3849 hibet.

2598 3911 2799 3982 Caput
2847 3913 2890 3967 l.

1987 4007 2263 4064 Audistis
2287 4005 2434 4078 quia
2463 4003 2690 4059 dictum
2713 4007 2798 4058 est
2827 4001 3125 4072 antiquis:
3153 3998 3289 4054 Non
3311 3998 3576 4055 occides:

1917 4099 2024 4172 qui
2060 4103 2261 4154 autem
2283 4093 2590 4156 occiderit.
2619 4106 2756 4147 reus
2787 4091 2900 4147 erit
2919 4089 3180 4159 judicio.
3213 4088 3343 4158 Ego
3372 4093 3582 4144 autem.

1919 4190 2052 4245 dico
2083 4185 2264 4251 vobis,
2295 4184 2437 4256 quia
2459 4183 2648 4238 omnis
2673 4182 2780 4252 qui
2816 4180 3101 4236 irascitur
3117 4180 3317 4249 fratri
3350 4193 3458 4234 suo
3497 4184 3581 4236 te-

1918 4293 2098 4342 mere,
2123 4291 2259 4332 reus
2289 4279 2401 4331 erit
2422 4272 2660 4342 judicio
2699 4269 2942 4340 (Matth.
2974 4285 3030 4335 v,
3063 4271 3152 4330 2t,
3189 4268 3396 4338 22).....
3444 4267 3582 4325 Non

1917 4368 2075 4424 enim
2107 4366 2211 4438 qui
2239 4365 2300 4420 in
2331 4363 2674 4432 manifesto,
2700 4359 2929 4416 Judeus
2967 4363 3052 4415 est
3081 4375 3095 4413 :
3143 4372 3335 4430 neque
3353 4372 3486 4429 quae
3515 4357 3583 4414 in

1845 4451 1888 4506 Ι)
1918 4457 2260 4526 manifesto,
2286 4455 2658 4522 incarne,est
2678 4449 3085 4505 circumcisio:
3108 4447 3213 4503 sed
3229 4446 3336 4517 qui
3357 4446 3420 4501 in
3451 4445 3586 4503 abs-

1920 4546 2181 4604 condito.
2203 4543 2445 4600 Judzus
2484 4545 2592 4606 est,
2624 4544 2680 4596 et
2711 4537 3085 4594 circumcisio
3135 4535 3333 4593 cordis
3357 4536 3421 4592 in
3451 4537 3583 4605 spi-

1921 4638 2072 4701 ritu,
2104 4651 2223 4690 non
2253 4634 2463 4689 littera
2505 4648 2517 4686 :
2551 4630 2727 4698 cujus
2771 4629 2904 4684 laus
2933 4643 3054 4683 non
3097 4641 3172 4684 ex
3215 4625 3578 4696 hominibus,

1922 4726 2025 4784 sed
2043 4741 2119 4784 ex
2147 4726 2268 4781 Deo
2297 4729 2379 4780 est
2409 4723 2602 4793 (Rom.
2629 4735 2688 4791 ιι,
2722 4720 2814 4786 ‘28,
2845 4720 2954 4780 29).

1925 4833 2096 4902 Quod
2129 4831 2304 4889 sicuti
2344 4830 2440 4886 lex
2482 4833 2738 4902 partem,
2789 4826 2872 4883 sic
2921 4824 3316 4896 Evangelium
3351 4822 3413 4878 in
3439 4836 3587 4877 uno-

2030 4939 2273 4997 quoque
2302 4926 2460 4978 recte
2488 4919 2648 4975 facto
2678 4916 3024 4990 expostulat
3049 4913 3475 4985 integritatem.

2583 5098 2782 5166 Caput
2824 5097 2890 5151 ll.

1998 5211 2211 5269 Omnia
2227 5219 2596 5281 quaecunque
2607 5203 2788 5260 habes
2801 5201 3004 5264 vende,
3019 5204 3075 5255 et
3095 5199 3173 5254 da
3189 5194 3587 5268 pauperibus,

1923 5309 1980 5361 et
2011 5299 2620 5359 habebisthesaurum
2647 5293 2708 5348 in
2738 5291 2886 5347 caelo
2905 5305 2927 5347 .'
2958 5294 3012 5347 et
3043 5288 3199 5356 veni,
3223 5300 3467 5359 sequere
3495 5300 3588 5344 me

709 5604 902 5682 ῐᾶἰιιο
926 5621 982 5685 ὃς
1011 5615 1056 5676 δ’
1086 5619 1148 5671 ἄν
1167 5604 1421 5692 ᾆσονεύσει.
1448 5609 1614 5684 Regii
1643 5607 1798 5685 prim

1926 5610 1958 5668 ιι
1975 5604 2184 5668 tertius
2213 5604 2460 5679 φονεύσῃ.
