4112 6172
525 247 630 303 763

1907 231 1963 286 S.
2007 225 2260 284 BASIL"
2295 221 2514 288 MAGNI

3774 244 3874 301 764

525 372 692 443 (Luc.
734 383 887 424 xvm.
928 369 1133 424 22)...”
1176 365 1242 418 In
1281 377 1402 435 quo
1427 361 1481 417 et
1526 357 1866 415 circumcisi
1903 356 2038 411 estis
2064 355 2180 410 cir-

2302 351 2470 430 δευρο,
2524 353 2792 409 ἀκολούθει
2853 378 2964 431 μοι.
2999 365 3165 414 ΠΡΟΣ
3231 365 3500 420 Κ(Ῑ)Ᾱ.Ἐν
3658 373 3742 420 καὶ
3793 389 3878 422 πε-

525 461 882 517 cumcisione
925 473 1045 514 non
1076 470 1260 510 manu
1294 453 1469 524 facta
1498 452 1561 506 in
1586 448 2023 518 exspoliatione
2048 459 2180 500 cor-

524 551 688 621 poris
713 553 1098 619 peccatorum
1129 543 1352 609 carnis,
1383 542 1447 598 in
1473 539 1923 597 circumcisione
1953 534 2184 594 Christi

529 641 782 711 (Coloss.
815 655 873 694 u.
897 640 1004 702 11).

531 746 700 814 Quod
737 745 777 800 ii
815 758 1073 812 regnum
1103 740 1395 797 caelorum
1439 735 1732 809 consequi
1771 748 1896 790 non
1927 731 2181 806 possint,

596 834 702 907 qui
752 829 1056 901 Evangelii
1098 830 1400 902 justitiam
1439 843 1563 884 non
1593 823 1966 882 ostenderint
1994 821 2186 892 majo.

599 937 728 981 rem
749 937 902 994 esse,
921 937 1114 995 quam
1133 935 1270 994 qua:
1299 919 1361 974 in
1380 918 1512 989 lege
1532 912 1971 989 prmsoribitur.

1190 1037 1380 1106 Caput
1419 1033 1516 1089 llI.

599 1148 736 1206 Nisi
761 1145 1163 1204 abundaverit
1182 1143 1431 1214 justitia
1453 1147 1653 1197 vestra
1673 1137 1819 1209 plus
1841 1151 2019 1209 quam
2041 1135 2185 1191 scri-

534 1241 744 1296 barum
763 1245 817 1294 et
839 1237 1313 1299 Pharisworum,
1351 1246 1471 1287 non
1503 1227 1807 1285 intrabitis
1839 1228 1900 1281 in
1934 1240 2186 1296 regnum

534 1330 819 1386 caelorum
847 1321 1082 1396 (Matth.
1126 1339 1184 1390 ν,
1233 1319 1443 1381 20).....
1490 1320 1552 1376 Si
1588 1317 1719 1390 quis
1759 1317 1916 1372 alius
1947 1315 2191 1371 videtur

532 1418 830 1486 conﬁdere
858 1417 921 1470 in
962 1429 1165 1479 carne,
1189 1427 1294 1482 ego
1319 1413 1529 1481 magis,
1563 1408 1952 1464 circumcisus
1978 1409 2187 1460 octavo

531 1508 644 1572 die,
679 1521 754 1561 ea:
778 1519 994 1574 genere
1013 1503 1226 1574 Israel,
1246 1502 1318 1558 de
1339 1501 1502 1558 tribu
1523 1499 1870 1568 Benjamin,
1902 1495 2187 1551 Hebraeus

529 1610 605 1652 ea:
633 1595 922 1663 Hebraeis,
967 1592 1299 1650 secundum
1336 1592 1524 1660 legem
1555 1588 1924 1656 Pharisaeus,
1972 1598 2187 1642 secun-

2293 449 2611 519 ριετμήθητε
2665 457 2918 522 περιτομῇ
2975 449 3363 526 ἀχειροποιήτῳ
3423 451 3474 508 ἐν
3532 461 3592 529 τῇ
3659 453 3879 510 ἀπεκδύ-

2294 554 2373 588 σει
2455 555 2547 589 του
2602 543 2844 610 σώματος
2910 544 3010 592 τῶν
3071 540 3334 618 ἁμαρτιῶν
3400 553 3496 607 τῆς
3567 549 3776 620 σαρκὸς,
3836 541 3879 600 ἕν

2299 632 2363 698 τῇ
2392 634 2648 699 περιτομῇ
2681 633 2772 679 τοῦ
2803 634 3058 704 Χριστοῦ.

2293 732 2412 785 Ὀτι
2451 729 2709 786 ἀδύνατον
2761 735 3149 800 καταξιωθῆναι
3189 737 3463 813 βασιλείας
3511 741 3735 818 ούρανῶν
3779 747 3881 806 τοὺς

2370 825 2442 896 μὴ
2475 823 2684 878 πλείονα
2707 831 2803 888 τῆς
2830 824 2878 878 ἐν
2907 835 2979 900 τῷ
3021 833 3161 902 νόμῳ
3190 834 3284 888 τὴν
3319 835 3460 886 κατὰ
3494 836 3550 885 τό
3590 832 3879 906 Eum/73’ro

2371 909 2714 974 δικαιοσύνην
2745 909 3216 994 ἐπιδεικνυμένους.

2941 1034 3128 1106 Κεφάλ.
3183 1034 3253 1091 Γ.

2368 1143 2752 1196 ΜΑΤΘΛΙΘΣ.
2816 1140 2930 1194 Ἐὰν
2992 1144 3066 1214 μὴ
3129 1145 3416 1217 περισσεύῃ
3487 1145 3518 1202 ἠ
3591 1140 3876 1203 δικαιοσύνη

2297 1227 2439 1302 ὑμῶν
2478 1229 2650 1283 πλεῖον
2698 1238 2798 1282 τῶν
2845 1237 3190 1305 γραμματέων
3238 1238 3328 1286 καὶ
3368 1239 3688 1307 Φαρισαίων,
3727 1235 3782 1287 οὐ
3812 1241 3873 1306 μὴ

2297 1318 2560 1376 εἰσέλθητε
2615 1318 2686 1381 εἰς
2742 1323 2836 1378 τὴν
2906 1319 3181 1393 βασιλείαν
3246 1332 3348 1376 τῶν
3414 1324 3665 1398 οὐρανῶν.
3731 1330 3877 1377 ΠΡΟΣ

2299 1413 2555 1461 ΦῙΑΙΙΙΙΙ·
2615 1411 2674 1462 Εἴ
2728 1429 2809 1469 τις
2861 1406 3010 1463 δοκεῖ
3063 1410 3214 1473 ἄλλος
3257 1415 3564 1466 πεποιθέναι
3615 1413 3664 1466 ἐν
3716 1418 3872 1487 σαρκὶ,

2298 1494 2393 1568 ἐγὼ
2444 1497 2654 1570 μᾶλλον,
2715 1504 2969 1572 περιτομὴ
3027 1501 3137 1571 (94)
3198 1499 3546 1577 ὀκταήμερος,
3608 1501 3662 1553 ἐκ
3723 1505 3877 1574 γένους

2296 1585 2524 1661 Ἰσραὴλ,
2575 1587 2736 1660 φυλῆς
2786 1592 3043 1661 Βενιαμὶν,
3077 1589 3312 1664 Ἐϐραῖος
3362 1591 3416 1654 ἐξ
3466 1589 3726 1665 Ἑϐραίων,
3763 1593 3876 1642 κατὰ

529 1685 670 1742 dum
703 1681 1144 1740 aemulationem
1193 1695 1554 1753 persequens
1603 1677 1959 1744 Ecclesiam,
1984 1689 2188 1731 secun-

2302 1681 2451 1749 νόμον
2507 1681 2794 1752 Φαρισαῖος
2819 1721 2832 1745 ,
2875 1682 3012 1732 κατὰ
3071 1679 3227 1741 ζῆλον
3295 1678 3508 1734 διώκων
3550 1683 3642 1740 τὴν
3681 1679 3875 1736 Ἐκκλη-

530 1776 670 1831 dum
703 1775 1032 1844 justitiam,
1065 1787 1199 1845 quae
1239 1773 1303 1827 in
1337 1773 1464 1842 lege
1487 1772 1592 1835 est,
1623 1773 2030 1831 conversatus,
2062 1764 2189 1820 sine

529 1864 790 1936 querela.
813 1863 932 1920 Sed
956 1877 1087 1934 qum
1107 1860 1258 1917 mihi
1286 1864 1459 1916 erant
1487 1859 1680 1924 lucra,
1711 1856 1837 1911 haec
1851 1852 2188 1910 arbitratus

530 1969 661 2009 sum
688 1958 933 2024 promer
978 1951 1288 2008 Christum
1318 1949 1699 2005 detrimenta.
1766 1945 2190 2001 Verumtamen

531 2044 802 2100 existimo
827 2042 1026 2098 omnia
1055 2041 1485 2098 detrimentum
1509 2051 1629 2093 esse
1651 2039 1908 2106 propter
1928 2032 2190 2089 eminen-

534 2138 649 2190 tem
672 2132 981 2188 scientiam
1006 2131 1147 2185 Jesu
1172 2128 1394 2184 Christi
1417 2126 1664 2181 Domini
1685 2123 1886 2178 nostri
1908 2125 2192 2189 :propter

533 2237 702 2292 quem
724 2221 921 2276 omnia
950 2219 1372 2275 detrimentum
1399 2216 1600 2286 feci,et
1632 2213 1897 2271 arbitror
1922 2216 2190 2266 stercora

535 2324 656 2366 esse
680 2314 746 2364 ut
779 2308 1087 2364 Christum
1139 2306 1548 2376 lucrifaciam,
1591 2308 1643 2358 et
1677 2301 1956 2358 inveniar
1986 2299 2048 2353 in
2079 2298 2189 2352 illo

536 2414 657 2454 non
689 2397 912 2453 habens
942 2411 1133 2452 meam
1173 2397 1500 2464 justitiam,
1525 2407 1657 2463 qua:
1686 2404 1761 2446 ex
1801 2391 1928 2459 lege
1959 2393 2065 2456 est,
2087 2386 2190 2444 sed

536 2488 709 2544 illam
749 2502 880 2558 qua:
918 2501 1031 2555 per
1055 2485 1231 2554 ﬁdem
1264 2491 1348 2540 est
1382 2482 1634 2550 Christi,
1668 2494 1798 2551 qua
1826 2493 1902 2535 ea:
1938 2479 2060 2534 Deo
2105 2480 2190 2533 est

528 2567 835 2649 justitiam
863 2575 1159 2648 (Philipp.
1192 2587 1275 2641 ιιι,
1304 2576 1444 2639 4-9).

1105 2701 1387 2756 REGULA
1441 2698 1620 2756 XLIV.

540 2789 710 2858 Quod
737 2789 955 2862 jugum
985 2787 1199 2846 Christi
1225 2804 1412 2845 suave
1459 2792 1567 2856 est,
1601 2785 1660 2840 et
1696 2797 1852 2839 onus
1883 2780 2016 2854 ejus
2065 2781 2194 2838 leve

610 2880 687 2935 ad
739 2879 1105 2935 recreandos
1150 2894 1252 2934 eos
1291 2876 1397 2950 qui
1434 2875 1586 2932 illud
1641 2871 1905 2927 subeunt
1939 2889 1952 2927 :
1987 2870 2195 2927 omnia

607 2984 750 3024 vero
773 2985 909 3041 quae
931 2967 1010 3024 ab
1034 2966 1338 3039 Evangelii
1366 2964 1642 3022 doctrina
1663 2965 1800 3017 sunt
1820 2959 2038 3030 aliena,
2063 2976 2194 3031 gra-

611 3058 711 3116 via
742 3062 882 3115 sunt
907 3063 964 3115 et
991 3073 1273 3115 onerosa.

1231 3166 1432 3235 Caput
1464 3168 1506 3221 Ι.

622 3256 826 3314 Venite
848 3257 932 3314 ad
957 3268 1068 3322 me,
1096 3269 1297 3312 omnes
1328 3255 1434 3327 qui
1464 3255 1752 3312 laboratis
1783 3259 1838 3310 et
1865 3247 2098 3310 onerati
2116 3263 2199 3306 es-

544 3347 636 3414 tis,
669 3353 724 3403 et
754 3361 860 3417 ego
889 3347 1156 3415 reﬁciam
1183 3360 1302 3401 vos.
1331 3344 1548 3401 Tollite
1556 3346 1777 3415 jugum
1802 3358 1996 3399 meum
2022 3354 2204 3410 super

545 3451 664 3503 vos,
690 3441 746 3491 et
774 3436 982 3492 discite
1018 3450 1055 3491 a
1077 3450 1167 3492 me
1195 3436 1337 3507 quia
1368 3436 1528 3490 mitis
1558 3434 1735 3506 266
1760 3449 1891 3489 sum
1921 3439 1975 3488 et
2007 3432 2201 3487 humi-

547 3527 620 3581 lis
647 3525 844 3595 corde,
876 3531 930 3580 et
953 3524 1264 3581 invenietis
1308 3525 1572 3596 requiem
1621 3521 1938 3580 animabus
1971 3521 2199 3577 vestris.

542 3616 774 3685 Jugum
802 3617 954 3670 enim
987 3629 1181 3670 meum
1211 3628 1394 3671 suave
1421 3618 1526 3680 est,
1573 3617 1627 3670 et
1669 3625 1820 3668 onus
1850 3625 2043 3668 meum
2079 3611 2206 3668 leve

547 3705 792 3779 (Matth.
823 3719 900 3777 χι,
935 3707 1142 3775 28-30),

1121 3841 1401 3896 REGULA
1460 3840 1618 3895 XLV.

553 3950 733 4016 Quod
763 3965 887 4008 non
916 3951 1181 4022 possunt
1219 3962 1410 4016 regno
1441 3944 1736 4002 caelorum
1784 3944 1949 4015 digni
1995 3942 2208 4000 haberi

621 4035 682 4103 ii,
737 4033 842 4109 qui
887 4035 1040 4090 inter
1079 4050 1139 4088 se
1195 4047 1318 4088 non
1366 4030 1684 4086 imitantur
1725 4045 1862 4086 eam
1912 4028 2205 4086 conditio-

621 4125 714 4181 nis
753 4123 1186 4197 aequalitatem,
1228 4136 1416 4194 quam
1456 4120 1626 4192 pueri
1656 4119 1810 4175 inter
1851 4135 1913 4174 se
1945 4119 2205 4175 invicem

625 4219 888 4271 servant.

1236 4319 1434 4389 Caput
1488 4317 1528 4374 Ι.

627 4411 816 4467 Amen
863 4410 997 4466 dico
1046 4409 1228 4475 vobis,
1266 4411 1386 4465 nisi
1414 4407 1688 4465 conversi
1709 4408 1970 4476 fueritis,
1995 4414 2050 4464 et
2080 4407 2206 4477 εἰνὶ·
2243 4413 2289 4467 Ι)

558 4501 806 4558 ciamini
849 4502 1000 4556 sicut
1045 4500 1316 4569 parvuli,
1343 4513 1468 4555 non
1513 4498 1820 4555 intrabitis
1871 4500 1931 4554 in
1962 4513 2212 4570 regnum

558 4593 843 4649 caelorum
875 4590 1110 4662 (Matth.
1139 4605 1292 4659 xvm,
1327 4590 1399 4659 3).

561 4699 732 4767 Quod
755 4699 860 4772 qui
882 4700 1174 4770 majorem
1206 4697 1460 4767 gloriam
1490 4696 1732 4767 assequi
1755 4697 1920 4769 cupit
1939 4697 1998 4752 in
2023 4711 2213 4767 regno

631 4790 944 4857 caelorum,
967 4789 1016 4845 is
1041 4788 1261 4844 debeat
1290 4787 1386 4844 hic
1413 4785 1818 4844 humilitatem
1850 4791 1906 4844 et
1930 4787 2212 4845 ultimum

630 4880 834 4936 locum
871 4877 1176 4952 amplecti.

1235 4986 1434 5042 Canut
1465 4987 1532 5040 ll.

1235 5001 1532 5055 UdellL

635 5079 988 5149 Quicunque
999 5091 1138 5147 ergo
1161 5075 1501 5132 humiliabit
1518 5090 1578 5132 se
1598 5076 1750 5132 sicut
1763 5077 2064 5146 parvulus
2085 5078 2213 5145 iste,

566 5169 663 5227 hic
681 5176 769 5227 est
788 5171 988 5239 maior
1007 5169 1069 5225 in
1091 5183 1276 5239 regno
1296 5168 1604 5224 ctelorum.
1621 5167 1740 5225 Sed
1758 5169 2103 5240 quicunque
2121 5183 2218 5224 vo-

637 5361 752 5435 (94)
785 5361 922 5427 Reg.
952 5357 1158 5435 tertius
1174 5367 1426 5433 περιτομῇ
1451 5374 1590 5416 cum
1612 5356 2028 5416 circumﬂexo:
2053 5359 2219 5435 quod

565 5428 968 5503 fortassenon
995 5431 1076 5503 ita
1097 5428 1374 5503 ineptum
1391 5428 1500 5487 est.

637 5502 751 5572 (95)
789 5501 880 5577 Sic
911 5501 1144 5577 antiqui
1171 5501 1290 5577 tres
1318 5501 1455 5558 libri
1493 5506 1708 5577 praeter
1755 5505 2219 5577 Messanensem.

564 5578 780 5636 Totum
823 5573 996 5644 illud,
1044 5572 1140 5634 τὴν
1185 5572 1241 5627 ἐκ
1291 5572 1522 5648 “item;
1569 5573 1625 5631 ἐκ
1674 5582 1809 5640 Θεοῦ
1857 5574 2222 5653 δικαιοσύνην,

2300 1772 2420 1820 σίαν
2447 1809 2461 1834 ,
2533 1772 2670 1821 κατὰ
2727 1765 3072 1828 δικαιοσύνην
3152 1776 3248 1830 τὴν
3329 1770 3386 1823 ἐν
3447 1774 3587 1844 νόμῳ
3645 1776 3876 1844 γενόμενος

2299 1860 2587 1932 ἄμεμπτος.
2646 1858 2780 1911 Ἀλλ’
2839 1861 2991 1912 ἅτινα
3049 1857 3110 1918 ἦν
3161 1880 3252 1933 μοι
3309 1857 3504 1936 κέρδη,
3551 1868 3714 1913 ταῦτα
3762 1861 3875 1930 ἡγη-

2297 1968 2394 2020 μαι
2453 1945 2546 2000 διὰ
2596 1951 2681 2000 τὸν
2749 1952 2983 2022 Χριστὸν
3053 1949 3270 2022 ζημίαν.
3317 1950 3481 2003 Ἀλλὰ
3532 1951 3619 2021 μὶν
3673 1945 3752 2001 οὖν
3801 1953 3874 2000 καὶ

2297 2039 2535 2111 ἠγοῦμαι
2593 2039 2788 2110 ζημίαν
2836 2041 3011 2091 πάντα
3075 2037 3205 2093 εἶναι
3263 2036 3365 2092 διὰ
3413 2043 3472 2093 τὸ
3523 2041 3763 2113 ὑπερέχον
3799 2045 3877 2098 τῆς

2297 2133 2531 2199 γνώσεως
2595 2127 2773 2186 Ἰησοῦ
2837 2134 3074 2202 Χριστοῦ
3138 2136 3228 2181 τοῦ
3297 2134 3504 2202 Κυρίου
3569 2130 3745 2201 ἡμῶν,
3811 2121 3871 2190 δι,

2299 2217 2352 2268 ὃν
2382 2219 2446 2270 τὰ
2475 2220 2646 2270 πάντα
2681 2217 3005 2290 ἐζημιώθην,
3045 2223 3134 2271 καὶ
3184 2221 3424 2292 ἠγοῦμαι
3471 2216 3698 2271 σκύϐαλα
3749 2212 3870 2281 εἶναι,

2302 2308 2385 2358 ἱνα
2431 2309 2661 2381 Χριστὸν
2708 2303 2975 2382 κερδήσω,
3015 2313 3104 2362 καὶ
3143 2309 3331 2381 εὑρεθῶ
3395 2307 3445 2361 ἕν
3493 2309 3630 2378 αὐτῷ
3666 2309 3731 2379 μὴ
3761 2307 3874 2374 ἔχων

2303 2397 2432 2471 ἐμὴν
2482 2395 2836 2456 δικαιοσύνην
2884 2403 2982 2457 τὴν
3029 2397 3083 2450 ἐκ
3141 2403 3299 2471 νόμου
3329 2397 3466 2469 (95),
3501 2395 3626 2450 ἀλλὰ
3669 2399 3752 2454 τὴν
3798 2389 3875 2446 διὰ

2301 2492 2528 2549 πίστεως
2558 2495 2812 2560 Χριστοῦ,
2847 2492 2942 2548 τὴν
2981 2489 3038 2542 ἑκ
3077 2495 3211 2542 Θεοῦ
3251 2485 3620 2546 δικαιοσύνην.

2948 2718 3116 2766 ΟΡΟΣ
3145 2712 3268 2767 MA'.

2308 2799 2427 2853 *Οτι
2457 2802 2484 2853 ὁ
2516 2801 2671 2873 ζυγὸς
2717 2809 2810 2854 τοῦ
2862 2810 3100 2875 Χριστοῦ
3143 2807 3416 2876 χρηστὸς,
3460 2807 3550 2855 καὶ
3591 2803 3648 2854 τό
3698 2799 3872 2872 φορτίον

2384 2891 2541 2945 αὑτοῦ
2589 2890 2800 2965 ἐλαφρόν
2868 2895 3008 2944 ἐστιν
3075 2894 3142 2954 εἰς
3200 2892 3501 2946 ἀνάπαυσιν
3551 2899 3646 2944 τῶν
3681 2882 3870 2940 καταδε-

2376 2986 2652 3056 χομένων·
2725 2984 2898 3036 πάντα
2966 2976 3025 3038 δὲ
3081 2988 3146 3036 τὰ
3201 2984 3452 3058 ἀλλότρια
3510 2991 3602 3056 τῆς
3651 2979 3772 3032 κατὰ
3823 2977 3870 3026 τὸ

2380 3071 2692 3144 Εὖαγγέλιον
2712 3068 3071 3154 διδασκαλίας
3093 3074 3263 3152 βαρέα
3280 3079 3377 3128 καὶ
3392 3073 3625 3152 φορτικά.

2949 3181 3139 3255 Ksed}.
3191 3189 3232 3237 Λ
3251 3223 3266 3238 .

2381 3270 2750 3328 ΜΑΤΘΑΙΟΣ.
2799 3277 2951 3325 Δεῦτε
3003 3274 3182 3334 πάντες
3229 3275 3368 3347 πρὸς
3412 3292 3495 3346 με,
3536 3272 3584 3324 οἱ
3634 3269 3872 3322 κοπιᾶντες

2309 3364 2399 3412 καὶ
2436 3366 2857 3434 πεφορτισμένοι,
2892 3358 3036 3433 κάγὼ
3077 3364 3371 3414 ἀναπαύσω
3402 3364 3554 3435 ὑμᾶς.
3581 3357 3756 3430 Ἀρατε
3799 3353 3869 3402 τὸν

2312 3450 2472 3521 ζυγόν
2519 3469 2618 3523 μου
2665 3450 2739 3522 ἐφ’
2781 3453 2933 3525 ὑμᾶς,
2966 3456 3056 3504 και
3098 3454 3284 3525 μάθετε
3334 3451 3427 3504 ἀπ’
3473 3450 3610 3523 ἐμοῦ,
3639 3448 3708 3498 ὅτι
3734 3444 3871 3517 πρᾶός

2313 3540 2419 3614 εἰμι
2448 3546 2536 3593 καὶ
2584 3544 2819 3602 ταπεινὸς
2844 3550 2903 3615 τῇ
2938 3539 3156 3616 καρδίᾳ,
3203 3546 3295 3595 καὶ
3345 3543 3589 3616 εὑρήσετε
3614 3537 3870 3590 ἀνάπαυσιν

2311 3637 2423 3690 ταῖς
2453 3629 2661 3702 ψυχαῖς
2689 3632 2851 3704 ὑμῶν.
2890 3631 2948 3684 Ὀ
2977 3635 3076 3707 γὰρ
3108 3633 3270 3704 ζυγός
3310 3651 3418 3704 μου
3453 3630 3698 3704 χρηστὸς,
3725 3619 3869 3676 καὶτὸ

2316 3725 2520 3796 φορτίον
2540 3741 2640 3794 μου
2671 3719 2885 3797 ἐλαφρόν
2915 3722 3079 3778 ἐστιν.

2943 3865 3108 3913 οΡοΣ
3146 3857 3270 3913 ME'.

2313 3963 2435 4018 Ὀτι
2483 3963 2741 4021 ἀδύνατον
2789 3965 3179 4028 καταξιωθῆναι
3227 3965 3505 4038 βασιλείας
3541 3962 3749 4036 οὐρανῶν
3769 3954 3869 4012 τοὺς

2385 4061 2459 4130 μὴ
2522 4053 2750 4111 παιδίων
2816 4060 2946 4131 πρὸς
2999 4055 3198 4114 ἄλληλα
3251 4056 3513 4129 ἰσοτιμίαν
3573 4050 3620 4104 ἐν
3668 4044 3869 4103 ἀλλήλοις

2385 4151 2751 4222 μιμουμένους.

2975 4326 3164 4399 Κεφάλ.
3194 4325 3252 4379 Α’

2390 4423 2756 4472 ΜΑΤΘΑΙΟΣ.
2815 4416 2981 4490 Ἀμην
3024 4417 3155 4489 λέγω
3203 4418 3344 4490 ὑμῖν,
3379 4415 3463 4469 ἐὰν
3508 4417 3576 4487 μὴ
3628 4411 3863 4483 στραφῆτε,

2320 4512 2411 4561 καὶ
2448 4510 2669 4580 γένησθε
2707 4511 2770 4568 ὡς
2813 4511 2880 4560 τὰ
2917 4503 3133 4578 παιδία,
3182 4507 3241 4560 ού
3295 4511 3367 4580 μὴ
3409 4503 3660 4559 εἰσέλθητε
3703 4496 3766 4557 εἰς
3791 4494 3866 4545 τὴν

2323 4598 2596 4672 βασιλείαν
2627 4607 2727 4651 τῶν
2755 4599 3004 4674 οὐρανῶν.

2319 4706 2440 4760 Ὀτι
2482 4704 2565 4760 δεῖ
2589 4712 2678 4759 τὸν
2711 4705 3063 4780 ἐπιθυμοῦντα
3091 4706 3327 4779 μείζονος
3350 4702 3502 4766 δόξης
3529 4689 3864 4758 καταξιωθῆναι

2393 4797 2445 4850 ἓν
2472 4806 2532 4870 τῇ
2570 4796 2816 4870 βασιλείᾳ
2840 4805 2939 4848 τῶν
2966 4796 3193 4872 οὐρανῶν
3234 4799 3294 4848 τὸ
3320 4794 3534 4848 ἐνταῦθα
3554 4783 3769 4841 ταπεινὸν
3793 4775 3865 4827 καὶ

2394 4890 2623 4960 ἔσχατον
2647 4885 2875 4959 ἀγαπᾷν.

2995 4976 3181 5050 Κεφάλ.
3217 4975 3264 5029 Β’

2393 5075 2777 5124 ΜΑΤΘΑΙΟΣ.
2844 5066 3031 5129 Ὀστις
3071 5045 3184 5119 ὀὖν
3249 5069 3549 5120 ταπεινώσει
3611 5056 3718 5128 (97)
3764 5045 3862 5098 ἑαν-

2324 5161 2433 5229 τὸν,
2491 5163 2556 5221 ὡς
2618 5161 2678 5212 τὸ
2730 5153 2945 5212 παιδίον
3005 5164 3178 5226 τοῦτο,
3239 5156 3390 5220 οὗτος
3442 5151 3575 5208 ἐστιν
3625 5147 3648 5199 ὁ
3701 5135 3862 5213 μείζων

2329 5359 2497 5416 deest
2525 5359 2586 5414 in
2613 5357 2872 5414 editione
2899 5356 3238 5414 Parisiensi.

2401 5430 2740 5501 (96),Nostri
2769 5434 2887 5487 tres
2935 5445 3082 5486 mss.
3128 5432 3186 5484 et
3228 5430 3490 5501 utraque
3518 5415 3862 5501 editioufgjfj‘

2334 5485 2826 5560 malignam
2857 5485 3028 5560 sacer
3054 5505 3253 5559 textus
3296 5485 3562 5569 vulgatus
3590 5485 3856 5544 ταπεινώσῃ,

2333 5579 2677 5674 quicunque
2703 5571 3116 5653 humiliatith
3141 5588 3230 5633 se.
3569 5615 3572 5618 .
