4112 6172
583 282 686 338 767

675 506 768 561 Vae
824 504 1012 571 vobis,
1062 503 1278 561 scriba
1302 511 1358 562 et
1385 505 1704 571 Pharisaei,
1733 504 2083 574 hypocritae,
2110 503 2253 576 quia

599 595 915 652 decimatis
943 593 1270 657 mentitam.
1311 601 1367 651 et
1412 595 1720 664 anethum,
1753 600 1807 650 et
1837 594 2168 663 cyminum,
2197 597 2254 649 et

594 686 956 756 reliquistis,
986 699 1118 756 quae
1136 687 1426 755 graviora
1463 691 1602 740 sunt
1632 684 1800 754 legis,
1832 683 2159 753 Judicium,
2199 686 2254 738 et

603 774 1102 835 misericordiam,
1143 779 1200 828 et
1242 774 1441 842 ﬁdem.
1472 775 1618 830 Haec
1647 775 1914 842 oportuit
1935 773 2164 842 facere,
2199 775 2255 828 et

603 862 714 916 illa
733 877 854 916 non
875 863 1160 918 omittere.
1193 863 1386 918 Duces
1418 865 1578 930 εκεῖ,
1606 862 1949 918 excolantes
1981 862 2252 930 culicem,

613 953 908 1008 camelum
932 957 1129 1008 autem
1155 952 1483 1024 glutientes
1501 952 1700 1014 (Matt.
1724 965 1886 1022 mu,
1919 954 2009 1019 23,
2031 950 2146 1010 24).

1148 1175 1433 1232 REGULA
1492 1176 1692 1232 XLVII.

601 1283 772 1352 Quod
804 1299 926 1339 non
957 1286 1231 1356 oporteat
1276 1297 1652 1356 quemquam
1685 1281 1799 1350 sibi
1828 1280 1945 1354 ipsi
1969 1279 2252 1352 colligere

664 1374 1017 1429 thesaurum
1049 1389 1110 1428 in
1151 1377 1330 1437 terra,
1357 1371 1466 1429 sed
1503 1373 1564 1429 in
1610 1371 1762 1428 cmlo

662 1461 883 1519 modus
913 1460 1236 1532 colligendi
1267 1461 1535 1518 thesauri
1560 1461 1624 1518 in
1649 1459 1822 1518 coelo.

1271 1596 1468 1666 Caput
1521 1598 1561 1652 Ι.

663 1706 866 1762 Nolite
888 1705 1304 1762 thesaurizare
1328 1705 1490 1761 vobis
1514 1705 1825 1763 thesauros
1855 1722 1917 1760 in
1940 1710 2129 1773 terra,
2153 1703 2257 1759 ubi

599 1797 759 1852 tinea
787 1801 842 1851 et
873 1810 1080 1865 wrugo
1108 1795 1456 1864 demolitur,
1488 1802 1543 1851 et
1578 1795 1683 1851 ubi
1723 1797 1896 1866 fures
1927 1795 2246 1864 eﬂ'odiunt,

591 1891 648 1942 et
683 1886 1004 1955 furantur.
1052 1886 1478 1941 Thesaurizate
1505 1892 1705 1942 autem
1735 1884 1898 1941 vobis
1943 1884 2255 1941 thesauros

593 1976 659 2030 in
683 1977 850 2044 creto,
883 1975 988 2030 ubi
1015 1990 1208 2046 neque
1241 1977 1427 2042 tinea,
1458 1991 1650 2048 neque
1677 1990 1876 2046 aerugo
1906 1973 2254 2040 demolitur,

595 2071 649 2120 et
691 2065 798 2119 ubi
834 2065 1002 2120 fures
1033 2079 1153 2120 non
1184 2065 1501 2134 effodiunt,
1532 2080 1642 2122 nec
1676 2066 1980 2134 [urantur
2008 2063 2254 2134 (Matth.

594 2169 666 2214 iv,
705 2154 1006 2223 t9-20).....
1049 2152 1294 2209 Vendite
1317 2167 1450 2224 quze
1473 2153 1810 2224 possidetis,
1843 2158 1899 2208 et
1925 2151 2067 2209 date
2114 2152 2258 2208 etee-

591 2251 931 2306 mosynam.
958 2237 1167 2292 Facite
1207 2237 1368 2292 vobis
1397 2239 1670 2294 sacculos
1696 2238 1803 2309 qui
1847 2252 1968 2292 non
2000 2243 2258 2293 veteras-

593 2331 763 2390 cunt,
789 2325 1133 2381 thesaurum
1156 2340 1276 2380 non
1299 2325 1666 2395 deficientem
1693 2327 1758 2381 in
1781 2326 1939 2381 cavlis
1971 2327 2128 2394 (Luc.
2149 2340 2254 2392 xu,

593 2415 802 2484 33)....
831 2415 1046 2470 Omnia
1065 2430 1432 2488 quaecunque
1470 2415 1648 2471 habes
1675 2414 1881 2476 vende.
1911 2420 1968 2470 et
1988 2415 2069 2470 da
2103 2429 2261 2484 pau-

585 2504 863 2575 peribus.
886 2509 942 2560 et
973 2502 1212 2560 habebis
1245 2504 1599 2560 thesaurum
1630 2504 1693 2558 in
1733 2502 1892 2560 caelis
1920 2504 2073 2573 (Luc
2096 2518 2256 2566 xvm,

594 2593 811 2665 22).....
845 2594 918 2650 Ut
944 2593 1134 2662 facile
1160 2592 1452 2658 tribuant,
1501 2592 2263 2660 communicent,thesauri-

597 2689 732 2739 zent
768 2682 885 2736 sibi
909 2682 1374 2751 fundamentum
1415 2681 1632 2736 bonum
1672 2683 1735 2736 in
1771 2682 2105 2752 futurum;
2142 2697 2260 2753 quo

597 2770 1075 2840 apprehendant
1103 2785 1307 2826 veram
1339 2771 1524 2826 vitam
1557 2771 1615 2839 (I
1645 2771 1796 2828 Tim.
1819 2787 1895 2839 vx,
1922 2773 2008 2840 18,
2045 2774 2152 2839 l9).

1136 2913 1420 2968 REGULA
1457 2911 1712 2970 XLVIII.

598 3018 773 3086 Quod
794 3022 1032 3091 oportet
1069 3018 1348 3091 quemvis
1378 3018 1836 3076 misericordem
1861 3034 1992 3076 esse
2022 3024 2079 3076 et
2105 3018 2258 3076 libe-

664 3108 856 3165 ralem
889 3125 902 3164 :
933 3106 1039 3181 qui
1089 3106 1254 3164 enim
1313 3123 1439 3165 non
1494 3112 1634 3166 sunt
1689 3109 2063 3182 hujusmodi,
2093 3125 2263 3168 coar-

665 3202 954 3269 guuntur.

1284 3305 1484 3375 Caput
1523 3306 1564 3362 Ι.

664 3412 846 3468 Beati
874 3410 1316 3478 misericordes,
1340 3410 1625 3482 quoniam
1652 3412 1770 3482 ipsi
1786 3413 2261 3470 misericordiam

597 3506 1045 3572 consequentur
1071 3499 1314 3571 (Matth.
1345 3515 1402 3571 γ,
1427 3500 1600 3570 7).....
1626 3501 1804 3557 Omni
1812 3505 2047 3572 petenti
2066 3509 2140 3570 te,
2156 3505 2261 3559 tri-

595 3590 706 3646 bue
724 3590 891 3660 (Luc.
923 3605 1004 3658 γι,
1028 3591 1239 3652 30).....
1286 3588 1464 3660 268
1484 3590 1620 3646 Sine
1642 3591 1977 3662 affectione,
2010 3593 2140 3648 sine
2161 3593 2266 3647 mi.

593 3679 947 3746 sericordia,
993 3677 1099 3749 qui
1145 3692 1279 3733 cum
1321 3678 1632 3747 justitiam
1681 3681 1792 3735 Dei
1826 3682 2262 3750 cognovissent,

595 3783 808 3837 nempe
856 3777 1015 3840 quoa
1063 3768 1172 3838 qui
1200 3767 1354 3823 talia
1401 3773 1616 3838 agunt,
1671 3768 1845 3838 digni
1888 3776 2028 3824 sunt
2075 3776 2266 3826 morte

587 3858 782 3928 (Rom.
814 3871 856 3927 ι,
896 3859 988 3925 at,
1017 3857 1238 3926 32).....
1282 3855 1355 3912 Ut
1378 3856 1568 3927 facile
1598 3857 1896 3921 tribuant,
1928 3861 2264 3915 communi-

590 3951 729 4004 cent
767 3945 822 4018 (ι
851 3945 1002 4000 Tim.
1033 3958 1112 4015 γι,
1149 3945 1258 4015 l8).

594 4049 772 4118 Quod
797 4048 1100 4123 quidquid
1149 4047 1422 4120 possidet
1477 4048 1789 4122 quispiam
1830 4049 1984 4107 ultra
2023 4067 2097 4108 ea
2126 4068 2262 4125 quae

662 4139 742 4198 ad
797 4141 988 4196 vitam
1043 4137 1394 4194 necessaria
1442 4143 1603 4205 sunt,
1636 4137 1816 4194 debet
1861 4138 1926 4195 id
1978 4140 2263 4198 beneﬁcii

659 4229 795 4286 loco
819 4227 1154 4302 impertire,
1175 4242 1247 4283 ex
1265 4225 1557 4283 mandato
1581 4227 1835 4297 Domini,
1858 4229 1963 4302 qui
1985 4246 2055 4288 ea.
2080 4230 2260 4288 etiam

666 4336 805 4392 quas
835 4318 1163 4388 habemus,
1185 4315 1437 4390 largitus
1457 4322 1570 4374 est.

1270 4442 1467 4514 Caput
1512 4445 1579 4500 ll.

671 4551 787 4620 Qui
815 4550 989 4606 habet
1018 4549 1170 4606 duas
1200 4551 1456 4618 tunicas,
1489 4551 1587 4607 det
1617 4568 1737 4608 non
1760 4551 2006 4610 habenti
2033 4570 2046 4608 :
2079 4561 2134 4610 et
2161 4555 2270 4626 qui

599 4641 779 4698 habet
802 4654 987 4707 escas,
1009 4640 1292 4694 similiter
1311 4640 1509 4708 faciat
1535 4642 1705 4709 (Luc.
1747 4655 1823 4712 ιιι,
1854 4644 1956 4712 Η).
2107 4644 2266 4710 Quid

597 4733 754 4787 enim
794 4727 974 4785 habes
1020 4727 1182 4799 quod
1227 4743 1348 4782 non
1401 4730 1728 4796 accepisti?
1758 4732 1812 4797 (Ι
1839 4731 1978 4787 Cor.
2014 4746 2092 4798 iv,
2123 4733 2256 4802 7)...

607 4821 816 4878 Vestra
841 4817 1220 4874 abundantia
1240 4817 1484 4872 illorum
1519 4818 1786 4886 inopiam
1822 4820 2153 4890 suppleat;
2197 4828 2266 4877 ut

596 4919 652 4970 et
694 4912 947 4968 illorum
990 4907 1372 4964 abundantia
1403 4913 1614 4963 vestra:
1645 4909 1866 4978 inopia
1897 4912 1971 4966 sit
2015 4913 2265 4981 supple-

598 5006 888 5065 mentum,
911 5003 977 5054 ut
999 4997 1109 5067 ﬁat
1132 4997 1476 5069 aequalitas,
1493 4997 1647 5054 sicut
1673 4999 1967 5068 scriptum
1993 5009 2077 5056 est
2102 5001 2268 5068 :Qui-

592 5090 881 5154 multum,
911 5101 1036 5143 non
1063 5085 1398 5142 abundavit
1419 5102 1433 5142 :
1457 5091 1509 5142 et
1533 5088 1638 5157 qui
1649 5087 1965 5155 modicum,
2008 5105 2131 5146 non
2158 5092 2266 5147 mi-

599 5180 841 5238 noravit
873 5177 966 5248 (II
993 5177 1134 5234 Cor.
1167 5191 1290 5244 vm,
1321 5177 1408 5245 14,
1437 5179 1497 5231 15
1516 5176 1760 5248 ;Εα·οιι.
1789 5194 1889 5234 xv:
1923 5182 2034 5247 18).

666 5359 743 5429 (2)
763 5357 1028 5429 Utraque
1045 5353 1229 5412 editio
1241 5352 1337 5429 ini
1351 5362 1414 5426 γῆ
1429 5376 1468 5429 ς.
1494 5358 1565 5410 At
1601 5371 1749 5410 mss.
1765 5359 1885 5429 tres
1921 5355 2006 5408 im
2037 5365 2099 5415 τῆ
2113 5378 2134 5419 ς
2149 5366 2265 5428 γῆς,

611 5500 622 5510 υ
667 5425 749 5500 (3)
769 5425 1030 5512 flntiQui
1070 5433 1190 5484 tres
1238 5425 1376 5483 libri
1427 5426 1736 5500 ἐπιγνόντες.
1782 5428 2044 5500 Utraque
2086 5425 2270 5485 editio

601 5515 934 5572 επιγνωντες.

670 5567 754 5643 (ᾖ)
790 5568 1058 5642 Utraque
1079 5569 1264 5627 editio
1285 5569 1347 5623 ἂν
1369 5571 1486 5642 ἔχει
1512 5589 1594 5635 τις
1615 5569 1768 5624 πλέον
1791 5589 1885 5626 του
1917 5567 2182 5646 δεομένου.

1997 269 2252 328 BASILII
2309 269 2550 326 MAGNI.

1247 397 1448 467 Caput
1491 395 1582 454 ιιι.
2277 401 2326 454 Α

1819 1387 1832 1427 :
1885 1375 1944 1428 et
1988 1369 2126 1444 quis
2177 1369 2253 1426 sit
2297 1365 2306 1372 ’

3713 284 3728 290 ‘
3801 274 3890 327 768

3019 390 3189 464 Κεφάλ
3228 389 3298 445 Γ’.
3753 456 3760 460 _

2431 503 2800 555 ΜΛΤΘΑΙΟΣ.
2834 499 2970 550 Οὐαὶ
2999 499 3140 571 ὑμῖν,
3171 503 3493 572 γραμματεῖς
3531 501 3615 549 καὶ
3642 501 3896 574 Φαρισαῐοὶ,

2360 593 2667 665 ὑποκριταὶ,
2724 590 2806 642 ὅτι
2864 584 3251 641 ἀποδεκατοῦτε
3301 589 3357 639 τὸ
3412 581 3686 659 ἡδύοσμον,
3738 592 3898 641 καὶτὸ

2360 681 2575 746 ἄνηθον,
2621 683 2712 730 καὶ
2766 681 2824 730 τό
2874 680 3109 750 κύμινον,
3166 680 3258 728 καὶ
3303 673 3526 748 ἀφήκατε
3566 677 3626 727 τὰ
3678 673 3905 750 βαρύτερα

2359 777 2452 824 τοῦ
2513 773 2698 843 νόμου,
2760 771 2854 826 τὴν
2917 773 3113 842 κρίσιν,
3173 769 3262 818 καὶ
3322 768 3406 818 τὸν
3485 764 3632 832 ἔλεον,
3692 771 3772 817 καί
3827 770 3902 824 τήν

2360 864 2560 914 πίστιν.
2617 864 2799 910 Ταῦτα
2860 853 2965 909 ἔδει
3021 865 3266 920 ποιῆσαι,
3334 851 3541 906 κάκεῖνα
3589 857 3656 926 μὴ
3719 852 3904 926 ἀφιέναι.

2361 945 2588 1019 Ὀδηγοὶ
2634 945 2816 1019 τυφλοὶ
2863 950 2913 998 οἱ
2963 941 3282 1008 διυλίζοντες
3338 946 3423 996 τὸν
3468 947 3696 1011 κώνωπα,
3739 946 3820 1001 τήν
3859 940 3905 996 δε

2359 1037 2593 1113 κάμηλον
2612 1054 3000 1098 καταπινοντες.

2999 1175 3165 1222 ΟΡΟΣ
3195 1167 3320 1226 ΜΖ.

2363 1288 2462 1334 Οτι
2509 1279 2569 1334 οὐ
2601 1275 2685 1332 δεῖ
2725 1277 3070 1351 θησαυρίζειν
3120 1275 3283 1330 ἑαυτῷ
3332 1273 3416 1328 ἐπὶ
3457 1283 3547 1335 τῆς
3574 1281 3670 1345 γῆς
3705 1272 3792 1343 (2),
3823 1270 3909 1322 ἀλλ’

2431 1369 2482 1423 ἐν
2521 1369 2724 1443 οὐρανῷ
2749 1389 2764 1403 ο
2806 1371 2892 1422 καὶ
2924 1371 3003 1431 τίς
3032 1367 3060 1420 ὀ
3081 1371 3273 1440 τρόπος
3307 1373 3400 1422 τοῦ
3439 1363 3487 1418 ἐν
3521 1361 3708 1439 οὐρανῷ
3743 1362 3912 1420 θησαυ-

2435 1459 2622 1533 ρίζεεν.

3000 1590 3190 1663 Κεφάλ.
3239 1588 3316 1648 Χ.

2439 1705 2798 1757 ΜΛΤΘΑΙΟΣ.
2831 1703 2918 1758 Μὴ
2968 1698 3322 1773 θησαυρίζετε
3359 1698 3481 1769 ὑμῖν
3536 1694 3813 1765 θησαυροὺς
3852 1688 3920 1741 ἐπὶ

2363 1800 2458 1854 τῆς
2509 1801 2627 1864 γῆς,
2685 1791 2817 1843 ὅπου
2870 1793 2965 1849 σὴς
3006 1792 3097 1840 καὶ
3151 1786 3355 1862 βρῶσις
3406 1783 3658 1858 ἀφανίζει,
3696 1784 3776 1832 καὶ
3815 1780 3918 1830 ὅπου

2364 1882 2580 1935 κλέπται
2608 1877 2643 1932 δ
2649 1881 2961 1956 ιορύσσουσι
2999 1881 3089 1929 καὶ
3114 1875 3429 1949 κλέμτουσι.
3463 1870 3800 1943 Θησαυρίζετε
3823 1868 3921 1940 ὑμῖν

2368 1974 2668 2044 θησαυροὺς
2730 1967 2780 2021 ὶν
2843 1967 3065 2040 οὐρανῷ,
3115 1968 3244 2020 ὃπου
3298 1968 3429 2018 οὔτε
3487 1967 3575 2024 σὴς
3615 1961 3723 2013 οὐτε
3764 1956 3926 2031 βρῶσις

2367 2060 2626 2135 ἀφανίζει,
2676 2062 2766 2112 καὶ
2821 2058 2948 2110 ὅπου
3001 2055 3220 2110 κλέπται
3276 2055 3335 2108 οὐ
3413 2050 3791 2129 διορύσσουσιν,
3830 2041 3928 2098 οὐδε

2366 2150 2696 2204 κλέπτουσιν.
2729 2152 3017 2204 ΛΟΥΚΑΣ.
3059 2144 3346 2204 Πωλήσατε
3390 2146 3457 2196 τά
3485 2143 3781 2216 ὑπάρχοντα
3797 2138 3925 2209 ὐμῶν,

2366 2244 2457 2292 καὶ
2485 2235 2607 2291 δότε
2647 2237 3018 2310 ἐλεημοσύνην.
3053 2238 3310 2293 Ποιήσατε
3347 2231 3565 2294 ἑαυτοῖς
3606 2227 3837 2303 βαλάντια
3871 2227 3927 2296 μή

2367 2328 2762 2401 παλαιούμενα·
2823 2327 3087 2399 θησαυρὸν
3155 2322 3495 2376 ἀνέκλειπτον
3564 2327 3664 2380 τοῖς
3718 2317 3930 2388 οὐρανοῖς.

2371 2397 2658 2472 ΛΟΥΚΔ-Σ.
2725 2413 2901 2468 Πάντα
2955 2397 3057 2467 ὅσα
3111 2415 3258 2486 ἔχεις
3309 2411 3590 2477 πώλησον,
3651 2411 3735 2460 καὶ
3783 2397 3935 2460 διάδος

2371 2514 2630 2578 πτωχοῖς,
2661 2509 2748 2557 καὶ
2779 2504 2905 2568 ἔξεις
2939 2505 3202 2579 θησαυρόν
3229 2500 3277 2554 ἐν
3309 2501 3578 2578 οὖρανοίς.
3619 2502 3774 2551 ΠΡΟΣ
3819 2497 3934 2545 ΤΙΜ.

2372 2596 2442 2650 α’.
2472 2591 2865 2668 Εὐμεταδότους
2890 2590 3040 2666 εἶναι,
3069 2596 3392 2645 κοινωνικοῦ
3404 2612 3443 2659 ς,
3467 2583 3939 2659 ἀποθησαυρίζοντας

2373 2686 2575 2748 ἑαυτοῖς
2610 2683 2842 2757 θεμέλιον
2877 2682 3036 2737 καλὸν
3068 2682 3138 2746 εἰς
3178 2685 3238 2734 τὸ
3277 2680 3496 2755 μέλλον,
3538 2683 3622 2732 ἵνα
3647 2673 3941 2731 ἐπιλάϐωνται

2374 2783 2470 2838 τῆς
2494 2776 2654 2840 ὅντως
2682 2775 2846 2836 ζωῆς.

3007 2921 3175 2969 ΟΡΟΣ
3199 2913 3332 2968 ΜΗ.

2371 3025 2495 3081 ὀτι
2519 3023 2603 3081 δεῖ
2626 3025 2734 3087 ελεή
2741 3045 2876 3100 μονα
2898 3045 2989 3080 και
3009 3019 3374 3098 εὐμετάδοτοι·
3401 3019 3550 3076 εἶναι’
3579 3021 3950 3093 κατηγοροῦνται

2887 3117 2988 3189 γὰρ
3020 3115 3070 3166 οἰ
3107 3117 3179 3188 μὴ
3215 3119 3480 3168 τοιοῦτοι.

3012 3310 3200 3384 Κεφάλ.
3255 3311 3332 3367 Δ’.

2454 3425 2848 3476 ΜΑΤΘΔΙΟΣ.
2907 3422 3180 3494 Μακάριοι
3246 3421 3297 3472 οἱ
3373 3418 3673 3492 ἐλεήμονες,
3729 3415 3802 3467 ότι
3853 3408 3956 3462 αὐτο

2374 3508 2765 3569 ἐλεηθήσονται.
2796 3515 3086 3567 ΛΟΥΚΑΣ.
3116 3514 3279 3563 Παντὶ
3307 3517 3396 3582 τσῷ
3437 3509 3671 3561 αἰτοῦντι
3710 3522 3766 3556 σε
3803 3496 3953 3554 δίδου.

2376 3608 2706 3657 ΙΙΡΟΣΡΩΜ.
2737 3606 3077 3674 ξΔοτόργους,
3130 3598 3509 3674 ἀνελεήμονας,
3564 3600 3745 3659 οῖτινες
3793 3595 3846 3646 τὸ
3895 3585 3962 3641 δι’

2375 3697 2584 3766 καίωμα
2630 3698 2722 3744 τοῦ
2779 3698 2934 3744 Θεοῦ
2966 3689 3254 3762 ἐπιγνόντες
3282 3693 3388 3760 (3),
3424 3692 3509 3745 ὅτι
3565 3691 3614 3741 οἱ
3670 3688 3732 3738 τά
3773 3686 3958 3735 τοιαῦτα

2374 3785 2692 3858 πράσσοντες
2740 3781 2878 3845 οἶξιοι
2905 3782 3126 3834 θανάτου
3158 3780 3311 3835 εἰσίν.
3360 3787 3539 3835 [11)οΣ
3566 3783 3709 3834 TI.\I.
3737 3775 3803 3830 α’.
3829 3770 3961 3843 Εὐμε·

2375 3867 2637 3932 ταδότους
2659 3867 2808 3942 εἶναι,
2841 3872 3192 3934 κοινωνικούς.

2370 4048 2493 4101 Ὀτι
2518 4055 2618 4102 πᾶν
2650 4051 2771 4125 ὅπερ
2809 4051 2869 4101 ἄν
2892 4052 2992 4122 ἔχῃ
3021 4069 3098 4110 τις
3118 4047 3266 4102 πλέον
3297 4056 3392 4104 τοῦ
3432 4045 3563 4102 ἐπιδ
3568 4051 3770 4121 εομίνου
3793 4045 3860 4112 (4)
3885 4045 3966 4091 τῶν

2452 4142 2580 4211 πρὸς
2633 4143 2692 4190 τό
2743 4139 2840 4211 ζῇν
2901 4137 3218 4211 ἀναγκαίων,
3273 4139 3552 4214 ὀφειλέτης
3605 4135 3744 4190 ἐστὶν
3807 4130 3967 4184 ἐκεῖνον

2445 4227 2802 4302 εὐεργετῆσαι,
2836 4228 2949 4280 κατ’
2989 4227 3194 4288 ἐντολὴν
3218 4235 3312 4281 τοῦ
3362 4229 3569 4303 Κυρίου
3599 4233 3692 4280 τού
3716 4228 3802 4277 καὶ
3829 4213 3971 4273 δεδω-

2453 4322 2600 4379 κότος
2626 4319 2662 4369 ᾶ
2683 4319 2892 4390 ἔχομεν.

3037 4445 3206 4518 Κεφάλ
3237 4444 3306 4501 Β’.

2447 4560 2733 4609 ΛΟΥΚΑΣ.
2774 4553 2833 4606 Ὀ
2873 4556 3010 4626 ἔχων
3066 4551 3165 4606 δύο
3195 4562 3444 4625 χιτῶνας
3485 4550 3768 4629 μεταδότῦ
3805 4557 3874 4621 τῷ
3913 4548 3972 4619 μή

2375 4647 2588 4716 ἔχοντιο
2644 4648 2734 4695 καὶ
2777 4645 2803 4694 ό
2853 4647 2991 4714 ἔχων
3037 4642 3296 4716 βρώματα
3331 4645 3537 4716 ὁμοίως
3566 4649 3800 4698 ποιείτω.
3831 4638 3976 4692 ΠΡΟΣ

2378 4739 2528 4790 KOP.
2571 4731 2636 4787 α’.
2685 4737 2748 4784 Τί
2799 4735 2901 4805 γὰρ
2947 4735 3107 4804 ἔχεις⁸
3159 4734 3184 4784 ὃ
3232 4731 3326 4784 οὐκ
3382 4733 3604 4802 ἔλαϐεςς
3637 4737 3810 4786 ΠΡΠΣ
3846 4731 3978 4782 ΚΟΡ.

2384 4820 2454 4895 β’.
2483 4827 2553 4876 Τό
2600 4824 2742 4895 ὑμῶν
2801 4826 3132 4896 περίσσευμα
3169 4821 3242 4883 εὶς
3297 4826 3358 4874 τὸ
3423 4822 3640 4876 ἐκείνων
3689 4825 3978 4894 ὑστέρημα·

2375 4916 2462 4964 ἵνα
2498 4916 2588 4964 καὶ
2635 4915 2693 4964 τὸ
2746 4909 2946 4962 ἐκείνων
3002 4915 3332 4984 περίσσευμα
3387 4917 3622 4984 γένηται
3662 4911 3734 4975 εἰς
3771 4913 3829 4963 τό
3859 4908 3982 4979 ὑμῶν

2378 5003 2671 5075 ὑστέρημα,
2699 5002 2838 5061 ὅπως
2874 5003 3086 5073 γένηται
3133 5000 3326 5068 ἰσότης,
3356 5003 3548 5064 καθὼς
3577 5006 3872 5075 γέγραπται
3894 5014 3909 5045 τ
3937 4994 3985 5044 Ὀ

2377 5095 2437 5145 τό
2469 5090 2598 5143 πολὺ
2629 5092 2708 5162 (5)
2741 5089 2838 5143 οὐκ
2886 5089 3159 5143 ἐπλεόνασε
3183 5111 3196 5125 ο
3230 5094 3318 5144 καὶ
3361 5091 3390 5142 ό
3421 5094 3484 5143 τό
3531 5091 3710 5166 ὀλίγον
3735 5089 3828 5143 οὐκ
3852 5084 3987 5146 ila?

2379 5185 2500 5239 τόνη
2511 5200 2614 5234 σεν.

2394 5363 2466 5415 At
2492 5375 2640 5414 mss.
2672 5362 2741 5414 ut
2764 5358 2825 5414 in
2847 5363 3148 5415 contextu.

2458 5434 2537 5501 (5)
2556 5433 2709 5503 (Reg.
2737 5433 2972 5503 primus
3000 5432 3039 5502 ᾧ
3064 5436 3122 5484 τό
3143 5430 3291 5488 πολύ.
3315 5430 3463 5490 Mox
3491 5432 3688 5490 editio
3710 5430 3894 5488 Paris.
3915 5428 3992 5477 καί

2397 5503 2423 5553 ό
2453 5506 2510 5554 τό
2541 5501 2872 5574 ὀλίγοι-δρᾶ
2901 5501 3208 5572 articulus,
3230 5516 3437 5573 neque
3473 5504 3541 5561 in
3573 5504 3810 5566 nostris
3837 5515 3992 5571 ωξδιι

2396 5588 2596 5646 neque
2630 5573 2694 5632 in
2723 5573 2983 5636 editione
3012 5576 3232 5646 Veneta.
3255 5574 3511 5649 legitur,
