4112 6172
609 256 710 308 795

1990 236 2045 287 S.
2079 232 2274 295 Βιειι.

2382 233 2567 293 [AGNI
3824 243 3912 294 796

604 373 725 429 sive
751 367 931 427 servi.
962 366 1085 421 sive
1116 362 1292 421 liberi
1318 362 1376 431 (Ι
1417 364 1555 423 Cor.
1589 376 1692 427 xu,
1729 364 1810 427 12,
1849 362 1952 425 13»,
1995 363 2153 413 etc...
2186 358 2259 413 Ut

2382 353 2582 427 Ξεγάπην
2633 358 2863 427 ἔχοντες,
2916 355 3227 429 σύμψυχοι,
3269 359 3323 407 τὸ
3370 355 3417 408 ἓν
3463 366 3749 430 φρονοῦντες,
3777 357 3916 432 μηδὲν

607 458 761 513 idem
789 456 1042 525 sapiatis
1068 467 1293 522 omnes,
1334 451 1600 511 eamdem
1630 448 1987 504 charuatem
2037 448 2261 507 haben-

607 552 711 607 tes,
754 547 1091 611 unanimes,
1119 543 1274 599 idem
1304 542 1621 597 sentientes
1649 553 1672 597 .'
1701 537 1859 593 nihil
1884 552 1993 605 per
2020 541 2261 591 conten-

606 636 849 704 tionem,
880 649 1071 705 neque
1092 648 1202 703 per
1230 633 1473 689 inanem
1494 630 1778 700 gloriam,
1802 626 1906 682 sed
1934 627 1996 681 in
2027 626 2263 683 humili—

609 730 733 782 tate
761 726 1098 794 superiores
1122 722 1238 779 sibi
1265 721 1519 777 invicem
1547 717 1915 779 arbitrantes
1942 731 1965 770 .’
1986 730 2107 770 non
2131 731 2263 786 quae

606 828 721 871 sua
772 819 913 870 sunt
960 812 1191 884 singuli
1241 809 1708 876 considerantes,
1761 804 1864 861 sed
1915 810 1971 861 et
2018 819 2088 862 ea
2131 818 2263 875 qua?

609 902 873 959 aliorum
903 901 1199 971 (Philipp.
1229 916 1284 969 ιι,
1307 897 1445 970 2-4).

1215 1044 1496 1098 REGULA
1530 1043 1656 1097 LXI.

611 1189 783 1258 Quod
809 1187 851 1246 ii
879 1188 983 1261 qui
1014 1191 1155 1243 sunt
1193 1185 1399 1257 gratiae
1449 1183 1687 1243 Domini
1736 1181 2095 1251 administri,
2136 1195 2263 1238 non

682 1284 1004 1354 propterea
1021 1274 1450 1335 contemnendi
1491 1279 1653 1345 sunt,
1683 1272 1851 1347 quod
1876 1270 2099 1328 nullius
2128 1286 2263 1345 pre-

684 1370 746 1426 tii
774 1385 903 1426 esse
931 1367 1268 1437 videantur,
1300 1364 1666 1439 abjectique.
1700 1363 1767 1421 Hi
1794 1362 1957 1421 enim
1996 1360 2263 1419 maxime

676 1460 799 1515 Deo
830 1456 1088 1531 placent.

1284 1583 1487 1652 Caput
1533 1583 1586 1637 Ι.

2358 442 2486 519 κατ’
2520 442 2765 520 ἐριθείαν,
2799 445 2828 502 ἦ
2884 440 3206 511 κενοδοξίαν,
3257 441 3379 496 ἀλλὰ
3422 452 3481 517 τῇ
3525 452 3914 521 ταπεινοφροσύνῃ

2373 530 2623 593 ἀλλήλους
2654 534 2935 606 ἡγούμενοι
2966 535 3313 606 ὑπερέχοντας
3353 530 3575 586 ἐαυτὼνκ·
3610 540 3676 606 μὴ
3716 539 3776 589 τὰ
3815 537 3915 591 ἐαυ-

2372 629 2471 675 τὼν
2503 621 2725 683 ἕκαστος
2758 630 3086 688 σκοποῦντες,
3120 619 3249 675 ἀλλὰ
3275 626 3363 675 καὶ
3389 623 3454 675 τὰ
3481 622 3647 698 ἐτέρων
3669 624 3874 679 ἕκαστοι.

3009 1037 3177 1084 οΡΟΣ
3205 1029 3322 1087 ΞΗ.

2371 1172 2492 1225 Ὀτι
2522 1172 2581 1225 οῦ
2614 1168 2696 1225 δεῖ
2721 1171 2997 1235 ἐξουθενεῐν
3022 1176 3142 1235 τούς
3167 1179 3539 1247 συνεργοῦντας
3565 1176 3670 1241 (69)
3688 1178 3771 1232 τὴν
3787 1177 3916 1248 χάριν

2443 1270 2535 1315 τοῦ
2568 1267 2785 1337 Κυρίου,
2819 1261 2892 1324 εἰς
2919 1266 3013 1321 τὴν
3062 1262 3313 1315 εὐτέλειαν
3355 1261 3516 1315 αὐτῶν
3548 1261 3829 1337 ἀφορῶντας.
3852 1262 3918 1316 Ἐν

2444 1353 2651 1413 τούτοις
2670 1355 2771 1428 ’γὰρ
2799 1351 3034 1425 μάλιστα
3059 1349 3268 1406 εὐδοκεῖ
3293 1351 3321 1405 ὀ
3354 1358 3503 1417 Θεός.

3041 1583 3232 1665 [ipsi].
3260 1583 3331 1640 α’.

617 1775 624 1783 .
684 1726 989 1797 Conﬁteor
1010 1727 1140 1797 tibi,
1166 1728 1375 1795 Pater,
1394 1729 1644 1785 Domine
1674 1726 1813 1785 caeli
1836 1732 1892 1783 et
1916 1721 2266 1795 terras,un

2452 1731 2814 1783 ΜΑΤΘΑΙΟΣ.
2845 1724 3284 1800 Ἐξομολογοῦμαί
3316 1746 3427 1798 σοι,
3466 1728 3651 1803 Πάτερ,
3683 1728 3820 1801 Κύριε
3853 1731 3922 1776 τοῦ

610 1816 980 1874 abscondisti
1007 1816 1129 1874 hac
1172 1833 1209 1874 a
1255 1817 1624 1888 sapientibus
1667 1822 1723 1873 et
1758 1816 2182 1886 prudentibus,
2214 1823 2271 1873 et

610 1908 896 1963 revetasti
921 1922 991 1963 ea
1007 1908 1307 1977 parvulis.
1334 1907 1449 1976 Ita,
1479 1907 1668 1964 Pater
1689 1927 1708 1965 :
1734 1909 2014 1980 quoniam
2034 1907 2121 1963 sic
2148 1906 2271 1975 fuit

607 1995 905 2062 placitum
930 2001 1071 2051 ante
1097 2002 1152 2052 te
1174 1995 1417 2067 (Matth.
1455 2013 1532 2060 ιιι.
1564 1999 1654 2061 25,
1685 1998 1895 2065 26).....
1924 1995 2004 2051 Et
2032 1996 2272 2052 veniens

609 2086 673 2141 in
702 2087 970 2155 patriam
1001 2100 1192 2152 suam,
1225 2085 1471 2143 docebat
1493 2102 1586 2142 eos
1617 2085 1680 2143 in
1701 2100 2015 2157 synagoga
2043 2100 2247 2142 eorum

608 2175 696 2230 ita
717 2182 783 2230 ut
808 2176 1202 2245 mirarentur,
1229 2181 1281 2229 et
1303 2174 1569 2231 dicerent
1590 2192 1602 2229 :
1627 2176 1793 2232 Unde
1813 2177 1953 2232 huic
1973 2177 2272 2245 sapientia

614 2263 740 2320 haec
763 2271 816 2320 et
848 2266 1100 2321 virtutes
1122 2265 1149 2319 ?
1174 2265 1389 2321 Nonne
1415 2265 1512 2321 hic
1533 2271 1616 2320 est
1641 2265 1809 2334 fabri
1825 2267 1985 2334 ﬁlius
2008 2269 2035 2320 ?
2056 2266 2272 2322 Nonne

614 2354 811 2406 mater
833 2352 960 2421 ejus
992 2352 1222 2407 dicitur
1240 2352 1463 2419 Maria,
1495 2359 1547 2409 et
1574 2353 1807 2423 fratres
1830 2354 1958 2423 ejus
1986 2352 2267 2420 Jacobus,

615 2444 669 2496 et
698 2439 943 2511 Joseph,
986 2447 1042 2497 et
1087 2442 1319 2507 Simon,
1351 2449 1403 2499 et
1441 2442 1682 2498 Judas?
1730 2447 1784 2499 et
1838 2457 2069 2498 sorores
2118 2445 2269 2511 ejus,

617 2545 814 2589 nonne
838 2547 1036 2587 omnes
1061 2531 1230 2602 apud
1253 2547 1355 2587 nos
1386 2534 1574 2587 sunt?
1613 2531 1778 2588 Unde
1815 2545 1956 2601 ergo
1983 2532 2123 2587 huic
2151 2547 2271 2588 om-

619 2620 725 2676 nia
752 2622 867 2677 ista
889 2620 916 2675 ?
945 2621 1023 2676 Et
1063 2621 1643 2677 scandalizabantur
1669 2622 1730 2676 in
1757 2636 1843 2678 eo.
1873 2621 2043 2677 Jesus
2069 2626 2270 2678 autem

620 2709 780 2764 dixit
820 2711 902 2764 eis
933 2726 945 2763 :
975 2711 1112 2764 Non
1143 2714 1226 2765 est
1267 2707 1566 2779 propheta
1611 2711 1739 2767 sine
1770 2710 2015 2777 honore,
2047 2711 2167 2766 nisi
2208 2710 2271 2767 in

616 2796 826 2865 patria
854 2812 986 2865 sua,
1011 2804 1065 2853 et
1092 2800 1153 2852 in
1184 2798 1357 2852 domo
1384 2814 1512 2853 sua.
1552 2798 1620 2853 Et
1646 2815 1766 2855 non
1787 2800 1930 2869 fecit
1957 2798 2042 2855 ibi
2078 2801 2272 2856 virtu-

620 2887 704 2939 tes
735 2885 976 2955 multas,
1005 2890 1255 2957 prapter
1286 2886 1768 2944 incredulitatem
1799 2904 2001 2945 eorum
2025 2890 2268 2960 (Matth.
2326 2879 2341 2886 ’

621 2988 747 3039 xm,
791 2975 1039 3043 διε-δε)...
1102 2973 1302 3031 Videte
1360 2975 1516 3032 enim
1571 2980 1937 3035 vocationem
1990 2984 2270 3047 vestram,

2380 1816 2600 1891 ούρανοῦ
2630 1821 2720 1871 καὶ
2746 1823 2843 1879 τῆς
2869 1825 2936 1888 γῆ
2950 1837 2990 1884 ς,
3023 1817 3105 1870 ὅτι
3142 1815 3451 1893 ἀπέκρυψας
3475 1814 3753 1877 ταῦταάπὸ
3789 1822 3923 1887 σογῶν

2379 1910 2471 1960 καὶ
2520 1914 2762 1976 συνετῶν,
2792 1911 2884 1959 καὶ
2937 1904 3277 1979 ἀπεκάλυψας
3326 1907 3469 1961 αύτὰ
3511 1911 3727 1969 νηπίοις.
3768 1904 3924 1970 Ναὶ,ό

2382 2001 2586 2069 Πατὴρ,
2636 1996 2716 2049 ὅτι
2767 1996 2928 2056 οὕτως
2973 1994 3168 2068 ἐγένετο
3217 1993 3445 2051 εὐδοκία
3489 1997 3759 2071 ἔμπροσθεν
3794 2012 3925 2048 σου...

2383 2084 2571 2139 Ἐλθὼν
2598 2084 2665 2146 εἰς
2694 2088 2787 2143 τὴν
2817 2081 3055 2157 πατρίδα
3083 2084 3265 2152 αὐτοῦ,
3294 2081 3581 2139 ἐδίδασκεν
3610 2085 3783 2145 αύτούς
3814 2080 3854 2134 ἐν
3876 2088 3924 2152 τῇ

2384 2180 2661 2247 συναγωγῇ
2710 2173 2896 2241 αὐτῶν,
2932 2176 3067 2227 ὥστε
3104 2172 3504 2232 ἐκπλήσσεσθαι
3531 2175 3726 2243 αύτούς,
3753 2177 3831 2226 καὶ
3867 2169 3929 2223 λέ·

2380 2282 2488 2335 γειν
2509 2284 2522 2296 ·
2560 2264 2718 2315 Πόθεν
2749 2265 2778 2320 ἠ
2811 2267 2971 2335 σοφία
2989 2262 3120 2321 αῦτη
3148 2266 3315 2336 τούτῳ
3340 2270 3439 2318 καὶ
3468 2268 3521 2317 αἱ
3546 2261 3806 2337 δυνάμεις;
3833 2260 3931 2330 Οὐχ

2382 2351 2530 2411 οὗτος
2559 2349 2703 2403 ἔστιν
2731 2351 2757 2402 ὀ
2794 2358 2888 2404 τοῦ
2916 2353 3149 2413 τέκτονος
3178 2354 3320 2420 υἱός;
3359 2353 3485 2427 Οὐχ
3531 2355 3561 2413 ἡ
3610 2356 3768 2428 μήτηρ
3802 2349 3932 2402 αὑτοῦ

2380 2440 2583 2511 λέγεται
2612 2442 2871 2515 Μαριάμ;
2918 2448 3008 2495 καὶ
3048 2443 3096 2494 οἱ
3138 2439 3361 2516 ἀδελφοὶ
3393 2444 3553 2498 αὐτοῦ
3590 2440 3826 2507 Ἰάκωϐος,
3863 2442 3935 2491 καὶ

2382 2527 2596 2600 Ἰωσὴφ,
2629 2535 2719 2580 καὶ
2758 2535 2942 2603 Σίμων,
2976 2537 3065 2583 καὶ
3097 2528 3330 2599 Ἰούδας
3388 2538 3478 2586 καὶ
3507 2534 3560 2586 αἱ
3585 2529 3785 2605 ἀδελφαὶ
3805 2527 3935 2581 αὐτοῦ

2381 2617 2510 2688 οὐχὶ
2550 2624 2717 2670 πᾶσαι
2764 2623 2890 2692 πρὸς
2935 2621 3074 2695 ἡμᾶς
3123 2620 3261 2689 εἰσι;
3297 2624 3463 2676 Πόθεν
3494 2618 3579 2675 οὖν
3606 2625 3757 2693 τούτῳ
3797 2620 3936 2672 πάντα

2380 2714 2585 2772 ταῦτα;
2636 2711 2735 2759 Καὶ
2780 2705 3218 2771 ἐσκανδαλίζοντο
3266 2710 3314 2763 ἓν
3363 2712 3526 2783 αύτῷ.
3566 2711 3621 2765 Ὀ
3667 2708 3720 2763 δὲ
3766 2707 3934 2767 Ἰησοῦς

2384 2791 2517 2847 εἶπεν
2548 2795 2721 2856 αυτοῖς
2749 2815 2761 2829 ’
2793 2796 2905 2848 Ούκ
2935 2800 3048 2850 ἔστι
3095 2806 3376 2873 προφήτης
3417 2803 3599 2874 οἶτιμος
3644 2801 3684 2853 εἰ
3722 2806 3784 2874 μὴ
3818 2796 3857 2849 έν
3881 2802 3930 2866 τῇ

2381 2881 2581 2957 πατρίδ’
2587 2903 2604 2936 ι
2629 2884 2789 2937 αὐτοῦ
2818 2891 2906 2937 καὶ
2937 2885 2985 2937 ἐν
3015 2895 3077 2960 τῇ
3112 2888 3253 2961 οἰκίᾳ
3282 2888 3471 2946 αὐτοῦ.
3506 2896 3603 2944 Καὶ
3630 2890 3716 2943 οὔκ
3735 2887 3932 2944 inclines:

2383 2971 2487 3025 ἐκεῖ
2513 2970 2764 3047 δυνάμεις
2804 2974 2993 3038 πολλὰς
3038 2972 3133 3029 διὰ
3177 2983 3268 3036 τὴν
3310 2977 3564 3033 ἀπιστίαν
3596 2979 3769 3033 αὐτῶν.
3798 2980 3933 3029 ΠΡΟΣ

617 3060 875 3131 fratres,
903 3064 1047 3135 quia
1076 3080 1195 3119 non
1234 3064 1416 3119 multi
1442 3067 1738 3134 sapientes
1781 3069 2107 3123 secundum
2139 3083 2274 3123 car-

2386 3069 2534 3116 KOP.
2568 3061 2632 3117 α’.
2666 3063 2876 3117 Βλέπετε
2904 3067 3006 3139 γὰρ
3047 3070 3135 3124 τὴν
3184 3064 3377 3126 κλῆσιν
3429 3071 3589 3142 ὑμῶν,
3639 3063 3935 3138 adi/901,61:

624 3165 779 3222 nem,
811 3168 930 3206 non
961 3152 1140 3208 multi
1175 3159 1468 3223 potentes,
1500 3148 1620 3210 non
1651 3156 1831 3212 multi
1878 3157 2125 3214 nobiles.
2163 3156 2278 3214 Sed

624 3255 757 3312 quae
779 3241 972 3297 stulta
1000 3246 1140 3297 sunt
1169 3243 1386 3298 mundi
1407 3244 1584 3314 elegit
1623 3245 1799 3314 Deus,
1842 3251 1907 3300 ut
1938 3244 2276 3317 confundat

619 3328 813 3400 fortia
840 3346 853 3399 ;
900 3336 955 3385 et
987 3331 1277 3402 ignobilia
1308 3334 1541 3397 mundi,
1573 3340 1627 3389 et
1653 3335 2123 3405 contemplibilia
2154 3336 2276 3392 ele-

620 3415 712 3487 git
748 3417 930 3489 Deus,
978 3425 1034 3475 et
1082 3436 1152 3476 ea
1200 3436 1332 3492 qua
1374 3438 1496 3478 non
1540 3428 1700 3489 sunt,
1752 3429 1818 3479 ut
1865 3439 1935 3479 ea
1966 3441 2095 3497 quas
2136 3431 2276 3481 sunt

623 3502 977 3575 destrueret,
1029 3514 1094 3564 ut
1143 3525 1264 3565 non
1296 3511 1594 3582 glorietur
1624 3514 1813 3568 omnis
1843 3529 1981 3570 caro
2031 3512 2092 3569 in
2141 3530 2276 3570 con-

622 3600 824 3665 spectu
864 3596 975 3653 Dei
995 3598 1057 3669 (Ῑ
1075 3598 1213 3655 Cor.
1244 3615 1283 3667 ι,
1315 3602 1529 3673 26-29).

1233 3852 1513 3923 ιιεσυιΑ
1540 3853 1695 3908 LXII.

629 3972 803 4038 Quod
841 3974 948 4047 qui
993 3974 1379 4033 crediderunt
1420 3980 1560 4041 Deo,
1611 3982 1669 4033 et
1709 3976 1996 4049 baptizati
2046 3983 2206 4047 sunt,
2238 3977 2281 4034 ii

693 4061 1013 4119 confestim
1033 4063 1421 4135 praeparandi
1446 4064 1569 4120 sint
1595 4065 1676 4121 ad
1707 4066 2062 4121 tentationes
2092 4083 2279 4140 usque

700 4150 781 4206 ad
808 4158 1063 4208 mortem
1091 4153 1500 4222 sustinendae,
1526 4170 1664 4227 quae
1687 4154 1802 4211 sibi
1820 4156 1901 4213 ab
1924 4155 2071 4227 ipsis
2097 4154 2279 4213 etiam
2313 4181 2356 4235 ι)

699 4238 1101 4297 familiaribus
1147 4247 1286 4298 sunt
1341 4241 1668 4300 inferendae
1711 4262 1724 4300 :
1775 4243 2281 4318 quandoquidem

697 4326 803 4398 qui
833 4342 963 4385 sese
995 4328 1112 4386 hoc
1143 4330 1327 4387 modo
1359 4347 1482 4389 non
1508 4333 1898 4405 prmparavit,
1930 4334 2005 4401 is,
2034 4334 2278 4392 calami-

700 4418 819 4472 tate
846 4417 1050 4477 statim
1071 4419 1410 4491 ingruente,
1435 4420 1609 4480 facile
1632 4428 2076 4482 commovetur.

1313 4568 1514 4639 Caput
1552 4568 1604 4625 Ι.

697 4694 779 4753 Et
810 4694 1153 4766 baptizatus
1168 4698 1346 4755 Jesus
1366 4700 1678 4770 confestim
1698 4701 1967 4758 ascendit
1993 4701 2065 4759 de
2084 4714 2271 4773 aqua.

623 4784 707 4843 Et
725 4800 858 4844 ecce
886 4788 1088 4857 aperti
1103 4793 1246 4845 sunt
1269 4789 1325 4844 ei
1351 4789 1508 4859 cteli,
1529 4794 1583 4846 et
1612 4789 1764 4846 vidit
1791 4789 2089 4860 Spiritum
2102 4789 2277 4861 282

624 4875 739 4933 Dei
756 4875 1210 4935 descendentem
1225 4877 1375 4935 sicut
1397 4878 1818 4950 columbam,et
1839 4878 2167 4937 venientem
2185 4894 2281 4936 su-

622 4978 735 5033 per
762 4979 842 5021 se.
874 4965 949 5020 E’t
979 4980 1111 5023 ecce
1140 4981 1257 5023 vox
1275 4965 1349 5022 de
1368 4966 1552 5028 caelis.
1575 4965 1776 5022 dicens
1809 4967 1965 5024 :Hic
1984 4972 2069 5023 est
2088 4966 2282 5022 Filius

624 5066 790 5111 meus
817 5054 1092 5127 dilectus,
1125 5056 1190 5111 in
1218 5070 1336 5127 quo
1360 5053 1512 5112 mihi
1539 5056 2081 5125 eomplacui.Tunc
2108 5057 2281 5114 Jesus

698 5269 812 5343 (68)
842 5269 1071 5327 Rursus
1100 5283 1239 5343 qua}
1265 5266 1329 5325 in
1357 5265 1560 5343 Bibliis
1584 5273 1880 5343 sequntur
1900 5274 2280 5343 postqvocem

628 5335 902 5422 ἂλεύθεροι,
929 5335 1235 5422 usquead
1278 5335 2023 5422 verbum_9‘ctﬁpn?¢095yw,
2045 5341 2105 5398 ίῐι
2136 5345 2283 5422 lies?

630 5411 877 5496 sanensi
902 5411 1114 5496 codice
1154 5411 1820 5496 legunturuhliquanto
1845 5412 2000 5496 inira
2048 5415 2281 5496 antiqui

628 5479 754 5557 duo
784 5481 1071 5557 libriiglla
1096 5489 1189 5538 καὶ
1206 5479 1530 5557 €d.Yocula
1555 5479 1648 5557 κᾷἰ
1670 5483 1879 5557 deerat
1902 5485 1966 5542 in
1993 5479 2276 5557 vulgatis.

722 5553 842 5625 (69)
897 5553 1046 5611 Editi
1099 5558 1157 5611 et
1212 5553 1401 5612 codex
1449 5555 1719 5614 Combef.
1761 5561 1878 5619 τοὺς
1904 5553 2306 5632 semivivi“,

2383 3150 2441 3204 ού
2492 3150 2669 3204 πολλοὶ
2711 3158 2861 3225 σοφοὶ
2907 3157 3041 3206 κατὰ
3090 3158 3279 3231 σάρκα,
3314 3158 3380 3209 οὐ
3427 3156 3603 3210 πολλοὶ
3648 3153 3855 3221 δυνατοὶ,
3888 3149 3935 3204 ού

2382 3239 2563 3295 πολλοὶ
2590 3241 2805 3313 εὐγενεῖς
2824 3262 2837 3276 ·
2874 3241 3002 3296 ἀλλὰ
3025 3244 3092 3296 τὰ
3119 3249 3271 3319 μωρά
3312 3256 3411 3300 τοῦ
3455 3254 3650 3312 κόσμου
3676 3242 3936 3310 ἐξελέξατοό

2386 3332 2534 3398 Θεὸς,
2565 3330 2648 3383 ἵνα
2677 3336 3013 3406 καταισχύνῃ
3048 3338 3169 3396 τοὺς
3202 3340 3400 3409 σοφούς
3423 3360 3436 3372 -
3465 3343 3553 3391 καὶ
3587 3340 3649 3390 τὰ
3673 3335 3838 3393 ἀσθενῆ
3866 3336 3937 3384 τοῦ

2384 3424 2586 3493 κόσμου
2617 3417 2874 3483 ἐξελέξατο
2910 3423 2936 3474 ὁ
2968 3425 3117 3491 Θεὸς,
3153 3424 3236 3477 ἶνα
3274 3430 3614 3499 καταισχύνῆ
3645 3429 3707 3479 τὰ
3744 3423 3934 3496 ἰσχυρά·

2385 3512 2473 3560 καὶ
2500 3510 2568 3561 τὰ
2586 3506 2739 3581 ἀγενῆ
2773 3517 2865 3562 τοῦ
2886 3514 3110 3584 κόσμου,
3133 3517 3223 3565 καὶ
3252 3515 3319 3566 τὰ
3345 3514 3709 3589 ἐξουθενημένα
3726 3510 3937 3577 ἐξελέξατο

2386 3598 2412 3649 ὁ
2444 3599 2590 3669 Θεὸς,
2619 3598 2799 3651 καὶτὰ
2827 3604 2897 3673 μὴ
2930 3603 3072 3670 ὄντα,
3107 3604 3191 3655 ἶνα
3212 3604 3278 3654 τὰ
3317 3606 3447 3658 ὄντα
3484 3610 3794 3679 καταργήσῃ,
3832 3601 3937 3658 ὅπως

2386 3691 2458 3760 μὴ
2490 3691 2843 3761 καυχήσηται
2866 3696 3015 3744 πᾶσα
3036 3690 3171 3765 σὰρξ
3199 3691 3417 3748 ἐνώπιον
3439 3701 3529 3750 τοῦ
3559 3701 3706 3749 Θεοῦ.

3043 3839 3213 3889 ΟΡΟΣ
3234 3834 3351 3892 ΞΠ.

2384 3950 2507 4005 Ὀτι
2557 3956 2679 4015 τοὺς
2718 3958 3108 4018 πιστεύσαντας
3152 3965 3225 4031 τῷ
3270 3963 3403 4033 Θεῷ,
3459 3966 3547 4014 καὶ
3581 3959 3936 4035 βαπτισθένταςν

2460 4040 2609 4104 εύθύς
2634 4045 3135 4117 παρασκευάζεσθαι
3182 4043 3269 4101 δεῖ
3311 4051 3446 4123 πρὸς
3484 4054 3604 4112 τούς
3647 4046 3937 4124 πειρασμοῦςν

2458 4135 2548 4183 καὶ
2576 4130 2698 4205 παρ’
2727 4132 2893 4186 αὐτῶν
2922 4142 3020 4187 τῶν
3068 4136 3288 4206 οἰκείων,
3321 4143 3491 4213 μέχρι
3524 4141 3753 4194 Θανάτου.
3780 4136 3832 4188 ὀ
3862 4134 3938 4205 γάρ

2459 4222 2531 4293 μὴ
2559 4219 2722 4284 οὕτως
2752 4220 3181 4298 ἑτοιμασάμενος,
3207 4225 3470 4299 αἰφνίδιον
3504 4238 3600 4292 τῆς
3634 4226 3940 4303 περιστάσεως

2459 4307 2883 4381 καταλαϐούσης,
2914 4312 3135 4380 εὐκόλως
3164 4311 3557 4375 διασαλεύεται.

3054 4564 3243 4637 mea.
3283 4565 3349 4623 α’.

2461 4687 2830 4741 ΜΔΤΘΔΙΟΣ.
2913 4692 3014 4741 Καὶ
3080 4687 3395 4764 βαπτισθεὶς
3469 4693 3496 4746 ὁ
3570 4691 3764 4753 Ἰησοῦς
3818 4679 3939 4740 ἀνέϐη

2390 4771 2538 4834 εύθῦς
2594 4771 2696 4828 ἀπὸ
2748 4776 2860 4847 (70)
2913 4784 3006 4831 τοῦ
3058 4775 3273 4845 ὕδατος.
3336 4786 3439 4838 Καὶ
3488 4778 3606 4838 ἰδού
3643 4778 3942 4852 ἀνεῴχθησαν

2390 4861 2530 4939 αύτῷ
2578 4864 2628 4916 οἱ
2665 4865 2895 4941 οὐρανοὶ,
2935 4870 3026 4921 καὶ
3076 4864 3182 4924 εἶδε
3226 4876 3286 4924 τὸ
3333 4879 3545 4948 Πνεῦμα
3589 4878 3678 4925 τοῦ
3729 4872 3846 4922 Θεοῦ
3871 4878 3943 4913 ια’

2388 4951 2633 5005 ταϐαἰνον
2685 4954 2811 5007 ὡσεὶ
2866 4963 3175 5037 περιστερὰν
3203 5003 3218 5030 ,
3295 4966 3385 5015 καὶ
3438 4961 3712 5037 ἐρχόμενον
3756 4953 3824 5010 ἐπ’
3862 4948 3941 5002 “‘5‘

2387 5053 2497 5106 τόν.
2567 5053 2670 5106 Καὶ
2737 5045 2858 5105 ἰδού
2924 5054 3062 5125 φωνὴ
3254 5059 3354 5105 τῶν
3427 5051 3653 5126 οὐρανῶν
3713 5046 3939 5117 λήγουσα·

2522 5263 2833 5355 duomﬁsst
2847 5269 2969 5331 τοὺς
2993 5266 3341 5342 ἐνεργοῦντας.
3363 5264 3598 5325 Ibidem
3615 5265 3750 5333 Reg.
3770 5250 3943 5316 tertius

2388 5345 2550 5411 χάριν
2580 5346 2672 5391 τοῦ
2703 5345 2856 5391 Θεοῦ.
3128 5375 3171 5387 ...
3823 5396 3834 5410 ’
3879 5400 3885 5407 v

2432 5410 2589 5484 .(70)-
2604 5414 2865 5484 υίτεέίίιιθ
2890 5411 3072 5484 θάὶῐὶο
3093 5411 3248 5484 ἀνέϐη
3269 5415 3389 5466 ἀπὸ.
3412 5414 3556 5479 Reg.
3578 5406 3797 5480 primus
3814 5390 3937 5450 ωεόη

2389 5482 2544 5546 εὐθὺς
2568 5481 2693 5539 ἀπό.
2716 5481 2863 5554 ἢέε.
2891 5483 3105 5541 tertius
3126 5482 3283 5543 tu.th
3307 5484 3506 5543 εὐθέως.
