4112 6172
202 288 309 347 797

1620 334 1627 339 ι
1692 322 1699 333 ι
1750 291 2069 351 IORALIA

3481 300 3580 352 798

196 415 372 476 Οὗτός
425 414 574 467 ἐστιν
631 419 659 468 ὁ
716 419 830 477 rio;
884 436 985 489 μου
1032 419 1058 469 ό
1122 416 1412 488 ἀγαπητὸς,
1469 417 1515 469 ἐν
1577 438 1616 488 ῳ
1659 414 1801 469 εὐδο-

1927 415 2141 473 ductus
2167 422 2251 472 est
2291 418 2355 473 in
2378 417 2680 472 desertum
2706 432 2745 474 a
2773 416 3037 484 Spiritu,
3076 421 3140 471 ut
3171 421 3511 475 tentaretur
3546 433 3582 477 a

194 522 366 561 κησα.
428 509 560 557 Τότε
625 506 651 557 ὁ
730 506 930 566 Ἰησοῦς

196 592 302 642 ὑπὸ
364 599 458 644 τοῦ
544 594 864 664 Πνεύματος,
938 594 1289 664 πειρασθῆναι
1368 596 1468 647 ὑπὸ
1526 601 1617 646 τοῦ
1685 591 1812 646 δια-

198 678 359 733 ϐόλου
393 723 406 734 .
493 677 656 734 Ἰδοὺ
737 680 835 753 εγὼ
925 680 1231 735 ἀποστέλλω
1323 683 1459 754 ὑμᾶς
1530 685 1596 743 ὡς
1679 687 1811 757 πρό-

199 767 341 821 ϐατα
403 767 455 821 ἓν
545 773 692 841 μέσῳ
774 769 942 825 λύκων
974 813 987 825 .
1078 772 1287 825 Γινεσθε
1370 770 1457 823 οὖν
1532 775 1810 845 φρόνιμοι,

196 860 272 920 ὡς
316 860 371 911 οἱ
420 860 586 930 ὄφεις,
632 864 722 912 καὶ
752 858 1007 935 ἀκέραιοι,
1048 861 1119 922 ὡς
1174 861 1229 913 αἱ
1275 877 1596 933 περιστεραι.
1634 868 1810 933 Προσ-

194 952 352 1018 έχετε
425 943 487 1002 δε
549 946 653 1001 ἀπὸ
722 956 824 999 τῶν
865 947 1172 1023 ἀνθρώπων.
1241 945 1634 1022 Πῳαδὼσουσι
1709 952 1809 1022 γὰρ

192 1037 339 1107 ὑμᾶς
404 1035 476 1096 εἰς
541 1032 798 1111 συνέδρια
859 1042 950 1090 καὶ
1023 1036 1071 1091 ἐν
1131 1044 1244 1101 ταῖς
1312 1045 1645 1110 συναγωγαῖς
1709 1038 1809 1091 αὐ-

192 1133 299 1179 τῶν
372 1130 815 1198 μαστιγώσουσιν
884 1127 1042 1199 ὑμᾶς.
1102 1132 1204 1181 Καί
1268 1126 1352 1183 ἐπί
1427 1131 1689 1200 ἡγεμόνας
1751 1124 1811 1181 δε

190 1220 289 1267 καὶ
340 1212 585 1287 βασιλεῖς
654 1214 964 1287 ἀχθήσεσθε
1032 1215 1195 1270 ἕνεκεν
1257 1215 1403 1289 ἕμοῦ,
1476 1216 1548 1279 εἰς
1602 1219 1809 1291 μαρτύ-

186 1324 308 1377 ριον
366 1304 549 1366 αὐτοῖς
588 1310 679 1356 καὶ
731 1311 836 1366 τοῖς
893 1305 1005 1377 (71)
1062 1308 1264 1361 ἔθνεσι.
1348 1306 1805 1379 Καὶμετ’ὀλιγα·

192 1388 525 1468 Παραδωσει
582 1389 643 1445 δέ
716 1389 939 1466 ἁδελφὸς
1011 1391 1230 1468 ἀδελφον
1297 1394 1362 1457 εἰς
1427 1396 1661 1463 θάνατον,
1718 1400 1809 1447 καὶ

190 1487 377 1556 πατὴρ
456 1487 630 1536 τέκνον
672 1500 685 1512 ·
770 1488 860 1536 καὶ
943 1482 1405 1543 ἱπαναστήσονται
1487 1488 1643 1537 τέκνα
1723 1482 1808 1537 ἐπὶ

188 1579 404 1645 γονεῖς,
467 1577 560 1625 καὶ
646 1573 1033 1625 θανατώσουσιν
1116 1576 1338 1637 αυτούς.
1437 1577 1539 1628 Καὶ
1626 1575 1807 1627 ἔσεσθε

186 1678 513 1735 μισουμενοι
538 1662 641 1714 ὑπὸ
696 1662 888 1714 πάντον
920 1658 1014 1715 διὰ
1062 1666 1120 1716 τὸ
1169 1663 1329 1736 ὄνομα
1357 1680 1484 1735 μον
1525 1662 1550 1715 ὀ
1579 1658 1638 1715 δε
1667 1664 1801 1715 ὐπο-

1011 505 1222 577 ἀνήχθη
1300 505 1367 566 εἰς
1442 510 1536 565 τὴν
1624 508 1811 579 ἔρημον

938 594 1289 666 πειρασθῆναι

1926 504 2163 559 diabolo
2204 505 2450 573 (Matth.
2504 521 2589 571 ιιι,
2650 508 2733 575 16,
2788 509 2850 560 17
2896 519 2919 570 ,’
2968 520 3046 569 1v,
3086 506 3233 572 4)....
3274 505 3435 561 Ecce
3478 521 3585 575 ego

1924 595 2094 650 mitto
2118 608 2218 650 vos
2242 595 2399 650 sicut
2414 609 2547 651 oves
2570 594 2632 648 in
2656 595 2846 650 medio
2875 595 3181 662 luporum.
3207 594 3412 650 Estote
3443 609 3585 664 ergo

1916 679 2269 750 prudentes,
2283 683 2436 737 sicut
2451 687 2774 750 serpentes,
2788 687 2841 738 et
2857 682 3174 749 simplices,
3188 682 3344 738 sicut
3361 682 3585 738 colum-

1926 769 2033 827 ba.
2081 769 2300 827 Cavete
2326 776 2527 829 autem
2572 770 2644 825 ab
2700 770 3061 829 hominibus.
3120 770 3385 827 Tradent
3425 771 3582 827 enim

1925 873 2024 915 vos
2057 859 2122 914 in
2151 859 2448 925 conciliis,
2471 864 2527 915 et
2574 861 2638 915 in
2663 860 2987 930 synagogis
3013 859 3137 915 suis
3170 859 3585 929 flagellabant

1923 962 2050 1004 vos.
2085 947 2160 1003 E’t
2189 948 2272 1004 ad
2298 948 2579 1016 praesides
2623 954 2678 1004 et
2709 948 2791 1005 ad
2816 963 2981 1019 reges
3004 948 3309 1005 ducemini
3325 952 3581 1017 propter

1918 1035 2104 1104 me,in
2131 1037 2534 1092 testimonium
2553 1037 2700 1102 illis,
2718 1042 2773 1094 et
2787 1036 3065 1106 gentibus
3083 1035 3579 1108 (Matth.v,16-18)

1922 1124 1989 1178 Et
2024 1127 2160 1194 post
2189 1138 2387 1195 pauca
2420 1140 2433 1177 :
2478 1123 2696 1180 Tradet
2748 1130 2950 1180 autem
2993 1124 3196 1194 frater
3222 1125 3483 1193 fratrem
3512 1124 3577 1183 in

1920 1217 2189 1282 mortem,
2204 1218 2259 1268 et
2277 1218 2455 1281 pater
2472 1213 2696 1280 ﬁlium:
2721 1218 2778 1269 et
2806 1215 3119 1282 insurgent
3138 1212 3256 1281 ﬁlii
3278 1214 3341 1268 in
3355 1227 3577 1281 paren-

1923 1306 2029 1367 tes,
2063 1306 2119 1357 et
2149 1306 2339 1358 morte
2376 1316 2471 1358 eos
2513 1302 2804 1371 ofﬁcient.
2838 1301 2916 1356 Et
2948 1303 3112 1358 eritis
3154 1301 3287 1357 OdtO
3312 1299 3579 1356 omnibus

1916 1395 2167 1461 propter
2204 1404 2419 1446 nomen
2443 1406 2638 1446 meum
2672 1408 2685 1446 :
2738 1391 2845 1463 qui
2872 1393 3071 1447 autem
3096 1388 3572 1459 perseveraverit

1919 1494 2103 1550 usque
2125 1478 2192 1536 in
2217 1481 2421 1550 ﬁnem,
2470 1479 2567 1537 hic
2591 1480 2798 1537 salvus
2828 1484 2943 1537 erit
2987 1478 3422 1551 (ibid.21,22)Et
3449 1478 3579 1550 qui-

1917 1583 2039 1624 non
2056 1567 2281 1638 accipit
2310 1583 2547 1626 crucem
2567 1584 2759 1635 suam,
2795 1575 2849 1625 et
2879 1572 3154 1641 sequitur
3180 1584 3294 1636 me,
3344 1583 3465 1625 non
3497 1570 3581 1623 est

1916 1671 2010 1713 me
2037 1656 2257 1727 dignus
2280 1656 2443 1723 (ibid.
2488 1661 2644 1724 38)...
2678 1659 2824 1714 Haec
2858 1657 3093 1714 locutus
3120 1673 3248 1713 sum
3281 1655 3467 1722 vobis,
3509 1660 3576 1711 ut

186 1757 376 1823 μείνας
408 1750 479 1811 εἰς
530 1750 689 1817 τέλος,
722 1750 873 1813 οὗτος
904 1752 1229 1809 σωθήσεται.
1252 1794 1265 1807 .
1287 1794 1300 1807 .
1342 1756 1445 1805 Καὶ
1476 1751 1526 1812 ὃς
1555 1751 1614 1804 οὗ
1666 1751 1801 1825 λαμ-

1918 1760 2039 1800 non
2057 1746 2570 1802 scandalizemini.
2611 1746 2850 1818 Absque
2878 1747 3200 1817 synagogis
3223 1746 3450 1816 facient
3479 1760 3580 1801 vos

182 1838 341 1893 ϐαίνει
364 1840 456 1891 τὸν
490 1841 718 1914 σταυρὸν
740 1840 926 1905 αὑτοῦ,
957 1844 1049 1892 καὶ
1070 1837 1337 1893 ἀκολουθεῖ
1368 1839 1538 1893 ὀπισω
1559 1859 1681 1913 μου,
1710 1840 1804 1892 οὐκ

185 1930 305 1981 ἔστι
337 1946 444 2000 μου
475 1926 645 1990 ἄξιος.
692 1932 1009 1982 ΙΩΑΝΝΗΣ.
1065 1933 1242 1982 Ταῦτα
1270 1928 1525 1988 λελάληκα
1552 1930 1673 2002 ὑμῖν
1724 1930 1807 1982 ἱνα

176 2022 254 2089 μὴ
289 2012 747 2076 σκανδαλισθῆτε.
777 2015 1244 2090 Ἀποσυνασγώογους
1266 2023 1594 2076 ποῖήσουσιν
1629 2019 1765 2091 ὑμᾶς
1787 2034 1800 2048 ⁸

180 2104 300 2158 ἀλλ’
378 2107 601 2181 ἔρχεται
654 2108 782 2179 ὥρα,
819 2106 903 2159 ἵνα
942 2108 1086 2167 πᾶςὸ
1143 2105 1444 2168 ἀποκτείνας
1489 2109 1626 2181 ὑμᾶς
1675 2104 1801 2180 δόξῃ

174 2195 439 2269 λατρείαν
482 2198 799 2268 προσφέρειν
840 2203 912 2267 τῷ
962 2203 1095 2267 Θεῷ.
1141 2201 1242 2250 Καὶ
1270 2206 1439 2250 ταῦτα
1489 2204 1804 2255 ποιήσουσιν

172 2283 333 2357 ὑμῖν,
359 2284 443 2336 ὅτι
490 2283 588 2337 οὐκ
636 2285 864 2356 ιγνωσαν
911 2286 998 2336 τὸν
1048 2286 1270 2359 Πατέρα,
1303 2281 1428 2339 οὐδὲ
1457 2284 1686 2358 ἐμε(7¹2),
1716 2288 1806 2338 καὶ

170 2376 249 2425 τὰ
302 2372 453 2436 ἑξῆς.
506 2376 799 2429 ΛΟΥΚΛΣ.
841 2375 906 2427 Οἱ
954 2369 1013 2426 δὴ
1063 2372 1146 2426 επὶ
1191 2378 1288 2436 τῆς
1330 2379 1535 2448 πέτρας,
1585 2373 1654 2443 οἳ,
1688 2376 1804 2428 ὅταν

172 2461 493 2529 ἀκούσωσι,
527 2464 659 2535 μετὰ
686 2468 862 2539 χαρᾶς
911 2459 1162 2535 δέχονται
1208 2465 1295 2515 τὸν
1336 2462 1507 2536 λόγον,
1535 2469 1624 2517 καὶ
1660 2464 1805 2517 οὗτοι

164 2553 339 2627 ῥίζαν
371 2552 475 2605 οὐκ
522 2552 765 2624 ἔχουσιν,
796 2552 845 2604 οἱ
883 2554 1007 2626 πρὸς
1037 2553 1217 2627 καιρόν
1246 2555 1574 2621 πιστεύουσι,
1616 2558 1710 2606 καὶ
1757 2553 1805 2606 ἐν

161 2649 351 2713 καιρῷ
381 2650 698 2716 πειρασμῶν
726 2638 1058 2715 ἀφίστανται,
1088 2646 1256 2696 ΠΡΟΣ
1290 2642 1441 2698 ΚΟΡ.
1580 2642 1657 2695 Οὐ
1681 2643 1805 2696 θέλω

172 2734 281 2805 γὰρ
316 2732 464 2803 ὑμᾶς
494 2729 721 2803 ἀγνοεῖν,
754 2728 991 2803 ἀδελφοὶ,
1016 2735 1134 2805 περὶ
1158 2738 1255 2795 τῆς
1285 2730 1503 2802 θλίψεως
1531 2733 1677 2805 ἡμῶν
1714 2739 1805 2794 τῆς

162 2823 468 2891 γενομένης
491 2820 622 2891 ἡμῖν
653 2816 700 2870 ἓν
751 2824 813 2891 τῇ
843 2818 1017 2891 Ἀσίᾳ,
1051 2819 1132 2871 ὅτι
1172 2818 1295 2873 καθ’
1340 2819 1626 2893 ὑπερϐολὴν
1677 2823 1803 2895 ὑπέρ

166 2904 417 2981 δὺταμιν
448 2906 799 2982 ἐϐαρήθημεν,
846 2910 981 2960 ὥστε
1005 2906 1390 2982 ἐξαπορηθῆναι
1428 2910 1571 2982 ἡμᾶς
1596 2912 1686 2962 καὶ
1714 2916 1804 2962 τοῦ

167 2996 293 3067 ζῇν·
356 2995 475 3049 ἀλλ’
533 2996 682 3048 αὖτοὶ
736 2995 1018 3059 ἐνέαυτοὶς
1045 3000 1104 3049 τὸ
1165 2995 1434 3071 ἀπόκριμα
1452 3005 1543 3051 τοῦ
1579 3000 1803 3051 θανάτου

162 3082 521 3158 ἐσχήκαμεν,
597 3086 681 3137 ἵνα
731 3090 803 3158 μὴ
874 3087 1174 3147 πεποιθότες
1222 3084 1352 3159 ὦμεν
1439 3085 1513 3159 ἐφ’
1576 3087 1802 3155 ἑαυτοῖς,

164 3173 280 3224 αλλ’
310 3174 408 3227 ini
448 3182 568 3245 Θεῷ
612 3182 685 3246 τῷ
739 3171 995 3249 ἕγεὶροντι
1019 3174 1134 3248 (73)
1184 3179 1303 3238 τοὺς
1355 3177 1584 3248 νεκρούς.
1635 3183 1806 3231 ΠΡΟΣ

160 3268 317 3320 ΤΙΜ.
496 3265 690 3324 Πάντες
709 3257 767 3316 δε
793 3262 842 3315 οἰ
873 3263 1096 3325 θιλοντες
1124 3262 1345 3328 εὐσεϐῶς
1374 3263 1468 3337 ζῇν
1490 3263 1537 3317 ἐν
1570 3272 1803 3345 Χριστῷ

162 3356 222 3409 II:
234 3349 365 3420 σοῦ,
402 3349 833 3424 διωχθήσονται.

160 3439 294 3494 Ὀτι
356 3442 424 3494 οὐ
476 3437 563 3493 δεῖ
606 3441 788 3493 ἑαυτὸν
812 3440 1124 3515 ἐπιῤῥίπτειν
1176 3449 1486 3517 πειρασμοῖς
1536 3434 1636 3520 πρὸ
1680 3464 1802 3497 και-

244 3538 352 3602 ροῦ
433 3539 529 3590 τῆς
606 3538 699 3582 τοῦ
765 3537 899 3583 Θεοῦ
964 3535 1390 3603 συγχωρήσεως,
1452 3530 1580 3583 αλλά
1644 3552 1802 3606 προς-

248 3621 524 3690 εύχεσθαι
551 3623 624 3691 μὴ
659 3618 898 3691 ἐμπεσεῖν
920 3619 1044 3690 (74)
1069 3619 1138 3681 εὶς
1164 3624 1480 3693 πειρασμόν.

839 3708 1027 3781 liqui.
1083 3707 1160 3781 β’.

252 3803 618 3853 ΜΔΤΘΑΙΟΣ
655 3839 669 3854 .
741 3797 921 3859 Οὕτως
990 3794 1079 3851 οὖν
1157 3801 1520 3871 προσεύχεσθε
1547 3814 1560 3829 ⁶
1629 3807 1799 3875 Πατερ

182 3886 354 3954 ἦξε-ῆν,
406 3891 434 3939 ό
497 3890 548 3940 εν
614 3888 725 3949 τοῖς
781 3886 1039 3961 οὐρανοῖς,
1114 3889 1426 3959 ἁγιασθήτω
1499 3892 1557 3942 τό
1638 3891 1799 3961 ὄνομά

187 3991 310 4041 σου,
370 3974 554 4029 ἐλθέτω
584 3978 614 4035 ὴ
676 3973 926 4047 βασιλεία
972 3995 1066 4027 σου
1098 3977 1235 4047 (75).
1304 3981 1405 4030 Καὶ
1454 3977 1564 4050 μετ’
1624 3977 1796 4050 ὀλίγαι

189 4057 295 4106 Καὶ
386 4061 458 4128 μὴ
544 4056 838 4127 εἰσενέγκῃς
918 4057 1058 4128 ἡμᾶς
1142 4056 1208 4118 εἰς
1270 4060 1582 4132 πειρασμὸν,
1667 4057 1796 4112 ἀλλὰ

190 4140 362 4211 ῥῦσαι
423 4150 563 4219 ἡμᾶς
644 4143 746 4198 διπό
818 4151 908 4197 τοῦ
987 4152 1238 4219 πονηροῦ.
1297 4151 1620 4203 ΙΩΑΝΝΗΣ.
1694 4153 1795 4202 Καὶ

190 4235 572 4302 περιεσποίτειό
633 4233 843 4296 Ἰησοῦς
896 4236 1029 4307 μετὰ
1064 4237 1231 4289 ταῦτὰ
1289 4235 1336 4288 ἐν
1392 4243 1454 4309 τῇ
1516 4233 1787 4309 Γαλιλαίᾳ·

189 4323 250 4371 οὐ
288 4324 397 4398 γὰρ
447 4323 622 4381 ἤθελεν
668 4320 718 4374 ἓν
759 4329 820 4396 τῇ
876 4319 1114 4397 Ἰουδαίᾳ
1171 4330 1495 4399 περιπατεῖν,
1544 4325 1626 4378 ὅτι
1673 4323 1791 4387 ἔζήο

186 4426 309 4461 τονν
356 4411 511 4465 αὑτὸν
575 4411 627 4464 οἱ
685 4409 935 4465 Ἰουδαῖοι
983 4412 1303 4467 ἀποκτεῖναι.
1370 4412 1466 4466 Ἦν
1519 4409 1579 4466 δι
1634 4412 1792 4487 ἐγγὺς

187 4500 215 4556 ὴ
269 4499 426 4574 ἑορτὴ
482 4510 587 4555 τῶν
647 4497 935 4569 Ἰουδαίων,
990 4502 1021 4559 ἡ
1079 4509 1433 4574 Σκηνοπηγια,
1499 4498 1655 4555 Εἶπον
1702 4505 1790 4555 οὖν

182 4603 320 4673 πρὸς
381 4600 536 4653 αὑτὸν
614 4602 665 4651 οἱ
713 4594 925 4672 ἀδελφοὶ
998 4598 1159 4652 αὐτοῦ
1193 4616 1207 4631 ο
1287 4598 1558 4659 Μετάϐηθι
1630 4598 1793 4653 ἐντεῦ-

186 4687 291 4755 θεν,
338 4694 431 4743 καὶ
484 4690 660 4760 ὕπαγε
720 4688 789 4749 εἰς
842 4692 937 4749 τὴν
957 4684 1248 4757 Ἰουδαίαν,
1297 4690 1379 4743 ἵνα
1460 4693 1551 4744 καὶ
1600 4690 1649 4743 οἰ
1696 4709 1795 4762 μα-

186 4777 351 4835 θηταί
410 4798 506 4834 σου
585 4778 894 4851 θεωρήσουσι
945 4781 1011 4831 τὰ
1085 4776 1119 4830 ἆ
1165 4781 1290 4853 ἔργα
1353 4785 1540 4841 ποιεῖς.
1601 4774 1792 4840 Οὐδεὶς

187 4868 288 4942 γὰρ
340 4867 391 4923 ἐν
434 4875 660 4942 κρυπτῷ
705 4873 843 4921 ποιεῖ
886 4885 959 4936 τι,
1002 4872 1094 4921 καὶ
1147 4868 1296 4931 ζητεῖ
1345 4867 1499 4931 αὐτὸς
1552 4866 1602 4922 ἓν
1653 4867 1792 4942 παῤ-

190 4953 357 5030 ῥησίᾳ
406 4955 561 5012 εἶναι.
612 4956 676 5011 Εἰ
738 4964 904 5010 ταῦτα
955 4965 1138 5030 ποιεῖς,
1211 4963 1503 5033 φανέρωσον
1577 4962 1793 5014 σεαυτὸν

194 5053 264 5115 τῷ
319 5052 522 5121 κόσμῳ.
577 5041 722 5099 Οὖδὶ
778 5064 881 5122 γαρ
932 5048 981 5099 οἱ
1038 5044 1249 5123 ἀδελφοὶ
1306 5048 1467 5103 αὐτοῦ
1522 5048 1793 5103 ἆπιστενον

202 5139 269 5199 εἰς
326 5136 500 5190 αὐτόν.
575 5138 731 5207 Λέγει
786 5131 873 5187 οὖν
940 5136 1117 5201 αὐτοῖς
1161 5138 1188 5191 ὁ
1249 5135 1491 5202 Ἰησοῦς*
1542 5136 1600 5194 Ὀ
1669 5158 1792 5192 και-

261 5245 373 5331 ςῖί)
428 5241 601 5312 Regii
630 5241 862 5315 primus
903 5246 963 5301 et
985 5244 1193 5301 tertius
1250 5247 1535 5319 μαρτύριον
1556 5241 1681 5318 ὖμῖν
1698 5250 1790 5299 καὶ

208 5330 323 5369 τοις.

273 5335 377 5454 ἓῖ)
410 5390 471 5442 In
508 5387 651 5453 Reg.
709 5385 882 5457 tertio
925 5390 983 5442 et
1011 5386 1071 5442 in
1100 5389 1353 5443 Messen.
1385 5386 1668 5457 leguntur
1719 5401 1793 5443 ea

216 5457 539 5530 verbaque
563 5455 1043 5530 epudJoannen;
1065 5463 1400 5530 sequuntur
1421 5455 1560 5530 post
1581 5473 1790 5514 vocem

218 5527 303 5600 ιμέ,
332 5525 585 5588 ad'illud
609 5525 831 5600 usque,
863 5527 963 5599 ἐγὼ
996 5525 1310 5602 εἷπον-ῆμῖν.

1916 1833 2021 1890 sed
2042 1836 2201 1891 venit
2234 1833 2406 1905 hora,
2440 1840 2507 1891 ut
2548 1837 2740 1892 omnis
2776 1836 2885 1907 qui
2910 1835 3210 1904 interficit
3261 1848 3383 1901 vos,
3416 1833 3576 1890 arbi-

1918 1927 2115 1997 tretur
2141 1923 2485 1994 obsequium
2513 1939 2575 1981 se
2598 1928 2893 1995 praestare
2917 1925 3059 1980 Deo.
3090 1923 3171 1979 Et
3196 1911 3325 1979 huc
3345 1922 3580 1992 facient

1916 2012 2098 2080 vobis,
2126 2015 2266 2084 quia
2286 2029 2407 2070 non
2427 2020 2727 2070 noverunt
2754 2016 2993 2071 Patrem
3022 2027 3212 2085 neque
3259 2028 3352 2069 me
3376 2011 3572 2084 (Joan.

1914 2116 2032 2166 xvr,
2065 2096 2192 2168 1-3),
2216 2107 2399 2160 etc...-.
2438 2104 2596 2161 Nam
2623 2105 2733 2175 qui
2773 2118 2962 2174 supra
2985 2108 3263 2174 petram:
3306 2102 3413 2174 qui
3441 2117 3575 2158 cum

1916 2190 2393 2258 audierint,cum
2423 2194 2647 2264 gaudio
2670 2193 3004 2262 suscipiunt
3029 2193 3275 2249 verbum
3308 2190 3579 2247 :et’zira-

1916 2281 2074 2338 dices
2096 2298 2216 2337 non
2236 2283 2480 2352 habent,
2496 2285 2603 2354 qui
2627 2285 2707 2339 ad
2724 2289 2951 2353 tempus
2973 2283 3231 2339 credunt
3247 2299 3260 2337 :
3275 2286 3330 2337 et
3350 2281 3414 2336 in
3439 2286 3579 2336 tem-

1912 2383 2059 2440 pore
2110 2372 2511 2428 tentationum
2569 2372 2857 2429 recedunt
2905 2373 3072 2443 (Luc.
3111 2386 3211 2438 vn,
3244 2370 3578 2441 i-3)....Non

1915 2461 2069 2516 enim
2092 2462 2223 2518 volo
2246 2464 2538 2532 ignorare
2556 2476 2676 2523 vos.
2694 2462 2944 2531 fratres,
2969 2461 3041 2517 de
3066 2461 3461 2517 tribulatione
3479 2474 3579 2514 no-

1914 2554 2045 2605 stra
2074 2565 2207 2621 qua:
2226 2551 2399 2621 facta
2426 2557 2512 2608 est
2554 2551 2718 2606 nobis
2746 2552 2813 2607 in
2848 2551 2995 2607 Asia
3021 2568 3033 2606 :
3073 2551 3357 2621 quoniam
3385 2562 3575 2617 supra

1916 2638 2153 2695 modum
2176 2642 2420 2710 gravati
2438 2656 2639 2697 sumus
2660 2654 2849 2710 supra
2870 2640 3170 2700 virtutem.
3188 2638 3277 2694 ita
3303 2642 3371 2692 ut
3392 2636 3574 2693 etiam

1913 2727 2124 2784 modus
2139 2730 2458 2787 servandw
2476 2731 2617 2787 vita:
2632 2730 2803 2785 nobis
2815 2745 2931 2785 non
2952 2731 3320 2799 suppeteret:
3336 2725 3442 2783 sed
3459 2726 3578 2795 ipsi

1912 2816 1977 2871 in
2025 2818 2465 2888 nebismetipsis
2508 2819 2811 2875 decretum
2871 2819 3080 2874 mortis
3132 2816 3472 2882 habuimus,
3514 2820 3577 2870 ut

1914 2919 2036 2961 non
2065 2908 2249 2961 simus
2272 2906 2521 2973 ﬁdentes
2553 2908 2613 2962 in
2641 2907 2831 2973 nobis,
2862 2908 2968 2963 sed
3003 2908 3066 2963 in
3091 2908 3233 2974 Deo,
3261 2906 3368 2976 qui
3392 2903 3577 2961 susci-

1916 2998 2004 3049 tat
2031 3000 2298 3050 mortuos
2321 2996 2409 3064 (II
2425 2996 2563 3050 Cor.
2588 3012 2626 3064 1,
2656 2996 2845 3065 8,9)...
2866 2996 2944 3051 Et
2975 3010 3176 3051 omnes
3208 2995 3314 3065 qui
3340 2994 3443 3063 pie
3471 3006 3571 3047 vo-

1921 3083 2259 3139 luntvivere
2301 3084 2364 3139 in
2411 3082 2643 3138 Christo
2701 3085 2865 3151 .Iesu,
2929 3082 3406 3154 persecutionem
3462 3094 3573 3149 pa-

1916 3169 2258 3238 tientur(II
2285 3172 2438 3228 Tim.
2469 3187 2551 3239 nl,
2592 3172 2699 3242 12).

1913 3437 2089 3504 Quod
2118 3454 2299 3494 nemo
2328 3436 2508 3495 debet
2532 3437 2801 3511 seipsum
2841 3436 3102 3510 objicere
3141 3432 3575 3491 tentationibus

1983 3531 2314 3600 antequam
2339 3530 2491 3582 Deus
2524 3526 2862 3600 permiserit
2895 3546 2908 3595 ;
2937 3527 3060 3583 imo
3090 3523 3271 3581 debet
3298 3523 3560 3596 quisque

1981 3632 2173 3687 orare,
2211 3621 2276 3672 ut
2302 3632 2378 3671 ne
2407 3616 2635 3672 incidat
2658 3615 2719 3671 in
2750 3615 3163 3672 tentelionem.

2587 3706 2788 3776 Caput
2809 3706 2889 3763 II.

1979 3795 2082 3851 Sic
2101 3809 2242 3865 ergo
2267 3798 2438 3852 orate
2456 3809 2479 3850 .’
2504 3796 2681 3853 Pater
2706 3797 2908 3851 noster
2926 3795 3034 3867 qui
3060 3809 3119 3852 es
3146 3793 3210 3848 in
3239 3789 3403 3849 caelis
3430 3803 3575 3847 san-

1908 3885 2206 3953 ctiﬁcetur
2256 3899 2472 3941 nomen
2514 3889 2709 3953 tuum,
2766 3884 3053 3943 adveniat
3097 3897 3347 3954 regnum
3405 3890 3575 3941 tuum

1908 3974 2149 4071 (Matth.
2179 3990 2254 4037 v1,
2289 3979 2340 4031 9.
2371 3976 2438 4029 Et
2462 3973 2647 4046 paulo
2676 3978 2842 4046 post:
2875 3974 2953 4030 Et
2984 3988 3059 4029 ne
3086 3989 3194 4029 nos
3224 3974 3478 4031 inducas
3507 3974 3570 4029 in

1905 4062 2428 4137 ‘tentationem,sed
2453 4063 2645 4120 libera
2658 4078 2765 4119 nos
2794 4077 2831 4119 a
2860 4063 3204 4126 malo(ibid.
3232 4064 3390 4135 13)...
3440 4065 3572 4119 Post

1904 4152 2029 4211 hac
2081 4159 2280 4213 autem
2310 4153 2672 4210 ambulabat
2725 4155 2892 4210 Jesus
2943 4153 3006 4208 in
3037 4153 3393 4210 Galilaeam:
3446 4166 3568 4208 non

1903 4243 2058 4298 enim
2081 4240 2313 4300 volebat
2334 4243 2399 4298 in
2418 4241 2699 4300 Iudaeam
2720 4241 3207 4314 ambulare,quia
3225 4240 3573 4314 quaerebant

1902 4345 2035 4386 eum
2063 4332 2262 4387 Judaei
2284 4331 2797 4400 interﬁcere.Erat
2821 4336 3021 4387 autem
3043 4332 3106 4388 in
3131 4333 3415 4400 proximo
3442 4330 3568 4389 dies

1897 4419 2089 4489 festus
2116 4420 2487 4490 Judaeorum,
2514 4420 2907 4491 Scenopegia.
2934 4420 3235 4476 Dixerunt
3259 4421 3453 4490 igitur
3478 4419 3559 4477 ad

1901 4524 2032 4566 eum
2071 4509 2304 4579 fratres
2332 4509 2501 4578 ejus:
2554 4510 2768 4565 Transi
2820 4509 2983 4578 hinc,
3039 4515 3094 4565 et
3157 4509 3309 4567 vade
3353 4511 3415 4566 in
3462 4510 3572 4564 Ju-

1898 4598 2089 4655 daeam
2117 4603 2184 4654 ut
2216 4602 2272 4655 et
2297 4597 2582 4668 discipuli
2625 4596 2718 4654 tui
2743 4598 2987 4657 videant
3008 4610 3193 4670 opera
3220 4615 3357 4673 quia
3374 4600 3564 4670 facis.

1897 4687 2081 4746 Nemo
2109 4689 2330 4761 quippe
2361 4688 2426 4745 in
2462 4689 2698 4747 occulto
2723 4689 2873 4761 quid
2894 4690 3056 4759 facit
3075 4694 3133 4747 et
3178 4691 3403 4762 quierit
3441 4690 3569 4759 ipse

1891 4779 2105 4848 palam
2116 4778 2336 4836 esse.Si
2364 4776 2488 4835 hac
2504 4780 2675 4851 facis,
2698 4780 3021 4849 manifesta
3047 4781 3295 4851 teipsum
3311 4777 3537 4836 mundo
3562 4798 3578 4814 -

1897 4869 2101 4942 Neque
2123 4870 2280 4927 enim
2322 4870 2555 4939 fratres
2601 4871 2731 4941 ejus
2756 4870 3079 4929 credebant
3104 4871 3168 4927 in
3198 4884 3351 4926 eum.
3400 4865 3566 4923 Dicit

1898 4974 2033 5030 ergo
2062 4960 2144 5016 eis
2164 4959 2335 5016 Jesus
2355 4976 2376 5013 :
2406 4960 2652 5029 Tempus
2670 4973 2866 5015 meum
2897 4973 2975 5014 no
2988 4958 3176 5012 ndum
3199 4955 3390 5021 adest,
3432 4958 3577 5007 tem.

1891 5062 2011 5119 pus
2039 5052 2239 5106 autem
2271 5051 2533 5104 vestrum
2558 5060 2793 5115 semper
2820 5052 2906 5103 est
2958 5048 3267 5114 paratum.
3294 5042 3439 5097 Non
3461 5054 3571 5110 po-

1903 5142 2013 5195 test
2036 5137 2301 5195 mundus
2339 5136 2533 5194 odisse
2552 5150 2653 5193 vos
2678 5151 2692 5189 :
2723 5149 2817 5192 me
2865 5138 3064 5191 autem
3104 5132 3257 5201 odit,
3287 5130 3434 5203 quia
3458 5141 3568 5200 ego

1968 5245 2080 5314 (73)
2101 5246 2225 5313 Reg
2278 5242 2486 5314 tertius
2509 5250 2583 5313 τῷ
2613 5240 2895 5314 ἐγείραντι.

1970 5307 2086 5386 (γε)
2116 5307 2308 5371 Εάἷιίο
2347 5312 2516 5370 Paris
2553 5307 2895 5386 ’μα’ἑμίπέσῃ.
2928 5308 3090 5365 Libri
3136 5310 3368 5365 veteres
3411 5307 3571 5381 εμπε-

1902 5405 2028 5440 σειν.

1969 5456 2082 5526 (75)
2104 5458 2331 5512 Rursus
2362 5454 2552 5512 oratio
2583 5452 2899 5526 Dominiea
2927 5451 3044 5507 hoc
3086 5451 3224 5507 loco
3259 5450 3570 5508 invenitur

1898 5524 2131 5596 integra
2158 5527 2221 5583 in
2250 5526 2457 5583 codice
2486 5524 2875 5583 Messanensi.
