4112 6172
601 201 699 258 811

1996 184 2050 238 s.
2092 179 2343 264 BASILII
2381 175 2614 238 MAGNI‘
3793 183 3882 257 an.

602 323 813 378 verunt
854 316 1164 374 veritatem
1194 313 1249 384 (I
1287 313 1432 370 Tim.
1469 326 1543 374 ιν,
1583 309 1765 378 ι-ξὶ)...
1802 307 1871 366 Si
1900 307 2030 378 quis
2070 307 2251 364 aliter

2360 310 2448 357 τοῦ
2481 306 2677 378 Κυρίου
2708 303 2850 379 ἡμῶν
2883 301 3058 362 Ἰησοῦ
3103 306 3350 374 Χριστοῦ,
3397 305 3480 352 καὶ
3520 309 3572 372 τῇ
3611 303 3712 354 κατ’
3757 303 3884 356 εὐσέ-

597 407 782 469 docet,
833 409 1038 461 etnon
1094 401 1322 458 accedit
1375 399 1539 456 sanis
1588 396 1957 453 sermonibus
2013 394 2257 454 Domini

597 493 792 550 nostri
807 492 948 548 Jesu
979 490 1228 564 Christi,
1262 495 1315 546 et
1350 490 1406 548 ei
1432 502 1561 560 qua:
1601 483 1924 542 secundum
1970 485 2252 553 pietatem

595 587 699 648 est,
731 581 1019 639 doctrina:
1049 595 1069 635 ,ο
1095 581 1143 634 is
1192 577 1483 647 superbus
1536 580 1641 644 est,
1687 572 1846 630 nihil
1895 575 2104 639 sciens,
2152 571 2256 630 sed

597 673 890 743 languens
921 670 1085 726 circa
1123 669 1500 742 quastiones,
1531 669 1586 721 et
1627 676 1865 734 pugnas
1914 661 2250 728 verborum,

596 775 670 820 ex
697 760 912 835 quibus
959 761 1156 818 oritur
1193 757 1445 822 invidia,
1478 753 1801 817 contentio,
1849 750 2252 824 blasphemia,

593 848 956 918 suspiciones
1001 847 1198 914 malas,
1239 858 1536 915 perversa:
1567 840 2039 912 conﬂictationes
2070 839 2256 900 homi-

595 953 738 994 num
782 941 979 992 mente
1009 940 1458 1004 corruptorum,
1505 936 1559 986 et
1603 929 1707 1001 qui
1749 928 2002 984 veritate
2024 926 2259 996 privati

594 1030 756 1094 sunt,
798 1023 1280 1084 existimantium
1333 1025 1621 1094 quaestum
1671 1031 1789 1074 esse
1824 1017 2122 1086 pietatem.
2157 1016 2256 1072 Di-

593 1114 762 1174 scede
783 1129 820 1170 a
852 1111 1074 1171 talibus
1108 1111 1155 1181 (I
1186 1112 1334 1168 Tim.
1367 1126 1438 1178 vr,
1463 1107 1656 1175 3-5)...
1681 1105 1752 1164 In
1774 1105 2109 1162 novissimis
2134 1104 2254 1164 die-

598 1205 702 1262 bus
752 1201 1065 1262 instabunt
1123 1205 1391 1267 tempora
1440 1195 1802 1266 periculosa.
1850 1194 2052 1252 Erunt
2094 1194 2252 1252 enim

595 1291 858 1350 homines
883 1291 1104 1357 seipsos
1117 1291 1407 1355 amantes,
1425 1284 1634 1354 cupidi
1655 1282 2250 1352 pecuniarum,elati,

591 1378 852 1449 superbi,
906 1375 1258 1446 blasphemi,
1307 1373 1663 1444 parentibus
1720 1387 1839 1427 non
1897 1371 2248 1436 obedientes,

589 1467 838 1538 ingrati,
881 1464 1134 1530 scelesti,
1176 1465 1305 1520 sine
1335 1462 1668 1532 a/fectione,
1701 1461 1829 1516 sine
1856 1460 2096 1528 findere,
2128 1461 2250 1518 cri-

589 1557 933 1618 minatores,
948 1554 1406 1618 incontinentes,
1423 1551 1697 1616 immites,
1715 1550 1842 1604 sine
1863 1548 2246 1620 benignitate,

593 1646 769 1718 289
818 1643 1180 1713 proditores,
1225 1641 1515 1710 protervi,
1569 1639 1809 1703 tumidi,
1870 1639 2248 1707 voluptatum

589 1741 889 1791 amatores
910 1734 1102 1804 magis
1133 1747 1312 1802 quam
1341 1731 1448 1788 Dei
1479 1746 1491 1785 :
1528 1729 1810 1790 habentes
1841 1729 2087 1798 speciem
2120 1727 2246 1800 qui-

589 1824 722 1884 dem
744 1823 1012 1893 pietatis,
1045 1821 1328 1880 virtutem
1350 1825 1549 1877 autem
1592 1821 1719 1888 ejus
1760 1818 2163 1889 abnegantes;
2195 1823 2250 1879 et

591 1904 696 1969 hos
718 1913 919 1969 devita
943 1912 1030 1983 (Il
1053 1912 1200 1968 Tim.
1218 1926 1290 1976 ιιι,
1313 1909 1492 1979 1-5)...
1509 1909 1772 1965 Eramus
1797 1908 1952 1964 enim
1974 1909 2252 1982 aliquan-

587 2001 661 2058 do
687 2007 742 2058 et
767 2015 872 2058 nos
898 1998 1594 2070 insipientes,increduti,
1614 2004 1914 2063 errantes,
1932 1997 2250 2055 servientes

602 2090 915 2147 desideriis
955 2093 1010 2146 et
1041 2087 1453 2160 voluptatibus
1484 2087 1692 2151 variis,
1722 2087 1783 2142 in
1823 2085 2062 2142 malitia
2086 2091 2140 2142 et
2166 2086 2254 2140 in-

586 2180 753 2236 vidia
773 2183 1039 2250 agentes,
1069 2177 1278 2245 odiosi,
1310 2176 1574 2232 odientes
1606 2175 1857 2232 invicem
1886 2174 2025 2244 (Tit.
2053 2190 2128 2242 ιιι,
2161 2174 2241 2245 3).

589 2286 978 2355 Qumcunque
991 2282 1128 2353 conj
1139 2283 1364 2340 unctim
1379 2280 1877 2353 comprobantur,
1897 2283 2052 2338 certe
2073 2279 2253 2344 etiam

623 2369 1060 2430 benedictionis
1083 2368 1546 2442 promissionem
1560 2367 1788 2426 habent
1804 2366 2214 2438 conjunctam.

1251 2456 1447 2526 Caput
1481 2457 1569 2514 II.

676 2548 854 2610 Beati
867 2561 1166 2616 pauperes
1191 2545 1433 2614 spiritu,
1455 2545 1738 2616 quoniam
1769 2547 2035 2613 ipsorum
2062 2550 2146 2605 est
2167 2559 2256 2602 re-

591 2654 775 2708 gnum
789 2637 1095 2695 caelorum.
1108 2635 1272 2690 Beati
1282 2635 1386 2704 qui
1401 2633 1917 2703 lugent,quoniam
1931 2634 2047 2705 ipsi
2057 2649 2256 2698 const

595 2726 910 2784 labuntur.
923 2725 1102 2780 Beati
1112 2724 1302 2788 mites,
1318 2723 1604 2793 quoniam
1621 2723 1737 2791 ipsi
1749 2723 2256 2795 possidebuntter-

593 2829 748 2872 ram.
765 2813 932 2870 Beati
942 2814 1048 2884 qui
1060 2813 1330 2869 esuriant
1345 2817 1399 2868 et
1412 2813 1622 2868 sitiunt
1631 2814 1667 2884 j
1672 2812 2254 2883 ustitiam,quoniam

2362 391 2500 446 ϐειαν
2565 387 2929 462 διδασκαλίᾳ,
2985 392 3310 462 τετύφωται,
3361 386 3516 462 μηδὲν
3568 389 3886 464 ἑπιστάμενος,

2363 479 2490 532 ἀλλὰ
2552 489 2714 534 νοσῶν
2766 485 2884 559 περὶ
2938 479 3179 540 ζητήσεις
3235 483 3323 530 καὶ
3367 477 3693 554 λογομαχίας,
3739 478 3784 544 ἐξ
3835 483 3890 536 ὧν

2360 575 2556 642 γίνεται
2587 571 2787 642 φθόνος,
2839 566 2961 645 ἔρις,
3013 567 3347 642 βλασφημίαι
3401 571 3524 640 (15),
3569 569 3783 620 ὑπόνοιαι
3809 589 3890 626 πο-

2360 663 2535 732 νηραὶ,
2599 645 3020 731 ’διαπαρατριϐαὶ
3088 653 3462 734 διεφθαρμένων
3526 654 3780 730 ἀνθρώπων
3825 661 3894 712 τόν

2360 755 2498 814 νοῦν,
2552 751 2643 800 καὶ
2709 745 3129 819 ἀπεστερημένων
3181 753 3272 808 τῆς
3337 744 3586 812 ἀληθείας,
3624 747 3893 816 νομιζόντων

2361 838 2620 909 πορισμόν
2683 831 2811 887 εἶναι
2863 839 2954 892 τὴν
3021 831 3300 888 εὐσέϐειαν.
3345 832 3620 904 Ἀφίστασο
3682 831 3771 890 ἀπὸ
3816 843 3895 890 τῶν

2361 927 2626 978 τοιούτων.
2689 930 2856 976 ΠΡΟΣ
2891 929 3032 980 ΤΙΜ.
3208 922 3288 974 Ἐν
3342 919 3582 993 ἐσχάταις
3610 924 3803 995 ἡμέραις
3831 921 3896 974 ἑν-

2364 1017 2652 1071 στήσονται
2707 1017 2880 1084 καιροὶ
2927 1009 3439 1083 χαλεποί.”Εσονται
3488 1011 3581 1084 γὰρ
3639 1012 3685 1064 οἰ
3735 1011 3900 1085 ἄνθρω.

2361 1122 2449 1155 ποι
2508 1102 2786 1174 φίλαυτοι,
2857 1099 3210 1176 φιλάργυροί,
3275 1098 3548 1164 ἀλαζόνες,
3605 1101 3899 1174 ὑπερήφανοι,

2363 1189 2702 1264 βλάσφημοι,
2761 1197 2998 1265 γονεῦσιν
3067 1187 3291 1250 ἀπειθεῖς
3356 1187 3658 1262 ἀχάριστοι,
3715 1186 3900 1254 ἀνόσιοι,

2359 1281 2630 1353 ἄστοργοι,
2691 1274 2970 1342 ἄσπονδοι,
3037 1273 3298 1340 διάϐολοι,
3371 1275 3618 1354 ὄαρατείς,
3673 1274 3898 1350 ἀνήμεροι,

2361 1367 2696 1441 ἀφιλάγαθοι,
2749 1362 3029 1440 προδόται,
3073 1373 3365 1438 προπετεῖς,
3406 1369 3745 1438 τετυφωμένοι,
3775 1363 3900 1440 φιλή-

2362 1453 2504 1509 δονοι
2534 1456 2722 1529 μᾶλλον
2771 1456 2799 1514 ἦ
2857 1455 3101 1526 φιλόθεοι,
3133 1457 3342 1526 ἔχοντες
3374 1459 3633 1528 μόρφωσιν
3665 1451 3899 1521 εὐσεϐείας,

2358 1551 2449 1606 τὴν
2491 1543 2549 1598 δὲ
2604 1542 2824 1618 δύναμιν
2873 1544 3038 1606 αὐτῆς
3085 1544 3400 1619 ἠρνημένοι·
3451 1549 3539 1594 καὶ
3571 1545 3768 1603 τούτους
3793 1540 3902 1592 ἁπο-

2358 1639 2566 1710 τρέπου.
2601 1642 2768 1687 ΠΡΟΣ
2806 1639 2933 1687 ΤΙΤ.
2965 1633 3122 1706 Ἶ-Ιμεν
3151 1637 3251 1705 γὰρ
3285 1652 3408 1685 ποτε
3432 1637 3520 1684 καὶ
3549 1633 3687 1704 ἡμεῖς
3711 1628 3902 1696 ἀνόητοι,

2358 1721 2606 1792 ἀπειθεῖς,
2637 1722 2954 1795 πλανώμενοι
2980 1718 3302 1782 δουλεύοντες
3334 1721 3625 1794 ἐπιθυμίαις
3669 1724 3750 1771 καὶ
3793 1714 3902 1776 ἠδος

2357 1820 2469 1875 ναῖς
2493 1812 2775 1877 ποικίλαις,
2802 1809 2849 1862 ἐν
2898 1816 3056 1884 κακίᾳ
3086 1816 3174 1862 καὶ
3221 1812 3392 1886 φθόνῳ
3424 1806 3705 1884 διάγοντες,
3735 1827 3904 1880 στυγη-

2357 1907 2464 1968 τοὶ,
2484 1909 2752 1975 μισοῦντες
2779 1899 3045 1963 ἀλλήλους.

2395 2274 2538 2338 Ὀσα,
2587 2277 2722 2329 κατὰ
2779 2278 3052 2349 συνάφειαν
3102 2276 3418 2352 ἐγκρίνεται,
3482 2276 3510 2344 ἦ
3556 2281 3642 2330 καὶ
3687 2273 3889 2344 εὐλογίας

2931 2364 3234 2438 ἐπαγγελίαν
3262 2369 3407 2440 ἔχει,

3027 2455 3214 2528 Κεφάλ,
3248 2455 3318 2514 Β’.

2434 2550 2801 2600 ΜΑΤΘΛΙΟΣ.
2858 2547 3126 2617 Μακάριοι
3177 2548 3227 2598 οὶ
3285 2551 3504 2618 πτωχοὶ
3556 2553 3626 2616 τῷ
3678 2544 3918 2614 πνεύματι,

2363 2633 2440 2685 ὅτι
2492 2633 2659 2693 αὐτῶν
2725 2632 2864 2686 ἐστιν
2920 2636 2950 2694 ἠ
3021 2632 3264 2706 βασιλεία
3318 2644 3424 2689 τῶν
3482 2635 3720 2708 οὐρανῶν,
3759 2629 3919 2685 Μακά-

2362 2741 2468 2798 ριοι
2542 2724 2591 2775 οἱ
2669 2724 2964 2784 πενθοῦντες
3000 2764 3013 2787 ,
3079 2725 3159 2776 ότι
3222 2724 3378 2782 αὐτοὶ
3443 2723 3918 2798 παρακληθήσονται.

2363 2813 2628 2886 Μακάριοι
2692 2814 2740 2864 οἱ
2824 2820 3048 2887 πραεῖς,
3119 2815 3198 2866 ὃτι
3271 2814 3426 2868 αὐτοὶ
3506 2813 3924 2886 κληρονομήσουσι

591 2905 710 2974 ipsi
728 2902 1384 2962 saturabuntur.Beati
1398 2901 2118 2974 misericordes,quoniam
2139 2904 2251 2973 ipsi

2363 2905 2456 2959 τὴν
2535 2911 2655 2974 γῆν.
2718 2905 2984 2976 Μακάριοι
3059 2904 3107 2958 οἱ
3188 2912 3468 2966 πεινῶντες
3549 2908 3638 2965 καὶ
3700 2898 3923 2971 διψῶντες

592 2991 1072 3052 misericordiam
1115 2997 1574 3060 consequentur.
1601 2990 1776 3051 Beati
1800 2991 2026 3052 mundo
2055 2992 2252 3062 corde,

593 3081 878 3154 quoniam
897 3081 1012 3149 ipsi
1023 3081 1200 3137 Deum
1215 3079 1697 3140 videbunt.Beati
1706 3080 2256 3152 paciﬁci,quoniam

591 3172 712 3242 ﬁlii
727 3171 827 3228 Dei
839 3169 1413 3226 vocabuntur.Beati
1423 3169 1526 3239 qui
1533 3169 2006 3238 persecutionem
2014 3171 2258 3238 patiun.

597 3265 702 3318 tur
711 3259 1008 3328 propterj
1013 3259 1302 3324 ustitiam,
1321 3257 1603 3328 quoniam
1619 3259 1875 3327 ipsorum
1897 3264 1983 3318 est
2003 3273 2256 3328 regnum

596 3348 902 3406 calorum.
928 3347 1096 3402 Beati
1112 3347 1410 3412 estis,cum
1429 3345 1662 3414 probra
1680 3346 1999 3404 intulerint
2013 3347 2255 3413 vobis,et

594 3434 894 3504 persecuti
912 3448 1012 3490 vos
1034 3434 1290 3503 fuerint,
1317 3439 1373 3490 et
1389 3434 1659 3492 dixerint
1679 3449 1852 3494 omne
1874 3435 2116 3494 verbum
2137 3451 2259 3498 ma-

599 3526 725 3584 lum
737 3524 1054 3584 adversum
1071 3526 1805 3594 vosmentientes,propter
1817 3523 2256 3588 me.Gaudeteet

597 3615 1210 3685 exsultate,quoniam
1226 3629 1336 3670 me:
1357 3629 1447 3672 ces
1468 3619 1663 3674 vestra
1677 3616 1914 3683 copiosa
1931 3621 1985 3674 et
2008 3617 2069 3674 in
2091 3617 2256 3682 cwlis

597 3703 840 3774 (Matth.
892 3719 947 3770 γ,
992 3702 1216 3773 3-12)...
1254 3703 1477 3766 Venite,
1529 3701 1824 3762 benedicti
1867 3704 2072 3760 Patris
2119 3705 2253 3773 mei,

594 3791 890 3861 possidete
927 3798 1219 3860 paratum
1261 3789 1423 3850 vobis
1471 3805 1723 3861 regnum
1755 3806 1790 3851 a
1836 3793 2258 3858 constitutione

594 3881 826 3939 mundi.
847 3881 1098 3940 Esurivi
1117 3883 1296 3947 enim,
1321 3886 1373 3936 et
1399 3880 1646 3936 dedistis
1678 3880 1829 3938 mihi
1846 3881 2252 3948 manducare;

595 3972 784 4032 sitivi.
802 3976 859 4028 et
875 3969 1123 4028 dedistis
1146 3969 1298 4026 mihi
1312 3968 1511 4029 bibere
1525 3981 1545 4034 ,°
1567 3969 1774 4037 hospes
1795 3983 1978 4033 eram,
2005 3975 2059 4025 et
2081 3971 2256 4030 colle.

593 4061 768 4130 gistis
790 4075 920 4127 me;
952 4059 1174 4125 nudus,
1201 4063 1258 4115 et
1297 4057 1688 4125 cooperuistis
1716 4071 1808 4114 me
1825 4068 1849 4126 ;
1876 4057 2174 4128 inrﬁmus,
2199 4066 2256 4124 et

594 4149 879 4208 visitastis
923 4164 1052 4215 me;
1082 4151 1145 4202 in
1190 4160 1432 4206 carcere
1479 4159 1668 4210 eram,
1702 4151 1756 4202 et
1789 4146 2032 4208 venistis
2057 4148 2138 4206 ad
2164 4164 2256 4216 me

593 4239 836 4309 (Matth.
870 4253 1001 4304 xxv,
1039 4237 1302 4306 34-36)...
1348 4235 1488 4296 Sive
1513 4236 1620 4305 qui
1655 4237 1961 4296 ministrat
1993 4237 2056 4298 in
2084 4239 2253 4296 mini.-

589 4327 863 4392 strando,
884 4327 1006 4382 sive
1025 4326 1130 4396 qui
1149 4325 1314 4382 docet
1343 4325 1406 4379 in
1427 4324 1706 4384 doctrina
1728 4339 1748 4380 :
1769 4325 1875 4396 qui
1893 4326 2256 4388 exhortatur

588 4418 653 4472 in
670 4415 1069 4481 exhortando,
1095 4416 1199 4486 qui
1220 4414 1431 4469 tribuit
1464 4415 1524 4468 in
1548 4415 1956 4484 simplicitate,
1982 4417 2088 4486 qui
2101 4431 2254 4483 pra:-

589 4504 753 4563 estin
779 4501 1206 4573 sollicitudine,
1237 4503 1343 4575 qui
1371 4504 1685 4557 miseretur
1714 4504 1774 4557 in
1800 4502 2142 4572 hilaritate;
2169 4504 2250 4558 di-

590 4591 766 4650 lectio
777 4591 904 4646 sine
915 4592 1324 4648 simulatione:
1341 4591 1604 4648 odientes
1624 4591 2252 4659 malum,a_dh:erentes

591 4681 1070 4747 bono,charitate
1086 4682 1499 4750 fraternitatis
1522 4681 1774 4736 invicem
1797 4682 2136 4750 diligentes,
2153 4682 2250 4743 ho-

587 4786 733 4827 nore
754 4771 1006 4826 invicem
1025 4771 1475 4840 prwvenientes,
1492 4770 1902 4824 sollicitudine
1925 4785 2044 4824 non
2062 4772 2247 4840 pigri,

586 4861 806 4932 spiritu
815 4861 1134 4929 ferventes:
1150 4860 1396 4916 Domino
1409 4861 1729 4916 servientes
1753 4875 1765 4916 :
1781 4873 1884 4929 spe
1897 4860 2251 4929 gaudentes:

585 4956 649 5012 in
666 4951 1060 5011 tribulatione
1075 4950 1372 5020 patientes
1385 4964 1408 5006 ,·
1421 4948 1684 5006 orationi
1705 4949 1997 5012 instantes
2025 4965 2037 5005 :
2063 4964 2248 5008 neces-

585 5040 862 5098 sitatibus
877 5044 1221 5095 sanctorum
1239 5037 2246 5107 communicantes:hospitalitatem

585 5128 1246 5190 sectantes.Benedicite
1254 5127 1745 5199 persequentibus
1770 5127 2241 5199 voszbenedicite,

657 5307 776 5379 (15)
801 5310 940 5376 Reg.
974 5307 1279 5379 sociindus
1305 5311 1362 5363 et
1391 5311 1646 5378 utraque
1673 5305 1861 5364 editio
1893 5303 2234 5379 βλασφημία.

586 5378 696 5439 Alii
725 5378 849 5438 duo
882 5395 1030 5451 mss.
1065 5378 1425 5451 βλασφημίαι.

659 5451 775 5519 (16)
826 5450 1015 5505 Editio
1065 5446 1390 5512 Pariéiéns.
1441 5446 1860 5523 περιεϐάλλετι...
1921 5447 1968 5502 ίν
2016 5446 2241 5525 φυλακῇ,

2362 2995 2456 3050 τὴν
2555 2987 2938 3062 δικαιοσύνην²
3038 2993 3121 3044 ὅτι
3215 2992 3374 3050 αὐτοὶ
3475 2993 3924 3068 χορτασθήσονται.

2363 3081 2628 3154 Μακάριοι
2691 3082 2741 3132 οἱ
2806 3078 3069 3153 ἐλεήμονες
3104 3123 3117 3149 ,
3195 3083 3275 3134 ὅτι
3358 3069 3510 3140 adeo}.
3576 3082 3923 3140 ἐλεηθήσονται.

2362 3173 2626 3246 Μακάριοι
2687 3172 2735 3222 οἱ
2795 3172 3017 3243 καθαροί
3076 3179 3138 3243 τῇ
3219 3169 3428 3245 καρδίᾳ
3461 3216 3474 3242 ,
3542 3175 3621 3228 ὃτι
3669 3171 3803 3224 αὐτοὶ
3855 3169 3927 3224 τὸν

2365 3263 2493 3312 Θεὸν
2559 3259 2795 3331 ἅψονται.
2856 3261 3120 3334 Μακάριοι
3172 3263 3220 3314 οἱ
3276 3261 3621 3334 εἰρηνοποιοί,
3683 3263 3754 3314 ὄτι
3803 3255 3928 3310 αὐτοὶ

2363 3351 2470 3400 υιοὶ
2534 3356 2666 3400 Θεοῦ
2724 3347 3098 3406 κληθήσονται.
3168 3352 3443 3426 Μακάριοι
3509 3355 3558 3404 οῖ
3624 3345 3931 3418 δεδιωγμένοι

2364 3439 2522 3492 ἕνεκεν
2583 3433 2965 3507 δικαιοσύνης,
3041 3439 3121 3490 ότι
3181 3439 3355 3492 αὐτῶν
3425 3440 3568 3494 ἐστιν
3630 3442 3657 3498 ἡ
3715 3434 3931 3510 βασιλεία

2363 3533 2462 3578 τῶν
2537 3525 2785 3600 οὐρανῶν.
2860 3528 3125 3599 Μακάριοί
3191 3526 3305 3588 ἐστε
3343 3573 3358 3598 ,
3437 3531 3560 3586 ὅταν
3635 3523 3930 3582 ὀνειδίσωσιν

2363 3617 2494 3688 ὑμᾶς
2527 3655 2542 3682 ,
2617 3619 2707 3670 καὶ
2782 3611 3015 3678 διώξωσι
3048 3657 3061 3682 ,
3139 3622 3225 3670 καὶ
3300 3622 3494 3674 εἴπωσι
3570 3625 3669 3672 πᾶν
3741 3615 3931 3685 πονηρὸν

2361 3705 2508 3780 ῥῆμα
2580 3705 2698 3756 καθ’
2770 3705 2910 3776 ὑμῶν
2976 3701 3338 3778 ψευδόμενοι,
3409 3711 3570 3764 ἕνεκεν
3627 3706 3768 3780 ἐμοῦ.
3825 3705 3932 3757 Xsti-

2361 3812 2471 3868 ρετε
2535 3798 2625 3846 καὶ
2693 3791 3057 3864 ἀγαλλιᾶσθε,
3126 3796 3207 3846 ὅτι
3272 3797 3298 3848 ὁ
3365 3799 3563 3870 μισθός
3628 3800 3763 3869 ὑμῶν
3809 3791 3935 3853 πολὺς

2363 3880 2411 3934 ἐν
2475 3888 2581 3942 τοῖς
2641 3881 2897 3956 οὐρανοῖς.
2962 3889 3330 3940 ΜΑΤΘΑΙΟΣ.
3396 3895 3592 3959 Δεῦτε,
3654 3889 3702 3940 οἱ
3754 3882 3930 3951 εὐλογη-

2361 3974 2503 4044 μίνοι
2563 3978 2654 4022 τοῦ
2723 3975 2921 4043 Πατρός
2984 3991 3105 4046 μου,
3165 3972 3603 4048 κληρονομήσατε
3662 3980 3752 4032 τὴν
3820 3973 3919 4031 ᾔτει

2360 4063 2631 4133 μασμένην
2719 4061 2844 4131 ἡμῖν
2939 4058 3214 4133 βασιλείαν
3303 4061 3409 4122 ἀπὸ
3502 4063 3788 4124 καταὸολῆς
3860 4060 3934 4108 κόν

2364 4166 2520 4220 σμου.
2593 4148 2866 4204 Ἐπείνασα
2929 4150 3030 4221 γὰρ
3057 4188 3071 4212 ,
3139 4155 3229 4203 καὶ
3289 4149 3529 4212 ἐδώκατέ
3595 4173 3686 4226 μοι
3748 4156 3937 4223 φαγεῖν·

2363 4233 2640 4306 ἐδίψησα,
2727 4241 2815 4288 καὶ
2881 4236 3157 4292 ἐποτίσατέ
3221 4259 3321 4312 με·
3399 4243 3543 4304 ξένος
3617 4247 3752 4314 ἤμην
3785 4283 3798 4307 ,
3864 4238 3938 4300 καὶ

2365 4324 2682 4398 συνηγάγετέ
2759 4345 2858 4399 με·
2959 4331 3149 4399 γυμνός
3187 4368 3199 4390 ,
3283 4336 3376 4382 καὶ
3463 4330 3786 4406 περιεϐάλετέ
3853 4342 3940 4398 με’

2363 4416 2660 4473 ἠσθένησα.
2719 4419 2808 4465 καὶ
2879 4417 2988 4484 (16)
3050 4414 3414 4487 ἐπεσκέψασθέ
3481 4440 3584 4492 με’
3654 4419 3702 4471 ἐν
3762 4417 3935 4490 φυλακῇ

2359 4507 2498 4577 ἤμην
2533 4547 2546 4572 ,
2605 4508 2695 4556 καὶ
2761 4502 2940 4561 ἤλθετε
3005 4508 3134 4577 πρὸς
3193 4511 3274 4578 μέ.
3343 4515 3519 4562 ΠΡΟΣ
3571 4517 3731 4563 PRM.
3783 4500 3941 4558 Εἰτεὸ

2360 4589 2614 4646 διακονῶν
2681 4591 2728 4644 ἐν
2804 4600 2865 4664 τῇ
2947 4589 3188 4666 διακόνίᾳ
3222 4637 3235 4659 ,
3297 4601 3400 4650 εἴτε
3477 4602 3504 4654 ὁ
3586 4597 3849 4652 διδάσκων
3902 4589 3941 4641 ἐν

2356 4690 2415 4754 τῇ
2496 4678 2823 4753 διδασκαλίᾳ
2857 4727 2870 4751 ,
2950 4685 2974 4736 ό
3048 4685 3362 4758 παρακαλῶν
3443 4688 3495 4740 ἐν
3558 4697 3621 4762 τῇ
3700 4680 3941 4760 παρακλή-

2360 4790 2439 4823 σει
2481 4813 2492 4834 ,
2571 4773 2596 4822 ὁ
2672 4768 2995 4843 μεταδιδοὺς
3053 4771 3102 4824 ἂν
3167 4773 3470 4834 ἁπλότητι·

2355 4879 2435 4920 νος
2508 4859 2557 4913 ἐν
2637 4858 2887 4932 σπουδῇ,

3553 4781 3580 4830 ὁ
3657 4779 3946 4847 προίστάμε·

2964 4863 2988 4913 ό
3065 4861 3208 4914 ἐλεῶν
3277 4864 3323 4916 ἐν
3391 4867 3707 4942 ἱλαρότητι,
3752 4869 3779 4926 ἡ
3833 4864 3945 4938 ἀγάο

2356 4969 2426 5007 πη
2527 4947 2900 5024 ἀνυπόκριτος·
3007 4949 3424 5024 ἀποστυγοῦντες
3531 4962 3588 5008 τό
3692 4958 3900 5026 πονηρόν
3930 4994 3942 5018 ,

3161 5049 3222 5112 τῇ
3292 5041 3612 5118 φιλαδελφίᾳ
3669 5045 3740 5105 εἰς
3803 5042 3944 5096 ἐι).λή-

3003 5137 3064 5202 τῇ
3160 5139 3285 5204 τιμῇ
3364 5131 3628 5197 ἀλλήλους
3703 5132 3942 5210 προηγο·5ο

2354 5038 2660 5110 κολλώμενοι
2722 5047 2795 5110 τῷ
2869 5038 3050 5111 ἀγαθῷ
3080 5061 3092 5074 ·

2353 5127 2473 5189 λους
2545 5129 2878 5203 φιλόστοργοι
2913 5150 2925 5162 ·

2351 5310 2462 5384 καί.
2497 5305 2694 5384 Codex
2747 5306 3014 5384 Combef.
3048 5313 3106 5365 et
3149 5307 3252 5366 alii
3301 5309 3428 5366 duo
3481 5311 3864 5384 περιεϐάλετε...
3907 5306 3946 5360 ἐν

2353 5377 2548 5452 φυλακῇ
2585 5381 2742 5450 ἤμην,
2777 5383 2866 5431 καὶ
2880 5422 2892 5436 ,
