4112 6172
185 217 289 267 813·

1697 213 1887 271 ΜΟΒΑ
1901 215 2030 269 LlA.

3432 227 3536 280 814

180 354 313 409 μενοι
334 356 347 368 ·
380 343 445 407 τῇ
499 331 709 407 σπουδῇ
756 339 828 407 μή
859 334 1071 410 ὀκνηροι
1097 357 1110 370 ·
1142 345 1214 407 τῷ
1243 340 1501 409 πνεύματι
1531 338 1728 398 ζέοντες
1750 355 1763 369 ⁸

1893 341 1931 390 ει
1962 336 2153 392 nolite
2199 335 2580 393 maledic/re.
2615 337 2881 395 Gaudete
2932 352 3067 392 cum
3114 338 3537 414 gaudentibus,

179 434 247 496 τῷ
301 428 476 500 Κυρίῳ
531 420 860 487 δουλεύοντες
887 445 903 459 σ
961 433 1025 497 τῇ
1084 421 1237 478 ἐλπίδ
1242 446 1259 477 ι
1320 429 1597 500 χαίροντες
1619 445 1632 459 -
1698 431 1763 496 τῇ

180 512 341 584 θλίψει
370 514 709 586 ὑπομένοντες
731 534 745 548 ο
797 521 859 586 τῇ
910 521 1189 588 προσευχῇ
1224 520 1728 588 προσκαρτεροῦντες
1748 533 1763 548 ι

178 609 286 663 ταῖς
311 607 522 677 χρείαις
552 611 652 656 τῶν
683 601 844 674 ἁγίων
875 610 1238 664 κοινωνοῦντες
1260 606 1408 672 (17)·
1440 607 1535 661 τήν
1573 601 1768 675 φιλοξε-

176 696 282 744 νίαν
304 688 602 753 διώκοντες.
647 691 916 764 Εὐλογεῖτε
945 695 1068 755 τοὺς
1105 688 1392 753 διώκοντας
1428 693 1586 765 ὑμᾶς·
1620 690 1767 747 εύλο-

175 788 323 853 γεῐτε,
348 786 445 833 καί
470 785 544 854 μή
571 781 890 855 καταρᾶσθε.
923 786 1137 855 Χαίρειν
1164 784 1296 853 μετά
1322 784 1637 856 χαιρόντων,
1677 784 1767 834 καὶ

175 869 360 923 κλαίειν
385 872 522 943 μετὰ
562 869 865 925 κλαιόντων.
894 873 966 922 Τὸ
991 869 1119 924 αὐτὸ
1150 870 1217 930 εἰς
1248 868 1492 930 ἀλλήλους
1520 876 1769 945 φρονοῦν-

172 978 283 1019 τες·
331 963 405 1032 μή
451 961 521 1011 τὰ
563 957 741 1029 ὑψηλὰ
797 966 1118 1033 φρονοῦντες,
1176 956 1307 1011 ἀλλὰ
1352 965 1462 1020 τοῖς
1509 965 1767 1020 ταπεινοῖς

173 1053 609 1120 συναπαγόμενοι.
666 1052 751 1108 Μή
807 1049 1017 1119 γίνεσθε
1070 1051 1311 1121 φρόνιμοι
1354 1048 1481 1121 παρ’
1526 1046 1763 1109 ἕαυτοῖς·

169 1135 357 1210 μηδενὶ
384 1140 549 1190 κακὸν
596 1136 712 1190 ἀντὶ
754 1144 919 1189 κακοῦ
966 1133 1309 1197 ἀποδιδόντες
1332 1157 1345 1170 ·
1403 1139 1769 1212 προνοούμενοι

168 1227 299 1279 καλὰ
326 1226 547 1279 ἆνὼπιον
602 1228 807 1279 πάντων
852 1223 1159 1301 ἀνθρώπων.
1215 1226 1277 1280 Εἰ
1324 1222 1565 1296 δυνατὸν,
1609 1228 1669 1277 τό
1717 1223 1770 1287 ἐξ

168 1319 308 1390 ὑμῶν
339 1360 355 1388 ,
428 1318 562 1389 μετά
623 1318 827 1369 πάντων
896 1313 1179 1391 ἀνθρώπων
1255 1315 1590 1391 εἰρηνεύοντες
1613 1335 1624 1347 ·
1693 1318 1766 1386 μὴ

168 1407 382 1467 ἑαυτοὺς
433 1401 782 1473 ἐκδικοῦντες,
817 1403 1103 1477 ἀγαπητοί,
1146 1403 1273 1457 ἀλλά
1326 1401 1446 1459 δότε
1496 1408 1652 1457 τόπον
1703 1410 1765 1477 τῇ

169 1495 298 1570 ὀργῇ
327 1516 342 1531 ο
397 1498 694 1569 γέγραπται
719 1496 823 1567 γὰρ
849 1514 862 1528 ο
894 1494 1040 1567 Ἐμοὶ
1086 1490 1385 1560 ἐκδίκησις,
1539 1494 1770 1547 ἀνταπο-

170 1582 518 1656 δώσω,λίγει
568 1586 778 1656 Κύριος.
808 1583 965 1637 Ἀλλά
1010 1582 1096 1635 ὶάν
1147 1588 1298 1652 πεινᾴ
1339 1584 1364 1633 ό
1412 1581 1602 1654 ἐχθρός
1651 1601 1770 1646 σου,

1877 431 1930 480 et
1952 426 2089 494 [lete
2111 439 2247 481 cum
2272 425 2592 494 ﬂentibus:
2611 424 2866 495 idipsum
2898 426 3149 483 invicem
3178 427 3493 493 sentientes
3517 450 3541 493 .·

1877 528 1997 569 non
2024 514 2154 571 alta
2183 514 2503 583 sapientes,
2543 514 2648 571 sed
2695 514 3026 571 humilibus
3074 519 3534 578 consentientes.

1876 602 2078 661 Nolite
2127 617 2249 659 esse
2297 602 2624 672 prudentes
2679 603 2848 672 apud
2896 604 3277 674 vosmetipsos
3313 626 3336 664 .-
3380 610 3545 666 nulli

1876 692 2104 749 malum
2157 706 2273 760 pro
2332 692 2495 748 malo
2543 691 2859 748 reddentes
2910 709 2923 747 :
2959 694 3347 764 providentes
3385 696 3545 756 bona

1878 796 2082 837 coram
2125 780 2401 837 omnibus
2454 780 2817 837 hominibus.
2855 780 2924 838 Si
2964 783 3106 852 ﬁeri
3134 790 3353 854 potest,
3382 788 3546 858 quod

1877 885 1953 926 ea:
1984 869 2146 925 vobis
2175 874 2283 939 est,
2317 884 2451 924 cum
2499 869 2775 925 omnibus
2807 871 3149 928 hominibus
3184 888 3396 943 pacem
3431 875 3541 933 ha-

1879 958 2077 1014 bentes
2109 975 2122 1014 :
2158 972 2279 1013 non
2324 959 2704 1027 vosmetipsos
2754 960 3128 1032 ulciscentes,
3177 960 3542 1033 charissimi,

1876 1047 1979 1104 sed
2019 1047 2159 1103 date
2209 1047 2403 1102 locum
2452 1047 2599 1117 ira;
2643 1048 2936 1116 scriptum
2981 1054 3065 1105 est
3110 1051 3270 1106 enim
3319 1066 3340 1106 :
3388 1052 3545 1109 Mihi

1878 1137 2166 1202 vindicta,
2218 1150 2325 1205 ego
2371 1135 2731 1203 retribuam,
2774 1136 2918 1191 dicit
2969 1138 3279 1194 Dominus.
3328 1139 3447 1198 Sed
3490 1143 3545 1199 si

1879 1226 2156 1282 esurierit
2184 1225 2466 1281 inimicus
2497 1230 2658 1292 tuus,
2689 1225 2822 1280 ciba
2860 1226 3086 1282 illum:
3114 1228 3167 1282 si
3210 1243 3347 1285 vero
3393 1230 3539 1302 sitit,

1871 1319 2083 1383 potum
2113 1314 2194 1370 da
2215 1314 2330 1369 illi.
2361 1313 2510 1369 Noli
2534 1313 2754 1369 vincia
2774 1314 2958 1382 malo,
2986 1313 3089 1368 sed
3109 1316 3278 1371 vince
3301 1317 3366 1372 in
3395 1317 3544 1375 bono

1878 1401 2107 1457 malum
2157 1402 2350 1471 (Rom.
2400 1417 2482 1457 xu
2515 1441 2530 1468 ,
2584 1400 2805 1469 7-20)...
2858 1401 3117 1457 Nullam
3167 1404 3231 1457 in
3287 1404 3418 1459 ulla
3480 1420 3548 1462 re

1880 1490 2093 1547 dantes
2137 1490 2543 1559 offensionem,
2590 1494 2657 1544 ut
2699 1504 2821 1545 non
2866 1490 3244 1559 vituperetur
3281 1492 3545 1550 ministe-

1880 1581 2040 1635 rium
2086 1593 2110 1636 .'
2145 1579 2249 1636 sed
2304 1580 2368 1634 in
2419 1579 2599 1651 290
2648 1578 2919 1635 omnibus
2972 1579 3362 1637 exhibeamus
3410 1597 3547 1637 nos-

167 1673 380 1746 ψώμιζε
427 1672 585 1726 αὐτόν
609 1694 621 1706 ·
672 1672 759 1726 ἐὰν
790 1669 850 1725 δε
897 1669 1038 1743 διψᾲ
1085 1672 1222 1742 (18),
1254 1675 1437 1734 πότιζε
1465 1670 1643 1725 αὐτὸν.
1683 1675 1768 1730 Μὴ

1893 1669 2178 1737 metipsos,
2210 1668 2365 1724 sicut
2388 1669 2501 1724 Dei
2542 1668 2868 1729 ministros,
2905 1668 2965 1723 in
2995 1669 3191 1725 multa
3218 1670 3546 1738 patientia,

168 1771 297 1814 νικῶ
326 1764 430 1815 ύπό
463 1770 558 1815 τοῦ
586 1769 771 1828 κακοῦ,
803 1760 933 1813 ἀλλὰ
959 1764 1079 1813 νίκα
1116 1759 1166 1813 iv
1191 1769 1263 1832 τῷ
1294 1759 1474 1833 ἀγαθῷ
1502 1763 1561 1814 τὸ
1590 1765 1770 1815 κακόν.

172 1858 345 1905 ΠΡΟΣ
378 1857 527 1907 KOP.
662 1847 942 1924 Μηδεμίαν
980 1848 1030 1903 iv
1059 1847 1249 1923 μηδενὶ
1275 1846 1510 1910 διδόντες
1539 1868 1773 1925 προσκο-

171 1945 294 2008 πήν,
326 1942 411 1993 ἶνα
441 1944 512 2014 μή
540 1941 766 2014 μωμηθῇ
802 1942 832 1998 ἡ
877 1935 913 1993 δ
918 1944 1153 1991 ιακονία·
1189 1937 1293 1991 ἀλλ’
1320 1937 1370 1991 iv
1398 1943 1556 1993 παντὶ
1585 1958 1774 1992 συνισ-

174 2038 357 2091 τῶντες
383 2030 614 2095 ἑαυτούς,
648 2031 718 2090 ὡς
746 2035 880 2081 Θεοῦ
929 2025 967 2081 δ
971 2029 1187 2094 ιάκονοι,
1233 2026 1283 2080 iv
1320 2029 1554 2100 ὑπομονῇ
1586 2026 1774 2100 πολλῇ,

176 2118 224 2170 iv
254 2118 514 2190 θλίψεσιν,
550 2116 599 2170 iv
631 2116 903 2189 ἀνάγκαις,
933 2116 982 2169 iv
1014 2121 1409 2190 στενοχωρίαις,
1438 2121 1486 2169 ἐν
1524 2116 1773 2188 πληγαῖς,

177 2208 227 2260 iv
252 2207 505 2280 φυλακαῖς
528 2208 580 2260 iv
607 2205 1050 2275 ἀκαταστασίαις,
1073 2204 1122 2259 iv
1147 2211 1350 2273 κόποις,
1367 2205 1419 2259 iv
1442 2204 1773 2280 ἀγρυπνιαις,

178 2295 229 2348 iv
255 2301 547 2366 νηστείαις,
579 2295 629 2349 iv
660 2295 928 2368 ἀγνότητι,
971 2294 1021 2349 iv
1071 2301 1284 2368 γνώσει,
1334 2295 1385 2349 iv
1415 2298 1775 2371 μακροθυμίᾳ,

179 2384 226 2439 iv
281 2389 639 2460 χρηστότητι,
691 2383 740 2437 iv
789 2387 1052 2458 Πνεύματι
1101 2383 1255 2457 ἀγίῳ,
1299 2383 1347 2437 iv
1586 2383 1776 2439 ἀνυπο-

176 2479 360 2546 κρίτῳ,
391 2473 442 2528 iv
497 2474 638 2545 λόγῳ
692 2472 958 2542 ἀληθείας,
1006 2472 1054 2526 iv
1108 2470 1329 2546 δυνάμει
1366 2481 1524 2543 Θεοῦ,
1556 2469 1652 2527 διὰ
1678 2480 1779 2526 τῶν

176 2563 345 2617 ὅπλων
373 2572 465 2624 τῆς
519 2559 885 2629 δικαιοσύνης,
938 2571 1038 2616 τῶν
1093 2559 1276 2626 δεξιῶν
1322 2568 1413 2616 καὶ
1470 2561 1777 2639 ἀριστερῶν,

175 2648 271 2705 διὰ
310 2649 477 2717 δόξης
504 2657 596 2707 καὶ
630 2651 863 2726 ἀτιμίας,
898 2649 993 2706 διὰ
1022 2649 1332 2726 δυσφημίας
1377 2658 1468 2707 καὶ
1498 2652 1778 2725 εὐφημίας,

174 2745 246 2805 ὧς
266 2742 479 2813 πλάνοι,
503 2747 597 2796 καί
621 2742 831 2805 ἀληθεῖς
853 2764 867 2777 ·
904 2746 972 2807 ὡς
1002 2742 1357 2816 ἀγνοούμενοι,
1391 2748 1482 2797 καὶ
1505 2741 1783 2814 ἐπιγινωσ-

172 2835 424 2904 κόμενοι·
480 2833 548 2892 ὡς
612 2828 1043 2897 ἀποθνήσκοντες,
1097 2837 1188 2885 καί
1251 2828 1368 2885 ἰδοῦ
1437 2831 1643 2904 ζῶμεν⁸
1712 2830 1782 2892 ὡς

172 2918 576 2995 παιδευόμενοι,
622 2925 713 2974 καὶ
760 2925 832 2993 μή
885 2921 1289 2995 θανατούμενοιο
1342 2924 1412 2983 ὡς
1446 2920 1778 2993 λυπούμενοι,

172 3010 250 3064 ἃ
280 3007 349 3066 δέ
375 3015 651 3086 χαίροντες
673 3031 687 3045 ο
721 3012 787 3071 ὡς
832 3015 1042 3083 πτωχοὶ
1066 3053 1081 3079 ,
1130 3010 1343 3072 πολλοὺς
1387 3006 1448 3064 δέ
1471 3008 1781 3069 πλουτιζον-

171 3119 257 3163 τες
278 3122 294 3138 ο
324 3103 398 3165 ὸς
428 3097 597 3175 μηδεν
635 3102 865 3172 ἔχοντες,
895 3104 986 3154 καὶ
1027 3102 1199 3155 πάντα
1229 3104 1561 3172 κατέχοντες.
1615 3103 1781 3151 ΠΡΟΣ

174 3196 330 3246 KOP.
527 3193 743 3256 Λοιπὸν,
800 3184 1036 3262 ἀδελφοὶ,
1092 3193 1327 3263 χαίρετε,
1385 3187 1779 3261 καταρτίζεσθε,

170 3278 571 3352 παρακαλεῖσθε
635 3278 785 3349 (19),
842 3281 902 3331 τὸ
964 3276 1088 3330 αύτό
1154 3284 1419 3351 φρονεῖτε,
1477 3276 1781 3351 εἰρηνεύετε.

172 3372 352 3421 ΠΡΟΣ
418 3373 576 3424 ΓΔΑ.
630 3366 690 3420 Ὀ
745 3362 806 3420 δι
869 3370 1070 3439 καρπὸς
1130 3374 1220 3420 τοῦ
1282 3369 1582 3439 Πνεῦματός
1642 3364 1783 3420 ἔστιν

177 3454 389 3527 ἀγάπη,
432 3458 604 3530 χαρὰ,
660 3456 860 3531 εἰρήνη,
891 3458 1250 3532 μακροθυμία,
1289 3459 1618 3529 χρηστότης,
1650 3453 1784 3527 ἀγα-

181 3545 407 3612 θοσύνη,
478 3550 678 3613 πίστις,
730 3549 981 3618 πραότης,
1048 3543 1346 3618 ἇγηράτεια,
1406 3542 1588 3616 ἀγνεία
1652 3544 1782 3614 (20).

184 3641 359 3688 ΠΡΟΣ
407 3640 588 3690 ΕΦΕΣ.
645 3633 939 3707 Παρακαλῶ
985 3630 1074 3686 οὖν
1117 3635 1254 3707 ὑμᾶς
1303 3632 1405 3705 ἕγὼ
1434 3635 1461 3687 ό
1493 3630 1785 3707 δίσμιοςέν

186 3729 366 3800 Κυρίῳ
404 3722 565 3789 ἀξίως
618 3732 978 3798 περιπατῆσαι
1026 3731 1118 3784 τῆς
1155 3722 1383 3784 κλήσεως
1408 3720 1469 3785 ἧς
1514 3721 1784 3789 ἐκλήθητε,

188 3816 319 3884 μετά
371 3815 551 3873 πάσης
606 3815 1076 3886 ταπεινοφροσύνης
1139 3817 1230 3866 καὶ
1286 3800 1603 3887 πραότητος,
1660 3813 1789 3883 μετά

197 3903 566 3976 μακροθυμίας
619 3900 925 3975 ἀνεχόμενοι
976 3899 1205 3960 ἀλλήλων
1262 3900 1310 3953 iv
1368 3899 1567 3973 ἀγάπῃ,
1631 3918 1791 3953 σπουο

197 3986 444 4053 δείξαντες
486 3998 660 4067 τηρεῖν
715 3995 812 4050 τήν
868 3989 1083 4048 ἑνότητα
1137 3998 1231 4043 τοῦ
1278 3993 1577 4063 Πνεύματος
1620 3988 1669 4043 iv
1719 3997 1791 4061 τῷ

208 4077 481 4154 συνδέσμῳ
532 4088 628 4142 τῆς
684 4080 908 4155 εἰρήνης.
962 4077 1049 4132 Ἕν
1098 4087 1250 4152 σῶμα
1305 4084 1396 4132 καὶ
1453 4078 1501 4131 ἓν
1562 4084 1788 4150 Πνεῦμα,

206 4171 371 4231 καθὼς
398 4174 490 4221 καὶ
521 4168 765 4227 ἕκλήθητε
794 4166 842 4220 iv
880 4173 978 4241 μιᾷ
1024 4164 1198 4221 ἰλπίδι
1236 4175 1327 4229 τῆς
1366 4166 1600 4230 κλήσεως
1629 4168 1790 4239 ὑμῶν.

212 4262 370 4310 ΠΡΟΣ
434 4264 617 4315 EXEI.
686 4258 892 4312 Γίνεσθε
953 4253 1041 4310 οὖν
1098 4256 1165 4317 εἰς
1230 4255 1477 4317 ἀλλήλους
1536 4257 1792 4329 χρηστοὶ,

216 4348 584 4420 εὔσπλαγχνοι,
634 4346 978 4421 χαριζόμενοι
1021 4346 1243 4413 ἑαυτοῖς,
1276 4347 1450 4407 καθὼς
1488 4350 1578 4397 καὶ
1609 4346 1635 4398 ὁ
1667 4347 1796 4407 Θεὸς

217 4433 259 4485 ἓν
320 4444 533 4511 Χριστῷ
585 4434 878 4511 ἕχαρίσατο
942 4436 1088 4509 ὑμῖν.
1146 4437 1355 4489 Γίνεσθε
1419 4435 1508 4486 οὖν
1569 4438 1797 4508 μιμηταὶ

220 4533 303 4576 τοῦ
353 4533 507 4589 Θεοῦ,
570 4527 640 4587 ὡς
697 4529 849 4577 τίκνα
899 4522 1162 4596 ἀγαπητὰ,
1230 4529 1323 4576 καὶ
1382 4531 1711 4597 περιπατεῖτε
1749 4520 1797 4575 iv

224 4611 408 4689 ἀγάπη,
460 4616 639 4675 καθὼς
689 4618 780 4667 καὶ
831 4615 859 4667 ὁ
911 4617 1138 4689 Χριστὸς
1194 4614 1467 4685 ἠγάπησεν
1512 4615 1669 4687 ἡμᾶς,
1708 4619 1800 4667 καὶ

222 4702 500 4776 παρέδωκεν
544 4704 725 4756 ἑαυτὸν
774 4704 900 4777 ὓπερ
948 4704 1095 4776 ἡμῶν
1139 4706 1443 4778 προσφορὰν
1478 4708 1568 4755 καὶ
1596 4707 1800 4756 Θυσίαν

225 4798 288 4860 τῷ
340 4800 449 4864 Θεῷ
506 4791 573 4853 εἰς
640 4791 810 4863 ὀσμήν
862 4787 1102 4851 εὐωδίας.
1160 4797 1327 4843 ΠΡΟΣ
1395 4796 1532 4847 ΦΙΛ.
1604 4795 1662 4844 Εἴ
1725 4811 1803 4853 τις

230 4876 306 4931 οὖν
357 4880 688 4958 παράκλησις
768 4878 817 4931 iv
878 4886 1133 4953 Χριστῷ,
1203 4883 1249 4933 εἴ
1333 4899 1389 4931 τι
1474 4883 1805 4954 παραμύθιον

234 4966 423 5040 ἀγάπης
480 4974 616 5042 (21),
672 4972 719 5022 ιῖ
780 4987 861 5030 τις
911 4970 1153 5021 κοινωνία
1216 4971 1529 5044 πνεύματος.
1582 4972 1626 5022 εἴ
1691 4989 1810 5023 τινα

235 5059 497 5133 σπλάγχνα
542 5065 633 5112 καὶ
678 5058 963 5132 οἰκτιρμοί,
994 5058 1306 5134 πληρώσατέ
1354 5078 1454 5134 μου
1486 5063 1580 5118 τήν
1610 5061 1809 5134 χαρὰν,

228 5154 303 5205 ἕνα
356 5153 413 5203 τό
478 5147 609 5203 αὐτὸ
656 5154 874 5223 φρονῆτε
930 5148 1157 5211 πάντες,
1215 5151 1311 5206 την
1375 5147 1537 5208 αύτήν
1603 5145 1814 5220 ἀγάπην

286 5259 394 5327 (l7)
422 5259 640 5316 Totum
682 5253 857 5323 illud,
886 5261 999 5329 ταῖς
1045 5258 1254 5329 χρείαις
1302 5262 1403 5306 τῶν
1434 5253 1595 5329 ἀγίων
1625 5272 1815 5308 κοινω-

228 5324 432 5398 νοῦντές,
456 5330 519 5384 in
548 5343 696 5382 mss.
728 5325 956 5398 nostris
982 5324 1103 5382 ιιόῇ
1134 5324 1371 5397 legitur.

1882 1758 1948 1813 in
1987 1755 2500 1824 tribulationibus,
2533 1757 2598 1811 in
2620 1758 3096 1823 necessitatibus,
3128 1758 3193 1814 in
3222 1760 3547 1830 angustiis,

1858 1847 1946 1923 in
1973 1845 2201 1915 plagis,
2228 1846 2290 1901 in
2322 1845 2686 1915 carceribus,
2719 1846 2783 1900 in
2829 1845 3244 1914 seditionibus,
3276 1846 3340 1902 in
3383 1847 3550 1904 labo-

1884 1934 2074 2003 ribus,
2127 1936 2191 1990 in
2245 1934 2491 2004 vigiliis,
2545 1936 2610 1989 in
2653 1936 2934 2005 jejuniis,
2990 1937 3054 1991 in
3116 1938 3417 2006 castitate,
3484 1938 3548 1995 in

1885 2025 2160 2089 scientia,
2193 2024 2258 2079 in
2288 2024 2775 2095 longanimitate,
2807 2025 2871 2080 in
2900 2024 3287 2095 benignitate,
3316 2028 3379 2083 in
3409 2027 3550 2097 Spi-

1886 2114 2012 2169 ritu
2062 2118 2308 2181 sancto,
2365 2114 2428 2168 in
2489 2112 2792 2170 charitate
2845 2129 2967 2170 non
3021 2115 3202 2185 ﬁcta,
3250 2115 3315 2170 in
3371 2115 3548 2172 verbo

1889 2205 2181 2271 veritatis,
2234 2204 2300 2259 in
2356 2203 2582 2261 virtute
2623 2204 2757 2270 Dei,
2803 2218 2919 2274 per
2970 2218 3146 2261 arma
3192 2206 3457 2274 justitite
3511 2219 3551 2262 a

1887 2293 2115 2350 dextris
2144 2298 2198 2350 et
2242 2308 2280 2350 a
2318 2294 2604 2363 sinistris,
2648 2308 2760 2364 per
2803 2294 3067 2362 gloriam
3117 2299 3170 2350 et
3203 2294 3551 2365 ignobilita-

1890 2388 2027 2450 tem,
2045 2397 2158 2452 per
2187 2383 2509 2452 infamiam
2540 2388 2595 2439 et
2626 2383 2844 2439 bonam
2869 2384 3151 2455 famam:
3182 2386 3248 2441 ut
3279 2385 3549 2443 seducto-

1888 2487 2005 2541 res,
2037 2478 2093 2530 et
2123 2487 2365 2530 veraces
2394 2488 2417 2530 .'
2444 2474 2597 2530 sicut
2625 2475 2735 2545 qui
2756 2474 2968 2545 ignoti,
2994 2479 3046 2529 et
3077 2475 3304 2545 cogniti
3333 2493 3354 2531 :
3374 2478 3550 2547 quasi

1888 2562 2233 2630 morientes,
2264 2568 2320 2619 et
2367 2576 2500 2619 ecce
2543 2563 2796 2619 vivimus
2839 2579 2853 2617 :
2899 2567 2967 2616 ut
2995 2563 3301 2631 castigati,
3334 2569 3388 2620 et
3426 2577 3547 2619 non

1890 2652 2273 2720 mortiﬁcati:
2308 2653 2485 2724 quasi
2530 2653 2752 2721 tristes,
2784 2666 3016 2722 semper
3044 2656 3245 2707 autem
3273 2652 3549 2721 gauden-

1891 2746 2020 2799 tes:
2048 2742 2205 2796 sicut
2250 2746 2508 2812 egentes,
2548 2741 2772 2799 multos
2810 2746 3011 2803 autem
3059 2740 3498 2809 locupletantes
3530 2759 3545 2798 :

1890 2834 2181 2901 tanquam
2208 2830 2367 2886 nihil
2395 2829 2699 2891 habentes,
2740 2836 2795 2886 et
2833 2830 3036 2887 omnia
3062 2829 3432 2901 possidentes
3466 2830 3560 2902 (II

1893 2918 2029 2976 Cor.
2060 2935 2137 2984 v1,
2171 2922 2396 2986 3-40)...
2428 2920 2515 2976 De
2542 2925 2779 2987 caetero,
2810 2920 3063 2990 fratres,
3094 2919 3373 2989 gaudete,
3410 2935 3550 2992 per-

1885 3006 2037 3077 fecti
2088 3011 2289 3075 estote,
2350 3005 2783 3071 exhortamini,
2845 3006 3000 3061 idem
3063 3008 3278 3077 sapite,
3330 3022 3550 3077 pacem

1892 3096 2105 3155 habete
2133 3098 2213 3167 (ΙΙ
2250 3095 2390 3154 Cor.
2419 3112 2535 3165 xw,
2572 3096 2729 3160 11)...
2759 3096 3021 3152 Fructus
3048 3101 3249 3152 autem
3280 3097 3550 3167 Spiritus

1892 3192 1974 3243 est
2005 3183 2295 3255 charitas,
2320 3184 2634 3254 gaudium,
2656 3198 2807 3253 pax,
2832 3184 3155 3253 patientia,
3189 3183 3548 3255 benignitas,

1891 3274 2150 3343 bonitas,
2193 3274 2363 3344 ﬁdes,
2413 3272 2833 3342 mansuetudo,
2866 3272 3265 3342 continentia,
3301 3274 3550 3330 castitas

1892 3366 2119 3434 (Galat.
2148 3381 2202 3433 ν,
2232 3367 2395 3423 22)...
2429 3364 2680 3421 Obsecro
2711 3363 2917 3435 itaque
2957 3376 3056 3419 vos
3087 3376 3194 3432 ego
3226 3363 3460 3420 vinctus
3485 3365 3550 3421 in

1891 3456 2166 3519 Domino,
2199 3459 2266 3512 ut
2294 3454 2476 3523 digne
2499 3452 2818 3510 ambuletis
2846 3452 3177 3519 vocatione,
3206 3467 3326 3524 qua
3354 3454 3556 3512 vocati

1894 3545 2054 3612 estis,
2081 3560 2214 3602 cum
2244 3543 2409 3601 omni
2437 3542 2802 3607 humilitate,
2822 3546 2879 3599 et
2907 3541 3389 3610 mansuetudine,
3414 3558 3551 3601 cum

1892 3635 2186 3706 patientia
2212 3676 2226 3701 ,
2281 3637 2707 3704 supportantes
2769 3632 3022 3690 invicem
3076 3631 3141 3687 in
3201 3631 3549 3691 charitate:

1894 3726 2145 3783 solliciti
2201 3739 2445 3783 servare
2497 3724 2793 3780 unitatem
2857 3722 3121 3792 Spiritus
3178 3722 3240 3777 in
3308 3722 3553 3780 vinculo

1896 3818 2086 3888 pacis.
2133 3816 2329 3873 Unum
2388 3828 2607 3883 corpus
2652 3818 2707 3868 et
2754 3827 2910 3868 unus
2956 3811 3246 3880 Spiritus,
3296 3814 3451 3868 sicut
3486 3816 3554 3869 .et

1899 3906 2099 3964 vocati
2125 3907 2265 3961 estis
2294 3905 2359 3960 in
2389 3917 2511 3959 una
2540 3917 2645 3972 spe
2673 3901 2999 3961 vocationis
3044 3905 3257 3957 vestras
3294 3900 3546 3970 (Ephes.

1898 4011 1978 4067 ιν,
2034 3996 2212 4066 1-4)...
2259 3994 2466 4052 Estote
2504 3993 2694 4063 igitur
2741 3990 2992 4047 invicem
3034 3990 3298 4060 benigni,
3328 3988 3554 4046 miseri-

1899 4085 2129 4146 cordes,
2155 4085 2446 4142 donantes
2476 4082 2752 4151 invicem,
2771 4080 2927 4136 sicut
2952 4084 3006 4135 et
3040 4079 3193 4136 Deus
3222 4079 3286 4135 in
3316 4078 3561 4137 Christo

1901 4173 2147 4229 donavit
2192 4172 2374 4229 vobis.
2435 4171 2632 4226 Estote
2677 4184 2818 4239 ergo
2863 4169 3193 4224 imitatores
3241 4168 3376 4237 Dei,
3404 4168 3562 4225 sicut

1901 4264 2021 4332 ﬁlii
2061 4261 2449 4317 charissimi:
2481 4265 2535 4317 et.
2584 4258 2891 4316 ambulate
2935 4257 3000 4312 in
3039 4257 3383 4322 dilectione,
3409 4259 3564 4312 sicut

1905 4358 1960 4409 et
2010 4352 2290 4409 Christus
2338 4349 2557 4405 dilexit
2599 4363 2725 4417 nos,
2769 4352 2824 4403 et
2874 4345 3130 4402 tradidit
3189 4348 3565 4416 semetipsum

1904 4458 2020 4515 pro
2045 4440 2215 4496 nobis
2241 4438 2644 4507 oblationem,
2673 4441 2730 4491 et
2759 4433 3011 4491 hostiam
3042 4436 3165 4491 Deo
3210 4436 3276 4493 in
3322 4436 3566 4494 odorem

1905 4530 2225 4588 suavitatis
2257 4528 2422 4600 (ibid.
2459 4528 2559 4593 32;
2584 4542 2638 4590 γ,
2676 4529 2727 4594 1,
2754 4529 2880 4596 2)...
2910 4524 2982 4580 Si
3019 4539 3141 4596 qua
3182 4540 3323 4595 ergo
3368 4540 3574 4583 conso-

1910 4622 2059 4679 latio
2097 4622 2161 4676 in
2210 4618 2469 4687 Christo,
2522 4617 2576 4672 si
2621 4614 2784 4687 quod
2819 4614 3106 4672 solatium
3144 4614 3491 4685 charitatis,
3523 4615 3577 4671 si

1911 4726 2032 4784 qua
2058 4710 2309 4766 societas
2337 4707 2609 4777 spiritus,
2640 4706 2694 4761 si
2720 4719 2842 4777 qua
2881 4705 3113 4762 viscera
3152 4709 3209 4763 et
3235 4705 3574 4762 miseratio-

1913 4816 2036 4866 nes,
2085 4799 2329 4867 imptete
2379 4795 2671 4866 gaudium
2721 4808 2937 4859 meum,
2994 4799 3058 4848 ut
3113 4792 3269 4849 idem
3324 4792 3580 4862 sapiatis

1916 4905 2136 4955 omnes,
2176 4886 2444 4944 eamdem
2475 4886 2835 4942 charitatcm
2885 4883 3189 4949 habentes,
3241 4882 3580 4952 unanimes,

1918 4981 2179 5052 idipsum
2219 4977 2560 5044 sentientes,
2610 4974 2771 5030 nihil
2814 4988 2928 5043 per
2986 4970 3430 5028 contentionem
3475 4974 3582 5025 aut

1920 5072 2160 5127 inanem
2205 5067 2468 5137 gloriam
2522 5063 2819 5134 (Philipp.
2870 5076 2931 5126 ιι,
2986 5062 3167 5129 1-3)...
3226 5059 3313 5113 De
3359 5062 3581 5129 caetero,

1919 5162 2173 5232 fratres,
2224 5168 2595 5228 quascunque
2647 5156 2791 5208 sunt
2836 5164 3014 5223 vera,
3066 5162 3442 5222 quascunque
3490 5147 3591 5204 ho-

1998 5270 2105 5340 (20)
2156 5263 2305 5321 Editi
2335 5266 2403 5340 et
2450 5265 2568 5340 tres
2600 5274 2762 5340 .rnss.
2810 5256 3109 5340 ἐγκράτεια,
3141 5253 3374 5340 ’ἀγγείοῇ
3398 5254 3591 5340 conti:

1929 5325 2160 5407 ne‘ntia,
2192 5336 2438 5392 castitas
2465 5350 2477 5401 ;
2511 5335 2569 5387 et.
2597 5330 2679 5407 ita
2709 5325 3106 5407 legit_§u_clor
3141 5325 3406 5407 νυιεαιῳ
3438 5343 3453 5383 ι
3485 5325 3595 5407 κει

287 5393 688 5541 Σίϐγυιτειιῧυε
740 5397 923 5454 editio
978 5402 1034 5453 et
1086 5393 1228 5479 Regi
1275 5396 1585 5481 secundus
1626 5395 1713 5449 ἐὰν
1760 5393 1781 5449 d

287 5495 289 5502 ·
317 5477 374 5528 ἂ.
412 5470 537 5527 Voc
609 5485 646 5526 ιι
676 5465 737 5521 δί
761 5468 939 5525 abest
967 5466 1330 5541 ab_ant1quls
1359 5468 1549 5525 hbrls.

1930 5393 2262 5480 iamut.
2288 5420 2413 5463 non
2435 5393 2733 5477 reperitur
2762 5393 2943 5456 ﬁodie
2973 5398 3035 5453 in
3069 5393 3445 5456 sacro'textu
3472 5398 3598 5457 vul-

1931 5484 2092 5541 nato.

234 5465 386 5541 me;
412 5465 646 5527 Vocula
676 5465 737 5542 δι
761 5468 939 5525 abest
967 5465 1330 5542 ab_antfquis
1359 5468 1549 5525 libris.

291 5539 396 5613 (19)
425 5546 571 5612 Reg.
604 5540 813 5597 tertius
842 5539 1206 5613 παρακαλεῖτε.

1931 5484 2092 5554 gato.
