4112 6172
644 196 748 250 815
2027 189 2084 246 8.
2117 187 2265 245 BASI

2399 190 2616 246 MAGNI
3842 202 3930 257 8l6

632 323 819 385 nesta,
853 329 1220 386 quaecunque
1254 317 1450 386 justa,
1505 327 1870 385 quacunque
1912 326 2093 382 pura,
2125 327 2274 383 qua-

2395 315 2622 384 ἔχοντες,
2678 312 2981 385 σύμ-ψυχοι,
3034 316 3092 366 τὸ
3154 312 3203 366 ἓν
3261 320 3569 387 φρονοῦντες,
3619 314 3768 388 μηδεν
3822 324 3921 374 κατ’

632 418 866 475 cunque
893 404 1204 468 amabilia,
1239 420 1610 477 quacunque
1648 402 1813 459 bonze
1838 403 2045 468 famae,
2074 402 2128 455 si
2162 416 2274 471 quo

2396 400 2635 475 ἐριθείαν,
2664 402 2695 460 ἡ
2727 398 3045 464 κενοδοξίαν.
3080 409 3246 455 ΠΡΟΣ
3278 407 3411 457 (MA.
3436 406 3499 455 Τὸ
3514 403 3691 471 λοιπόν,
3714 403 3924 479 ἀδελφοὶ,

630 495 847 561 virtus,
874 498 929 550 et
954 495 1008 549 si
1034 509 1155 566 qua
1187 496 1342 562 laus,
1388 493 1515 550 haec
1556 494 1830 564 cogitate.
1865 492 2005 559 Quae
2044 495 2101 547 et
2135 491 2274 547 didi

2398 492 2499 543 ὅσα
2545 488 2685 542 ἐστὶν
2716 488 2906 555 ἀληθῆ,
2944 492 3045 543 ὅσα
3077 493 3256 563 σεμνὰ,
3302 492 3401 545 ὅσα
3447 487 3638 560 δίκαια,
3683 494 3776 546 ὅσα
3800 495 3930 567 ἀγνὰ,

628 580 809 648 cistis,
837 587 892 637 et
923 582 1257 651 accepistis,
1292 588 1346 638 et
1385 582 1641 637 audistis
1698 585 1753 636 et
1800 578 2029 635 vidistis
2082 579 2145 634 in
2175 594 2269 635 me

2400 580 2501 632 ὅσα
2528 578 2812 653 προσφιλῆ,
2851 579 2952 631 ὅσα
2997 583 3220 652 εὔφημα,
3265 583 3310 633 εῖ
3355 599 3429 641 τις
3473 578 3641 653 ἀρετὴ,
3670 587 3750 635 καὶ
3794 587 3833 635 εἰ
3870 605 3937 647 τις

631 667 756 724 haec
786 670 949 739 agite
973 669 1269 741 (Philipp.
1301 687 1377 737 1v,
1408 673 1458 741 8,
1485 670 1608 741 9)...
1642 668 1862 739 Igitur,
1895 668 1949 723 si
1973 681 2274 723 consurre'

2401 670 2624 733 ἔπαινος,
2678 674 2845 720 ταῦτα
2889 666 3181 738 λογίζεσθε.
3207 666 3270 721 Ἀ
3312 673 3401 719 καὶ⁵
3450 666 3671 740 ἐμάθετε,
3708 675 3788 722 καὶ
3830 691 3942 747 παρ-

626 758 803 813 xistis
828 773 959 813 cum
995 757 1259 821 Christo,
1285 773 1418 829 qum
1450 773 1685 813 sursum
1711 761 1852 812 sunt
1884 756 2149 828 quzrite,
2182 754 2274 810 ub1

2400 755 2620 823 ελάϐετε,
2687 761 2779 807 καὶ
2835 756 3115 823 ἠκούσατε,
3178 761 3270 809 καὶ
3329 752 3486 809 εἰδετε
3535 755 3581 808 ἐν
3635 756 3756 831 ὶμοὶ,
3803 768 3941 813 ταῦτα

631 848 906 904 Christus
935 855 1022 905 est
1050 850 1113 904 in
1152 849 1408 905 dextera
1446 849 1559 905 Dei
1601 847 1852 903 sedens:
1890 861 2022 918 quas
2050 861 2274 901 sursum

2397 847 2681 920 πράσσετε.
2712 852 2880 898 ΠΡΟΣ
2905 852 3064 901 ΚΟΛ.
3088 845 3149 898 Εἰ
3173 841 3260 897 οὖν
3283 846 3627 920 συνηγέρθητε
3647 855 3714 917 τῷ
3741 853 3944 920 Χριστῷ,

626 942 770 992 sunt
810 940 1023 1007 sapite,
1056 954 1174 993 non
1203 953 1334 1009 qua:
1361 953 1542 1007 super
1567 944 1819 993 terram.
1859 934 2090 990 Mortui
2133 936 2274 991 enim

2398 938 2463 987 τά
2493 937 2598 987 ἄνω
2625 936 2842 1001 ζητεῖτε,
2876 935 2937 986 οὗ
2980 936 3006 986 ό
3045 939 3276 1009 Χριστός
3312 936 3428 1006 (22)
3461 934 3599 988 ἐστιν
3640 936 3686 988 έν
3715 932 3848 1007 δεξιᾴ
3872 945 3946 990 τού

538 1095 546 1099 τ
627 1026 786 1095 estis,
817 1031 873 1083 et
912 1027 1035 1082 vita
1062 1033 1262 1082 vestra
1292 1031 1378 1082 est
1406 1025 1763 1081 abscondita
1793 1038 1927 1080 cum
1961 1022 2195 1079 Christo
2225 1025 2274 1079 in

2400 1032 2532 1077 Θεοῦ
2562 1026 2850 1097 καθήμενος
2873 1044 2886 1056 ·
2918 1026 2983 1076 τά
3026 1026 3131 1076 ἅνω
3164 1031 3411 1099 φρονεῖτε,
3442 1029 3511 1097 μή
3553 1026 3619 1076 τὰ
3643 1024 3721 1077 ἐπὶ
3745 1034 3828 1086 τῆς
3844 1035 3947 1097 γῆς.

542 1128 549 1136 ‘
627 1116 747 1171 Deo
779 1117 1021 1186 (Coloss.
1057 1132 1133 1185 ιιι,
1162 1119 1317 1185 t-3)..
1348 1115 1589 1170 Induite
1612 1130 1715 1170 vos
1744 1129 1903 1184 ergo,
1936 1114 2093 1169 sicut
2117 1114 2274 1170 elect:

2401 1114 2700 1166 Ἀπεθάνετε
2726 1115 2864 1186 γὰρ,..
2894 1117 2984 1165 καὶ
3026 1114 3056 1171 ἠ
3112 1113 3219 1173 ζωὴ
3276 1114 3419 1186 ὑμῶν
3462 1116 3739 1187 κέκρυπται
3784 1117 3951 1185 σύντῷ

623 1204 751 1275 Dei,
784 1205 983 1259 sancti
1029 1210 1086 1259 et
1132 1203 1383 1271 dilecti,
1429 1204 1660 1258 viscera
1707 1202 2274 1269 misericordiarum,

2397 1210 2609 1278 Χριστῷ
2640 1201 2687 1254 ἐν
2729 1210 2801 1272 τῷ
2848 1209 2984 1272 Θεῷ.
3025 1198 3348 1255 Ἐνδύσασθε
3387 1198 3498 1267 οὖν,
3528 1204 3598 1263 ὡς
3640 1201 3846 1255 ἐκλεκτοὶ
3876 1209 3952 1256 τοῦ

625 1294 1075 1361 benignitatem,
1117 1291 1549 1360 humilitatem,
1600 1292 2147 1355 mansuetudinem,
2183 1306 2274 1360 pa

2398 1298 2552 1358 Θεοῦ,
2610 1291 2756 1361 οἶγιοι
2811 1293 2903 1341 καὶ
2956 1290 3306 1363 ἠγαπημένοι,
3353 1290 3635 1362 σπλάγχνα
3687 1291 3950 1365 οἰκτιρμῶν,

622 1382 894 1438 tientiam
925 1381 1091 1450 (ibid.
1130 1380 1290 1452 12)...
1320 1381 1625 1451 Corripite
1662 1382 1983 1453 inquietos,
2017 1382 2274 1437 consola-

2394 1382 2764 1453 χρηστότητα,
2817 1382 3316 1452 ταπεινοφροσύνην,
3377 1384 3670 1455 πραότητα,
3726 1381 3954 1453 μακροθυ-

620 1471 766 1524 mini
818 1470 1260 1538 pusillanimes,
1314 1472 1603 1540 suscipite
1648 1472 1941 1538 inﬁrmos,
1985 1471 2274 1539 patiente:

2395 1473 2518 1541 μίαν
2547 1468 2678 1539 (23).
2708 1474 2877 1520 ΠΡΟΣ
2908 1475 3091 1526 ΘΕΣΣ.
3119 1466 3183 1523 α’.
3211 1470 3517 1522 Νουθετεῖτε
3553 1472 3674 1530 τοὺς
3720 1466 3957 1533 ἀτακτους,

618 1564 799 1615 θείοιο
828 1558 909 1615 ad
937 1575 1160 1615 omnes.
1214 1560 1417 1617 Videte
1459 1576 1535 1617 ne
1558 1561 1693 1632 quis
1723 1560 1953 1615 malum
1982 1574 2098 1629 pro
2128 1562 2273 1616 mali

2396 1558 2790 1632 παραμυθεῖσθε
2877 1561 2994 1619 τοὺς
3078 1557 3442 1630 ὀλιγοψύχους
3474 1601 3489 1626 ,
3553 1556 3821 1629 ἀντέχεσθε
3876 1564 3958 1608 τῶν

617 1648 808 1703 alicui
832 1648 1052 1704 reddat
1084 1666 1097 1704 :
1132 1648 1236 1704 sed
1263 1664 1497 1719 semper
1523 1649 1683 1720 quod
1716 1648 1933 1704 bonum
1986 1653 2071 1704 est
2102 1654 2274 1705 secta-

2398 1646 2645 1715 ἀσθενῶν,
2694 1647 3084 1719 μακροθυμεῖτε
3139 1650 3268 1722 πρὸς
3324 1649 3551 1710 πάντας,
3579 1653 3759 1722 Ὁρᾶτε
3804 1649 3866 1719 μή
3902 1663 3964 1705 τις

616 1737 770 1791 mini
794 1742 851 1792 et
880 1738 942 1792 in
993 1752 1095 1794 vos
1140 1739 1389 1795 invicem
1420 1743 1476 1795 et
1520 1739 1584 1793 in
1612 1753 1835 1794 omnes.
1869 1737 2118 1807 Semper
2140 1753 2274 1808 gau-

2396 1739 2555 1788 κακὸν
2585 1733 2699 1788 ἀντι
2724 1743 2888 1788 κακοῦ
2918 1754 3021 1788 τινι
3051 1733 3253 1807 ἀποδῷ,
3288 1734 3423 1789 ἀλλά
3464 1739 3684 1790 πάντοτε
3718 1738 3773 1788 τὸ
3801 1733 3963 1806 ἀγαθόν

615 1824 748 1881 dete
779 1844 791 1878 :
820 1827 948 1882 sine
970 1828 1415 1883 intermissione
1429 1832 1618 1883 orate.
1645 1827 1717 1882 In
1748 1826 2023 1882 omnibus
2049 1827 2287 1897 gratias

615 1918 777 1986 agite
803 1931 816 1970 :
853 1916 1024 1986 291
1059 1915 1186 1972 haec
1216 1921 1299 1971 est
1328 1917 1484 1973 enim
1508 1917 1790 1973 voluntas
1819 1917 1927 1971 Dei
1944 1918 2009 1970 in
2042 1914 2287 1972 Christo

613 2008 770 2072 Jesu,
798 2005 861 2060 in
888 2006 1073 2061 vobis.
1119 2005 1422 2075 Spiritum
1461 2006 1651 2062 nolite
1693 2006 2080 2075 exstinguere
2112 2020 2288 2076 :pro—

606 2092 857 2163 phetias
885 2094 1072 2150 nolite
1112 2100 1415 2163 spernere.
1451 2095 1667 2150 Omnia
1705 2099 1903 2150 autem
1935 2094 2284 2162 probantes,

611 2182 778 2253 quod
812 2182 1034 2237 bonum
1066 2186 1151 2238 est
1181 2188 1375 2238 tenete
1402 2200 1415 2238 :
1446 2183 1522 2239 ab
1553 2184 1719 2239 omni
1754 2184 1949 2253 specie
1991 2184 2159 2239 mala
2188 2182 2287 2239 ab~

613 2270 831 2357 st‘inete
885 2284 985 2325 vos
1041 2270 1101 2337 (Ι
1128 2271 1328 2326 Thess.
1364 2287 1419 2339 v,
1475 2273 1728 2341 14-22)...
1778 2271 1963 2327 Senes
2006 2276 2073 2327 ut
2100 2271 2290 2328 sobrii

612 2360 757 2427 sint,
786 2358 1017 2428 pudici,
1046 2359 1402 2428 prudentes,
1457 2359 1596 2415 sani
1637 2359 1780 2428 ﬁde,
1809 2360 2150 2428 dilectione,
2175 2375 2286 2430 pa-

619 2448 854 2504 tientia.
887 2448 1060 2503 Anus
1096 2446 1398 2514 similiter,
1429 2448 1495 2503 in
1522 2447 1737 2504 habitu
1767 2452 2000 2511 sancto.
2026 2463 2146 2504 non
2171 2450 2285 2505 cri-

615 2538 969 2594 minatrices
1000 2580 1014 2606 ,
1071 2552 1193 2592 non
1248 2537 1443 2591 multo
1507 2537 1647 2592 vino
1711 2538 2034 2593 servientes
2068 2580 2083 2604 ,
2143 2536 2286 2594 bene

614 2627 916 2693 docentes,
949 2631 1017 2680 ut
1046 2625 1344 2681 modestas
1373 2624 1636 2681 reddant
1678 2625 2184 2693 adolescentulas,
2217 2640 2285 2690 ιιι

628 2716 791 2770 viros
818 2730 954 2769 suos
983 2720 1208 2783 ament,
1240 2719 1305 2768 ut
1351 2714 1511 2783 ﬁlios
1557 2729 1694 2770 suos
1741 2714 2029 2785 diligant,
2070 2721 2135 2770 ut
2164 2717 2274 2771 sint

2394 2716 2603 2781 κάλους,
2633 2717 2716 2768 ἵνα
2745 2718 3111 2791 σωφρονίζουσι
3161 2720 3257 2781 τάς
3305 2723 3453 2790 νέας,
3506 2715 3821 2794 φιλάνδρους
3855 2713 3987 2781 εἶναι,

609 2802 962 2872 prudentes,
993 2808 1189 2868 castae,
1247 2803 1454 2859 domus
1511 2818 1720 2859 curam
1769 2804 2077 2875 habentes,
2119 2804 2274 2861 beni-

2396 2804 2738 2877 φιλοτέκνους,
2805 2811 3091 2880 σώφρονας,
3169 2804 3348 2879 ἀγνάς,
3428 2808 3728 2884 οἰκουροὺς,
3796 2804 3990 2878 ἀγαθὰς.

578 2938 583 2941 ι
612 2906 765 2962 gna',
795 2891 1053 2948 subdita:
1084 2892 1231 2948 viris
1253 2893 1397 2962 suis,
1427 2897 1491 2947 ut
1522 2907 1641 2948 non
1674 2893 2124 2963 blasphemetur
2150 2909 2274 2950 ver.

2396 2895 2822 2967 ὑποταυσομένας
2869 2891 2979 2956 τοῖς
3029 2891 3188 2956 ἰδίοις
3219 2892 3511 2970 ἀνδράσιν,
3550 2898 3637 2949 ἶνα
3682 2901 3755 2969 μὴ
3802 2896 3827 2947 ὁ
3861 2893 3993 2964 λόγος

619 2979 757 3036 bum
778 2980 890 3037 Dei
914 2980 1059 3071 (Tit.
1095 2996 1156 3048 ιι,
1177 2982 1362 3071 Ξ-ᾷ)ἶ
1382 2980 1654 3038 Admone
1672 2982 1814 3071 illos
1840 2982 2274 3052 principatibus

2396 2988 2489 3035 τοῦ
2539 2991 2674 3037 Θεοῦ
2732 2982 3140 3056 βλασφημῆται.
3204 2991 3377 3038 ΠΡΟΣ
3438 2993 3576 3043 TIT.
3635 2985 3997 3058 Ὑπομίμνησκε

617 3074 675 3127 et
718 3069 1117 3139 potestatibus
1165 3069 1435 3125 subditos
1491 3084 1633 3139 esse,
1665 3069 1926 3137 obedire,
1981 3071 2064 3127 ad
2113 3087 2274 3128 omne

2397 3072 2587 3133 αὐτοὺς
2609 3070 2805 3147 ἀρχαῖς
2826 3077 2916 3125 καὶ
2937 3072 3201 3135 ἐξουσίαις
3224 3075 3669 3146 ὑποτάσσεσθαι,
3690 3076 3994 3146 πειθαρχεῖν,

616 3173 767 3229 opus
796 3159 1012 3214 bonum
1040 3164 1291 3228 paratos
1331 3174 1474 3225 esse,
1505 3159 1803 3216 neminem
1844 3159 2274 3229 blasphemare,

2394 3166 2524 3237 πρὸς
2553 3169 2653 3215 πᾶν
2686 3166 2833 3236 ἔργον
2876 3160 3073 3234 ἀγαθὸν
3119 3163 3359 3236 ἑτοίμους
3405 3162 3572 3228 εἶναι,
3610 3160 3816 3240 μηδένα
3844 3161 3989 3236 βλασ-

616 3263 739 3304 non
787 3248 1076 3317 litigiosos
1123 3262 1265 3316 esse,
1311 3248 1418 3305 sed
1462 3248 1781 3315 modestos,
1830 3264 2066 3305 omnem
2094 3256 2274 3307 osten-

2395 3259 2606 3324 φημείν,
2632 3250 2881 3324 ἀμάχους
2927 3248 3057 3305 εἶναι
3087 3252 3348 3323 ἐπιεικεῖς,
3382 3261 3572 3309 πᾶσαν
3604 3252 3998 3325 ἐνδεικνυμένους

618 3336 823 3392 dentes
870 3336 1392 3393 mansuetudinem
1441 3337 1524 3393 ad
1570 3351 1772 3393 omnes
1816 3337 2085 3393 homines
2136 3339 2274 3409 (Tit.

2394 3344 2668 3414 πραότητα
2722 3342 2854 3413 πρὸς
2904 3343 3094 3403 πάντας
3143 3340 3482 3416 ἀνθρώπους.
3546 3352 3721 3398 ΠΡΟΣ
3772 3348 3904 3398 EBI’.
3947 3338 3997 3391 Ἠ

617 3440 703 3491 ιιι,
729 3429 778 3494 1,
804 3424 932 3496 2)...
965 3424 1253 3481 Charitas
1273 3426 1691 3495 fraternitatis
1713 3432 1958 3483 maneat
1987 3444 2000 3482 :
2024 3425 2274 3497 hospita-

2394 3425 2704 3501 φιλαδελφία
2751 3433 2963 3501 μενέτω,
2993 3439 3054 3490 τῆ
3066 3451 3088 3493 ς
3136 3430 3432 3503 φιλοξενίας
3463 3439 3542 3508 μὴ
3579 3431 3995 3488 ἐπιλανθάνεσθε.

619 3513 849 3571 litatem
889 3514 1082 3571 nolite
1111 3514 1384 3570 oblivisci
1402 3533 1416 3583 ;
1444 3529 1559 3584 per
1587 3515 1747 3571 hanc
1784 3516 1941 3571 enim
1973 3516 2274 3574 latuerunt

2394 3513 2490 3570 διὰ
2539 3520 2736 3581 ταύτης
2784 3521 2885 3594 γὰρ
2944 3518 3124 3573 ὒαθόν
3164 3539 3297 3583 τινες
3360 3522 3673 3587 ξενισαντες
3735 3519 3989 3594 ἀγγελους-

615 3603 881 3677 quidam,
910 3603 1144 3674 angelis
1174 3603 1431 3674 hospitio
1456 3605 1730 3673 receptis.
1762 3604 2120 3661 Mementote
2149 3606 2274 3662 vin-

2394 3608 2766 3679 Μιμνησκεσθε
2814 3615 2915 3660 τῶν
2946 3604 3199 3682 δεσμίων,
3239 3612 3308 3672 ὡς
3343 3610 3764 3687 συνδεδεμένοι,
3793 3620 3889 3664 τῶν
3916 3627 4000 3661 κα-

615 3698 872 3758 ctorum,
936 3698 1222 3764 tanquam
1290 3692 1472 3747 simul
1537 3692 1730 3748 vincti
1775 3708 1792 3747 :
1847 3692 2274 3763 laborantium,

2394 3700 2781 3770 κουχουμένων,
2811 3699 2883 3758 ὡς
2910 3702 3000 3750 καὶ
3029 3698 3178 3751 αὐτοὶ
3222 3703 3362 3762 ὄντες
3405 3702 3457 3754 ἐν
3510 3707 3750 3775 σώματι.
3780 3705 3949 3775 Τίμιος
3978 3695 3999 3746 δ

616 3788 907 3855 tanquam
933 3788 989 3839 et
1018 3783 1138 3853 ipsi
1161 3783 1223 3838 in
1251 3796 1504 3852 corpore
1532 3786 1861 3838 morantes.
1907 3783 2274 3841 Honorabili

2394 3787 2556 3858 γάμος
2586 3785 2635 3838 ἐν
2664 3792 2819 3855 πᾶσι,
2848 3791 2939 3839 καὶ
2979 3788 3011 3845 η
3045 3792 3192 3846 κοίτη
3226 3788 3496 3861 ἀμίαντος
3521 3814 3536 3825 ·
3568 3796 3798 3867 πόρνους
3835 3787 3892 3843 δε
3928 3789 4005 3838 καὶ

614 3872 980 3930 connubium
1009 3873 1074 3929 in
1106 3871 1405 3939 omnibus,
1437 3876 1494 3927 et
1537 3872 1751 3927 thorus
1798 3873 2230 3929 immaculatus
2264 3891 2274 3929 :

2394 3877 2619 3946 μοιχοὺς
2657 3882 2822 3950 κρινεῖ
2848 3877 2873 3927 ὀ
2896 3879 3043 3937 Θεὸς.
3076 3876 3472 3955 Ἀφιλάργυρος
3499 3882 3527 3933 ὁ
3561 3885 3761 3957 τρόπος
3779 3902 3792 3915 ο
3838 3876 4004 3951 ἀρκού-

607 3962 1015 4033 fornicatores
1066 3962 1223 4017 enim
1280 3965 1337 4016 et
1378 3959 1691 4016 adulteros
1736 3959 2049 4029 judicabit
2102 3962 2274 4019 Deus.

2394 3981 2532 4036 μενοι
2551 3969 2661 4026 τοῖς
2679 3971 2958 4039 παροῦσιν.

609 4052 749 4109 Sint
796 4066 990 4109 mores
1039 4051 1169 4108 sine
1218 4049 1505 4117 avaritia,
1559 4049 1832 4107 contenti
1871 4050 2277 4121 praesentibus

611 4140 822 4212 (Hebr.
848 4155 975 4210 xm,
1011 4139 1149 4212 1-5).

1199 4262 1484 4322 REGULA
1524 4264 1676 4321 LXX.

608 4389 787 4458 Quod
812 4389 854 4447 ii
881 4389 1107 4463 quibus
1137 4387 1483 4447 concredita
1511 4392 1602 4448 est
1638 4387 1949 4460 Evangelii
1977 4388 2271 4463 praedica-

2394 4388 2500 4443 Ὀτι
2539 4385 2621 4444 δεῖ
2667 4394 2785 4453 τοὺς
2830 4390 3313 4468 ἐγκεχειρισμένους
3350 4400 3417 4451 τὸ
3466 4404 3742 4477 κήρυγμα
3784 4407 3875 4452 τοῦ
3916 4395 4006 4450 Εὐ-

680 4478 789 4549 tio,
815 4478 1042 4536 debent
1060 4495 1200 4536 cum
1225 4477 1580 4552 precatione
1598 4482 1656 4535 et
1683 4478 2105 4536 obsecratione
2129 4495 2271 4537 con-

2450 4479 2693 4553 αγγελίου
2717 4484 2851 4554 μετά
2879 4479 3108 4547 δεήσεως
3140 4490 3230 4537 καὶ
3260 4485 3440 4558 εύχῆς
3488 4491 3892 4556 καθίστασθαι,
3919 4489 4005 4539 εἴτε

680 4568 921 4625 stituere
942 4567 1071 4624 sive
1089 4567 1408 4637 diaconos,
1433 4566 1561 4624 sive
1583 4566 2268 4641 presbyteros,quorum

2450 4565 2746 4642 διακόνους,
2782 4574 2880 4625 εἴτε
2911 4572 3324 4648 πρεσϐυτέρους,
3359 4574 3764 4652 ἀνεγκλήτους,
3809 4584 3899 4633 καὶ
3927 4573 4007 4630 δο-

678 4656 845 4733 prior
868 4656 995 4715 vita
1020 4655 1329 4730 inculpata
1361 4655 1438 4713 sit
1465 4659 1524 4713 et
1549 4653 1831 4729 probata.

2445 4662 2633 4733 κίμους
2656 4663 2741 4715 τὸν
2768 4664 3016 4737 πρότερον
3042 4660 3186 4736 βίον.

2398 1822 2611 1877 διώκετε
2639 1828 2723 1876 καὶ
2752 1824 2823 1885 εἰς
2850 1823 3097 1885 ἀλλήλους
3141 1829 3232 1877 καὶ
3276 1824 3349 1887 εἰς
3378 1828 3597 1887 πάντας.
3629 1827 3844 1879 Πάντοτε
3864 1842 3970 1895 χιιι⁴

2395 1933 2527 1990 ρετε,
2588 1910 2936 1976 ἀδιαλείπτως
2986 1916 3368 1987 προσεύχεσθε.
3418 1914 3501 1969 Ἐν
3554 1918 3708 1968 παντὶ
3751 1912 3970 1987 εὐχαρισ-

2396 2012 2528 2056 τεῖτε
2551 2024 2564 2037 ·
2612 2010 2766 2055 τοῦτο
2811 2004 2914 2076 γὰρ
2960 2002 3159 2076 θέλημα
3189 2011 3325 2056 Θεοῦ
3376 2003 3430 2057 ἐν
3464 2012 3682 2075 Χριστῷ
3706 2003 3891 2068 Ἰησοῦ,
3916 1999 3972 2059 εἰς

2396 2093 2528 2165 ὑμᾶς
2575 2092 2707 2163 (24).
2741 2095 2811 2144 Τό
2856 2098 3068 2164 Πνεῦμα
3119 2096 3190 2164 μὴ
3255 2091 3521 2159 σϐέννυτε,
3565 2096 3871 2167 προφητείας
3909 2091 3969 2161 μή

2397 2182 2713 2244 ἐξουθενεῖτε.
2748 2183 2924 2233 Πάντα
2949 2177 3010 2234 δε
3040 2177 3417 2255 δοκιμάζοντες
3443 2184 3583 2255 (25),
3611 2186 3669 2235 τὸ
3698 2181 3844 2234 καλὸν
3869 2197 3976 2232 κατ-

2396 2275 2569 2342 έχετε·
2613 2268 2716 2322 ἀπὸ
2750 2274 2939 2332 παντὸς
2987 2266 3164 2333 εἴδους
3210 2279 3447 2345 πονηροῦ
3500 2270 3783 2345 ἀπέχεσθε.
3830 2273 3975 2323 ΠΡΟΣ

2393 2366 2522 2416 ΤΙΤ.
2558 2357 2855 2434 Πρεσϐύτας
2898 2358 3176 2432 νηφαλίους
3219 2357 3373 2431 εἶναι,
3429 2366 3670 2435 σεμνούς,
3717 2366 3974 2432 σώφρονας,

2395 2450 2725 2521 ὑγιαίνοντας
2767 2454 2830 2520 τῇ
2862 2453 3061 2516 πίστει,
3093 2457 3155 2522 τῇ
3192 2447 3401 2523 ἀγάπη,
3442 2459 3508 2523 τῇ
3545 2452 3799 2523 ὑπομονῇ.
3830 2455 3980 2521 Πρεσο

2395 2533 2552 2590 ϐύτιδ
2556 2556 2611 2597 ας
2642 2539 2913 2605 ὡσαύτως,
2961 2537 3009 2591 ἐν
3037 2544 3420 2612 καταστήματι
3453 2542 3751 2616 ἱεροπρεπεί
3769 2536 3892 2610 (26),
3918 2539 3979 2606 μὴ

2396 2623 2697 2693 διαϐόλους,
2729 2630 2800 2698 μὴ
2843 2630 2963 2699 οῖνῳ
3001 2626 3170 2698 πολλῷ
3221 2624 3654 2702 δεδουλωμένας,
3691 2622 3988 2681 καλοδιδασ-

3042 4258 3208 4306 οΡοΣ
3248 4250 3326 4310 0'.

2372 4851 2496 4910 quo
2541 4836 2762 4914 horum
2807 4838 3072 4898 duorum
3109 4856 3266 4914 quos
3292 4841 3498 4900 modo
3540 4844 3683 4905 dixi
3734 4829 4006 4903 codicum

679 4840 793 4919 (2})
823 4835 1022 4919 l_l_lud,'
1051 4838 1096 4890 εἰ
1137 4854 1204 4919 τι.
1224 4835 1555 4919 παραμύθιον
1600 4830 1777 4906 ἀγάπη
1789 4853 1829 4905 ς,
1864 4831 2139 4893 additum
2170 4840 2264 4894 est

2394 4851 2503 4919 [uo
2541 4836 2598 4919 hi

2371 4913 2788 4966 auctoritatem
2821 4917 3061 4968 secutus
3091 4913 3251 4969 sum.
3277 4916 3363 4971 Ita
3396 4914 3584 4974 enim
3611 4917 3842 4977 melius
3867 4917 4009 4976 inter

605 4908 906 4981 ex'Begiis
934 4908 1133 4983 primo
1154 4912 1213 4965 et
1245 4908 1442 4983 tertio.

676 4974 827 5054 (22f
847 4974 1164 5038 Posuimus
1220 4994 1295 5035 ex
1344 4976 1513 5035 libris
1568 4974 1871 5034 veteribus
1934 4975 2258 5037 articulum

605 5058 745 5113 ante
771 5069 980 5111 vocem
1014 5055 1260 5126 Χριστός.

672 5127 792 5205 (e3)
814 5119 1078 5205 Utraque
1098 5122 1281 5205 editio
1297 5124 1506 5205 et‘Reg.
1524 5119 1829 5176 secundus
1850 5125 2141 5205 πραότητμ,
2158 5141 2259 5195 μα-

601 5192 892 5272 κροθυμίαν
929 5192 1056 5270 πρὸς
1097 5196 1297 5257 πάντας
1341 5192 1659 5269 ἀνθρώπους,
1710 5192 2251 5258 mansuetudinem,

603 5269 1130 5319 lanaanimitatem
1143 5280 1288 5319 eraa
1299 5280 1500 5319 omnes
1520 5262 1921 5319 homines:sed
1941 5262 2111 5319 illud.
2130 5269 2251 5319 πρὸς

603 5264 1130 5339 lbngdnimit'atem
1143 5280 1288 5337 erga
1299 5264 1500 5322 omnes
1520 5264 1921 5320 homines:sed
1941 5264 2111 5331 illud,
2130 5269 2255 5338 πρὸς

601 5342 793 5418 πάντας
816 5336 1149 5418 fatigemus,
1185 5352 1223 5393 a
1258 5336 1501 5418 duobus
1545 5333 1678 5418 aliis
1703 5333 2016 5418 codicibus
2056 5335 2252 5418 Regiis

603 5405 1080 5491 abest._ﬂoc'loco
1096 5409 1157 5491 in
1183 5408 1441 5491 vulgatis
1459 5407 1744 5491 leguntur
1761 5405 1947 5491 verba
1976 5406 2252 5491 Epistolm

601 5479 683 5538 ad
712 5480 1017 5550 Hebraeos,
1048 5479 1157 5538 sed
1174 5494 1249 5539 ea
1271 5474 1391 5540 alio
1411 5474 1622 5539 ordine
1650 5474 1888 5535 edenda
1916 5474 2154 5538 curavi:
2189 5479 2251 5537 in

2371 4995 2434 5036 se
2460 4980 2761 5038 cohasrere
2782 4981 2929 5038 mihi
2961 4983 3086 5040 visa
3119 4989 3279 5040 sunt.

2442 5055 2553 5121 (24)
2584 5053 2724 5127 Reg.
2758 5053 2966 5127 tertius
2995 5054 3067 5127 εἰς
3095 5056 3256 5127 ἡμᾶς.

2441 5127 2553 5206 (ἓξ)
2587 5126 2845 5206 quaque
2875 5124 3077 5206 editio‘
3102 5124 3275 5206 πάντα
3303 5124 3365 5180 δί
3401 5125 3443 5182 δ
3446 5134 3775 5206 οκιμάζετε.
3808 5131 4003 5191 Codex

2366 5192 2653 5272 Coiinbef:
2671 5200 2727 5251 et
2744 5192 2877 5252 'duo
3043 5194 3448 5272 δοκιμάζοντες.

2437 5265 2549 5335 (26)
2594 5267 2851 5346 Utraque
2893 5267 3073 5325 editio
3104 5265 3412 5346 ret-sacer
3470 5277 3691 5333 textus
3733 5275 4005 5346 vulgatus

2366 5337 2957 5422 isponpur‘at_;.‘Veteres
2979 5340 3320 5422 nqstrilibri
3356 5343 3705 5422 ἱεροπρεπεῖ.
3737 5337 4005 5422 Μοξᾷιιο

2361 5406 2518 5534 βάδεὶ
2538 5406 2853 5491 φιλάνδρους
2881 5409 3029 5467 εἶναι.
3051 5415 3179 5470 Vox
3197 5406 3417 5471 ultima
3440 5406 3637 5478 de'est
3656 5422 3725 5478 in
3740 5406 4002 5477 editione

2411 5495 2708 5534 ansnensx.

2411 5495 2708 5538 ἃτιειθαει.
