4112 6172
249 325 339 377 817
1761 326 1873 381 MOI

1973 325 2075 379 [ΑΛ
3298 344 3315 359 ⁴
3492 328 3597 382 818

891 446 1080 520 Κεφάλ.
1121 447 1194 503 Λ”.
1873 457 1918 505 Α

1873 457 1918 505 Α
2634 445 2831 516 Caput
2857 447 2907 502 Ι.

319 573 686 626 ΜΑΤΘΑΙΟΣ.
757 573 883 622 Τότε
938 569 1073 642 λέγει
1118 578 1223 631 τοῖς
1273 572 1532 644 μαθηταῖς
1574 570 1838 624 αύτούοὈ

2021 574 2187 629 Tunc
2216 572 2356 629 dicit
2384 572 2697 642 discipulis
2717 573 2837 628 suis
2862 588 2876 627 :
2904 570 3110 628 Messis
3131 572 3367 645 quidem
3385 573 3596 645 multa,

253 661 333 730 μὶν
388 659 642 731 θερισμός
706 658 884 727 πολύς,
919 662 968 712 οἱ
1016 656 1075 713 δε
1127 659 1342 735 ἐργάται
1373 660 1557 732 ὀλίγοι.
1612 661 1838 718 Δεήθητε

1975 662 2211 730 perarii
2225 667 2422 717 autem
2439 660 2876 732 pauciﬂogate
2886 676 3028 732 ergo
3042 661 3360 718 Dominum
3376 664 3599 731 messis,

254 742 332 799 οὖν
360 755 455 799 τοῦ
489 752 688 821 Κυρίου
735 755 826 800 τοῦ
876 749 1149 821 θερισμοῦ,
1197 750 1338 810 ὅπως
1382 748 1566 823 ἐκϐάλῃ
1614 749 1835 823 ἐργάτας

1970 758 2007 807 ιι
2036 752 2239 807 mittat
2270 752 2582 821 operarios
2613 753 2674 806 in
2698 766 2942 807 messem
2976 751 3221 818 (Matth.
3253 768 3330 819 ιι,
3364 756 3454 818 37,
3484 752 3594 823 38).

248 837 310 897 εἰς
352 839 442 889 τὸν
495 838 760 910 θερισμόν.
814 844 1105 893 ΛΟΥΚΛΣ.
1166 843 1267 891 Καὶ
1298 841 1380 891 ὅτε
1409 837 1604 911 ἐγένετο
1642 841 1830 914 ἡμέρα,

1974 842 2020 896 ἴε
2042 858 2175 898 cum
2203 842 2325 899 dies
2341 844 2549 913 factus
2578 847 2745 906 esset,
2767 843 2999 898 vocavit
3015 843 3343 911 discipulos
3362 858 3521 903 suos.
3542 848 3598 898 et

241 932 607 999 προσεφώνησε
654 931 777 988 τούς
822 929 1062 1000 μαθητὰς
1106 927 1286 996 αύτού,
1344 934 1435 981 καὶ
1510 928 1834 1003 ἐκλεξάμενος

1976 931 2119 1001 legit
2168 932 2479 988 duodecim
2531 947 2607 988 ea:
2632 931 2776 1001 ipsis
2805 947 2949 1002 quos
2980 937 3035 988 et
3074 932 3375 1001 apostolos
3402 931 3594 987 nomi-

362 1014 531 1065 αὐτῶν
609 1011 838 1081 δώδεκα,
888 1015 975 1076 οὓς
1028 1020 1119 1068 καὶ
1186 1014 1508 1079 ἀποστόλους
1572 1019 1828 1090 ὠνόμασε,

1972 1022 2108 1076 cavit
2135 1037 2147 1075 :
2171 1020 2466 1077 Simonem
2492 1036 2664 1091 quem
2696 1027 2750 1076 et
2780 1022 3226 1091 cognominavit
3262 1021 3520 1087 Petrum,
3539 1025 3596 1075 et

242 1106 457 1175 Σίμωνα,
519 1102 575 1153 ὃν
632 1107 723 1155 καί
777 1105 1014 1177 ὠνόμασε
1068 1110 1281 1181 Πέτρον,
1327 1111 1415 1157 καὶ
1466 1100 1714 1179 ’Λνδρίαν
1744 1108 1829 1156 τόν

1963 1108 2243 1164 1ndream
2296 1109 2557 1177 fratrem
2589 1111 2739 1177 ejus,
2770 1114 2822 1163 et
2854 1108 3166 1178 Jacobum,
3194 1114 3248 1164 et
3276 1108 3587 1179 Joannem,

242 1187 456 1263 iiiis).be
502 1191 683 1259 αὐτοῦ,
735 1198 825 1245 καὶ
880 1191 1122 1246 Ἰάκωϐον
1188 1195 1331 1263 (27)“
1408 1199 1498 1247 καὶ
1567 1194 1824 1259 Ἰωάννην,

1967 1196 2296 1266 'hzlippum,
2355 1203 2411 1253 et
2469 1197 3004 1265 Bartholommum,
3038 1201 3093 1253 et
3132 1196 3511 1264 Matthamm,
3535 1201 3591 1253 et

233 1280 500 1345 Φίλιππον,
575 1286 664 1333 καὶ
750 1282 1154 1357 Βαρθολομαῖον,
1232 1289 1323 1336 καὶ
1387 1285 1674 1351 Ματθαῖον,
1735 1288 1826 1335 καὶ

1968 1285 2541 1355 "homam,Jacobum
2559 1286 2606 1340 -A
2621 1285 2885 1355 lphaei,et
2906 1287 3205 1343 Simonem
3220 1286 3325 1357 qui
3338 1291 3592 1341 vocatur

232 1376 443 1442 Θωμᾶν,
497 1368 742 1423 Ἰάκωϐον
764 1374 851 1423 τόν
907 1380 1000 1423 τοῦ
1058 1372 1324 1445 Ἀλγαίου,
1380 1378 1471 1425 καὶ
1509 1378 1711 1445 Σίμωνα
1738 1376 1825 1425 τόν

1967 1376 2177 1444 ῖειοιες,
2205 1382 2261 1432 et
2279 1376 2505 1432 Judam
2524 1374 2753 1443 Jacobi,
2774 1381 2827 1433 et
2853 1375 3074 1431 Judam
3099 1374 3469 1435 Iscariotem,
3488 1390 3591 1445 qui

226 1458 537 1530 καλούμενον
619 1458 885 1528 Ζηλωτὴν,
959 1466 1050 1513 καὶ
1127 1459 1331 1515 Ἰούδαν
1412 1461 1677 1527 Ἰακώϐου,
1735 1467 1825 1515 καὶ

1968 1469 1990 1519 t
2014 1464 2136 1533 fuit
2163 1465 2441 1534 proditor
2467 1467 2636 1531 (Luc.
2663 1480 2740 1533 γι,
2776 1466 3041 1535 13-16)...
3063 1464 3207 1519 Post
3242 1463 3371 1520 haec
3391 1468 3590 1519 autem

227 1545 429 1601 Ἰούδαν
522 1550 881 1622 Ἰσκαριώτην,
950 1550 1003 1611 ὃς
1089 1556 1180 1603 καὶ
1260 1550 1454 1622 ἐγένετο
1533 1547 1819 1626 προδότης.

1968 1553 2273 1623 'esignavit
2328 1554 2623 1611 Dominus
2644 1560 2699 1611 et
2730 1555 2885 1609 alios
2909 1554 3317 1625 septuaginta,
3348 1559 3405 1609 et
3430 1553 3592 1609 misit

222 1644 509 1696 ΑΟΥΚΑΣ,
558 1641 704 1692 Μετά
757 1635 817 1692 δι
875 1648 1043 1692 ταῦτα
1103 1637 1356 1703 ἀνέδειξεν
1409 1643 1435 1693 ό
1494 1644 1684 1717 Κύριος
1733 1647 1823 1694 καὶ

1964 1643 2072 1698 llos
2096 1643 2263 1699 binos
2282 1650 2425 1700 ante
2446 1645 2664 1713 faciem
2687 1659 2857 1700 suam
2878 1646 2939 1699 in
2961 1659 3193 1700 omnem
3215 1643 3516 1699 civitatem
3535 1648 3588 1699 et

225 1727 432 1803 ἐτέρους
458 1724 837 1801 ἑϐδομήκοντα,
870 1734 962 1782 καὶ
1002 1727 1300 1783 ἀπέστειλεν
1345 1730 1531 1792 αὐτούς
1582 1729 1677 1782 ἀνα
1725 1727 1822 1784 δύο

1962 1746 2150 1798 ocum,
2175 1747 2287 1803 quo
2311 1739 2440 1788 erat
2465 1734 2594 1801 ipse
2604 1739 2912 1789 venturus.
2939 1732 3188 1812 Dicebat
3202 1731 3402 1804 itaque
3421 1732 3548 1787 illis
3572 1746 3586 1785 :

223 1820 322 1891 πρὸ
376 1822 662 1891 προσώπου
722 1818 903 1886 αὐτοῦ,
955 1819 1028 1881 εἰς
1078 1825 1252 1872 πᾶσαν
1308 1819 1453 1872 πόλιν
1496 1825 1586 1872 καὶ
1643 1824 1816 1893 τόπον,

1966 1820 2136 1876 [essis
2152 1800 2388 1891 quidem
2411 1800 2626 1889 multa,
2642 1823 2911 1891 operarii
2927 1800 3125 1878 autem
3134 1800 3337 1891 pauci.
3363 1822 3590 1891 Rogate

220 1905 279 1957 οὗ
326 1905 526 1978 ἔμελλεν
568 1906 720 1967 αύτός
749 1908 1029 1981 ἔρχεσθαι.
1084 1907 1284 1980 Ἔλεγεν
1316 1905 1404 1961 οὖν
1433 1912 1562 1985 πρός
1610 1909 1817 1972 αὐτούς’

1965 1923 2074 1979 rgo
2088 1909 2406 1965 Dominum
2434 1910 2659 1979 messis,
2674 1916 2737 1965 ut
2757 1910 2958 1967 mittat
2988 1909 3302 1980 operarios
3337 1910 3400 1964 in
3432 1924 3587 1965 mes-

218 1993 276 2046 ’0
314 1998 405 2067 μεν
447 1996 696 2069 θερισμός
737 1995 921 2068 πολύς,
953 1998 1004 2048 οἱ
1043 1992 1102 2049 δε
1132 1995 1348 2071 ἐργάται
1375 1997 1563 2071 ὀλίγοι.
1595 2001 1821 2057 Δεήθητε

1962 2012 2047 2053 em
2077 2012 2245 2054 suam
2278 1998 2447 2069 (Luc.
2487 2014 2543 2062 χ,
2575 2001 2623 2062 1,
2644 1997 2771 2069 2)...
2805 1998 3067 2054 Primum
3100 1998 3337 2070 quidem
3368 2012 3586 2054 sermo-

223 2078 309 2134 οὖν
340 2091 432 2135 τού
461 2087 659 2159 Κυρίου
689 2092 781 2136 τοῦ
805 2086 1077 2160 θερισμοῦ,
1113 2086 1251 2148 ὅπως
1281 2083 1466 2159 ἐκϐάλῃ
1502 2086 1724 2161 ἐργάτας
1749 2087 1817 2150 εἰς

1960 2102 2061 2143 tem
2086 2087 2212 2156 feci
2238 2090 2311 2143 de
2336 2087 2631 2153 omnibus,
2655 2104 2687 2143 o
2711 2086 3189 2159 Theophile,qua:
3219 2089 3396 2158 ctepit
3411 2088 3584 2144 Jesus

220 2174 305 2224 τόν
337 2174 585 2246 θερισμόν
614 2174 792 2225 αὑτοῦ.
840 2177 1135 2230 ΠΡΑΞΕΙΣ.
1166 2176 1265 2227 Τόν
1293 2179 1393 2261 μὲν
1415 2182 1616 2251 πρῶτον
1666 2175 1817 2249 λόγον

1961 2177 2131 2232 'acere
2154 2180 2208 2233 et
2234 2176 2443 2233 docere
2459 2191 2644 2249 usque
2664 2177 2727 2232 in
2748 2176 2900 2232 diem
2923 2191 3042 2247 qua
3059 2177 3422 2246 precipiens
3441 2191 3585 2247 apo-

219 2257 547 2335 ἔποιησάριην
602 2267 721 2337 περὶ
777 2263 1003 2331 πάντων,
1055 2261 1095 2315 ὦ
1149 2257 1388 2337 Θεόφιλε,
1460 2261 1528 2317 ὧν
1566 2265 1760 2340 ἤρξατο
1790 2267 1815 2318 ό

1963 2264 2097 2320 tolis
2144 2279 2251 2336 per
2299 2265 2598 2335 Spiritum
2631 2269 2928 2336 sanctum,
2963 2280 3111 2335 quos
3142 2265 3337 2335 elegit,
3362 2279 3587 2323 assum-

220 2350 422 2413 Ἰησοῦς
494 2357 661 2404 ποιεῖν
727 2371 781 2405 τε
845 2357 935 2405 καὶ
1000 2349 1298 2425 διδάσκειν,
1335 2351 1563 2429 ἄχριῆς
1624 2356 1817 2429 ἡμέρας

1960 2358 2063 2408 itus
2088 2358 2173 2409 est
2207 2354 2432 2422 (Act.~1,
2465 2358 2514 2420 1,
2538 2353 2666 2423 2)...
2697 2353 2776 2408 Et
2801 2359 3147 2410 statuerunt
3174 2354 3342 2423 duos,
3362 2355 3584 2425 Joseph

215 2436 555 2514 ἐντειλάμενος
582 2447 692 2502 τοῖς
723 2439 1029 2503 ἀποστόλοις
1056 2438 1090 2495 δ
1096 2445 1148 2494 ιὰ
1191 2445 1480 2516 ῐῐνεύματος
1528 2443 1697 2516 ἁγίου,
1727 2444 1814 2506 οὓς

1959 2444 2033 2498 ἀἱ
2059 2443 2395 2500 vocabatur
2415 2443 2747 2512 Barsabas,
2770 2443 2879 2515 qui
2895 2444 3351 2514 cognominatus
3375 2450 3459 2501 est
3485 2447 3583 2502 Ju-

212 2526 494 2601 ἰξελέξατο,
556 2528 837 2603 ἀνελήφθη.
907 2536 1202 2586 ΠΡΑΞΕΙΣ.
1254 2535 1354 2585 Καὶ
1415 2534 1643 2592 ἔστησαν
1693 2528 1811 2602 δύό,

1958 2537 2072 2598 tus,
2113 2538 2169 2589 et
2199 2532 2545 2588 Matthiam.
2588 2532 2667 2588 Et
2699 2539 2942 2589 orantes
2980 2532 3271 2589 (ﬁxerunt
3306 2551 3319 2588 :
3354 2534 3438 2587 Tu
3468 2533 3582 2590 Do-

212 2613 410 2692 Ἰωσῆφ
440 2622 530 2671 τόν
589 2617 902 2693 καλούμενον
953 2618 1249 2695 Βαρσαϐᾶν,
1280 2621 1330 2681 ὃς
1381 2619 1632 2680 ἐπεκλήθη
1691 2621 1814 2675 Ἰού-

1956 2621 2103 2690 mine,
2149 2622 2256 2692 qui
2302 2621 2490 2677 corda
2534 2622 2695 2678 nosti
2744 2623 3031 2688 omnium,
3088 2621 3349 2690 ostende,
3408 2637 3580 2693 quem

207 2725 357 2779 στος,
412 2713 505 2761 καὶ
552 2710 819 2762 Ματθίαν.
869 2713 970 2762 Καὶ
1016 2709 1439 2784 προσευξάμενοι
1505 2707 1664 2764 εἶπον⁸
1721 2714 1808 2779 Σύ,

1958 2709 2168 2779 legeris
2197 2709 2371 2781 292
2401 2724 2476 2766 ea:
2498 2709 2590 2766 his
2611 2709 2838 2765 duobus
2854 2725 3062 2781 unum,
3089 2710 3359 2778 accipere
3384 2710 3578 2767 locum

208 2800 394 2872 Κύριε,
442 2793 852 2872 καρδιογνῶστα
896 2799 1120 2865 πάντων,
1156 2796 1449 2871 ἀνάδειξον,
1506 2799 1560 2853 ὃν
1608 2799 1811 2864 ἰξελὲξω

1959 2797 2249 2854 iinisterii
2278 2797 2482 2868 hujus,
2515 2804 2573 2855 et
2598 2800 2994 2869 apostolatus,
3025 2799 3099 2855 de
3126 2814 3247 2870 qua
3289 2800 3583 2869 prevari-

199 2883 258 2937 ἔκ
287 2889 492 2939 τούτων
514 2894 617 2939 τῶν
666 2882 765 2940 δύο
795 2888 900 2956 ἕνα,
926 2887 1099 2941 λαϐεῖν
1145 2891 1232 2941 τόν
1260 2888 1450 2963 κλῆρον
1480 2895 1576 2951 τῆς
1619 2885 1809 2942 διακο-

1958 2892 2093 2944 atus
2112 2892 2198 2944 est
2222 2886 2435 2953 Judas,
2459 2893 2529 2943 ut
2550 2888 2743 2946 abiret
2770 2889 2833 2945 in
2857 2890 3052 2945 locum
3078 2904 3273 2944 suum.
3299 2888 3377 2944 Et
3408 2889 3582 2946 dede-

196 2980 317 3038 νίας
365 2980 563 3039 ταύτης
611 2982 707 3030 καὶ
751 2977 1067 3046 ἀποστολῆς,
1115 2976 1203 3052 ἀφ’
1250 2979 1313 3041 ἧς
1358 2977 1557 3053 παρέϐη
1608 2976 1810 3042 Ἰούδας

1959 2982 2067 3032 unt
2097 2982 2288 3033 sortes
2317 2977 2417 3048 eis,
2442 2983 2497 3033 et
2520 2977 2733 3034 cecidit
2762 2993 2891 3034 sors
2939 2993 3122 3047 super
3154 2978 3504 3045 Matthiam,
3526 2984 3583 3035 et

196 3068 532 3140 πορευθῆναι
585 3065 657 3129 εἰς
718 3070 807 3119 τόν
854 3068 1009 3120 τόπον
1064 3071 1151 3121 τόν
1224 3064 1381 3121 ἵδιον.
1444 3072 1546 3122 Καὶ
1610 3065 1809 3122 ἔδωκαν

1955 3072 2366 3123 :nnumeratus
2418 3068 2502 3122 est
2539 3081 2675 3123 cum
2744 3066 3020 3122 undecim
3070 3067 3359 3135 apostolis
3405 3067 3579 3123 (ibid.

194 3153 425 3230 κλήρους
487 3155 680 3223 αὐτῶν,
738 3161 830 3209 καὶ
890 3158 1066 3209 ἔπεσεν
1119 3155 1147 3209 ό
1211 3156 1398 3231 κλῆρος
1436 3155 1519 3210 ἰπὶ
1548 3160 1806 3226 Ματθίαν,

1959 3159 2176 3221 3-26)...
2223 3155 2295 3212 Si
2337 3156 2473 3225 quis
2528 3155 2937 3225 episcopatum
3000 3153 3324 3224 desiderat,
3362 3154 3580 3211 bonum

192 3249 288 3297 καί
317 3244 804 3317 συγκατεψηοίσθη
837 3248 969 3317 μετὰ
993 3254 1093 3298 τῶν
1136 3242 1321 3299 ἕνδεκα
1349 3247 1456 3317 (28)
1488 3244 1808 3302 ἀποστόλων.

1954 3260 2068 3312 pus
2111 3244 2434 3301 desiderat.
2489 3245 2733 3314 Oportet
2762 3258 2903 3314 ergo
2943 3243 3278 3312 episcopum
3325 3243 3578 3314 irrepre-

194 3339 375 3387 ΠΡΟΣ
434 3340 582 3390 ΤῙΜ.
633 3333 698 3386 α’.
766 3337 829 3388 Εἰ
855 3353 935 3397 τις
994 3334 1288 3398 ἰπισκοπῆς
1341 3335 1596 3411 ὀρέγεται,
1651 3336 1810 3389 καλοῦ

1957 3333 2271 3391 .ensibilem
2296 3349 2438 3400 esse,
2462 3334 2639 3389 unius
2663 3334 2870 3390 uxoris
2891 3333 3107 3399 virum,
3125 3332 3412 3402 sobrium,
3435 3348 3581 3403 pru-

189 3423 357 3496 ῐργου
411 3424 676 3497 ἐπιθυμεῖ.
728 3428 814 3476 Δεῖ
861 3420 948 3476 οὖν
1006 3427 1094 3476 τόν
1143 3423 1426 3478 ἐπίσκοπον
1468 3423 1809 3484 ἀνεπίληπτον

1951 3423 2177 3493 lentem,
2197 3430 2481 3480 ornatum
2509 3422 2884 3493 hospitalem,
2900 3428 3004 3491 apt
3012 3438 3104 3478 um
3123 3422 3205 3479 ad
3223 3422 3575 3492 docendum,

192 3510 353 3580 εἰναι,
412 3519 537 3587 μιᾶς
611 3515 860 3583 γυναικὸς
930 3509 1121 3587 ἄνδρα,
1203 3514 1467 3587 νηφάλιον,
1549 3520 1806 3589 σώφρονα,

2004 3528 2040 3567 n
2056 3514 2588 3580 vinolentum,non
2605 3526 3038 3581 percussorem,
3055 3526 3177 3566 non
3198 3511 3393 3580 turpis
3418 3512 3581 3568 lucri
3624 3586 3628 3591 ι

189 3604 445 3674 κόσμιον,
514 3600 803 3675 φιλόξενον,
874 3597 1187 3655 διδακτικόν
1264 3608 1336 3676 μὴ
1406 3606 1670 3678 πάροινον,
1732 3608 1804 3675 μὴ

1947 3600 2231 3671 ιιιρίάιιηιε
2255 3601 2360 3658 sed
2379 3616 2636 3672 equum,
2652 3615 2772 3656 non
2791 3600 3139 3669 litigiosum,
3154 3614 3275 3655 non
3293 3614 3571 3667 avarum,

193 3688 455 3759 πλήκτην,
486 3695 560 3764 μῆ
592 3686 958 3767 αἰσχροκερδῆ
997 3693 1129 3764 (29)·
1165 3689 1270 3744 ἀλλ’
1315 3691 1536 3760 ἐπιεικῆ,
1570 3694 1804 3765 ἄμαχον,

1952 3706 2155 3748 uisute
2175 3690 2382 3747 domui
2402 3690 2546 3747 bene
2571 3690 2798 3760 praesit,
2827 3690 2988 3758 ﬁlios
3020 3688 3334 3745 habentem
3357 3688 3421 3744 in
3439 3687 3574 3743 sub-

198 3774 577 3854 ἀφιλάργυρον,
618 3789 711 3835 τοῦ
766 3777 906 3834 ἰδίου
956 3783 1103 3834 οἴκου
1160 3781 1328 3844 καλῶς
1403 3783 1802 3858 προϊστάμενον,

1950 3780 2170 3836 ectione
2189 3795 2325 3849 cum
2346 3779 2510 3835 omni
2546 3778 2880 3835 reverentia
2900 3779 2971 3847 (si
2989 3778 3124 3847 quis
3146 3782 3343 3833 autem
3372 3776 3574 3833 domui

200 3869 355 3919 τέκνα
402 3870 598 3939 ἔχοντα
646 3866 695 3919 ὶν
748 3869 986 3941 ύποταγῆ
1048 3872 1179 3942 μετὰ
1232 3871 1411 3930 πάσης
1466 3874 1799 3943 σεμνότητος·

1948 3884 2039 3926 ua:
2052 3884 2303 3941 praeesse
2332 3869 2539 3931 nescit,
2570 3867 2858 3939 quomodo
2887 3866 3167 3923 Ecclesiae
3187 3866 3300 3923 Dei
3324 3866 3572 3936 diligen-

207 3955 272 4024 (εἰ
326 3953 387 4010 δέ
431 3977 512 4021 τις
561 3964 654 4011 τοῦ
721 3954 862 4011 ἰδίου
921 3962 1065 4011 οἰκου
1090 3968 1385 4034 προστῆναι
1420 3959 1514 4012 οὐκ
1540 3954 1669 4026 οἶδε,
1693 3967 1803 4021 πῶς

1945 3959 2063 4015 iam
2097 3956 2327 4014 habebit
2358 3957 2432 4026 ἲν),
2459 3972 2580 4013 non
2610 3955 3004 4026 neophytum,
3024 3971 3101 4011 ne
3137 3956 3201 4010 in
3224 3953 3569 4024 superbiam

212 4043 525 4109 Ἐχκλησίας
573 4055 706 4102 Θεοῦ
746 4046 1111 4121 ἰπιμελὴσεται
1134 4054 1172 4117 ;)
1201 4054 1271 4122 μὴ
1326 4054 1592 4122 νεόφυτον,
1617 4049 1699 4101 ἱνα
1725 4053 1795 4121 μὴ

1947 4047 2130 4114 latus,
2158 4047 2219 4102 in
2240 4046 2544 4116 judicium
2567 4044 2815 4115 incidat,
2849 4048 2903 4100 et
2924 4044 2988 4099 in
3014 4044 3293 4115 laqueum
3317 4042 3565 4099 diaboli.

212 4139 451 4207 τυφωθεὶς
491 4137 564 4199 εἰς
613 4144 780 4212 κρῖμα
812 4136 1007 4212 iur.in
1037 4144 1127 4191 καὶ
1174 4135 1382 4211 παγίδα
1427 4147 1516 4191 τοῦ
1551 4133 1798 4191 διαϐολου

1941 4136 2155 4204 )portet
2180 4141 2381 4193 autem
2404 4134 2578 4190 illum
2603 4139 2658 4189 et
2685 4133 3085 4189 testimonium
3102 4131 3322 4188 habere
3348 4130 3565 4188 bonum

387 4234 470 4280 Δεῖ
514 4224 576 4280 δε
628 4226 783 4279 αὐτόν
813 4232 902 4279 καὶ
952 4233 1245 4304 μαρτυρίαν
1288 4228 1450 4286 καλὴν
1503 4231 1642 4300 ἔχειν
1696 4225 1796 4279 ἀπό

1948 4224 2064 4281 biis
2092 4226 2198 4296 qui
2220 4224 2369 4296 foris
2388 4228 2619 4292 sunt,ut
2643 4237 2762 4278 non
2782 4222 2840 4278 in
2855 4221 3240 4291 opprobrium
3255 4220 3567 4289 incidat,et

217 4321 307 4364 τῶν
382 4316 584 4381 ἔξωθεν,
644 4318 726 4368 ἵνα
800 4321 871 4389 μὴ
941 4317 1011 4380 εἰς
1081 4314 1379 4390 ὀνειδισμὸν
1445 4316 1641 4391 ἐμπέσῃ
1706 4321 1797 4369 καὶ

1940 4332 1973 4371 η
2004 4317 2286 4387 laqueum
2330 4313 2582 4370 diaboli.
2625 4313 2921 4369 Diaconos
2952 4311 3250 4378 similiter,
3295 4311 3564 4383 pudicos,

216 4401 410 4475 παγίδα
475 4414 569 4459 τοῦ
649 4402 918 4459 διαϐόλου.
1010 4413 1291 4468 Διακόνους
1355 4409 1628 4469 ὡσαύτως.
1706 4426 1796 4459 σε-

1942 4420 2026 4461 εοη
2051 4405 2369 4476 bilingues,
2404 4418 2523 4460 non
2553 4403 2744 4460 multo
2775 4402 2914 4457 vino
2941 4400 3193 4469 deditos,
3225 4416 3346 4457 non
3390 4406 3566 4472 turpe

218 4499 381 4566 μνούς,
427 4502 497 4570 μῆ
562 4493 823 4570 διλόγους,
888 4502 959 4571 μὴ
1015 4502 1134 4570 οἶνῳ
1193 4497 1362 4569 πολλῷ
1414 4501 1842 4572 προσέχοντας,]

1940 4510 2149 4551 uerum
2201 4499 2536 4551 sectantes:
2600 4491 2884 4548 habentes
2942 4491 3290 4562 mysterium
3320 4491 3465 4561 fidei
3499 4492 3564 4547 in

220 4587 284 4653 μή
315 4582 733 4662 αἰσχροκερδεῖς,
756 4585 976 4659 ἑχοντας
1005 4590 1064 4641 τό
1108 4592 1404 4663 μυστήριον
1432 4595 1524 4650 τῆς
1572 4592 1797 4649 πίστεως

1936 4585 2271 4643 ποηεείεηεία
2301 4598 2483 4653 pura.
2510 4582 2587 4638 Et
2609 4581 2675 4638 hi
2696 4586 2894 4638 autem
2911 4580 3248 4651 probentur
3254 4581 3522 4650 primum
3546 4596 3560 4637 :

221 4671 479 4749 ὶνιαθαρᾴ
502 4672 829 4734 συνειδήσει.
884 4681 986 4730 Καὶ
1033 4679 1177 4729 ουτοι
1226 4673 1285 4730 δὲ
1324 4672 1795 4749 δοκιμαζέσθωσαν

1935 4675 2123 4733 ῐείηάθ
2142 4673 2508 4740 ministrent,
2525 4672 2763 4728 nullum
2783 4672 3010 4730 crimen
3032 4670 3316 4728 habentes
3337 4670 3396 4741 (Ι
3411 4671 3559 4725 Tim.

222 4772 422 4833 πρῶτον,
454 4762 567 4819 εἶτα
609 4762 1040 4835 διακονείτωσαν,
1090 4764 1397 4839 ἀνέγκλητοι
1417 4771 1575 4830 ὄντες.
1629 4773 1797 4821 ΠΡυΣ

1935 4782 1985 4833 n,
2019 4769 2041 4819 1
2080 4764 2443 4834 10)...Hujus
2471 4763 2561 4819 rei
2584 4763 2789 4833 gratia
2814 4760 3039 4834 reliqui
3074 4766 3131 4817 te
3161 4761 3381 4827 Crette,
3406 4764 3469 4814 ut
3490 4772 3559 4815 ea

221 4852 332 4904 'l'l'l'.
356 4857 551 4906 Τούτου
580 4856 743 4929 χάριν
788 4853 1056 4908 κατελιπόν
1080 4857 1188 4927 (31)
1218 4874 1274 4907 σε
1306 4854 1356 4908 ἐν
1388 4860 1592 4929 Κρήτη,
1626 4859 1709 4909 ἵνα
1732 4859 1799 4909 τὰ

1937 4869 2042 4912 vum
2092 4854 2307 4911 desunt
2348 4856 2645 4923 corrigas,
2675 4858 2728 4909 et
2779 4855 3111 4909 constituas
3149 4864 3264 4919 per
3291 4847 3561 4904 civitates

221 4935 433 4995 λείποντα
460 4938 842 5018 ὶπιδιορθὼση,
881 4949 972 4997 καὶ
1020 4949 1375 5018 κατοστὴσης.
1413 4943 1799 5021 πρεσϐυτέρους

1936 4945 2305 5015 presbyteros,
2335 4944 2516 5000 sicuti
2561 4958 2666 5013 ego
2708 4941 2981 5011 disposui
3009 4940 3138 4996 tibi.
3176 4940 3239 4993 Si
3266 4937 3399 5008 quis
3432 4937 3560 4991 sine

222 5032 338 5081 κατὰ
375 5032 543 5101 πόλιν,
596 5035 665 5093 ὡς
713 5032 813 5105 ἰγὼ
877 5053 963 5086 σοι
1012 5029 1352 5108 διεταξάμην.
1393 5038 1456 5087 Εἰ
1509 5039 1585 5096 τίς
1656 5033 1796 5087 ἐστιν

1932 5036 2161 5093 ετοίηιιηε
2180 5038 2287 5095 est.
2311 5036 2489 5089 unius
2514 5033 2724 5089 uxoris
2755 5033 2866 5101 vir,
2890 5031 3049 5099 ﬁlios
3080 5028 3303 5085 habens
3329 5024 3556 5094 ﬁdeles,

220 5113 528 5193 ἀνέγκλητος,
569 5127 690 5194 μιᾶς
736 5126 983 5195 γυναικός
1040 5120 1188 5196 ἀνὴρ,
1231 5127 1384 5176 τέκνα
1441 5125 1577 5197 ἔχων
1607 5126 1794 5194 πιστὰ,

1930 5142 2027 5183 non
2080 5126 2145 5181 in
2201 5124 2581 5183 accusatione
2635 5121 2916 5191 luxuriae,
2949 5125 3056 5176 aut
3107 5132 3229 5173 non
3268 5114 3554 5172 subditos.

220 5212 279 5278 μὴ
334 5208 380 5263 ἑν
436 5216 733 5287 κατηγορίᾳ
782 5209 1031 5279 ἀσωτίας,
1082 5213 1112 5271 ἣ
1172 5210 1523 5267 ἀνυπότακτα.
1574 5219 1658 5267 Δεῖ
1692 5216 1794 5289 γὰρ

1933 5216 2156 5288 )portet
2188 5214 2344 5271 enim
2378 5214 2717 5285 episcopum
2743 5210 2874 5266 sine
2925 5209 3176 5265 crimine
3222 5219 3360 5273 esse,
3404 5204 3557 5261 sicut

420 5424 672 5501 gntiqui
704 5423 828 5501 duo
871 5423 1010 5501 libri
1060 5421 1280 5501 ἀδελςίίόν
1310 5425 1492 5493 αὐτοῦ,
1524 5424 1789 5481 Ἰάκωϐον.

1979 5428 2092 5500 (30)
2133 5429 2394 5501 Utraque
2413 5424 2592 5501 editio
2621 5421 2873 5501 perinde
2902 5425 3167 5501 utqsacer‘
3186 5424 3394 5501 tentus
3419 5420 3555 5501 sul-

278 5489 379 5633 (28)
420 5489 816 5568 Regftertius
838 5499 969 5570 μετὰ
994 5504 1092 5549 τῶν
1115 5489 1344 5554 δώδεκα.
1478 5489 1485 5493 ν

299 5570 386 5633 29)
414 5568 503 5625 Ita
552 5572 809 5633 utraque
864 5567 1069 5625 editio.
1124 5570 1267 5625 Duae
1324 5570 1420 5626 hac
1465 5584 1664 5633 voces,
1715 5573 1786 5633 μή

1929 5489 2087 5571 ζείωέ
2120 5499 2186 5559 εἰς
2235 5489 2397 5573 κρῖμα
2446 5489 2640 5577 ἐμπίσῇ
2691 5503 2783 5549 τοῦ
2838 5489 3106 5579 διαϐόλου,
3147 5496 3208 5552 in
3245 5496 3553 5577 judicium

1929 5570 2136 5627 'ncidat
2166 5570 2418 5627 diaboli.
2450 5571 2642 5624 NOSll‘l
2670 5572 2790 5624 tres
2832 5583 2980 5623 mss.
3024 5587 3096 5631 εις
3145 5575 3310 5633 κρῖμα
3356 5574 3553 5633 εμπέσῃ

252 5567 386 5643 ,(29)
414 5568 527 5652 Ita.
552 5567 1069 5652 utraquege‘di‘tio:
1124 5570 1267 5625 Duae
1324 5570 1420 5652 hap
1465 5584 1664 5652 voces,
1715 5573 1786 5643 μή

1928 5567 2419 5652 ἣρίιίαιέιίιὶὸὸιίἆ
2450 5567 2642 5652 Νρξιιὶ
2670 5572 2790 5624 tres
2832 5583 2980 5623 mss.
3024 5567 3096 5631 εἰς
3145 5575 3310 5643 κρῖμα
3356 5569 3552 5643 ἐμπέσῃ

219 5636 587 5717 αἰσχροκερδῆ,
619 5640 684 5699 in
708 5636 938 5700 hosti-is
962 5638 1157 5701 tribu:
1192 5657 1341 5700 mss.
1362 5640 1604 5700 desunt.
1644 5636 1655 5640 ⁷
1715 5636 1726 5643 ⁷

1026 5638 1157 5701 ibus
1192 5657 1341 5700 mss.
1362 5640 1604 5700 desunt.
1644 5636 1655 5640 ⁷
1715 5636 1726 5643 ⁷
1904 5647 1995 5696 καὶ
2022 5637 2232 5714 παγίδα
2265 5648 2359 5694 τοῦ
2383 5636 2650 5695 διαϐόλου.
