4112 6172
564 282 665 339 831

1914 281 1972 334 8.
2035 278 2285 336 BASILII
2339 280 2583 338 MAGNI.
3777 293 3863 347 832

570 418 759 477 usque
782 404 866 462 ad
891 419 950 461 se
976 404 1329 476 Exsurgens
1363 408 1562 461 autem
1603 402 1845 473 Petrus,
1892 403 2052 461 venit
2094 418 2221 459 cum

2340 422 2441 474 τες,
2475 408 2547 476 μὴ
2582 402 2804 463 ὀκνῆσαι
2832 401 3054 459 διελθεῖν
3078 406 3171 470 ἕως
3200 404 3383 462 αὐτῶν,
3416 405 3643 470 ’Δναστὰς
3667 406 3719 464 δί
3743 411 3765 463 ὁ
3791 418 3862 466 Ili-

566 494 694 551 illis
726 495 886 556 (Act.
917 510 997 562 ix,
1031 494 1143 565 38).

572 618 745 684 Quod
776 617 883 692 qui
907 617 1174 674 veritatis
1203 616 1543 674 doctrinam
1584 615 1940 689 suscipiunt,
1963 615 2002 673 ii
2028 615 2228 674 sintin

852 708 990 780 ipsa
1017 722 1126 779 per
1152 706 1558 763 visitationem
1582 705 1941 763 stabiliendi.

1164 833 1363 902 Caput
1390 830 1624 888 XVIII.

642 922 784 978 Post
808 921 1058 993 aliquod
1074 928 1273 979 autem
1288 923 1411 979 dies
1425 922 1583 979 dixit
1599 921 1681 978 ad
1703 920 2049 977 Barnabam
2073 921 2231 977 Pau-

574 1007 699 1066 lus:
729 1011 1109 1067 Revertentes
1129 1013 1261 1080 jam
1286 1012 1588 1066 visitemus
1615 1010 1847 1080 fratres
1868 1014 2102 1064 nostros
2115 1024 2231 1078 per

568 1100 881 1156 universas
895 1100 1255 1167 civitates,in
1271 1099 1484 1171 quibus
1503 1098 1972 1168 praedicavimus
1986 1097 2226 1153 verbum

568 1187 833 1254 Domini,
865 1190 1158 1260 quomodo
1183 1204 1244 1245 se
1273 1189 1533 1245 habeant
1566 1189 1720 1260 (Act.
1747 1204 1848 1255 xv,
1878 1188 2061 1257 36)....
2104 1187 2228 1243 Nos

566 1283 789 1343 autem,
815 1280 1070 1348 fratres,
1099 1277 1356 1334 desolati
1396 1292 1433 1333 a
1462 1277 1622 1333 vobis
1672 1277 1755 1333 ad
1783 1282 2013 1345 tempus
2040 1276 2226 1343 horae,

566 1372 759 1438 aspect
767 1383 803 1420 ιι
814 1383 951 1428 ,non
966 1366 1483 1440 corde,abundant
1491 1367 1581 1421 ius
1590 1366 1929 1437 festinavim
1938 1380 2005 1419 us
2014 1365 2226 1436 faciem

568 1460 827 1511 vestram
840 1456 1042 1512 videre
1054 1471 1186 1512 cum
1203 1456 1393 1511 multo
1405 1454 1725 1511 desiderio:
1739 1455 2023 1526 quoniam
2044 1452 2231 1509 volui-

568 1559 700 1601 mus
730 1560 931 1602 vemre
948 1546 1031 1602 ad
1060 1561 1182 1613 vos,
1211 1561 1316 1616 ego
1346 1545 1586 1617 quidem
1611 1545 1868 1609 Paulus,
1898 1550 1953 1600 et
1974 1543 2155 1600 semel
2173 1548 2229 1600 et

567 1634 919 1703 iterum,sed
937 1635 1251 1705 impedivit
1282 1651 1387 1691 nos
1424 1634 1686 1691 Satanas
1740 1635 1798 1694 (Ι
1822 1634 2020 1690 Thess.
2053 1649 2114 1699 ιι,
2142 1633 2226 1703 t7,

557 1725 681 1787 '18).
718 1725 783 1779 Et
803 1723 987 1795 paulo
1008 1728 1142 1796 post
1166 1740 1179 1778 :
1226 1725 1477 1794 PrOpter
1500 1724 1660 1796 quod
1687 1738 1808 1779 non
1833 1723 2096 1793 amplius
2134 1738 2229 1777 su-
2256 1749 2298 1805 Β

566 1813 929 1869 stinentibus
950 1814 1119 1869 nobis
1133 1815 1464 1884 placuit,ut
1484 1813 1736 1870 Athenis
1750 1813 2231 1884 relinqueremur

567 1903 723 1959 soli:
767 1909 819 1959 et
846 1904 1113 1960 misimus
1143 1904 1511 1961 Timotheum
1545 1906 1807 1974 fratrem
1847 1908 2140 1972 nostrum,
2172 1906 2227 1958 et

567 1994 912 2050 ministrum
937 1995 1044 2051 Dei
1067 1996 1126 2050 in
1149 1995 1476 2066 Evangelia
1501 1994 1837 2063 Christi,ad
1866 1994 2231 2063 conﬁrman-

570 2082 680 2139 dos
700 2098 802 2140 vos
822 2090 877 2141 et
898 2084 1310 2141 exhortandos
1322 2100 1439 2155 pro
1459 2085 1580 2154 ﬁde
1599 2089 1818 2152 vestra,
1832 2090 1897 2139 ut
1917 2098 2089 2140 nemo
2108 2096 2227 2137 mo-

570 2179 784 2229 veatur
802 2174 866 2229 in
884 2174 1381 2230 tribulationibus
1400 2175 1558 2244 istis;
1577 2174 1696 2243 ipsi
1711 2173 1865 2230 enim
1884 2174 2045 2230 scitis
2065 2169 2227 2243 quod

570 2260 639 2315 in
666 2260 777 2316 hoc
792 2262 977 2328 positi
997 2276 1202 2317 sumus
1222 2263 1285 2333 (Ι
1301 2262 1499 2318 Thess.
1520 2276 1600 2332 in,
1640 2264 1775 2324 1-3).

573 2383 743 2450 Quod
761 2385 1075 2458 proprium
1102 2390 1187 2442 est
1211 2388 1340 2454 ejus
1364 2385 1465 2459 qui
1487 2385 1810 2452 Dominum
1833 2384 2045 2456 diligit,
2092 2402 2223 2444 ma-

641 2487 762 2544 gna
790 2491 932 2533 cum
952 2474 1244 2533 charitate
1282 2491 1429 2546 erga
1458 2491 1561 2532 eos
1598 2492 1755 2549 quos
1786 2474 1980 2544 docet,
2008 2476 2224 2550 quavis

637 2561 870 2622 ratione
900 2569 1115 2622 etcum
1146 2565 1313 2622 omni
1339 2564 1536 2621 studio
1566 2564 1840 2638 ipsorum
1874 2581 2087 2623 curam
2119 2581 2223 2637 ge-

636 2668 788 2725 rere,
811 2652 1048 2713 etiamsi
1074 2655 1136 2711 in
1176 2655 1449 2713 doctrina
1480 2672 1620 2711 cum
1651 2654 1890 2729 publice
1920 2661 2047 2713 tum
2096 2657 2222 2729 pri-

534 2754 537 2757 '
636 2742 827 2799 vatim
857 2742 1156 2801 tradenda
1184 2744 1280 2801 vel
1317 2743 1397 2802 ad
1436 2749 1691 2802 mortem
1712 2759 1907 2819 usque
1944 2761 2223 2819 perseve-

635 2844 771 2887 rare
795 2831 1145 2905 Oportuerit.

1189 2957 1391 3029 Caput
1421 2957 1589 3015 XIX.

638 3036 848 3102 Bonus
866 3050 1081 3116 pastor
1097 3047 1360 3104 animam
1409 3062 1579 3105 suam
1627 3048 1799 3117 ponit
1850 3063 1965 3118 pro
2013 3047 2221 3106 ovibus

2337 511 2481 568 τρος,
2514 493 2759 552 συνῆλθεν
2790 493 2987 556 αὐτοῖς.

2335 620 2457 667 Ὀτι
2497 611 2581 667 δεῖ
2612 620 2737 678 τοὺς
2774 612 3199 691 ὑποδεχομένους
3238 621 3326 671 τόν
3361 617 3505 692 λόγον
3538 628 3629 683 τῆς
3669 619 3872 684 ἀληθείας

2722 703 3079 783 έπιστηρίζειν
3108 703 3184 759 δι’
3214 705 3539 779 ἐπισκέψεως.

2975 830 3165 903 Κεφάλ.
3190 830 3293 888 in'.

2414 920 2712 976 ΠΡΑΞΕΙΣ.
2752 921 2898 972 Μετὰ
2924 914 2983 972 δὲ
3012 939 3151 981 τινας
3187 922 3384 996 ἡμέρας
3413 917 3514 975 εἶπε
3551 921 3735 985 Παῦλος
3776 927 3875 999 πρὸς

2338 1006 2607 1081 Βαρνάϐαν
2625 1028 2636 1041 ·
2670 1005 3097 1083 Ἐπιστρέψαντες
3124 1006 3191 1068 δὴ
3216 1008 3607 1083 ἐπισκεψώμεθα
3626 1016 3732 1072 τοὺς
3758 1009 3878 1065 ἁδελ-

2337 1099 2459 1168 φοὺς
2489 1097 2634 1169 ἡμῶν
2664 1099 2797 1149 κατὰ
2824 1104 2997 1150 πᾶσαν
3026 1097 3192 1169 πόλιν⁵
3226 1097 3277 1150 έν
3304 1101 3386 1160 αἷς
3415 1099 3792 1173 κατηγγεῦιαμεν
3809 1104 3878 1153 τὸν

2335 1184 2485 1258 λόγον
2542 1193 2633 1238 τοῦ
2694 1191 2913 1259 Κυρίου,
2977 1195 3088 1250 πῶς
3127 1189 3364 1260 ἔχουσιν.
3422 1196 3582 1242 ΠΡΟΣ
3628 1196 3789 1245 ΘΕΣΣ.
3826 1186 3878 1245 α’.

2333 1272 2509 1347 Ἠμεῑς
2549 1270 2627 1343 δί,
2659 1270 2892 1348 ἀδελφοὶ,
2959 1275 3426 1351 ἀπορφανισθέντες
3482 1275 3563 1350 ἀφ’
3619 1278 3745 1351 ὑμῶν
3777 1282 3882 1351 πρὸς

2334 1368 2514 1438 καιρὸν
2571 1365 2725 1439 ὧρας,
2773 1371 3057 1440 προσώπῳ,
3125 1365 3185 1418 οὐ
3260 1363 3476 1441 καρδίᾳ,
3548 1372 3884 1443 περισσοτέρως

2335 1450 2741 1527 ἐσπουδάσαμεν
2769 1459 2825 1507 τὸ
2855 1459 3135 1530 πρόσωπον
3164 1458 3308 1529 ὑμῶν
3342 1452 3472 1509 ἰδεῖν
3494 1455 3541 1508 έν
3567 1456 3713 1529 πολλῇ
3736 1458 3886 1509 ἐπιθυ-

2334 1546 2453 1616 μία,
2487 1546 2574 1594 Διό
2606 1540 2919 1617 ἐθελήσαιμεν
2949 1543 3105 1597 ﬁeri»
3146 1549 3270 1620 πρὸς
3309 1545 3465 1618 ὑμᾶς,
3520 1544 3614 1618 ἐγὼ
3650 1549 3732 1618 μὶν
3771 1551 3886 1597 Παῦ-

2334 1629 2435 1698 λος,
2518 1638 2607 1685 καὶ
2671 1631 2811 1695 ἅπαξ
2860 1638 2951 1686 καὶ
2995 1628 3096 1702 δὶς,
3140 1639 3229 1686 καὶ
3291 1633 3525 1705 ένέκοψεν
3576 1636 3705 1707 ἡμᾶς
3751 1636 3775 1686 ὁ
3815 1641 3892 1686 Σαο

2335 1726 2510 1782 τανᾶς.
2543 1725 2643 1774 Καὶ
2681 1721 2789 1795 μετ’
2822 1721 2973 1795 ὀλίγα
2995 1744 3008 1757 ο
3069 1726 3157 1776 Διὸ
3189 1728 3382 1796 μηκέτι
3410 1728 3666 1796 στέγοντες
3692 1718 3888 1782 ηὐδοκή-

2338 1827 2497 1884 σαμεν
2522 1811 2927 1885 καταλειφθῆναι
2958 1812 3065 1884 (58)
3093 1810 3141 1864 έν
3182 1812 3430 1877 Ἀθήναις
3455 1817 3598 1887 μόνοι
3621 1833 3633 1847 ο
3656 1817 3739 1865 καὶ
3765 1810 3891 1883 ἐπέμ-

2334 1899 2504 1973 ψαμεν
2540 1903 2788 1975 Τιμόθεον
2826 1905 2914 1955 τὸν
2942 1899 3162 1975 ἀδελφόν
3200 1904 3371 1976 ἡμῶν,
3428 1907 3516 1956 καὶ
3561 1899 3783 1955 διάκονον
3818 1906 3891 1952 τοῦ

2336 1997 2469 2042 Θεοῦ
2507 1988 2556 2042 έν
2585 1999 2657 2063 τῷ
2695 1991 2992 2063 Εὖαγγελίῳ
3027 1999 3121 2045 τοῦ
3160 2000 3421 2067 Χριστοῦ,
3464 1993 3535 2055 εἰς
3584 1994 3640 2045 τὸ
3683 1988 3894 2063 στηρίξαι

2333 2078 2465 2151 ὑμᾶς
2493 2084 2583 2132 καὶ
2612 2080 2975 2154 παρακαλέσαι
3015 2081 3141 2154 ὑπὲρ
3172 2089 3269 2143 τῆς
3299 2086 3530 2144 πίστεως
3554 2082 3707 2153 ὑμῶν,
3738 2082 3790 2131 τὸ
3813 2096 3893 2151 μισ

2334 2162 2458 2221 δένα
2489 2171 2762 2223 σαίνεσθαι
2787 2168 2835 2222 ἐν
2864 2177 2977 2232 ταῖς
3009 2170 3218 2242 θλίψεσι
3247 2174 3471 2234 ταύταις
3503 2191 3516 2206 ι
3558 2170 3697 2223 αὐτοὶ
3728 2171 3818 2243 γὰρ
3837 2169 3894 2219 οἶ·

2334 2252 2480 2326 δατε,
2506 2260 2584 2312 ὅτι
2616 2258 2684 2320 είς
2712 2266 2865 2313 τοῦτο
2890 2261 3123 2333 κείμεθα.

2329 2377 2448 2434 Ὀτι
2471 2378 2608 2435 ἴδιον
2632 2391 2723 2436 τοῦ
2751 2381 3055 2456 ἀγαπῶντος
3084 2388 3170 2437 τὸν
3200 2383 3396 2461 Κύριον
3421 2387 3499 2454 τὸ,
3525 2382 3572 2437 ἕν
3600 2378 3749 2456 πολλῇ
3781 2377 3897 2455 φιλο·

2407 2472 2640 2544 στοργίᾳ,
2682 2480 2745 2545 τῇ
2779 2478 2898 2548 περὶ
2927 2476 3043 2534 τοὺς
3075 2469 3515 2547 διδασκομένους,
3573 2475 3698 2547 μετά
3747 2472 3895 2530 πάσης

2407 2557 2650 2624 σπονδῆς
2679 2558 3037 2635 ἐπιμελεῖσθαι
3062 2563 3229 2616 αὐτῶν
3255 2569 3417 2618 παντὶ
3462 2568 3657 2640 τρόπῳ,
3692 2559 3777 2614 κᾶν
3827 2563 3899 2632 με·

2402 2668 2502 2725 χρι
2535 2650 2757 2703 θανάτου
2790 2647 2882 2726 δέῃ
2916 2662 3416 2729 προσκαρτεροῦντα
3443 2662 3504 2727 τῇ
3537 2644 3898 2723 διδασκαλίᾳῦ

2404 2758 2458 2792 τε
2477 2746 2551 2812 τῷ
2581 2748 2735 2813 κοινῷ
2765 2746 2856 2795 καὶ
2883 2739 3000 2795 κατ’
3033 2735 3090 2797 id
3094 2744 3194 2798 ίαν.

2953 2955 3142 3013 Κεφάλ.
3189 2952 3294 3013 ΙΘ’.

2955 2978 3022 3010 lu
3061 2978 3142 3013 αλ.
3189 2978 3294 3013 ευ.

2404 3048 2721 3100 ΙΩΑΝΝΗΣ.
2752 3042 2811 3096 Ὀ
2830 2978 3082 3118 ποιμὴνφό
3107 3045 3262 3108 καλὸς
3292 3050 3395 3105 τήν
3420 3046 3606 3119 ψυχὴν
3651 3043 3798 3097 αὐτοῦ
3840 3042 3901 3093 τί·

566 3133 765 3204 (Joan.
790 3150 848 3205 x,
866 3104 906 3190 ’1
928 3139 1043 3200 ι)...
1068 3136 1217 3192 Cum
1235 3151 1375 3206 ergo
1392 3104 1804 3208 prandissent,
1825 3104 1969 3194 dicit
1989 3104 2221 3194 Simoni

2332 3133 2486 3191 θησιν
2516 3134 2642 3207 ὐπὶρ
2672 3141 2771 3185 τῶν
2799 3104 3092 3209 προέάτων.
3118 3104 3357 3191 ΙΩΑΠΝ
3389 3104 3595 3188 "(arsit
3614 3136 3900 3209 ἠρίστησαν,

564 3222 747 3279 Petro
766 3223 972 3279 Jesus:
991 3224 1199 3280 Simon
1228 3219 1504 3291 Joannis,
1549 3218 1752 3296 diligis
1789 3240 1883 3282 me
1915 3226 2057 3295 plus
2087 3226 2221 3282 his!

562 3306 722 3365 Dicit
746 3310 839 3367 ei:
858 3308 1082 3379 Etiam,
1115 3309 1404 3383 Domine;
1445 3320 1510 3369 tu
1531 3314 1644 3369 scis
1665 3315 1809 3385 quia
1835 3329 1970 3371 amo
1988 3321 2043 3371 te
2061 3330 2084 3371 :
2110 3315 2219 3371 Di-

567 3398 646 3456 cit
669 3399 761 3456 ei:
804 3396 996 3457 Pasce
1023 3416 1211 3473 agnos
1231 3418 1408 3460 meos.
1440 3399 1598 3459 Dicit
1632 3400 1688 3459 ei
1706 3404 1920 3460 iterum
1941 3419 1965 3459 :
2011 3403 2219 3460 Simon

563 3487 840 3559 Joannis,
862 3488 1068 3563 diligis
1098 3495 1234 3548 me!
1260 3490 1362 3548 Ait
1394 3487 1531 3548 illi:
1567 3491 1794 3559 Etiam,
1825 3493 2118 3561 Domine;
2154 3498 2220 3548 tu

565 3579 678 3635 scis
707 3581 851 3650 quia
876 3596 1010 3638 amo
1038 3585 1111 3638 te.
1143 3581 1305 3638 Dicit
1334 3580 1390 3638 ei
1416 3600 1437 3637 :
1465 3581 1656 3640 Pasce
1679 3597 1813 3640 oves
1841 3598 2027 3640 meas.
2063 3584 2219 3640 Dicit

566 3667 622 3725 ei
640 3671 847 3727 tertio:
893 3668 1097 3728 bimon
1119 3668 1397 3739 Joannis,
1442 3687 1608 3729 amas
1655 3676 1782 3729 me?
1821 3672 2220 3729 Contristatus

566 3765 650 3818 est
675 3756 910 3828 Petrus,
938 3762 1081 3833 quia
1101 3758 1260 3819 dixit
1287 3777 1341 3819 et
1364 3763 1561 3829 tertio,
1589 3764 1775 3818 Amas
1794 3777 1886 3819 me
1904 3765 1933 3817 7
1975 3767 2029 3820 et
2060 3762 2217 3818 dixit

563 3847 649 3906 ei:
692 3848 964 3918 Domine,
997 3855 1062 3906 tu
1092 3852 1294 3907 omnia
1324 3851 1516 3908 nosti:
1557 3855 1621 3907 tu
1649 3852 1762 3909 scis
1793 3851 1937 3922 quia
1972 3866 2099 3907 amo
2138 3856 2213 3908 te.

560 3938 734 3996 Dixit
764 3940 819 3996 ei
845 3941 1007 3997 Iesus
1027 3958 1049 3994 :
1077 3940 1264 3997 Pasce
1279 3952 1411 3997 oves
1431 3955 1593 3997 meas
1613 3935 1811 4013 (Joan.
1834 3939 2214 4010 διψῶ-17)...

572 4026 704 4087 Una
732 4037 931 4088 autem
957 4026 1376 4099 Sabbatorum,
1418 4042 1550 4087 cum
1596 4031 2007 4087 convenissent
2038 4030 2216 4087 dist-i-

553 4120 698 4189 puli
709 4120 793 4177 ad
800 4120 1207 4191 frangendum
1220 4131 1461 4190 panem,
1474 4120 1700 4176 Paulus
1711 4119 2060 4189 disputabat
2082 4134 2216 4176 cum

562 4209 1055 4280 eis,profecturus
1085 4209 1147 4266 in
1185 4209 1545 4275 crastinum,
1578 4208 1756 4281 299
1788 4208 2219 4283 protraxitque

561 4312 889 4356 sermonem
911 4312 1099 4372 usque
1122 4300 1187 4356 in
1211 4299 1470 4356 mediam
1490 4304 1720 4355 noctem
1763 4297 1938 4368 (Act.
1954 4310 2055 4370 xx,
2088 4299 2214 4371 τ)...

562 4386 630 4442 Et
656 4387 869 4459 paucis
896 4387 1247 4460 interjectis:
1278 4388 1620 4445 Ascendens
1644 4392 1867 4456 autem,
1895 4386 2218 4458 frangens-

560 4488 674 4546 quc
698 4490 942 4545 panem,
964 4482 1305 4548 etgustans,
1332 4477 1597 4548 satisque
1616 4477 1920 4533 allocutus
1951 4491 2135 4548 usque
2155 4478 2216 4533 in
2251 4463 2294 4518 D

562 4563 775 4632 lucem,
792 4565 1101 4635 profectus
1127 4572 1212 4623 est
1238 4566 1434 4638 (ibid.t
1452 4565 1873 4633 t)...0uomodo
1904 4565 2060 4622 nihil
2083 4565 2217 4622 sub-

562 4655 856 4710 traxerim
893 4655 1152 4726 utilium,
1186 4655 1501 4727 quominus
1520 4655 1949 4712 annuntiarem
1971 4655 2135 4710 vobis
2161 4659 2218 4712 et

560 4742 831 4801 docerem
853 4758 954 4800 vos
979 4743 1222 4814 publice
1235 4749 1290 4801 et
1299 4742 1975 4813 perdomos,testiﬁcans
1989 4744 2218 4801 Judwis

561 4840 741 4907 atque
765 4832 1090 4906 gentilibus
1125 4834 1191 4891 in
1221 4833 1409 4890 Deum
1432 4834 1872 4905 paenitentiam,
1889 4839 1942 4890 et
1952 4834 2131 4903 ﬁdem
2151 4835 2216 4891 in

559 4923 881 4981 Dominum
909 4929 1182 4980 nostrum
1210 4924 1410 4981 Jesum
1438 4921 1604 4988 (ibid.
1627 4925 1718 4986 20,
1750 4926 1909 4996 2t)...
1958 4923 2219 4994 Propter

559 5013 724 5086 quod
750 5013 1021 5085 vigilate,
1060 5015 1349 5071 memoria
1386 5013 1728 5076 retinentes.
1786 5013 2072 5084 quoniam
2104 5028 2219 5084 per

561 5102 891 5160 triennium
920 5108 1092 5161 nocte
1120 5108 1174 5161 et
1204 5102 1300 5160 die
1325 5117 1446 5159 non
1477 5102 1706 5160 cessavi
1740 5117 1876 5160 cum
1929 5103 2215 5174 tacrymis

631 5372 741 5451 (_58)
767 5371 1159 5453 Editio‘Paris,
1183 5370 1777 5453 καταλειφθῆναιμόνοι..
1802 5368 1961 5453 Ι.ξριῆ
1986 5374 2214 5453 veteres

736 5449 1039 5501 contextu.
1073 5443 1558 5517 Aliquanto‘post
1584 5443 1724 5513 Reg.
1749 5443 1958 5500 tertius
1988 5451 2082 5495 τοῦ
2109 5465 2215 5518 μη·

630 5564 742 5657 (579)
778 5584 872 5642 Sic
891 5583 1028 5642 libri
1059 5586 1311 5659 antiqui.
1345 5585 1537 5646 Editio
1566 5585 1748 5646 Paris.
1783 5564 1958 5665 τρίτον
2004 5592 2095 5644 καὶ
2146 5587 2215 5646 εἶ-

2327 3221 2462 3295 λέγει
2482 3230 2554 3293 τῷ
2580 3226 2772 3296 Σίμωνι
2800 3226 2977 3297 Πέτρῳ
2998 3224 3023 3274 ὁ
3054 3222 3257 3284 Ἰησοῦς
3277 3243 3289 3258 ο
3339 3229 3510 3297 Σίμων
3544 3224 3703 3286 Ἰωνᾶ,
3725 3220 3900 3293 ἀγαπᾷς

2327 3330 2390 3383 με
2414 3310 2584 3363 πλεῖον
2612 3308 2804 3364 τούτων
2832 3327 2846 3378 ;
2882 3315 3035 3384 Λέγει
3065 3308 3207 3384 αὐτῷ
3232 3332 3245 3346 ·
3279 3317 3413 3384 Ναὶ,
3448 3315 3606 3389 Κύριε
3628 3332 3641 3345 ·
3687 3313 3749 3362 σὺ
3776 3303 3900 3365 οἶδας

2327 3398 2407 3451 ὅτι
2434 3397 2562 3471 φιλῶ
2603 3418 2682 3455 σε.
2714 3403 2866 3471 Λέγει
2893 3399 3033 3470 αὐτῷ
3063 3420 3076 3434 ·
3122 3404 3284 3453 Βόσκε
3320 3404 3389 3455 τὰ
3421 3400 3575 3478 ἀρνία
3608 3419 3725 3473 μου.
3773 3399 3903 3467 Λέγει

2327 3485 2464 3560 αὐτῷ
2520 3488 2672 3542 πάλιν
2716 3484 2954 3562 δεύτερον
2979 3508 2993 3523 ·
3062 3493 3228 3564 Σίμων
3313 3488 3484 3559 Ἰωνᾶ,
3566 3486 3764 3562 ἀγαπᾶς
3817 3499 3899 3558 ut;

2330 3581 2484 3651 Λέγει
2531 3578 2671 3650 αὐτῷ
2721 3598 2735 3613 ο
2811 3582 2938 3647 Ναὶ,
2987 3581 3177 3654 Κύριε·
3226 3581 3293 3632 σὺ
3360 3577 3516 3643 οἶδας
3560 3581 3641 3633 ὅτι
3691 3576 3809 3652 φιλῶ
3840 3591 3904 3627 σε.

2828 3673 3078 3743 Ποίμαινε
3160 3672 3228 3722 τὰ
3327 3670 3574 3747 πρόϐατά
3637 3689 3753 3743 μου.
3828 3664 3908 3718 Λέ-

3330 3759 3501 3828 Ἰωνᾶ,
3595 3757 3748 3832 φιλεῖς
3817 3770 3872 3827 με
3895 3768 3905 3815 ς

3080 3849 3160 3900 ὅτι
3254 3849 3399 3903 εἶπεν
3468 3849 3612 3920 αὐτῷ
3698 3849 3754 3900 τὸ
3817 3844 3908 3916 τρί-

3171 3942 3265 3991 καὶ
3366 3935 3504 3992 εἶπεν
3577 3933 3715 4007 αὐτῷ
3746 3955 3759 3968 ·
3815 3933 3907 3986 Κύ-

2327 3673 2481 3741 Λέγει
2556 3668 2697 3741 αὐτῷ
2722 3689 2736 3703 ο

2324 3777 2407 3829 γει
2459 3755 2597 3830 αὐτῷ
2652 3758 2710 3811 τὸ
2772 3762 2946 3831 τρίτον
2970 3778 2984 3791 ·

2326 3844 2589 3906 Ἐλυπὴθη
2667 3848 2694 3900 ὀ
2786 3851 2998 3921 Πέτρος,

2326 3955 2411 3989 τον
2479 3937 2594 4009 (59)
2633 3956 2648 3972 '
2744 3935 2911 3998 Φιλεῖς
2983 3954 3093 4010 με;

2324 4045 2422 4101 ριε,
2508 4028 2573 4079 σὺ
2644 4029 2815 4080 πάντα
2903 4022 3091 4087 eiciar
3199 4031 3267 4080 σὺ
3320 4034 3606 4101 γινώσκεις
3652 4029 3729 4079 ὅτι
3798 4021 3907 4095 φιλῶ

2328 4134 2404 4170 σε.
2442 4117 2594 4188 Λέγει
2622 4114 2764 4187 αὐτῷ
2803 4116 2829 4167 ὁ
2880 4114 3122 4178 Ἰησοῦς·
3192 4120 3362 4170 Βόσκε
3412 4119 3482 4171 τὰ
3528 4115 3761 4194 πρόϐατά
3802 4129 3909 4187 μου.

2326 4208 2621 4262 ΠΡΑΞΕΙΣ.
2711 4204 2789 4259 Ἐν
2857 4201 2916 4258 δὶ
2982 4212 3044 4279 τῇ
3115 4212 3216 4280 μιᾷ
3288 4216 3394 4260 τῶν
3477 4206 3770 4271 Σαϐϐάτων,
3834 4219 3912 4253 σν·

2326 4298 2590 4368 νηγμένων
2658 4300 2762 4346 τῶν
2831 4295 3080 4367 μαθητῶν
3159 4293 3359 4349 κλάσαι
3441 4297 3622 4370 ἄρτον,
3695 4295 3723 4346 ὁ
3791 4294 3911 4343 Παῦ·

2325 4382 2408 4445 λος
2485 4380 2742 4457 διελέγετο
2815 4383 3009 4451 αὐτοῖς,
3095 4383 3290 4458 μέλλων
3373 4385 3569 4449 έξεέναι
3633 4392 3693 4457 τῇ
3778 4378 3913 4433 ἑπαύο

2324 4491 2437 4548 ριον
2461 4493 2474 4507 ·
2561 4478 2822 4547 παρέτεινε
2879 4469 2937 4526 δι
2987 4476 3074 4526 τόν
3129 4472 3281 4545 λόγον
3342 4479 3515 4549 μέχρι
3571 4472 3910 4547 μεσονυκτίου.

2329 4567 2430 4616 Καὶ
2485 4563 2596 4636 μετ’
2656 4563 2838 4635 ὀλίγα·
2909 4560 3129 4625 Ἀναϐὰς
3179 4560 3258 4633 δὲ,
3318 4571 3414 4618 καὶ
3493 4564 3695 4625 κλάσας
3755 4562 3911 4635 ἄρτον,

2325 4656 2415 4705 καὶ
2488 4654 2828 4726 γευσάμενος,
2906 4650 2977 4726 ἔφ’
3057 4654 3228 4706 ἱκανόν
3310 4672 3368 4707 τε
3436 4653 3696 4728 ὁμιλήσας
3748 4653 3915 4723 μέχρις

2326 4738 2508 4813 αὐγῆς,
2587 4739 2893 4802 ἐξῆλθεν...
2980 4739 3069 4802 Ὠς
3142 4737 3296 4794 οὐδῆν
3382 4740 3766 4814 ὑπεστειλάμην
3830 4741 3915 4786 τῶν

2328 4833 2688 4905 συμφερόντων
2732 4837 2825 4883 τοῦ
2871 4834 2941 4904 μὴ
3011 4827 3313 4903 ἀναγγεῖλαι
3402 4831 3549 4904 ὑμῖν,
3624 4834 3713 4881 καί
3780 4818 3916 4877 διδοί-

2326 4920 2412 4984 ξαι
2467 4921 2602 4994 ὑμᾶς
2649 4916 2886 4994 δημοσίᾳ
2938 4923 3029 4973 καὶ
3069 4919 3185 4972 κατ’
3241 4923 3449 4989 οἴκους,
3517 4916 3917 4994 διαμαρτυρόμε’

2324 5029 2405 5071 νος
2459 5011 2571 5083 (60)
2660 5006 2941 5072 Ἰουδαίοις
3020 5028 3074 5063 τε
3126 5015 3217 5063 καὶ
3289 5007 3520 5069 Ἕλλησι
3568 5013 3661 5068 τὴν
3726 5006 3794 5066 εἰς
3840 5003 3915 5053 τόν

2326 5102 2450 5154 Θεὸν
2498 5098 2796 5173 μετάνοιαν,
2863 5103 2954 5152 καὶ
3016 5104 3197 5153 πίστιν
3265 5104 3365 5159 τὴν
3445 5100 3520 5162 εἰς
3586 5102 3673 5152 τὸν
3746 5094 3915 5167 Κύριον

3070 3762 3240 3831 Σίμων

2323 5398 2414 5433 πεν
2449 5398 2462 5413 -
2503 5377 2672 5436 auod
2702 5377 2982 5435 mutilum
3012 5380 3142 5434 erat
3159 5380 3215 5434 et
3238 5375 3683 5436 decurtatum..

2395 5445 2666 5523 (ϐολῖἰθε.
2697 5450 2929 5522 primus
2959 5445 3474 5523 διαμαρτυράμενος.
3497 5452 3629 5506 Mox
3650 5445 3805 5504 idem
3831 5452 3916 5523 co-

2322 5510 2444 5652 ge}:
2470 5510 2538 5583 εἰς
2578 5510 2663 5576 τῖν
2699 5510 2864 5576 ’Θιόν.
2897 5510 3070 5578 Deest
3111 5510 3411 5579 articulus
3431 5523 3498 5579 in
3525 5528 3778 5595 utraque
3815 5510 3916 5570 edi-

2368 5610 2506 5652 one.
