4112 6172
595 199 703 261 835

1986 195 2042 247 S.
2078 191 2324 253 BASIL"
2353 192 2569 253 “ARN!
3791 208 3875 261 836

598 322 771 390 Quod,
800 338 999 396 neque
1030 321 1110 383 ad
1130 319 1822 389 ostenta-tionem,neque
1842 313 1922 373 ad
1948 318 2249 388 qumstum

2362 315 2483 370 Ὀτι
2521 316 2582 369 ού
2625 314 2711 373 δεῖ
2748 314 3093 390 ἑπιδιικτιᾷν,
3136 317 3262 375 οὐδὲ
3300 320 3652 395 ἐμπορεύεσθαι
3693 328 3768 378 τὸν
3806 327 3877 380 λό-

662 412 1052 475 adhibendus
1080 416 1173 471 est
1209 408 1495 467 doctrina
1524 405 2123 474 sermo,blandiendo
2143 420 2251 462 au-

661 502 990 573 dientibus,
1022 504 1085 559 ut
1109 498 1331 557 nostris
1353 495 1767 569 voluptatibus
1786 500 1893 552 aut
1910 494 2250 555 commodis

663 586 1224 653 consulemunsed
1274 602 1389 647 nos
1438 585 1586 645 tales
1634 599 1767 643 esse
1815 582 2095 649 addecet,
2124 586 2250 642 tan.

663 696 850 753 quam
880 679 985 752 qui
1005 677 1080 737 ed
1102 676 1362 747 gloriam
1387 675 1489 737 Dei
1510 689 1720 733 coram
1740 672 1874 746 ipso
1898 671 2244 745 loquamur.

1191 792 1379 860 Caput
1425 790 1656 847 XXIII.

667 916 881 973 Omnia
912 931 1048 972 vero
1079 930 1261 986 opera
1292 929 1402 970 sua
1427 914 1673 985 faciunt
1703 918 1769 969 ut
1800 912 2125 969 videantur
2170 910 2247 967 ab

595 1006 931 1062 hominibus
947 1023 959 1061 :
975 1005 1237 1062 dilatant
1253 1005 1405 1059 enim
1419 1003 2006 1074 phylacteriasua,et
2018 1004 2249 1072 magni-

591 1097 779 1165 ﬁcant
802 1096 1073 1164 ﬁmbrias
1098 1096 1576 1151 vestimentorum
1622 1108 1889 1158 suorum,
1923 1097 2248 1162 amantque

594 1187 820 1255 primos
842 1185 1146 1241 recubitus
1166 1186 1229 1239 in
1263 1183 1462 1251 cwnis,
1493 1188 1549 1238 et
1571 1182 1800 1250 primas
1830 1180 2151 1236 cathedras
2182 1181 2245 1234 in

593 1276 1001 1347 synagogis,et
1026 1273 1425 1331 salutationes
1457 1272 1518 1327 in
1545 1271 1778 1341 foris,et
1812 1270 2018 1327 vocari
2045 1269 2120 1327 ab
2146 1269 2247 1326 Ιιο-

591 1361 871 1428 minibus,
902 1360 1109 1431 Rabbi,
1148 1359 1363 1419 Rabbi.
1416 1359 1524 1415 Vos
1571 1364 1768 1416 autem
1814 1358 2001 1415 nolite
2039 1357 2249 1415 vocari

589 1451 810 1513 Rabbi:
830 1466 983 1509 unus
994 1456 1080 1507 est
1106 1451 1261 1507 enim
1285 1449 1572 1520 magister
1593 1455 1811 1506 vester:
1830 1463 2030 1505 omnes
2045 1454 2245 1505 autem

589 1556 689 1599 vos
698 1541 930 1611 fratres
947 1540 1189 1599 estis.Et
1198 1545 1437 1608 patrem
1450 1539 1636 1597 nolite
1658 1552 1871 1595 vocare
1883 1536 2046 1594 vobis
2063 1551 2246 1608 super

2430 425 2520 478 γον
2566 414 2661 469 τῆς
2709 402 3064 469 διδασκαλίας
3105 408 3155 462 ἂν
3196 410 3436 482 κολακείᾳ
3489 420 3582 464 τῶν
3617 412 3876 485 ἀκουόντων,

2429 494 2502 558 εἰς
2552 494 2903 571 πληροφορίαν
2952 505 3052 551 τῶν
3101 494 3247 552 ἰδίων
3302 495 3512 566 ἡδονῶν,
3556 505 3663 559 ἤτοι
3696 512 3878 576 κρειῶν·

2428 581 2560 639 ἀλλὰ
2608 587 2879 648 τοιούτους
2917 583 3066 652 εἶναι,
3112 590 3181 648 ὡς
3228 587 3296 649 ιίς
3340 584 3490 651 δόξαν
3527 590 3632 661 (68)
3671 598 3786 645 Θεοῦ
3823 592 3881 645 ls-

2430 677 2591 729 ώπιον
2629 673 2790 729 αὑτοῦ
2831 673 3131 740 λαλοῦντας.

2985 790 3173 864 Regni).
3209 791 3324 845 ΚΓ.

2426 918 2799 975 ΜΑΤΘΑΙΘΣ,
2831 917 3004 969 Πάντα
3035 912 3095 971 δε
3121 919 3187 968 τὰ
3216 919 3342 990 ἔργα
3371 917 3532 971 αὐτῶν
3567 927 3759 974 ποιοῦσι
3784 927 3887 997 πρὸς

2354 1005 2413 1055 τὸ
2436 1004 2683 1063 θεαθῆναι
2706 1012 2810 1065 τοῖς
2837 1002 3146 1079 ἀνθρώποις·
3171 1004 3488 1060 πλατύνουσι
3513 1004 3569 1062 δι
3592 1012 3653 1061 τὰ
3674 1010 3890 1082 φυλακτή-

2355 1111 2445 1165 ρια
2473 1092 2661 1159 αὐτῶν,
2704 1098 2793 1145 καὶ
2819 1093 3171 1166 μεγαλύνουσι
3201 1097 3268 1147 τὰ
3294 1092 3566 1170 κράσπεδα
3591 1106 3683 1149 τῶν
3714 1101 3891 1170 ἱματίων

2356 1180 2544 1233 αὐτῶν·
2587 1180 2797 1253 φιλοῦσί
2843 1201 2895 1234 τε
2929 1185 3020 1243 τὰς
3043 1184 3424 1259 πρωτοκλισίας
3460 1184 3507 1237 ἐν
3550 1193 3654 1248 τοῖς
3680 1183 3889 1254 δείπνοις,

2355 1274 2445 1325 καὶ
2469 1272 2563 1334 τὰς
2591 1267 3050 1347 πρωτοκαθεδρίας
3078 1274 3127 1325 ἓν
3156 1281 3270 1337 ταῖς
3296 1282 3634 1347 συναγωγαῖς,
3663 1280 3743 1329 καὶ
3800 1280 3895 1338 τοὺς

2356 1356 2672 1434 ἀσπασμούς
2718 1358 2767 1413 ἕν
2814 1368 2931 1423 ταῖς
2974 1359 3210 1436 ἀγοραῖς,
3247 1369 3338 1417 καὶ
3378 1364 3643 1421 καλεῖσθαι
3694 1365 3782 1421 ὑπὸ
3819 1373 3896 1417 τῶν

2355 1445 2654 1524 ἀνθρώπων,
2692 1447 2887 1517 Ῥαϐϐὶ,
2934 1448 3106 1503 Ῥαϐϐί
3143 1452 3279 1523 (64).
3318 1451 3486 1524 Ὑμεῖς
3524 1449 3581 1505 δὲ
3616 1457 3683 1526 μὴ
3713 1452 3902 1512 κληθῆτε

2352 1535 2534 1591 Ραϐϐί¹
2584 1536 2657 1600 εἰς
2699 1540 2805 1614 γὰρ
2859 1536 2999 1593 ἔστιν
3035 1540 3177 1612 ὑμῶν
3217 1541 3242 1592 6
3290 1543 3614 1612 καθηγητὴς·
3655 1542 3820 1603 πάντες
3854 1536 3901 1595 δε

592 1636 846 1691 terram:
866 1646 1021 1687 unus
1046 1632 1133 1687 est
1152 1630 1305 1688 enim
1332 1630 1849 1703 Patervester,qui
1871 1629 1934 1687 in
1953 1629 2119 1685 caelis
2132 1632 2242 1683 est.

2357 1624 2506 1699 ⁷ύμιίς
2553 1621 2767 1698 ἀδελφοί
2803 1625 2943 1687 ἐστε.
2986 1632 3086 1682 Καὶ
3139 1630 3340 1701 πατέρα
3394 1634 3464 1702 μὴ
3518 1628 3754 1690 καλέσητε
3785 1630 3903 1700 ὑμῶν

592 1720 681 1779 Ne
708 1720 997 1776 vocemini
1025 1720 1332 1793 magistri:
1352 1734 1493 1775 nam
1535 1718 1824 1789 magister
1866 1723 2059 1775 vester
2088 1731 2244 1773 unus

595 1813 703 1881 est,
728 1807 1005 1867 Christus
1050 1807 1295 1874 (Matth.
1337 1823 1494 1875 xxxii,
1546 1808 1762 1878 5-10)...
1800 1808 1935 1867 Mea
1965 1806 2246 1864 doctrina

592 1913 710 1955 non
737 1905 819 1955 est
849 1896 1103 1965 mea,sed
1126 1898 1254 1969 ejus
1285 1898 1392 1970 qui
1415 1896 1573 1952 misit
1601 1911 1713 1955 me.
1734 1894 1803 1952 Si
1817 1897 1951 1969 quis
1972 1896 2249 1954 volunta-

594 1991 708 2043 tem
732 1987 919 2055 ipsius
945 1986 1487 2061 faciat,cognoscet
1510 1985 1583 2045 de
1610 1985 1912 2052 doctrina,
1947 1989 2152 2041 utrum
2173 1998 2248 2042 ea:

592 2076 715 2133 Deo
744 2078 928 2145 sit,an
959 2091 1062 2147 ego
1093 2090 1131 2131 a
1179 2076 1399 2145 meipso
1450 2075 1690 2145 loquar.
1736 2073 1911 2141 Quia
1935 2076 2245 2143 semetipso

595 2166 1142 2240 loquitur,gloriam
1154 2165 1465 2235 propriam
1476 2164 1817 2235 quierinqui
1825 2168 2019 2223 autem
2030 2163 2245 2235 quaerit

589 2255 850 2331 gloriam
881 2254 1141 2325 ejus,qui
1157 2254 1317 2309 misit
1331 2252 1590 2319 eum,hic
1613 2266 1801 2308 verax
1819 2256 1984 2318 est,et
2008 2252 2244 2320 injusti-

592 2345 679 2399 tia
711 2346 772 2398 in
804 2343 911 2398 illo
953 2358 1071 2397 non
1117 2346 1200 2396 est
1228 2342 1426 2408 (Joan.
1478 2356 1580 2406 vn,
1626 2344 1881 2411 16-18)...
1911 2341 2048 2399 Νοη
2090 2342 2241 2398 enim

591 2432 977 2500 sumus,sicut
993 2430 1697 2501 plurimi,adulterantes
1724 2429 1964 2485 verbum
1986 2430 2096 2486 Dei
2116 2430 2248 2486 :sed

590 2524 753 2580 velut
780 2536 854 2578 ex
880 2519 1357 2585 sinceritate,sed
1375 2519 1538 2575 velut
1568 2533 1642 2574 ex
1669 2518 2005 2583 Deo,coram
2030 2524 2142 2575 Deo
2184 2520 2245 2574 in

500 2628 507 2635 ‘
594 2612 832 2673 Christo
853 2611 1158 2687 loquimur
1180 2609 1261 2671 (II
1283 2608 1444 2674 Cor.,
1472 2612 1602 2676 ",1?
1610 2608 2077 2679 )...Exhortatio
2089 2611 2243 2667 enim

591 2706 804 2761 nostra
822 2715 942 2761 non
955 2699 1028 2757 de
1043 2711 1463 2768 errore,neque
1482 2696 1556 2754 de
1568 2696 2168 2768 immunditia,neque
2182 2698 2245 2754 in

594 2789 733 2845 dolo
756 2804 770 2845 :
795 2788 898 2844 sed
915 2788 1071 2843 sicut
1088 2785 1336 2855 probati
1353 2800 1558 2842 sumus
1577 2800 1616 2843 a
1636 2786 1777 2853 Deo,
1816 2791 1884 2842 ut
1904 2786 2248 2845 crederetur

592 2876 763 2938 nobis
784 2875 1211 2949 Evangelium:
1229 2875 1317 2933 ita
1340 2875 1789 2946 loquimur,non
1805 2877 1981 2947 quasi
1998 2876 2248 2933 homini-

2355 1715 2440 1770 ἰπὶ
2476 1722 2573 1780 τῆς
2610 1723 2731 1787 γῆς’
2777 1716 2846 1777 εἷς
2881 1718 2983 1792 γάρ
3029 1715 3170 1771 ἔστιν
3208 1719 3233 1770 6
3275 1722 3457 1794 Πατὴρ
3494 1719 3649 1791 ὑμῶν,
3689 1720 3713 1770 6
3745 1716 3788 1770 ἐν
3816 1722 3905 1781 τοῖς

2356 1803 2607 1878 οὐρανοῖς.
2648 1800 2800 1862 Μηδὶ
2846 1804 3072 1866 κληθῆτε
3124 1807 3441 1881 καθηγηταίο
3495 1804 3561 1868 εἷς
3607 1810 3702 1882 γάρ
3741 1805 3906 1859 ἐστινό

2354 1894 2656 1967 καθηγητῆς
2710 1896 2873 1968 ὑμῶν,
2946 1896 2972 1948 6
3031 1900 3282 1971 Χριστός.
3349 1904 3661 1955 ΙΩΔΝΝΗΣ.
3722 1896 3774 1950 Ἠ
3826 1895 3905 1967 ἐμὲ

2358 1978 2565 2055 διδαχὴ
2605 1983 2700 2037 οὐκ
2731 1986 2871 2037 ἔστιν
2915 1982 3030 2058 ἐμὴ,
3070 1983 3199 2039 ἀλλὰ
3244 1982 3336 2041 τοῦ
3378 1986 3668 2060 πέμψαντός
3708 2004 3781 2057 ps.
3811 1983 3909 2037 Ἐάν

2355 2091 2434 2134 τις
2463 2074 2521 2123 τὸ
2546 2072 2743 2145 θέλημα
2767 2071 2926 2125 αὐτοῦ
2952 2081 3102 2147 ποιῇ,
3128 2080 3388 2147 γνώσεται
3418 2081 3536 2148 περὶ
3564 2083 3652 2139 τῆς
3689 2071 3722 2128 δ
3727 2070 3911 2144 ιδαχῆς,

2356 2164 2568 2236 πότερον
2616 2159 2671 2214 ἐκ
2721 2169 2813 2217 τοῦ
2864 2169 2997 2217 Θιοῦ
3029 2160 3189 2232 ἔστιν,
3219 2165 3248 2229 ἦ
3284 2162 3388 2237 ἕτίώ
3419 2163 3508 2219 ἀπ’
3537 2163 3751 2238 ἐμαυτοῦ
3783 2160 3912 2217 λαλῶ.

2353 2256 2411 2301 ‘0
2443 2247 2524 2323 ἀφ’
2557 2249 2741 2302 ἑαυτοῦ
2774 2249 2962 2320 λαλῶν,
3001 2255 3095 2312 τὴν
3139 2248 3296 2316 δόξαν
3328 2259 3426 2313 τὴν
3468 2250 3606 2308 ἰδίαν
3646 2256 3752 2323 (65)
3780 2252 3915 2315 ζητεῖ·

2356 2339 2381 2389 6
2423 2334 2481 2390 δὲ
2530 2338 2699 2399 ζητῶν
2739 2343 2832 2397 τὴν
2878 2335 3037 2402 δόξαν
3093 2349 3184 2393 τοῦ
3234 2342 3533 2414 πέμψαντος
3575 2342 3742 2409 αὐτὸν,
3794 2336 3920 2398 οὗτος

2357 2424 2552 2486 ἀληθής
2596 2425 2758 2493 ἐστιν,
2804 2431 2894 2480 καὶ
2936 2423 3124 2481 ἀδικία
3164 2429 3211 2482 ἐν
3251 2429 3396 2501 αύτῷ
3441 2430 3536 2484 ούκ
3582 2433 3734 2485 ἔστιν.
3782 2432 3921 2481 ΠΡΟΣ

2359 2521 2508 2568 ΚΟΡ.
2633 2515 2708 2566 Ou’
2738 2518 2838 2589 γὰρ
2872 2515 3044 2589 ἐσμεν,
3078 2518 3150 2579 ὧς
3174 2520 3223 2571 οἱ
3242 2518 3446 2586 πολλοὶ,
3476 2519 3823 2577 καπηλεύοντες
3848 2518 3918 2567 τὸν

2353 2602 2504 2675 λόγον
2560 2604 2654 2659 τοῦ
2712 2611 2865 2672 Θεοῦ,
2917 2603 3027 2658 ἀλλ’
3085 2609 3152 2669 ὡς
3208 2607 3262 2671 ἐξ
3318 2608 3662 2681 ιίλικρινείας,
3726 2604 3823 2660 ἀλλ’
3866 2606 3922 2662 ὡς

2357 2693 2412 2747 ἐκ
2447 2701 2602 2762 Θεοῦ,
2633 2699 2947 2748 κατενώπιον
2985 2703 3119 2749 Θεοῦ
3153 2696 3202 2749 ἐν
3244 2704 3464 2773 Χριστῷ
3491 2697 3748 2770 λαλοῦμεν.
3779 2700 3922 2749 ΠΡΟΣ

2358 2790 2538 2841 ΘΕΣΣ.
2588 2781 2653 2840 α’.
2693 2782 2751 2837 Ἡ
2785 2785 2887 2857 γὰρ
2926 2784 3260 2857 παράκλησις
3302 2788 3453 2860 ἡμῶν
3497 2786 3593 2842 οὐκ
3638 2785 3692 2841 ἐκ
3734 2784 3921 2852 πλάνης,

2357 2868 2480 2926 οὐδε
2541 2870 2595 2936 ἐξ
2660 2870 3003 2946 ἀκαθαρσίας,
3065 2871 3190 2929 οὐδὲ
3250 2874 3299 2928 ἐν
3372 2873 3532 2949 δόλῳ·
3601 2875 3724 2929 ἀλλὰ
3781 2875 3924 2931 καθὼς

600 2964 705 3023 bus
728 2965 1063 3036 placentes.
1088 2964 1193 3021 sed
1229 2965 1370 3032 Deo,
1409 2964 1517 3035 qui
1550 2964 1771 3033 probat
1793 2964 1979 3025 corda
2015 2971 2245 3024 nostra.

2360 2957 2792 3035 δεδοκιμάσμεθα
2820 2963 2919 3016 ὑπὸ
2956 2971 3046 3019 τοῦ
3090 2972 3224 3018 Θεοῦ
3264 2967 3616 3025 πιστευθῆναι
3642 2967 3700 3020 τὸ
3731 2962 3926 3033 Εὐαγγέ-

595 3055 805 3129 Neque
815 3056 973 3117 enim
993 3054 1327 3127 aliquando
1337 3054 1568 3124 fuimus
1584 3054 1649 3109 in
1658 3068 1930 3112 sermone
1939 3054 2250 3115 adulatio-

600 3145 695 3205 nis
716 3142 884 3215 apud
905 3144 1184 3206 vos,sicut
1200 3143 1363 3199 scitis
1386 3158 1400 3197 :
1425 3156 1615 3214 neque
1633 3142 1698 3197 in
1720 3142 2029 3201 occasione
2053 3143 2254 3200 avari-

599 3236 703 3295 tia!
718 3250 732 3288 :
749 3233 907 3290 Deus
928 3233 1092 3291 testis
1119 3237 1202 3288 est
1222 3249 1235 3288 :
1252 3245 1442 3302 neque
1459 3237 1794 3303 quaerentes
1817 3230 1892 3287 ab
1913 3231 2254 3289 hominibus

597 3322 1086 3393 gloriam,neque
1105 3334 1145 3377 a
1170 3318 1347 3386 vobis,
1372 3332 1562 3390 neque
1589 3318 1666 3375 ab
1694 3318 1836 3374 aliis
1857 3331 1878 3388 ,'
1907 3320 2045 3377 licet
2061 3334 2255 3387 posse-

598 3426 729 3467 mus
750 3410 813 3471 in
838 3410 1203 3467 auctoritate
1225 3422 1369 3477 esse,
1396 3412 1688 3481 tanquam
1727 3408 1991 3478 apostoli
2023 3407 2257 3469 Christi

600 3499 660 3569 (Ι
691 3500 894 3559 Thess.
926 3514 984 3565 ιι,
1006 3498 1146 3569 3-6).

598 3694 775 3766 801
811 3692 982 3760 Quod
1011 3707 1136 3750 non
1164 3695 1404 3765 oportet
1439 3706 1580 3747 eum
1608 3689 1713 3763 qui
1742 3694 1954 3763 prmest
1981 3689 2116 3748 aliis
2145 3690 2254 3748 do-

669 3782 900 3853 cendis,
922 3782 1090 3839 abuti
1121 3797 1232 3838 sua
1257 3785 1550 3852 potestate
1571 3779 1651 3835 ad
1679 3780 2096 3850 subjectorum
2115 3795 2256 3837 oon-

671 3871 1002 3938 tumeliam,
1035 3885 1232 3943 neque
1278 3873 1490 3926 contra
1538 3868 1673 3924 illos
1721 3867 1944 3935 extolli,
1979 3869 2254 3941 quinpoo

669 3960 785 4017 tius
817 3959 1076 4030 gradum
1105 3956 1274 4015 illum
1300 3956 1570 4027 accipere
1591 3970 1703 4012 ceu
1729 3954 2063 4027 quamdam
2082 3971 2254 4014 occu-

671 4050 904 4106 sionem
932 4046 1305 4119 humilitatis,
1335 4062 1471 4119 quas
1500 4045 1585 4102 eis
1613 4043 1997 4103 ostendenda
2016 4045 2110 4104 sit.

1206 4164 1405 4233 Caput
1428 4162 1646 4218 XXIV.

582 4280 589 4289 '
676 4283 838 4353 Quis,
860 4288 1063 4355 putas,
1096 4286 1180 4343 est
1206 4280 1402 4351 ﬁdelis
1446 4293 1652 4336 servus
1678 4283 1733 4334 et
1754 4278 2047 4351 prudens,
2078 4293 2249 4351 quem

2357 3050 2487 3119 λιον,
2527 3054 2661 3105 οὕτω
2714 3050 2983 3125 λαλοῦμεν·
3031 3053 3136 3126 οὐχ
3183 3057 3253 3116 ὡς
3299 3052 3599 3130 ἀνθρώποις
3640 3052 3924 3129 ἀρέσκοντες,

2362 3137 2491 3193 ἀλλὰ
2550 3148 2624 3212 τῷ
2676 3147 2790 3210 Θεῷ
2845 3148 2919 3211 τῷ
2973 3137 3318 3216 δοκιμάζοντι
3369 3146 3462 3205 τὰς
3516 3139 3739 3217 καρδίας
3770 3142 3919 3213 ἡμῶν.

2363 3232 2496 3282 Οὔτε
2539 3232 2640 3304 γάρ
2687 3249 2810 3284 ποτε
2852 3230 2900 3285 ἐν
2944 3230 3081 3302 λόγῳ
3123 3231 3402 3294 κολακείας
3459 3232 3762 3304 ἱγενήθημεν
3819 3230 3929 3303 πρὸς

2361 3321 2514 3393 ὑμᾶς,
2556 3320 2730 3382 καθὼς
2777 3315 2979 3386 οἴδατε,
3020 3324 3136 3374 οὔτε
3177 3324 3444 3395 προφάσει
3490 3320 3790 3384 πλεονεξίας,
3820 3318 3930 3374 emit

2360 3412 2582 3483 μάρτυς,
2617 3411 2736 3464 οὔτε
2784 3409 3060 3473 ζητοῦντες
3090 3410 3141 3475 ἐξ
3170 3408 3461 3483 ἀνθρώπων
3506 3407 3683 3477 δόξαν,
3723 3412 3833 3465 οὔτε

2359 3498 2526 3570 ὑμῶν,
2575 3500 2691 3555 οῦτι
2738 3497 2840 3553 ἀπὸ
2874 3498 3059 3566 ἄλλων,
3106 3495 3390 3572 δυνάμενοι
3428 3500 3481 3554 εν
3522 3498 3677 3573 βάρει
3705 3498 3841 3563 εἶναι,
3874 3495 3933 3553 ὡς

2360 3594 2597 3663 Χριστοῦ
2637 3586 2943 3645 ἀπόστολοι.

2358 3692 2481 3747 Ὀτι
2518 3694 2577 3747 ού
2628 3691 2711 3747 δεῖ
2749 3698 2837 3748 τὸν
2882 3704 3185 3771 προεστῶτα
3226 3704 3324 3750 τοῦ
3365 3698 3526 3771 λόγου
3573 3697 3645 3757 εἰς
3691 3698 3780 3753 τὴν
3820 3691 3933 3743 κατᾶ

2431 3792 2532 3837 τῶν
2582 3786 2928 3857 ὑποκειμένων
2969 3784 3119 3858 ὕϐριν
3168 3784 3585 3863 ἀποκεχρῆσθαι
3623 3793 3684 3858 τῇ
3730 3783 3931 3850 ἐξουσίαν

2432 3872 2492 3925 ού
2543 3878 2645 3945 μὴν
2692 3870 2816 3927 οὐδε
2879 3877 3288 3949 κατεπαίρεσθαι
3347 3877 3542 3929 αὐτῶν·
3599 3874 3726 3926 ἀλλὰ
3770 3868 3933 3944 μᾶλλον

2431 3964 2677 4016 ὑπόθεσιν
2748 3972 2841 4025 τῆς
2902 3968 3035 4040 πρὸς
3096 3966 3289 4028 αὐτούς
3348 3965 3818 4040 ταπεινοφροσύνης
3862 3960 3935 4009 τὸν

2435 4050 2641 4125 βαθμὸν
2690 4055 2850 4124 ἔχειν.

2990 4169 3178 4243 Itque).
3217 4169 3331 4226 ω’.

2435 4287 2798 4339 ΜΑΤΘΔΙΟΣ.
2852 4289 2946 4351 Τίς
2994 4288 3097 4362 ἄρα
3143 4286 3283 4339 ἐστὶν
3333 4288 3361 4339 6
3410 4288 3605 4350 πιστὸς
3643 4281 3820 4343 δοῦλος
3867 4279 3942 4329 καὶ

602 4354 910 4428 constituit
924 4373 1201 4427 dominus
1213 4386 1395 4442 super
1407 4370 1712 4443 familiam
1726 4374 1989 4442 suam,ut
2010 4368 2105 4425 det
2125 4370 2249 4425 illis

2364 4377 2629 4446 φρόνιμος,
2693 4374 2746 4426 ὃν
2804 4379 3123 4435 κατέστησεν
3182 4378 3208 4429 ὁ
3256 4379 3443 4451 κύριος
3503 4376 3588 4431 ἐπὶ
3652 4384 3745 4437 τῆς
3805 4371 3944 4426 οἰκίας

602 4459 797 4515 cibum
824 4461 886 4515 in
912 4464 1215 4529 tempore?
1247 4461 1475 4516 Beatus
1518 4459 1621 4514 ille
1653 4471 1877 4527 servus,
1912 4474 2082 4531 quem
2114 4474 2249 4515 cum

601 4550 827 4604 venerit
846 4549 1042 4605 domin
1054 4565 1119 4604 us
1141 4550 1588 4618 ejus,invenerit
1600 4549 1683 4603 sic
1696 4548 2042 4616 facientem.
2058 4548 2249 4606 Amen

603 4636 738 4693 dico
757 4638 936 4703 vobis,
977 4638 1261 4707 quoniam
1281 4652 1464 4706 super
1486 4638 1685 4692 omnia
1716 4636 1871 4692 bona
1899 4652 2010 4693 sua
2040 4638 2252 4692 consti-

601 4732 726 4787 tuet
766 4742 922 4787 eum.
951 4725 1017 4783 Si
1039 4730 1240 4783 autem
1287 4726 1513 4783 dixerit
1556 4725 1756 4785 malus
1797 4740 2001 4784 servus
2041 4727 2149 4782 ille
2186 4727 2250 4782 in

602 4818 782 4879 corde
803 4817 1171 4875 suonoram
1185 4816 1341 4886 facit
1355 4813 1630 4872 dominus
1647 4830 1807 4873 meus
1830 4818 2056 4875 venire:
2074 4822 2129 4872 et
2143 4830 2252 4874 cte-

598 4911 758 4987 perit
765 4914 1082 4981 pert-utere
1092 4920 1402 4963 conservos
1414 4906 2012 4978 suos,manducetque
2023 4912 2074 4963 et
2090 4906 2253 4964 bibat

599 5016 734 5059 cum
762 4997 1244 5056 ebriosisweniet
1284 4995 1558 5053 dominus
1586 4996 1925 5052 serviiltius
1945 4997 2009 5052 in
2026 4996 2253 5068 diequa

598 5106 721 5146 non
773 5093 994 5158 sperat,
1050 5092 1106 5144 et
1163 5084 1311 5147 hora
1362 5100 1483 5159 qua
1546 5085 1790 5155 ignorat
1846 5102 1858 5142 :
1918 5091 1972 5145 et
2027 5085 2254 5147 dii-idet

697 5270 785 5323 63)
809 5265 1002 5322 Editio
1029 5264 1209 5321 Paris.
1240 5266 1304 5325 ὡς
1337 5258 1512 5326 δόξαν.
1544 5266 1615 5318 At
1644 5279 1787 5319 mss.
1818 5262 1941 5319 duo
1972 5262 2043 5325 εἰς
2075 5260 2252 5326 δόξαν,

673 5271 785 5387 ξω)
809 5271 1002 5322 Editio
1029 5271 1209 5321 Paris.
1240 5271 1304 5325 ὡς
1337 5271 1512 5326 δόξαν.
1544 5271 1615 5318 At
1644 5279 1787 5319 mss.
1818 5271 1941 5319 duo
1972 5271 2043 5325 εις
2075 5271 2109 5316 δ

698 5340 787 5417 _6’n
810 5340 938 5418 Vox_
956 5335 1133 5418 'i’a66t
1160 5334 1344 5419 semel
1376 5338 1436 5417 iii
1468 5338 1604 5425 βεδε.
1630 5334 1849 5441 ὲ)τὶωο
1876 5334 2109 5403 legitur.

673 5404 805 5441 IIRK\
840 5408 1027 5441 ΏᾹιθιΛ
1057 5409 1221 5441 Dousa
1275 5411 1369 5441 pd...
1401 5403 1540 5441 ιιῨιηυ
1581 5402 1642 5441 ΧΑ
1680 5426 1738 5441 ην
1799 5410 1858 5441 ιι
1892 5422 2012 5441 man
2067 5422 2103 5441 τι

673 5404 806 5487 (i655)
840 5408 1028 5487 Editig
1055 5409 1243 5467 Paris.
1275 5411 1369 5467 τήν
1400 5403 1540 5461 ἰδίαν
1560 5402 1759 5471 θδόξαν.
1788 5410 1861 5463 At
1892 5402 2034 5465 mss.
2067 5406 2256 5467 nostri

598 5480 665 5537 ut
690 5480 753 5535 in
775 5482 1077 5538 contextu.

2362 4462 2521 4514 αὐτοῦ
2591 4471 2683 4515 τοῦ
2761 4459 2945 4516 δοῦναι
3019 4466 3192 4526 αύτοῖς
3251 4466 3299 4518 ἐν
3370 4474 3543 4540 καιρῷ
3599 4469 3689 4522 τὴν
3753 4464 3943 4534 τροφήν,

2358 4553 2626 4625 Μακάριος
2701 4554 2726 4604 ὀ
2795 4550 2979 4616 δοῦλος
3050 4555 3258 4620 ἐκεῖνος,
3334 4554 3390 4607 ὃν
3471 4554 3633 4608 ἐλθὼν
3704 4554 3730 4605 6
3790 4551 3946 4620 κύριος

2359 4641 2519 4693 αὐτοῦ
2572 4644 2781 4716 εὑρήσει
2855 4650 3105 4696 ποιοῦντα
3162 4645 3347 4706 οὕτως.
3412 4644 3583 4717 Ἀμὴν
3642 4642 3770 4713 λέγω
3822 4639 3943 4708 Qui"?

2358 4733 2439 4788 ὅτι
2508 4730 2594 4785 ἐπὶ
2670 4738 2805 4789 πᾶσι
2893 4740 3004 4795 τοῖς
3070 4734 3416 4808 ὑπάρχουσιν
3481 4733 3646 4787 αὐτοῦ
3709 4728 3947 4783 καταστή-

2361 4838 2438 4877 σει
2503 4820 2682 4877 αύτὸν.
2763 4822 2877 4875 Ἐὰν
2954 4818 3014 4875 δί
3095 4826 3213 4895 εἴπῃ
3278 4823 3305 4873 6
3375 4825 3539 4882 κακὸς
3609 4818 3791 4881 δοῦλος
3843 4814 3947 4871 ἐκεῖ·

2355 4929 2436 4973 νος
2484 4910 2531 4964 ἐν
2591 4921 2653 4985 τῇ
2723 4906 2922 4987 καρδίᾳ
2977 4913 3170 4969 αὑτοῦ.
3224 4913 3477 4985 Χρονίζει
3537 4914 3564 4967 6
3630 4912 3804 4985 κύριός
3860 4921 3946 4977 μου

2358 5002 2636 5073 ἔρχεσθαι,
2704 5008 2794 5057 καὶ
2866 5002 3092 5077 ἄρξηται
3170 5004 3385 5055 τύπτειν
3453 5005 3581 5067 τοὺς
3661 4994 3948 5055 συνδούλους

2361 5089 2522 5142 αὑτοῦ
2568 5092 2705 5161 (66},
2764 5090 2912 5163 ἓσθίῃ
2966 5110 3020 5143 τε
3077 5096 3168 5147 καὶ
3222 5110 3349 5165 πινῃ
3410 5094 3544 5165 μετὰ
3599 5099 3698 5143 τῶν
3759 5084 3944 5163 μιθυόν·

2433 5266 2549 5335 (66)
2568 5267 2692 5321 Vox
2723 5266 2883 5319 αὐτοῦ
2913 5265 2974 5321 in
3006 5266 3313 5322 veteribus
3335 5268 3566 5323 nostris
3595 5263 3759 5323 libris
3781 5259 3945 5317 deest.

2364 5339 2770 5412 Moxutraque
2802 5338 2984 5412 editio
3014 5335 3294 5412 προσδοκᾷ
3323 5345 3418 5392 καὶ
3452 5336 3489 5393 δ
3494 5342 3823 5412 ιχοτομήσει.
3849 5335 3946 5387 Δη-

2363 5408 2516 5483 tiqui
2536 5408 2660 5467 duo
2672 5408 2819 5469 libri
2844 5408 2947 5481 ita,
2980 5408 3400 5471 ut‘edidimus.
