4112 6172
183 284 282 340 841

1709 283 2023 340 MORALIA

3430 297 3532 350 842

178 405 299 460 ὀτι
350 410 398 461 οἱ
453 405 549 461 διὰ
577 413 670 467 τὴν
699 413 830 482 πρὸς
869 412 990 471 τοὺς
1037 407 1322 470 ἀκούοντας
1354 407 1627 481 ἀρέσκειαν
1660 406 1782 480 ἀμε-

1928 407 2066 472 tuod
2083 407 2162 463 illi
2185 409 2288 480 qui
2313 409 2394 464 ad
2415 409 2674 480 gratiam
2700 409 3080 466 audientium
3106 413 3552 473 conciliandam

249 496 449 558 λοῦντες
505 507 602 560 τῆς
656 497 958 574 παρρησίας
1001 507 1102 551 τῶν
1149 506 1242 551 τοῦ
1275 506 1408 552 Θεοῦ
1461 497 1781 570 θελημάτων,

251 586 463 652 ἐκείνοις
517 589 727 651 έαυτούς
783 587 1107 657 δουλοῦντες,
1159 590 1230 652 οἷς
1275 588 1519 665 ἀρέσκειν
1554 589 1784 656 Θέλουσι,

252 686 348 740 τῆς
385 687 480 732 τοῦ
515 685 710 756 Κυρίου
746 676 1048 742 δεσποτείας
1075 679 1436 734 ἐκπίπτουσιν.

835 806 1024 878 Κεφάλ.
1085 804 1145 859 λ’.

258 899 580 948 ΙΩΑΝΝΒΣ.
640 902 756 957 Πῶς
809 891 1040 948 δύνασθε
1091 897 1233 967 ὑμεῖς
1288 898 1570 962 πιστεύειν,
1631 891 1786 957 δόξαν

190 986 330 1058 παρὰ
390 982 626 1042 ἀλλήλων
686 983 1051 1057 λαμϐάνοντες,
1135 990 1224 1036 καὶ
1282 988 1374 1042 την
1463 981 1620 1047 δόξαν
1702 987 1788 1041 τὴν

190 1076 326 1144 παρὰ
384 1081 478 1125 τοῦ
525 1080 684 1146 μόνου
738 1082 872 1128 Θεοῦ
941 1074 999 1126 οὗ
1064 1077 1336 1138 ζητοῦντες
1403 1075 1555 1144 (78);
1623 1079 1789 1127 ΠΡΟΣ

192 1167 338 1216 ΓΑΔ.
374 1164 438 1216 Ei
487 1167 562 1216 ῖτι
607 1162 895 1238 ἀνθρώποις
926 1169 1167 1238 ἤρεσκον,
1205 1173 1436 1238 Χριστοῦ
1468 1160 1654 1226 δοῦλος
1697 1163 1789 1216 οὐκ

191 1248 246 1302 ἂν
278 1255 444 1324 ἤμην.

181 1376 298 1429 Ὀτι
353 1374 438 1430 δεῖ
493 1383 689 1431 σκοπὸν
738 1381 1050 1455 προκεῖσθαι
1100 1388 1172 1450 τῷ
1222 1376 1560 1449 διδάσκοντι,
1596 1381 1790 1440 πάντας

251 1469 342 1539 μεν
385 1467 454 1528 εές
482 1465 655 1544 ἄνδρα
680 1469 888 1536 τέλειον,
923 1468 996 1531 εἰς
1042 1473 1226 1542 μέτρον
1280 1469 1485 1530 ἡλικίας
1529 1476 1620 1521 τοῦ
1657 1468 1790 1526 πλη-

249 1563 490 1629 ρώματος
533 1566 622 1611 τοῦ
653 1566 886 1633 Χριστοῦ
915 1565 1255 1634 καταρτίσαι,
1284 1560 1503 1612 ἕκαστον
1538 1555 1596 1612 δὲ
1642 1557 1688 1610 ἐν
1719 1565 1789 1629 τῷ

258 1642 381 1718 ἰδίῳ
419 1650 674 1720 τάγματι.

824 1774 1016 1846 Κεφάλ.
1065 1773 1160 1828 λα’.

260 1867 629 1916 ΜΔΤΘΑΙΟΣ.
711 1861 929 1915 Ἐσεσθε
1004 1860 1091 1915 οὖν
1140 1865 1281 1936 ὑμεῖς
1356 1862 1556 1930 τέλειοι,
1618 1865 1790 1938 ὥσπερ

180 1955 210 2003 ὁ
272 1956 460 2025 Πατὴρ
487 1953 627 2024 ὑμῶν
676 1952 702 2004 ό
760 1949 807 2003 ἐν
860 1959 968 2015 τοῖς
1007 1953 1242 2026 οὐρανοῖς
1272 1954 1388 2023 (79)
1415 1951 1600 2013 τέλειός
1629 1951 1792 2007 ἐστιν.

181 2047 512 2096 ιΩΑΝΝΗΣ.
569 2040 644 2093 Οὐ
689 2046 806 2114 περὶ
863 2045 1058 2094 τούτων
1114 2039 1173 2095 δὲ
1231 2041 1400 2115 ἐρωτῶ
1458 2047 1632 2114 μόνον,
1667 2041 1793 2094 ἀλλὰ

180 2135 439 2203 καὶπερὶ
489 2139 587 2181 τῶν
626 2134 976 2182 πιστευόντων
1027 2127 1119 2183 διὰ
1174 2139 1265 2183 τοῦ
1323 2130 1478 2202 λόγου
1529 2131 1695 2182 αὐτῶν
1727 2131 1794 2192 εἰς

183 2220 295 2292 ἐμέ·
366 2222 451 2272 ἵνα
498 2222 680 2280 πάντες
719 2219 767 2272 ἓν
818 2221 966 2285 ὦσιν,
1007 2223 1181 2284 καθὼς
1214 2225 1300 2288 σὺ,
1345 2223 1536 2296 Πάτερ,
1574 2219 1622 2273 ἐν
1654 2220 1791 2293 ἐμοὶ,

181 2309 336 2382 κάγὼ
389 2309 437 2362 ἐν
493 2316 596 2378 σοὶ,
631 2313 713 2364 ἱνα
768 2317 858 2364 καὶ
907 2312 1052 2364 αὐτοὶ
1105 2311 1154 2363 ἐν
1211 2313 1335 2385 ἡμῖν
1385 2311 1433 2364 ἓν
1474 2313 1601 2364 ὦσιν
1655 2313 1790 2381 (80).

185 2405 360 2453 ΠΡΟΣ
408 2405 586 2454 ΕΦΕΣ.
623 2405 723 2454 Καὶ
771 2401 926 2463 αὐτὸς
965 2398 1130 2453 ἔδωκε
1158 2404 1278 2463 τοὺς
1310 2403 1400 2474 μεν
1447 2400 1792 2470 ἀποστόλους,

186 2495 312 2552 τοὺς
363 2486 422 2542 δε
479 2495 768 2565 προφήτας,
798 2495 914 2552 τοὺς
943 2487 1003 2544 δε
1042 2495 1286 2563 ποιμένας
1317 2495 1406 2543 καὶ
1433 2487 1794 2553 διδασκάλους

189 2584 316 2654 πρὸς
346 2583 434 2631 τὸν
478 2584 838 2654 καταρτισμὸν
863 2589 962 2632 τῶν
1012 2580 1194 2652 ἁγίων,
1224 2579 1296 2641 εἰς
1322 2583 1467 2654 ἔργον
1499 2577 1792 2648 διακονίας,

195 2669 266 2730 εἰς
284 2665 573 2741 οἰκοδομὴν
602 2677 693 2721 τοῦ
727 2676 969 2742 σώματος
999 2677 1090 2722 τοῦ
1123 2676 1380 2743 Χριστοῦ,
1405 2674 1565 2744 μέχρι
1597 2689 1792 2722 καταν-

197 2765 435 2816 τήσωμεν
464 2761 514 2811 οἱ
551 2761 736 2820 πάντες
783 2759 854 2820 εἰς
893 2765 986 2818 τὴν
1029 2759 1247 2817 ένότητα
1282 2769 1379 2822 τῆς
1424 2765 1667 2826 πίστεως,
1706 2764 1794 2812 καὶ

200 2858 293 2912 τῆς
316 2848 638 2920 ἐπιγνώσεως
665 2857 757 2901 τοῦ
787 2851 911 2903 Υἱοῦ
936 2857 1028 2902 τοῦ
1074 2857 1229 2917 Θεου,
1261 2852 1334 2911 εἱς
1376 2847 1547 2924 ἄνδρα
1583 2849 1794 2917 τέλειον,

203 2938 267 3000 εἰς
294 2943 481 3013 μέτρον
506 2938 709 3000 ἡλικίας
738 2946 829 2992 τοῦ
853 2938 1201 3013 πληρώματος
1229 2946 1320 2992 τοῦ
1360 2946 1615 3013 Χριστοῦ.

200 3065 314 3118 Ὀτι
365 3059 450 3116 δεῖ
507 3062 556 3115 ἐν
615 3062 913 3136 ἀνεξικακίᾳ
957 3069 1047 3116 καὶ
1075 3068 1334 3139 πραότητι
1373 3059 1638 3116 παιδεύειν
1679 3062 1792 3134 (8t)

269 3159 384 3214 τοὺς
441 3150 974 3226 ἀντιδιατιθεμένους,
1027 3150 1405 3228 προσδοκῶντα
1456 3154 1624 3205 αὐτῶν
1701 3157 1793 3212 τὴν

269 3245 563 3315 μετάνοιαν,
622 3243 714 3305 ἕως
772 3241 832 3294 ἃν
913 3242 1164 3316 πληρώσῃ
1237 3246 1294 3296 τὸ
1351 3247 1535 3318 μέτρον
1591 3250 1682 3303 τῆς
1725 3241 1798 3303 εἰς

269 3334 456 3394 αὖτοὺς
477 3332 786 3406 ἐπιμελείας.

842 3457 1027 3530 Κεφάλ.
1059 3456 1131 3510 λϐ
1140 3501 1152 3513 .

264 3553 640 3604 ΜΑΤΘΑΙΟΣ.
683 3547 792 3599 Οὐκ
828 3546 1044 3622 σέρίσει,
1099 3543 1222 3600 οὐδέ
1285 3549 1596 3622 κραυγάσει,
1681 3551 1798 3600 οὔτε

200 3638 411 3690 ἀκούσει
469 3657 551 3699 τις
601 3635 650 3689 ἐν
707 3644 824 3698 ταῖς
891 3636 1160 3700 πλατείαις
1215 3641 1308 3695 τὴν
1378 3641 1547 3710 φωνὴν
1614 3635 1794 3688 αὐτου.

200 3727 444 3798 [άλαμον
503 3729 934 3801 συντετριμμένον
1023 3725 1082 3778 οῦ
1165 3726 1422 3793 κατεάξει,
1483 3730 1574 3777 καὶ
1663 3723 1796 3777 λίνον

195 3822 482 3888 τυφόμενον
539 3816 598 3867 οὐ
659 3814 854 3885 σϐέσει,
902 3815 995 3876 ἕως
1060 3814 1120 3866 ἂν
1173 3813 1360 3889 ἐκϐάλῃ
1395 3815 1468 3876 εἰς
1517 3823 1657 3876 νῖκος
1704 3819 1798 3873 τὴν

193 3912 396 3981 κρίσιν.
459 3911 627 3958 ΠΡΟΣ
693 3910 834 3958 ΤΙΜ.

189 3996 500 4069 μχεσθαι,
534 3993 643 4046 ἀλλ’
697 3998 850 4052 ἤπιον
890 3991 1018 4046 εἶναι
1058 3998 1182 4068 πρὸς
1211 3997 1430 4059 πάντας,
1461 3991 1797 4062 διδακτικόν,

1018 3903 1200 3956 Δουλον
1277 3901 1335 3957 δι
1394 3909 1587 3979 Κυρίου
1620 3904 1678 3956 οὐ
1719 3901 1801 3958 δεῖ

189 4083 503 4147 ἀνεξίκακον
558 4083 605 4136 ἐν
650 4084 913 4158 πραΰτητι
943 4081 1262 4136 παιδεύοντα
1295 4088 1416 4145 τοὺς
1460 4081 1801 4138 ἀντιδιατιθεο

184 4181 400 4248 μένους’
455 4179 657 4247 μήποτε
706 4169 785 4244 δῷ
834 4173 1012 4236 αὐτοῖς
1041 4174 1067 4226 ὁ
1100 4177 1225 4234 Θεὸς
1249 4176 1523 4246 μετάνοιαν
1563 4174 1629 4235 εἰς
1659 4173 1802 4245 ἐπίγ-

184 4283 354 4318 νωσιν
397 4263 665 4335 ἀληθείας,
715 4266 804 4315 καὶ
833 4260 1165 4334 ἀνανήψωσιν
1196 4261 1250 4316 ἐκ
1297 4270 1393 4325 τῆς
1431 4283 1520 4316 του
1553 4259 1801 4316 διαϐόλου

183 4350 452 4426 παγίδος.

180 4572 318 4626 Ὀτι
349 4568 441 4625 δεῖ
465 4578 573 4631 τοῖς
609 4567 726 4624 ’διὰ
782 4570 936 4644 φόϐον
988 4576 1078 4624 καὶ
1126 4570 1390 4624 εὐλάϐειαν
1442 4575 1801 4644 παραιτουμέ-

273 4680 384 4723 νοις
461 4667 558 4720 τήν
603 4667 899 4736 παρουσίαν
966 4681 1056 4714 του
1109 4664 1466 4735 κηρύσσοντος
1514 4665 1600 4714 τὸν
1652 4661 1802 4733 λόγον

260 4755 446 4818 εἴκειν,
482 4756 574 4804 καὶ
605 4756 678 4823 μὴ
713 4751 1007 4824 φιλονείκως
1037 4750 1324 4824 ἐγκεῖσθαι.

838 4877 1032 4950 Κεφάλ.
1083 4876 1179 4949 λγ’.

265 4973 564 5022 ΔΟΥΚΔΣ,
633 4971 736 5021 Καὶ
800 4968 1081 5043 ἠρώτησαν
1151 4966 1305 5019 αὐτὸν
1363 4967 1500 5020 ἅπαν
1567 4971 1626 5020 τὸ
1666 4967 1802 5026 πλῆ-

189 5056 284 5117 θος
332 5065 434 5119 τῆς
505 5063 812 5132 περιχώρου
887 5065 986 5108 τῶν
1045 5053 1380 5130 Γαδαρηνῶν,
1433 5056 1666 5110 ἀπελθεῖν
1716 5055 1804 5108 ἀπ’

188 5145 391 5213 αὐτῶν,
426 5149 508 5199 ὅτε
558 5147 698 5219 φόϐῳ
730 5147 938 5219 μεγάλῳ
980 5151 1304 5220 συνείχοντο.
1360 5147 1526 5208 Αὐτὸς
1555 5143 1614 5200 δε
1645 5145 1805 5220 ἐμϐὰς

188 5233 266 5296 εἰς
291 5240 352 5289 τὸ
375 5237 581 5305 πλοῖον,
613 5237 956 5311 ὑπέστρεψεν.

192 5485 222 5506 ν
266 5416 383 5506 (ῒξ)
429 5420 696 5491 Utraque
719 5416 901 5474 editio
923 5417 982 5470 οὗ
1019 5421 1308 5480 ζητοῦντες.
1341 5419 1483 5488 Reg.
1513 5416 1718 5473 tertius
1743 5416 1802 5468 οὗ

189 5505 426 5544 εττειτε.

265 5560 387 5628 (79)
432 5564 574 5634 Reg.
629 5561 846 5634 tertius
900 5562 926 5612 ό
963 5560 1234 5634 papam;
1287 5559 1610 5634 Aliquanto
1666 5562 1808 5632 post

184 5627 379 5688 idem,
395 5627 592 5690 codex
617 5631 667 5685 έν
700 5629 812 5704 ἐμοὶ
837 5638 926 5685 καὶ
953 5627 1055 5704 ἐγῶ
1077 5633 1145 5688 ἐν.

565 5725 814 5778 Ρλτιιοι..
857 5725 956 5778 Ga.
989 5722 1164 5779 XXXI.

1968 498 2076 553 Dei
2107 499 2444 555 voluntates
2475 498 2660 555 libere
2708 499 2986 555 nuntiare
3031 502 3362 574 negligant,
3394 505 3552 561 exci-

1967 585 2116 643 dant
2170 604 2206 644 a
2256 589 2492 645 Domini
2559 588 2913 660 mancipio:
2954 591 3458 665 quandoquidem
3482 594 3554 650 iis

1966 675 2192 770 quibus
2224 677 2469 750 placere
2490 678 2724 749 volunt,
2756 695 2889 735 sese
2917 681 3291 754 mancipant.

1955 853 1959 860 .
2503 806 2704 874 Caput
2747 805 2944 861 XXX.

1979 892 2280 958 Quomodo
2303 909 2397 951 eos
2415 896 2662 963 potestis
2685 895 2940 955 credere.
2966 897 3071 967 qui
3081 898 3341 967 gloriam
3365 900 3440 956 ab
3461 902 3552 958 in-

1903 988 2084 1042 vicem
2142 985 2438 1052 accipitis,
2470 990 2523 1040 et
2572 985 2856 1054 gloriam,
2885 1001 3012 1056 qua
3068 1003 3105 1042 a
3137 988 3264 1044 solo
3299 990 3414 1045 Deo
3443 997 3552 1059 est,

1899 1091 2018 1131 non
2046 1075 2318 1146 quaeritis
2345 1077 2370 1126 .7
2402 1074 2600 1140 (Joan.
2632 1089 2692 1142 ν,
2724 1077 2885 1143 44)...
2936 1077 3005 1130 Si
3049 1077 3250 1133 adhuc
3297 1078 3553 1136 homini-

1900 1167 2002 1222 bus
2019 1166 2352 1236 placerem,
2378 1163 2598 1220 Christi
2615 1179 2821 1220 servus
2841 1180 2960 1223 non
2982 1181 3158 1223 essem
3191 1168 3348 1239 (Gal.
3377 1185 3413 1239 ι,
3447 1170 3550 1242 l0).

1899 1379 2071 1446 Quod
2125 1381 2174 1435 is
2223 1379 2329 1453 qui
2381 1379 2577 1444 docet,
2603 1379 2767 1435 hunc
2802 1379 2913 1435 sibi
2970 1395 3310 1454 proponere
3335 1383 3554 1442 debeat

1973 1485 2250 1542 scopum,
2273 1474 2336 1524 ut
2359 1468 2631 1538 singulos
2655 1469 2715 1524 in
2739 1469 2932 1524 virum
2956 1471 3288 1541 perfectum
3309 1472 3369 1528 in
3391 1490 3556 1530 men-

1972 1575 2176 1616 suram
2213 1559 2405 1615 aatatis
2440 1558 2831 1630 plenitudinis
2864 1560 3076 1615 Christi
3111 1566 3272 1633 aptet
3297 1567 3354 1618 et
3390 1579 3554 1620 com-

1971 1655 2564 1722 ponat,unumquem
2574 1664 2688 1720 que
2704 1653 2908 1704 tamen
2923 1649 2982 1704 in
2995 1649 3307 1723 suoipsius
3323 1653 3552 1712 ordine.

2495 1776 2692 1843 Caput
2726 1774 2947 1832 ΧΧΧῙ.

1971 1865 2178 1921 Estote
2214 1879 2354 1934 ergo
2383 1879 2482 1920 vos
2517 1865 2797 1933 perfecti.
2828 1866 2982 1920 sicut
3008 1867 3187 1922 Pater
3213 1873 3404 1924 vester
3450 1885 3559 1926 cae—

1905 1955 2065 2010 leslis
2117 1954 2428 2023 perfectus
2475 1959 2559 2009 est
2608 1952 2850 2024 (Matth.
2887 1970 2938 2019 ν,
2970 1956 3130 2025 48)...
3162 1956 3298 2011 Non
3338 1972 3452 2026 pro
3476 1958 3558 2014 eis

1903 2050 2103 2100 autem
2135 2058 2281 2113 rogo
2313 2049 2571 2111 tantum,
2591 2041 2694 2098 sed
2717 2047 2770 2098 et
2796 2058 2909 2111 pro
2935 2043 3016 2099 eis
3042 2044 3147 2115 qui
3175 2047 3428 2101 credunt
3447 2062 3557 2116 per

1903 2133 2147 2189 verbum
2177 2148 2380 2189 eorum
2413 2133 2475 2188 in
2508 2147 2598 2188 me
2622 2148 2644 2187 ,ο
2676 2139 2739 2187 ut
2763 2147 2963 2188 omnes
2996 2149 3181 2189 unum
3225 2135 3369 2202 sint,
3401 2139 3556 2191 sicut

1903 2227 1988 2283 tu.
2022 2223 2230 2289 Pater,
2255 2229 2318 2276 in
2341 2237 2452 2289 me,
2485 2228 2539 2277 et
2571 2237 2674 2291 ego
2707 2223 2767 2276 in
2818 2228 2894 2290 te,
2925 2227 2990 2276 ut
3017 2228 3072 2277 et
3102 2223 3219 2292 ipsi
3268 2225 3330 2278 in
3387 2225 3556 2280 nobis

1905 2324 2094 2366 unum
2119 2312 2242 2365 sint
2265 2311 2461 2380 (Joan.
2494 2325 2633 2374 xvu,
2661 2309 2917 2379 20,2l)...
2941 2310 3012 2364 Et
3044 2312 3170 2380 ipse
3187 2311 3351 2367 dedit
3381 2329 3555 2384 quos-

1902 2400 2039 2454 dam
2063 2401 2299 2470 quidem
2322 2400 2644 2468 apostolos,
2666 2401 2950 2470 quosdam
2982 2407 3178 2455 autem
3207 2403 3556 2470 prophetas,

1904 2489 2056 2545 alios
2085 2496 2285 2546 autem
2313 2495 2586 2559 pastores
2611 2495 2666 2544 et
2697 2488 2966 2544 doctores
2994 2491 3075 2544 ad
3095 2494 3556 2547 consummatio-

1903 2593 2034 2635 nem
2055 2587 2401 2637 sanctorum
2423 2580 2485 2634 in
2508 2595 2656 2648 opus
2680 2580 3555 2648 ministerii,iugdiﬁcationem

1903 2672 2168 2738 corporis
2200 2669 2428 2725 Christi
2459 2687 2472 2724 :
2503 2668 2684 2724 donec
2711 2683 3063 2724 occuramus
3093 2684 3293 2724 omnes
3331 2672 3393 2726 in
3422 2671 3557 2726 uni-

1904 2761 2089 2813 tatem
2113 2758 2266 2827 fidei,
2301 2764 2356 2814 et
2395 2760 2724 2828 agnitionis
2753 2757 2902 2813 Filii
2920 2758 3048 2823 Dei,
3078 2761 3140 2812 in
3194 2761 3392 2812 virum
3421 2772 3559 2826 per-

1897 2847 2149 2917 fectum,
2172 2848 2234 2902 in
2266 2861 2610 2904 mensuram
2652 2848 2845 2904 atatis
2895 2847 3294 2917 plenitudinis
3331 2846 3561 2904 Christi

1899 2937 2143 3006 (Ephes.
2175 2951 2251 3006 IV,
2288 2940 2488 2996 11-13).

1905 3061 2078 3127 Quod
2098 3061 2160 3116 in
2182 3059 2467 3133 patientia
2494 3064 2549 3116 et
2579 3059 3042 3116 mansuetudine
3081 3060 3396 3116 erudiendi
3440 3061 3559 3118 sint

1975 3150 2332 3220 adversarii,
2355 3155 2699 3221 exspectata
2725 3150 3006 3204 nimirum
3057 3149 3328 3220 ipsorum
3363 3150 3554 3222 paeni-

1975 3240 2178 3307 tentia,
2229 3239 2437 3312 quoad
2493 3239 2693 3295 omnis
2749 3238 2971 3296 modus
3023 3237 3346 3310 diligentiae
3407 3255 3554 3311 erga.

1973 3328 2138 3402 ipsos
2169 3327 2591 3402 adimpleatur.

2489 3455 2680 3526 Caput
2724 3455 2969 3511 XXXII

1973 3545 2181 3617 Neque
2211 3543 2549 3612 contendet,
2581 3559 2771 3616 neque
2793 3544 3100 3610 clamabit,
3134 3559 3323 3616 neque
3347 3547 3552 3603 audiet

1905 3635 2130 3706 aliquis
2168 3636 2230 3690 in
2250 3635 2468 3703 plateis
2492 3649 2686 3690 vocem
2731 3636 2880 3704 ejus.
2908 3634 3279 3690 Arundinem
3311 3651 3556 3706 quassa-

1910 3731 2032 3784 tam
2063 3741 2185 3781 non
2215 3726 2581 3795 confringet,
2615 3729 2669 3780 et
2700 3725 2890 3780 linum
2916 3725 3229 3794 fumigans
3258 3740 3378 3780 non
3424 3741 3556 3782 exs-

1910 3819 2164 3887 tinguet,
2193 3815 2380 3870 donec
2409 3815 2614 3884 ejiciat
2644 3814 2726 3869 ad
2749 3815 3063 3870 victoriam
3089 3815 3392 3883 judicium
3416 3816 3555 3875 (Isa.

1910 3921 2048 3976 ml,
2074 3907 2206 3972 2-4;
2236 3905 2456 3960 Matth.
2485 3919 2588 3967 ni,
2624 3907 2710 3972 l9,
2734 3907 2894 3968 20)...
2917 3904 3168 3960 Servum
3207 3911 3408 3960 autem
3445 3905 3559 3960 Do-

1907 3997 2060 4052 mini
2111 4011 2232 4051 non
2279 3999 2507 4066 Oportet
2561 3994 2825 4062 litigare,
2855 3994 2958 4050 sed
3011 4001 3387 4051 mansuetum
3438 4011 3560 4052 esse

1910 4087 1994 4144 ad
2022 4102 2243 4151 omnes,
2275 4086 2551 4142 idoneum
2586 4082 2766 4156 304
2796 4083 2877 4140 ad
2909 4083 3263 4152 docendum,
3297 4086 3560 4141 toleran-

1911 4184 2025 4238 tem
2071 4178 2392 4241 maturum,
2423 4175 2487 4230 in
2538 4173 3003 4230 mansuetudine
3048 4173 3416 4230 erudientem
3466 4189 3561 4230 eos

1911 4273 2017 4347 qui
2041 4270 2448 4327 adversantur
2479 4281 2491 4320 :
2525 4263 2846 4335 nequando
2887 4264 3042 4319 Deus
3073 4264 3169 4319 del
3196 4264 3322 4319 illis
3372 4266 3560 4333 paeni-

1913 4361 2161 4419 tentiam
2209 4357 2290 4412 ad
2329 4353 2796 4425 cognoscendam
2846 4355 3180 4418 veritatem,
3209 4358 3264 4410 et
3324 4355 3562 4424 resipis-

1834 4473 1880 4526 ι)
1912 4457 2052 4511 cant
2084 4465 2121 4506 a
2159 4447 2391 4503 diaboli
2422 4446 2635 4516 laqueo
2666 4444 2756 4501 (II
2781 4443 2932 4500 Tim.
2965 4459 3026 4510 ιι,
3059 4447 3270 4514 24-26).

1912 4579 2084 4649 Quod
2117 4574 2456 4634 cedendum
2481 4578 2591 4638 est,
2625 4588 2763 4628 cum
2794 4571 2982 4645 aliqui
3007 4573 3396 4645 praesentiam
3429 4573 3562 4645 ejus

1982 4669 2087 4743 qui
2118 4665 2370 4723 verbum
2403 4663 2713 4736 prmdicat,
2758 4667 3046 4718 recusant
3071 4663 3152 4718 ob
3185 4663 3460 4719 timorem
3493 4678 3565 4720 ac

1984 4765 2234 4828 metum,
2267 4771 2377 4812 nec
2405 4758 2642 4826 oportet
2673 4751 3045 4808 contentiosa
3070 4753 3314 4810 instare.

2487 4882 2684 4950 Caput
2725 4879 3002 4936 XXXIII

1983 4976 2062 5032 Et
2095 4977 2464 5044 rogaverunt
2504 4972 2685 5026 illum
2717 4983 2907 5024 omnis
2937 4965 3263 5023 multitudo
3308 4963 3565 5032 regionis

1916 5066 2402 5125 Gadarenorum,
2434 5065 2500 5113 ut
2527 5058 2853 5113 discederet
2885 5054 2962 5110 ab
3008 5056 3157 5122 ipsis
3191 5070 3204 5107 :
3253 5054 3397 5122 quia
3444 5067 3568 5106 ma-

1911 5171 2027 5227 gno
2081 5161 2297 5208 timore
2362 5147 2744 5205 tenebantur.
2804 5145 2938 5212 Ipse
2985 5148 3186 5198 autem
3236 5139 3567 5196 ascendens

1912 5246 2138 5311 navim,
2170 5254 2444 5299 reversus
2483 5241 2566 5293 est
2593 5236 2759 5306 (Luc.
2800 5247 2920 5297 vm,
2955 5232 3062 5299 37).

1988 5416 2102 5484 (80)
2138 5411 2327 5468 Editio
2360 5413 2614 5484 utraque
2637 5409 2692 5484 et
2723 5404 2845 5484 duo
2868 5417 3016 5484 mss.
3071 5401 3119 5484 ἓν
3149 5399 3296 5484 ὦσιν,
3324 5405 3456 5464 Τοὺς
3487 5398 3566 5458 δέ.

1917 5473 2115 5542 Cddeit
2139 5488 2390 5540 Messen.
2419 5486 2476 5535 et
2501 5473 2639 5544 Reg.
2676 5476 2903 5533 tertius.
2940 5473 3022 5529 ita
3055 5473 3460 5544 utiedidimus.

1987 5555 2105 5637 (81)
2163 5557 2419 5637 Utraque
2471 5543 2652 5636 editi?
2685 5552 2961 5633 ’πραότητι
3011 5543 3338 5601 παιδεύσειν.
3407 5545 3572 5617 Regii

1918 5615 2152 5701 primus
2184 5630 2242 5680 et
2275 5615 2480 5680 tertius
2511 5615 2800 5676 παιδεύεὶν.

2764 5715 2828 5765 27
