4112 6172
214 268 307 329 845
1712 257 2026 316 ιιοιιΑιιΑ
3411 250 3535 310 ’846

271 395 411 468 λέγειν
463 396 531 454 ὥς
559 392 825 466 οφείλοντα
860 395 952 444 καὶ
1003 389 1091 443 ὑπ’
1144 388 1311 442 αὐτῶν
1354 393 1453 440 τῶν
1500 402 1779 439 πεπιστιυ-
1805 386 1846 440 Α

1955 371 2137 437 faciet
2162 378 2281 435 Deo
2312 380 2580 468 gratum:
2613 375 2844 468 quippe
2871 376 2974 450 qui
3004 376 3101 433 vel
3127 376 3207 434 ab
3234 376 3383 451 ipsis
3434 377 3540 451 qui

269 466 411 558 μένων
440 482 583 555 αὐτῷ
614 479 1003 555 δοκιμάζεσθαί
1031 498 1087 533 τι
1113 482 1205 532 καὶ
1233 477 1633 553 μαρτυρεῖσθαι.

1958 469 2073 526 sibi
2093 467 2415 525 concrediti
2439 466 2848 538 fuere,debeat
2864 468 3274 541 comprobari,
3305 483 3542 537 eorum:-

1957 575 2077 633 que
2098 558 2441 616 testimonio
2461 556 2901 618 commendari.

825 700 1016 775 Κεφάλ.
1045 698 1144 763 λζ.
2423 696 2449 751 ί

2423 695 2623 766 Caput
2684 695 2998 752 XXXVII.

273 807 553 859 ΠΡΑΞΕΙΣ.
599 801 770 876 Ὑμεῖς
816 801 1100 859 ίπίστασθε
1156 796 1257 850 ἀπὸ
1297 798 1512 872 πρώτης
1564 795 1783 869 ἡμέρας,

1974 794 2083 850 Vos
2111 795 2275 851 scitis
2303 810 2341 851 a
2368 796 2570 865 prima
2620 796 2735 863 die,
2792 811 2909 868 qua
2955 799 3257 866 ingressus
3301 811 3429 872 sum
3477 797 3543 853 in

213 894 287 969 ἄρ’
310 897 368 958 ής
394 893 579 952 ἐπέϐην
605 893 672 954 εἰς
694 896 790 951 τήν
821 892 1028 960 Ἀσίαν,
1058 898 1169 952 πῶς
1194 888 1305 962 μεθ’
1336 888 1480 960 ὑμῶν
1506 888 1594 937 τὸν
1619 885 1788 936 πάντα

1925 883 2395 957 lsiam,quatiter
2412 885 2711 941 vobiscum
2727 900 2841 955 per
2859 892 3270 955 omnetempus
3287 886 3509 957 fuerim
3523 906 3549 953 .-

212 991 382 1059 χρόνον
410 982 677 1056 ἓγενόμην,
708 979 966 1035 δουλεύων
1011 988 1083 1051 τῷ
1125 982 1300 1052 Κυρίῳ
1339 977 1470 1049 μετά
1501 977 1673 1034 πάσης
1700 991 1789 1026 τοι·

1927 973 2157 1029 erviens
2190 972 2444 1029 Domino
2475 989 2608 1029 cum
2638 989 2799 1029 omni
2831 975 3192 1041 humilitate,
3238 980 3293 1031 et
3340 975 3549 1031 multis

211 1076 620 1147 πεινοφροσύνης,
668 1076 759 1124 καὶ
798 1069 995 1123 πολλῶν
1055 1065 1297 1141 δακρύων
1333 1068 1426 1117 καὶ
1465 1069 1789 1137 πειρασμῶν.

1927 1064 2190 1132 acrymis
2220 1070 2273 1118 et
2305 1064 3247 1133 tentationibus(Act.xx,18,19).
3270 1066 3335 1120 Et
3365 1063 3548 1137 paulo

216 1170 305 1218 Καὶ
329 1163 432 1236 μετ’
462 1162 653 1233 ὀλίγα·
696 1159 999 1235 Ἀργυρίου,
1053 1158 1083 1216 ἦ
1123 1158 1379 1229 χρυσίου,
1420 1153 1450 1211 ἡ
1508 1154 1794 1224 ἱματισμοῦ

1926 1157 2079 1207 ιοειε
2120 1154 2476 1223 Argentum,
2506 1159 2612 1210 aut
2639 1170 2881 1219 aurum,
2927 1160 3032 1209 aut
3072 1160 3285 1211 vestem
3320 1156 3550 1211 nullius

213 1249 407 1313 ούδινὸς
434 1250 761 1323 ἕπεθύμησα.
796 1247 954 1300 Αύτοὶ
982 1251 1285 1317 γινώσκετε,
1326 1245 1407 1296 ὃτι
1436 1248 1553 1302 ταῖς
1589 1244 1799 1315 χρείαις

1928 1241 2235 1309 roncupivi.
2272 1243 2392 1311 Ipsi
2407 1244 2603 1298 scitis:
2621 1257 2903 1314 quoniam
2926 1241 3008 1298 ad
3021 1258 3088 1299 ea
3110 1244 3399 1314 quaemihi
3405 1260 3552 1313 opus

213 1361 305 1416 μου
339 1346 427 1393 καὶ
447 1346 557 1401 τοῖς
584 1336 706 1392 οὖσι
736 1338 843 1411 μετ’
886 1335 1011 1410 ἐμοῦ
1050 1337 1390 1410 ὑπηρέτησαν
1420 1333 1475 1383 αἱ
1500 1338 1670 1404 χεῖρες
1701 1324 1800 1381 αὖ-

1933 1336 2164 1395 erant,et
2181 1329 2274 1385 his
2289 1332 2395 1402 qui
2411 1346 2639 1387 mecum
2661 1338 2799 1387 sunt
2808 1333 3324 1395 ,ministraverunt
3342 1347 3557 1388 manus

214 1450 296 1484 ται
320 1451 336 1464 ε
368 1436 534 1484 ΠΡΟΣ
565 1435 745 1484 ΘΕΣΣ.
774 1426 838 1480 α’·
870 1425 1036 1499 ’Υμεῖς
1064 1427 1344 1498 μάρτυρες,
1370 1424 1460 1473 καὶ
1480 1422 1506 1473 ὀ
1555 1423 1699 1486 Θεὸς,
1736 1420 1803 1480 ὡς

1935 1423 2063 1477 stest
2074 1418 2198 1474 ibid
2242 1416 2334 1485 '33,
2360 1423 2525 1478 2³4)...
2572 1420 2679 1476 Vos
2710 1428 2880 1477 testes
2905 1428 3060 1488 estis,
3083 1426 3138 1477 et
3179 1423 3353 1491 Deus,
3382 1438 3559 1494 quam

216 1521 384 1586 ὁσίως,
413 1525 504 1572 καὶ
537 1516 776 1583 δικαίως,
817 1519 909 1569 καὶ
941 1514 1223 1589 ἀμέμπτως
1247 1513 1369 1586 ύμῖν
1400 1517 1510 1572 τοῖς
1529 1511 1805 1563 πιστεύου-

1936 1515 2136 1577 ‘ancte,
2186 1514 2239 1565 et
2280 1510 2456 1577 iuste,
2493 1516 2547 1566 et
2568 1510 2694 1566 sine
2719 1512 2963 1583 querela
2982 1512 3144 1568 vobis
3163 1513 3271 1584 qui
3297 1512 3560 1581 creditis,

219 1629 297 1664 σιν
326 1609 641 1683 ἐγενήθημεν,
673 1608 903 1680 καθάπερ
931 1607 1074 1678 ὑμεῖς
1106 1599 1305 1658 οἴδατε.

1910 1599 2182 1668 fuimus:
2219 1604 2374 1655 sccut
2408 1614 2508 1656 vos
2528 1602 2693 1656 scitis
2722 1601 2776 1673 (Ι
2817 1601 3015 1658 Thess.
3046 1617 3105 1675 ιι,
3141 1606 3250 1669 10).

837 1746 1004 1794 οΡοΣ
1037 1737 1164 1795 OA'.
1836 1742 1878 1801 Β

1836 1742 1878 1801 Β
2483 1737 2763 1792 REGULA
2826 1737 2999 1793 LXXI.

219 1844 357 1899 ὀσα
378 1846 508 1897 κατὰ
535 1842 813 1915 συνάφειαν
843 1843 1049 1915 εἴρηται
1083 1841 1203 1911 περὶ
1240 1833 1535 1889 ἄπισκόπων
1566 1836 1655 1885 καὶ
1680 1849 1809 1906 πρε-

1950 1834 2063 1897 )ιιεε
2090 1833 2462 1905 conjunctim
2487 1834 2563 1891 de
2588 1834 2893 1909 episcopis
2925 1850 2999 1893 ac
3018 1834 3392 1909 presbyteris
3411 1838 3574 1897 dicte.

887 1928 1133 2003 ϐυτιρων.

2665 1932 2823 1984 sunt.

853 2061 1046 2135 Κεφάλι
1105 2060 1171 2114 α’·

2598 2063 2799 2135 Caput
2827 2065 2876 2120 I.

299 2172 458 2221 ΠΡΟΣ
492 2169 636 2218 TIM.
670 2161 734 2215 α’·
786 2164 847 2215 Εἰ
883 2179 965 2221 τις
1004 2159 1298 2220 ἐπισκοπῆς
1354 2158 1608 2231 ὀρέγεται,
1656 2152 1816 2207 καλοῦ

1996 2163 2066 2220 Si
2092 2165 2225 2235 quis
2253 2162 2652 2232 episcopatum
2675 2163 2995 2228 desiderat,
3021 2163 3237 2221 bonum
3255 2179 3403 2234 opus
3433 2163 3581 2221 desi-

231 2261 377 2334 ἱργου
402 2254 658 2326 ἰπιθυμεῖ.
709 2249 864 2304 Ἀλλά
902 2246 986 2303 δεῖ
1023 2252 1106 2301 τὸν
1160 2247 1442 2300 ίπίσκοπον
1482 2244 1820 2303 ἀνεπίληπτον

1960 2253 2122 2310 Eerat.
2137 2254 2257 2310 Ser!
2265 2258 2494 2322 oportet
2506 2253 2846 2323 episcopum
2861 2253 3439 2323 irreprehensibitem
3462 2269 3584 2312 esse

235 2345 377 2401 εἶναι.
420 2349 507 2396 καὶ
543 2345 612 2396 re:
659 2341 801 2404 ἑξῆς.
855 2346 1021 2393 ΠΡΟΣ
1059 2343 1203 2393 ΤΙΜ.
1253 2335 1321 2395 α’.
1372 2336 1713 2411 Πρεσϐυτέρῳ
1746 2339 1817 2406 μὴ

1955 2344 1988 2399 Ι
2014 2345 2162 2399 Tim.
2192 2358 2269 2414 ιιι,
2306 2347 2355 2408 1,
2382 2345 2457 2413 2),
2479 2348 2640 2401 etc...
2683 2344 2990 2401 Seniorem
3040 2360 3115 2401 ne
3149 2346 3579 2415 increpaveris,

235 2433 529 2507 ἕπιπλήξῃς,
564 2429 691 2483 ἀλλά
720 2427 1009 2505 παρακάλει
1063 2430 1133 2490 ὡς
1173 2430 1394 2502 πατέρα,
1437 2428 1709 2499 νεωτέρους
1755 2425 1823 2483 ὡς

1961 2433 2033 2490 ed
2051 2433 2294 2489 obsecra
2317 2438 2382 2487 ut
2401 2438 2634 2501 patrem
2648 2448 2671 2488 .'
2687 2434 2965 2502 juniores
2990 2439 3054 2490 ut
3069 2435 3585 2505 fratres,seniores

239 2522 500 2595 ἀδελφούς,
540 2518 900 2597 πρεσϐυτέρας
923 2520 994 2579 ὡς
1022 2520 1267 2591 μητέρας,
1296 2518 1542 2589 νεωτέρας
1572 2516 1641 2574 ὡς
1666 2509 1823 2565 ἀδελ-

1969 2523 2213 2579 2utieres
2241 2531 2308 2577 ut
2337 2527 2581 2589 matres,
2601 2524 2880 2593 juniores
2932 2529 2995 2578 ut
3019 2539 3274 2594 sorores,
3320 2525 3385 2580 in
3428 2524 3593 2580 omni

241 2618 345 2688 φὰς,
371 2611 415 2664 ἐν
442 2612 586 2683 πάσῃ
630 2608 828 2681 ἁγνείᾳ.
866 2613 1033 2659 ΠΡΟΣ
1070 2611 1210 2660 ΤΙΜ.
1347 2607 1451 2665 Τάς
1495 2599 1555 2655 δε
1598 2620 1826 2676 νεωτερι-

1962 2613 2211 2669 αειιίαιε
2241 2612 2301 2679 {1
2333 2612 2482 2668 Tim.
2517 2628 2573 2675 v,
2607 2618 2658 2681 1,
2690 2616 2817 2680 2)...
2858 2614 3167 2669 Juvenitia
3195 2619 3393 2670 autem
3436 2614 3586 2670 desi-

239 2707 330 2765 κὰς
359 2700 632 2773 ἐπιθυμίας
685 2706 857 2771 φεῦγε,
904 2692 1064 2750 δίωκε
1112 2691 1171 2747 δε
1219 2690 1582 2759 δικαιοσύνην,
1623 2696 1822 2758 πίστιν,

1966 2702 2102 2758 Leria
2112 2703 2290 2772 fuge:
2301 2707 2531 2758 sectare
2542 2703 2986 2772 verojustitiam
2999 2702 3590 2773 ,ﬁdem,charitatem,

244 2790 458 2865 ἀγάπην,
490 2788 696 2861 εἰρήνην
734 2788 864 2859 μετά
893 2793 994 2837 τῶν
1038 2782 1446 2855 ἐπικαλουμένων
1500 2784 1586 2833 τὸν
1637 2781 1826 2854 Κύριον

1964 2776 2139 2848 mcem
2153 2808 2286 2848 cum
2302 2793 2373 2846 iis
2383 2793 2489 2862 qui
2502 2792 2785 2848 invocant
2802 2794 3119 2850 Dominum
3132 2793 3207 2849 de
3221 2793 3400 2850 corde
3411 2807 3588 2863 puro.

242 2882 293 2934 ὲκ
319 2881 548 2953 καθαρᾶς
575 2872 817 2951 καρδίας.
868 2876 971 2937 Τάς
1012 2869 1072 2926 δε
1123 2874 1298 2948 μωρὰς
1340 2875 1430 2923 καὶ
1478 2865 1830 2931 ἀπαιδεύτους

1966 2882 2167 2937 ἴιιιιιαε
2188 2884 2384 2936 autem
2403 2885 2457 2936 et
2487 2881 2619 2937 sine
2640 2881 2967 2951 disciplina
2988 2885 3340 2953 quaestiones
3367 2883 3590 2951 devita,

245 2973 477 3034 ζητήσεις
503 2974 786 3043 παραιτοῦ,
820 2961 992 3034 εἰδὼς,
1022 2965 1103 3016 ὅτι
1139 2970 1357 3035 γεννῶσι
1393 2963 1593 3035 μάχας.
1644 2958 1827 3012 Δούλον

1976 2982 2127 3027 ciens
2151 2969 2295 3041 quia
2323 2975 2617 3039 generant
2650 2970 2805 3026 tites.
2838 2971 3085 3026 Servum
3114 2976 3310 3026 autem
3350 2970 3600 3026 Domini

245 3058 299 3115 δὶ
325 3063 515 3133 Κυρίου
541 3055 599 3109 ού
632 3051 715 3109 δεῖ
750 3055 1044 3129 μάχεσθαι,
1070 3050 1177 3105 ἀλλ’
1207 3054 1360 3109 ἤπιον
1393 3048 1521 3104 εἶναι
1550 3051 1675 3125 πρὸς
1705 3050 1830 3101 πάνιι
1860 3109 1869 3156 ι

452 3152 464 3160 -
542 3147 552 3160 ι
601 3145 674 3160 ον-
763 3149 931 3160 “na-
961 3147 1082 3160 In...
1140 3137 1200 3160 β’.
1239 3144 1295 3160 ιιι
1347 3134 1393 3160 βε
1443 3136 1800 3160 i,_e_-u-‘._,'_li__

1970 3075 2053 3116 ton
2083 3063 2315 3128 oportet
2337 3057 2599 3127 litigare,
2617 3058 2721 3115 sed
2740 3065 3115 3115 mansuetum
3144 3072 3267 3115 esse
3292 3058 3375 3115 ad
3391 3073 3594 3115 omnes

243 3168 346 3211 τας,
384 3152 472 3199 καὶ
500 3147 567 3199 τά
592 3145 674 3208 ἐξῆ
689 3165 727 3207 ς.
763 3149 933 3197 ΠΡΟΣ
961 3147 1101 3196 TIM.
1239 3144 1304 3192 Σύ
1337 3134 1396 3192 δὲ
1434 3136 1828 3214 παρηκολούθη-
1860 3134 1867 3154 ¹

1969 3149 2031 3204 II
2060 3149 2208 3204 Tim.
2235 3163 2295 3215 ιι,
2338 3149 2544 3209 22-24),
2581 3152 2741 3205 etc...
2800 3148 2885 3203 Tu
2933 3152 3151 3225 autem,
3180 3153 3487 3205 assecutus
3536 3161 3593 3205 es

242 3242 330 3299 κάς
354 3255 453 3310 μου
484 3243 546 3308 τῇ
580 3239 778 3303 πίστει,
804 3239 866 3305 τῇ
898 3227 1244 3302 διδασκαλίᾳ,
1285 3235 1347 3301 τῇ
1378 3226 1584 3301 ἀγωγῇ,
1610 3233 1672 3299 τῇ
1696 3245 1828 3300 προ-

1971 3254 2131 3296 νιθαιη
2179 3238 2379 3308 ﬁdem,
2421 3238 2779 3304 doctrinam,
2828 3238 3284 3307 institutionem,
3321 3239 3595 3309 proposia

244 3331 395 3393 θέσει,
435 3334 497 3398 τῇ
551 3326 809 3397 ὑπομονῇ,
861 3329 968 3382 τοῖς
1016 3316 1289 3392 διωγμοῖς,
1338 3324 1447 3380 τοῖς
1498 3317 1829 3389 παθήμασιν.

1972 3346 2091 3397 um,
2112 3330 2490 3400 patientiam,
2512 3329 2968 3398 persecutiones,
2991 3330 3300 3399 passiones
3326 3330 3416 3400 (ΙΙ
3445 3329 3594 3386 Tim.

239 3423 404 3471 ΠΡΟΣ
442 3420 577 3469 ΤῙΤ.
604 3416 803 3466 Τούτου
826 3413 988 3486 χάριν
1017 3409 1290 3462 κατέλιπον
1320 3410 1432 3476 (86)
1475 3424 1533 3458 as
1562 3403 1611 3457 ἓν
1635 3410 1831 3480 Κρήτῃ,

1971 3435 2017 3483 ιι,
2053 3422 2137 3485 10,
2174 3422 2323 3481 tt)...
2356 3417 2558 3487 Hujus
2581 3418 2670 3473 rei
2694 3418 2900 3488 gratia
2931 3418 3157 3491 reliqui
3195 3423 3251 3475 te
3297 3418 3359 3474 in
3391 3418 3595 3486 Creta,

236 3508 319 3559 ενα
345 3508 414 3557 τὰ
437 3504 679 3557 λείποντα
720 3497 1124 3574 ἕπιδιορθὼσης,
1175 3503 1265 3550 καὶ
1310 3499 1651 3567 καταστήσῃς
1699 3496 1837 3546 κατά

1975 3512 2012 3562 ιι
2043 3522 2112 3563 ea
2141 3522 2270 3578 qua:
2290 3507 2505 3567 desunt
2536 3508 2826 3577 corrigas,
2848 3513 2903 3563 et
2933 3509 3260 3563 constituas
3305 3522 3415 3577 per
3460 3507 3599 3564 civi-

234 3595 383 3650 πόλιν
404 3591 802 3670 πρεσϐυτέρους,
834 3593 904 3651 ὣς
929 3594 1028 3662 ὑγώ
1056 3590 1124 3641 τὰ
1152 3586 1296 3661 ίξῇς.

1977 3602 2099 3652 ates
2120 3593 2525 3666 presbyteros,
2555 3597 2710 3652 sicut
2738 3611 2844 3667 ego
2888 3595 3160 3666 disposui
3187 3594 3312 3668 tibi,
3362 3596 3417 3652 si
3468 3596 3601 3668 quis

1946 3686 2077 3742 sine
2104 3686 2355 3742 crimine
2385 3692 2471 3742 est
2504 3686 2644 3758 (Tit.
2675 3702 2713 3756 ι,
2746 3691 2798 3749 5,
2825 3685 2896 3754 6),
2929 3690 3038 3742 etc.

599 3814 789 3889 Κεφάλ.
936 3843 1005 3855 -—-
1055 3816 1179 3888 Περὶ
1205 3807 1480 3864 διακόνων.

2263 3812 2441 3884 306
2470 3812 2672 3882 Caput
2691 3812 2774 3869 ῙῙ.
2798 3844 2866 3855 -
2887 3813 2974 3869 De
2998 3812 3289 3869 diaconis.

304 3920 609 3971 ΠΡΑΞΕΙΣ.
671 3918 772 3967 Καὶ
824 3911 1111 3976 ἐξελέξαντο
1163 3914 1411 3983 Στέφανον
1453 3902 1624 3981 ἄνδρα
1667 3903 1839 3980 πλήρη

2023 3912 2099 3967 Et
2128 3912 2438 3982 elegerunt
2467 3911 2839 3982 Stephanum
2883 3912 3081 3969 virum
3117 3911 3364 3980 plenum
3400 3909 3522 3979 ﬁde
3549 3912 3606 3966 et

224 4013 467 4068 πίστεως
496 4009 585 4056 καὶ
615 4006 908 4076 Πνιύματος
937 4001 1114 4074 ἁγίου,
1156 4005 1244 4052 καὶ
1273 3999 1536 4063 Φίλιπτον,
1588 4000 1679 4047 καὶ
1711 3998 1845 4069 Πρό-

1975 4001 2191 4071 ςρίνίιιι
2211 4006 2442 4063 sancto,
2458 4006 2514 4058 et
2533 4001 2933 4070 Philipum,et
2952 4000 3408 4068 Prochorum,et
3428 4000 3599 4056 Nica-

220 4115 424 4171 χορον,
455 4100 546 4146 καὶ
574 4094 854 4167 Νικάνορα,
896 4095 985 4143 καὶ
1031 4092 1151 4152 τούς
1198 4087 1424 4158 λοιπούς,
1481 4083 1571 4145 οὓς
1618 4085 1844 4140 ἔστησαν

1984 4106 2158 4147 torem
2170 4095 2246 4149 .et
2258 4090 2541 4163 reliquos,
2557 4106 2701 4163 quos
2722 4096 3065 4147 statuerunt
3078 4095 3608 4159 anteconspectum

222 4185 464 4238 ὶνὼπιον
501 4192 601 4236 τῶν
631 4180 930 4234 ἀποστόλων
955 4197 968 4209 ·
1018 4198 1108 4231 και
1139 4175 1547 4253 προσευξάμενοι
1592 4171 1846 4230 ἐπέθηκαν

1989 4182 2402 4250 :postotorum:
2455 4187 2509 4237 et
2545 4187 2786 4237 orantes
2830 4180 3245 4248 imposuerunt
3288 4185 3372 4237 eis
3397 4194 3613 4236 manus

222 4276 418 4336 τὶτοῖς
446 4276 543 4336 τὰς
570 4280 777 4348 χεῖρας.
813 4277 981 4324 ΠΡΟΣ
1009 4275 1149 4324 ΊΊΜ.
1176 4266 1239 4323 α’.
1296 4270 1569 4324 Διακόνους
1598 4265 1846 4315 ὡσαύτως

1992 4273 2122 4328 Act.
2144 4274 2262 4338 vr,5
2291 4274 2410 4335 6)...
2430 4271 2480 4325 D
2498 4273 2722 4326 'aconos
2737 4270 3423 4340 simititerpudicosmon
3440 4269 3616 4327 bilin-

222 4369 491 4439 σεμνούς.
522 4368 595 4436 μή
629 4358 894 4433 διλόγους.
922 4363 994 4433 μή
1029 4362 1147 4431 οἴνῳ
1176 4356 1345 4429 πολλῷ
1374 4357 1750 4429 προσέχοντας,
1777 4356 1845 4424 μή

2003 4374 2124 4420 ues.
2146 4374 2266 4415 non
2287 4360 2479 4415 multo
2498 4360 2634 4415 vino
2655 4359 3031 4429 deditos,ncn
3061 4366 3241 4431 turpe
3270 4361 3508 4418 lucrum
3537 4375 3621 4418 se-

217 4448 675 4530 αἰσχροκερδεῖς,
707 4455 799 4504 καὶ
835 4453 903 4503 τά
933 4448 1016 4512 ἐξῆ
1030 4468 1071 4511 ς.

1887 4461 1930 4515 D
1964 4456 2189 4506 ctantes
2219 4450 2275 4519 (Ι
2301 4450 2449 4506 Tim.
2480 4465 2563 4515 ιιι,
2595 4452 2674 4520 8),
2702 4454 2812 4506 etc.

889 4590 1056 4638 oro:
1103 4578 1220 4638 on’.
2530 4584 2813 4641 REGULA
2851 4586 3049 4643 LXXII.

751 4689 878 4760 Περὶ
917 4680 1187 4758 ἀκροατῶν
1217 4678 1357 4753 (87).

2534 4683 2620 4740 De
2650 4683 3051 4743 auditoribus.

218 4823 357 4874 Ὀτι
447 4815 534 4873 διῖ
607 4826 706 4871 τῶν
776 4816 1041 4891 ἀκροατῶν
1107 4817 1226 4875 τούς
1282 4806 1725 4884 πεπαιδευμένους
1768 4809 1842 4861 τὰς

2005 4811 2141 4879 ωοιὶ
2160 4810 2422 4871 debeant
2443 4815 2751 4872 auditores
2770 4817 2877 4891 qui
2896 4816 3233 4888 Scripturas
3253 4812 3471 4872 fuerint
3490 4808 3629 4869 edo-

308 4913 557 4987 Γραγάς,
587 4905 894 4983 δοκιμάζειν
924 4909 990 4960 τά
1028 4907 1172 4983 παρά
1207 4911 1307 4956 τῶν
1339 4897 1679 4955 διδασκάλων
1716 4898 1861 4971 λεγό-

2040 4904 2137 4972 cti,
2184 4904 2494 4978 explorare
2539 4923 2611 4963 ac
2651 4908 2912 4979 probare
2954 4923 3028 4962 ea
3071 4922 3209 4978 qua:
3238 4920 3275 4960 a
3329 4899 3630 4966 magistris

309 5019 459 5072 μενοι
483 5021 496 5034 ο
549 5004 638 5052 καὶ
677 5003 743 5051 τὰ
770 5002 860 5071 μὶν
901 5000 1154 5070 σύμφωνα
1178 5001 1289 5054 ταῖς
1318 4997 1546 5067 Γραφαῖς
1577 4987 1859 5062 δέχεσθαι,

2045 4993 2331 5050 dicuntur
2363 5012 2375 5050 :
2432 4998 2490 5050 et
2518 5010 2657 5066 quas
2686 4995 2934 5067 quidem
2984 5008 3257 5049 consona
3294 4995 3436 5046 sunt
3481 4989 3633 5046 Scri-

310 5093 387 5142 τὰ
468 5086 528 5144 δ⁴ε
594 5089 843 5163 ἀλλότρια
904 5084 1209 5140 ἀποϐάλλειν
1238 5103 1251 5119 ο
1341 5085 1432 5134 καὶ
1511 5084 1629 5142 τοὺς
1694 5081 1863 5132 τοιού-

2046 5083 2256 5155 pturis,
2283 5085 2620 5157 suscipere;
2651 5099 2788 5156 quee
2818 5097 2961 5141 vero
2983 5081 3202 5145 aliena,
3232 5079 3638 5151 rejicere,eos-

322 5440 455 5513 (ιο)
486 5438 729 5513 Antiqui
769 5440 894 5513 tres
916 5433 1050 5513 libri
1074 5433 1345 5513 ἀπέλιπον.
1381 5433 1653 5513 litraque-
1681 5423 1871 5513 editio

2020 5432 2161 5513 ,(8η
2192 5430 2365 5513 illud,
2398 5427 3157 5513 napi.ouxpoutcﬁvzhtieeslﬂin
3189 5418 3461 5513 editione
3489 5432 3644 5513 Pari

235 5502 563 5569 milites.
596 5502 721 5568 Hbs
758 5509 939 5567 editio
962 5509 1154 5565 Paris.
1179 5502 1581 5580 ἐπιδιορθώσῃς.
1628 5505 1700 5557 At
1725 5514 1869 5556 mss.
1983 5502 2196 5580 sieusi;
2234 5504 2341 5580 sed
2363 5502 2655 5580 reperitur
2683 5502 2746 5558 in
2767 5502 3035 5560 editione
3062 5504 3283 5561 Veneta
3321 5508 3380 5561 et
3402 5504 3463 5560 in
3493 5504 3648 5562 anti—

232 5584 381 5640 ιτα
416 5580 805 5659 ἄπιδιορθώσῃ.
1354 5572 1366 5580 ’
1511 5572 1521 5577 ⁷
1986 5575 2125 5649 quis
2151 5575 2395 5631 duobus
2418 5572 2609 5631 libris.
