4112 6172
198 224 288 280 849

1693 229 2031 285 MORALIA.

3432 235 3537 289 850

197 344 248 400 ὀ
282 344 472 400 sane»
495 348 649 419 ὑμᾶς,
681 344 767 420 Qui
792 346 965 402 ἀθετεῖ
993 354 1161 403 ΠΡΟΣ
1191 357 1375 406 ΘΕΣΣ.
1402 349 1467 405 α’.
1487 357 1769 425 Τοιγαροῦν

1903 354 2088 409 [6).....
2108 352 2316 422 Itaque
2339 352 2446 422 qui
2470 351 2841 423 spernit.non
2863 352 3161 409 hominem
3181 355 3539 423 spernit,sed

195 435 219 486 ό
244 432 444 499 ἀθετῶν,
480 435 576 488 οῦκ
601 437 871 511 ἄνθρωπον
898 436 1086 504 ἀθετεῖ,
1129 438 1255 492 ἀλλὰ
1279 444 1365 493 τόν
1396 444 1546 507 Θεὸν,
1577 444 1664 493 τόν
1683 445 1774 493 καὶ

197 519 338 577 δοντα
361 527 423 578 τό
456 531 666 598 Πνεῦμα
704 526 865 581 αὐτοῦ
894 532 953 581 τό
978 528 1127 600 ἅγιον
1158 529 1228 591 εἰς
1257 531 1395 602 ἡμᾶς
1424 533 1556 600 (93).

191 648 295 703 ὀτι
323 646 411 703 δεῖ
434 655 530 708 τὴν
562 646 916 704 διδασκαλίαν
944 661 1043 705 τῶν
1084 652 1292 706 ίντολών
1322 662 1414 707 τοῦ
1454 659 1647 727 Κυρίου
1678 654 1773 707 οὖ-

252 758 345 802 τως
375 736 660 813 δέχεσθαι,
691 743 758 805 ὡς
799 741 940 806 ζωῆς
968 743 1180 797 αἰωνίου
1230 746 1320 797 καὶ
1360 743 1631 818 βασιλείας
1679 744 1772 797 οὐ·

250 839 410 905 ρανῶν
436 838 832 905 περιποιητικήν
866 853 880 866 ·
911 839 1001 886 καὶ
1038 836 1318 910 προθύμως
1342 833 1556 912 ἐνεργεῖν
1587 834 1769 904 αὐτὴν,

249 919 338 974 κᾶν
369 923 611 985 ἓπίπονος
638 923 768 976 εἶναι
807 918 962 998 δοκῇ.

842 1120 1031 1193 Κεφαλ.
1064 1120 1116 1179 ε’.

244 1234 564 1283 ωΑΝΝηΣ·
597 1229 757 1302 ’Δμήν
782 1228 919 1302 ἀμὴν
947 1228 1079 1302 λέγω
1110 1231 1252 1303 ὑμῖν,
1284 1231 1365 1282 ὅτι
1411 1231 1437 1281 ό
1483 1232 1568 1282 τὸν
1623 1228 1773 1301 λόγον

181 1338 273 1392 μου
293 1316 521 1387 ἁκούων,
553 1324 641 1371 και
669 1321 930 1372 πιστεύων
959 1327 1031 1391 τῷ
1059 1318 1327 1393 πέμψαντί
1364 1337 1446 1392 με,
1482 1321 1596 1391 ἔχει
1635 1318 1773 1380 ζωὴν

181 1408 399 1475 αἰώνιον,
443 1413 534 1460 καὶ
559 1408 633 1472 εἰς
655 1414 832 1483 κρίσιν
857 1408 951 1462 οῦκ
976 1411 1212 1482 ἔρχεται,
1260 1407 1388 1461 ἀλλὰ
1431 1407 1773 1481 μεταϐέϐηκεν

181 1496 231 1550 ἐκ
264 1505 356 1551 τοῦ
399 1499 625 1551 Θανάτου
664 1498 737 1560 εἰς
773 1502 866 1558 τὴν
890 1498 1049 1560 ζωήν.
1092 1503 1390 1553 ΠΡΑΞΕΙΣ.
1420 1496 1773 1571 [εὐαγγελισά-

181 1592 312 1661 μενοί
336 1606 394 1640 τε
432 1591 527 1645 τήν
553 1587 701 1639 πόλιν
731 1586 925 1646 ἐκείνην
962 1591 1079 1659 (94)
1108 1594 1200 1641 καὶ
1219 1589 1633 1661 μαθητεύσαντες
1664 1589 1775 1640 ἱκα-

1883 442 2205 511 Deum,qui
2239 441 2419 497 etiam
2447 439 2606 497 dedit
2636 440 2928 509 Spiritum
2953 456 3128 497 suum
3157 448 3437 498 sanetum
3474 444 3540 499 in

1884 530 2055 585 nobis
2094 531 2147 594 (Ι
2178 530 2374 586 Thess.
2411 546 2487 594 IV,
2518 532 2593 600 8).
3158 529 3163 534 ’

1884 655 2055 723 Quod
2085 655 2361 712 doctrina
2414 655 2847 712 mandatorum
2891 654 3124 713 Domini
3175 655 3257 713 ita
3279 657 3353 713 sit
3388 656 3543 714 acci-

1955 743 2494 819 pienda,tanquam
2518 762 2652 820 quae
2674 746 2853 802 vitam
2883 752 3171 803 aeternam
3191 751 3249 801 et
3284 762 3541 820 regnum

1954 835 2244 892 caelorum
2268 836 2443 892 nobis
2486 835 2797 892 conciliet:
2831 837 2971 891 item
3011 835 3177 910 quod
3205 833 3542 892 debeamus

1954 925 2011 981 in
2039 941 2112 982 ea
2143 926 2413 981 studiose
2441 941 2551 981 nos
2580 941 2879 995 exercere,
2912 924 3049 983 licet
3078 924 3273 982 ardua
3300 930 3357 984 et
3390 923 3541 983 difﬁ-

1955 1014 2083 1071 cilis
2115 1030 2245 1071 esse
2278 1014 2571 1071 videatur.

2558 1120 2749 1193 Caput
2788 1123 2852 1177 V.

1952 1230 2143 1286 Amen
2157 1244 2330 1286 amen
2348 1230 2482 1286 dico
2501 1230 2833 1301 vobis.quia
2852 1231 2957 1301 qui
2971 1230 3213 1288 verbum
3226 1245 3416 1288 meum
3431 1245 3538 1288 au-

1881 1318 2051 1385 dit,et
2068 1318 2257 1374 credit
2278 1320 2333 1375 ei
2351 1321 2457 1390 qui
2478 1320 2633 1375 misit
2650 1318 2946 1386 me,habet
2963 1322 3146 1376 vitam
3168 1324 3540 1389 aeternam,“

1880 1407 2255 1478 injudicium
2279 1424 2396 1463 non
2423 1409 2712 1473 venit,sed
2731 1410 2977 1465 transiit
3000 1424 3038 1466 a
3058 1415 3249 1465 morte
3268 1410 3332 1466 in
3355 1409 3539 1466 vitam

1880 1497 2613 1569 (Joan.v,2-i)....Cumque
2640 1499 3146 1569 evangelisassent
3168 1498 3403 1555 civitati
3419 1497 3537 1566 itti,
3626 1484 3633 1495 ’

1882 1592 1939 1644 et
1966 1587 2307 1644 docuissent
2329 1588 2569 1657 multos,
2589 1589 2816 1645 reversi
2843 1594 2984 1645 sunt
3003 1589 3313 1659 Lystram,
3332 1593 3387 1645 et
3405 1588 3540 1647 Ico-

180 1681 309 1745 νοὸς,
342 1676 677 1753 ὑπέστρεψαν
703 1677 769 1739 εἰς
793 1683 887 1736 τὴν
932 1681 1197 1753 Λύστραν,
1249 1683 1338 1730 καὶ
1388 1677 1620 1747 Ἰκόνιον,
1681 1682 1769 1729 καὶ

1903 1678 2134 1743 zium,et
2160 1677 2995 1746 Antiochiam.conﬁrmantes
3025 1679 3261 1735 animas
3291 1677 3544 1747 discipu-

184 1766 523 1839 Ἀντιόχειαν,
574 1765 997 1841 ίπιστηρίζοντες
1028 1770 1118 1830 τὰς
1158 1767 1340 1841 ψυχὰς
1368 1776 1463 1820 τῶν
1503 1768 1773 1841 μαθητῶν,

184 1856 594 1931 παρακαλοῦντες
632 1854 859 1930 ἓμμίνειν
899 1864 960 1929 τῇ
990 1862 1167 1910 πίστει
1190 1878 1203 1893 ·
1236 1863 1325 1910 καὶ
1347 1859 1427 1910 ὄτι
1458 1854 1552 1910 διὰ
1579 1856 1773 1910 πολλῶν

186 1946 394 2018 θλίψεων
426 1943 509 2000 δεῖ
546 1947 686 2019 ἡμᾶς
725 1945 966 2000 εἰσελθεῖν
1006 1947 1072 2008 εἰς
1100 1952 1194 2005 τὴν
1225 1946 1497 2021 βασιλείαν
1549 1955 1649 1999 τῶν
1692 1946 1778 2000 οὖν

182 2055 337 2110 ρανων
345 2078 358 2091 .

182 2149 292 2197 ὀτι
327 2140 414 2197 δεῖ
438 2146 529 2196 τὸν
557 2143 776 2217 ἕλεγχον
823 2147 915 2196 καὶ
951 2148 1044 2203 τὴν
1075 2142 1379 2218 ἐπιτίμησιν
1410 2143 1574 2207 οὕτως
1614 2140 1775 2217 δέχε-

252 2234 390 2301 σθαι,
440 2236 514 2297 ὡς
556 2234 825 2308 φάρμακον
863 2231 1182 2309 ἀναιρετικὸν
1220 2235 1437 2301 πάθους,
1476 2238 1565 2287 καὶ
1603 2235 1777 2305 ὑγείας

247 2328 747 2377 κανασκευαστικόν.
777 2322 865 2387 Ἐξ
889 2331 948 2376 οῦ
980 2319 1140 2383 δῆλόν
1161 2322 1323 2393 ἔστιν,
1356 2324 1437 2376 ὅτι
1466 2325 1514 2375 οἱ
1544 2320 1592 2376 ἐν
1621 2324 1776 2377 πάθει

245 2410 733 2488 ἂνθρωπαρεσκείας
778 2412 1052 2466 ίπιείκειαν
1099 2415 1513 2489 ὑποκρινόμενοι,
1563 2418 1652 2466 καὶ
1698 2417 1771 2486 μὴ

244 2499 544 2574 ὶλέγχοντες
575 2506 691 2563 τοὺς
719 2501 1125 2576 ἁμαρτάνοντας,
1156 2506 1213 2555 τὸ
1242 2502 1355 2556 ὅλον
1383 2503 1657 2576 ζημιοῦσι,
1685 2507 1774 2555 καὶ

246 2590 317 2653 εἰς
352 2591 519 2651 αὐτὴν
539 2595 635 2651 τὴν
664 2590 914 2652 ἀληθινὴν
946 2593 1086 2656 ζωὴν
1116 2591 1556 2649 ίπιϐουλεύουσιν.

812 2879 1003 2954 Κεφήλ.
1059 2879 1126 2945 ς’.

238 2992 608 3042 ΜΔΤΘΑΙΟΣ.
642 2986 759 3041 Ἐὰν
797 2984 857 3041 δι
903 2988 1110 3066 ἁμάρτῃ
1161 2986 1229 3049 εἰς
1282 2990 1340 3041 σε
1384 2983 1604 3060 ἁδελφός
1645 3006 1761 3055 σου,

1888 1767 2595 1836 torum,exhortantes,ut
2611 1773 3037 1837 permanerent
3066 1764 3128 1823 in
3148 1767 3269 1836 ﬁde
3291 1785 3303 1822 :
3327 1772 3382 1823 et
3402 1782 3542 1837 quo-

1882 1856 2048 1912 niam
2072 1871 2187 1926 per
2214 1857 2439 1911 multas
2460 1856 2886 1912 tributationes
2911 1862 3142 1926 oportet
3175 1872 3279 1914 nos
3311 1856 3544 1915 intrare

1882 1946 1947 2001 in
1964 1960 2217 2017 regnum
2246 1946 2531 2003 ccetorum
2565 1945 2720 2016 (Act.
2752 1961 2872 2014 xw,
2902 1948 3109 2018 20-22).

1884 2142 2060 2211 Quod
2087 2141 2478 2217 reprehensio
2501 2146 2559 2199 et
2587 2142 2930 2214 objurgatio
2959 2142 3042 2200 ita
3061 2141 3421 2216 accipienda
3442 2143 3539 2214 sit,

1952 2232 2131 2306 quasi
2160 2233 2674 2290 medicamentum
2704 2231 3020 2306 quoddam
3044 2247 3167 2306 quo
3192 2232 3436 2291 vitiosus
3460 2233 3543 2291 af-

1952 2322 2145 2380 fectus
2191 2321 2548 2397 depellatur,
2596 2327 2654 2379 et
2693 2323 2917 2379 sanitas
2965 2328 3229 2395 paretur.
3284 2323 3370 2381 Ex
3417 2338 3543 2397 quo

1953 2412 2344 2488 perspicuum
2360 2411 3305 2488 est,quodquimansuetudinem
3320 2411 3544 2470 acleni—

1956 2506 2140 2559 tatem
2173 2500 2465 2559 simulant
2492 2501 2703 2559 vitioso
2724 2500 2999 2574 quodam
3030 2500 3383 2558 hominibus
3411 2500 3540 2574 pla-

1952 2592 2130 2649 cendi
2156 2594 2381 2664 studio,
2414 2609 2526 2650 nec
2552 2598 2875 2667 peccantes
2897 2591 3293 2663 redarguunt,
3320 2591 3361 2647 ii
3400 2590 3538 2647 illos

1949 2698 2201 2757 prorsus
2229 2683 2460 2740 damno
2490 2681 2777 2746 afﬁciant,
2807 2687 2986 2756 atque
3012 2681 3305 2739 adversus
3338 2680 3538 2756 ipsam

1950 2787 2157 2829 veram
2187 2788 2401 2831 eorum
2429 2772 2617 2829 vitam
2645 2771 2898 2828 insidias
2928 2774 3180 2829 struant.

2531 2879 2733 2951 Caput
2802 2879 2898 2935 VI.

1946 2987 2016 3043 Si
2038 2992 2238 3043 autem
2266 2988 2609 3055 peccaverit
2639 2984 2703 3043 in
2734 2992 2791 3042 te
2812 2986 3012 3056 frater
3036 2993 3195 3057 tuus,
3219 2987 3390 3055 vade,
3414 3002 3544 3047 cor.

174 3077 348 3150 ὕπαγε,
379 3077 585 3150 ἔλεγξον
614 3078 769 3131 αὐτόν
798 3076 989 3151 μεταξύ
1022 3086 1117 3132 σοῦ
1148 3082 1238 3132 καὶ
1257 3078 1418 3131 αὐτοῦ
1448 3080 1605 3151 μόνου
1635 3099 1647 3112 ·
1680 3076 1764 3130 ἐὰν

1903 3077 2008 3146 ’ίρε
2031 3091 2162 3132 eum
2188 3077 2348 3131 inter
2377 3081 2434 3131 te
2448 3081 2503 3131 et
2518 3076 2711 3145 ipsum
2734 3077 2926 3131 solum
2953 3092 2967 3130 :
2997 3077 3051 3131 si
3067 3081 3126 3133 te
3153 3076 3538 3141 audierit,tu-

177 3185 263 3219 σου
294 3165 523 3240 ἀκούσῃ,
552 3163 845 3239 ἕκίρδησας
871 3172 957 3219 τὸν
982 3164 1203 3240 ἀδελφόν
1236 3186 1352 3221 σου.
1412 3173 1580 3221 ΠΡΟΣ
1615 3173 1762 3222 KOP.

176 3255 237 3311 α’.
275 3258 645 3327 Συναχθέντων
676 3256 817 3329 ὑμῶν
850 3257 960 3327 (95)
1015 3262 1106 3309 καὶ
1143 3265 1240 3309 τοῦ
1296 3255 1421 3330 ίμοῦ
1476 3259 1764 3331 πνεύματος

178 3350 264 3398 σὺν
287 3355 347 3419 τῇ
390 3343 616 3419 δυνάμει
642 3353 731 3399 τοῦ
772 3351 966 3420 Κυρίου
999 3349 1146 3420 ἡμῶν
1166 3346 1344 3405 Ἰησοῦ
1376 3354 1627 3421 Χριστοῦ,
1658 3366 1764 3400 πα-

177 3431 421 3507 ραδοῦναι
448 3439 540 3487 τόν
560 3443 794 3488 τοιοῦτον
817 3444 890 3505 τῷ
920 3442 1122 3506 Σατανᾷ
1150 3436 1220 3499 εἰς
1251 3434 1455 3508 ὀλεθρον
1495 3444 1587 3498 τῆς
1632 3454 1731 3508 σαρ
1754 3465 1765 3475 -

180 3528 277 3591 ιὸς,
310 3528 390 3578 ἱνα
413 3529 474 3578 τό
513 3533 716 3598 πνεῦμα
747 3527 889 3598 σωθῇ
923 3524 971 3578 ἓν
1105 3527 1275 3600 ἡμέρᾳ
1303 3532 1393 3578 τοῦ
1422 3529 1615 3599 Κυρίου
1654 3524 1764 3582 Ἰη-

183 3621 269 3664 σοῦ
301 3621 466 3668 ΠΡΟΣ
500 3620 649 3669 KOP.
803 3613 921 3667 Ὀτι
973 3616 1003 3673 ἡ
1055 3614 1299 3673 ἕπιστολή
1346 3612 1537 3679 ἐκείνη,
1584 3613 1629 3665 εἰ
1675 3618 1764 3665 καὶ

180 3706 303 3774 πρὸς
328 3705 462 3777 ὥραν
490 3701 741 3761 ὶλῦπησεν
770 3704 925 3775 ὑμᾶς,
957 3712 1045 3755 νῦν
1074 3708 1272 3778 χαίρω,
1315 3702 1420 3775 οὐχ
1459 3703 1540 3755 ὅτι
1569 3700 1763 3758 ἰλυπη-

184 3791 318 3858 θητε,
356 3792 462 3845 ἀλλ’
488 3795 568 3846 ότι
598 3791 885 3853 ἐλυπήθητε
904 3794 976 3856 είς
1003 3797 1296 3868 μετάνοιαν.
1322 3793 1645 3852 Ἐλυπήθητε
1660 3794 1763 3867 γὰρ

181 3883 307 3932 ιατὰ
333 3887 479 3950 Θεὸν,
514 3885 598 3935 ἱνα
632 3886 683 3936 ἓν
711 3880 900 3956 μηδενὶ
929 3884 1232 3957 ζημιωθῆτε
1261 3882 1314 3946 ἕξ
1351 3885 1516 3956 ἡμῶν.
1574 3882 1632 3935 Ἡ
1661 3884 1762 3957 γὰρ

184 3971 314 4021 κατὰ
339 3976 465 4025 Θεὸν
501 3971 640 4030 λύπη
673 3974 947 4045 μετάνοιαν
986 3973 1057 4035 εἰς
1090 3977 1349 4045 σωτηρίαν
1380 3971 1763 4045 ἀμεταμέλητον

183 4062 565 4133 κατεργάζεται.
609 4068 777 4115 ΠΡΟΣ
815 4067 948 4116 Tl'I‘.
980 4061 1055 4114 Δι’
1084 4061 1145 4121 ἣν
1177 4062 1343 4114 αἰτίαν
1373 4061 1556 4133 alr/xu
1577 4060 1766 4121 αὐτοὺς

185 4142 465 4222 ἂποτόμως,
508 4152 593 4203 ἶνα
630 4152 936 4222 ὑγιαίνωσιν
967 4149 1015 4203 ἐν
1044 4159 1105 4223 τῇ
1136 4155 1334 4206 πίστει.

811 4353 977 4401 ΟΡΟΣ
1010 4347 1126 4403 ΟΓ.

1874 3173 2081 3224 oratus
2106 3180 2165 3223 es
2189 3166 2453 3235 fratrem
2486 3170 2654 3223 tuum
2701 3164 2937 3233 (Matth.
2969 3180 3130 3231 xvui,
3165 3167 3345 3234 l5)....
3381 3163 3539 3220 Con-

1873 3256 2138 3328 gregatis
2158 3255 2317 3311 vobis
2336 3258 2391 3311 et
2406 3269 2531 3311 mea
2549 3255 2768 3323 spiritu
2787 3269 2922 3310 cum
2938 3255 3161 3311 virtute
3177 3253 3421 3310 Domini
3436 3268 3541 3313 no-

1873 3347 1989 3402 stri
2042 3346 2178 3401 Jesu
2227 3343 2469 3403 Christi.
2520 3343 2758 3400 tradere
2813 3341 3164 3413 hujusmodi
3205 3343 3448 3400 Satana‘
3472 3343 3537 3399 in

1875 3437 2184 3492 interitum
2203 3434 2501 3502 carnis,ut
2520 3434 2768 3503 spiritus
2778 3434 2985 3489 salvus
3000 3433 3076 3489 sit
3098 3434 3161 3488 in
3174 3433 3271 3489 die
3288 3432 3544 3496 Domini

1872 3524 2085 3595 ἔεδνα
2108 3523 2245 3579 Cor.
2282 3539 2337 3591 v,
2366 3525 2419 3590 4,
2449 3524 2599 3592 5)....
2643 3522 2813 3590 Quod
2851 3523 3111 3592 epistola
3160 3522 3273 3578 itta
3291 3523 3427 3592 (etsi
3453 3521 3537 3577 ad

1876 3613 2115 3676 horam)
2127 3628 2225 3669 vos
2237 3613 2808 3675 eontristavit,nunc
2817 3611 3053 3682 gaudeo
3068 3627 3082 3666 :
3097 3626 3218 3666 non
3233 3612 3377 3683 quia
3390 3625 3527 3666 con-

1874 3702 2107 3758 tristati
2130 3701 2287 3767 estis,
2316 3700 2421 3758 sed
2438 3702 2583 3773 quia
2602 3702 2945 3757 contristati
2967 3701 3106 3756 estis
3142 3699 3224 3755 ad
3243 3700 3537 3769 paeniten-

1874 3796 2042 3848 tiam.
2076 3791 2439 3848 Contristati
2456 3792 2608 3847 enim
2630 3792 2770 3847 estis
2791 3789 3120 3846 secundum
3138 3789 3329 3845 Deum
3355 3787 3537 3859 308

1876 3886 1941 3936 ut
1961 3882 2025 3937 in
2041 3881 2217 3937 nullo
2260 3880 2685 3937 detrimentum
2730 3879 3059 3947 patiamini
3075 3891 3151 3934 ex
3179 3876 3371 3933 nobis.
3394 3877 3537 3944 ραι

1875 3972 2032 4027 enim
2047 3970 2376 4026 secundum
2397 3971 2585 4026 Deum
2610 3969 2863 4025 tristitia
2891 3973 3000 4033 est,
3022 3968 3439 4037 paenitentiam
3469 3967 3535 4022 in

1872 4060 2130 4116 salutem
2153 4058 2320 4115 haud
2368 4058 2776 4129 pamitendam
2828 4062 3121 4127 operatur
3157 4057 3239 4126 (ΙΙ
3263 4055 3401 4112 Cor.
3434 4070 3533 4125 vu,

1876 4149 2004 4205 8-10
2036 4190 2074 4204 ..
2135 4148 2323 4216 Quam
2374 4147 2446 4204 ob
2493 4162 2739 4205 causam
2795 4148 3045 4217 increpa
3092 4147 3233 4202 ittos
3261 4145 3435 4215 dure,
3468 4150 3536 4201 ut

1875 4240 2013 4295 sani
2034 4238 2155 4295 sint
2185 4238 2249 4293 in
2278 4236 2399 4305 ﬁde
2421 4237 2559 4308 (Tit.
2595 4252 2635 4305 ι,
2670 4236 2784 4308 13),

2426 4343 2709 4400 REGULA
2747 4341 2983 4399 LXXIII.

187 4449 300 4505 ὀτι
333 4454 390 4507 οὐ
421 4450 505 4508 δεῖ
532 4450 706 4529 ἄνδρα
734 4452 835 4507 ἀπὸ
864 4459 1111 4528 γυναικὸς
1141 4455 1278 4528 (96),
1328 4456 1357 4515 ἡ
1390 4462 1617 4528 γυναῖκα
1667 4454 1767 4510 ἀπὸ

1903 4452 2051 4521 )uod
2079 4449 2269 4508 virab
2300 4466 2509 4517 uxore,
2559 4454 2665 4507 aut
2708 4465 2862 4507 uxor
2909 4465 2946 4506 a
2991 4449 3123 4507 viro
3161 4463 3288 4508 non
3317 4448 3540 4508 debeat

256 4539 437 4619 ἆνδρὸς
462 4544 815 4617 χωρίζεσθαι,
844 4544 887 4598 εἰ
910 4550 983 4619 μή
1016 4564 1098 4606 τις
1136 4543 1196 4597 ἆν
1241 4543 1324 4597 ἐπὶ
1377 4550 1589 4620 πορνεία
1641 4545 1767 4617 ἁλῷ,

255 4630 287 4689 ἦ
324 4632 392 4693 εἰς
408 4637 501 4691 τὴν
541 4631 833 4686 θεοσέϐειαν
857 4633 1144 4692 κωλύηται.

815 4740 1002 4815 Κεφάλ.
1061 4740 1127 4797 α’.

251 4852 612 4905 uneuoz.
676 4847 897 4926 Ἐῥρἠθη
967 4846 1046 4919 δι,
1110 4852 1192 4905 ὅτι
1267 4850 1322 4914 ὃς
1399 4850 1462 4905 ἃν
1530 4850 1770 4927 ἀπολύσῃ

248 5099 581 5178 βξ)εῶῠο
607 5100 792 5156 Paris.
840 5100 913 5164 εἰς
950 5101 1104 5174 ὑμᾶς.
1152 5101 1353 5159 Codex
1400 5102 1672 5160 Combef.
1719 5108 1777 5160 et

190 5166 281 5244 alii
297 5170 427 5244 duo
440 5174 610 5244 panic.

198 5308 209 5319 ,
258 5241 364 5319 (94)
406 5240 696 5319 Utraque
734 5240 912 5319 editio
949 5242 1421 5319 ἐῦαγγελισάμενοι
1500 5253 1562 5319 τῇ
1634 5244 1778 5299 πόλει

191 5313 365 5386 ἐκείνῃ.
395 5313 664 5386 Antiqui
684 5317 800 5367 tres
827 5313 962 5369 libri
990 5313 1148 5370 utin
1180 5313 1481 5372 contextu.

258 5383 367 5456 (93)
398 5383 728 5460 Βιζεξριξξω
742 5400 810 5440 us
839 5387 1202 5460 συναχθέντων
1233 5387 1321 5439 οὖν
1350 5388 1511 5460 ὑμῶν.

260 5460 371 5538 (9Q)
401 5456 770 5538 Editio‘Yen.
803 5462 860 5512 et
882 5456 1071 5538 nostri
1093 5465 1205 5515 tres
1218 5475 1362 5538 mss.
1382 5456 1490 5517 τοῖς

193 5526 349 5598 quod
368 5544 510 5586 cum
534 5528 821 5585 vitiosum
834 5543 962 5585 esse
979 5526 1785 5604 viderenttypograpbil’ari-

1949 4541 2241 4617 separari,
2272 4540 2387 4598 nisi
2413 4540 2564 4597 alter
2608 4539 3106 4610 deprehendatur
3125 4541 3188 4600 in
3216 4540 3533 4606 adulterio,

1952 4638 2057 4692 aut
2078 4632 2318 4707 pietatis
2344 4631 2420 4688 sit
2447 4630 2905 4706 impedimento.

2553 4739 2755 4812 Caput
2811 4741 2837 4797 ι

1950 4853 2193 4910 Dictum
2218 4854 2303 4909 est
2324 4854 2524 4909 autem
2551 4865 2567 4905 :
2601 4849 2951 4924 Quicunque
2975 4848 3269 4908 dimiserit
3287 4859 3536 4904 uxorem

1883 5102 2135 5171 sienses,
2165 5116 2278 5174 pro
2324 5107 2445 5174 τοῖς
2480 5098 2529 5174 έν
2573 5101 2747 5174 γάμῳ,
2795 5096 3115 5174 ediderunt
3155 5097 3243 5174 τόν
3284 5092 3333 5146 ἂν
3360 5097 3534 5174 γάμῳ.

1882 5177 2002 5231 Nos
2029 5165 2232 5229 autem
2261 5172 2391 5227 haec
2409 5165 2762 5226 delevimns.
2795 5165 3348 5223 Animadvertimus
3371 5165 3540 5222 enim

1883 5245 1995 5301 has
2014 5259 2215 5301 voces.
2242 5251 2352 5304 τοῖς
2376 5241 2424 5294 ἕν
2439 5244 2613 5313 γάμῳ,
2629 5238 2866 5312 punctis
2888 5237 3072 5313 yariis
3095 5241 3336 5313 notatas
3356 5236 3540 5313 fuisse

1884 5316 1944 5371 in
1977 5318 2127 5387 Reg.
2146 5315 2357 5387 tertio,
2380 5307 3055 5387 ut'mo'neremusjpsas
3085 5307 3271 5387 deleri
3299 5308 3541 5387 debere.

1886 5388 2014 5443 Mox
2060 5379 2242 5442 éditio
2290 5381 2565 5453 Paris._:i
2602 5386 2672 5453 μή
2714 5399 2809 5441 τις.
2851 5379 3042 5453 Editio
3091 5381 3232 5453 Ven.
3288 5385 3345 5436 et
3390 5397 3538 5438 mss.

1886 5457 2074 5513 nostri
2094 5456 2227 5529 είμή
2260 5474 2333 5508 τι.
2377 5449 2612 5512 Ibidem
2655 5454 2794 5523 Reg.
2818 5450 3123 5509 secundus
3161 5449 3246 5505 ίπὶ
3283 5457 3541 5529 πορνείαν.
