4112 6172
250 216 363 273 853

1775 209 2103 269 MORALIA.

3519 220 3625 277 85-5

251 341 379 394 Ὀτι
407 340 466 395 οὐ
511 335 600 394 δεῖ
635 340 730 402 τὰς
755 344 1015 411 γυναῖκας
1053 339 1182 413 πρὸς
1219 339 1489 412 ὡραϊσμὸν
1527 338 1851 410 κοσμιῖσθαιη

1977 336 2150 403 Quod
2181 351 2305 393 non
2336 336 2560 394 debent
2587 336 2870 394 mulieres
2899 354 2963 395 se
3006 338 3088 396 ad
3117 339 3458 413 parandam
3485 343 3626 415 pul-

326 429 460 483 ἆλλὰ
506 434 603 488 τὴν
641 435 818 483 πᾶσαν
852 424 1093 487 σπουδήν
1142 432 1234 480 καὶ
1283 432 1535 502 μέριμναν
1572 430 1713 499 ἔχειν
1748 431 1869 500 περὶ

322 523 395 573 τὰ
423 523 507 590 (3)
550 520 727 592 ἄγαθὰ
764 521 911 591 ἔργα,
954 509 1046 571 καὶ
1092 525 1272 572 τοῦτον
1302 519 1551 591 ἡγεῖσθαι
1581 515 1748 576 ἀληθῆ
1778 520 1868 570 καὶ

327 614 600 688 πρέποντα
637 616 985 684 Χριστιαναῖς
1009 611 1228 683 κόσμον.

928 804 1118 879 Κεφάλ.
1162 802 1215 860 ι’.

332 920 525 969 ΠΡΟΣ.
567 919 712 969 ΤΙΜ.
754 912 818 969 α’.
858 912 1128 977 Ὡσαύτως
1172 913 1421 986 γυναῖκας
1468 911 1861 987 ῖν⁶’καταστολῇ

255 1009 462 1077 κοσμίῳ
500 1006 636 1077 μετὰ
665 999 849 1065 αἰδοῦς
887 1008 977 1056 καὶ
1011 1005 1355 1076 σωφροσύνης
1400 1008 1613 1075 κοσμεῖν
1654 1002 1861 1065 ἑαυτὰς·

254 1097 329 1166 μή
358 1091 407 1144 ἕν
432 1091 805 1165 πλέγμασιν,·ή
833 1099 1047 1165 χρυσῶ,
1077 1093 1106 1151 ἣ
1135 1095 1507 1167 μαργαρίταις,
1536 1090 1568 1150 ἦ
1596 1092 1863 1164 ἱματισμῷ

252 1181 543 1249 πολυτελεῖ,
580 1180 711 1249 ἀλλ’,
745 1180 771 1234 ὃ
797 1184 980 1255 πρέπει
1007 1181 1084 1251 (4)
1114 1179 1372 1252 γυναιξὶν,
1404 1177 1865 1252 ἐπαγγελλομέναις

255 1271 574 1333 θεοσέϐειαν,
618 1267 653 1323 δ
660 1270 692 1323 ι’
727 1273 888 1345 ἔργων
920 1269 1146 1343 ἀγαθῶν.

248 1378 372 1432 Ὀτι
403 1375 491 1433 δεῖ
515 1381 610 1443 τὰς
639 1386 895 1451 γυναῖκας
926 1384 1082 1451 σιγᾷν
1113 1377 1163 1430 έν
1189 1376 1461 1451 ἐκκλησίᾳ,
1493 1377 1609 1430 κατ’
1636 1374 1773 1430 οἶκον
1804 1373 1863 1431 δε

326 1465 870 1541 σπουδαιολογεῖσθαι
898 1474 1016 1544 περὶ
1054 1477 1146 1530 τῆς
1177 1469 1244 1532 εἰς
1284 1471 1412 1524 Θεὸν
1452 1468 1858 1542 εὐαρεστήσεως.

923 1575 1113 1650 Κεφαλ.
1147 1575 1193 1641 ς’

323 1698 497 1746 ΠΡΟΣ
531 1698 682 1748 KOP.
711 1690 780 1749 α’.
815 1694 880 1744 Αἰ
903 1698 1147 1764 γυναῖκες
1169 1693 1313 1765 ὑμῶν
1342 1690 1391 1743 ἐν
1421 1698 1537 1752 ταῖς
1560 1689 1859 1753 ἐκκλησίαις
1898 1695 1939 1750 Β

250 1784 582 1854 σιγάτωσαν·
635 1781 696 1835 οὐ
741 1784 844 1856 γὰρ
888 1780 1257 1855 ἐπιτέτραπται
1300 1781 1484 1843 αὐταῖς
1520 1780 1708 1851 λαλεῖν,
1749 1780 1855 1834 ἀλλ’

249 1872 676 1927 ὑποτάσσεσθαι.
709 1871 771 1925 Εἰ
808 1868 869 1925 δέ
905 1891 958 1924 τι
985 1873 1166 1944 μαθεῖν
1199 1871 1451 1941 θῦιουσιν,
1485 1870 1534 1923 ἰν
1572 1874 1696 1943 οἴκῳ
1735 1874 1859 1932 τοὺς

250 1957 428 2025 ἰδίους
487 1946 715 2035 ἄνδρας
748 1959 1177 2037 ἐπερωτάτωσαν.
1251 1961 1490 2036 Αἰσχρὸν
1553 1963 1655 2037 γὰρ
1740 1959 1855 2014 ἐστι

246 2051 488 2123 γυναιξὶν
519 2049 571 2103 έν
611 2049 866 2123 ἐκκλησίᾳ
901 2050 1093 2107 λαλεῖν.
1136 2058 1304 2105 ΠΡΟΣ
1340 2057 1481 2106 ΤΙΜ.
1523 2050 1588 2104 α’.
1630 2055 1764 2110 Γυνὴ
1804 2050 1854 2103 ἰν

247 2141 466 2213 ἠσυχίᾳ
512 2142 813 2213 μανθανετω
866 2140 917 2193 ἑν
969 2159 1115 2214 παση
1162 2143 1425 2215 ὑποταγῇ.
1476 2137 1754 2194 Διδάσκειν
1793 2137 1853 2194 δί

246 2234 463 2300 γυναικὶ
500 2230 597 2283 οὐκ
635 2228 915 2304 ἐπιτρέπω,
974 2227 1100 2284 οὐδὲ
1146 2231 1405 2284 αὐθεντεῖν
1468 2227 1680 2305 ἀνδρὸς,
1743 2230 1853 2283 ἀλλ’

250 2314 383 2372 εἶναι
436 2318 486 2371 έν
529 2321 763 2391 ἠσυχίᾳ.
818 2316 994 2393 Ἀδαμ
1030 2323 1131 2395 γὰρ
1184 2329 1384 2394 πρῶτος
1434 2319 1692 2388 ἐπλάσθη,
1743 2316 1855 2374 εἶτα

247 2412 381 2463 εὔιε.
417 2414 518 2464 Καὶ
556 2411 585 2461 ὁ
613 2400 791 2483 ’Δδὰμ
814 2410 907 2464 οὐκ
948 2411 1215 2477 ἠπατήθη,
1249 2412 1280 2470 ἠ
1334 2407 1394 2464 δε
1422 2415 1554 2483 γυνὴ
1586 2409 1852 2474 ἰξαπατη-

250 2501 407 2553 θεῖσα
454 2498 507 2551 έν
546 2498 847 2575 παραϐάσει
894 2504 1092 2572 γέγονε.
1145 2502 1443 2560 Σωθήσεται
1491 2497 1552 2554 δι
1608 2497 1703 2554 διὰ
1757 2509 1852 2561 τῆς

245 2592 602 2660 τεκνογονίας,
645 2586 729 2641 ἰὰν
771 2593 1018 2675 μείνωσιν
1063 2588 1114 2642 έν
1155 2598 1215 2664 τῇ
1265 2594 1461 2659 πίστει,
1510 2594 1601 2643 καὶ
1647 2589 1848 2663 ἀγάπη,

244 2682 342 2731 καὶ
370 2676 647 2752 ἁγιασμῷ,
677 2681 804 2752 μετὰ
843 2682 1204 2752 σωφροσύνης.

892 2793 1059 2840 ΟΡΟΣ
1091 2785 1207 2841 ΟΔ’.

237 2891 367 2945 Ὀτι
393 2888 477 2945 δεῖ
506 2896 602 2951 τήν
632 2898 830 2970 χήραν,
862 2899 956 2953 τήν
990 2894 1321 2972 ἰσχυροτέρῳ
1358 2902 1431 2967 τῷ
1466 2900 1670 2969 σώματι
1706 2915 1850 2971 χρω-

313 2986 496 3055 μένην,
558 2980 608 3034 ἰν
661 2980 899 3060 φροντίδι
935 2989 1025 3038 καὶ
1066 2981 1274 3059 σπουδῇ
1318 2981 1541 3057 διάγειν,
1582 2988 1847 3060 μεμνημέ-

2046 426 2446 483 cbritudinem
2479 442 2792 496 exornare,
2811 427 2919 483 sed
2941 428 3209 486 studium
3238 444 3420 486 omne
3449 435 3507 486 et
3533 446 3631 487 cu-

2042 532 2176 572 ram
2207 516 2286 572 ad
2318 517 2481 575 bona
2500 534 2685 590 opera
2714 517 3005 584 conferre,
3028 524 3210 592 atque
3231 519 3395 576 hunc
3416 536 3632 578 verum

2043 609 2102 662 et
2144 606 2492 664 Christianis
2531 606 2887 665 mulieribus
2937 609 3402 668 convenientem
3444 626 3631 669 orna-

2044 698 2175 752 tum
2201 711 2334 753 esse
2355 697 2717 755 existimare.

2650 805 2849 877 Caput
2880 807 2947 862 V.

2042 914 2338 971 Similiter
2361 920 2415 971 et
2443 915 2720 971 mulieres
2740 917 2801 971 in
2832 913 3041 971 habitu
3066 926 3276 973 ornato
3306 930 3439 972 cum
3467 930 3627 975 vere-

1972 1004 2194 1060 cundia
2224 1012 2279 1065 et
2309 1006 2626 1062 sobrietate
2655 1010 2939 1061 ornantes
2967 1019 3048 1071 se,
3072 1021 3189 1061 non
3213 1006 3276 1061 in
3307 1008 3482 1063 tortis
3512 1008 3625 1063 cri-

1971 1099 2168 1165 nibus,
2187 1104 2289 1152 aut
2318 1112 2490 1155 auro.
2519 1102 2625 1152 aut
2646 1098 3019 1166 margaritis.
3048 1096 3142 1153 vel
3165 1103 3318 1153 veste
3332 1099 3619 1167 pretiosa,

1969 1188 2092 1250 sed.
2129 1188 2287 1259 quod
2325 1186 2489 1243 decet
2524 1187 2825 1250 mulieres,
2864 1187 3276 1256 promittentes
3313 1188 3619 1256 pietatem,

1968 1293 2079 1348 per
2107 1291 2289 1346 Opera
2325 1276 2551 1348 bona(l
2586 1277 2735 1331 Tim.
2768 1292 2826 1341 ιι,
2859 1279 2912 1343 9,
2942 1275 3053 1332 t0).

1970 1383 2140 1451 Quod
2169 1382 2394 1439 debent
2419 1382 2701 1439 mulieres
2719 1382 2890 1439 silere
2922 1382 2984 1438 in
3015 1381 3296 1448 Ecclesia,
3326 1387 3384 1439 et
3409 1382 3618 1441 sedulo

2146 1472 2312 1530 domi
2340 1472 2415 1530 de
2446 1473 2633 1530 modo
2664 1472 2946 1546 placendi
2993 1475 3114 1530 Deo
3144 1472 3444 1547 inquirere

2633 1582 2825 1652 Caput
2866 1582 2965 1637 VI.

2037 1690 2318 1747 Mulieres
2343 1695 2556 1747 vestrae
2598 1691 2661 1746 in
2715 1690 2979 1746 ecclesiis
3027 1693 3284 1747 taceant.
3313 1705 3436 1747 non
3463 1690 3622 1748 enim

1961 1783 2336 1851 pen-mittitur
2357 1782 2438 1837 eis
2466 1781 2651 1853 loqui,
2673 1780 2777 1836 sed
2793 1778 3067 1836 subditas
3088 1794 3226 1837 esse.
3249 1780 3315 1836 Si
3341 1780 3489 1852 quid
3516 1795 3626 1836 au-

1966 1878 2079 1929 tem
2105 1874 2316 1930 volunt
2346 1872 2592 1938 discere,
2639 1871 2803 1927 domi
2819 1874 2991 1927 -viros
3046 1886 3183 1927 suos
3219 1871 3617 1941 interrogent.

1966 1965 2162 2033 Turpe
2181 1969 2265 2020 est
2291 1963 2444 2019 enim
2473 1961 2829 2018 mulieribus
2852 1961 3020 2031 loqui
3037 1961 3100 2015 in
3121 1962 3371 2017 ecclesia
3394 1960 3446 2032 (Ι
3473 1962 3621 2017 Cor-

1960 2070 2079 2121 nv,
2108 2054 2312 2122 34,35).
2339 2053 2560 2109 Mulier
2578 2052 2641 2108 in
2662 2052 2810 2108 silen
2821 2053 2901 2107 tio
2917 2051 3111 2107 discat
3137 2065 3272 2107 cum
3291 2052 3457 2106 omni
3482 2052 3617 2107 sub-

1950 2144 2234 2213 jectione.
2268 2144 2491 2199 Docere
2518 2149 2718 2198 autem
2747 2142 2995 2197 mulieri
3026 2156 3148 2197 non
3175 2141 3480 2209 permitto,
3511 2155 3617 2197 ne-

1958 2248 2073 2306 que
2102 2233 2411 2289 dominari
2438 2234 2506 2288 in
2530 2234 2750 2293 virum,
2771 2231 2875 2288 sed
2900 2232 3105 2287 essein
3124 2231 3385 2287 silentio.
3414 2230 3616 2287 Adam

1959 2324 2115 2380 enim
2153 2325 2387 2393 primus
2425 2312 2730 2393 formatus
2759 2321 3086 2388 est,deinde
3115 2321 3268 2377 Eva.
3306 2319 3388 2391 Et
3414 2320 3616 2378 Adam

1959 2429 2080 2470 non
2109 2419 2193 2470 est
2218 2413 2519 2481 seductus,
2545 2413 2766 2468 mulier
2793 2416 2992 2468 autem
3020 2410 3269 2468 seducta
3299 2413 3362 2466 in
3376 2425 3615 2482 praeva-

1960 2504 2254 2559 ricatione
2269 2503 2412 2573 fuit.
2434 2501 2792 2558 Salvabitur
2810 2507 3008 2557 autem
3028 2514 3139 2569 per
3154 2500 3424 2569 ﬁliorum
3440 2514 3613 2568 gene-

1961 2594 2277 2659 rationem,
2309 2592 2362 2648 si
2378 2592 2821 2661 permanserint
2849 2591 2913 2645 in
2936 2589 3077 2660 ﬁde,
3104 2595 3159 2646 et
3189 2588 3530 2658 dilectione,
3552 2593 3610 2645 et

1958 2683 2453 2753 sanctiﬁcatione,
2477 2697 2609 2738 cum
2639 2680 2959 2737 sobrietate
2983 2680 3043 2751 (Ι
3059 2678 3209 2736 Tim.
3240 2694 3298 2746 ιι,
3326 2679 3537 2750 11-15).

2518 2787 2800 2844 REGULA
2832 2788 3053 2844 LXXIV.

1959 2897 2132 2965 Quod
2156 2899 2393 2981 oportet
2428 2893 2702 2963 viduam,
2734 2893 3071 2951 robustiore
3114 2908 3367 2967 corpore
3396 2891 3610 2966 prtedi-

2028 2992 2173 3052 tam,
2210 2988 2274 3040 in
2326 2999 2473 3040 cura
2500 2997 2572 3038 ac
2628 2981 2829 3038 studio
2870 2982 3059 3039 vitam
3097 2981 3337 3053 degere,
3378 2994 3610 3038 memo-

308 3091 404 3131 νην
457 3080 561 3125 τῶν
609 3074 711 3126 ὑπὸ
762 3082 855 3127 τοῦ
894 3074 1215 3129 Ἀποστὸλου
1281 3076 1577 3150 εἰρημένων,
1646 3080 1736 3127 καὶ
1783 3083 1843 3149 τῇ

2026 3091 2154 3131 rem
2185 3089 2395 3130 eorum
2435 3086 2571 3145 qum
2598 3070 2677 3126 ab
2708 3071 3000 3143 Apostolo
3029 3069 3193 3127 dicta
3224 3073 3384 3136 sunt,
3413 3074 3471 3126 et
3495 3073 3608 3126 tes-

313 3159 526 3238 Δορκάὸ
531 3182 549 3214 ι
574 3168 1046 3240 μεμαρτυρημένων
1060 3208 1072 3222 ,

885 3272 1074 3347 Κεφάλ.
1137 3271 1201 3329 α’.

310 3381 610 3436 ΠΡΑΞἘΙΣ.
657 3380 739 3436 Ἐν
778 3379 960 3455 ἰρππη
1017 3377 1076 3434 δέ
1124 3400 1204 3443 τις
1259 3381 1322 3440 ἦν
1379 3382 1666 3457 μαθήτρια,
1726 3380 1842 3433 ὀνό-

238 3488 369 3543 ματι
430 3469 659 3537 Ταϐιθά,
729 3469 760 3528 ἦ
847 3466 1281 3546 διερμηνευομένη
1356 3470 1557 3543 λέγεται
1623 3472 1838 3543 Δορκάς.

236 3559 383 3616 Αὕτη
472 3560 534 3617 ἦν
609 3558 819 3633 πλήρης
884 3563 1045 3633 ἔργων
1111 3559 1320 3633 ἀγαθῶν
1398 3566 1488 3613 καὶ
1554 3560 1842 3633 ἐλεημοσυ-

232 3654 337 3708 νῶν
394 3649 484 3700 ὧν.
522 3647 701 3703 ἰποίει.
766 3655 868 3703 Καὶ
923 3651 1033 3723 μετ’
1099 3650 1269 3722 ὀλίγα·
1337 3656 1437 3704 Καὶ
1492 3654 1841 3726 περιέστησαν

234 3737 380 3809 αὐτῷ
442 3745 612 3791 πᾶσαι
669 3742 724 3792 αἰ
789 3748 960 3814 χῆραι
1026 3739 1324 3809 κλαίουσαι,
1393 3745 1484 3793 καὶ
1542 3737 1841 3794 ἰπιδιικνύ-

231 3846 388 3901 μιναι
434 3838 669 3901 χιτῶνας
725 3836 815 3883 καὶ
875 3833 1060 3904 ἱμάτια
1125 3832 1226 3883 ὅσα
1288 3829 1447 3884 ἐποίει
1499 3831 1608 3903 μετ’
1674 3831 1840 3883 αὐτῶν

230 3914 371 3970 οὖσα
444 3920 472 3976 ἡ
545 3920 761 3992 Δορκάς.
833 3926 1002 3973 ΠΡΟΣ
1061 3926 1202 3975 ΤΙΜ.
1272 3919 1335 3975 α’.
1402 3924 1555 3994 Χήρα
1618 3920 1839 3974 καταλε-

226 4009 427 4079 γέσθω,
489 4014 560 4081 μή
629 4009 848 4063 ἐλάττων
918 4008 1043 4062 έτῶν
1108 4009 1375 4081 ἑξήκοντα,
1442 4019 1688 4084 γεγονυῖα
1735 4011 1839 4072 ἐνὸς

225 4091 427 4172 ἑνδρός
480 4102 637 4169 γυνή,
707 4096 756 4150 έν
829 4101 999 4172 ἔργοις
1063 4097 1240 4160 καλοῖς
1305 4104 1725 4175 μαρτυρουμένη,
1794 4099 1838 4154 εἰ

225 4183 687 4259 έτεκνοτρόφησεν,
756 4187 800 4240 εἰ
856 4184 1256 4261 ἐξενοδόχησεν,
1324 4189 1369 4241 si
1441 4188 1602 4262 ἁγίων
1666 4186 1839 4252 πόδας

224 4274 422 4345 ἔνιψεν,
503 4275 547 4327 si
616 4274 942 4350 θλιϐομένοις
1006 4276 1306 4354 ἰπήρκισεν,
1375 4278 1419 4331 εἰ
1480 4283 1638 4332 παντὶ
1701 4279 1836 4353 ἔργῳ

224 4364 418 4437 ἑγαθῷ
467 4363 904 4425 έπηκολούθησεν.

218 4472 348 4525 Ὀτι
387 4468 476 4524 δεῖ
508 4476 605 4531 τήν
652 4478 836 4549 χήραν
879 4478 974 4533 τήν
1021 4471 1453 4549 εὐδοκιμήσασαν
1493 4474 1542 4528 ἰν
1584 4485 1688 4538 τοῖς
1735 4478 1835 4531 ὑπὸ

298 4568 394 4614 τοῦ
448 4561 769 4616 ’Δποστολου
814 4564 1100 4639 εἰρημένοις
1145 4566 1539 4639 κατορθώμασι,
1579 4572 1669 4619 καὶ
1707 4568 1833 4640 φθά-

302 4669 479 4704 σασαν
511 4651 583 4713 εἰς
626 4655 685 4704 τό
732 4655 914 4726 τάγμα
940 4662 1041 4706 τῶν
1066 4656 1225 4717 ὅντως
1260 4663 1465 4730 χηρῶν,
1506 4674 1835 4733 προσκαρτε-

292 4748 406 4813 ρεῖν
457 4748 575 4804 ταῖς
630 4737 853 4800 δεήσεσι
912 4748 1002 4796 καὶ
1050 4751 1161 4806 ταῖς
1197 4752 1526 4819 προσευχαῖς
1563 4749 1693 4819 μετὰ
1742 4766 1834 4804 νη-

298 4838 492 4886 στειῶν
532 4836 723 4894 νυκτὸς
772 4837 863 4885 καὶ
900 4834 1116 4909 ἡμέρας.

877 4941 1067 5015 Κεφάλ.

296 5053 599 5105 ΛΟΥΚΑΣ.
684 5054 786 5103 Καὶ
863 5051 926 5108 ἦν
1001 5049 1163 5104 ’Δννα
1240 5060 1518 5127 προφῆτις,
1597 5054 1832 5129 θυγάτηρ

221 5137 490 5205 Φανουήλ,
560 5137 617 5190 ἰκ
684 5138 850 5211 φυλῆς
914 5140 1098 5215 Ἀσήρ·
1166 5142 1299 5200 αὕτη
1366 5141 1723 5217 προϐεϐηκυῖα
1785 5141 1833 5195 ἰν

222 5231 455 5302 ἑμραις
507 5225 745 5293 πολλαῖς,
818 5232 1032 5292 ζήσασα
1093 5233 1223 5303 μετά
1283 5227 1476 5305 ἀνδρος
1540 5234 1628 5291 ἔτη
1705 5232 1835 5285 ἑπτὰ

297 5545 385 5617 (3)
417 5546 509 5604 Sic
545 5547 685 5605 libri
714 5548 966 5624 antiqui.
994 5552 1252 5625 Utraque
1282 5552 1464 5611 editio
1492 5557 1616 5629 πρὸς
1635 5558 1717 5612 τὰ.

2026 3162 2279 3233 timonii,
2302 3160 2472 3237 quod
2500 3157 2758 3217 Dorcadi
2787 3157 2999 3215 datum
3029 3164 3140 3216 est.

2627 3269 2827 3340 Caput
2863 3268 2923 3329 Ι.

2021 3385 2094 3441 In
2122 3385 2316 3454 Joppe
2343 3384 2542 3440 autem
2573 3383 2705 3438 erat
2734 3377 3009 3451 quaedam
3039 3376 3341 3448 discipula
3367 3377 3607 3435 nomine

1960 3475 2367 3546 Tabitha,quae
2386 3474 2786 3547 interpretata
2807 3469 3035 3525 dicitur
3058 3468 3461 3527 Dorcas.Htec
3472 3473 3607 3526 erat

1948 3567 2131 3638 plena
2152 3562 2428 3634 operibus
2449 3561 2635 3628 bonis,
2662 3566 2716 3617 et
2733 3560 3118 3629 eleemosynis
3141 3558 3192 3629 3
3208 3559 3319 3629 ιθ
3342 3572 3491 3643 quas
3504 3559 3605 3628 fa-

1952 3656 2140 3713 ciebat
2175 3654 2312 3721 (Act
2344 3667 2426 3717 ix,
2453 3654 2571 3721 36).
2612 3652 2678 3706 Et
2705 3648 2889 3722 paulo
2933 3653 3104 3721 post:
3138 3647 3217 3703 Et
3252 3648 3603 3703 circumste-

1951 3751 2152 3801 terunt
2184 3743 2363 3799 illum
2384 3755 2584 3798 omnes
2605 3741 2797 3796 viduas
2811 3739 3104 3809 ﬂentes.et
3124 3735 3494 3793 ostendentes
3511 3740 3602 3790 tu-

1948 3835 2116 3891 nicas
2141 3839 2196 3890 et
2242 3838 2427 3889 vestes
2456 3843 2604 3903 quas
2628 3827 2897 3899 faciebat
2929 3842 3060 3883 cum
3104 3831 3248 3883 esset
3290 3840 3425 3882 cum
3455 3825 3601 3896 ipsis

1948 3925 2172 3980 Dorcas
2197 3921 2348 3989 \ibid
2366 3922 2527 3991 39)...
2560 3918 2753 3975 Vidua
2778 3918 3047 3988 eligatur
3064 3931 3186 3972 non
3210 3915 3408 3971 minus
3426 3929 3598 3971 sexa-

1944 4015 2118 4084 ginta
2133 4027 2452 4079 annorum,
2469 4024 2601 4081 quae
2619 4010 2807 4080 fuerit
2834 4009 3013 4063 unius
3034 4008 3152 4063 viri
3174 4020 3367 4077 uxor;
3387 4010 3449 4063 in
3468 4020 3601 4074 ope-

1945 4103 2110 4159 ribus
2142 4102 2308 4158 bonis
2337 4100 2735 4157 testimonium
2772 4097 3016 4166 habens,
3041 4096 3095 4152 si
3115 4096 3275 4165 ﬁlios
3295 4095 3594 4166 educavit,

1944 4193 2000 4248 si
2026 4191 2284 4262 hospitio
2306 4191 2551 4259 recepit,
2579 4189 2632 4245 si
2647 4192 2995 4244 sanctorum
3018 4184 3197 4256 pedes
3226 4186 3396 4252 lavit,
3419 4185 3473 4241 si
3489 4186 3598 4241 tri-

1947 4282 2314 4340 bulationem
2360 4278 2733 4351 patientibus
2790 4276 3292 4342 subministravit,
3344 4276 3398 4333 si
3425 4290 3598 4335 omne

1945 4389 2090 4447 oqus
2112 4373 2330 4429 bonum
2359 4371 2674 4427 subsecuta
2703 4373 2789 4426 est
2818 4368 2879 4437 (I
2904 4368 3052 4424 Tim.
3083 4383 3139 4436 ν,
3171 4370 3226 4440 9,
3260 4365 3365 4438 10).

1947 4481 2120 4550 Quod
2150 4480 2335 4537 vidua
2364 4495 2501 4552 quin
2545 4477 2626 4535 ob
2666 4481 2823 4534 recte
2850 4476 3015 4534 facta
3043 4475 3122 4534 ab
3151 4475 3440 4550 Apostolo
3473 4491 3595 4534 me-

2016 4576 2252 4630 morata
2280 4569 2526 4627 illustris
2554 4572 2645 4625 est
2690 4573 2747 4625 et
2785 4566 2970 4634 clara,
3018 4582 3280 4641 quasque
3330 4566 3411 4624 ad
3433 4566 3597 4625 ordi-

2017 4678 2158 4720 nem
2179 4677 2318 4718 vere
2339 4660 2664 4717 viduarum
2690 4658 2982 4733 pervenit,
3025 4658 3309 4732 precibus
3341 4662 3397 4715 et
3415 4657 3594 4715 obse-

2017 4752 2391 4811 crationibus
2420 4767 2560 4809 cum
2576 4749 2823 4824 jejuniis
2854 4755 3038 4808 noctu
3065 4748 3294 4824 diuque
3322 4746 3595 4804 insistere

2014 4844 2253 4902 debeat.

2617 4952 2817 5021 Caput
2838 4950 2920 5007 II.

2013 5063 2095 5118 Et
2131 5067 2264 5120 erat
2319 5061 2503 5117 Anna
2546 5058 2951 5131 prophetissa,
2999 5056 3135 5125 ﬁlia
3192 5052 3493 5119 Phanuel,
3520 5051 3595 5108 de

1944 5152 2107 5208 tribu
2131 5153 2285 5209 Aser
2306 5170 2326 5206 :
2349 5151 2475 5207 haec
2511 5153 2882 5220 processerat
2932 5147 2996 5201 in
3026 5143 3234 5201 diebus
3278 5141 3507 5209 multis,
3534 5147 3593 5199 et

1947 5242 2178 5299 vixerat
2206 5257 2340 5298 cum
2371 5242 2502 5298 viro
2535 5239 2712 5297 annis
2763 5242 2983 5306 septem
3010 5249 3049 5292 a
3073 5234 3426 5305 virginitate
3452 5247 3587 5290 sua.

2008 5560 2085 5632 (4)
2117 5560 2242 5633 Reg
2267 5559 2475 5618 tertius
2506 5558 2611 5612 ἀλλ’
2659 5561 2949 5633 ὡςπρέπει,
3004 5559 3110 5619 sed
3136 5560 3230 5617 uti
3282 5561 3585 5618 convenit.
