4112 6172
574 148 678 203 855
1940 141 1996 196 S.
2039 140 2285 198 BASlLll
2333 140 2553 199 MAGNI
3567 153 3573 159 ‘
3764 152 3854 206 855

573 269 653 324 Et
681 266 808 321 hac
828 263 1015 319 vidua
1052 279 1239 335 usque
1264 266 1351 321 ad
1380 280 1572 324 annos
1589 266 1896 337 octoginta
1915 272 2219 339 quatuor:

2356 267 2437 320 ιπό
2485 274 2575 328 τῆς
2612 267 2891 339 παρθενίας
2940 267 3122 330 αὐτῆς.
3178 269 3282 321 Καὶ
3317 265 3438 325 αὕτη
3474 271 3611 341 χήρα
3647 271 3709 332 ὡς
3755 271 3855 327 ἑτῶν

570 366 693 425 quas
717 366 838 406 non
867 352 1210 411 discedebat
1238 356 1314 412 de
1333 358 1573 427 templo,
1594 357 1851 427 jejuniis
1881 363 1935 413 et
1954 358 2225 415 obsecra-

2356 352 2951 429 ἰγδοηκοντατεσσάρων,
3002 354 3033 414 ἣ
3076 355 3170 409 ούκ
3218 353 3463 428 ἀφίστατο
3490 354 3583 409 ἀπὸ
3614 366 3698 411 τοῦ
3726 359 3857 434 ἱεροῦ,

568 438 829 497 tionibus
854 444 1125 501 serviens
1152 451 1326 502 nocte
1352 460 1426 502 ac
1453 446 1550 501 die
1572 446 1740 505 (Luc.
1782 462 1841 501 ιι.
1869 448 2226 517 36.37).Qua:

2356 450 2601 507 νηστείαις
2647 450 2735 499 καὶ
2785 442 3005 504 δεήσεσι
3049 444 3371 520 λατρεύουσα
3395 447 3546 497 νύκτα
3569 451 3649 500 καὶ
3675 449 3857 524 ἠμραν,

566 534 766 586 autem
794 545 931 588 vere
957 534 1144 591 vidua
1199 541 1282 591 est
1332 542 1385 592 et
1417 536 1710 602 desolata,
1744 546 1948 606 sperat
1985 541 2050 593 in
2086 540 2223 607 Deo,

2356 541 2502 590 ΙΡΟΣ
2540 541 2681 590 ΤΙΜ.
2732 533 2796 590 α’.
2849 534 2907 589 Ἡ
2958 531 3017 587 δε
3069 538 3224 597 ὅντως
3264 537 3412 608 χήρα
3456 538 3537 587 καὶ
3577 541 3861 609 μεμονωμένη

566 622 619 675 et
652 618 844 675 instat
901 621 1408 691 obsecrationibus
1463 630 1518 680 et
1560 628 1935 683 orationibus
1953 633 2128 685 nocte
2153 642 2226 684 ac

566 705 665 763 die
711 724 869 781 :quce
912 726 1051 768 vero
1104 712 1166 768 in
1221 712 1453 769 deliciis
1483 719 1588 782 est,
1638 716 1841 773 vivens
1877 723 2115 774 mortua
2143 719 2227 774 est

569 798 628 875 (ι
653 800 801 859 Tim.
835 817 891 873 γ,
919 804 1056 875 5,6).

2333 625 2545 684 ἤλπικεν
2576 624 2661 678 ἰπὶ
2697 629 2785 678 τόν
2816 628 2966 694 Θεὸν,
3012 630 3101 678 καὶ
3129 628 3404 700 προσμένει
3431 632 3536 687 ταῖς
3565 621 3761 684 δεήσεσι
3792 632 3865 679 καὶ

2333 722 2444 776 ταῖς
2487 722 2812 791 προσευχαῖς
2839 718 3022 779 νυκτὸς
3059 720 3150 768 καὶ
3178 715 3394 790 ἡμέρας
3424 715 3452 773 ἠ
3486 710 3541 768 δε
3568 713 3865 783 σπαταλῶσα,

2336 804 2486 867 ζῶσα
2521 806 2780 864 τέθνηκεν.

2972 900 3139 948 ΟΡΟΣ
3170 893 3286 950 ΟΕ·

2333 982 2454 1037 Ὀτι
2503 988 2614 1059 χρὴ
2655 988 2773 1047 τοὺς
2821 981 3038 1047 δούλους
3091 985 3370 1039 ὑπακούειν
3427 989 3530 1046 τοῖς
3566 985 3691 1036 κατὰ
3733 985 3878 1058 σάρκα

2406 1078 2606 1149 κυρίοις
2649 1074 2718 1135 εὶς
2764 1070 2922 1137 δόξαν
2979 1081 3112 1127 Θεοῦ
3142 1077 3270 1147 μετὰ
3307 1075 3479 1134 πάσης
3508 1072 3681 1125 εύνοίσ·
3715 1072 3757 1125 έν
3782 1069 3874 1125 οῖᾶν

2404 1160 2577 1222 έντολὴ
2619 1170 2752 1217 Θεοῦ
2781 1163 2841 1216 ού
2866 1162 3075 1222 λύηται.

1142 892 1422 949 REGULA
1454 894 1654 951 LXXV.

574 980 751 1047 Quod
793 984 1028 1054 oportet
1080 995 1289 1037 servos
1333 998 1473 1040 cum
1500 983 1670 1040 omni
1699 983 2124 1042 benevolentia
2145 986 2227 1044 ad

646 1070 744 1127 Dei
790 1069 1042 1141 gloriam
1096 1068 1223 1124 suis
1268 1070 1607 1129 secundum
1661 1088 1909 1129 carnem
1960 1073 2226 1132 dominis

647 1157 908 1221 obedire,
940 1156 1001 1212 in
1032 1157 1106 1213 iis
1138 1164 1319 1231 certe,
1347 1160 1411 1218 in
1449 1160 1674 1235 quibus
1716 1162 2077 1222 mandatum
2123 1163 2225 1224 Dei

644 1261 767 1305 non
797 1244 1065 1305 solvitur.

1245 1340 1445 1412 Caput
1485 1342 1538 1399 Ι.

2971 1343 3162 1416 Κεφάλ.
3220 1342 3285 1398 α’.

640 1428 833 1494 Servi,
856 1429 1087 1486 obedile
1105 1429 1363 1487 dominis
1392 1433 1744 1489 carnalibus
1773 1449 1909 1491 cum
1936 1434 2149 1493 timore
2167 1443 2226 1493 et

2406 1439 2574 1487 ΠΡΟΣ
2639 1439 2816 1489 ΕΦΕΣ,
2885 1435 2952 1487 Οἱ
3009 1430 3211 1501 δοῦλοι,
3282 1433 3566 1486 ὑπακούετε
3626 1437 3727 1492 τοῖς
3774 1432 3888 1483 κατὰ

568 1523 824 1574 tremore
847 1519 910 1573 in
940 1521 1329 1589 simplicitate
1348 1522 1547 1578 cordis
1573 1526 1934 1594 vestrgsicut
1956 1527 2220 1583 Christo:

2356 1527 2508 1599 νάρκα
2542 1529 2744 1597 κυρίοις
2792 1525 2923 1596 μετὰ
2971 1521 3147 1596 φόϐου¹
3179 1527 3269 1575 καὶ
3324 1527 3517 1597 τρόμου
3573 1524 3619 1574 ἓν
3669 1519 3891 1579 ἁπλότητι

567 1623 690 1663 non
709 1607 791 1664 ad
817 1610 1060 1666 oculum
1075 1612 1417 1676 servientes,
1438 1615 1615 1685 quasi
1634 1614 1973 1671 hominibus
1988 1618 2224 1685 placen-

2356 1611 2553 1688 εαρδίας
2572 1616 2736 1687 ὑμῶν,
2759 1614 2831 1676 ὡς
2847 1621 2922 1684 τῷ
2942 1620 3178 1687 Χριστῷ’
3202 1616 3273 1686 μὴ
3298 1612 3414 1665 κατ’
3435 1606 3891 1684 ὁφθαλμοδονλείιν,

569 1702 676 1766 tes,
692 1697 796 1755 sed
813 1704 877 1754 ut
898 1701 1059 1757 servi
1075 1700 1307 1757 Christi
1312 1703 1622 1771 ,facientes
1640 1707 2007 1763 voluntatem
2025 1708 2138 1765 Dei
2150 1723 2227 1765 ex

2356 1710 2397 1766 ος
2428 1703 2873 1780 ἀνθρωπάρεσκοι,
2906 1701 3015 1763 ὴλλ’
3055 1706 3121 1764 ὡς
3159 1698 3343 1756 δοῦλοι
3376 1709 3627 1777 Χριστοῦ,
3666 1707 3897 1758 ποιοῦντες

566 1788 789 1851 animo,
827 1804 960 1844 cum
981 1789 1381 1848 benevolentia
1401 1794 1748 1851 servientes.
1773 1796 1926 1850 sicut
1946 1796 2223 1865 Domino,

2356 1798 2389 1848 ’ὀ
2422 1796 2620 1865 θέλημα
2637 1800 2729 1846 τοῦ
2758 1800 2892 1848 Θεοῦ
2917 1791 2972 1845 ἐκ
2995 1792 3203 1864 ψυχῆς,
3225 1791 3336 1864 μετ’
3361 1791 3560 1854 εὐνοίας
3581 1786 3896 1855 δουλεύοντες,

568 1882 621 1934 et
661 1892 781 1934 non
812 1878 1146 1937 hominibus
1166 1890 1187 1937 .‘
1210 1884 1482 1953 scientes,
1509 1885 1792 1955 quoniam
1818 1889 2226 1958 unusquisque

2356 1889 2403 1946 bc
2437 1894 2508 1955 τῷ
2550 1890 2747 1959 Κυριῳ,
2773 1887 2864 1935 καὶ
2892 1882 2987 1935 οὑκ
3018 1880 3325 1956 ἀνθρώποις·
3355 1877 3574 1947 εἰδότες,
3604 1882 3681 1933 ὅτι
3709 1882 3901 1939 ἕκαστος

568 1966 968 2040 quodcunque
988 1969 1202 2039 fecerit
1226 1972 1466 2039 bonum,
1485 1973 1597 2029 hoc
1615 1975 1863 2045 recipiet
1893 1989 1930 2031 a
1950 1976 2223 2044 Domino,

2356 1997 2361 2023 ι
2388 1972 2474 2027 ἐὰν
2503 1978 2702 2045 ποιήσῃ
2733 1970 2949 2044 ἀγαθόν,
2974 1980 3127 2025 τοῦτο
3152 1978 3418 2044 κομιεῖται
3444 1972 3592 2044 παρὰ
3618 1976 3705 2022 τοῦ
3732 1972 3902 2041 Κυρίου

566 2057 690 2114 sive
718 2072 947 2123 servus,
972 2060 1096 2117 sive
1124 2060 1281 2117 liber
1300 2063 1541 2132 (Ephes.
1588 2079 1669 2131 γι,
1701 2068 1838 2127 5-8).
1877 2066 2228 2139 Quicunque

2358 2064 2435 2135 ὅ),
2469 2066 2568 2116 εἶτε
2597 2059 2803 2127 δοῦλος,
2837 2065 2936 2115 εῖτε
2972 2059 3253 2137 έλεύθερος.
3294 2066 3471 2115 ΠΡΟΣ
3508 2064 3651 2114 TIM.
3680 2056 3741 2112 α’.
3770 2054 3904 2110 Ὀσοί

566 2154 706 2204 sunt
730 2149 841 2205 sub
855 2151 1011 2221 jugo
1035 2154 1211 2222 servi,
1235 2152 1507 2209 dominos
1535 2169 1668 2210 suos
1700 2157 1865 2211 omni
1893 2156 2121 2214 honore
2140 2158 2227 2212 di-

2356 2153 2471 2206 ‘ic'w
2510 2154 2609 2205 ὑπὸ
2650 2152 2809 2223 ζυγόν
2840 2147 3041 2218 δοῦλοι,
3082 2154 3203 2211 τούς
3249 2145 3424 2212 ἰδίους
3465 2144 3725 2210 δεσπότας
3752 2147 3908 2206 πάσης

565 2254 717 2310 gnos
746 2239 1148 2306 arbitrentur,
1174 2257 1250 2298 ne
1282 2258 1497 2299 nomen
1532 2245 1638 2299 Dei
1664 2248 1719 2301 et
1747 2245 2030 2302 doctrina
2071 2247 2225 2303 blas-

2356 2251 2487 2316 ἰμῆς
2509 2239 2686 2304 ἀξίους
2705 2242 3057 2313 ἡγείσθωσαν,
3088 2241 3170 2292 ἶνα
3193 2244 3265 2312 μὴ
3291 2243 3353 2293 τὸ
3383 2244 3550 2312 ὄνομα
3571 2246 3662 2291 τοῦ
3687 2242 3809 2289 Θεοῦ
3831 2236 3908 2286 καὶ

562 2329 907 2398 phemetur,
940 2330 1055 2398 Qui
1088 2336 1288 2387 autem
1313 2332 1519 2400 ﬁdeles
1550 2332 1773 2389 habent
1805 2334 2225 2401 dominos,non

2356 2352 2364 2391 ι
2418 2327 2745 2385 διδασκαλία
2790 2328 3189 2403 βλασφημῆται.
3249 2330 3317 2381 Οἱ
3367 2324 3429 2381 δε
3477 2330 3697 2387 πιστούς
3733 2328 3913 2398 ἔχοντες

566 2424 973 2482 contemnant.
1041 2421 1183 2492 quia
1203 2420 1435 2490 fratres
1478 2427 1668 2479 sunt:
1714 2424 1819 2479 sed
1864 2426 2056 2494 magis
2102 2440 2222 2482 ser-

2356 2417 2611 2486 ito-«0mg,
2639 2424 2711 2493 μὴ
2743 2423 3249 2493 καταφρονείτωσαν,
3281 2419 3367 2472 ὅτι
3391 2413 3611 2489 ἀδελφοί
3631 2415 3775 2476 εἰσιν,
3801 2410 3915 2466 ἀλλὰ

571 2510 923 2583 viant,quia
943 2510 1152 2580 ﬁdeles
1178 2515 1317 2567 sunt
1338 2516 1393 2567 et
1422 2511 1649 2580 dilecti,
1673 2513 1781 2583 qui
1808 2513 2228 2585 beneﬁciipar-

2356 2509 2525 2563 ιὰλλον
2552 2505 2959 2576 δουλευέτωσαν,
2992 2510 3073 2561 ὃτι
3110 2512 3294 2561 πιστοί
3321 2507 3433 2561 εἰσι
3461 2510 3554 2560 καὶ
3581 2503 3853 2578 ἀγαπητοὶ,
3877 2501 3921 2553 οἱ

575 2600 783 2669 ticipes
813 2606 955 2656 sunt
982 2601 1035 2670 (ι
1068 2601 1217 2656 Tim.
1247 2616 1334 2659 vx,
1369 2603 1499 2668 1,2).
1530 2600 1735 2657 Servos
1790 2601 2048 2659 dominis
2101 2607 2229 2660 suis

2356 2608 2434 2662 ri};
2464 2599 2761 2675 εὐεργεσίας
2792 2596 3309 2671 ἀντιλαμϐανόμενοι.
3354 2603 3531 2652 ΠΡΟΣ
3568 2601 3698 2650 ΤΙΤ.
3725 2591 3922 2651 Δούλους

573 2687 839 2743 subditos
871 2703 1009 2754 esse,
1033 2690 1096 2744 in
1122 2690 1392 2759 omnibus
1416 2690 1742 2760 placentes,
1771 2706 1892 2748 non
1922 2694 2229 2750 contradi-

2356 2686 2500 2753 ζδίοις
2540 2686 2827 2751 δεσπόταις
2856 2690 3277 2753 ὑποτάσσεσθαι,
3322 2691 3375 2742 ἓν
3425 2693 3594 2740 πᾶσιν
3642 2685 3929 2758 εὐαρέστους

573 2784 789 2840 centes.
819 2794 939 2835 non
972 2780 1360 2849 fraudantes,
1389 2782 1495 2838 sed
1529 2797 1759 2839 omnem
1785 2783 1961 2851 fidem
2015 2784 2231 2843 bonam

2356 2780 2492 2847 simi,
2520 2783 2592 2851 μὴ
2635 2777 3011 2851 ἀντιλέγοντας,
3043 2782 3114 2851 μή
3147 2777 3591 2852 νοσφιζομένους,
3625 2773 3749 2827 ἀλλὰ
3775 2777 3931 2825 πᾶσαν

576 2869 991 2941 ostendentes;
1022 2877 1086 2927 ut
1114 2871 1454 2929 doctrinam
1512 2872 1854 2930 Saluatoris
1902 2875 2100 2932 nostri
2124 2875 2237 2932 Dei

2356 2874 2523 2921 πίστιν
2567 2864 3017 2942 ἐπιδεικνυμένους
3066 2867 3288 2940 ἀγαθήν·
3342 2868 3431 2920 ἵνα
3474 2870 3570 2926 τήν
3604 2860 3933 2917 διδασκαλίαν

574 2966 790 3017 ornent
822 2960 890 3017 in
911 2960 1183 3016 omnibus
1208 2962 1340 3032 (Tit.
1381 2977 1439 3028 ιι,
1468 2965 1521 3031 9,
1558 2965 1667 3033 10).

2356 2966 2438 3011 τοῦ
2470 2966 2703 3034 Σωτῆρος
2731 2959 2877 3032 ἡμῶν
2918 2964 3051 3010 Θεοῦ
3090 2965 3365 3032 κοσμῶσιν
3397 2955 3448 3009 έν
3489 2961 3678 3012 πᾶσιν.

584 3048 756 3122 311
786 3049 960 3116 Quod
983 3055 1220 3123 oportet
1274 3050 1693 3125 dominos,qui
1740 3068 2046 3111 memores
2098 3058 2237 3112 sunt

2356 3047 2485 3116 Ὀτι,
2519 3044 2605 3101 δεῖ
2648 3052 2769 3110 τούς
2819 3066 3029 3121 κυριους
3098 3050 3523 3122 μνημονεύοντας
3570 3052 3664 3099 τοῦ
3716 3041 3939 3101 ἀληθινοῦ

651 3138 774 3194 veri
797 3138 1050 3206 Domini,
1080 3155 1270 3213 quam
1298 3155 1552 3213 operam
1576 3142 1723 3214 ipsis
1753 3141 2030 3200 dederint
2056 3142 2235 3208 servi,

2419 3143 2636 3211 Κυριου,
2687 3132 2753 3189 ὧν
2802 3135 2862 3189 ἃν
2912 3135 3255 3189 ἀπολαύσωσι
3294 3139 3381 3209 (6)
3421 3138 3575 3212 παρὰ
3611 3143 3712 3188 τῶν
3743 3129 3942 3192 δούλων,

654 3243 791 3284 eam
847 3244 1092 3302 quoque
1146 3230 1335 3285 servis
1397 3245 1508 3303 pro
1557 3232 1787 3287 viribus
1831 3231 2121 3304 praebere,
2173 3232 2238 3289 in

2416 3233 2585 3279 ταῦτα
2628 3232 2718 3279 καὶ
2764 3233 2928 3279 ποιεῖν
2980 3225 3161 3287 αὑτοῖς
3205 3229 3345 3279 κατὰ
3403 3222 3658 3299 δύναμιν,
3719 3220 3766 3274 έν
3820 3216 3942 3293 φόϐῳ

657 3318 760 3375 Dei
790 3318 1004 3374 timore
1034 3323 1091 3375 et
1119 3320 1586 3379 mansuetudine
1616 3337 1762 3393 erga
1791 3321 1979 3396 ipsos,
2005 3323 2085 3379 ad
2131 3324 2239 3379 Do-

2418 3320 2546 3369 Θεοῦ
2597 3321 2688 3369 καὶ
2729 3314 2978 3389 ἐπιεικείᾳ
3024 3323 3085 3388 τῇ
3134 3318 3263 3390 πρὸς
3312 3315 3537 3383 αὐτούς,
3580 3315 3718 3367 κατὰ
3740 3314 3946 3385 μίμησιν

665 3408 815 3465 mini
840 3409 1213 3484 exemplum.

2418 3412 2510 3459 τοῦ
2544 3410 2761 3480 Κυρίου.
3118 3476 3147 3487 Α
3240 3474 3281 3487 Ν

2991 3476 3179 3550 Κεφάλ.

2422 3574 2740 3622 ΙΩΑΝΝΗΣ.
2798 3563 2969 3629 Εἰδὼς
2993 3568 3020 3619 ὁ
3050 3566 3278 3632 Ἰησοῦς,
3313 3568 3398 3619 ὅτε
3436 3568 3617 3620 πάντα
3644 3560 3864 3619 δέδωκεν
3887 3558 3953 3628 (7)

2352 3658 2492 3729 αὑτῷ
2523 3659 2550 3710 ό
2581 3662 2762 3733 Πατήρ
2790 3657 2862 3719 εἰς
2881 3660 2971 3718 τὰς
2989 3664 3198 3730 χεῖρας,
3228 3660 3321 3710 καὶ
3351 3658 3440 3710 ὅτι
3468 3653 3576 3708 ἀπὸ
3608 3659 3746 3708 Θεοῦ
3776 3647 3956 3714 ἕξῆλθε,

2352 3752 2442 3801 καὶ
2481 3751 2613 3823 πρὸς
2653 3750 2741 3800 τὸν
2785 3750 2914 3800 Θεὸν
2955 3747 3166 3817 ὑπάγει,
3199 3743 3461 3821 ἐγείρεται
3518 3742 3576 3797 ix
3606 3750 3701 3795 τοῦ
3742 3737 3957 3799 δείπνου,

2352 3843 2443 3891 καὶ⁵
2469 3838 2652 3897 τίθησι
2702 3839 2769 3889 τὰ
2818 3838 3004 3909 ἱμάτια
3047 3834 3209 3887 αὑτοῦ
3257 3835 3366 3906 (8),
3417 3840 3515 3887 καὶ
3553 3830 3728 3886 λαϐὼν
3765 3828 3960 3890 λέντιον,

1256 3500 1456 3571 Caput
1478 3500 1559 3559 ΙΙ.

657 3589 863 3648 Sciens
884 3590 1078 3660 Jesus,
1109 3591 1254 3663 quia
1305 3593 1508 3649 omnia
1544 3591 1709 3649 dedit
1734 3593 1791 3650 ei
1817 3593 2003 3651 Pater
2031 3596 2095 3651 in
2118 3609 2244 3652 ma—

586 3696 701 3738 nus
726 3687 782 3738 et
800 3683 943 3754 quia
964 3697 1002 3738 a
1031 3682 1151 3739 Deo
1172 3683 1375 3752 exivit,
1405 3689 1460 3739 et
1485 3683 1569 3739 ad
1615 3684 1802 3740 Deum
1836 3684 2022 3752 vadit,
2045 3686 2243 3757 surgit

588 3785 627 3828 a
647 3786 836 3841 caena,
867 3777 921 3828 et
970 3774 1141 3839 ponit
1172 3773 1524 3828 vestimenta
1544 3786 1654 3828 sua
1673 3787 1698 3828 .°
1716 3778 1772 3829 et
1814 3787 1949 3828 cum
1980 3776 2242 3843 accepis-

584 3868 673 3918 set
703 3863 972 3927 linteum,
1000 3862 1329 3930 praecinxit
1357 3874 1437 3917 se.
1461 3862 1690 3918 Deinde
1717 3863 1902 3918 mittit
1934 3877 2155 3934 aquam
2178 3867 2242 3920 in

585 3952 832 4022 pelvim,
863 3956 917 4008 et
943 3953 1116 4020 capit
1147 3951 1353 4006 lavare
1368 3950 1546 4019 pedes
1575 3951 2035 4022 discipulorum,
2057 3960 2112 4011 et
2143 3969 2247 4011 ex-

593 4046 822 4113 tergere
842 4042 1043 4104 linteo,
1068 4055 1184 4111 quo
1205 4045 1336 4095 erat
1365 4041 1729 4109 prxcinctus
1758 4041 1951 4113 (Joan.
1976 4046 2237 4115 xm.3-5).

589 4133 656 4188 Et
684 4129 870 4204 paulo
899 4134 1041 4201 post
1070 4145 1084 4184 :
1120 4129 1227 4185 Vos
1258 4135 1476 4186 vocatis
1504 4145 1617 4197 me,
1649 4131 1937 4201 Magister
1958 4138 2012 4190 et
2047 4133 2248 4190 Domi-

592 4234 688 4288 ne,
710 4225 766 4276 et
798 4218 940 4276 bene
960 4219 1195 4276 dicitis:
1221 4234 1350 4276 sum
1376 4221 1611 4277 etenim.
1634 4221 1705 4278 Si
1727 4236 1861 4293 ergo
1884 4237 1988 4293 ego
2013 4224 2133 4280 lavi
2146 4238 2246 4295 pe«

593 4309 695 4365 des
726 4314 948 4365 vestros
978 4311 1262 4366 Dominus
1282 4316 1338 4367 et
1357 4310 1664 4381 Magister,
1697 4317 1753 4368 et
1782 4327 1884 4368 vos
1906 4312 2125 4370 debetis
2153 4315 2247 4371 al-
2276 4345 2321 4399 ο

2355 3923 2605 3987 διέζωοεν
2653 3925 2850 3997 ἑαυτὸν.
2893 3921 3021 3978 Εἶτα
3059 3922 3241 3997 βάλλει
3278 3920 3435 3999 ὕδωρ
3471 3923 3549 3987 εἰς
3598 3925 3690 3975 τὸν
3735 3925 3965 3989 νιπτῆρα,

2353 4020 2444 4069 καὶ
2497 4015 2690 4090 ἤρξατο
2743 4019 2939 4068 νίπτειν
2994 4017 3116 4077 τούς
3172 4009 3347 4077 πόδας
3389 4022 3500 4066 τῶν
3558 4014 3835 4087 μαθητῶν,
3886 4007 3968 4057 καὶ

2355 4104 2638 4178 ἐκμάσσειν
2668 4112 2741 4176 τῷ
2769 4103 2946 4177 λεντίῳ
2976 4105 3016 4175 ᾧ
3039 4105 3101 4162 ἧν
3128 4099 3162 4156 δ
3166 4104 3517 4177 ιεζωσμένος.
3541 4109 3650 4158 Καὶ
3673 4100 3785 4176 μετ’
3811 4098 3968 4168 ὀλίγα·

2354 4194 2518 4269 Ὑμεῖς
2576 4198 2781 4268 φωνεῖτέ
2845 4213 2930 4267 με,
2987 4195 3014 4246 ὁ
3077 4189 3441 4264 διδάσκαλος,
3506 4198 3604 4247 καὶ
3676 4194 3703 4245 ὁ
3772 4190 3970 4263 Κύριος,

2358 4291 2448 4338 καὶ
2477 4283 2645 4346 καλῶς
2671 4283 2857 4356 λέγετε·
2883 4283 2988 4357 εἰμί
3008 4286 3133 4359 γὰρ.
3156 4283 3217 4337 Εἰ
3244 4280 3334 4336 οὖν
3367 4282 3476 4356 έγὼ
3509 4283 3675 4355 ἔνιψα
3700 4284 3840 4355 ὑμῶν
3864 4278 3972 4336 τοὺς

596 4408 687 4454 ter
713 4398 968 4455 alterius
990 4400 1200 4457 lavare
1217 4401 1411 4470 pedes.
1438 4400 1796 4471 Exemplum
1818 4402 1974 4458 enim
1990 4402 2134 4459 dedi
2151 4419 2250 4461 vo-

596 4486 702 4550 bis,
730 4492 795 4541 ut
822 4488 1320 4559 quemadmodum
1338 4489 1460 4558 feci
1489 4490 1651 4546 vobis
1676 4491 1764 4546 ita
1788 4495 1847 4547 et
1881 4505 1981 4546 vos
2001 4492 2248 4561 faciatis

597 4575 765 4645 (ibid.
802 4578 1003 4646 13-15).
1027 4578 1271 4634 Domini
1291 4578 1496 4635 eadem
1523 4580 1712 4648 facite
1727 4580 1855 4635 illis
1880 4581 2249 4639 remittentes

596 4666 1103 4724 minas:scienles
1156 4682 1300 4738 quia
1357 4673 1413 4723 et
1444 4672 1637 4724 vester
1662 4669 1930 4736 ipsorum
1957 4669 2249 4726 Dominus

597 4761 681 4813 est
703 4756 765 4812 in
796 4757 1043 4824 ctelis,et
1089 4769 1489 4825 personarum
1530 4758 1797 4826 acceptio
1823 4771 1941 4812 non
1973 4762 2056 4813 est
2085 4758 2250 4827 apud

598 4859 729 4904 eum
754 4845 1004 4917 (Ephes.
1025 4861 1105 4904 γι.
1139 4847 1195 4916 9)

1273 4906 1299 4931 Ι

670 5175 751 5241 (5)
780 5176 926 5244 Reg.
969 5172 1205 5246 primus
1241 5177 1501 5245 κομιεῖται
1528 5172 1672 5245 παρὰ
1700 5177 1793 5223 τοῦ
1823 5174 1971 5238 Θεοῦ,
1998 5171 2247 5241 recipiet

596 5266 634 5308 α
664 5247 937 5385 ἔξοιῖθαίί
969 5315 1199 5389 primus
1226 5321 1281 5371 et
1318 5314 1519 5389 tertius
1541 5315 1607 5366 ὧν
1646 5313 1706 5366 ἂν
1737 5311 2027 5371 ἀπολύωσι.

774 5389 912 5466 Erg.
949 5384 1150 5466 tertius
1176 5384 1581 5466 «iuratiita-av.

670 5458 743 5530 (8)
777 5458 897 5513 Vox
922 5458 1081 5512 αὑτοῦ
1102 5460 1163 5515 in
1189 5459 1408 5514 nostris
1430 5476 1582 5516 mss.
1607 5474 1728 5517 non
1753 5458 2071 5517 invenitur.
2114 5461 2240 5516 Mox

2358 4372 2525 4438 πόδας
2562 4377 2588 4429 ὀ
2622 4378 2810 4449 Κύριος
2858 4380 2947 4429 καὶ
2976 4376 3002 4427 ό
3043 4370 3397 4445 διδάσκαλος,
3443 4380 3543 4429 καὶ
3583 4377 3738 4447 ὑμεῖς
3767 4368 3973 4444 ὀφείλετε

2357 4464 2585 4525 ἀλλήλων
2631 4470 2821 4518 νίπτειν
2865 4467 2982 4526 τοῦς
3018 4460 3203 4525 πόδας.
3245 4461 3591 4538 ’Υπόδειγμα
3641 4467 3748 4536 γὰρ
3780 4455 3977 4515 δέδωκα

2356 4557 2499 4629 ὑμῖν,
2530 4557 2632 4626 ἱνα,
2665 4556 2839 4618 καθὼς
2864 4553 3092 4613 έποίησα
3112 4556 3255 4627 ὑμῖν,
3278 4558 3373 4606 καὶ
3402 4556 3560 4627 ὑμεῖς
3581 4556 3792 4612 ποιήτε.
3819 4551 3973 4603 ΠΡΟΣ

2355 4650 2534 4699 ΕΦΕΣ.
2597 4647 2664 4697 Οἱ
2720 4647 2913 4720 κύριοι,
2978 4646 3043 4696 τὰ
3108 4646 3245 4696 αυτὰ
3297 4652 3512 4697 ποιεῖτε
3582 4646 3717 4720 πρὸς
3784 4638 3975 4701 αὐτοὺς,

2357 4732 2572 4795 ἀνιέντες
2614 4738 2703 4793 τὴν
2734 4730 2968 4793 ἀπειλήν·
3003 4729 3218 4802 εἰδότες,
3249 4733 3330 4786 ὅτι
3362 4738 3463 4786 καὶ
3515 4736 3669 4807 ὑμῶν
3700 4731 3870 4785 αὐτῶν
3907 4728 3976 4797 (9)

2358 4827 2551 4900 Κύριός
2581 4823 2724 4878 ἐστιν
2755 4823 2803 4878 έν
2835 4824 3093 4901 οὐρανοῖς,
3143 4827 3232 4876 καὶ
3262 4822 3719 4898 προσωποληψία
3756 4820 3853 4876 οὑκ
3879 4819 3980 4872 im

2353 4915 2477 4992 παρ’
2519 4915 2680 4989 αὑτῷ.

2353 5173 2609 5236 utraque
2640 5166 2822 5224 editio
2865 5171 2922 5222 et
2970 5167 3108 5236 Reg.
3143 5162 3463 5220 secundus
3506 5160 3774 5226 διεξωσεν
3814 5158 3979 5212 αὑτὸν.

2353 5185 2609 5296 utrague
2640 5185 2822 5224 emno
2865 5185 2922 5222 et
2971 5185 3024 5220 ιιι

2351 5242 2459 5298 Alii
2540 5257 2615 5295 no
2646 5256 2792 5295 mss.
2826 5239 3024 5293 ἑαυτὸν.

2424 5314 2500 5380 (9)
2532 5312 2719 5368 Editio
2752 5312 2932 5367 Paris.
2965 5313 3046 5362 ὅτι
3067 5313 3158 5362 καὶ
3187 5310 3329 5380 ὑμῶν
3350 5312 3452 5360 καὶ
3476 5308 3682 5377 αὐτῶν,
3714 5313 3771 5364 et
3798 5308 3983 5361 vester

2350 5393 2404 5442 et
2426 5389 2674 5443 illorum
2699 5385 3000 5438 Dominus.
3019 5382 3207 5436 Editio
3228 5382 3369 5434 Ven.
3387 5389 3450 5433 et
3469 5382 3672 5435 nostri
3698 5391 3817 5434 tres
3841 5388 3979 5430 mss.

2350 5460 2427 5511 ὅτι
2451 5463 2540 5511 καὶ
2566 5458 2706 5532 ὑμῶν
2733 5455 2919 5511 αὑτῶν.
2963 5452 3190 5511 Ibidem
3218 5452 3364 5521 Reg.
3403 5467 3660 5526 prunus
3687 5450 3739 5504 έν
3764 5448 3977 5527 οὐρανῷ.
