4112 6172
209 273 312 327 865

1728 252 2042 311 MORALIA

3456 273 3565 330 866

209 413 309 456 vo;,
367 397 476 452 τοῖς
547 385 607 442 δὲ
661 386 951 461 ἔμπροσθεν
1008 380 1435 452 ἓπεκτεινομενος,
1489 397 1626 430 κατα
1676 395 1806 431 σκο-

1962 393 2054 435 uae
2068 385 2209 435 sunt
2231 381 2440 451 priora
2461 384 2784 440 extendens
2805 385 3114 456 meipsum,
3128 391 3318 460 juxta
3333 407 3577 462 scopum

211 490 305 538 πὸν
349 479 530 535 διώκω
560 478 646 532 ἰπὶ
696 481 756 530 τὸ
797 473 1040 550 βραϐεῖον
1084 479 1180 534 τῆς
1231 472 1336 522 οῖνω
1390 468 1623 531 κλήσεως
1679 475 1813 522 Θεοῦ

214 577 262 627 iv
317 578 537 646 Χριστῷ
583 569 781 625 Ἰησοῦ.
829 564 986 617 Ὀσοι
1033 559 1121 615 οὖν
1167 561 1370 625 τέλειοι,
1424 567 1576 611 τοῦτο
1623 566 1815 631 φρονῶ-

211 683 321 737 μεν⁹
383 665 476 713 καὶ
534 662 578 711 εἶ
632 678 685 710 τι
736 655 915 729 ἑτέρως
970 658 1217 727 φρονεῖτε,
1273 655 1362 702 καὶ
1413 655 1564 701 τοῦτο
1609 647 1634 698 ὁ
1684 649 1813 708 Θεὸς

211 734 331 826 ύμῖν
379 747 728 818 ἀποκαλύψει.
785 745 924 803 Πλὴν
981 741 1053 804 εἰς
1105 740 1130 793 ὃ
1184 738 1475 812 ἐφθάσαμεν
1538 744 1609 806 τῷ
1673 734 1812 806 αύτῷ

218 824 454 914 στοιχεῖν
508 842 706 897 κανόνι.
764 837 822 888 τὸ
876 832 1002 886 αὐτὸ
1060 836 1270 906 φρωνεῖν
1326 833 1493 881 ΠΡΟΣ
1543 831 1685 879 ΤΙΜ.
1746 824 1809 876 α’.

214 935 385 994 Τύπος
442 934 592 1001 γίνου
649 934 747 979 τῶν
779 985 782 987 ἓ
813 931 1012 976 πιστῶν
1074 919 1121 972 iv
1174 920 1331 991 λόγῳ,
1384 916 1431 969 iv
1487 915 1810 989 ἀναστροφῇ,

217 1022 264 1075 iv
577 1016 626 1070 iv
676 1033 872 1080 πιστει,
929 1015 978 1064 iv
1043 1012 1242 1082 ἁγνείᾳ.
1294 1013 1460 1061 ΠΡΟΣ
1513 1011 1654 1059 ΤΙΜ.

216 1108 526 1166 Σπούδασον
595 1108 807 1160 σεαυτὸν
858 1099 1076 1174 δόκιμον
1128 1106 1471 1173 παραστῆσαι
1539 1103 1610 1165 τῷ
1668 1101 1807 1164 Θεῷ’

217 1202 444 1275 ἐργάτην
492 1197 932 1268 ἀνεπαίσχυντον,
979 1191 1364 1266 ὀρθοτομοῦντα
1408 1190 1495 1255 τον
1533 1184 1682 1256 λόγον
1723 1191 1818 1244 τῆς

217 1290 480 1348 ἀληθείας.

213 1402 303 1463 Ὠς
333 1398 599 1473 ὀφθαλμὸν
629 1396 676 1448 iv
717 1399 943 1468 σώματι,
977 1388 1339 1464 διακριτικοὺς
1363 1389 1452 1460 μὲν
1483 1394 1581 1438 τῶν
1611 1385 1819 1455 ἀγαθῶν

288 1496 380 1542 καὶ
430 1497 529 1540 τῶν
587 1483 810 1558 φαύλων,
883 1481 1291 1538 κατευθύνοντας
1344 1473 1402 1528 δε
1432 1478 1500 1528 τὰ
1551 1473 1676 1547 με’λη
1727 1479 1818 1524 τοῦ

289 1585 550 1654 Χριστοῦ,
571 1578 697 1649 πρὸς
725 1575 792 1625 τὰ
821 1571 1021 1639 ἑκάστῳ
1046 1567 1403 1622 ἐπιϐάλλοντα.

866 1677 1037 1746 Κεφάλ
1049 1720 1062 1734 .
1109 1676 1183 1732 ιε’.

289 1799 655 1850 ΜΑΤΘΔΙΟΣ.
683 1793 742 1846 ⁴Ο
760 1792 951 1863 λύχνος
971 1796 1062 1842 τοῦ
1097 1791 1334 1861 σώματος
1371 1783 1513 1837 ἑστιν
1555 1783 1582 1834 ὀ
1627 1779 1822 1852 ὀφθαλ-

217 1891 346 1960 μοςο
400 1884 486 1937 ἰὰν
512 1879 660 1955 οὗκῇ
696 1885 722 1934 ὁ
743 1881 1006 1954 ὀφθαλμός
1056 1897 1150 1931 σου
1183 1875 1400 1945 ἁπλοῦς,
1433 1873 1546 1926 ὅλον
1575 1875 1634 1929 τὸ
1672 1871 1826 1942 σῶμά

221 1996 320 2030 σου
342 1978 583 2048 φωτεινόν
611 1975 787 2028 ἔσται.

215 2101 305 2162 Ὠς
335 2104 579 2174 ποιμένας
608 2099 723 2170 (30)
761 2096 1032 2172 προϐάτων
1063 2099 1318 2168 Χριστοῦ,
1351 2085 1490 2164 μηδε
1519 2091 1614 2146 τὴν
1637 2086 1824 2157 ψυχὴν

295 2193 426 2266 ὑπὲρ
456 2190 626 2243 αὐτῶν
659 2191 821 2242 θεῖναι
850 2187 900 2241 iv
943 2193 1108 2261 καιρῷ
1181 2183 1644 2257 παραιτουμένους,
1695 2177 1822 2247 ὑπερ

298 2288 390 2333 τοῦ
421 2276 741 2353 μεταδοῦναι
760 2278 940 2340 αὐτοῖς
956 2280 1014 2330 τὸ
1046 2272 1358 2347 Εύαγγίλιον
1387 2277 1478 2323 τοῦ
1506 2273 1661 2322 Θεοῦ.

873 2385 1063 2458 Κεφάλ.
1096 2381 1184 2448 ις’.

312 2505 715 2566 ΙΩΑΝΝΒΣ.Ὀ
772 2507 966 2576 ποιμὴν
1015 2505 1041 2556 ὁ
1070 2499 1226 2560 καλὸς
1283 2516 1376 2554 την
1425 2494 1612 2566 ψυχὴν
1666 2490 1826 2543 αύτοῦ

227 2604 444 2661 τίθησιν
469 2602 596 2674 ὑπὲρ
628 2605 728 2650 τῶν
757 2593 1050 2669 προϐάτων.
1079 2591 1377 2644 ΠΡΑΞΕῙΣ.
1413 2587 1711 2658 Προσέχετε
1741 2576 1828 2633 οὖν

225 2693 437 2752 ἑαυτοῖς
461 2695 551 2742 καὶ
580 2691 736 2741 παντὶ
761 2693 834 2755 τῷ
864 2686 1108 2755 ποιμνίῳ,
1143 2678 1191 2731 iv
1289 2677 1425 2748 ὑμᾶς
1453 2677 1509 2726 τὸ
1538 2679 1748 2745 Πνεῦμα
1771 2674 1828 2722 τὸ

218 2783 380 2854 ἅγιον
414 2782 554 2834 ἔθετο
584 2777 924 2840 ἐπισκόπους,
971 2774 1262 2844 ποιμαίνειν
1291 2770 1382 2824 τὴν
1413 2762 1708 2820 Εκκλησιαν
1738 2767 1830 2813 τοῦ

219 2877 393 2929 Θεοῦ.

219 2997 315 3050 '0;
363 2989 594 3060 ἰατρούς,
653 2983 702 3036 iv
760 2980 917 3054 πολλῇ
979 2976 1346 3049 εὐσπλαγχνιᾳ
1368 2972 1483 3025 κατ’
1538 2969 1833 3042 ἐπιστήμην

302 3087 396 3138 τῆς
424 3084 514 3130 τοῦ
565 3079 761 3148 Κυρίου
803 3067 1156 3128 διδασκαλίας
1178 3067 1550 3139 θεραπεύοντας
1595 3062 1663 3114 τὰ
1690 3060 1832 3116 πάθη
1863 3074 1905 3127 C

305 3175 408 3220 τῶν
445 3165 658 3236 ψυχῶν,
701 3162 769 3222 εἰς
814 3163 1152 3234 περιποίησιν
1198 3163 1293 3216 τῆς
1341 3152 1388 3205 iv
1420 3158 1632 3227 Χριστῷ
1661 3151 1838 3220 ὑγείας

304 3260 397 3308 καὶ
433 3251 468 3307 δ
473 3261 656 3326 ιαμονῆ
667 3273 712 3314 ς.

886 3355 1074 3430 Κεφάλ.
1110 3355 1196 3416 ιζ’.

311 3475 691 3528 ἈΙΛΤΘΑΙΟΣ.
770 3467 846 3519 Ού
911 3468 1097 3539 χρείαν
1154 3464 1373 3533 ἔχουσιν
1453 3459 1501 3509 οἱ
1565 3455 1840 3527 ἰσχύοντες

233 3570 445 3636 ἰατροῦ,
478 3559 582 3612 ἀλλ’
632 3561 681 3610 οἱ
731 3564 904 3616 κακῶς
953 3556 1186 3626 ἔχοντες.
1254 3555 1422 3603 ΠΡΟΣ
1451 3551 1610 3600 ΡΩΜ.
1656 3543 1838 3636 :09“;-

232 3628 391 3726 λομεν
413 3628 473 3704 δε
501 3653 652 3722 ἡμεῖς
677 3649 727 3699 οἱ
774 3642 991 3699 δυνατοὶ
1029 3645 1096 3694 τὰ
1126 3639 1466 3712 ἀσθενήματα
1506 3643 1606 3688 τῶν
1647 3628 1841 3684 ἁδυνοὶ-

235 3763 341 3797 των
373 3741 684 3815 βαστάζειν.

232 3890 328 3949 Ὡς
383 3905 611 3958 πατερας
667 3903 757 3936 και
826 3883 1042 3956 τροφούς
1099 3872 1248 3929 ίδιων
1299 3877 1502 3938 τέκνων,
1563 3866 1612 3920 iv
1676 3864 1836 3937 πολλῇ

314 3975 546 4032 διαθέσει
579 3985 675 4036 τῆς
716 3973 763 4024 iv
792 3977 1006 4046 Χριστῷ
1047 3966 1256 4038 ἀγάπης
1304 3959 1644 4018 εύδοκοῦντας
1690 3973 1839 4029 μετα-

313 4065 499 4121 δοῦναι
537 4066 717 4126 ούταῖς
746 4064 804 4114 ού
837 4065 989 4133 μόνον
1019 4061 1074 4110 τὸ
1106 4052 1415 4126 Εὑαγγελιον
1437 4058 1529 4104 τοῦ
1555 4053 1684 4102 Θεοῦ
1717 4043 1844 4097 ἀλλὰ

311 4163 403 4210 καὶ
433 4159 520 4217 τὰς
549 4155 744 4208 ἑαυτῶν
764 4151 970 4224 ψυχάς.

794 4403 801 4408 .
880 4345 1069 4420 Κεγάλ.
1120 4341 1205 4401 ιη’.

1916 483 2244 541 persequor
2295 472 2375 526 ad
2405 473 2678 530 bravium
2709 491 2987 532 sunernae
3017 481 3341 536 vocationis
3379 483 3490 539 Dei
3517 487 3579 542 in

1924 558 2161 617 Christo
2191 563 2350 618 Jesu.
2387 563 2736 636 Quicunque
2765 580 2908 636 ergo
2926 569 3189 637 perfecti
3215 587 3445 641 sumus,
3470 575 3581 632 hoc

1920 653 2283 707 sentiamus:
2328 658 2382 708 et
2412 655 2467 708 si
2488 655 2636 725 quid
2678 645 2859 712 aliter
2895 661 3130 727 sapitis,
3180 668 3235 717 et
3282 663 3396 720 hoc
3419 666 3582 722 vobis

1920 741 2075 796 Deus
2106 742 2414 798 revelabit.
2455 745 2870 802 Verumtamen
2897 747 2980 803 ad
2993 751 3150 819 quod
3168 755 3582 827 pervenimus,

1918 827 2000 884 ad
2025 831 2088 886 id
2112 830 2313 888 eadem
2343 835 2556 904 regula
2576 836 3061 905 procedamus,ut
3083 840 3235 896 idem
3261 852 3584 904 sentiamus

1922 919 2221 990 (Philipp.
2249 939 2324 986 Ill,
2361 926 2604 992 13-16)...
2660 925 3019 994 Exemplum
3059 935 3178 985 esto
3220 933 3490 1000 ﬁdelium
3516 937 3581 992 in

1921 1008 2119 1069 verbo,
2154 1011 2211 1064 in
2255 1016 2726 1083 conversatione,
2776 1016 2837 1070 in
2879 1016 3194 1091 charitate,
3235 1023 3297 1077 in
3335 1024 3476 1091 ﬁde.
3519 1042 3580 1082 ιη

1922 1100 2201 1154 castitate
2239 1100 2295 1170 (Ι
2330 1102 2475 1157 Tim.
2500 1119 2574 1169 IV,
2609 1107 2714 1167 t2).
2755 1106 2940 1162 Stude
2966 1109 3216 1176 teipsum
3254 1115 3576 1179 probatum

1924 1186 2199 1244 exhibere
2229 1189 2367 1252 Deo,
2397 1194 2739 1259 operarium
2768 1211 2887 1251 non
2918 1197 3401 1274 erubescendum,
3424 1212 3584 1272 recte

1924 1281 2250 1332 sectantem
2279 1293 2610 1335 sermonem
2670 1285 2940 1340 veritatis
2991 1286 3072 1350 (II
3104 1289 3322 1361 Tim.n,
3360 1293 3470 1363 15).

1929 1381 2115 1437 Veluti
2146 1381 2388 1438 oculum
2431 1385 2492 1440 in
2525 1401 2796 1458 corpore,
2830 1390 2935 1460 qui
2980 1393 3217 1462 possint
3246 1395 3584 1458 discernere

2001 1471 2179 1543 316
2207 1471 2371 1530 bona
2399 1481 2456 1531 et
2484 1475 2664 1544 mala,
2699 1485 2756 1534 et
2785 1478 3040 1550 dirigere
3067 1486 3346 1544 membra
3367 1489 3586 1549 Christi

2001 1561 2081 1617 ad
2107 1578 2180 1618 ea
2209 1579 2345 1636 quae
2369 1565 2691 1639 unicuique
2721 1580 3083 1640 congruunt.

2575 1675 2774 1743 Caput
2811 1679 2943 1734 XV.

2004 1779 2278 1836 Lucerna
2329 1784 2599 1852 corporis
2637 1791 2723 1840 est
2769 1789 3016 1844 oculus:
3049 1792 3103 1846 si
3141 1793 3335 1864 igitur
3377 1801 3586 1859 oculus

1935 1873 2072 1924 tuus
2117 1871 2192 1924 sit
2239 1871 2514 1941 simplex,
2570 1880 2759 1932 totum
2817 1893 3035 1949 corpus
3088 1888 3256 1941 tuum
3317 1888 3587 1950 lucidum

1934 1965 2044 2014 erit
2074 1959 2316 2029 (Matth.
2348 1977 2426 2030 v1,
2459 1964 2572 2032 22).

1933 2081 2102 2178 Velut
2130 2089 2399 2178 pastores
2429 2087 2633 2178 ovium
2665 2090 2896 2159 Christi,
2924 2095 3031 2166 qui
3059 2111 3134 2154 ne
3161 2100 3428 2160 animam
3459 2107 3590 2178 qui-

2003 2171 2145 2228 dem
2173 2175 2496 2231 occasione
2525 2177 2666 2234 data
2710 2195 2822 2252 pro
2863 2180 3012 2254 ipsis
3056 2201 3280 2258 ponere
3308 2171 3590 2253 recusent

2005 2269 2070 2322 ut
2097 2264 2184 2321 eis
2213 2264 2560 2338 impertiant
2585 2270 2975 2340 Evangelium
3004 2276 3124 2333 Dei.

2577 2378 2767 2448 Caput
2805 2380 2962 2438 XVI.

2007 2482 2210 2538 Bonus
2257 2489 2470 2551 pastor
2515 2486 2782 2544 animam
2820 2504 2991 2548 suam
3041 2495 3215 2562 ponit
3240 2512 3354 2565 pro
3384 2499 3590 2557 ovibus

1937 2571 2138 2643 (Joan.
2160 2588 2220 2642 x,
2249 2577 2302 2629 tl
2319 2585 2402 2642 )...
2444 2577 2749 2634 Attendite
2773 2579 2968 2650 igitur
2996 2584 3175 2656 vobis,
3226 2593 3280 2640 et
3313 2592 3589 2646 universo

1937 2662 2128 2732 gregi,
2156 2663 2217 2716 in
2248 2679 2364 2734 quo
2396 2679 2495 2720 vos
2516 2665 2784 2735 Spiritus
2800 2675 3040 2726 sanctus
3064 2677 3264 2741 posuit
3287 2684 3620 2749 episcopos'

1940 2751 2022 2807 ad
2047 2753 2411 2821 pascendum
2441 2756 2768 2814 Ecclesium
2799 2760 2924 2816 Dei.
2947 2761 3105 2833 (Act.
3133 2780 3234 2836 xx,
3265 2769 3380 2840 28).

1942 2953 2254 3025 Tanquam
2275 2951 2680 3028 medicos,qui
2698 2972 2840 3013 cum
2863 2958 3050 3016 multa
3072 2965 3597 3027 commiseratione

2013 3042 2182 3112 juxta
2211 3042 2521 3099 scientiam
2569 3045 2858 3102 doctrina:
2909 3049 3142 3105 Domini
3211 3062 3419 3113 curent
3470 3057 3598 3114 ani-

2014 3146 2256 3187 marum
2289 3130 2553 3197 morbos,
2585 3132 2662 3188 ad
2689 3136 3129 3206 acquirendam
3154 3138 3211 3195 in
3247 3143 3478 3200 Christo
3506 3159 3598 3202 sa-

2014 3219 2262 3276 nitatem
2291 3225 2350 3277 et
2376 3221 2888 3294 perseverantiam
2903 3266 2930 3294 ._

2552 3329 2742 3399 Caput
2774 3330 2975 3387 XVII.

2015 3433 2151 3490 Non
2191 3441 2274 3491 est
2303 3450 2452 3504 opus
2492 3436 2832 3493 valentibus
2861 3439 3144 3509 medicus,
3172 3443 3278 3499 sed
3303 3446 3461 3502 male
3496 3447 3602 3506 ha-

1948 3524 2217 3581 bentibus
2249 3525 2491 3596 (Matth.
2520 3543 2598 3593 ix,
2621 3528 2776 3596 1'2)...
2804 3529 3090 3586 Debemus
3109 3539 3309 3589 autem
3335 3551 3461 3598 nos,
3493 3538 3601 3608 qui

1943 3615 2133 3684 fortes
2155 3631 2382 3682 sumus,
2425 3615 2862 3674 imbecillitates
2900 3620 3277 3687 inﬁrmorum
3304 3627 3599 3681 sustinere

1946 3706 2136 3777 (Rom.
2167 3721 2268 3773 xv,
2295 3711 2366 3772 1).

1947 3848 2128 3905 Sicuti
2159 3857 2378 3922 patres,
2436 3857 2494 3908 et
2543 3852 2806 3908 nutrices
2850 3852 3179 3911 liberorum
3209 3871 3282 3912 ex
3333 3871 3396 3913 se
3426 3861 3600 3915 nato-

2018 3955 2178 4006 rum,
2204 3940 2310 4012 qui
2330 3940 2409 3996 ob
2435 3957 2726 4012 magnum
2751 3959 2876 3998 suae
2906 3944 2966 3999 in
2999 3943 3227 4000 Christo
3267 3944 3602 4003 dilectionis

2021 4027 2325 4095 affectum,
2365 4045 2486 4086 non
2537 4033 2619 4086 eis
2662 4033 2846 4088 modo
2894 4034 3278 4106 Evangelium
3329 4036 3451 4100 Dei,
3493 4035 3603 4094 sed

2024 4135 2170 4174 suas
2199 4119 2378 4175 etiam
2405 4121 2679 4192 ipsorum
2710 4122 2946 4179 animas
2972 4139 3044 4179 ex
3079 4124 3284 4180 animo
3307 4115 3602 4199 impertiri

2024 4209 2226 4265 velint.

2574 4318 2762 4389 Caput
2789 4321 2845 4377 X
2863 4321 2985 4378 VIII

316 4466 643 4520 lQANNHZ.
699 4461 903 4520 Τεκνία,
958 4457 1033 4507 ἔτι
1063 4453 1248 4525 μικρὸν
1297 4450 1486 4521 χρόνον
1541 4440 1651 4516 μεθ’
1701 4441 1830 4513 ὑμῶν

2027 4427 2464 4490 Filioli.adhuc
2488 4428 2799 4497 paulisper
2821 4429 3116 4486 vobiscum
3141 4444 3271 4487 sum
3291 4432 3490 4498 (Joan.
3507 4447 3607 4490 xm

248 4555 373 4624 εἰμι.
411 4558 578 4606 ΠΡΟΣ
612 4555 761 4603 KOP.
801 4545 842 4598 α’
902 4543 982 4597 Ἐν
1010 4546 1112 4617 γὰρ
1161 4546 1376 4612 Χριστῷ
1410 4536 1584 4592 ἰησου
1637 4528 1732 4584 διὰ
1755 4539 1845 4583 τοῦ

252 4620 569 4714 Εύαοηελίου
616 4638 714 4710 ἑγὼ
759 4638 895 4709 ὑμᾶς
925 4633 1196 4704 ἐγέννησα.
1258 4632 1424 4681 ΠΡΟΣ
1456 4630 1634 4678 θΕΣΣ.
1670 4620 1732 4673 α’.
1763 4620 1847 4680 Ὠς

253 4733 339 4786 ἰὰν
366 4737 553 4807 τροφός
584 4731 751 4801 θάλπη
787 4730 852 4778 τὰ
899 4732 1088 4783 εαυτῆς
1119 4724 1290 4783 τέκνα,
1341 4716 1503 4776 οὕτως
1534 4716 1846 4807 ἱμειρομενοι

252 4805 416 4895 ὑμῶν,
446 4819 760 4892 εὐδοκοῦμεν
788 4811 1101 4888 μεταδοῦναι
1124 4812 1246 4882 ύμῖν
1267 4807 1325 4861 ού
1356 4825 1508 4879 μονον
1533 4806 1592 4855 τὸ
1625 4805 1848 4872 ane/yi-

251 4912 362 4963 λιον
389 4923 480 4964 του
518 4916 667 4973 Θεοῦ,
697 4905 825 4959 οὐ.λὰ
850 4905 1052 4964 καὶτὰς
1083 4900 1274 4953 ἑαυτῶν
1322 4896 1523 4968 ψυχὰς,
1548 4889 1689 4946 διοτι
1721 4890 1848 4963 ἀγα-

256 5013 413 5058 πητοί
441 5004 567 5074 ἡμῖν
593 4999 871 5072 ἐγενήθητε
883 5037 896 5050 .

257 5180 349 5244 Ὠς
398 5187 524 5236 Θεοῦ
583 5179 883 5252 συνεργούς,
939 5176 1070 5248 πρὸς
1112 5175 1244 5245 μόνα
1285 5171 1350 5222 τὰ
1400 5165 1523 5231 ἆξια
1560 5171 1651 5218 τοῦ
1716 5168 1849 5215 Θεοῦ

335 5273 452 5346 ἔργα
480 5271 630 5332 ὅλους
653 5251 865 5327 ἑαυτούς
901 5258 1302 5321 ἁποδεδωκότας
1343 5259 1468 5333 ὑπὲρ
1499 5264 1594 5316 τῆς
1641 5251 1852 5310 Ἐκκλη-

343 5377 473 5425 σιας.

1957 4525 2042 4586 33)
2060 4563 2071 4575 .
2090 4560 2126 4575 ..
2150 4521 2305 4576 Nam
2330 4521 2391 4572 in
2413 4519 2652 4574 Christo
2671 4519 2814 4574 Jesu
2836 4519 3354 4591 perEvangetium
3385 4537 3490 4592 ego
3509 4537 3607 4578 vcs

1953 4611 2215 4683 genuit!
2239 4612 2370 4664 Cur.
2405 4624 2486 4677 IV,
2527 4613 2674 4673 I5)...
2731 4609 3039 4680 Tanquam
3071 4612 3124 4664 ei
3173 4613 3608 4680 nutrix/aveat

1951 4704 2110 4771 filios
2138 4716 2295 4766 suos,
2330 4701 2416 4754 ita
2444 4699 2854 4755 desiderantes
2877 4715 2975 4754 vos
3001 4701 3238 4768 cupide.
3271 4701 3606 4755 volebamus

1957 4792 2198 4847 tradere
2245 4789 2406 4846 vobis
2451 4805 2572 4844 non
2629 4791 2823 4843 solum
2874 4790 3274 4856 Evam/etiam
3326 4789 3448 4853 Dei,
3505 4787 3608 4843 sed

1955 4885 2133 4939 etiam
2160 4882 2395 4937 animas
2425 4886 2662 4936 nostras
2687 4896 2700 4934 :
2732 4883 3015 4950 quoniam
3067 4876 3415 4934 charissimi
3440 4875 3607 4930 ηυόιε

1951 4973 2110 5043 facti
2137 4973 2275 5028 estis
2303 4971 2361 5042 (Ι
2389 4971 2588 5026 Thess.
2616 4987 2674 5037 ιι,
2703 4969 2757 5036 7,
2792 4969 2872 5039 8),

1958 5150 2144 5208 Veluti
2175 5149 2272 5206 Dei
2297 5147 2624 5218 adjutores,
2647 5144 2754 5218 qui
2786 5160 2895 5216 pro
2919 5142 3177 5199 Ecclesia
3210 5145 3398 5198 totum
3431 5159 3611 5201 suum

2027 5241 2306 5314 ipsorum
2345 5239 2613 5294 studium
2641 5235 2704 5291 in
2734 5233 2867 5288 sola
2899 5246 3086 5304 opera
3125 5233 3244 5288 Deo
3266 5233 3453 5302 digna
3474 5248 3614 5292 con-

2031 5332 2242 5388 ferant.

342 5581 448 5650 (30)
473 5582 616 5650 Reg.
641 5571 949 5633 secundus
979 5567 1228 5644 perinde
1258 5571 1322 5624 ut
1345 5562 1488 5622 editi
1524 5562 1780 5633 ποιμένες.
1821 5557 1830 5611 l

1959 5599 1965 5612 .
1994 5553 2226 5628 primus
2246 5551 2464 5623 ποιμένα
2515 5545 2679 5604 Alius
2707 5541 2900 5601 codex
2919 5546 3062 5616 Reg.
3094 5561 3361 5618 ποιμενας.
