4112 6172
234 197 324 257 869
1730 197 2057 257 MORALIA

3465 209 3570 262 870

235 323 453 382 ἀκίνητον
501 328 632 397 πρὸς
696 330 870 378 πᾶσαν
930 321 1210 399 ἁμαρτίαν,
1244 321 1381 375 κατὰ
1431 325 1491 375 1'6
1520 327 1811 396 γεγραμμέ-

1951 339 1993 378 ιχ
2005 324 2196 395 aqua?
2210 324 2281 378 Ut
2303 322 2822 396 quemadmodum
2849 324 3113 381 Christus
3129 331 3377 397 peccato
3391 331 3575 385 semel

233 432 320 476 νον,
375 415 456 466 ὅτι
510 412 666 466 Ὀσοι
715 412 1104 485 ἐϐαπτίσθημεν
1147 413 1221 476 εἰς
1289 416 1517 486 Χριστόν
1584 413 1810 479 Ἰησοῦν,

233 503 290 562 εἰς
347 506 430 554 τόν
498 505 715 555 θάνατον
792 503 952 555 αὑτοῦ
1043 501 1454 575 ἐϐαπτίσθημεν.
1530 505 1814 574 Συνετάφη-

230 611 309 664 μιν
363 588 450 644 οὖν
510 593 652 664 αύτῷ
704 589 799 644 διὰ
847 600 942 644 τοῦ
996 591 1366 665 βαπτίσματος
1415 592 1484 654 εἰς
1536 595 1622 644 τόν
1666 593 1816 642 θοίνα-

231 701 324 744 τον,
388 689 542 734 τοῦτο
608 687 950 752 γινώσκοντες
1016 683 1096 734 ὅτι
1157 680 1182 733 ὁ
1243 681 1464 743 παλαιὸς
1530 683 1673 753 ἡμῶν
1730 683 1818 732 ἄν·

233 772 420 844 θρωπος
510 771 936 843 συνεσταυρώθη,
1009 773 1091 822 ἵνα
1168 771 1476 845 καταργηθῇ
1545 773 1602 822 τό
1667 777 1818 842 σῶμα

231 867 312 920 τῆς
394 857 673 933 ἁμαρτίας,
739 867 830 912 τοῦ
912 863 1101 932 μηκέτι
1197 855 1456 912 δουλεύειν
1539 860 1677 930 ἡμᾶς
1752 866 1813 930 τῇ

231 948 469 1022 ἁμαρτίᾳ.
526 954 590 1002 Τί
641 945 779 1001 ἴδιον
831 957 923 1001 τοῦ
978 950 1303 1022 γεννηθέντος
1360 947 1415 1000 ἐκ
1469 951 1817 1020 Πνεύματοςς

227 1042 290 1090 T6
338 1039 580 1108 γενέσθαι
628 1036 786 1090 ἐκεῖνο
842 1040 977 1090 κατὰ
1023 1042 1081 1091 1'6
1123 1034 1396 1111 διδομενον
1447 1041 1653 1112 μέτρον,
1695 1037 1816 1111 ὅπερ

229 1125 330 1178 ἐστὶ
360 1130 418 1178 τὸ
459 1125 511 1188 ἐξ
542 1126 603 1178 οὗ
633 1125 899 1198 ἐγεννήθη,
934 1129 1102 1188 καθὼς
1143 1132 1452 1200 γέγραπται,
1497 1128 1577 1178 ὅτι
1623 1130 1692 1178 T6
1731 1145 1818 1197 γεσ-

227 1218 520 1287 γεννημένον
582 1215 635 1266 ἐκ
694 1225 782 1277 τῆς
838 1221 1053 1291 σαρκός,
1117 1216 1249 1291 σάρξ
1307 1215 1439 1268 ἐστι·
1492 1221 1582 1267 καὶ
1630 1218 1689 1266 1'6
1741 1234 1820 1286 γε·

228 1310 520 1377 γεννημένον
592 1305 648 1357 ἐκ
735 1307 825 1357 τοῦ
901 1309 1208 1378 πνεύματος,
1259 1307 1459 1377 πνεῦμά
1524 1305 1687 1358 ἐστιν.
1755 1307 1819 1356 Τί

233 1389 357 1445 ίδιον
384 1403 474 1445 του
516 1396 706 1446 οἱνωθεν
738 1397 1062 1465 γεννηθέντος
1098 1412 1111 1460 ;
1160 1399 1230 1447 T6
1267 1391 1674 1446 ἁπεκὸύσασθαι
1705 1393 1817 1464 (36)

230 1487 308 1536 τόν
354 1482 576 1534 παλαιόν
626 1485 900 1558 ἄνθρωπον
954 1488 1046 1536 σὺν
1087 1492 1203 1546 ταῖς
1249 1484 1498 1558 πράξεσιν
1529 1483 1689 1535 αὐτοῦ
1731 1487 1820 1534 καὶ

231 1579 339 1633 ταῖς
366 1571 692 1644 ἐπιθυμίαις.
727 1576 817 1624 καὶ
864 1569 1191 1625 ἐνδύσασθαι
1219 1576 1306 1625 τὸν
1343 1577 1451 1626 νέον
1493 1575 1578 1624 τόν
1611 1571 1821 1623 ἀνακαι-

1921 417 2198 467 mortuus
2229 413 2430 470 est.ita
2461 413 2639 468 etiam
2665 412 2788 484 ipse
2811 413 3201 481 sitmortuus,
3222 421 3276 470 et
3296 415 3372 471 ad
3395 431 3577 472 omne

1923 509 2239 574 peccatum
2271 501 2617 567 immobilis,
2651 503 2802 558 sicut
2831 505 3117 576 scriptum
3148 511 3234 560 est
3267 523 3280 560 :
3317 507 3578 573 Quicun-

1925 607 2034 663 que
2048 591 2340 658 baptizati
2353 607 2556 648 sumus
2587 593 2649 646 in
2673 592 2917 648 Christo
2951 595 3170 658 Jesu,in
3188 602 3380 651 morte
3395 597 3579 664 ipisus

1925 680 2446 749 baptizatisumus.
2463 681 2813 750 Consepulti
2823 683 2977 738 enim
3005 683 3055 753 3
3071 683 3182 753 18
3203 700 3408 740 sumus
3444 701 3578 741 cum

1924 771 2038 825 illo
2064 786 2173 840 per
2201 771 2560 839 baptismum
2593 775 2654 826 in
2681 778 2950 830 mortem.
2976 772 3087 828 hoc
3121 779 3394 842 scientes,
3435 777 3583 846 quia

1928 867 2017 917 vet
2026 877 2090 914 us
2105 861 2276 916 homo
2294 863 2687 917 nnstersimul
2700 863 3026 930 cruciﬁxus
3045 869 3130 918 est
3145 871 3207 918 ut
3222 863 3582 920 destruatur

1927 965 2143 1018 corpus
2176 952 2430 1018 peccati,
2473 957 2528 1007 et
2573 952 2742 1006 ultra
2794 968 2914 1007 non
2954 954 3286 1009 serviamus
3334 960 3580 1022 percato

1927 1041 2114 1098 (Rom.
2131 1055 2199 1107 vx,
2221 1043 2359 1099 3-6).
2383 1039 2536 1104 Quid
2555 1039 2864 1111 proprium
2887 1048 2974 1096 est
2995 1043 3262 1114 ejus,qui
3282 1041 3388 1096 fuit
3408 1058 3583 1112 gene-

1927 1135 2094 1184 ratus
2124 1144 2194 1184 ex
2242 1129 2501 1199 Spiritu?
2537 1131 2606 1185 Ut
2645 1133 2749 1184 tiat
2795 1129 2938 1185 illud
2972 1146 3080 1202 pro
3111 1130 3253 1186 data
3275 1148 3574 1187 mensura.

1927 1217 2093 1290 quod
2118 1225 2206 1272 est
2228 1218 2287 1272 id
2320 1234 2392 1273 ex
2415 1234 2537 1289 quo
2570 1224 2746 1272 natus
2776 1226 2886 1281 est,
2920 1219 3098 1274 veluti
3131 1221 3421 1291 scriptum
3453 1229 3579 1276 est:

1933 1308 2098 1375 Quod
2125 1315 2334 1365 nafum
2357 1313 2441 1364 est
2471 1323 2547 1364 ex
2566 1324 2768 1376 carne,
2798 1324 2940 1365 caro
2961 1316 3045 1366 est
3071 1326 3083 1363 :
3110 1316 3163 1365 et
3194 1310 3353 1380 quod
3373 1317 3584 1365 natum

1929 1403 2013 1454 est
2043 1413 2120 1453 ex
2157 1398 2400 1465 spiritu,
2441 1400 2692 1467 spiritus
2717 1404 2800 1454 est
2849 1401 3050 1457 (Joan.
3077 1413 3156 1466 tu,
3209 1399 3286 1470 6).
3320 1399 3467 1464 Quid
3497 1404 3590 1457 est

1931 1502 2248 1558 proprium
2275 1486 2429 1542 illius
2458 1487 2563 1558 qui
2591 1486 2794 1542 denuo
2814 1492 2994 1542 natus
3024 1488 3157 1543 est?
3183 1490 3405 1543 Exuere
3431 1494 3586 1543 vete-

1930 1591 2057 1630 rem
2089 1575 2398 1631 hominem
2433 1592 2554 1631 una
2573 1592 2711 1631 cum
2731 1576 2967 1631 actibus
2988 1577 3139 1646 ejus,
3167 1582 3225 1632 et
3252 1576 3592 1649 cupiditati»

232 1665 460 1735 νούμενον
489 1661 555 1722 εἰς
586 1659 863 1733 ἐπίγνωσιν
901 1663 1017 1714 κατ’
1064 1662 1236 1715 εἰκόνα
1281 1670 1372 1714 τοῦ
1411 1666 1687 1722 κτίσαντος
1733 1659 1822 1713 αύ-

1961 1681 2086 1720 ιιιεε
2116 1669 2173 1721 et
2203 1664 2454 1720 induere
2483 1681 2711 1720 novum
2754 1666 2858 1737 qui
2889 1674 3214 1721 renovatur
3238 1666 3298 1721 in
3339 1665 3591 1735 agnitio-

232 1755 328 1818 τόν,
379 1753 518 1802 κατὰ
565 1754 625 1802 τό
657 1751 940 1825 εἰρημένον,
984 1753 1062 1804 ὃτι
1109 1751 1267 1804 Ὅσοι
1319 1751 1390 1813 εἰς
1435 1754 1663 1824 Χριστὸν
1710 1749 1824 1802 ἐϐα-

233 1843 499 1911 πτίσθητε,
571 1844 798 1914 Χριστὸν
850 1838 1185 1896 ἐνεδύσασθε.
1242 1846 1304 1895 Τί
1371 1837 1509 1894 ἴδιον
1571 1848 1825 1914 Χριστια-

229 1939 357 1999 νοῦ;
407 1933 476 1983 T6
525 1931 914 2004 καθαρισθῆναι
982 1935 1072 2004 μὲν
1135 1929 1234 1982 ἀπὸ
1295 1933 1481 1991 παντὸς
1553 1929 1825 2002 μολυσμοῦ

232 2023 414 2095 σαρκὸς
466 2023 558 2071 καὶ
609 2021 898 2092 πνεύματος
960 2018 1008 2072 ἐν
1062 2029 1134 2091 τῷ
1193 2022 1375 2093 αἰματι
1427 2027 1519 2072 τοῦ
1568 2025 1823 2092 Χριστοῦ,

229 2108 470 2180 ἐπιτεγείν
522 2104 580 2160 δε
628 2108 929 2180 ἁγιωσύνην
975 2107 1023 2160 ἐν
1067 2113 1204 2180 φόϐῳ
1233 2117 1365 2163 Θεοῦ
1405 2114 1495 2161 καὶ
1524 2107 1701 2181 ἀγάπη
1736 2115 1827 2161 τοῦ

233 2205 484 2273 Χριστοῦ,
548 2202 638 2250 καὶ
694 2203 766 2271 μὴ
817 2201 956 2270 ἔχειν
1008 2198 1188 2251 σπῖλον
1242 2199 1271 2257 ἦ
1329 2194 1545 2273 ῥυτιδα,
1578 2201 1607 2256 ἧ
1647 2206 1826 2250 τιτῶν

231 2291 492 2354 τοιούτων,
553 2286 654 2340 ἀλλ’
707 2283 836 2339 εἶναι
888 2287 1036 2359 ἅγιον
1088 2293 1177 2341 καὶ
1230 2289 1466 2361 ἄμωμον,
1521 2294 1612 2340 καί
1664 2287 1830 2349 οὕτως

230 2375 420 2430 ἐσθίειν
449 2380 508 2428 1'6
564 2385 717 2449 σῶμα
785 2384 876 2428 τοῦ
911 2384 1165 2452 Χριστοῦ,
1203 2382 1292 2430 καὶ
1344 2383 1504 2430 πίνειν
1562 2381 1620 2430 τό
1674 2377 1826 2449 αἷμα.

228 2467 284 2517 Ὀ
339 2468 444 2539 γὰρ
507 2463 692 2518 ἐσθίων
747 2471 837 2518 καὶ
891 2471 1048 2518 πίνων
1106 2465 1350 2534 ἀναξίως,
1424 2474 1589 2539 κρῖμα
1663 2465 1830 2536 ἑαυτῷ

230 2554 393 2608 ἐσθίει
441 2560 534 2608 καὶ
569 2560 733 2610 πίνει.
781 2560 844 2608 Τί
896 2552 1034 2608 ἴδιον
1088 2564 1187 2608 τῶν
1233 2555 1508 2609 ἐσθιόντων
1557 2559 1643 2608 τὸν
1675 2557 1830 2630 οἰρτον

228 2651 317 2697 καὶ
365 2649 618 2697 πινόντων
664 2648 722 2696 τὸ
777 2650 1027 2719 ποτήριον
1083 2653 1175 2698 τοῦ
1223 2651 1416 2721 Κυρίου
1451 2650 1555 2701 '37)
1583 2662 1596 2713 ;
1629 2649 1698 2698 T6
1738 2649 1832 2702 τὴν

228 2739 442 2807 μνήμην
488 2734 772 2807 φυλάσσειν
829 2730 1042 2793 διηνεκῆ
1077 2743 1167 2786 τοῦ
1213 2737 1337 2809 ὑπὲρ
1379 2737 1523 2798 ἡμῶν
1553 2733 1834 2788 ἀποθανόν-

229 2843 313 2886 τος
353 2829 447 2875 καὶ
500 2822 810 2899 ίγερθέντος.
864 2827 926 2876 Τί
974 2820 1114 2876 ἴδιον
1162 2832 1263 2875 τῶν
1318 2823 1686 2896 φυλασσόντων
1740 2829 1833 2881 τὴν

229 2919 480 2972 τοιαύτην
530 2920 777 2986 μνήμην;
831 2917 902 2967 T6
959 2918 1148 2986 μηκέτι
1196 2914 1394 2974 ἑαυτοῖς
1451 2915 1566 2987 ζῇν,
1610 2913 1736 2966 ἀλλὰ
1764 2922 1837 2983 τῷ

1935 1769 2099 1822 nem,
2134 1755 2470 1810 secundum
2519 1755 2848 1824 imaginem
2893 1755 3022 1824 ε]ιι›
3049 1754 3152 1826 qui
3174 1757 3394 1810 creavit
3420 1753 3588 1810 illum

1935 1845 2188 1915 (Cotoss.
2217 1859 2298 1913 ιιι,
2352 1844 2428 1914 9),
2463 1843 2616 1899 sient
2651 1843 2936 1914 scriptum
2969 1849 3062 1898 est
3093 1860 3105 1897 :
3150 1843 3500 1914 Quicunque
3525 1845 3590 1900 in

1937 1933 2242 1990 Christum
2262 1933 2564 2001 baptizati
2589 1932 3064 2003 estis,Christum
3080 1933 3592 2000 induistis(Gatat.

1935 2039 2014 2090 ιιι,
2042 2023 2154 2094 27).
2183 2021 2338 2088 Quid
2369 2023 2681 2094 praprium
2714 2021 3076 2078 Christiani?
3105 2025 3323 2076 l’urum
3357 2037 3488 2077 esse
3511 2021 3591 2076 ab

1935 2111 2102 2167 omni
2130 2109 2592 2184 inquinamento
2619 2111 2820 2166 carnis
2852 2117 2910 2166 et
2940 2110 3182 2183 spiritus
3212 2112 3271 2165 in
3297 2108 3594 2180 sanguine

1937 2199 2170 2271 Christi,
2205 2217 2276 2256 ac
2309 2200 2597 2273 perﬁcere
2631 2199 3099 2255 sanctimoniam
3133 2199 3192 2255 in
3239 2199 3449 2255 timore
3495 2199 3596 2256 Dei

1937 2297 1996 2347 et
2015 2290 2336 2346 dilectione
2381 2289 2593 2346 Christi
2634 2290 2722 2359 (ll
2751 2289 2890 2346 Cor.
2915 2305 3013 2353 vn.
3051 2291 3099 2360 1)
3145 2306 3158 2344 :
3202 2304 3596 2362 nequaquam

1937 2379 2162 2436 habere
2188 2378 2492 2435 maculam
2521 2382 2624 2434 aut
2643 2394 2881 2449 rugam,
2915 2384 3018 2433 aut
3047 2376 3363 2450 quidpiam
3408 2378 3591 2447 hujus

1939 2469 2238 2536 modi,sed
2258 2485 2390 2524 esse
2413 2473 2688 2524 sanctum
2711 2467 3320 2522 etincontamiuatum
3347 2466 3591 2534 (Ephes.

1938 2575 1998 2624 ν,
2025 2560 2138 2629 27),
2171 2565 2229 2614 et
2259 2557 2345 2614 sic
2376 2558 2552 2613 edere
2603 2573 2824 2628 corpus
2857 2555 3090 2620 Christi,
3135 2561 3192 2610 et
3228 2554 3432 2610 bibere
3464 2569 3599 2610 san-

1941 2648 2211 2718 guinem.
2247 2648 2530 2715 Quienim
2563 2647 2891 2703 manducat
2935 2651 2988 2702 et
3023 2644 3165 2700 bibit
3201 2645 3473 2714 indigne.
3493 2645 3599 2713 ju-

1942 2738 2162 2793 dicium
2190 2736 2300 2792 sibi
2319 2736 2648 2792 manducat
2677 2741 2731 2790 et
2767 2733 2907 2789 bibit
2955 2734 3010 2802 (Ι
3037 2734 3182 2790 Cor.
3205 2749 3276 2799 xx,
3299 2733 3411 2804 29).
3449 2732 3602 2798 Quid

1945 2833 2033 2882 est
2051 2825 2623 2897 propriumillorum
2655 2824 2760 2896 qui
2806 2823 2994 2878 edunt
3021 2840 3246 2894 panem
3303 2829 3359 2878 et
3386 2821 3606 2878 bibunt

1946 2914 2231 2987 poculum
2265 2912 2545 2968 Domini?
2595 2915 2944 2982 Perpetuam
2975 2927 3216 2966 servare
3246 2910 3603 2966 memoriam

229 3007 356 3078 ύπὶρ
431 3003 598 3055 αὑτων
666 3006 782 3072 (38)
861 3001 1174 3055 ἀποθανόντι
1255 3009 1345 3055 καὶ
1422 3002 1700 3077 ἐγερθέντι.
1775 3006 1835 3055 Τί

1951 3003 2104 3060 illius
2122 3002 2224 3074 qui
2250 3017 2358 3072 pro
2381 3000 2557 3055 nobis
2585 3005 2859 3054 mortuus
2883 3005 2974 3053 est
3003 3005 3060 3052 et
3079 2998 3418 3053 resurrexit.
3451 2996 3604 3060 Quid

229 3093 286 3148 26'
293 3115 368 3147 ιον
401 3101 727 3166 Χριστιανοῦ
756 3110 771 3159 ;
829 3097 899 3146 Τό
948 3096 1272 3167 περισσεύειν
1325 3093 1484 3146 αὑτοῦ
1511 3099 1604 3152 τὴν
1637 3090 1837 3145 δικαιο-

233 3188 395 3242 σύνην
450 3183 498 3235 ἐν
557 3189 731 3242 παντὶ,
764 3182 912 3235 πλέον
971 3192 1069 3234 τῶν
1126 3187 1470 3257 γραμματέων
1537 3189 1626 3235 καὶ
1685 3190 1839 3256 Φαρι-

232 3280 420 3340 σαίων,
483 3275 620 3324 κατά
676 3277 734 3323 τό
780 3277 965 3346 μέτρον
1021 3281 1117 3333 τῆς
1141 3276 1276 3325 κατὰ
1303 3277 1359 3326 τό
1390 3273 1703 3345 Εύαγγελιον
1747 3281 1840 3326 τοῦ

232 3367 435 3437 Κυρίου
469 3357 846 3422 διδασκαλίας.
874 3365 937 3414 Τί
970 3357 1104 3414 ῖδιον
1135 3369 1453 3437 Χριστιανοῦ
1486 3379 1500 3429 ;
1531 3367 1600 3416 T6
1633 3361 1840 3434 ἀγαπᾷν

231 3451 490 3513 ἀλλήλους
516 3455 656 3519 (39).
683 3452 855 3512 καθὼς
884 3455 973 3503 καὶ
1003 3452 1030 3502 ὁ
1079 3455 1306 3526 Χριστός
1356 3454 1624 3524 ἠγάπησεν
1679 3454 1839 3524 ἡμᾶς.

228 3548 291 3595 Τί
322 3539 466 3594 ἴδιον
517 3548 878 3614 Χριστιανοῦ;
920 3544 988 3594 T6
1040 3543 1368 3616 προορᾶσθαι
1415 3545 1502 3593 τὸν
1539 3547 1728 3616 Κυριον
1771 3540 1846 3593 ἐν.

233 3637 399 3684 ὡπιον
429 3631 593 3683 αὐτοῦ
629 3627 725 3682 διὰ
763 3635 972 3692 παντός.
1006 3636 1068 3684 Τί
1098 3627 1236 3684 ἴδιον
1256 3639 1578 3706 Χριστιανοῦ
1606 3648 1619 3699 ;
1661 3635 1730 3684 T6
1773 3630 1846 3704 ἐφ’

233 3721 468 3782 ἑκάστης
525 3721 721 3795 ἡμέρας
769 3725 858 3772 καὶ
908 3722 1046 3795 ὧρας
1100 3729 1394 3796 γρηγορείν,
1435 3726 1526 3774 καὶ
1577 3720 1626 3772 ἐν
1670 3729 1733 3794 τῇ
1767 3740 1845 3774 τε·

232 3809 468 3868 λειότητι
506 3817 596 3871 τῆς
656 3813 786 3884 πρὸς
846 3814 974 3863 Θεὸν
1005 3810 1394 3885 εὐαρεστήσεως
1450 3813 1652 3884 ἕτοιμον
1695 3803 1842 3878 εἶναι,

238 3896 442 3968 εἰδότα,
476 3902 558 3952 ὃτι
650 3902 760 3973 ὥρᾳ
790 3899 848 3952 ού
876 3896 1042 3968 δοκεῖ,
1064 3902 1090 3952 6
1125 3905 1308 3975 Κύριος
1343 3904 1575 3976 ἔρχεται.

1949 3101 2041 3150 est
2071 3092 2383 3164 proiirium
2412 3105 2619 3146 eorum
2651 3091 2757 3160 qui
2787 3095 3027 3143 servant
3053 3086 3354 3156 ejusmodi
3377 3101 3606 3142 memo-

1947 3183 2099 3241 riam
2121 3184 2148 3238 ‘t
2184 3181 2254 3239 Ut
2271 3183 2404 3251 jam
2423 3195 2546 3235 non
2570 3179 2685 3235 sibi
2715 3179 2941 3234 vivant.
2972 3176 3076 3232 sed
3103 3182 3156 3232 et
3189 3177 3297 3247 qui
3318 3192 3431 3246 pro
3462 3176 3605 3244 ipsis

1948 3278 2223 3329 mortuus
2268 3277 2374 3331 est.
2416 3275 2468 3326 et
2509 3269 2844 3324 resurrexit
2888 3267 2976 3336 (II
3004 3267 3150 3322 Cor.
3192 3281 3246 3329 ν,
3305 3264 3413 3336 t5).
3457 3264 3609 3329 Quid

1950 3361 2265 3436 proprium
2294 3356 2659 3416 Christiani?
2694 3358 2761 3412 Ut
2793 3357 2848 3410 in
2882 3354 3167 3410 omnibus
3192 3355 3416 3424 justitie
3453 3352 3613 3409 illius

1954 3452 2148 3522 major
2160 3451 2235 3504 sit
2242 3449 2472 3520 justitia
2487 3447 2822 3503 scribarum
2838 3451 2892 3500 et
2911 3444 3350 3500 Pharisaeorum
3369 3444 3610 3514 (Matth.

1953 3558 2006 3596 v.-
2030 3541 2143 3610 20),
2162 3540 2335 3610 juxta
2360 3537 2610 3593 modum
2635 3541 2692 3591 et
2713 3534 2986 3605 regulam
3027 3533 3340 3601 doctrinae,
3374 3549 3510 3606 quae
3548 3534 3611 3588 in

1955 3627 2274 3692 Evangelio
2300 3626 2532 3682 Domini
2564 3624 2778 3681 tradita
2799 3629 2910 3682 est.
2935 3623 3084 3688 Quid
3111 3623 3423 3696 preprium
3453 3621 3593 3678 Chri

1957 3717 2174 3775 stiani?
2217 3718 2287 3772 Ut
2335 3715 2484 3770 alter
2532 3713 2785 3770 alterum
2819 3712 3052 3782 diligat,
3094 3711 3243 3766 sicut
3268 3716 3326 3767 et
3351 3709 3618 3766 Christus

1955 3808 2161 3864 dilexnt
2191 3822 2303 3862 nos
2332 3803 2571 3875 (Ephes.
2592 3820 2646 3869 ν,
2673 3803 2756 3873 2).
2796 3801 2948 3866 Quid
2983 3801 3293 3873 proprium
3325 3806 3414 3855 est
3457 3799 3616 3856 Chri-

1959 3895 2492 3953 stiaui?Pr0videre
2508 3892 2717 3947 Domin
2729 3907 2827 3946 um
2843 3891 2900 3945 in
2916 3896 3245 3962 conspectu
3261 3905 3370 3944 suo
3385 3903 3624 3960 semper

240 3990 779 4073 (Psal.xv,8).Quid
806 3995 896 4046 est
925 3993 1238 4063 proprium
1269 3992 1620 4048 Christiani?
1641 3991 1908 4061 Singulis
1925 3988 2140 4044 diebus
2157 4002 2228 4041 ac
2242 3983 2406 4040 horis
2431 3981 2892 4073 vigilaremtque
2911 3979 2988 4035 ad
3025 3995 3160 4073 eam
3193 3979 3623 4073 perfectionem

241 4068 366 4152 qua
397 4080 598 4152 placet
625 4080 768 4149 Deo,
787 4085 1068 4152 paratum
1097 4095 1250 4149 esse,
1271 4081 1558 4137 scientem
1577 4080 1747 4154 quod
1777 4097 1902 4153 qua
1926 4079 2077 4136 hora
2101 4092 2222 4133 non
2247 4080 2440 4148 putat,
2465 4072 2755 4128 Dominus
2779 4076 3070 4126 venturus
3109 4069 3186 4124 sit
3212 4070 3380 4141 (Luc.
3410 4085 3509 4139 xu,
3531 4068 3624 4139 40)

257 4238 3615 4263 ____________________________________________________.__.___.

424 4329 562 4377 ΤΟΥ
602 4328 816 4376 ΑΥΤΟΥ
855 4327 1072 4377 ΛΟΓΟΣ
1113 4329 1491 4378 ΔΣΚΠΤῙΚΟΣ
1537 4325 1675 4394 (40).

327 4416 374 4468 ί.
437 4412 497 4465 Ὀ
562 4414 829 4484 ἄνθρωπος
887 4413 997 4465 κατ’
1068 4413 1238 4466 εἰκόνα
1300 4421 1432 4468 Θεοῦ
1500 4413 1689 4486 ἐγένετο
1764 4417 1854 4466 καὶ

250 4502 527 4574 ὁμοίωσιν·
558 4504 589 4559 ἠ
626 4499 685 4554 δι
712 4501 940 4577 ἁμαρτία
969 4507 1027 4556 1'6
1069 4503 1254 4566 κάλλος
1278 4513 1370 4566 τῆς
1417 4503 1603 4564 εἰκόνος
1634 4505 1860 4579 ἠχρείω-
1888 4499 1904 4550 ‘.

256 4608 367 4658 σεν,
444 4593 513 4653 εἰς
563 4594 660 4653 τὰς
725 4591 968 4665 ἐμπαθεῖς
1021 4591 1293 4666 ἐπιθυμίας
1343 4599 1434 4652 τὴν
1486 4591 1672 4666 ψυχὴν
1737 4595 1863 4646 καθ-

252 4679 500 4737 ᾶκουσα,
553 4681 613 4734 Ὀ
673 4677 734 4734 δι
788 4686 933 4749 Θεὸς,
989 4683 1014 4733 6
1061 4688 1289 4744 ποιήσας
1337 4687 1422 4734 τὸν
1481 4685 1770 4758 ἄνθρωπον,
1830 4685 1860 4741 ἠ

255 4766 477 4829 ἀληθινὴ
538 4769 651 4823 ἔστι
702 4772 832 4831 ζωή.
890 4770 949 4824 Ὀ
998 4767 1086 4823 οὖν
1153 4769 1407 4834 ἀπολέσας
1460 4777 1551 4830 τὴν
1600 4777 1724 4847 πρὸς
1777 4775 1864 4824 τόν

256 4863 391 4911 Θεὸν
445 4862 737 4933 ὁμοιότητα
793 4859 1024 4914 ἀπώλεσε
1097 4865 1191 4920 τὴν
1260 4866 1384 4936 πρός
1437 4867 1531 4921 τὴν
1591 4861 1730 4922 ζωὴν
1797 4860 1869 4914 οἰ·

255 4955 528 5008 ιειότητα·
592 4953 678 5002 τόν
754 4946 814 5004 δὴ
865 4949 1008 5012 ἐκτός
1055 4959 1146 5004 τοῦ
1185 4955 1313 5005 Θεοῦ
1344 4956 1480 5020 ὄντα,
1530 4951 1578 5004 ἐν
1609 4959 1669 5025 τῇ
1703 4971 1870 5026 μακα-

255 5044 350 5111 ρίᾳ
409 5040 520 5111 ζωῇ
583 5041 823 5110 γενέσθαι
899 5039 1194 5114 ἀμήχανον.
1250 5041 1452 5094 Οὐκοῦν
1523 5040 1870 5113 ἐπανέλθωμεν

262 5128 335 5188 εἰς
365 5134 462 5188 τὴν
495 5128 549 5192 ἐξ
599 5128 775 5204 ἀρχῆς
817 5134 999 5206 χάριν,
1047 5129 1105 5193 ἧς
1155 5129 1249 5185 διὰ
1294 5141 1385 5193 τῆς
1415 5132 1673 5206 ἁμαρτίας
1721 5131 1872 5190 ἠλλο-

261 5253 407 5324 Reg.
444 5255 682 5328 primus
711 5252 1080 5329 βαπτίσματος
1105 5257 1159 5329 ἐξ
1187 5254 1397 5319 ὕδατος.

332 5327 457 5395 (36)
501 5329 645 5396 Reg.
678 5327 997 5399 primus16
1029 5327 1429 5388 ἀποδύσασθαι.

337 5399 456 5466 (3ῖ)
503 5400 769 5470 Utraque
799 5399 981 5456 editio
1003 5411 1058 5455 et
1100 5406 1240 5470 Heg.
1274 5399 1578 5457 secundus
1627 5403 1876 5460 ποτήριον

260 5477 353 5521 τοῦ
389 5479 547 5546 Θεοῦ.
583 5471 692 5525 Alit
727 5471 848 5546 duo
882 5489 1025 5528 mss.
1059 5479 1307 5546 ποτήριον
1326 5482 1420 5526 τοῦ
1456 5479 1672 5546 Κύριον.

339 5543 452 5615 (38)
498 5546 647 5612 Heg.
679 5543 916 5614 primus
946 5546 1071 5620 ὑπὲρ
1103 5543 1266 5618 ἡμων.

2284 4318 2591 4375 EIUSDEM
2635 4315 2862 4371 SERMO
2904 4313 3310 4371 ASCETICUS.

2043 4415 2092 4468 t.
2128 4413 2318 4466 Homo
2360 4407 2438 4464 ad
2469 4404 2800 4474 imaginem
2832 4409 2889 4459 et
2917 4388 3370 4459 similitudinem
3403 4403 3502 4459 Dei
3546 4401 3632 4460 fa-

1969 4506 2101 4559 ctus
2137 4499 2418 4571 est(Gen.
2452 4513 2490 4564 ι,
2513 4497 2604 4566 26)
2640 4511 2652 4549 :
2687 4493 2791 4549 sed
2832 4501 3168 4566 peccatum,
3195 4496 3402 4550 anima
3439 4493 3517 4550 ad
3549 4494 3634 4550 vi-

1973 4590 2164 4647 tiosas
2219 4585 2586 4661 cupiditates
2617 4582 2899 4655 impulsa.
2939 4583 3303 4640 deformavit
3348 4583 3635 4654 imaginis

1976 4676 2512 4754 pulchritudinem.
2549 4677 2702 4729 Deus
2726 4678 2949 4744 autem,
2984 4673 3089 4745 qui
3129 4673 3439 4728 hominem
3487 4689 3631 4728 con-

1974 4769 2147 4834 didit,
2181 4783 2324 4824 vera
2374 4770 2461 4821 est
2497 4764 2635 4819 vita.
2668 4767 2871 4836 Itaque
2907 4763 3011 4835 qui
3056 4762 3157 4817 Dei
3179 4762 3637 4818 similitudinem

1980 4858 2202 4923 amisit,
2237 4857 2286 4913 is
2309 4853 2567 4928 perdidit
2595 4852 2724 4908 vitae
2769 4851 3138 4908 consortium
3166 4867 3179 4918 ;
3209 4850 3312 4923 qui
3369 4865 3512 4905 vero
3542 4865 3641 4906 ex-

1977 4954 2070 5005 tra
2093 4951 2278 5005 Deum
2299 4951 2407 5010 est,
2439 4944 2622 4999 vitam
2645 4941 2886 4998 beatam
2910 4939 3127 5010 degere
3149 4955 3271 4996 non
3295 4945 3510 5011 potest.
3535 4942 3639 4996 Re.

1978 5043 2288 5094 vertamur
2309 5035 2488 5104 igitur
2501 5032 2579 5088 ad
2599 5032 2852 5100 gratiam
2873 5029 3040 5085 initio
3057 5029 3236 5084 nobis
3259 5044 3639 5099 concessam,

1981 5144 2055 5184 ex
2084 5143 2208 5201 qua
2235 5124 2570 5180 excidimus
2589 5137 2696 5194 per
2722 5124 3038 5192 peccatum
3070 5133 3082 5172 :
3118 5122 3175 5174 et
3213 5133 3422 5173 rursus
3467 5119 3643 5188 juxta

2057 5255 2169 5326 (39)
2212 5256 2352 5322 Reg.
2394 5251 2602 5326 tertius
2625 5243 3129 5326 didaexalia;,.ml
3183 5248 3241 5298 τό
3297 5243 3528 5326 ᾲγαπᾴχ·
3557 5244 3644 5326 ἀ).

1982 5314 2188 5386 λήλουῖς·
2221 5314 2330 5381 nec
2357 5321 2621 5392 amplius
2670 5334 2738 5374 eo
2773 5318 2831 5372 in
2885 5314 3093 5372 codice
3147 5314 3434 5390 repetitur
3461 5314 3643 5388 illud,

1986 5403 2039 5450 τί
2064 5394 2201 5449 ἴδιον
2232 5404 2323 5447 τοῦ
2360 5398 2699 5468 Χριστιανοῦ.
2836 5463 2846 5468 _
2887 5465 2896 5468 Α
2977 5459 3008 5468 η

2061 5472 2177 5535 (to;
2217 5469 2308 5522 Sic
2341 5462 2505 5524 Regii
2536 5476 2766 5534 primus
2795 5463 2854 5517 et
2884 5462 3113 5518 tertius.
3149 5462 3407 5534 Longior
3454 5469 3544 5521 est
3576 5465 3643 5520 ti-

1993 5539 2157 5598 tulus
2187 5539 2250 5595 iu
2275 5535 2552 5606 vulgatis.
