4112 6172
612 273 709 327 871

1966 262 2022 318 S.
2069 261 2321 319 BASlLll
2362 261 2582 320 MAGNI

3813 280 3897 333 8'72

611 392 713 449 Dei
732 391 1059 457 imaginem
1088 404 1449 444 exornemus
1493 385 1923 459 nosmetipsos,
1946 402 2017 442 ac
2065 387 2241 443 condi

2376 391 2687 463 τριώθημεν.
2746 395 2844 445 Καὶ
2894 390 3046 443 πάλιν
3099 394 3234 444 κατὰ
3308 395 3399 451 τήν
3454 401 3540 446 τοῦ
3591 403 3709 449 Θεοῦ
3761 398 3900 453 εἰκόνι

612 482 721 538 tori
761 498 863 553 per
891 496 1134 536 omnem
1159 478 1482 534 aflectuum
1514 478 1869 532 vacuitatem
1895 476 2121 530 similes
2147 476 2269 531 θαί-

611 572 865 626 ciamnr.
900 570 1007 636 Qui
1058 570 1216 624 enim
1250 569 1305 623 in
1342 569 1563 639 seipso,
1595 566 1800 638 quoad
1831 566 1957 636 ejus
1999 566 2127 621 ﬁeri
2160 583 2267 638 po-

612 665 744 728 test,
777 659 940 714 illam
962 658 1179 713 divinaa
1210 662 1442 713 natura
1465 656 1542 710 ab
1563 654 1876 710 affectibus
1905 655 2266 710 vacuitatem

609 749 880 805 imitatus
911 748 1107 813 fuerit,
1140 748 1189 801 is
1235 748 1295 802 in
1330 762 1440 801 sua
1470 745 1658 817 ipsius
1688 744 1895 799 anima
1930 745 2024 799 Dei
2052 744 2267 816 imagi-

609 856 749 895 nem
781 840 839 893 in
868 838 1166 907 integrum
1207 836 1473 891 restituit.
1511 834 1619 899 Qui
1649 840 1849 889 autem
1895 833 2141 889 effectus
2182 838 2267 889 est

610 929 729 983 Deo
752 928 962 983 similis
990 928 1164 997 juxta
1191 942 1326 981 eum
1346 940 1528 996 quem
1556 921 1819 977 diximus
1844 922 2117 991 modum,
2140 940 2266 979 om-

609 1020 755 1074 nino
788 1020 964 1073 etiam
997 1017 1210 1071 divinae
1234 1018 1361 1070 vitae
1389 1014 1644 1085 adeptus
1672 1020 1761 1068 est
1789 1014 2259 1085 similitudinem,

608 1115 899 1181 perpetuo
933 1107 992 1161 in
1027 1106 1204 1175 319
1245 1103 1587 1159 mternailla
1617 1101 1984 1157 beatitudine
2017 1118 2266 1158 mansu-

608 1213 735 1252 rus.
794 1202 993 1267 Itaque
1054 1196 1104 1247 si
1161 1209 1263 1263 per
1294 1191 1622 1246 affectuum
1670 1190 2026 1245 vacuitatem
2056 1206 2264 1245 rursus

610 1288 709 1343 Dei
756 1287 1083 1353 imaginem
1129 1298 1579 1354 recnperemus,
1611 1281 1866 1353 vitaeque
1909 1282 2265 1353 perpetuita-

608 1382 726 1432 tem
756 1374 931 1428 nobis
963 1371 1267 1443 impertiat
1305 1372 1403 1426 Dei
1436 1369 1784 1432 similitudo,
1818 1370 2046 1425 caeteris
2074 1368 2264 1425 omni-

604 1465 721 1520 bus
743 1462 1046 1531 neglectis,
1080 1461 1195 1516 huc
1223 1459 1487 1515 studium
1520 1464 1942 1515 convertamus
1968 1466 2031 1514 ut
2058 1459 2265 1514 anima

605 1558 816 1609 nostra
868 1550 1089 1605 nullius
1142 1565 1416 1621 unquam
1450 1549 1569 1604 vitii
1612 1547 1929 1620 tyrannide
1950 1548 2261 1620 opprima-

605 1647 699 1698 tur
723 1661 736 1708 ;
760 1641 863 1695 sed
893 1655 1066 1695 mens
1091 1645 1297 1694 nostra
1326 1638 1579 1693 immota
1607 1644 1665 1692 et
1692 1636 2115 1708 insuperabilis
2135 1651 2263 1707 per-

2377 479 2586 540 ἐαυτούς
2652 479 3071 554 καλλωπίσωμεν,
3117 479 3210 533 διὰ
3287 490 3376 543 τῆς
3453 482 3685 548 ἀπαθείας
3742 488 3901 559 ὁμοιω-

2378 570 2543 629 θέντες
2588 577 2661 639 τῷ
2714 574 2972 625 κτίσαντι.
3013 570 3072 622 Ὀ
3100 573 3200 645 γὰρ
3231 575 3289 622 τὸ
3339 571 3525 634 ἀπαθὲς
3553 583 3640 635 τῆς
3676 577 3798 636 θείας
3823 579 3902 648 φύ-

2378 676 2523 724 σεως,
2575 661 2745 721 καθώς
2801 658 2909 712 ἐστι
2968 656 3209 725 δυνατὸν,
3261 659 3335 733 ἐφ’
3372 662 3549 715 ἑαυτοῦ
3576 666 3904 736 μιμησάμενος,

2374 743 2520 807 οὗτος
2563 746 2864 800 ἐπανέλαϐεν
2919 749 3001 801 ἐπὶ
3030 758 3119 809 τῆς
3162 746 3300 810 ἰδίας
3345 749 3527 822 ψυχῆς
3552 760 3638 803 τοῦ
3683 760 3799 806 Θεοῦ
3831 758 3903 811 τὴν

2375 835 2565 889 εἰκόνα.
2605 836 2662 889 Ὀ
2704 834 2762 889 δὲ
2818 840 3087 909 ὁμοιωθεὶς
3133 846 3205 907 τῷ
3262 846 3373 909 Θεῷ
3428 843 3558 892 κατὰ
3592 844 3671 892 τόν
3724 843 3906 915 ῥηθέντα

2372 930 2580 999 τρόπον,
2624 931 2712 978 καὶ
2760 935 2857 987 τῆς
2914 930 3054 989 θείας
3116 932 3252 990 ζωῆς
3317 927 3567 987 ἐκτήσατο
3619 933 3800 992 πάντως
3838 936 3904 988 τὴν

2373 1016 2677 1086 ὁμοιότητα,
2751 1017 2816 1077 εἰς
2890 1021 2947 1069 τὸ
3002 1014 3233 1079 διηνεκὲς
3305 1023 3601 1092 παραμένων
3657 1027 3714 1092 τῇ
3781 1016 3905 1089 uidi?

2372 1113 2741 1180 μακαριότητι.
2803 1107 2863 1159 Εἰ
2919 1104 3006 1159 οὖν
3064 1105 3156 1160 διὰ
3212 1116 3303 1169 τῆς
3342 1108 3583 1170 ἀπαθείας
3631 1114 3715 1168 την
3772 1110 3909 1162 εἰκόνα

2372 1203 2463 1247 τοῦ
2504 1202 2636 1249 Θεοῦ
2692 1196 2844 1247 πάλιν
2897 1196 3340 1270 ἀναλαμϐάνομεν,
3381 1200 3409 1256 ἡ
3445 1195 3503 1251 δε
3547 1201 3666 1273 πρὸς
3702 1203 3778 1250 τὸν
3806 1201 3907 1250 Θεὸν

2373 1287 2621 1357 ὁμοιότης
2671 1288 2729 1336 τὸ
2764 1282 2992 1347 διηνεκες
3036 1294 3129 1348 τῆς
3171 1288 3311 1349 ζωῆς
3340 1289 3465 1359 ἡμῖν
3506 1288 3786 1362 χαρίζεται,
3808 1289 3909 1338 πάν-

2372 1394 2470 1426 των
2544 1372 2890 1447 ἀμελήσαντες
2931 1384 3031 1427 τῶν
3083 1376 3268 1440 ἄλλων,
3323 1379 3518 1438 ταύτης
3570 1378 3808 1448 γενώμεθα
3837 1382 3911 1436 τῆς

2374 1460 2629 1533 σπουδῆς,
2686 1467 2819 1516 ὥστε
2874 1462 3062 1537 μηδενὶ
3141 1468 3295 1519 πάθει
3348 1463 3608 1539 μηδέποτε
3661 1461 3912 1517 καταδυνασ

2375 1554 2655 1610 στευθῆναι
2685 1555 2830 1626 ἡμῶν
2886 1559 2980 1613 τὴν
3023 1554 3231 1626 ψυχὴν,
3283 1554 3389 1607 ἀλλ’
3424 1555 3597 1615 ἀκλινῆ
3650 1559 3731 1607 καὶ
3758 1553 3915 1605 ἀκατά-

2372 1640 2556 1698 ϐλητον
2632 1646 2679 1695 ἑν
2765 1651 2880 1706 ταῖς
2944 1652 3045 1696 τῶν
3118 1654 3422 1719 πειρασμῶν
3500 1643 3790 1719 προσϐολαῖς
3840 1646 3914 1700 τὴν

604 1737 850 1787 maneat
880 1731 939 1785 in
970 1730 1361 1785 tentationum
1402 1726 1751 1793 assultibus,
1786 1734 1850 1781 ut
1873 1726 2093 1782 divinae
2122 1726 2246 1782 beat

2373 1726 2607 1784 διάνοιαν
2674 1734 2817 1805 ἡμῶν
2876 1729 3155 1806 διαμένειν,
3206 1736 3287 1786 ἶνα
3349 1737 3610 1807 γενώμεθα
3664 1743 3749 1795 τῆς
3806 1734 3915 1790 θείας

605 1819 875 1876 titudinis
904 1818 1127 1874 ﬁamus
1147 1816 1490 1890 participes.
1523 1816 1669 1871 Huic
1702 1822 1901 1871 autem
1934 1815 2131 1870 studio
2159 1815 2263 1872 ad-

597 1910 874 1981 juinento
905 1916 991 1964 est
1021 1907 1354 1977 virginitas,
1386 1906 1458 1961 iis
1485 1906 1588 1978 qui
1621 1905 1851 1961 ratione
1881 1904 2034 1960 duce
2063 1905 2121 1961 id
2150 1905 2259 1961 do-

601 2014 750 2055 num
808 1998 1122 2055 coluerint.
1155 2000 1283 2053 Non
1323 1996 1485 2051 enim
1529 1996 1589 2050 in
1624 1995 1752 2051 sola
1782 2011 1818 2051 a
1870 1994 2259 2067 procreandis

601 2088 807 2145 liberis
829 2089 1195 2144 abstinentia
1215 2086 1594 2142 constituitur
1619 2085 1971 2156 virginitatis
1992 2084 2256 2153 donum;

602 2180 708 2235 sed
744 2180 866 2235 vita
891 2178 1089 2234 omnis
1135 2177 1392 2247 vitaeque
1423 2176 1576 2230 ratio
1616 2191 1685 2231 ac
1711 2190 1909 2229 mores
1959 2175 2261 2244 virginita-

601 2272 720 2323 tem
769 2267 1037 2322 excolere
1082 2265 1323 2331 debent,
1366 2264 1450 2319 sic
1498 2271 1562 2318 ut
1593 2263 1817 2319 caelibis
1860 2263 2170 2332 integritas
2195 2252 2257 2318 in

602 2357 769 2412 omni
825 2355 1027 2411 studio
1057 2359 1369 2425 appareat.
1423 2353 1573 2408 Fieri
1621 2352 1780 2408 enim
1816 2358 2031 2423 potest,
2068 2358 2128 2407 ut
2148 2352 2255 2407 ali-

599 2448 735 2520 quis
767 2461 1044 2501 sermone
1074 2444 1249 2499 etiam
1274 2450 1547 2514 stuprum
1575 2447 1631 2497 et
1660 2442 1850 2497 oculis
1894 2441 2254 2497 adulterium

601 2537 958 2603 committat,
980 2535 1315 2607 audituque
1356 2532 1676 2605 polluatur,
1703 2547 1773 2586 ac
1822 2531 2252 2602 inquinamen-

602 2633 725 2682 tum
749 2625 997 2697 recipiat
1025 2625 1083 2679 in
1109 2624 1311 2690 corde,
1336 2637 1560 2694 perque
1581 2620 1696 2676 cibi
1735 2636 1806 2675 ac
1838 2627 2013 2692 potus
2042 2622 2252 2677 intem-

595 2715 931 2787 perantiam
966 2722 1130 2767 extra
1161 2710 1530 2765 castimonia
1555 2716 1841 2764 terminos
1890 2709 2247 2778 egrediatur.

597 2804 746 2857 Nam
776 2802 879 2872 qui
908 2802 969 2855 in
1010 2801 1104 2854 his
1135 2798 1419 2854 omnibus
1453 2800 1609 2853 intra
1647 2797 2001 2868 virginitatis
2028 2798 2247 2854 limites

598 2890 865 2962 seipsum
897 2905 1005 2962 per
1024 2887 1455 2945 continentiam
1497 2888 1778 2953 continet,
1811 2903 2020 2943 revera
2045 2893 2246 2944 osten-

595 2980 682 3036 dit
733 2982 793 3035 in
847 2978 1173 3051 semetipso
1204 2977 1535 3049 perfectum
1582 2976 1943 3033 etomnibus
1973 2978 2243 3033 numeris

593 3069 941 3126 absolutum
971 3068 1326 3137 virginitatis
1356 3067 1608 3122 donum.

665 3164 717 3215 2.
746 3158 1153 3225 Quamobrem
1193 3156 1240 3211 si
1293 3155 1707 3211 desideremus
1753 3156 1971 3211 animae
2019 3160 2243 3213 nostra:

592 3249 1001 3305 characterem
1045 3262 1152 3319 per
1174 3244 1497 3301 affectuum
1536 3245 1899 3301 vacuitatem
1930 3246 2007 3302 ad
2039 3246 2139 3302 Dei
2169 3246 2244 3302 si-

591 3337 993 3392 militudinem
1051 3334 1336 3407 componi
1381 3340 1439 3389 et
1475 3333 1772 3402 exornari,
1803 3340 1865 3389 ut
1912 3334 2024 3389 hoc
2065 3341 2244 3407 pacto

588 3426 770 3481 etiam
792 3442 828 3482 a
858 3424 1033 3480 nobis
1057 3425 1182 3480 vita
1213 3422 1577 3495 sempiterna
1625 3429 2027 3495 comparetur,
2058 3431 2245 3480 atten-

589 3514 810 3571 damus
840 3513 1313 3585 nobismetipsis,
1342 3529 1416 3568 ne
1460 3512 1611 3568 forte
1641 3512 1957 3584 quidpiam
1986 3514 2242 3585 promis-

589 3605 759 3661 sione
810 3604 1128 3674 indignum
1179 3609 1617 3675 perpetrantes,
1649 3601 1885 3674 prolato
1913 3602 2239 3659 adversum

587 3696 882 3750 Ananiam
909 3693 1136 3764 judicio
1157 3692 1493 3747 efﬁciamur
1522 3690 1791 3747 obnoxii.
1815 3694 1961 3747 Nam
1991 3696 2237 3749 Ananim

584 3785 754 3840 initio
775 3783 997 3839 licebat
1019 3780 1464 3853 possessionem
1488 3796 1660 3835 suam
1686 3783 1802 3835 Deo
1824 3796 1945 3835 non
1971 3768 2240 3852 polliceii

583 3890 654 3930 ac
703 3889 915 3928 vovere
946 3890 960 3927 :
1017 3871 1121 3927 sed
1154 3878 1479 3942 postquam
1510 3870 1589 3924 ad
1614 3870 1949 3925 humanam
1982 3871 2236 3940 gloriam

582 3963 939 4035 respiciens,
962 3960 1407 4032 possessionem
1443 3974 1617 4013 suam
1655 3961 1772 4014 Deo
1818 3975 1922 4030 per
1947 3959 2236 4031 pollicita-

583 4053 803 4109 tionem
823 4049 1284 4111 consecravit,ut
1300 4048 1650 4104 hominibus
1667 4048 1747 4102 ob
1762 4048 1971 4103 muniti
2010 4051 2234 4106 entiam

580 4149 737 4197 esset
767 4138 1175 4205 admirationi,
1207 4143 1375 4209 parte
1415 4136 1585 4208 pretii
1608 4144 1894 4208 seposita,
1935 4139 2235 4207 ejusmodi

580 4230 903 4285 adversum
924 4246 984 4283 se
1008 4227 1479 4297 indignationem
1515 4226 1743 4280 Domini
1766 4227 2112 4299 commovit,
2136 4247 2235 4285 cu-

578 4322 677 4393 jus
711 4323 909 4374 Petrus
936 4318 1203 4372 minister
1230 4316 1358 4384 fuit,
1390 4322 1453 4370 ut
1479 4331 1552 4370 ne
1593 4316 1955 4387 pienitentiaa
1985 4318 2227 4390 quidem

2370 1826 2750 1896 μακαριότητος
2810 1826 3055 1895 μέτοχοι.
3128 1830 3235 1887 Τῆς
3296 1820 3356 1877 δε
3425 1828 3658 1885 τοιαύτης
3715 1817 3916 1882 σπουδῆς

2373 1915 2617 1983 συνεργὸς
2647 1910 2789 1963 ἐστιν
2835 1912 2865 1968 ἠ
2911 1913 3180 1986 παρθενία,
3214 1909 3318 1974 τοῖς
3356 1916 3495 1966 κατά
3539 1912 3681 1984 λόγον
3716 1917 3915 1985 μετιοῦσι

2369 2009 2521 2052 τοῦτο
2578 2004 2635 2052 τὸ
2700 2002 2968 2075 χάρισμα.
3012 2002 3086 2053 Οῦ
3151 2005 3253 2074 γὰρ
3296 2001 3343 2055 ἐν
3382 2009 3525 2077 μόνῳ
3562 2011 3631 2073 τῷ
3678 2001 3917 2073 φείσασθαι

2370 2098 2465 2151 τῆς
2511 2087 2851 2151 παιδοποιίας
2887 2094 3237 2165 κατορθοῦται
3282 2097 3341 2145 τὸ
3396 2096 3643 2167 χάρισμα
3690 2099 3772 2149 τῆς
3815 2107 3919 2162 παρ’

2371 2182 2557 2245 θενίας,
2603 2179 2708 2232 ἀλλ’
2750 2181 2883 2241 ἄπας
2913 2181 3029 2247 (ἀί)
3062 2183 3087 2233 ὁ
3136 2181 3252 2254 βίος
3281 2188 3371 2236 καὶ
3407 2186 3437 2242 ἠ
3488 2187 3591 2246 ζωὴ
3622 2186 3705 2233 καὶ
3740 2182 3792 2231 τό
3822 2174 3919 2259 ᾔθος

2367 2272 2691 2343 παρθενεύειν
2744 2270 2951 2343 ὀφείλει,
3001 2268 3094 2324 διὰ
3149 2275 3343 2335 παντὸς
3409 2268 3803 2343 ἐπιτηδεύματος
3847 2271 3919 2319 τοῦ

2367 2356 2573 2432 ἀγάμου
2620 2364 2716 2419 τὴν
2764 2358 3014 2433 ἀφθορίαν
3064 2357 3508 2435 ἐπιδεικνύμενος.
3559 2360 3704 2415 Ἐστι
3737 2358 3920 2430 γὰρκαὶ

2363 2447 2499 2520 λόγῳ
2549 2456 2854 2522 πορνεῦσαι,
2914 2454 3001 2501 καὶ
3061 2438 3307 2523 ὀφθαλμῷ
3388 2460 3695 2526 μοιχεῦσαι,
3744 2452 3821 2499 καὶ
3861 2441 3920 2496 δι’

2364 2535 2520 2598 ἀκοῆς
2567 2539 2903 2611 μολυνθῆναι,
2965 2546 3054 2593 καὶ
3100 2549 3159 2613 τῇ
3212 2538 3417 2617 καρδίᾳ
3446 2548 3653 2616 μίασμα
3682 2536 3917 2601 δέξασθαι,

2360 2632 2449 2679 καὶ
2478 2638 2539 2687 τῆ
2600 2633 2719 2703 περὶ
2757 2634 2851 2687 τὴν
2882 2629 3085 2705 βρῶσιν
3133 2635 3222 2683 καὶ
3270 2638 3431 2684 πόσιν
3472 2631 3685 2706 ἀμετρίᾳ
3724 2626 3919 2679 ἐκπεσεῖν

2359 2725 2458 2769 τῶν
2512 2719 2641 2791 ὅρων
2697 2728 2793 2781 τῆς
2842 2724 3198 2795 σωφροσύνης.
3230 2720 3287 2773 Ὀ
3330 2725 3439 2798 γὰρ
3485 2719 3532 2773 ἐν
3574 2721 3762 2776 τούτοις
3782 2719 3917 2766 πᾶσιν

2359 2807 2458 2859 ὑπὸ
2524 2811 2612 2859 τὸν
2674 2814 2863 2861 κανόνα
2946 2818 3042 2871 τῆς
3101 2812 3379 2885 παρθενίας
3448 2810 3623 2864 ἐαυτὸν
3678 2805 3919 2879 ἐγκρατείᾳ

2356 2895 2634 2967 φυλάσσων
2674 2896 2874 2959 ἀληθῶς
2909 2895 3145 2953 δείκνυσι
3186 2898 3382 2953 τελείαν
3418 2899 3466 2953 ἐν
3509 2900 3667 2969 ἐαυτῷ
3695 2892 3779 2948 διὰ
3804 2892 3915 2945 πάν-

2354 3002 2452 3035 των
2485 2982 2877 3059 ἀπηρτισμένην
2906 2995 2997 3049 τῆς
3026 2991 3306 3063 παρθενίας
3338 2994 3439 3048 τὴν
3463 2991 3645 3065 χάριν.

2422 3168 2475 3220 2.
2519 3165 2720 3217 Οὐκοῦν
2772 3168 2911 3241 εἴπερ
2960 3165 3308 3240 ἐπιθυμοῦμεν
3353 3168 3475 3221 καθ’
3537 3165 3809 3240 ὁμοιὸτητα
3841 3162 3917 3211 τοῦ

2351 3261 2484 3307 Θεοῦ
2514 3259 2601 3307 τὸν
2640 3264 2958 3329 χαρακτῆρα
3004 3264 3100 3317 τῆς
3128 3261 3315 3329 ψυχῆς
3348 3260 3501 3331 ἡμῶν
3530 3253 3624 3310 διὰ
3671 3261 3761 3313 τῆς
3804 3249 3918 3302 ἀπα·

2353 3344 2491 3405 θείας
2546 3343 2994 3412 καλλωπισθῆναι,
3045 3347 3127 3397 ἶνα
3154 3342 3248 3397 διὰ
3276 3349 3468 3399 τούτου
3507 3352 3597 3398 καὶ
3626 3346 3654 3403 ἠ
3683 3350 3773 3402 τῆς
3801 3339 3917 3399 ζωῆς

2349 3433 2473 3504 ἡμῖν
2540 3429 2781 3497 ἆῑδιότης
2851 3438 3227 3507 προσγένηται,
3304 3440 3655 3509 προσέχωμεν
3728 3432 3917 3490 ἑαυτοῖςν

2348 3526 2525 3593 μήπου
2578 3541 2630 3574 τι
2679 3530 2773 3584 τῆς
2826 3522 3136 3595 ἐπαγγελίας
3191 3522 3403 3586 ἀνάξιον
3434 3533 3716 3587 ποιοῦντες,
3744 3521 3834 3571 ὑπὸ
3871 3516 3915 3565 τὸ

2349 3617 2513 3684 κρῖμα
2574 3619 2666 3664 τοῦ
2721 3611 2953 3664 Ἀνανίου
3014 3614 3276 3686 γενώμεθα
3332 3617 3473 3685 (42).
3509 3613 3655 3677 Ἐξῆν
3716 3612 3807 3683 γὰρ
3862 3610 3919 3672 τῷ

2348 3697 2555 3772 Ἀνανίᾳ
2612 3706 2705 3758 τὴν
2756 3699 2925 3774 ἀρχὴν
2976 3706 3048 3773 μὴ
3101 3701 3521 3774 ἐπαγγείλασθαι
3568 3711 3640 3773 τῷ
3694 3707 3798 3767 Θεῷ
3840 3699 3915 3750 τὴν

2348 3797 2557 3847 κτῆσιν·
2608 3788 2716 3841 ἀλλ’
2766 3786 2970 3856 ἐπειδὴ,
3019 3794 3149 3865 πρὸς
3206 3797 3298 3850 την
3360 3792 3691 3868 ἀνθρωπίνην
3743 3780 3917 3841 ἀπιδὼν

2350 3875 2526 3946 δοξαν,
2586 3882 2644 3931 τὸ
2688 3882 2777 3951 μεν
2825 3889 3004 3952 κτῆμα
3060 3878 3154 3933 διὰ
3210 3891 3305 3943 τῆς
3360 3883 3678 3955 ἐπαγγελίας
3729 3886 3793 3948 τῷ
3822 3879 3915 3941 Θεῷ

2348 3965 2752 4041 ἀφιέρωσεν,ὡς
2804 3968 2863 4020 ἂν
2919 3971 3246 4042 θαυμασθείη
3305 3977 3455 4047 παρὰ
3509 3982 3611 4043 τῷν
3668 3969 3915 4042 ἀνθρώπων

2346 4054 2429 4107 ἐπὶ
2492 4065 2554 4129 τῇ
2620 4057 2905 4131 φιλοτιμίᾳ,
2981 4067 3073 4111 τοῦ
3129 4066 3427 4133 τιμήματος
3487 4058 3547 4114 δὲ
3616 4059 3912 4130 ἐνοσφίσατο,

2343 4147 2589 4202 τοιαύτην
2641 4144 2848 4204 ἐκίνησε
2906 4147 3026 4199 καθ’
3073 4147 3257 4201 ἑαυτου
3310 4159 3407 4201 τοῦ
3465 4154 3662 4223 Κυρίου
3690 4151 3777 4205 τὴν
3806 4142 3916 4214 ἀγα·

2341 4238 2609 4307 νάκτησιν,
2680 4239 2739 4297 ἧς
2803 4240 3065 4314 ὑπηρέτης
3122 4242 3147 4292 ὁ
3212 4244 3401 4311 Πέτρος
3435 4238 3518 4308 ἦν,
3572 4246 3637 4302 ὡς
3691 4234 3820 4313 μηδέ
3845 4251 3918 4306 με·

2340 4330 2550 4386 τανοίας
2579 4328 2903 4401 προθεσμίαν
2929 4332 3042 4397 (43)
3074 4331 3254 4403 εὑρεῖν.
3299 4331 3508 4385 Οὐκοῦν
3535 4335 3636 4405 πρὸ
3666 4338 3757 4389 τῆς
3778 4325 3915 4393 ἐπαγ·

578 4408 839 4478 spatium
883 4406 1174 4461 inveniret
1218 4406 1374 4476 (Act.
1408 4422 1462 4472 v,
1516 4406 1651 4476 1-5).
1683 4408 2059 4477 Quapropter
2094 4418 2229 4465 ante

2350 4414 2511 4486 γελίας
2562 4424 2652 4467 του
2699 4424 2885 4489 σεμνοῦ
2930 4415 3053 4489 βίον
3106 4418 3274 4481 ἔξεστι
3327 4430 3401 4492 τῷ
3456 4420 3773 4494 βουλομένῳ,
3803 4412 3917 4467 κατὰ

578 4507 713 4551 vitae
746 4495 1033 4559 religiosae
1060 4497 1491 4566 professionem
1538 4495 1789 4566 quilibet
1832 4502 2025 4568 potest
2056 4498 2229 4568 juxta

575 4585 633 4641 id
656 4585 821 4657 quod
872 4600 1230 4639 concessum
1276 4601 1344 4639 ac
1392 4584 1722 4639 legitimum
1755 4593 1864 4652 est,
1894 4586 2024 4642 vita:
2064 4604 2227 4643 com-

576 4690 759 4729 nioua
788 4676 1087 4745 amplecti,
1121 4690 1191 4727 ac
1218 4674 1561 4743 nuptiarum
1592 4676 1857 4729 societati
1886 4692 1945 4730 se
1968 4675 2221 4732 dedere:

575 4766 678 4820 sed
708 4764 807 4819 ubi
832 4764 958 4834 jam
994 4763 1300 4835 professus
1330 4769 1435 4825 est,
1470 4762 1734 4834 seipsum
1780 4768 1896 4820 Deo
1923 4768 2225 4822 custoiiire

572 4855 770 4915 debet,
801 4854 974 4909 veluti
1001 4868 1237 4908 sacrum
1267 4852 1578 4923 quoddam
1611 4852 1862 4919 donum,
1894 4868 1969 4908 ne
1992 4857 2226 4912 sacrile-

573 4942 1128 5016 giidamnationem
1162 4943 1395 4997 subeat.
1421 4942 1466 4995 si
1501 4956 1719 5013 corpus
1748 4958 1853 5014 per
1908 4944 2222 5015 professio-

571 5049 707 5092 nem
742 5036 860 5090 Deo
882 5033 1147 5089 dicatum
1176 5048 1383 5088 rursus
1414 5033 1753 5088 communis
1786 5035 1913 5090 vitae
1958 5036 2221 5093 ministe-

641 5233 755 5303 (41)
795 5230 939 5302 Reg.
990 5231 1194 5287 tertius
1228 5227 1354 5283 ἀλλὰ
1379 5234 1494 5292 πᾶς.

638 5307 751 5380 (42)
796 5303 983 5380 Editio
1036 5306 1216 5380 Paris.
1263 5310 1581 5380 κρῖμα-,τοῦ⁸
1648 5302 1879 5357 ἐναντίου
1932 5310 2214 5380 γενώμεθα,

566 5376 846 5452 pessime.
868 5376 1053 5429 Editio
1077 5377 1214 5452 Ven.
1231 5375 1475 5443 et'ltegii
1497 5376 1727 5447 primus
1750 5383 1807 5432 et
1832 5380 2036 5433 tertius
2057 5375 2221 5452 κρῖμα

568 5455 659 5498 τοῦ
693 5446 949 5509 Ἀνανίου,
983 5449 1226 5517 optime.

633 5519 750 5589 (i3!
784 5518 1036 5593 Utraque
1067 5519 1247 5573 editio
1277 5523 1551 5589 μετανοίας
1592 5521 1779 5593 θύραν.
1805 5526 1871 5576 ut
1916 5536 1991 5578 ne
2031 5525 2220 5591 pani-

567 5594 770 5648 tentia
792 5589 1028 5658 quidem
1068 5596 1281 5645 ostium
1304 5594 1620 5663 reperiret,
1651 5589 1881 5650 durius.
1917 5589 2081 5665 Regii
2100 5596 2220 5668 pri-

2337 4508 2394 4555 τὸ
2475 4509 2942 4579 συγκεχωρημένον
3026 4512 3115 4559 καὶ
3182 4511 3409 4582 ἔννομον,
3484 4511 3553 4571 εἰς
3633 4504 3913 4559 ἀκολουθίαν

2338 4591 2458 4666 βίου
2483 4592 2637 4647 ἐλθεῖν
2661 4600 2794 4663 (44),
2826 4600 2915 4647 καὶ
2945 4597 3124 4649 ἑαυτὸν
3170 4595 3447 4652 ἐπιδοῦναι
3495 4608 3557 4672 τῇ
3590 4599 3814 4668 συζυγίᾳ
3839 4595 3915 4643 τοῦ

2333 4685 2526 4755 γάμου·
2578 4684 2932 4757 προληφθέντα
2980 4682 3039 4738 δε
3093 4683 3185 4740 διὰ
3247 4696 3337 4749 τῆς
3385 4689 3581 4750 οἰκείας
3639 4685 3911 4760 ὁμολογίαςι

2335 4772 2615 4843 φυλασσειν
2676 4781 2932 4847 προσήκει
3000 4776 3179 4829 ἑαυτὸν
3237 4786 3307 4849 τῷ
3375 4787 3516 4851 Θεῷ.
3586 4780 3811 4846 καθάπερ
3871 4786 3915 4821 τι

2333 4871 2431 4915 τῶν
2484 4866 2627 4937 ἱερῶν
2686 4863 3053 4938 ἀναθημάτων,
3102 4870 3165 4928 ὡς
3222 4867 3281 4919 ἂν
3329 4874 3402 4941 μὴ
3466 4879 3541 4940 τῷ
3595 4877 3685 4927 τῆς
3726 4868 3913 4938 ἱεροσυ·

2331 4950 2445 5014 λίας
2502 4954 2729 5025 ἑνέχοιτο
2814 4961 3046 5030 κρίματι,
3118 4961 3176 5009 τὸ
3254 4956 3606 5033 ἀφιερωμένον
3683 4955 3773 5010 διὰ
3831 4961 3914 5011 τῆς

2332 5040 2643 5114 ἀπαγγελίας
2697 5052 2769 5117 τῷ
2801 5052 2913 5117 Θεῷ
2966 5056 3118 5120 σῶμα
3163 5047 3317 5100 πάλιν
3360 5057 3423 5120 τῇ
3473 5055 3568 5101 τοῦ
3608 5053 3777 5101 κοινοῦ
3801 5041 3911 5117 βίον

2328 5254 2467 5321 mus
2495 5244 2550 5298 et
2611 5242 2818 5299 tertius
2884 5248 3156 5317 μετανοίας
3207 5246 3557 5321 προθεσμίαν,
3618 5243 3815 5301 mitius
3863 5240 3913 5294 et

2329 5328 2547 5368 VBHIIS.

2402 5386 2455 5455 (4
2467 5386 2513 5456 t)
2582 5388 2801 5441 Horum
2860 5388 3203 5451 verborum.

2329 5454 2506 5537 ﬂ9ti'v_.
2540 5456 2667 5537 haec
2700 5464 2787 5513 est
2839 5462 3173 5537 sententia;
3228 5463 3363 5537 ιιι-ει
3394 5477 3491 5517 res
3546 5465 3682 5517 vita
3710 5454 3907 5515 conve—

2328 5534 2556 5606 nientes
2584 5536 2638 5585 et
2665 5535 3017 5606 accomodas
3055 5534 3326 5606 seligere,
3354 5535 3471 5590 hoc
3517 5539 3630 5601 est,
3663 5540 3907 5590 commo-

2326 5598 2408 5656 da
2434 5602 2567 5657 vitae
2597 5602 2882 5674 amplecti
2914 5603 3069 5662 licet.

3280 5391 3351 5451 εἰς
3416 5388 3730 5443 ἀκολουθίαν
3802 5383 3908 5457 βίον
