4082 6178
173 265 266 320 909

1323 259 1616 319 REGULE
1651 256 1901 320 FUSIUS
1933 254 2070 320 ΤΒΑ
2078 249 2348 320 CTATE.

3407 263 3514 320 9M

167 386 270 448 ἕλος
348 387 375 438 ό
444 389 600 460 νόμος
679 389 769 439 καὶ
821 385 883 459 [ei
948 393 1213 460 προφῆται
1280 389 1584 461 κρέμανται.
1653 391 1755 440 Καὶ

1877 387 2075 444 ient“.
2097 388 2262 442 Nunc
2280 387 2482 442 autem
2505 386 2851 440 accuratum
2871 395 3212 439 sermonem
3225 380 3518 440 instruere

167 477 285 548 οὐχὶ
321 482 412 526 νῦν
444 473 520 528 δι’
552 474 818 550 ἀκριϐείας
857 471 1116 548 ἐφοδεύειν
1139 477 1245 533 ,τὸν
1290 475 1438 548 λόγον
1487 476 1758 552 ἐπιχειρή-

170 583 313 638 σομεν
341 566 501 636 (οὕτω
528 567 630 638 γὰρ
672 564 732 616 ἂν
770 564 1015 638 λάθοιμεν
1042 565 1213 617 πάντα
1253 567 1339 617 τόν
1382 569 1500 638 περὶ
1546 564 1756 618 ἐντολῶν

165 653 306 724 λόγον
374 652 771 714 ίπικνκλοῦντες
827 663 898 726 τῷ
957 655 1140 727 μέρει),
1197 653 1302 707 ἀλλ’
1366 655 1486 707 ὅσον
1551 659 1756 728 σύμμεά

165 761 277 816 τρον
315 743 443 816 ἡμῖν
468 747 559 796 καὶ
589 743 774 796 οἰκεῖον
819 751 891 814 τῷ
953 748 1170 818 παρόντι
1211 752 1410 816 σκοπῷ,
1452 746 1758 818 ὑπομνήσο-

171 851 254 888 ςιεν
299 835 433 905 ὑμᾶς
481 837 601 907 περὶ
651 840 740 894 τῆς
799 832 1126 907 ὀφειλομένης
1170 841 1244 905 τῷ
1293 841 1407 904 Θεῷ
1452 841 1574 909 παρ’
1614 835 1759 905 ἡμῶν

168 922 387 994 ἀγάπης,
433 920 593 974 ἕκείνο
657 927 904 997 πρότερον
957 927 1201 988 εἰπόντες,
1257 925 1337 975 ὅτι
1393 932 1572 975 πασῶν
1662 930 1759 974 τῶν

165 1009 415 1064 δοθεισῶν
441 1013 568 1085 ἡμῖν
609 1009 817 1064 ἐντολῶν
852 1016 995 1085 παρά
1050 1020 1201 1077 Θεοῦ,
1262 1015 1456 1064 τούτων
1513 1017 1602 1064 καὶ
1668 1014 1762 1072 τὰς

165 1097 405 1174 δυνάμεις
445 1099 568 1174 παρ’
613 1099 772 1153 αὑτοῦ
817 1101 1217 1174 προειλὴφαμεν,
1260 1103 1341 1152 ἱνα
1383 1107 1514 1173 μήτε
1550 1097 1759 1174 δυσχε-

1632 1195 1761 1262 μήτε

164 1278 513 1353 ἐπαιρόψιεθα,
565 1281 635 1340 ὡς
683 1279 831 1331 πλέον
881 1299 932 1331 τι
981 1287 1072 1331 τοῦ
1107 1275 1388 1351 δεδομένον
1423 1284 1760 1352 σννεισφερο-

161 1195 438 1264 ραίνωμεν,
518 1191 586 1250 ὦς
664 1210 713 1242 τι
783 1195 1076 1265 καινότερον
1152 1188 1538 1262 ἀπαιτούμενοι,

160 1388 320 1441 μενοι.
387 1376 487 1422 Καὶ
542 1365 635 1421 διὰ
687 1371 881 1421 τούτων
939 1377 1039 1421 τῶν
1109 1365 1395 1442 δυνάμεων,
1453 1369 1618 1441 ὀρθῶς
1673 1373 1762 1442 μὲν

159 1464 247 1511 καὶ
301 1464 675 1533 προσηκόντως
734 1457 1072 1532 ἐνεργοῦντες,
1123 1464 1208 1511 τόν
1257 1458 1370 1510 κατ’
1423 1457 1608 1532 ἀρετὴν
1678 1459 1762 1511 εύ-

162 1547 326 1610 σεεῶς
360 1547 768 1622 συμπληροῦμεν
800 1547 917 1620 βίον
943 1570 955 1582 ο
1003 1550 1436 1624 παραφθείροντες
1486 1545 1544 1602 δε
1597 1549 1763 1601 αὐτῶν

157 1643 250 1695 τὴν
335 1635 608 1712 ενέργειαν,
673 1640 798 1711 πρὸς
849 1642 942 1696 την
991 1644 1177 1690 κακίαν
1226 1639 1604 1711 ὑποφερόμεθα.
1664 1643 1763 1690 Καὶ

1864 493 1987 534 non
2027 477 2466 547 aggrediemur,
2523 489 2658 530 cum
2698 473 2782 528 ita
2819 471 3232 543 imprudentes
3269 487 3518 529 omnem

1868 582 2207 622 sermonem
2257 565 2335 620 ad
2381 563 2671 620 mandata
2703 567 3076 635 spectantem
3100 562 3159 617 in
3180 566 3349 634 parte
3379 577 3520 620 con-

1867 656 2266 721 cluderemus,
2302 654 2407 709 sed
2436 669 2548 726 pro
2589 651 2836 709 modulo
2864 655 3088 722 nostro,
3124 655 3179 708 et
3218 656 3519 724 quantum

1866 745 2173 820 proposito
2196 743 2472 816 praesenti
2504 741 2803 808 convenit,
2831 755 2940 796 vos
2977 740 3052 796 de
3083 755 3154 796 ea
3181 755 3370 812 quam
3399 742 3520 798 Deo

1869 835 2163 890 debemus
2185 835 2474 890 charitate
2496 829 3019 888 commonebimus
3049 846 3063 892 ς
3091 830 3140 884 si
3171 829 3339 900 prius
3371 829 3520 886 illud

1869 925 2216 991 dixerimus,
2263 939 2374 979 nos
2421 923 2695 980 omnium
2718 920 3149 977 mandatorum
3181 934 3315 991 qua:
3340 935 3377 976 a
3399 923 3520 977 Deo

1869 1013 2043 1070 nobis
2073 1013 2292 1070 tradita
2312 1017 2469 1079 sunt,
2492 1010 3009 1068 conﬁciendorum
3039 1005 3160 1065 vim
3190 1014 3248 1066 et
3276 1008 3522 1066 faculta-

1870 1110 1987 1160 tem
2013 1104 2090 1160 ab
2122 1103 2272 1160 eoin
2304 1109 2682 1159 antecessum
2708 1101 3031 1173 accepisse,
3061 1105 3337 1172 utneque
3361 1115 3522 1172 aegro

1871 1193 2158 1261 feramus,
2204 1193 2451 1265 perinde
2498 1191 2674 1264 quasi
2707 1189 2972 1246 insolens
3006 1189 3235 1261 aliquid
3272 1205 3308 1245 a
3345 1189 3522 1246 nobis

1872 1282 2162 1352 exigatur,
2201 1297 2398 1354 neque
2443 1281 2787 1349 efferamur,
2826 1283 3120 1351 tanquam
3159 1278 3266 1351 qui
3294 1279 3523 1352 aliquid

1872 1371 2132 1445 amplius
2152 1388 2337 1444 quam
2360 1371 2521 1444 quod
2542 1371 2748 1426 datum
2767 1374 2858 1424 est
2876 1367 3521 1441 rependamus.Etcum

1872 1463 1964 1519 his
1987 1461 2210 1518 viribus
2234 1465 2388 1517 recte
2403 1466 2458 1516 et
2476 1465 2612 1533 apte
2628 1461 2872 1527 utimur,
2895 1459 3078 1515 vitam
3101 1458 3526 1514 virtutibusor-

1873 1557 2080 1608 natam
2103 1551 2198 1624 pie
2217 1549 2588 1606 traducimus
2611 1566 2623 1603 :
2643 1549 2813 1620 337
2842 1553 3124 1621 corrupto
3144 1547 3527 1604 veroiliarum

1874 1658 2009 1711 usu,
2038 1640 2097 1696 in
2121 1640 2330 1696 vitium
2357 1638 2718 1694 delabimur.
2762 1642 2952 1710 Atque
2981 1637 3112 1693 haec
3149 1643 3242 1694 est
3269 1637 3398 1694 vitii
3421 1637 3527 1693 de-

157 1730 300 1780 ἓστιν
333 1727 482 1786 οὗτος
510 1730 697 1788 κακίας
727 1729 866 1801 ὅρος,
909 1728 938 1784 ἠ
981 1728 1204 1801 πονηρὰ,
1235 1731 1321 1778 καὶ
1368 1726 1490 1800 παρ’
1558 1726 1762 1785 ἐντολήν

1877 1731 2088 1799 ﬁnitio,
2132 1729 2507 1794 facultatum,
2564 1745 2700 1796 quae
2732 1727 2809 1784 ad
2835 1727 3065 1784 bonum
3093 1727 3528 1801 perﬁciendum

156 1824 244 1868 τοῦ
313 1820 510 1889 Κυρίου
559 1817 668 1886 (54)
696 1823 897 1888 χρῆσις
955 1824 1053 1867 τῶν
1116 1814 1189 1867 ἐπ’
1247 1814 1426 1887 ἀγαθῷ
1479 1815 1622 1888 παρὰ
1671 1825 1762 1868 τοῦ

158 1913 294 1958 Θεοῦ
340 1901 633 1976 δεδομένων
691 1905 853 1976 ἡμῖν·
908 1907 1080 1979 ὥσπερ
1130 1901 1238 1968 οὖν,
1289 1913 1379 1965 τῆς
1425 1908 1568 1979 παρὰ
1631 1913 1764 1959 Θεοῦ

156 1994 577 2066 ἐπιζητουμένης
608 1991 811 2066 ἀρετῆς,
863 1994 893 2052 ἡ
955 1993 1008 2056 ἐξ
1066 1992 1265 2066 ἀγαθοῦ
1323 2001 1414 2047 τοῦ
1471 1991 1765 2056 συνειδότος

154 2083 268 2136 κατ’
314 2082 523 2141 ἐντολὴν
553 2089 644 2135 τοῦ
688 2087 882 2155 Κυρίου
939 2091 1143 2156 χρῆσις
1200 2083 1386 2138 αὐτῶν.
1450 2086 1646 2137 Τούτου
1707 2081 1767 2137 δι

151 2173 328 2234 οὕτως
376 2174 614 2245 ἔχοντος,
664 2175 722 2224 τό
781 2171 909 2225 αὐτὸ
950 2177 1040 2224 καὶ
1088 2176 1201 2240 (53)
1252 2177 1369 2248 περὶ
1417 2181 1507 2234 τῆς
1558 2171 1765 2246 ἀγάπης

150 2263 406 2337 ἀροῦμεν.
436 2261 673 2321 Ἐντολην
721 2267 890 2314 τοίνυν
939 2261 1180 2325 λαϐόντες
1224 2261 1429 2334 ἀγαπᾷν
1477 2267 1564 2316 τόν
1613 2268 1762 2330 Θεὸν,

151 2357 253 2411 τήν
288 2350 630 2422 ἀγαπητικὴν
671 2348 892 2424 δύναμιν
937 2351 1083 2412 εὐθὺς
1135 2360 1196 2424 τῇ
1249 2358 1424 2426 πρώτῃ
1463 2361 1761 2426 κατασκενῇ

152 2439 698 2513 συγκαταϐληθείσαν
747 2442 1076 2514 κεκτήμεθα·
1145 2446 1235 2494 καὶ
1278 2441 1306 2500 ἠ
1357 2440 1624 2507 ἀπόδειξις
1673 2444 1765 2496 οὐκ

146 2531 369 2599 ἔξωθε-ν,
413 2527 520 2582 ἀλλ’
553 2531 707 2591 αύτός
746 2531 806 2582 ἄν
834 2547 910 2593 τις
958 2539 1108 2583 τοῦτο
1164 2530 1284 2605 παρ’
1335 2530 1517 2584 ἑαυτοῦ
1575 2537 1664 2585 καὶ
1717 2531 1765 2584 ἐν

144 2620 326 2691 ἑαυτῷ
354 2621 672 2693 καταμάθοι.
729 2626 840 2672 Τῶν
891 2637 944 2673 τε
1000 2622 1100 2696 γὰρ
1159 2620 1326 2672 καλῶν
1383 2620 1532 2694 ἔσμεν
1578 2622 1764 2675 ἐπιθυ-

140 2715 377 2782 μητικοὶ
404 2717 634 2782 φυσικῶς
661 2710 796 2782 (56),
832 2709 874 2762 εἰ
911 2715 1001 2762 καὶ
1049 2712 1126 2763 ὅτι
1182 2709 1414 2784 μάλιστα
1459 2711 1594 2783 ἄλλῳ
1643 2711 1762 2764 ἄλλο

139 2804 398 2869 petiverat
466 2796 657 2849 καλόν⁸
711 2802 800 2850 καὶ
855 2799 1083 2873 στοργήν
1136 2802 1264 2874 πρὸς
1327 2802 1386 2850 τό
1453 2800 1638 2852 οἰκεῖον
1673 2805 1762 2852 καὶ

140 2892 406 2961 συγγενὲς
461 2890 648 2960 εχομεν
704 2883 1026 2960 ἀδιδάκτως,
1117 2894 1206 2941 καὶ
1294 2895 1403 2952 τοῖς
1479 2889 1763 2965 εὐεργέταις

136 2978 413 3041 ἑκουσίως
471 2985 644 3030 πᾶσαν
695 2980 892 3030 εὔνοιαν
959 2977 1308 3054 ἔκπληροῦμεν
1565 2983 1628 3032 Τί
1676 2979 1763 3032 οὖν

136 3069 378 3129 κάλλους
433 3068 573 3120 θείου
630 3069 1096 3142 θαυμασιώτερον;
1167 3073 1259 3130 Τίς
1327 3071 1492 3120 ἔννοια
1536 3078 1626 3130 τῆς
1672 3077 1763 3122 τοῦ

141 3166 286 3210 θεοῦ
344 3157 790 3231 μεγαλοπρεπείας
836 3162 1193 3233 χαριεστέρα;
1263 3163 1417 3220 Ποίος
1465 3160 1620 3221 πόθος
1665 3157 1767 3231 ψυ-

147 3256 260 3318 χῖς
290 3247 439 3300 οὕτω
467 3243 658 3322 δριμὺς
689 3251 778 3299 καὶ
807 3245 1086 3321 ἀφόρητος,
1139 3250 1206 3309 ὡς
1254 3249 1279 3300 ὁ
1320 3246 1419 3301 ἀπὸ
1461 3256 1594 3302 Θεοῦ
1622 3247 1767 3321 ἔγγι-

149 3347 372 3410 τομενος
402 3345 463 3409 τῇ
503 3335 602 3388 ἀπό
634 3337 812 3398 ποίσης
841 3340 1026 3396 κακίας
1050 3338 1404 3412 κεκαθαρμένη
1450 3337 1628 3410 ψυχῇ,
1678 3343 1768 3390 καὶ

157 3425 259 3478 ἀπὸ
354 3425 610 3488 ἀληθινῆς
683 3422 962 3486 διαθέσεως
1034 3425 1282 3499 λεγούσῃ,
1332 3429 1410 3479 ὅτι
1465 3431 1764 3504 Τετρωμένη

163 3513 374 3586 ἀγάπης
423 3515 524 3588 ἐγώ
583 3515 724 3588 silui;
792 3511 1048 3590 Ἀρῥητοι
1101 3516 1353 3577 παντελῶς
1410 3522 1499 3568 καὶ
1557 3513 1768 3569 ἀνεκδι-

167 3604 357 3674 ίςγητοι
386 3613 479 3657 τοῦ
513 3606 651 3657 θείου
683 3604 902 3665 κάλλους
934 3605 987 3657 αἱ
1027 3602 1294 3682 ἀστραπαί
1319 3627 1330 3640 ·
1384 3606 1442 3658 ού
1473 3611 1770 3682 παρίστησι

170 3690 335 3764 λόγος,
367 3694 426 3747 ού
469 3691 688 3766 δέχεται
722 3692 874 3752 ἀκοὴ
921 3693 1024 3748 Κᾶν
1065 3695 1326 3771 ἑωσφόρον
1390 3695 1551 3768 αύγὰς
1598 3699 1764 3770 εἴπης,

175 3781 262 3832 κᾶν
336 3784 556 3845 σελήνης
620 3783 983 3857 λαμπρότητα,
1053 3782 1147 3835 κᾶν
1201 3784 1348 3843 ἡλίου
1413 3795 1538 3858 φῶς,
1605 3787 1770 3839 πάντα

179 3871 331 3945 ἄτιμα
356 3879 482 3950 πρὸς
532 3874 767 3927 εἰκασίαν
811 3882 901 3935 τῆς
941 3871 1117 3941 δόξης,
1160 3880 1248 3927 καὶ
1296 3875 1442 3928 πλέον
1488 3875 1767 3929 ἀπολειπό-

180 3980 294 4032 am
336 3967 452 4034 (58)
495 3967 625 4038 πρὸς
677 3967 769 4022 την
817 3971 908 4016 τοῦ
953 3963 1201 4022 ἀληθινοῦ
1254 3969 1413 4038 φωτός
1470 3968 1764 4042 σύγκρισιν,

184 4052 461 4108 ἧκαθόσον
503 4052 696 4126 βαθεῖα
751 4051 863 4122 νύξ,
914 4059 1003 4107 καὶ
1050 4057 1244 4127 στυγνή
1299 4061 1593 4129 σκοτομήνη
1640 4073 1768 4129 μεσ-

187 4141 400 4216 ημϐρίας
467 4144 869 4216 καθαρωτάτης.
951 4150 1115 4196 Τοῦτο
1161 4147 1218 4196 τό
1272 4144 1457 4207 κάλλος
1506 4151 1770 4220 σαρκίνοις

184 4234 262 4301 μὶν
290 4231 575 4306 ὀφθαλμοῖς
607 4230 919 4306 ἀθεώρητον,
947 4232 1101 4306 ψυχῇ
1137 4229 1196 4286 δε
1224 4238 1354 4308 μόνη
1411 4238 1503 4287 καὶ
1562 4231 1772 4308 διανοίᾳ

185 4321 500 4380 καταληπτόν
542 4326 684 4394 (59),
739 4326 882 4375 εἵπου
923 4341 1038 4375 τινα
1083 4323 1401 4396 περιέλαμψε
1447 4333 1546 4376 τῶν
1588 4325 1765 4396 ἁγίων,

190 4419 265 4462 καὶ
304 4411 561 4488 ἀφόρητον
623 4419 715 4463 τοῦ
776 4414 940 4464 πόθου
988 4414 1047 4464 τὸ
1106 4414 1311 4486 κέντρον
1363 4413 1536 4474 αὐτοῖς
1579 4413 1769 4486 ἔγκατα

191 4499 360 4571 ιλιπεν,
414 4503 463 4554 οἱ
515 4500 754 4562 ἀλύοντες
808 4505 941 4576 πρὸς
985 4505 1079 4560 τὴν
1135 4499 1359 4555 ἐνταῦθα
1415 4503 1548 4564 ζωὴν
1602 4503 1771 4577 ἔλεγον

193 4591 250 4641 Oi
298 4611 407 4664 μοι,
465 4592 547 4646 ὅτι
602 4593 631 4650 ἡ
684 4595 934 4666 παροικία
987 4610 1088 4664 μου
1157 4591 1473 4668 ἕμακρύνθη,
1504 4597 1635 4648 Πότε
1666 4591 1772 4657 ἧξω

192 4687 270 4733 ui
321 4682 626 4757 ὀφθήσομαι
669 4691 743 4754 τῷ
795 4687 1061 4759 προσώπῳ
1110 4690 1204 4736 τοῦ
1263 4691 1440 4749 Stoa;
1531 4690 1621 4738 καὶ
1688 4689 1770 4754 τό,

195 4766 457 4826 Ἀναλῦσαι
522 4778 613 4825 καὶ
687 4776 780 4824 σὺν
841 4780 1054 4847 Χριστῷ
1124 4774 1254 4826 εἶναι
1326 4773 1496 4846 πολλῷ
1583 4774 1774 4848 μᾶλλον

193 4869 458 4932 κρεῖσσον·
533 4866 624 4914 καὶ
699 4864 778 4929 τὸ,
847 4858 1137 4934 Ἐδίψησεν
1211 4859 1241 4921 ἡ
1298 4861 1452 4936 ψυχή
1499 4883 1598 4938 μου
1647 4869 1775 4940 πρὸς

195 4950 269 5001 τόν
315 4955 441 5006 Θεὸν
479 4955 568 5005 τὸν
619 4950 844 5025 ἰσχυρὸν
901 4955 988 5006 τόν
1035 4952 1244 5013 ζῶνταο
1299 4957 1408 5010 καὶ.
1481 4960 1589 5006 Νῦν
1653 4953 1778 5008 ἀπο-

255 5075 295 5108 “
320 5075 522 5136 Matth.
556 5090 702 5132 nn.
729 5077 819 5132 40.
898 5075 946 5112 ⁸⁸
978 5078 1148 5134 Cant.
1173 5091 1234 5141 ιι,
1277 5079 1330 5133 5.

1409 5079 1456 5113 ⁴⁶
1480 5079 1634 5136 Psal.
1671 5094 1829 5151 cmx,
1863 5083 1914 5137 5.

1875 1820 2051 1877 nobis
2083 1836 2118 1876 a
2142 1822 2258 1875 Deo
2290 1819 2446 1875 datae
2494 1824 2653 1884 sunt,
2687 1834 2832 1873 usus
2873 1817 3089 1885 malus,
3119 1822 3177 1873 et
3218 1834 3254 1874 a
3292 1817 3530 1874 Domini

1877 1911 2192 1984 praeceptis
2216 1909 2448 1966 alienus
2475 1927 2486 1964 :
2510 1907 3034 1981 quemadmodum
3049 1911 3272 1975 contra,
3297 1908 3530 1964 virtutis

1874 2017 2061 2074 quam
2092 2002 2243 2056 Deus
2267 1998 2687 2072 requirit,usus
2717 1998 3072 2054 earumdem
3101 2012 3176 2052 ex
3205 1997 3368 2054 bona
3387 2012 3528 2054 con-

1875 2087 2524 2162 scientiaproﬁciscens
2545 2085 2880 2143 secundum
2902 2085 3524 2142 Dominimandatum.

1877 2179 2050 2245 Quod
2081 2195 2218 2234 cum
2241 2179 2323 2234 ita
2335 2177 2429 2247 sit,
2452 2176 2614 2233 idem
2639 2176 2714 2232 de
2739 2175 3026 2233 charitate
3046 2175 3262 2232 dicturi
3280 2191 3519 2232 sumus.

1877 2270 2024 2326 Cum
2051 2267 2230 2339 igitur
2251 2267 2324 2322 de
2364 2265 2667 2337 diligendo
2694 2267 2814 2322 Deo
2837 2264 3199 2322 mandatum
3231 2265 3530 2338 acceperi-

1875 2373 2031 2425 mus,
2075 2357 2274 2414 statim
2303 2373 2338 2413 a
2368 2356 2566 2430 prima
2592 2360 2799 2412 nostra
2821 2354 3248 2412 constitutione
3281 2354 3530 2412 insitam

1873 2446 2259 2521 possedimus
2303 2445 2592 2517 diligendi
2634 2444 2759 2502 vim
2790 2460 2861 2502 ac
2901 2444 3292 2502 facultatem:
3333 2460 3530 2518 neque

1874 2538 2004 2609 ejus
2026 2537 2109 2593 rei
2133 2535 2570 2594 demonstratio
2602 2535 2681 2592 ab
2704 2527 2964 2592 externis
2987 2534 3358 2605 argumentis
3378 2537 3529 2608 peti-

1875 2632 1988 2689 tur,
2040 2625 2148 2682 sed
2196 2625 2395 2700 quivis
2434 2625 2562 2698 ipse
2612 2640 2649 2682 a
2696 2625 2895 2697 seipso
2940 2628 2997 2680 et
3047 2624 3110 2680 in
3141 2625 3340 2697 seipso
3377 2622 3529 2680 illud

1873 2715 2137 2774 ediscere
2158 2721 2373 2790 potest.
2407 2715 2635 2788 Quippe
2665 2714 2861 2772 bonas
2893 2731 2988 2771 res
3019 2730 3090 2770 ac
3120 2713 3403 2787 pulchras
3426 2729 3532 2770 na-

1873 2805 2138 2863 turaliter
2168 2805 2532 2878 appetimus,
2565 2820 2921 2877 quanquam
2949 2808 3013 2861 ut
3056 2804 3323 2877 primum
3364 2802 3530 2860 aliud

1873 2896 1971 2952 alii
2001 2895 2233 2952 videtur
2253 2895 2574 2968 pulchrum
2597 2897 2653 2949 et
2689 2893 2953 2962 bonum;
2987 2894 3249 2967 itemque
3270 2893 3530 2950 necessi-

1874 2984 2078 3040 tudine
2107 2989 2164 3039 et
2186 2983 2634 3056 propinquitate
2664 2984 3059 3054 cunjunctum
3081 2999 3361 3039 amamus
3391 2982 3530 3038 licet

1872 3073 2117 3140 indocti,
2143 3078 2199 3131 et
2225 3078 2434 3130 nostra
2465 3078 2680 3145 sponte
2706 3072 3012 3129 beneﬁcos
3051 3072 3218 3128 omni
3264 3072 3528 3128 benevo-

1871 3164 2052 3220 lentia
2088 3161 2571 3234 complectimur.
2599 3159 2849 3233 Ecquid,
2881 3175 3112 3232 quaeso,
3159 3159 3366 3217 divina
3395 3159 3526 3232 pul-

1873 3251 2208 3310 cbritudine
2221 3251 2298 3307 ad
2307 3249 2822 3316 mirabilius?Quaa
2837 3249 3122 3319 cogitatio
3137 3249 3527 3321 magniﬁcen-

1872 3344 1952 3399 tia
1975 3341 2075 3398 Dei
2102 3341 2329 3412 gratior
2359 3345 2450 3396 est
2471 3344 2528 3396 et
2549 3340 2792 3396 suavior
2811 3340 2838 3396 ?
2869 3337 3053 3405 Quale
3086 3339 3271 3396 animi
3292 3339 3527 3396 deside-

1873 3434 2028 3490 rium
2055 3432 2514 3490 tamvehemens
2553 3435 2640 3487 est
2669 3435 2724 3487 et
2753 3430 3104 3500 violentum,
3163 3446 3350 3504 quam
3376 3430 3528 3488 illud

1873 3522 2041 3598 quod
2061 3539 2096 3579 a
2112 3525 2227 3579 Deo
2244 3522 2629 3592 ingeneratur
2649 3520 2866 3576 animae
2888 3519 3028 3576 vitio
3045 3521 3210 3576 omni
3229 3526 3526 3594 purgatas,

1875 3617 1931 3669 et
1952 3611 2173 3668 dicenti
2195 3626 2267 3666 ex
2290 3626 2432 3666 vero
2454 3609 2700 3666 affectu:
2738 3610 3065 3666 Vulnerata
3087 3609 3405 3666 charitatis
3425 3625 3526 3680 ego

1873 3717 2003 3758 sum
2027 3699 2114 3757 “?
2155 3697 2493 3755 lneﬂ'abiles
2525 3699 2775 3755 omnino
2829 3703 2970 3754 sunt
3009 3702 3066 3754 et
3094 3697 3528 3755 inenarrabiles

1873 3790 2084 3847 divinas
2142 3788 2606 3862 pulchritudinis
2672 3787 2968 3858 fulgores:
3017 3803 3142 3844 non
3188 3803 3290 3844 eas
3311 3785 3531 3859 detegit

1875 3879 2091 3949 oratio,
2121 3894 2244 3935 non
2275 3878 2495 3950 excipit
2516 3877 2698 3933 auris.
2749 3877 2865 3933 Etsi
2895 3876 3123 3932 luciferi
3177 3875 3528 3949 splendores

1875 3968 2123 4035 dixeris,
2155 3973 2211 4024 et
2238 3967 2396 4024 lunae
2423 3966 2779 4036 claritatem,
2813 3971 2870 4022 et
2899 3965 3042 4022 solis
3064 3967 3292 4038 lumen,
3323 3965 3531 4023 omnia

1875 4075 1998 4132 prae
2026 4057 2183 4114 illius
2206 4055 2396 4127 gloria
2423 4055 2564 4112 vilia
2584 4060 2724 4112 sunt
2744 4060 2801 4112 et
2829 4055 3116 4125 obscura,
3171 4059 3353 4128 atque
3390 4070 3531 4112 cum

1875 4163 2015 4204 vera
2034 4147 2166 4203 luce
2191 4149 2567 4219 comparata,
2599 4144 2794 4217 magis
2820 4143 3044 4200 distant
3076 4143 3154 4200 ab
3178 4143 3302 4214 illa,
3340 4159 3532 4218 quam

1875 4236 2183 4310 profunda
2204 4235 2511 4309 tristisque
2537 4251 2608 4291 ac
2629 4234 2829 4290 illunis
2858 4250 2981 4290 nox
3003 4250 3039 4290 a
3061 4233 3398 4291 clarissima
3409 4249 3528 4291 mo-

1876 4325 2025 4383 ridie
2071 4324 2341 4382 dissidet.
2405 4323 2790 4381 Pulchritudo
2827 4323 2957 4379 haec
2997 4323 3233 4380 carneis
3282 4323 3534 4396 quidem

1877 4415 2067 4474 oculis
2113 4415 2384 4486 conspici
2439 4429 2566 4472 non
2622 4418 2834 4486 potest,
2879 4413 2988 4469 sed
3015 4413 3199 4470 asola
3227 4413 3437 4470 anima
3460 4429 3533 4471 ac

1877 4509 2078 4562 mente
2093 4503 2589 4577 apprehenditur.
2606 4505 2686 4559 Ea
2698 4502 2746 4558 si
2767 4501 3018 4576 quando
3030 4504 3384 4576 quempiam
3402 4519 3540 4562 san-

1879 4599 2113 4652 ctorum
2137 4591 2472 4656 illustravit,
2503 4591 2700 4649 statim
2724 4591 3174 4649 intolerandum
3206 4593 3268 4648 in
3292 4593 3541 4668 ipsisre-

1877 4685 2050 4758 liquit
2080 4682 2366 4741 desiderii
2409 4682 2759 4742 stimulum:
2794 4683 3022 4757 quippe
3069 4684 3176 4757 qui
3226 4683 3543 4757 pressantis

1879 4775 2018 4832 vitas
2047 4773 2290 4847 pertaasi
2326 4772 2652 4840 dicebant:
2677 4774 2812 4829 Heu
2853 4773 3024 4840 mihi,
3061 4774 3206 4845 quia
3237 4775 3542 4830 incolatu:

1881 4879 2045 4922 meus
2052 4863 2454 4934 prolongatus
2469 4869 2554 4919 est
2569 4864 2635 4918 ⁸⁸.
2656 4862 2906 4931 Quando
2923 4863 3154 4920 veniam
3170 4867 3224 4918 et
3238 4859 3543 4932 apparebo

1883 4960 2026 5015 ante
2051 4954 2272 5027 faciem
2294 4952 2406 5011 Dei
2426 4953 2501 5008 ιη
2517 4952 2666 5010 Item
2691 4952 2859 5009 illud:
2889 4952 3155 5008 Dissolvi
3173 4955 3231 5007 et
3267 4965 3389 5008 esse
3407 4963 3544 5006 cum

1993 5080 2039 5114 ⁸⁷
2083 5078 2234 5136 Psal.
2259 5094 2378 5147 xu,
2405 5082 2458 5136 3.

257 5201 357 5279 (Mi
391 5201 545 5279 Editi
575 5205 634 5258 et
661 5200 787 5259 duo
813 5217 958 5279 mss.
1012 5200 1215 5262 ίντολὴν
1239 5209 1332 5256 τοῦ
1363 5209 1624 5279 Χριστοῦ.
1664 5205 1777 5261 Alii

204 5269 306 5328 duo
327 5273 530 5331 ἐντολὴν
561 5281 654 5326 τοῦ
689 5278 904 5331 Κυρίου.

210 5325 366 5471 Η
388 5325 619 5402 Vocula
640 5325 730 5397 ut
755 5325 964 5402 addita
983 5349 1072 5402 est
1099 5361 1172 5402 ex
1202 5333 1503 5404 veteribus
1522 5352 1782 5421 quatuor

397 5492 538 5576 Rheg;
566 5489 805 5576 prin’iu‘s
824 5486 975 5576 ίσιέεν
1007 5485 1324 5576 ἐπιθυμηταὶ
1356 5500 1604 5572 φυσικῶς.

270 5563 371 5628 (57)
418 5561 624 5620 Codex
684 5561 850 5619 Colb.
887 5561 1092 5616 ἔννοιαν
1145 5561 1568 5638 ἀποπληροῦμεν.
1619 5562 1789 5620 Haud

1884 5203 2062 5273 longe
2091 5203 2252 5260 idem
2281 5197 2661 5275 liberdptpb;
2689 5205 2778 5275 καὶ
2808 5203 3045 5275 φορητός.

1961 5269 2072 5344 (ῧδ)
2105 5275 2306 5332 Codex
2337 5269 2508 5330 Colb:
2554 5269 2643 5325 καὶ
2684 5269 2833 5325 πλέον
2873 5269 3358 5343 ἀπολιμπανόμενα.
3419 5269 3550 5328 Mox

1889 5348 2033 5413 Reg.
2053 5347 2263 5402 tertius
2292 5347 2320 5404 ἡ
2348 5347 2490 5399 ὅσον.

1964 5410 2070 5485 (39)
2107 5417 2306 5472 Codex
2337 5417 2593 5488 Voss._et
2625 5413 2793 5470 Colb.
2817 5417 2873 5469 et
2903 5416 3040 5488 Reg.
3067 5411 3297 5488 primus
3341 5410 3556 5488 διανοίᾳ

1899 5492 2182 5562 θεωρητόν,
2204 5488 2420 5544 eadem
2469 5486 2648 5560 plane
2709 5486 3023 5544 sententia.
3068 5485 3204 5544 110x
3260 5485 3386 5547 duo
3424 5485 3554 5546 mss

1895 5560 2098 5634 κέντρον
2122 5560 2284 5631 αὐτῷ.
