4082 6178
276 282 365 335 913

1438 283 1748 339 BEGULE
1777 284 2024 341 FUSIUS
2052 283 2442 341 THACTATzE

3508 292 3613 352 914

281 405 392 455 σθαι
439 410 542 454 τῶν
601 401 808 478 δωρεῶν
855 414 946 459 τοῦ
1001 414 1135 460 Θεοῦ
1185 405 1406 461 δύναται
1452 425 1465 475 ;
1517 408 1570 460 αἱ
1607 417 1827 461 τοσαῦτα

1971 409 2076 481 qui
2104 409 2178 464 de
2199 409 2375 465 nobis
2403 409 2554 465 bene
2576 408 2768 465 meriti
2792 414 2932 465 sunt
2969 409 3451 468 benevolentiam
3489 427 3614 467 mo.

267 497 350 564 μέν
409 491 515 544 εἰσι
576 497 634 544 τό
692 493 902 562 πλῆθος,
973 499 1042 558 ὡς
1105 501 1194 549 καὶ
1252 497 1471 572 ἀριθμὸν
1540 495 1857 570 διαφεύγειν·

270 581 574 637 τηλικαῦται
634 580 691 635 δὲ
739 588 799 636 τὸ
845 588 1053 657 μέγίθος
1095 591 1184 638 καὶ
1234 594 1494 653 τοιαῦται,
1547 588 1678 638 ὥστε
1717 585 1860 661 ἐξαρ-

1927 518 1930 520 ·
1967 514 2220 570 remque
2239 498 2579 554 naturalem
2603 498 3288 571 babemus,nullumque
3313 517 3437 556 non
3455 500 3613 556 subi-

1965 604 2102 644 mus
2134 589 2431 654 laborem,
2458 593 2521 644 ut
2547 588 2839 644 beneﬁcia
2862 589 3030 660 prius
3058 589 3116 644 in
3147 607 3260 644 nos
3281 589 3497 648 collata
3517 606 3610 646 re-

265 679 364 722 κεῖν
428 675 520 723 me}.
577 677 701 744 μίαν
747 672 816 735 εἰς
869 678 928 725 τό
976 675 1293 738 ὑπευθύνους
1348 678 1488 748 ἡμᾶς
1553 675 1623 735 εἰς
1683 681 1827 726 πᾶσα

1961 691 2374 744 muneremur,
2404 677 2692 749 quisnam
2721 694 2918 733 sermo
2954 679 3050 734 Dei
3082 679 3244 736 dona
3266 697 3376 752 pro
3398 681 3609 738 merito

262 763 419 834 χάριν
459 769 534 830 τῷ
581 757 838 814 δεδωκότι
882 773 1124 822 ποιῆσαι.
1169 768 1275 827 Τάς
1301 764 1394 838 μέν
1424 761 1511 816 οὖν
1541 763 1696 826 ἄλλας
1723 783 1854 838 παρ-

258 855 384 917 ήσω,
428 848 506 912 αἱ,
560 850 602 902 εἰ
657 852 905 904 καὶ-καθ’
959 851 1143 915 ἑαυτὰς
1209 853 1588 927 ὑπερϐάλλουσι
1653 855 1853 926 μεγέθει

254 945 340 991 καὶ
377 942 589 1014 χάριτι,
638 939 744 992 ἀλλ’
789 943 888 994 ὑπό
944 952 1042 994 τῶν
1099 944 1368 1016 μειζόνων,
1424 949 1596 1017 ὥσπερ
1639 941 1850 1015 ἀστέρες

250 1030 491 1089 ἡλιακαῖς
556 1029 785 1100 ἀκτῖσιν,
830 1031 1302 1106 ὑπερλαμπόμεναι,
1353 1038 1447 1091 τὴν
1503 1031 1619 1084 καθ’
1666 1031 1848 1092 ἑαυτὰς

246 1121 408 1191 χάριν
449 1116 811 1194 ἀμυδροτέραν
857 1127 1198 1196 παρέχονται.
1255 1124 1332 1175 Οὑ
1379 1125 1480 1197 γὰρ
1533 1122 1701 1194 σχολὴ
1744 1142 1844 1173 κα-

243 1207 516 1260 ταλιπόντι
551 1211 616 1261 τὰ
655 1209 1057 1285 ὑπερϐάλλοντα,
1104 1211 1158 1264 ἐκ
1196 1221 1296 1265 τῶν
1339 1211 1612 1264 ἐλαττόνων
1643 1217 1842 1286 μετρεῖν

241 1305 328 1348 τοῦ
362 1297 632 1371 εὐεργέτου
653 1304 747 1356 την
769 1298 1092 1371 ἀγαθότητα.

1961 766 2258 838 explicare
2289 767 2480 837 possit
2508 767 2535 821 ?
2554 769 2740 822 Tanta
2767 767 3015 839 quidem
3039 774 3132 822 est
3160 769 3379 824 horum
3410 769 3610 825 multi-

1961 855 2127 925 tudo,
2159 860 2223 910 ut
2253 855 2433 910 etiam
2486 871 2812 912 numerum
2845 856 3170 926 effugiant:
3208 857 3348 913 item
3375 859 3606 926 magni.

1958 944 2164 1000 tudine
2194 949 2360 1000 tanta
2385 951 2525 1001 sunt
2549 952 2605 1001 et
2639 947 2868 1012 talia,ut
2888 946 2984 1002 vel
3006 947 3248 1002 unicum
3272 947 3413 1002 satis
3440 948 3517 1002 ad
3539 948 3602 1004 id

1955 1035 2120 1100 sit,ut
2142 1034 2563 1091 omnimodam
2583 1035 2848 1105 largitori
2870 1036 3124 1104 gratiam
3147 1037 3474 1106 rependere
3501 1036 3600 1091 de-

1954 1123 2228 1179 beamus.
2262 1123 2390 1180 Alia
2417 1124 2596 1193 igitur
2616 1127 2910 1194 omittam,
2953 1141 3089 1196 quae
3121 1125 3352 1181 tametsi
3374 1141 3480 1196 per
3534 1141 3597 1181 se

1950 1212 2085 1284 ipsa
2106 1212 2407 1268 excellunt
2437 1213 2853 1282 magnitudine
2898 1218 2956 1268 et
2982 1213 3295 1282 dignitate,
3331 1221 3531 1270 tamen
3559 1231 3597 1272 a

1950 1301 2288 1371 majoribus
2316 1318 2441 1358 non
2460 1317 2631 1358 secus
2648 1301 2968 1358 obscurata
2985 1318 3170 1373 quam
3195 1301 3375 1358 stellae
3396 1319 3433 1358 a
3452 1303 3595 1360 solis

245 1386 455 1451 radiis,
489 1402 598 1459 per
626 1404 688 1444 se
718 1389 780 1444 in
811 1388 1101 1460 dignitate
1120 1390 1476 1449 obscuriora
1506 1395 1563 1446 et
1589 1390 1859 1446 tenuiora
1889 1397 2202 1464 apparent.
2234 1395 2348 1448 Nec
2379 1393 2544 1448 enim
2589 1396 2781 1460 vacat,
2813 1391 3123 1448 beneﬁciis
3166 1393 3592 1466 praestantiori-

235 1474 352 1531 bus
374 1477 819 1551 praetermissis,
855 1494 926 1535 ex
955 1479 1294 1536 minoribus
1317 1479 1574 1536 beneﬁci
1605 1479 1706 1536 Dei
1725 1479 2062 1537 bonitatem
2086 1479 2385 1537 admetiri.

305 1642 359 1694 3.
414 1641 809 1693 Σιωπάσθωσαν
849 1647 1018 1694 τοίνυν
1057 1642 1206 1701 ἡλίου
1248 1642 1512 1708 ἀνατολαὶ,
1553 1646 1642 1694 καὶ
1679 1639 1838 1698 σελή-

233 1749 322 1790 νης
373 1726 635 1802 περίοδοι,
687 1733 903 1803 κράσεις
951 1732 1128 1806 ἀέρων,
1181 1736 1324 1807 ὡρῶν
1364 1732 1636 1803 ἐναλλαγαὶ
1693 1726 1836 1803 ὕδωρ

2018 1643 2071 1695 3.
2105 1638 2400 1696 Sileantur
2425 1640 2604 1710 igitur
2652 1640 2794 1697 solis
2837 1644 3027 1706 ortus,
3055 1639 3213 1696 lunae
3257 1641 3597 1696 conversio-

1948 1743 2075 1799 nes,
2137 1730 2452 1801 temperies
2506 1729 2680 1792 aeris.
2734 1729 3176 1785 vicissitudines
3230 1734 3594 1801 temporum,

233 1817 333 1869 ἀπὸ
385 1827 568 1890 νεφῶν,
620 1824 710 1872 καὶ
770 1819 872 1874 ἀπὸ
918 1830 1019 1893 γῆς
1057 1823 1243 1897 ἕτερον,
1313 1822 1443 1880 αὑτή
1499 1823 1528 1880 ἠ
1575 1821 1827 1884 Θάλασσα1

1946 1833 2120 1890 aquae
2154 1835 2225 1874 ex
2257 1818 2526 1874 nubibus
2546 1819 2758 1891 lapsae,
2790 1820 2920 1873 alite
2943 1835 2973 1874 e
3007 1824 3160 1874 terra
3188 1823 3594 1890 erumpentes,

230 1908 260 1964 ἦ
305 1917 376 1980 γῆ
425 1911 705 1980 σύμπασα,
745 1913 810 1962 τά
1019 1911 1072 1964 ἐκ
1113 1922 1215 1983 γῆς
1254 1917 1499 1984 φυόμενα,
1550 1913 1615 1962 τὰ
1645 1908 1693 1961 ἐν
1731 1916 1836 1968 τοῖς

229 1993 401 2049 ὕδασι
451 1994 794 2071 διαιτώμενοι,
847 2003 911 2052 τὰ
960 1999 1009 2052 ἐν
1054 2000 1166 2073 ἀέρι
1215 2006 1358 2072 γένη,
1411 2003 1464 2052 αἱ
1511 2005 1697 2073 μυρίαι
1737 2006 1834 2050 τῶν

226 2088 378 2148 ζώων
427 2084 704 2162 διαιροραὶ,
751 2091 922 2141 πάντα
951 2093 1016 2142 τὰ
1054 2094 1182 2165 πρός
1213 2092 1500 2163 ὑπηρεσίαν
1543 2097 1637 2150 τῆς
1693 2089 1834 2149 ζωῆς

221 2178 379 2247 ἡμῶν
423 2181 729 2248 τεταγμένα.
777 2177 913 2231 Ἀλλ’
961 2177 1117 2231 ἐκεῖνο
1170 2175 1292 2230 οὐδὲ
1335 2180 1450 2249 (69)
1501 2176 1834 2250 βουλομένοις

218 2264 499 2339 παρελθεῖν
559 2262 804 2333 δυνατὸν,
872 2273 962 2319 καὶ
1033 2277 1305 2327 σιωπῆσαι
1369 2271 1458 2340 μιν
1519 2271 1612 2325 την
1667 2267 1832 2340 χάριν

217 2364 289 2425 τῷ
336 2375 402 2426 γε
430 2362 550 2409 νοῦν
594 2357 721 2426 ὑγιᾶ
762 2362 851 2409 καὶ
895 2357 1045 2429 λόγον
1093 2361 1270 2430 ἔχοντι
1313 2357 1566 2420 παντελῶς
1607 2356 1831 2429 ἀμήχα-

213 2464 318 2509 νον,
377 2445 541 2498 εἰπεῖν
607 2442 668 2499 δί
723 2465 776 2498 τι
831 2450 958 2520 πρὸς
1014 2446 1162 2510 ἀξίαν
1213 2447 1360 2500 πλέον
1417 2445 1826 2520 ἀδυνατώτερον,

213 2535 296 2586 ὅτι
342 2535 465 2586 κατ’
517 2534 690 2587 εἰκόνα
733 2544 867 2590 Θεοῦ
919 2543 1008 2588 καὶ
1057 2539 1306 2610 ὁμοίωσιν
1343 2541 1572 2598 ποιήσας
1614 2540 1700 2588 τόν
1743 2536 1830 2587 ἆν-

216 2625 426 2696 Θρωπον
488 2626 514 2676 ὁ
563 2628 714 2691 Θεὸς,
756 2630 845 2679 καὶ
894 2636 988 2689 τῆς
1041 2627 1224 2681 ἑαυτοὺ
1283 2632 1521 2698 γνώσεως
1576 2624 1823 2691 ἀξίωσας,

212 2717 302 2763 καὶ
360 2712 504 2784 λόγῳ
553 2716 696 2790 παρὰ
753 2717 924 2767 πάντα
969 2718 1035 2767 τὰ
1088 2715 1198 2777 ζῶα
1253 2720 1683 2787 κατακοσμήσας,
1737 2717 1826 2765 καὶ

212 2809 326 2863 τοῖς
381 2801 686 2874 ἀμηχάνοις
749 2812 840 2856 τοὺ
901 2801 1229 2877 παραδείσου
1289 2803 1526 2858 κάλλεσιν
1578 2803 1824 2878 ἐντρυφᾷν

212 2897 650 2965 παρασχόμενος,
702 2899 792 2945 καὶ
848 2903 946 2946 τῶν
997 2893 1079 2947 ἐπὶ
1134 2903 1234 2966 γῆς
1297 2892 1532 2947 ἀπάντων
1588 2897 1826 2968 άρχοντα

210 2986 585 3047 καταστήσας,
619 2990 731 3035 εῖτα
767 2986 1218 3056 κατασοφισοίντα
1246 2986 1344 3037 ὑπὸ
1375 2992 1466 3036 τοῦ
1497 2988 1655 3056 ὄφεως
1688 2985 1820 3053 (70),

211 3075 298 3123 καὶ
329 3076 703 3124 καταπεσόντα
728 3074 798 3134 εἰς
835 3077 928 3130 τήν
967 3071 1248 3146 ἁμαρτίαν,
1280 3078 1370 3124 καὶ
1401 3069 1494 3124 ὃιά
1523 3081 1615 3134 τῆς
1646 3072 1822 3145 ἀμαρ-

212 3167 327 3222 τίας
377 3161 447 3221 εἰς
494 3164 583 3214 τὸν
629 3163 862 3229 θάνατον,
905 3167 994 3215 καὶ
1031 3165 1095 3215 τά
1137 3166 1322 3216 τούτου
1361 3163 1505 3230 ἀξια,
1537 3163 1595 3216 οὑ
1625 3169 1820 3237 περιεῖ-

213 3246 324 3302 δεμ
375 3250 510 3303 ἀλλὰ
557 3255 623 3304 τὰ
671 3255 761 3324 μὲν
800 3261 982 3328 πρῶτα
1023 3257 1176 3327 νόμον
1225 3249 1413 3306 ἔδωκεν
1459 3254 1525 3314 εἰς
1572 3252 1819 3325 βοήθειαν

209 3338 461 3412 ἀγγέλους

208 3436 484 3502 προφήτας
533 3428 826 3484 ἀπέστειλεν
874 3432 940 3491 εἰς
995 3431 1210 3503 ἂεγχον
1261 3437 1449 3493 κακίας
1505 3438 1593 3485 καὶ
1651 3428 1818 3484 διδα-

541 3340 822 3400 ὶπίστησεν
903 3343 974 3403 εὶς
1039 3341 1272 3415 φυλακην
1345 3348 1436 3396 καὶ
1509 3342 1814 3416 ἐπιμέλειαν,

209 3519 434 3572 σκαλίαν
473 3518 629 3593 ἀρετῆ
645 3540 681 3586 ς.
729 3523 822 3582 τὰς
864 3522 1030 3593 ὁρμὰς
1065 3529 1160 3583 τῆς
1201 3525 1393 3583 κακίας
1433 3530 1544 3582 ταῖς
1583 3520 1818 3584 ἀπειλαῖς

206 3605 438 3677 ἐνέκοψε,
517 3616 620 3659 τῶν
686 3606 893 3679 ἀγαθῶν
961 3613 1050 3666 τὴν
1113 3611 1408 3684 προθυμίαν
1481 3609 1817 3682 ἐπαγγελίαις

205 3692 471 3771 διήγειρε,
500 3699 560 3749 τὸ
590 3700 744 3770 πέρας
772 3699 887 3766 (7i)
926 3697 1167 3773 ἐκατέρου
1195 3698 1438 3761 πολλάκις
1470 3698 1519 3751 ἓν
1547 3696 1815 3774 διαγόροις

205 3794 519 3857 προσώποις
559 3786 632 3848 εἰς
658 3787 929 3839 νουθεσίαν
979 3797 1078 3840 τῶν
1123 3787 1288 3839 ἄλλων
1327 3787 1596 3863 προλαϐὼν
1636 3787 1814 3860 ἐρανί-

199 3894 361 3946 ρωσε,
393 3882 486 3928 καὶ
520 3873 602 3928 ἐπὶ
631 3879 828 3936 τούτοις
857 3882 946 3929 καὶ
976 3884 1084 3937 τοῖς
1120 3881 1370 3938 τοιούτοις
1407 3878 1603 3930 άπασιν
1635 3877 1814 3951 ἐπιμέ-

198 3985 389 4026 νοντας
430 3973 493 4037 τῇ
545 3963 779 4038 ἀπειθείᾳ
825 3966 917 4018 οὑκ
966 3964 1292 4039 ἀπεστράφη.
1337 3967 1412 4018 Οὐ
1450 3970 1549 4042 γὰρ
1595 3966 1814 4039 ἀφείθη-

198 4075 294 4128 μεν
322 4058 429 4106 ὑπὸ
452 4063 546 4114 τῆς
568 4053 889 4125 ἀγαθότητος
919 4064 1009 4108 τοῦ
1041 4060 1324 4122 Δεσπότου,
1353 4053 1476 4108 οὐδε
1508 4056 1814 4129 ἐνεκόψαμεν

199 4146 368 4196 στὶτοῦ
420 4149 518 4201 τήν
563 4144 634 4204 εἰς
671 4147 806 4216 ἡμᾶς
853 4143 1083 4216 ἀγάπην,
1137 4143 1458 4216 ἀναισθησία
1505 4155 1604 4198 τῶν
1655 4155 1815 4218 τιμῶν

197 4237 289 4286 τόν
347 4234 625 4306 εὐεργέτην
665 4232 1096 4308 ςπαρυϐρίσαντες
1159 4236 1288 4303 (72)·

1340 4232 1466 4286 ἀλλά
1529 4233 1586 4285 ἀν
1594 4235 1705 4293 εκλή
1719 4237 1816 4293 οη-

198 4343 298 4395 μεν
347 4322 405 4374 ἐκ
463 4331 557 4374 τοῦ
607 4324 848 4388 θανατου,
905 4329 994 4375 καὶ
1048 4322 1465 4395 ἐξωοποιήθημεν
1519 4325 1674 4376 πάλιν
1727 4324 1814 4376 ὑπ’

199 4413 370 4464 αὑτοῦ
417 4419 510 4463 τοῦ
563 4416 754 4486 Κυρίου
803 4415 947 4484 ημῶν
999 4413 1173 4470 Ἰησοῦ
1221 4419 1475 4487 Χριστοῦ.
1518 4412 1600 4466 Ἐν
1643 4415 1697 4500 ᾧ,
1725 4419 1815 4466 καὶ

198 4504 226 4553 ὁ
276 4507 469 4573 τρόπος
520 4509 613 4561 τῆς
661 4501 954 4574 εὐεργεσίας
999 4503 1177 4574 μεῖζον
1226 4503 1339 4572 ἔχει
1388 4505 1445 4552 τό
1494 4504 1686 4576 Θαϋμα.
1737 4503 1815 4557 Ἐν

198 4598 383 4663 μορρῇ
457 4592 558 4662 γὰρ
623 4597 756 4642 θεοῦ
823 4591 1096 4662 ὑπάρχων,
1168 4591 1273 4661 οὐχ
1337 4589 1610 4664 ἁρπαγμόν
1673 4594 1813 4662 ηγὴ-

201 4699 340 4731 σατο
391 4683 449 4730 τό
499 4675 624 4730 εἶναι
670 4682 762 4731 ἶσα
803 4684 929 4750 Θεῷ,
983 4678 1092 4730 ἀλλ’
1137 4678 1316 4732 ἑαυτόν
1366 4679 1576 4732 ὶκένωσε
1616 4686 1812 4756 μορφὴν

200 4766 406 4821 δούλου
437 4766 628 4822 λαϐὼν.

280 4950 399 5018 (68)
433 4945 636 5003 Codex
675 4947 844 5005 Colb.
874 4953 964 5000 καὶ
993 4949 1021 5006 ἡ
1050 4957 1117 5019 γῆ
1165 4950 1422 5019 σύμπασα
1449 4955 1538 5001 καὶ
1568 4952 1651 5006 τά.
1683 4953 1813 5008 Mox

201 5001 396 5075 ωὲίιῖ
415 5001 881 5092 assignas.
914 5001 1201 5092 primo
1225 5001 1426 5092 se...
1451 5001 1596 5092 7...,

281 5092 401 5159 (66)
431 5090 633 5146 Codex
662 5091 836 5146 Voss.
887 5090 945 5146 et
974 5090 1074 5146 alii
1102 5091 1225 5146 duo
1255 5091 1412 5144 ἐκεῖνο
1452 5090 1478 5145 ὃ
1507 5090 1631 5147 οὑδὲ
1654 5114 1667 5127 -
1710 5092 1817 5150 sed

203 5161 433 5218 vocula
461 5164 488 5213 ὃ
527 5162 760 5218 videtur
796 5161 1158 5218 redundare.

281 5239 402 5298 (70)
460 5232 608 5306 Ediiti
643 5239 714 5306 Aet
765 5233 888 5288 duo
925 5250 1076 5288 mss.
1135 5230 1244 5306 διά
1272 5241 1361 5286 τοῦ
1401 5237 1574 5306 ὄφεως.
1618 5235 1821 5291 Codex.

206 5305 380 5360 Voss.
415 5310 474 5360 et
494 5305 591 5360 alii
622 5303 746 5360 duo
775 5307 875 5356 ὑπὸ
901 5312 1011 5359 τοῦ.
1043 5305 1210 5360 Haud
1232 5305 1405 5374 longe
1427 5303 1618 5362 codex
1650 5306 1822 5364 Voss.

205 5381 271 5430 et
302 5377 406 5432 alii
437 5376 564 5432 duo
595 5376 700 5447 οὑχ
731 5374 1016 5451 ὑπερεῖδεν.
1049 5375 1277 5432 ibidem
1307 5377 1458 5433 liber
1486 5380 1656 5433 Voss.
1695 5377 1823 5430 ἀλλὰ

209 5466 302 5499 και
332 5467 513 5503 νόμον.

287 5503 404 5590 (7t
433 5521 556 5590 Hoc
584 5518 727 5575 dicit
744 5519 996 5576 Basilius
1027 5519 1192 5590 :jam
1221 5520 1428 5576 multis
1454 5517 1603 5576 locis
1627 5519 1826 5576 decla-

211 5589 417 5650 ratum
441 5589 632 5648 fuisse
661 5590 890 5650 exitum
920 5589 1233 5666 utriusque
1261 5590 1473 5653 classis
1497 5606 1626 5664 qua
1643 5591 1829 5652 conti-

1944 1921 2111 1962 mare
2135 1907 2355 1978 ipsum,
2385 1912 2510 1962 tota
2534 1912 2710 1978 terra,
2743 1923 2880 1980 quae
2927 1923 2999 1962 ex
3045 1912 3203 1964 terra
3239 1913 3593 1975 nascuntur,

1943 2011 2079 2068 qua:
2108 1995 2170 2050 in
2183 1997 2358 2068 aquis
2381 1996 2629 2064 degunt,
2649 2012 2870 2065 genera
2909 1995 2968 2052 in
2999 2012 3136 2052 aere
3156 1997 3478 2067 versantia,
3506 1997 3594 2052 in-

1941 2099 2208 2140 numerae
2259 2085 2611 2142 animalium
2661 2085 3030 2153 differentiae,
3075 2085 3282 2140 omnia
3332 2085 3592 2157 denique

1941 2189 2078 2245 qua:
2107 2173 2486 2230 destinantur
2515 2174 2593 2230 ad
2624 2174 2759 2230 vitm
2778 2181 3002 2230 nostra:
3029 2174 3451 2230 ministerium.
3476 2172 3594 2230 Sed

1939 2278 2017 2318 ne
2037 2262 2306 2319 volentes
2334 2264 2586 2336 quidem
2601 2263 2750 2319 illud
2771 2264 3072 2336 praeterire
3094 2279 3452 2337 possumus,
3479 2277 3592 2320 nec

1939 2351 2068 2409 ﬁeri
2099 2357 2296 2425 potest
2324 2352 2447 2408 ullo
2473 2353 2684 2420 modo,
2706 2357 2772 2408 ut
2805 2353 2856 2408 is
2879 2357 3035 2409 certe
3061 2352 3167 2426 qui
3199 2367 3348 2409 sana
3394 2357 3596 2409 mente

1938 2441 2224 2515 praeditus
2249 2446 2340 2498 est
2357 2447 2414 2498 et
2436 2442 2684 2498 rationis
2705 2441 3048 2514 compos,id
3066 2441 3338 2498 beneﬁcii
3377 2444 3590 2510 taceat,

1937 2547 2293 2602 quanquam
2325 2530 2513 2586 multo
2544 2532 2747 2587 minus
2777 2530 2851 2586 de
2891 2547 2961 2588 eo
2982 2547 3092 2603 pro
3120 2531 3332 2587 merito
3360 2529 3592 2602 aliquid

1937 2619 2055 2676 dici
2099 2621 2316 2693 possit,
2366 2621 2533 2694 qu‘od
2560 2637 2698 2676 cum
2748 2621 3058 2677 hominem
3090 2619 3462 2675 condidisset
3509 2615 3589 2673 ad

1935 2709 2265 2778 imaginem
2297 2715 2354 2766 et
2386 2709 2843 2765 similitudinem
2871 2725 3067 2776 suam,
3119 2723 3380 2781 eumque
3410 2705 3588 2762 coho-

1933 2805 2234 2855 nestasset
2263 2800 2358 2854 sui
2379 2799 2567 2872 ipsius
2596 2799 3018 2869 cognitione,et
3042 2798 3271 2854 ratione
3300 2813 3591 2854 exornas-

1935 2894 2026 2944 set
2056 2905 2179 2961 prie
2211 2890 2442 2945 caeteris
2477 2890 2655 2962 339
2686 2887 3119 2954 animantibus,
3180 2887 3421 2960 ipsique
3479 2886 3585 2942 de-

1932 2978 2118 3036 disset
2142 2979 2490 3035 facultatem
2515 2985 2579 3034 ut
2627 2976 3587 3050 seincredibiliparadisipulchri-

1933 3066 2139 3124 tudine
2160 3067 2505 3134 oblectaret,
2541 3083 2612 3122 ac
2671 3066 2917 3122 tandem
2972 3065 3143 3120 illum
3177 3065 3583 3121 constituisset

1853 3181 1893 3236 ρ
1930 3157 2205 3214 omnium
2234 3157 2599 3214 terrestrium
2621 3155 2977 3229 principem,
3001 3155 3218 3210 deinde
3241 3171 3276 3210 a
3305 3159 3582 3226 serpente

1929 3247 2268 3320 deceptum,
2302 3252 2358 3302 et
2387 3245 2726 3319 collapsum
2749 3245 2812 3301 in
2843 3249 3186 3330 peccatum,
3217 3249 3273 3299 et
3293 3260 3399 3317 per
3443 3260 3580 3317 pec-

1928 3341 2129 3394 catum
2155 3337 2217 3392 in
2239 3341 2516 3408 mortem,
2551 3337 2692 3392 etin
2721 3351 3025 3392 aerumnas
3055 3350 3127 3391 ea
3174 3334 3414 3403 dignas,
3454 3349 3580 3390 non

1927 3430 2241 3498 propterea
2264 3430 2465 3484 tamen
2488 3426 2693 3499 ipsum
2721 3424 3014 3495 neglexit:
3041 3424 3149 3478 sed
3170 3423 3301 3493 lege
3350 3439 3486 3496 quae
3523 3421 3581 3479 ei

1925 3515 2282 3586 adjumento
2305 3521 2484 3584 esset,
2502 3513 3323 3588 primumtradita,custodize
3358 3513 3490 3583 ejus
3522 3516 3581 3569 et

1925 3621 2084 3660 cura;
2109 3605 2375 3677 praefecit
2413 3605 2687 3675 angelos,
2707 3605 2872 3661 misit
2904 3605 3232 3677 prophetas
3273 3603 3350 3659 ad
3377 3602 3580 3658 redar-

1926 3695 2169 3765 guenda
2198 3695 2344 3751 vitia
2375 3701 2432 3752 et
2461 3695 2540 3750 ad
2574 3697 2849 3750 virtutem
2886 3694 3250 3762 docendam,
3276 3692 3576 3763 impetum

1924 3785 2208 3857 nequitiae
2239 3801 2347 3856 per
2370 3784 2568 3840 minas
2599 3784 2819 3840 excidit
2848 3789 2904 3838 et
2935 3783 3242 3856 repressit,
3276 3779 3575 3852 pollicita-

1925 3875 2189 3934 tionibus
2217 3875 2497 3930 excitavit
2520 3874 2819 3931 bonorum
2844 3873 3240 3935 alacritatem,
3261 3871 3574 3943 utriusque

1925 3965 2162 4037 generis
2222 3965 2405 4020 tinem
2463 3980 2586 4020 non
2624 3980 2782 4032 raro,
2808 3963 2872 4018 in
2897 3962 3149 4018 diversis
3191 3960 3467 4034 personis
3493 3959 3576 4016 ad

1925 4056 2075 4112 alios
2105 4054 2585 4110 commonendos
2616 4053 2675 4109 in
2707 4059 3088 4108 antecessum
3118 4049 3464 4118 declaravit,
3517 4055 3575 4106 et

1926 4151 2129 4200 tamen
2161 4145 2443 4217 posthaec
2473 4148 2528 4199 et
2557 4142 2836 4208 talia,nos
2860 4141 2922 4197 in
2975 4140 3356 4196 contumacia
3376 4154 3575 4211 perse-

1925 4240 2200 4289 verantes
2244 4249 2365 4288 non
2424 4238 2514 4288 est
2559 4235 2890 4288 aversatus.
2923 4232 3054 4285 Non
3077 4229 3236 4284 enim
3265 4244 3378 4284 nos
3406 4228 3572 4285 dese-

1924 4323 2306 4380 ruitbonitas
2337 4323 2593 4393 Domini,
2629 4337 2825 4394 neque
2855 4337 2962 4392 per
2999 4319 3410 4392 stupiditatem
3448 4334 3575 4391 qua

1924 4413 2158 4469 delatos
2187 4413 2265 4468 ab
2297 4413 2432 4483 ipso
2478 4413 2741 4467 honores
2786 4409 3164 4466 habebamus
3214 4408 3573 4481 despicatui,

1849 4533 1893 4588 Β
1927 4501 2304 4558 abolevimus
2329 4502 2458 4571 ejus
2488 4500 2550 4555 in
2578 4515 2691 4556 nos
2722 4515 3016 4567 amorem,
3041 4497 3274 4554 etiamsi
3306 4498 3367 4553 in
3398 4497 3576 4554 bene-

1924 4593 2247 4648 facientcm
2277 4589 2700 4647 contumeliosi
2726 4605 3002 4644 essemus
3038 4606 3051 4644 :
3086 4589 3209 4644 imo
3239 4603 3378 4643 vero
3403 4603 3575 4643 revo-

1925 4683 2038 4738 cati
2059 4699 2269 4738 sumus
2298 4698 2333 4737 a
2355 4684 2567 4742 morte.
2595 4684 2650 4736 et
2672 4679 2803 4734 vitae
2826 4694 3034 4735 rursus
3061 4677 3138 4734 ab
3166 4678 3302 4750 ipso
3321 4676 3575 4732 Domino

1924 4776 2135 4829 nostro
2163 4773 2303 4828 Jesu
2334 4770 2564 4828 Christo
2590 4768 2866 4826 restituti.
2901 4771 3029 4834 Qua
3064 4767 3127 4826 in
3165 4782 3228 4824 re
3257 4765 3438 4824 etiam
3475 4765 3578 4818 be-

1922 4950 2488 5030 nenturet__1)_<)lli§t
2518 4949 2705 5030 {milia
2770 5023 2802 5030 _
2887 5019 2918 5030 ..
3012 5020 3023 5030 .
3105 5015 3117 5030 ν

1997 5025 2108 5094 (72)
2165 5024 2357 5079 Editio
2415 5023 2600 5078 Paris.
2655 5026 2732 5094 et,
2770 5019 2944 5077 Basil.
3003 5020 3039 5094 fi
3068 5016 3419 5094 ,ἀναισρησία
3474 5021 3575 5064 τῶν

1924 5085 2102 5167 τιμῶν
2125 5099 2210 5168 τόν
2255 5095 2539 5168 εὑεργέτην-
2560 5090 2958 5168 παρυϐρμίμσασα.
3004 5087 3193 5168 βάξῐὶο
3221 5085 3370 5164 Υιη.
3403 5099 3574 5168 teque

1927 5157 1997 5221 ac
2047 5166 2236 5221 codex
2285 5157 2554 5220 Cbmbef.
2603 5157 2661 5218 et
2703 5157 2802 5217 alii
2847 5166 2963 5216 tres
3004 5158 3210 5228 ἀγάπην
3254 5157 3577 5228 ἀναισθησίᾳ

1927 5245 2028 5309 τῶν
2104 5245 2301 5309 τιμῶν,
2350 5241 2452 5309 -τόν
2512 5234 2789 5309 ἐὐεργέτην
2843 5227 3320 5309 παρυβρίσαντεςπο

1926 5308 2089 5364 hunc
2118 5297 2318 5380 locum
2346 5307 2427 5380 ita
2455 5297 3159 5380 edendumcuravimus,
3195 5299 3278 5380 uti
3303 5298 3368 5380 in
3401 5297 3575 5380 goisl.

1929 5379 2199 5434 secundo
2241 5383 2298 5433 et
2343 5377 2402 5432 in
2451 5375 2616 5430 Colb.
2667 5374 2902 5443 legitur,
2935 5371 3053 5429 nisi
3081 5371 3248 5443 quod
3298 5371 3360 5443 in
3401 5369 3577 5443 Croisl.

1931 5450 2222 5521 scriptum
2276 5448 2352 5521 sit
2402 5441 2848 5521 πιριυϐρίσαντες.
2911 5441 3229 5517 Aliquibus
3295 5442 3357 5500 in
3412 5441 3582 5499 libris

1930 5518 2146 5592 legitur
2180 5518 2408 5592 ὶνίκοψε.
