4082 6178
543 235 645 288 919

1037 354 1549 413 INTERROGATIO
1604 351 1695 410 IV.

1109 464 1196 518 De
1239 461 1448 516 timore
1491 460 1620 516 Dei.

1158 568 1576 626 BESPONSIO.

613 685 805 754 Atque
829 679 900 735 iis
929 676 1178 750 quidem
1213 676 1318 749 qui
1364 691 1573 732 recens
1601 673 2062 731 introducuntur
2113 672 2193 728 ad

541 771 841 842 pietatem,
871 767 1161 822 institutio
1191 782 1263 820 ea
1289 782 1422 838 quae
1455 767 1520 820 tit
1541 781 1646 838 per
1671 765 1968 831 timorem,
1997 761 2193 817 utilior

540 856 1105 929 est,sapientissimo
1118 855 1437 911 Salomone
1455 854 1821 910 admonente
1841 869 1910 909 ac
1935 851 2188 907 dicente:

539 947 921 1016 Principium
947 947 1284 1014 sapientiae,
1311 946 1484 1000 timor
1503 944 1811 998 Domini“
1835 959 1848 997 :
1874 941 1982 998 sed
2013 939 2189 996 vobis

537 1035 720 1091 veluti
739 1035 869 1106 jam
895 1051 969 1090 ex
1000 1033 1210 1090 Christi
1229 1033 1486 1089 infantia
1511 1031 1905 1101 egressis,nec
1927 1029 2189 1102 amplius

535 1126 688 1182 lacte
714 1123 1148 1193 indigentibus,
1182 1123 1285 1178 sed
1334 1122 1440 1193 qui
1487 1120 1679 1176 solido
1705 1119 2063 1189 dogmatum
2090 1117 2192 1174 ali-

536 1218 741 1270 mento
761 1211 1096 1267 secundum
1133 1211 1438 1266 internum
1459 1208 1767 1265 hominem
1791 1207 1867 1265 ad
1886 1207 2192 1280 perfectio-

536 1320 676 1360 nem
697 1302 913 1358 deduci
935 1300 1201 1372 potestis,
1219 1300 1531 1372 praaceptis
1563 1297 2014 1355 sublimioribus
2036 1314 2192 1370 opus

537 1397 643 1458 est,
684 1391 746 1446 in
777 1390 998 1462 quibus
1029 1393 1151 1445 tota
1191 1390 1321 1459 ejus
1366 1404 1506 1462 quae
1554 1388 1615 1443 in
1654 1388 1888 1444 Christo
1925 1391 2013 1442 est
2041 1387 2192 1442 dile-

537 1479 749 1536 ctionis
780 1482 998 1533 veritas
1023 1478 1347 1550 perﬁcitur.
1395 1477 1686 1534 Nimirum
1735 1476 2077 1532 cavendum
2108 1479 2195 1532 est

535 1569 733 1634 vobis,
783 1583 857 1623 ne
890 1568 1041 1624 forte
1068 1567 1351 1624 uberiora
1383 1567 1484 1622 Dei
1514 1567 1678 1623 dona
1706 1565 1962 1636 graviori
1992 1565 2194 1621 multas

537 1658 835 1715 obnoxios
876 1674 983 1712 vos
1011 1656 1289 1729 reddant,
1318 1657 1366 1712 si
1393 1657 1452 1713 in
1476 1656 1819 1713 beneﬁcum
1848 1655 2194 1726 largitorem

535 1747 751 1818 ingrati
800 1747 1156 1803 exstiteritis.
1207 1748 1322 1804 Cui
1368 1747 1551 1809 enim,
1584 1746 1865 1819 inquit“,
1899 1761 2193 1802 commen-

535 1838 833 1894 daverunt
864 1837 1144 1902 multum,
1177 1837 1316 1906 plus
1345 1841 1617 1906 repetent
1645 1835 1719 1891 ab
1753 1851 1838 1892 eo.

1033 1945 1552 2002 INTERROGATIO
1624 1943 1698 1999 V.

833 2053 921 2108 De
957 2052 1232 2109 cavenda
1267 2052 1482 2109 mentis
1522 2052 1898 2122 evagatione.

1164 2159 1576 2215 RESPONSIO.

613 2271 662 2324 ι.
695 2266 846 2322 Illud
877 2269 1030 2322 certe
1055 2265 1370 2322 sciendum
1397 2272 1506 2334 est,
1539 2282 1651 2322 nos
1676 2281 1799 2322 non
1821 2281 2003 2338 posse
2035 2265 2199 2322 aliud

537 2355 798 2430 quodvis
856 2355 1218 2410 mandatum
1276 2371 1539 2420 servare,
1599 2371 1794 2428 neque
1853 2358 2041 2410 Deum
2097 2358 2202 2411 aut

537 2445 886 2520 proximum
919 2444 1187 2515 diligere,
1222 2444 1270 2500 si
1300 2444 1419 2500 huc
1449 2449 1504 2500 et
1535 2444 1673 2500 illuc
1720 2449 1920 2500 mente
1948 2444 2199 2514 divage-

537 2537 905 2607 mnr.Neque
937 2535 1098 2590 enim
1131 2539 1322 2589 artem
1354 2538 1460 2590 aut
1491 2534 1805 2590 scientiam
1854 2535 2041 2606 probe
2085 2533 2202 2590 cal-

538 2619 658 2682 lere
699 2629 915 2698 potest,
968 2623 1074 2697 qui
1115 2622 1193 2677 ab
1237 2622 1355 2679 alia
1395 2623 1472 2678 ad
1502 2623 1682 2679 aliam
1725 2623 1970 2679 transit:
2004 2639 2198 2697 neque

540 2729 727 2770 unam
774 2714 955 2768 etiam
984 2727 1363 2783 comparare,
1393 2712 1495 2784 qui
1523 2729 1593 2769 ea
1626 2729 1762 2785 quae
1788 2711 2033 2785 propria
2058 2711 2197 2768 ﬁnis

542 2807 700 2869 sunt,
735 2802 993 2871 ignorat.
1027 2801 1141 2856 Par
1165 2817 1430 2874 namque
1490 2807 1579 2857 est
1633 2801 1899 2858 actiones
1936 2801 2016 2858 ad
2073 2818 2201 2858 sco-

540 2907 692 2966 pum
752 2897 806 2948 et
852 2891 1037 2947 fidem
1081 2890 1424 2964 quadrare:
1481 2891 1782 2964 siquidem
1833 2891 1981 2946 nihil
2033 2891 2199 2964 quod

541 2985 774 3038 rectum
825 2981 921 3046 sit,
962 2980 1061 3036 via
1084 2981 1290 3053 inepta
1319 2985 1377 3035 et
1423 2981 1842 3051 incongruenti
1871 2981 2198 3054 peragitur.

539 3073 690 3125 Nam
722 3084 923 3141 neque
954 3069 1096 3125 artis
1127 3069 1355 3124 aerariae
1402 3069 1539 3143 ﬁnis
1594 3085 1700 3141 per
1747 3069 1969 3140 tiglinte
2015 3084 2199 3142 opera

539 3158 771 3232 acquiri
802 3158 952 3215 solet
985 3175 998 3214 :
1049 3174 1247 3232 neque
1278 3174 1384 3232 per
1415 3159 1697 3216 sedulum
1743 3159 1904 3216 tibiae
1951 3165 2200 3216 cantum

540 3253 834 3322 parantur
865 3248 1160 3304 athleticze
1209 3264 1470 3314 coronae,
1496 3250 1598 3304 sed
1625 3250 1950 3322 unicuique
1971 3251 2077 3306 fini
2102 3266 2201 3323 pe-

543 3337 790 3394 culiaris
815 3353 886 3393 ac
914 3337 1168 3392 idoneus
1191 3337 1374 3404 labor
1396 3339 1736 3411 requiritur.
1756 3341 1949 3405 Quare
1981 3340 2201 3396 exerci-

541 3426 688 3485 tatio
717 3425 897 3482 etiam
947 3441 1083 3498 quas
1128 3426 1190 3483 ﬁt
1231 3427 1404 3498 juxta
1437 3427 1654 3484 Christi
1683 3429 2074 3498 Evangelium
2122 3429 2200 3485 ad

542 3515 912 3589 placendum
945 3518 1085 3581 Deo,
1119 3515 1181 3571 in
1213 3532 1282 3573 eo
1313 3517 1512 3590 posita
1541 3523 1648 3588 est,
1680 3518 1728 3573 si
1785 3519 1942 3574 curis
1987 3517 2202 3575 mundi

543 3605 907 3673 amendatis,
938 3621 1184 3661 omnem
1215 3607 1429 3663 mentis
1462 3608 1880 3664 avocationem
1903 3608 2202 3681 propella-

544 3693 1113 3761 mus.Quamobrem
1135 3695 1594 3769 Apostolus,etsi
1610 3697 1878 3770 alioquin
1891 3699 2202 3770 permissas

546 3783 666 3840 sint
685 3783 1281 3857 nuptiaa,fuerintque
1298 3785 1519 3841 habita:
1541 3786 1957 3842 benedictione
1978 3787 2199 3856 dignae,

543 3879 749 3927 tamen
776 3887 878 3927 eas
899 3887 1035 3944 qua:
1056 3888 1127 3927 ex
1149 3872 1242 3928 his
1275 3878 1608 3930 nascuntur
1645 3874 2072 3947 occupationes
2099 3891 2205 3930 cu-

542 3963 624 4018 ris
656 3978 766 4035 pro
799 3965 915 4018 Deo
947 3964 1222 4034 gerendis
1248 3965 1551 4037 opposuit,
1581 3965 1829 4037 perinde
1853 3965 2027 4038 quasi
2071 3965 2203 4022 haec

543 4051 699 4108 inter
730 4069 791 4107 se
825 4053 1125 4108 cohaerere
1156 4068 1279 4108 non
1309 4053 1484 4126 342
1523 4059 1788 4126 possent,
1837 4055 1930 4110 his
1964 4055 2198 4111 verbis:

550 4141 666 4209 Qui
685 4143 812 4197 sine
833 4157 1021 4198 uxore
1041 4147 1146 4209 est,
1181 4143 1480 4197 sollicitus
1503 4149 1585 4199 est
1607 4160 1738 4215 qum
1768 4145 2011 4200 Domini
2037 4151 2198 4214 sunt,

547 4232 838 4301 quomodo
866 4233 1210 4301 placiturus
1231 4232 1308 4287 sit
1339 4233 1458 4288 Deo
1471 4249 1494 4289 .’
1519 4235 1626 4305 qui
1643 4240 1838 4290 autem
1864 4251 1993 4290 cum
2018 4251 2205 4291 uxore

546 4323 949 4384 est,sollicitus
972 4329 1054 4378 est
1073 4337 1204 4395 qua?
1219 4329 1359 4378 sunt
1377 4325 1604 4396 mundi,
1634 4326 1924 4398 quomodo
1941 4327 2204 4396 placitu-

547 4425 649 4465 rus
681 4411 755 4465 sit
797 4413 1066 4466 uxori".
1117 4412 1203 4468 Ita
1256 4416 1313 4468 et
1360 4413 1650 4469 Dominus
1709 4416 1832 4470 suis
1891 4413 2204 4488 discipulis

547 4499 753 4556 animo
782 4500 1016 4558 sincero
1047 4506 1103 4558 et
1131 4502 1210 4559 ab
1242 4503 1408 4560 omni
1436 4504 1813 4562 aberratione
1835 4523 2027 4563 vacuo
2054 4523 2204 4579 pree-

547 4588 688 4645 ditis
720 4589 1128 4648 testimonium
1151 4592 1410 4650 reddidit
1439 4595 1646 4650 dicens
1681 4611 1696 4651 :
1740 4597 1848 4652 Vos
1878 4596 1950 4653 de
1979 4598 2203 4653 mundo

549 4681 660 4736 hoc
681 4697 799 4736 non
825 4677 968 4737 estis
991 4683 1059 4738 ⁸⁸.
1095 4685 1160 4738 Et
1189 4689 1417 4753 contra,
1443 4683 1569 4739 ﬁeri
1597 4701 1720 4740 non
1747 4701 1925 4756 posse
1957 4690 2204 4742 testatus

547 4774 660 4836 est,
699 4774 765 4827 ut
792 4771 1058 4827 mundus
1086 4772 1376 4844 reciperet
1402 4773 1500 4828 Dei
1524 4775 1952 4843 cognitionem,
1985 4782 2042 4830 et
2071 4777 2201 4848 Spi-

546 4859 727 4918 ritum
767 4865 1040 4920 sanctum
1070 4867 1351 4935 caperet:
1383 4864 1572 4922 Pater
1595 4864 1757 4921 enim
1777 4867 1962 4936 juste,
1987 4865 2200 4939 inquit,

617 5043 665 5078 ⁸⁵
696 5043 866 5098 Prov.
895 5055 939 5111 ι,
967 5045 1020 5098 7.
1098 5043 1145 5078 ⁶⁶
1178 5043 1316 5099 Luc.
1347 5058 1453 5116 xu,
1483 5044 1572 5100 48.

615 5226 727 5288 (87)
757 5219 1042 5292 Voculam
1089 5224 1178 5272 καί
1206 5220 1554 5277 addidimus
1583 5221 1952 5292 ex_antiquis
2006 5220 2198 5276 tribus

540 5289 731 5346 libris.
755 5291 927 5364 Haud
948 5291 1125 5361 longe
1154 5292 1345 5348 codex
1369 5295 1532 5348 Voss.
1566 5293 1613 5344 ἐν
1645 5290 1673 5364 ᾖ
1707 5289 1872 5364 πᾶσα.

613 5365 730 5437 (88)
761 5361 913 5437 1ξάᾕί
942 5363 1082 5415 αἰτία
1111 5364 1252 5435 ὑμῖν.
1286 5365 1526 5437 Antiqui
1547 5361 1806 5437 quatuor
1831 5363 1968 5418 libri
1996 5365 2140 5435 ἡμῖν.

613 5381 730 5428 (δικ)
761 5381 913 5417 nam
942 5383 1082 5415 αιτια
1111 5384 1252 5435 υμιν.
1286 5381 1418 5419 Anu
1512 5381 1806 5437 iquatuor
1831 5381 1968 5418 unri
1996 5383 2140 5435 ημιν.

609 5433 729 5508 (89_)_
758 5432 960 5488 Codex
987 5437 1153 5488 Voss.
1186 5441 1242 5490 et
1279 5435 1376 5490 alii
1424 5381 1548 5491 330
1597 5439 1714 5508 οὔτε
1751 5440 1875 5508 μήν.
1931 5437 2057 5508 mox
2103 5449 2198 5489 co-

539 5502 655 5559 dex
689 5504 857 5557 Voss.
899 5523 999 5589 των
1034 5511 1259 5573 σκοπῶν,
1309 5511 1398 5560 καί
1429 5510 1524 5569 τὰς
1546 5502 1778 5584 πράξειξ.
1806 5511 1880 5564 At
1905 5505 2075 5564 Colb.
2105 5510 2197 5560 καὶ

537 5595 638 5631 των
677 5591 884 5627 σκοπων
906 5594 1018 5636 τας.

1915 227 1971 283 S.
2015 225 2260 282 BASlLll
2297 226 2516 282 MAGNI

2224 350 2274 404 Δ

1649 5044 1693 5079 ⁸⁷
1729 5045 1749 5099 Ι
1790 5043 1923 5101 Cor.
1949 5058 2048 5114 vn,
2080 5046 2169 5116 32,
2193 5047 2284 5102 33.

3769 237 3862 290 920

2891 358 3205 408 ΕΡΩΤΙΙΣΙΣ
3243 361 3278 406 Δ
3296 395 3309 408 .

2827 466 2952 534 Περὶ
3003 460 3162 534 φόϐου
3211 467 3363 517 Θεοῦ.

2916 575 3286 624 ΑΠΟΚΡΙΣΙΣ.

2370 679 2492 735 Τοῖς
2518 676 2609 746 μὲν
2659 675 2746 727 οὖν
2802 677 2923 750 ἄρτι
2980 681 3333 750 εἰσαγομένοις
3389 678 3457 738 εἰς
3494 683 3586 737 τὴν
3634 678 3865 732 εὐσέϐειαν

2301 764 2329 820 ἠ
2376 758 2469 814 διὰ
2499 771 2588 815 τοῦ
2621 763 2777 836 φόϐου
2813 771 3150 838 στοιχείωσις
3207 773 3606 842 χρησιμωτέρα,
3636 772 3762 820 κατὰ
3789 774 3866 828 τὴν

2301 850 2570 908 ὑποθήκην
2645 859 2736 904 τοῦ
2814 857 3116 926 σοφωτάτου
3193 855 3530 927 Σολομῶντος,
3607 857 3865 918 εἰπόντος·

2302 938 2473 1011 Ἀρχὴ
2511 945 2710 1012 σοφίας,
2745 942 2899 1015 φόϐος
2951 950 3144 1017 Κυρίου
3181 965 3193 977 ·
3246 945 3364 1017 ὑμῖν
3413 941 3493 1012 δὲ,
3549 948 3611 1005 ὡς
3653 942 3867 1004 διαϐεϐη-

2300 1033 2421 1080 κόσι
2459 1035 2551 1088 τὴν
2583 1029 2630 1081 έν
2665 1040 2876 1107 Χριστῷ
2905 1038 3218 1101 νηπιότητα,
3246 1040 3335 1088 καὶ
3361 1035 3479 1106 (87)
3521 1035 3680 1087 οὐκέτι
3711 1033 3866 1108 δεομέ-

2299 1137 2408 1179 νοις
2457 1117 2729 1190 γάλακτος,
2783 1120 2909 1174 ἀλλά
2965 1120 3268 1196 δυναμένοις
3301 1133 3362 1196 τῇ
3430 1121 3609 1199 στερεᾷ
3650 1133 3737 1175 τῶν
3781 1122 3866 1176 δο-

2301 1209 2509 1281 γμάτων
2557 1219 2716 1284 τροφῇ
2783 1216 2868 1264 τόν
2927 1215 3027 1265 ἔσω
3085 1215 3353 1288 ἄνθρωπον
3414 1213 3733 1280 τελειοῦσθαι,
3776 1222 3862 1266 τῶν

2302 1296 2819 1374 κεραλαιωὸεστέρων
2869 1302 3080 1356 ἐντολῶν
3131 1309 3311 1379 χρεία,
3354 1303 3402 1356 ἐν
3445 1305 3527 1364 αἷς
3576 1310 3709 1356 πᾶσα
3754 1302 3866 1361 ἁλή-

2305 1389 2416 1439 θεια
2444 1397 2539 1450 τῆς
2597 1388 2644 1440 ἐν
2694 1399 2909 1465 Χριστῷ
2969 1389 3176 1464 ἁγαπης
3225 1395 3593 1468 κατορθοῦται,
3633 1391 3867 1464 φυλασσο-

2305 1481 2471 1548 μένοις
2537 1474 2798 1548 δηλονότι,
2859 1486 3058 1554 μήποτε
3109 1485 3138 1540 ἡ
3208 1488 3491 1558 περιουσία
3547 1491 3640 1535 τῶν
3693 1479 3868 1557 δωρεῶν

2306 1574 2395 1618 τοῦ
2455 1575 2587 1620 Θεοῦ
2651 1568 2944 1646 βαρυτέρας
3005 1572 3151 1623 αἰτία
3205 1574 3328 1646 ὑμῖν
3387 1573 3502 1642 (88)
3553 1577 3870 1645 κατακρίσεως

2305 1661 2538 1726 γένηται,
2593 1656 2900 1733 ἀχαρίστως
2939 1665 3067 1736 πρὸς
3105 1661 3189 1714 τόν
3239 1662 3512 1735 εὐεργέτην
3569 1658 3866 1716 ὃιατεθεῖσιν.

2305 1746 2374 1818 ᾭ.
2393 1749 2492 1821 γὰρ
2520 1751 2816 1822 παρέθεντο,
2847 1755 2998 1822 φησὶ,
3022 1749 3172 1818 πολὺ,
3196 1754 3567 1828 περισσότερον
3587 1750 3762 1810 ἁπαιτή
3773 1769 3868 1804 σονς

2310 1855 2392 1888 σιν
2426 1837 2600 1892 αὐτόν,

2896 1951 3210 2000 ΕΡΩΤΗΣΙΣ
3258 1945 3329 2002 Ε’.

2559 2056 2684 2126 Περὶ
2714 2059 2805 2104 τοῦ
2831 2055 2964 2106 κατὰ
2986 2049 3223 2105 διάνοιαν
3249 2052 3658 2127 ἁμετεωρίστου.

2923 2166 3298 2216 ΑΠΟΚΡΙΣΙΣ.

2387 2271 2435 2323 1.
2470 2266 2659 2320 Ἐκεῖνο
2708 2271 2882 2340 μέντοι
2923 2287 2983 2340 γε
3028 2274 3304 2340 γινώσκειν
3332 2272 3470 2343 χρὴ,
3504 2269 3583 2320 ὅτε
3612 2267 3718 2319 οὔτε
3743 2264 3874 2325 ἄλλης

2313 2361 2451 2418 τινός
2509 2356 2710 2418 ἐντολῆς
2762 2362 3009 2431 τήρησιν,
3069 2361 3184 2410 οὔτε
3236 2357 3402 2416 αὐτὴν
3451 2363 3545 2416 τὴν
3603 2358 3723 2430 πρὸς
3769 2356 3872 2406 Θεὸν

2315 2443 2546 2516 ἀγάπην,
2596 2450 2712 2498 οὔτε
2751 2451 2842 2504 τήν
2885 2450 3010 2521 πρὸς
3047 2451 3166 2507 τοὺς
3213 2445 3439 2504 πλησίον
3484 2443 3735 2518 δυνάμεθα
3768 2461 3876 2494 κατ-

2314 2537 2570 2610 ορθῶσαι,
2626 2536 2804 2589 ἄλλοτε
2859 2541 2976 2611 περὶ
3033 2537 3162 2588 ἄλλα
3199 2543 3312 2596 ταῖς
3372 2533 3629 2596 διανοίαις
3677 2532 3875 2586 ἀποπλα-

2311 2631 2544 2697 νώμενοι.
2589 2630 2723 2678 Οῦτε
2749 2628 2850 2700 γὰρ
2874 2631 3064 2698 τέχνην
3096 2627 3125 2686 ἡ
3179 2626 3480 2699 ἐπιστήμην
3512 2623 3780 2698 ἀκριϐῶσαι
3801 2618 3875 2673 δυ-

2309 2717 2480 2779 νατόν,
2523 2714 2700 2766 ἄλλοτε
2731 2715 2827 2793 εἶπ’⁸
2847 2715 3003 2774 ἄλλην
3031 2721 3413 2788 μετακαίνοντα
3445 2737 3458 2748 -
3509 2719 3636 2787 μήτε
3663 2717 3754 2787 μὴν
3781 2713 3871 2777 (89)

2309 2809 2429 2875 μιᾶς
2475 2806 2852 2878 περιγενέσθαι,
2913 2809 2983 2877 μὴ
3056 2806 3122 2856 τὰ
3178 2804 3348 2856 οἰκεῖα
3400 2811 3491 2856 τοῦ
3561 2803 3721 2861 τέλους
3760 2820 3873 2870 γνω-

2280 2896 2550 2964 ρίσαντα.
2609 2899 2690 2944 Δεῖ
2749 2895 2850 2966 γὰρ
2907 2891 3216 2952 ἀκολούθους
3265 2889 3400 2944 εἶναι
3456 2901 3528 2962 τῷ
3589 2898 3752 2959 σκοπῷ
3799 2887 3873 2946 τὰς

2310 2981 2541 3055 πράξεις,
2593 2983 2662 3043 ὡς
2717 2978 2928 3043 οὐδενὸς
2984 2989 3083 3033 τῶν
3127 2984 3262 3034 κατὰ
3309 2981 3460 3052 λόγον
3501 2977 3592 3033 διὰ
3635 2987 3725 3031 τῶν
3754 2975 3869 3028 ἀνοι-

2230 3053 2271 3112 c
2310 3075 2457 3122 κείων
2532 3072 2964 3145 κατορθουμένου.
3030 3070 3170 3124 Ἐπεὶ
3241 3074 3359 3123 οὔτε
3429 3074 3488 3123 τὸ
3560 3068 3871 3142 χαλκευτικῆς

2310 3159 2444 3219 τέλος
2472 3155 2566 3212 διὰ
2593 3168 2692 3212 τῶν
2723 3162 2882 3232 ἔργων
2930 3167 3020 3221 τῆς
3067 3179 3346 3235 κεραμειας
3394 3158 3738 3235 περιγενέσθαι
3779 3151 3869 3222 (90)

2310 3253 2547 3320 πέφυκεν,
2625 3253 2741 3301 οὔτε
2792 3247 3068 3306 ἀθλῆτικοὶ
3122 3252 3366 3321 στέφανοι
3416 3249 3470 3301 ἐκ
3529 3257 3616 3307 τῆς
3668 3249 3772 3318 περὶ
3823 3243 3868 3292 τὸ

2313 3338 2481 3390 αὐλεῖν
2559 3336 2800 3402 σπουδῆς
2853 3341 3229 3412 κατορθοῦνται
3271 3355 3285 3369 ⁸
3351 3338 3478 3391 ἀλλὰ
3543 3338 3727 3407 ἑκάστῳ
3768 3331 3871 3385 τέλει

2312 3430 2497 3490 οἰκεῖος
2563 3429 2588 3480 ὁ
2653 3433 2807 3490 πόνος
2851 3435 2940 3480 καὶ
3005 3427 3351 3502 συναρμόζων
3411 3429 3720 3489 έπιζητεῖται
3767 3420 3868 3481 (91).

2311 3516 2471 3570 ⁴Ωστε
2516 3521 2605 3569 καὶ
2655 3518 2687 3576 ἡ
2738 3519 2964 3579 ἄσκησις
3021 3523 3111 3578 τᾶς
3161 3519 3300 3568 κατὰ
3367 3521 3426 3569 τὸ
3467 3514 3758 3588 Εὐαγγελιον
3797 3513 3868 3560 τοῦ

2314 3614 2547 3679 Χριστοῦ
2591 3610 2720 3680 πρός
2763 3611 2885 3659 Θεὸν
2931 3607 3317 3680 εῦαρεστῆσεως
3368 3606 3416 3658 ἐν
3464 3615 3524 3679 τῇ
3578 3603 3868 3674 ἀναχωρήσει

2313 3705 2412 3748 τῶν
2469 3705 2724 3769 μεριμνῶν
2780 3705 2872 3748 τοῦ
2920 3702 3121 3769 κόσμου
3181 3700 3270 3747 καὶ
3474 3693 3697 3748 παντελεί
3744 3688 3868 3740 ἁλλο-

2313 3791 2523 3860 τριώσει
2554 3795 2652 3838 τῶν
2711 3795 3089 3860 περισπασμῶν
3129 3782 3254 3858 ἡμῖν
3314 3787 3672 3861 κατορθοῦται.
3718 3783 3866 3846 Διόπερ

2314 3877 2340 3927 ὀ
2400 3875 2730 3943 Ἀπόστολος,
2783 3875 2874 3926 καί
2927 3883 3095 3927 ταῦτα
3157 3877 3630 3948 συγκεχωρημένον
3684 3875 3764 3921 τοῦ
3795 3864 3869 3936 γά·

2315 3984 2435 4036 μου,
2486 3970 2575 4016 καὶ
2627 3963 2862 4036 εὐλογίας
2920 3963 3226 4036 ἠξιωμένου,
3276 3966 3369 4024 τὰς
3417 3961 3505 4014 ἀπ’
3545 3961 3693 4013 αὑτοῦ
3723 3955 3868 4025 ἀσχο-

2313 4051 2428 4113 λίας
2463 4061 2574 4114 ταῖς
2631 4057 2746 4126 περὶ
2787 4055 2914 4104 Θεὸν
2938 4054 3048 4123 (92)
3073 4057 3350 4125 μερίμναις
3399 4050 3679 4114 ἁντέθηκεν,
3731 4047 3788 4104 ὡς
3823 4038 3868 4092 οὗ

3824 4129 3869 4180 ’0

2314 4234 2513 4305 ἄγαμος
2575 4231 2799 4305 μεριμνᾷ
2862 4251 2928 4284 τα
2991 4238 3082 4284 τοῦ
3166 4236 3388 4303 Κυρίου,
3455 4238 3559 4289 πῶς
3617 4225 3771 4299 ἁρέσει
3811 4225 3866 4287 τῷ

2317 4139 2610 4216 δυναμένων
2682 4144 2874 4194 τούτων
2939 4140 3172 4202 ἀλλήλοις
3237 4140 3522 4214 συμϐῆναι,
3593 4139 3734 4190 εἰπών
3765 4154 3776 4166 ·

2319 4327 2491 4396 Κυρίῳ
2526 4342 2538 4355 ⁸
2613 4323 2637 4373 δ
2697 4318 2754 4374 δὲ
2827 4326 3072 4394 γαμήσας
3129 4318 3355 4394 μεριμνᾷ
3402 4321 3468 4371 τὰ
3529 4323 3616 4370 τοῦ
3676 4318 3864 4382 κόσμον,

2235 4403 2280 4457 Ῑ)
2316 4420 2424 4473 πῶς
2477 4410 2649 4486 ἁρέσει
2699 4418 2759 4483 τῇ
2805 4416 3037 4482 γυναικί,
3093 4411 3244 4461 Οὕτω
3301 4414 3392 4461 καί
3443 4415 3546 4467 τοῖς
3581 4406 3810 4478 μαθηταῖς
3847 4414 3867 4445 ο

2318 4502 2503 4573 Κύριος
2530 4503 2658 4574 μετά
2702 4504 2794 4557 τὴν
2825 4499 3070 4573 εἰλικρινῆ
3121 4501 3206 4549 καὶ
3255 4500 3621 4571 άμετεώριστον
3666 4487 3867 4543 διάθεσιν

2317 4593 2608 4666 ἐμαρτυρει,
2665 4589 2824 4660 λέγων
2854 4610 2866 4622 ·
2907 4587 3077 4661 ’Υμεῖς
3133 4586 3226 4638 οὐκ
3284 4585 3400 4638 ἐστὶ
3448 4585 3503 4637 έκ
3565 4588 3650 4634 τοῦ
3697 4581 3864 4645 κόσμου

2314 4687 2521 4738 τούτου,
2565 4685 2665 4734 Καὶ
2714 4679 2813 4731 ἀπὸ
2867 4685 2957 4730 τοῦ
3006 4676 3256 4743 ἐναντίου,
3314 4679 3407 4734 τήν
3468 4679 3556 4726 τοῦ
3598 4675 3719 4724 Θεοῦ
3777 4662 3865 4714 irri-

2313 4793 2506 4846 γνωσιν
2559 4774 2644 4822 τὸν
2691 4774 2888 4842 κόσμον
2946 4762 3198 4818 ἀδύνατον
3249 4771 3377 4816 εἰναι
3443 4759 3699 4824 δέξασθαι,
3748 4744 3864 4846 yria?

2313 4871 2524 4937 Πνεῦμα
2582 4861 2731 4932 οἱγιον
2769 4865 3024 4933 χωρῆσαι
3078 4852 3462 4928 διεμαρτύρατο
3495 4872 3508 4886 ο
3554 4849 3708 4918 Πάτερ
3759 4839 3862 4912 γὰρ,

2360 5042 2408 5078 ⁸⁸
2435 5042 2606 5098 Joan.
2638 5053 2734 5103 xv,
2764 5039 2851 5093 l9.

2378 5217 2490 5289 (90)
2519 5214 2761 5287 Antiqui
2793 5211 2916 5289 duo
2940 5208 3077 5266 libri
3102 5207 3478 5289 περιγίνεσθαι.
3556 5279 3576 5289 ⁸
3646 5274 3655 5287 1

2376 5279 2486 5359 (91)
2534 5279 2696 5357 Regi
2731 5284 2939 5340 tertius
3002 5279 3654 5359 ewa‘ordgmyhs'nivoftrfzt

2306 5329 3050 5424 excogitatas:
3065 5357 3118 5409 et
3135 5329 3494 5424 ‘reqauiritur.
3509 5343 3691 5400 Codex
3719 5329 3856 5388 001b-

2311 5432 2654 5508 συναρμόζων
2681 5427 3006 5481 ἐπιτελεῖται.

2373 5490 2488 5577 (οὰ)
2517 5501 2719 5558 Codex
2746 5501 2918 5555 Voss.
2941 5501 3000 5554 et
3019 5494 3123 5554 alii
3150 5490 3421 5552 nonnulli
3444 5492 3559 5561 περὶ
3579 5491 3717 5538 em.

3701 5282 3746 5316 τε
3787 5261 3860 5312 καὶ
