4082 6178
261 245 380 303 921

261 372 414 441 φησὶ,
444 365 656 432 δίκαιος
676 373 770 422 καὶ
801 372 827 423 6
857 375 1054 444 κόσμος
1081 391 1138 424 σε
1167 372 1262 424 οὐκ
1288 375 1414 445 ἔγνω
1438 392 1452 407 ο
1479 379 1589 442 καὶ,
1613 377 1683 428 Τό
1715 381 1870 427 IIsz-

257 477 336 530 μα
371 466 466 519 τῆς
497 457 758 528 ἀληθείας,
793 460 819 512 6
844 461 870 513 6
895 465 1088 534 κόσμος
1117 461 1176 514 οὐ
1208 457 1431 515 δύναται
1458 461 1652 518 λαϐεῖν.

330 641 384 692 2.
430 640 666 697 Αυθῆναι
709 636 798 691 οὖν
842 637 926 692 δεῖ
971 649 1069 693 τῶν
1119 637 1328 714 δεσμῶν
1380 651 1472 704 τῆς
1509 647 1868 718 προπαθείας

256 735 350 779 τοῦ
385 727 509 800 βίον
548 734 636 782 τόν
675 749 734 801 γε
783 729 1034 792 ἀληθινῶς
1077 740 1148 783 τῶ
1187 740 1300 785 Θεῶ
1346 731 1716 793 ἀκολουθήσειν
1750 739 1866 807 (93)

255 816 547 890 μέλλοντα·
631 827 783 872 τοῦτο
853 816 910 872 δὲ
971 817 1063 873 διὰ
1123 821 1402 885 παντελοῦς
1478 822 1866 900 ἀναχωρήσεως

253 911 347 958 καὶ
391 907 562 970 λήθης
603 917 703 960 τῶν
757 909 986 962 παλαιῶν
1035 909 1160 963 ἐθῶν
1189 915 1559 980 κατορθοῦται·
1591 914 1678 976 Ὠς
1709 915 1751 967 εἰ
1788 920 1862 987 μή

249 1014 312 1067 γε
360 994 774 1071 ἀποξενώσοιμεν
821 999 930 1067 (94)
971 1000 1201 1062 ἑαυτοὺς,
1234 1006 1324 1053 καὶ
1375 1008 1676 1074 συγγενείας
1729 1024 1863 1079 σαρ-

246 1093 426 1150 κικῆς,
461 1092 553 1138 καὶ
601 1093 871 1149 κοινωνίας
916 1088 1054 1162 βίον,
1088 1092 1239 1143 οἱονεὶ
1285 1095 1418 1167 πρὸς
1465 1093 1629 1166 ἕτερον
1668 1098 1864 1166 κόσμον

245 1171 342 1226 διὰ
397 1185 460 1235 τῆ
477 1199 496 1239 ς
548 1177 787 1249 σχέσεως
844 1179 1252 1252 μεταϐαίνοντες,
1303 1184 1436 1234 κατά
1487 1187 1574 1235 τὸν
1628 1184 1854 1240 εἰπόντα.

254 1267 413 1335 Ηριῶν
465 1267 570 1340 γὰρ
632 1269 691 1317 τὸ
743 1267 1029 1340 πολίτευμα
1082 1267 1130 1320 ἐν
1174 1270 1414 1344 οὐρανοῖς
1453 1272 1683 1344 ὑπάρχει
1715 1275 1853 1344 (95),

241 1352 529 1427 ἀμήχανον
582 1359 723 1429 ἡμᾶς
779 1362 1141 1433 περιγενέσθαι
1191 1368 1284 1412 τοῦ
1340 1369 1537 1414 σκοποῦ
1577 1371 1672 1425 τῆς
1723 1367 1854 1438 πρὸς

239 1448 373 1496 Θεὸν
430 1445 845 1520 εὐαρεστήσεως,
878 1456 968 1500 τοῦ
1025 1453 1222 1523 Κυρίου
1263 1452 1543 1524 ὁριστικῶς
1596 1453 1846 1521 εἰπόντος,

1454 249 1751 305 REGULE
1789 249 2037 307 FUSIUS
2075 247 2474 306 TRACTATZE

3535 255 3644 314 9‘22

1979 375 2157 430 etiam
2187 373 2450 431 mundus
2490 380 2546 432 te
2587 375 2867 446 cognovit
2885 376 2932 410 °°
2957 391 2970 442 ;
2993 378 3052 432 et
3079 393 3090 433 :
3123 377 3389 447 Spiritus
3415 380 3636 440 verita-

1980 464 2077 535 tis,
2102 481 2275 536 quem
2305 465 2562 522 mundus
2592 481 2714 522 non
2740 472 2933 536 potest
2964 468 3238 538 accipere
3257 469 3336 526 ⁷ο.

2047 649 2102 698 2.
2144 643 2428 716 Quisquis
2473 643 2652 714 igitur
2702 659 2838 699 vere
2881 645 3065 701 Deum
3097 645 3270 718 sequi
3315 646 3464 716 vult,
3508 648 3640 706 vin-

1977 731 2126 787 culis
2153 733 2542 789 affectionum
2564 733 2702 789 vitae
2724 733 2908 804 hujus
2937 733 3208 790 solvatur
3235 752 3482 793 necesse
3506 744 3594 795 est
3617 757 3630 797 :

1975 821 2140 893 quod
2164 839 2272 894 per
2298 823 2599 892 integrum
2646 838 2953 878 secessum
2977 840 3340 896 morumque
3366 831 3636 886 veterum

1974 910 2339 976 oblivionem
2372 911 2696 983 perﬁcitur.
2725 913 2922 977 Quare
2951 912 3069 968 nisi
3105 929 3218 970 nos
3245 913 3360 986 ipsi
3391 920 3447 970 et
3467 931 3502 972 θ.
3527 931 3632 972 co-

1974 999 2257 1069 gnatione
2296 1000 2523 1056 carnali
2553 1004 2610 1056 et
2640 1017 2676 1056 a
2707 1000 2987 1058 societate
3014 1002 3148 1058 vitae
3174 1003 3631 1074 removerimus,

1971 1089 2154 1144 veluti
2175 1088 2254 1144 ad
2286 1088 2540 1145 alterum
2565 1089 2864 1144 mundum
2878 1107 2986 1162 per
3003 1091 3189 1146 animi
3209 1089 3644 1172 habitudinem.

1971 1179 2489 1248 transmigrantes,
2509 1180 2682 1250 juxta
2705 1196 2843 1234 cum
2866 1179 2969 1252 qui
2989 1179 3137 1235 dixit
3168 1197 3181 1236 :
3217 1181 3440 1238 Nostra
3463 1185 3624 1241 enim

1969 1269 2337 1324 conversatio
2359 1270 2421 1324 in
2441 1270 2606 1324 caelis
2635 1271 2811 1336 est“,
2843 1284 3098 1340 scopum
3127 1275 3407 1326 nostrum
3439 1271 3622 1328 attin-

1967 1373 2105 1427 gere
2119 1373 2242 1414 non
2256 1375 2602 1430 possumus,
2616 1361 2733 1414 Deo
2750 1357 3023 1414 videlicet
3037 1363 3098 1414 ut
3111 1358 3383 1430 placeam
3392 1375 3627 1424 us,cum

1964 1446 2256 1503 Dominus
2305 1447 2509 1502 verbis
2547 1446 2897 1503 decretoriis
2957 1446 3174 1503 dixerit
3228 1465 3241 1503 :
3292 1448 3391 1503 Si:
3437 1452 3626 1508 omnis

237 1536 319 1586 ὅτι
359 1535 521 1586 Οῦτω
580 1542 681 1596 πᾶς
730 1535 784 1599 ἐξ
835 1538 994 1609 ὑμῶν,
1047 1539 1106 1601 ὃς
1149 1539 1243 1592 οῦκ
1311 1539 1670 1594 ἀποτάσσεται
1717 1550 1830 1596 πᾶσ

1963 1552 2039 1592 e1:
2070 1537 2230 1593 vobis
2260 1537 2368 1608 qui
2386 1553 2505 1593 non
2535 1539 2852 1593 renuntiat
2883 1537 3165 1592 omnibus
3185 1553 3317 1609 qua:
3339 1539 3623 1610 possidet,

237 1630 344 1682 τοῖς
409 1624 754 1697 ὑπάρχουσιν
825 1625 1010 1678 ἑαυτοῦ
1041 1668 1056 1692 ,
1145 1630 1204 1680 οὐ
1281 1626 1503 1682 δύναται
1570 1628 1700 1683 εἶναι
1747 1652 1848 1705 μου

239 1714 515 1784 μαθητής.
567 1719 732 1766 Τοῦτο
775 1711 834 1767 δέ
875 1721 1219 1784 ποιήσαντας,
1247 1720 1391 1792 πάσῃ
1441 1720 1640 1793 φυλακῇ
1673 1730 1848 1796 τηρεῖν

240 1807 506 1874 προσήκει
561 1808 656 1860 τήν
705 1803 898 1856 ἑαυτῶν
949 1802 1196 1881 καρδίαν,
1230 1810 1298 1870 ὡς
1349 1813 1553 1880 μήποτε
1593 1814 1688 1868 τήν
1730 1816 1848 1885 περὶ

240 1898 374 1943 Θεοῦ
425 1895 624 1944 ἔννοιαν
677 1891 906 1946 ἐκϐαλεῖν
942 1896 1072 1966 (96),
1105 1897 1135 1955 ἣ
1185 1901 1280 1955 τήν
1327 1903 1537 1971 μνήμην
1575 1909 1673 1952 τῶν
1715 1903 1847 1953 θαυ-

237 1987 448 2054 μασίων
518 1982 678 2033 αὐτοῦ
754 1989 1062 2055 φαντασίαις
1127 1995 1226 2038 τῶν
1291 1992 1523 2060 ματαίων
1578 1991 1845 2066 καταρρυ-

238 2075 479 2123 παίνειν’
532 2071 660 2123 ἀλλὰ
715 2069 808 2125 διὰ
844 2083 941 2136 τῆς
995 2071 1264 2143 ᾅιηνεκοῦς
1310 2083 1400 2130 καὶ
1445 2081 1680 2154 καθαρᾶς
1717 2087 1844 2153 μνή-

238 2180 344 2232 μης
376 2159 794 2235 ἓντετυπωμένην
832 2171 942 2224 ταῖς
991 2164 1197 2237 ψυχαῖς
1255 2168 1420 2240 ἡμῶν,
1462 2170 1635 2245 ὥσπερ
1682 2190 1844 2245 σφρα-

237 2247 370 2321 γῖδα
401 2249 783 2319 ἀνεξάλειπτον,
815 2257 908 2312 τήν
956 2256 1107 2306 ὁσίαν
1155 2263 1246 2308 τοῦ
1286 2264 1420 2310 Θεοῦ
1468 2261 1660 2311 ἔννοιαν
1691 2279 1841 2333 περι-

239 2343 422 2414 φέρειν.
497 2342 650 2392 Οὕτω
713 2345 816 2417 γὰρ
881 2345 1006 2415 ἡμῖν
1066 2351 1380 2418 περιγίνεται
1436 2349 1465 2404 ἠ
1529 2352 1658 2422 πρὸς
1713 2353 1840 2402 Θεὸν

239 2427 412 2500 ἀγάπη
462 2429 597 2499 (97),
649 2431 760 2504 οἶμα
795 2451 848 2484 τε
894 2429 1228 2509 ὃιεγείρουσα
1279 2439 1404 2507 πρὸς
1454 2443 1549 2494 τήν
1589 2437 1840 2510 ἐργασίαν

237 2526 331 2569 τῶν
363 2517 579 2571 ἐντολῶν
630 2526 724 2573 τοῦ
770 2528 985 2596 Κυριου,
1039 2527 1128 2576 καὶ
1181 2525 1270 2576 ὑπ’
1317 2526 1482 2578 αὐτῶν
1525 2526 1679 2578 πάλιν
1710 2528 1838 2587 αῦτη

1962 1643 2082 1683 non
2118 1634 2312 1696 yotest
2339 1643 2503 1684 meus
2540 1644 2664 1684 esse
2687 1629 3104 1697 discipulus".
3125 1628 3227 1683 His
3257 1633 3462 1684 autem
3495 1647 3627 1702 per-

1961 1717 2237 1785 actis,cor
2262 1722 2539 1774 nostrum
2563 1717 2729 1774 omni
2757 1717 3037 1772 custodia
3056 1715 3428 1774 servandum
3453 1720 3620 1789 est”,

1960 1822 2036 1862 ne
2064 1823 2340 1879 unquam
2387 1808 2695 1864 amittatur
2744 1806 2846 1862 Dei
2887 1806 3194 1876 cogitatio,
3221 1822 3373 1862 neve
3419 1823 3624 1867 rerum

1959 1896 2330 1954 mirabilium
2361 1896 2440 1952 ab
2465 1913 2536 1952 eo
2563 1900 2866 1966 gestarum
2894 1894 3194 1952 memoria
3215 1895 3390 1952 vanis
3421 1896 3622 1970 phan-

1956 1985 2318 2043 tasmatibus
2358 1985 2782 2058 coinquinetur
2813 2001 2828 2040 :
2864 1983 2973 2039 sed
3011 1984 3495 2042 circumferenda
3533 1991 3622 2045 est

1957 2080 2168 2132 sancta
2194 2075 2301 2132 Dei
2347 2074 2650 2146 cogitatio,
2699 2073 2784 2129 sic
2813 2077 2878 2129 ut
2923 2072 3103 2146 quasi
3152 2072 3617 2143 sigilluminde-

1952 2164 2128 2221 lebile
2151 2181 2224 2220 ex
2254 2167 2545 2236 perpetua
2569 2166 2624 2218 et
2664 2177 2818 2234 pura
2847 2161 3263 2218 recordatione
3302 2161 3363 2217 in
3395 2161 3616 2219 animis

1952 2253 2172 2311 nostris
2209 2253 2609 2324 imprimatur.
2645 2255 2728 2306 lta
2749 2251 2910 2308 enim
2943 2267 2980 2307 a
3018 2250 3197 2307 nobis
3224 2257 3618 2324 comparatur

1954 2344 2054 2400 Dei
2084 2343 2344 2411 dilectio,
2376 2357 2514 2414 quae
2545 2339 2723 2397 simul
2752 2340 2972 2398 excitat
2996 2339 3076 2396 ad
3102 2339 3483 2398 conﬁcienda
3513 2341 3614 2400 Dei

1951 2434 2262 2499 mandata,
2287 2438 2345 2489 et
2369 2433 2504 2504 ipsa
2526 2431 2605 2487 ab
2625 2431 2772 2503 ipsis
2793 2431 3058 2486 vicissim
3086 2436 3379 2503 perpetuo
3395 2435 3454 2487 et
3472 2447 3615 2488 con-

1952 2528 2180 2579 stanter
2209 2525 2503 2578 servatur.
2527 2525 2719 2592 Atque
2739 2518 2855 2575 hoc
2878 2518 3168 2575 Dominus
3187 2518 3470 2588 ostendit,
3502 2519 3611 2591 qui

241 2613 630 2682 συντηρουμένη
671 2613 798 2683 πρὸς
843 2615 902 2663 τό
952 2608 1164 2686 διαρκὲς
1216 2620 1306 2666 καὶ
1349 2611 1703 2671 ἀδιάπτωτον.
1738 2623 1835 2672 Καὶ

1951 2629 2112 2670 nunc
2138 2612 2385 2685 quidem
2418 2611 2500 2666 ait
2539 2626 2552 2665 :
2586 2611 2656 2666 Si
2685 2609 2942 2678 diligitis
2981 2623 3094 2674 me,
3143 2607 3438 2663 mandata
3479 2623 3614 2665 mea

240 2704 387 2750 τοῦτο
431 2695 698 2751 δείκνυσιν
738 2701 764 2752 6
807 2703 1014 2775 Κύριος,
1056 2705 1176 2754 ποτέ
1204 2706 1295 2776 μεν
1332 2704 1491 2776 λέγων
1515 2728 1529 2740 ο
1559 2706 1675 2759 Ἐὰν
1712 2707 1840 2780 ἀγα-

238 2791 359 2838 πᾶτέ
409 2806 496 2860 με,
564 2790 653 2848 τὰς
710 2787 911 2850 ἐντολάς
961 2811 1062 2863 μου
1114 2798 1401 2866 τηρήσατε,
1453 2800 1576 2849 ποτε
1629 2793 1710 2864 δι,
1755 2801 1838 2851 ὅτι

236 2872 346 2928 Ἐάν
403 2880 500 2937 τὰς
556 2876 758 2938 ίντολάς
817 2897 914 2950 μου
956 2879 1072 2950 (98)
1115 2887 1399 2954 τηρήσητε,
1432 2893 1627 2956 μενεῖτε
1673 2885 1722 2938 ἐν

239 2961 413 3037 ἀγάπῃ
471 2985 593 3039 μου,
662 2971 753 3018 καὶ
803 2970 878 3019 ἔτι
916 2965 1458 3046 δυσωπητικώτερον·
1511 2977 1690 3035 Καθὼς
1735 2975 1834 3047 ἐγὼ

235 3057 319 3114 τὰς
345 3053 555 3118 ἐντολὰς
583 3064 675 3109 τοῦ
706 3060 908 3131 Πατρός
937 3077 1038 3130 μου
1067 3065 1347 3135 τετήρηκα,
1380 3068 1469 3115 καὶ
1505 3067 1640 3136 μένω
1670 3067 1832 3118 αὑτοῦ

235 3138 279 3191 ἄν
303 3150 364 3199 τῆ

300 3234 352 3286 3.
413 3230 498 3294 Ἐξ
560 3233 628 3284 ὧν
692 3232 931 3290 παιδεύει
997 3239 1154 3311 ἡμᾶς,
1205 3237 1284 3292 ἀεὶ
1342 3249 1434 3294 τοῦ
1491 3249 1829 3318 προκειμένου

233 3321 378 3394 ἔργου
427 3325 486 3372 τὸ
553 3321 750 3395 θέλημα
804 3333 895 3378 τοῦ
952 3329 1343 3400 προστάξαντος
1399 3334 1573 3406 ὧσπερ
1633 3339 1828 3388 σκοπὸν

233 3411 645 3482 προτιθεμένους,
688 3417 822 3488 πρὸς
850 3415 1002 3468 αὐτον
1026 3417 1138 3488 (99)
1167 3421 1235 3471 τὰ
1262 3428 1357 3482 τῆς
1407 3419 1650 3484 σπουδῆς
1694 3443 1827 3476 κατ-

233 3500 470 3566 ευθύνειν,
514 3503 653 3552 καθὰ
699 3507 788 3555 καὶ
840 3503 1075 3577 ἀλλαχοῦ
1127 3527 1307 3579 φησιν,
1352 3511 1434 3562 ὃτι
1483 3511 1828 3571 Καταϐἐϐηκα

230 3585 279 3638 ix
324 3597 416 3640 τοῦ
475 3590 717 3662 οὐρανοῦ,
764 3592 868 3664 οὐχ
923 3595 1005 3646 ἶνα
1050 3605 1182 3648 ποιῶ
1235 3601 1294 3650 τὸ
1341 3598 1540 3672 θέλημα
1575 3605 1635 3652 τὸ
1679 3601 1821 3674 ἐμὸν,

237 3676 301 3694 σε,

435 3684 496 3733 τό
583 3682 780 3755 θέλημα
861 3693 952 3737 τοῦ
1045 3687 1347 3760 πέμψαντός
1431 3710 1495 3763 με
1583 3699 1814 3768 Πατρός.

223 3766 418 3842 Ὀσπερ
463 3773 566 3843 γὰρ
613 3774 667 3823 αἱ
718 3775 853 3825 κατὰ
893 3778 980 3826 τὸν
1025 3774 1143 3848 βίον
1191 3782 1397 3849 τέχναι,
1432 3784 1656 3843 σκοπούς
1681 3801 1824 3844 τινας

222 3858 440 3918 οἰκείους
495 3859 707 3922 ἑαυταῖς
750 3866 1203 3937 προστησάμεναι,
1263 3866 1552 3930 ἀκολούθως
1612 3869 1820 3936 ἐκείνοις

219 3951 310 4008 τὰς
353 3952 491 4000 κατά
546 3954 697 4024 μέρος
751 3954 1172 4026 συναρμόξουσιν
1221 3956 1677 4030 ἐνεργείας·οὗτω
1729 3967 1819 4014 καὶ

216 4043 324 4096 τοῖς
366 4037 641 4110 ἡμετέροις
690 4041 856 4111 ἔργοις
895 4040 1002 4103 ἑνός
1054 4044 1175 4116 ὅρου
1227 4048 1317 4097 καὶ
1366 4050 1577 4109 κανόνος
1619 4047 1819 4101 ἐπικει-

213 4130 387 4195 μένου,
441 4133 535 4176 τοῦ
584 4127 870 4200 εὐαρέστως
921 4139 994 4201 τῷ
1047 4140 1163 4203 Θεῷ
1200 4143 1425 4192 ποιῆσαι
1464 4136 1555 4198 τὰς
1589 4135 1814 4206 ἐντολὰς,

214 4209 474 4264 ἀδύνατον
521 4216 598 4284 (1)
640 4215 804 4276 ἄλλως
858 4221 916 4269 τὸ
965 4217 1176 4292 ἀκριϐες
1222 4229 1312 4273 τοῦ
1362 4223 1510 4296 ἐργου
1555 4229 1818 4298 κατορθω-

214 4303 365 4359 θῆναι
411 4308 481 4375 μή
527 4308 659 4356 κατά
705 4309 764 4357 τό
809 4305 1054 4380 βούλημα
1104 4317 1196 4362 τοῦ
1247 4308 1599 4376 ἐκδεδωκότος
1652 4315 1816 4369 ἐπιτε-

207 4389 472 4463 λοῦμενον,
507 4391 584 4446 Ἐν
626 4390 685 4446 δι
726 4403 788 4467 τῇ
831 4395 1038 4472 ἀκριϐεῖ
1071 4402 1200 4472 πρὸς
1244 4403 1298 4452 τὸ
1340 4401 1538 4475 θέλημα
1565 4412 1659 4456 τοῦ
1681 4413 1815 4458 Θεοῦ

207 4487 325 4553 περὶ
369 4485 430 4532 τὸ
475 4484 624 4554 ἧογον
673 4481 880 4557 σπουδῇ
937 4489 1296 4540 συνάπτεσθαι
1333 4499 1406 4562 τῷ
1445 4499 1558 4564 Θεῷ
1590 4489 1684 4545 διὰ
1721 4503 1815 4556 τῆς

205 4575 416 4642 μνήμης
446 4572 684 4645 ὑπάρξει.
718 4571 916 4650 Ὠσπερ
947 4578 1049 4650 γὰρ
1099 4578 1124 4628 6
1177 4578 1408 4649 χαλκεὺς
1461 4581 1511 4633 ἐν
1558 4591 1622 4655 τῇ
1665 4583 1816 4657 ἐργα-

206 4666 319 4731 σίᾳ,
382 4660 428 4711 εἰ
483 4665 662 4731 τύχοι,
716 4671 813 4725 τῆς
866 4662 1063 4732 ἀξίνης,
1120 4675 1212 4718 τοῦ
1260 4665 1614 4734 ἐκδεδωκότος
1671 4674 1813 4744 αὐτῷ

204 4753 550 4820 μεμνημένος,
619 4756 709 4802 καὶ
762 4751 810 4803 ἐν
868 4761 931 4825 τῇ
989 4751 1197 4828 διανοίᾳ
1251 4763 1410 4831 φέρων
1477 4761 1653 4827 αὐτὸν,
1722 4769 1813 4818 καὶ

206 4846 405 4910 σχῆμα
470 4838 628 4892 ἐκεῖνο
693 4845 784 4892 καὶ
859 4845 1074 4915 μέγεθος
1139 4845 1296 4899 ἰννοεῖ
1325 4889 1339 4914 ,
1408 4855 1498 4902 καὶ
1561 4855 1692 4926 πρὸς
1752 4857 1810 4906 τὸ

272 4946 320 4979 ⁶⁹
351 4947 531 5000 Joan.
562 4961 697 5012 xvu,
721 4952 808 5003 25.
886 4950 936 4983 ⁷ο
957 4952 1131 5007 Joan.
1164 4968 1279 5015 xix.
1310 4958 1397 5010 17.

203 5031 314 5084 xn',
350 5017 446 5072 15.
532 5018 579 5053 ⁷⁷
605 5017 781 5074 Joan.
811 5036 905 5086 xv,
942 5025 1026 5078 to.
1104 5024 1149 5057 ⁷⁷
1182 5024 1330 5082 ibid.

269 5125 393 5204 (93)
443 5123 646 5204 godex
692 5127 860 5182 Voss.
911 5132 968 5204 et
1000 5132 1156 5204 ΔΒεεν.
1207 5132 1442 5204 primus
1481 5135 1800 5194 ἀκολουθεῖν.

201 5193 406 5276 codex
430 5195 609 5276 Qolb.
635 5213 748 5276 pro
777 5207 897 5276 Θειξ
918 5193 1326 5276 ὴιῴθιᾌυρίῳ.

269 5271 392 5335 (84)
430 5269 671 5322 Veteres
692 5269 816 5324 duo
840 5269 975 5327 libri
1009 5269 1442 5336 amantem".

426 5337 728 5423 Editiones
746 5346 988 5423 veteres
1019 5331 1527 5423 οὐρανοῖς-ὑπάρχῃ.
1558 5351 1801 5423 Antiqui

201 5413 319 5494 tres
344 5408 485 5464 libri
510 5417 722 5494 praeter
746 5413 912 5467 Voss.
941 5408 1192 5490 ὑπάρχει.
1233 5421 1363 5476 Mox
1392 5408 1534 5490 Heg.
1568 5408 1800 5494 prim‘us

205 5481 343 5552 ἡμᾶς
368 5481 728 5553 περιγίνεσθαι
741 5525 754 5539 .

271 5554 389 5622 (96)
427 5554 572 5626 Reg.
602 5554 837 5628 primus
863 5558 1057 5610 ἔννοιαν
1080 5558 1357 5618 ἐκϐάλλειν.

1483 4958 1529 5032 7f
1564 4957 1816 5032 Philipp.
1843 4976 1930 5031 ιιι,
1955 4966 2044 5018 20.

1406 5028 1456 5063 ⁷⁷
1484 5030 1658 5099 Joan,
1688 5028 1773 5100 vi,
1798 5035 1888 5090 38.

1913 5213 2148 5284 primus
2179 5207 2389 5284 ἐντολῶν
2409 5214 2499 5284 τοῦ
2522 5209 2676 5284 Θερῡ,
2708 5216 2800 5282 και

1904 5263 2376 5351 ἷῖᾇέῐληιίριιί
2403 5278 2524 5351 duo
2546 5271 2680 5328 libri
2709 5271 2797 5326 τὰς
2820 5263 3304 5351 Minervium,

1947 2704 2259 2760 servate“:
2286 2716 2448 2756 nunc
2471 2700 3013 2767 vero,Siprzcepta
3034 2712 3162 2752 mea
3183 2698 3592 2761 servaveritis,

1947 2792 2266 2849 manebitis
2288 2791 2351 2846 in
2381 2789 2697 2844 dilectione
2723 2802 2853 2844 mea
2874 2788 2923 2821 ⁷⁵
2950 2802 2964 2851 ;
2998 2790 3074 2851 et,
3102 2784 3270 2858 quod
3297 2783 3604 2842 efﬁcacius

1946 2882 2129 2938 etiam
2176 2879 2367 2951 possit
2419 2891 2804 2933 commovere
2856 2892 2870 2932 :
2921 2876 3092 2931 Sicut
3147 2881 3201 2930 et
3251 2890 3358 2946 ego
3397 2875 3605 2932 Patris

1943 2972 2062 3026 mei
2071 2969 2702 3040 prmeeptaservavi,et
2723 2979 2934 3022 maneo
2952 2965 3013 3020 in
3037 2966 3172 3032 ejus
3194 2965 3594 3022 dilectione”.

2011 3244 2066 3296 3.
2125 3235 2356 3304 Quibus
2409 3232 2558 3290 illud
2613 3246 2726 3288 nos
2774 3229 2973 3294 docet,
3035 3243 3275 3300 semper
3313 3227 3375 3284 in
3419 3243 3602 3301 opere

1939 3328 2107 3403 quod
2137 3324 2482 3384 faciendum
2515 3318 3025 3386 constituerimus,
3053 3317 3456 3391 praecipientis
3494 3334 3599 3374 vo-

1937 3420 2229 3476 luntatem
2258 3420 2555 3486 tanquam
2588 3425 2844 3482 scopum
2864 3408 3043 3464 nobis
3065 3423 3406 3482 proponere
3423 3407 3602 3464 debe.

1937 3526 2020 3576 re,
2047 3507 2126 3564 ad
2146 3519 2411 3577 eumque
2433 3501 2700 3557 studium
2721 3503 2999 3554 nostrum
3021 3497 3299 3568 dirigere,
3314 3497 3400 3553 uti
3419 3497 3601 3554 etiam

1936 3599 2054 3656 alio
2079 3597 2213 3653 loco
2245 3593 2416 3649 dicit:
2437 3589 2734 3647 Descendi
2755 3588 2824 3644 de
2843 3589 3011 3656 caelo,
3028 3603 3146 3642 non
3170 3593 3234 3642 ut
3253 3588 3485 3656 faciam
3505 3602 3599 3642 vo-

1937 3689 2226 3744 luntatem
2252 3697 2468 3746 meam,
2492 3680 2595 3737 sed
2629 3680 3002 3734 voluntatem
3026 3679 3155 3746 ejus
3173 3676 3280 3746 qui
3295 3677 3456 3730 misit
3483 3690 3596 3740 me,

1931 3776 2222 3834 Patris".
2260 3775 2328 3829 Ut
2353 3769 2530 3826 enim
2562 3774 2721 3824 artes
2742 3782 2878 3838 quae
2901 3765 2979 3821 ad
3004 3763 3347 3837 parandum
3370 3763 3595 3819 victum

1934 3865 2284 3935 excogitatae
2299 3865 2458 3930 sunt,
2475 3857 2576 3913 ubi
2597 3855 3028 3930 proposuerint
3044 3853 3157 3908 sibi
3179 3869 3396 3925 scopos
3414 3868 3598 3924 quos-

1931 3957 2074 4013 dam
2106 3951 2461 4026 peculiares,
2483 3949 2887 4015 congruenter
2910 3943 3026 3999 illis
3049 3941 3596 4014 convenienterque

1930 4044 2168 4115 singula
2194 4056 2382 4114 opera
2413 4055 2522 4094 sua
2553 4033 3021 4093 accommodant
3063 4049 3076 4088 :
3120 4033 3201 4088 ita
3239 4030 3417 4087 etiam
3451 4047 3593 4087 cum

1928 4151 2117 4209 opera
2143 4137 2352 4189 nostra
2376 4129 2560 4184 ﬁnem
2591 4140 2783 4182 unum
2810 4140 2878 4180 ac
2904 4121 3176 4192 regulam
3200 4120 3588 4188 habeant,ni-

1927 4227 2152 4283 mirum
2174 4226 2240 4278 ut
2269 4218 2562 4277 mandata
2590 4213 2788 4272 modis
2831 4215 2947 4267 Deo
2995 4210 3257 4282 acceptis
3297 4225 3591 4282 exsequa-

1927 4332 2084 4384 mur,
2116 4327 2270 4384 opus
2298 4311 2578 4365 accurate
2604 4302 2811 4376 peragi
2862 4301 3029 4356 aliter
3072 4315 3195 4355 non
3233 4302 3434 4371 potest
3475 4298 3589 4354 nisi

1926 4406 2006 4463 ad
2051 4401 2318 4475 jubentis
2371 4397 2742 4454 voluntatem
2789 4391 3103 4447 efﬁciatur.
3165 4391 3449 4444 Futurum
3499 4391 3590 4444 est

1925 4499 2127 4553 autem
2159 4497 2242 4556 ut,
2276 4491 2324 4545 si
2353 4489 2416 4544 in
2447 4484 2668 4559 quovis
2698 4497 2879 4555 opere
2905 4480 3163 4548 diligens
3193 4476 3460 4534 studium
3507 4475 3586 4532 ad

1923 4585 2300 4641 voluntatem
2348 4577 2448 4635 Dei
2493 4573 2838 4631 faciendam
2885 4570 3287 4633 conferamus,
3321 4569 3440 4622 Deo
3479 4583 3585 4639 per

1922 4676 2082 4732 hanc
2094 4669 2576 4728 recordationem
2589 4679 2701 4720 con
2705 4664 2810 4734 jun
2821 4656 3336 4732 gamur.Quemad
3347 4658 3480 4712 mod
3491 4673 3580 4709 um

1923 4765 2082 4821 enim
2113 4759 2288 4833 343
2314 4758 2484 4815 faber
2506 4755 2814 4819 ferrarius,
2840 4766 2981 4807 cum
3006 4747 3287 4841 securim,
3319 4743 3580 4841 exempli

1920 4869 2128 4915 causa,
2189 4849 2373 4912 cudit,
2435 4846 2565 4917 ejus
2620 4842 2726 4916 qui
2791 4840 2854 4896 id
2912 4837 3027 4894 sibi
3093 4834 3290 4907 operis
3336 4833 3575 4899 locavit,

2142 4961 2192 4995 ⁷³
2227 4960 2362 5014 Luc.
2395 4971 2515 5023 xw,
2547 4955 2638 5008 33.
2731 4950 2780 4984 ⁷³
2813 4947 2988 5002 Prov.
3021 4959 3102 5012 iv,
3134 4947 3222 4998 23.
3317 4940 3367 4972 7‘
3401 4939 3574 4993 Joan.

1987 5141 2101 5208 (97)
2150 5136 2351 5208 Codex
2397 5131 2563 5190 Colb.
2605 5131 2635 5188 ἠ
2685 5133 2776 5179 τοῦ
2827 5120 3221 5208 presio/fine;
3248 5119 3376 5208 mox
3425 5117 3568 5208 Reg.

2708 5216 2800 5249 και
2828 5192 2911 5246 ὑπ’
2937 5189 3102 5244 αὐτῶν
3129 5189 3281 5242 πάλιν
3303 5196 3458 5246 αῦτη.

3088 5316 3152 5388 ἐἰ
3180 5316 3321 5420 lleg.
3356 5331 3563 5420 tertius

1910 5405 2228 5497 πρὸξάᾇτόξ
2248 5405 2750 5497 ad_voluntatem.
2778 5405 2966 5465 Editio
2997 5407 3139 5462 Ven.
3173 5409 3228 5462 et
3269 5420 3416 5460 mss.
3447 5409 3564 5460 tres

1911 5491 2240 5570 «ﬁgularis»,
2270 5491 2635 5570 αιί-εςρριιιζιο.

1983 5551 2063 5636 (ι)
2103 5551 2304 5622 Codex
2331 5551 2496 5621 Cani.
2530 5554 2786 5614 ἀδύνατον
2813 5551 2936 5628 γάρ.
