4082 6178
252 247 347 305 929

1393 241 1694 303 ιιεουιυε
1738 244 1986 305 FUSIUS
2022 238 2444 303 TRACTA'IL/E.

3483 253 3605 309 930

255 368 395 430 ζητεί
448 368 516 420 τὰ
563 364 772 428 ἑαυτῆς.
818 365 878 419 Ὀ
910 361 969 419 δε
1026 361 1400 438 ἀφιδιαστικός
1428 367 1549 437 (20)
1595 366 1716 440 βίος
1761 369 1847 421 ἕνα

1977 366 2075 424 Sed
2124 372 2412 439 praeterea
2465 366 2757 438 diligendi
2814 366 3025 425 Christi
3068 368 3224 427 ratio
3271 375 3331 426 et
3381 373 3605 430 modus

257 459 442 511 σκοπὸν
471 458 607 528 ἔχει,
638 459 733 515 τήν
764 454 956 507 οἰκείαν
1017 453 1240 507 ἑκάστου
1288 462 1388 507 τῶν
1445 463 1640 526 ’χρειῶν
1700 457 1849 529 θερα-

255 550 419 601 πείαν.
460 552 624 598 Τοῦτο
682 540 741 596 δε
800 539 1081 618 προδηλως
1131 547 1429 617 μαχόμενόν
1478 543 1587 597 ἐστι
1641 553 1713 615 τῷ
1759 554 1849 606 τῆς

259 634 646 708 ἆγοίπηςνὸμῳ,
678 632 732 684 ὃν
759 634 785 684 6
809 632 1121 695 Ἀπὸστολος
1153 632 1396 708 ἐπλήρου,
1437 637 1507 706 μὴ
1561 633 1732 694 ζητῶν
1788 637 1847 687 τὸ

258 723 435 776 ἐαντοῦ
469 725 751 795 συμφέρον,
776 719 904 773 ἀλλὰ
932 723 990 772 τὸ
1034 729 1135 773 τῶν
1172 720 1389 787 πολλῶν,
1453 722 1537 773 ίνα
1586 724 1847 778 σωθῶσιν.

254 810 470 865 Ἐπειτα
495 810 546 863 ἐν
576 818 649 881 τῷ
673 817 1075 883 καταχωρισμῷ
1132 811 1246 881 ('21)
1295 805 1419 862 οὔδε
1478 813 1533 862 τό
1584 810 1854 884 ἐλαττωμα

250 897 450 975 ῥᾳδίως
479 901 700 960 ἕκαστος
729 902 787 950 τὸ
814 898 997 951 ἑαυτοῦ
1051 901 1413 970 ἐπιγνώσεται,
1446 898 1540 950 οὐκ
1579 901 1715 971 ἔχων
1764 903 1851 952 τὸν

251 988 532 1061 ἐλέγχοντα
578 988 755 1055 αὐτὸν,
804 992 895 1040 καὶ
946 986 995 1039 ἐν
1024 992 1286 1062 πραότητι
1336 992 1426 1040 καὶ
1484 987 1854 1061 εὐσπλαγχνία

250 1078 708 1154 ἐπανορθούμενον.
741 1075 997 1148 Ἔλεγχος
1031 1078 1122 1149 μὶν
1174 1080 1276 1151 γὰρ
1318 1081 1409 1129 καὶ
1468 1080 1614 1150 παρὰ
1657 1076 1852 1151 ἐχθροῦ

245 1166 490 1228 πολλάκις
549 1165 612 1217 ἆν
666 1170 867 1238 γένοιτο
939 1167 1211 1239 θεραπείας
1278 1164 1558 1238 ἐπιθυμίαν
1627 1164 1851 1239 ἐμποιῶν

242 1265 314 1327 τῷ
347 1256 629 1329 εὐγνώμονι
663 1276 676 1289 ο
730 1256 976 1330 θεραπεία
1024 1250 1084 1307 δε
1131 1253 1511 1329 ἁμαρτήματος
1567 1253 1854 1327 ἐπιστημο-

239 1366 339 1407 νως
385 1348 532 1419 παρὰ
576 1352 669 1397 τοῦ
717 1344 1001 1419 εἰλικρινῶς
1059 1341 1435 1415 ἀγαπήσαντος
1479 1346 1849 1418 κατορθοῦται.

236 1443 297 1489 Ὀ
379 1437 483 1510 γὰρ
562 1432 801 1507 ἀγαπῶν,
882 1431 1321 1505 φησὶν,ἐπιμελῶς
1413 1430 1676 1487 παιδεύει.
1758 1432 1852 1485 ⁸ον

238 1524 324 1579 ἐπὶ
362 1532 461 1587 τῆς
513 1529 785 1597 μονώσεως
838 1522 1000 1596 εὑρεῖν
1079 1523 1294 1598 ἄπορον,
1361 1526 1433 1595 μη
1504 1523 1854 1595 προενωθέντα

235 1617 374 1667 κατὰ
402 1616 489 1666 τὸν
523 1610 682 1686 βίον·
742 1613 877 1664 ὥστε
925 1609 1230 1684 συμϐαίνειν
1285 1610 1425 1683 αὐτῷ
1475 1613 1534 1665 τὸ
1586 1610 1852 1683 εἰρημένον

239 1703 440 1757 ἐκεῖνο·
495 1701 633 1754 Οὐαὶ
698 1709 771 1772 τῷ
826 1699 920 1772 ἐνὶ,
980 1701 1061 1752 ὅτι
1114 1698 1200 1752 ἐὰν
1256 1703 1418 1772 πέσῃ,
1487 1699 1582 1752 οῦκ
1630 1702 1770 1753 ἐστιν
1827 1700 1853 1751 6

237 1791 447 1867 ἐγείρων
507 1790 683 1844 αὐτόν.
764 1793 866 1842 Καὶ
923 1791 979 1841 αἱ
1030 1787 1232 1842 ἐντολαὶ
1300 1789 1360 1841 δε
1438 1789 1538 1841 ὑπό
1603 1791 1695 1862 μὶν
1752 1796 1853 1840 τῶν

236 1881 484 1934 πλειόνων
534 1878 617 1932 ἐπὶ
668 1881 727 1931 τό
775 1877 904 1931 αὐτὸ
952 1873 1156 1952 ῥαδίως
1191 1881 1420 1950 γίνονται
1474 1877 1703 1944 πλείους,
1757 1878 1854 1929 ἔιπό

239 1968 300 2025 δ⁴ε
364 1977 460 2023 τοῦ
529 1968 638 2030 ἐνὸς
687 1966 905 2021 οὐκέτιν
962 1965 1011 2019 ἐν
1048 1968 1149 2042 γὰρ
1202 1974 1264 2040 τῇ
1291 1964 1518 2041 ἐργασίᾳ
1570 1974 1669 2028 τῆς
1732 1972 1855 2039 μιᾶς

239 2055 592 2133 ἐμποδίζεται
658 2058 688 2115 ἡ
771 2055 921 2115 ἄλλη.
997 2057 1141 2123 Οἷον,
1200 2054 1248 2108 ἐν
1300 2063 1363 2129 τῇ
1420 2054 1691 2126 ἐπισκέψει
1765 2062 1856 2107 τοῦ

239 2147 581 2210 ἀσθενοῦντος
620 2148 650 2204 ἠ
699 2142 947 2218 ὑποδοχή
997 2153 1089 2198 τοῦ
1130 2144 1292 2214 ξένου,
1332 2148 1423 2198 καὶ
1469 2143 1518 2196 ἐν
1582 2152 1645 2217 τῇ
1695 2163 1858 2217 μετα-

242 2234 396 2292 δόσει
449 2242 542 2290 καὶ
596 2240 840 2308 κοινωνίᾳ
885 2242 987 2287 τῶν
1041 2243 1244 2311 χρειῶν
1278 2234 1392 2298 (22)
1444 2238 1555 2295 (καὶ
1603 2233 1857 2307 μάλιστα,

239 2330 364 2382 ὅταν
391 2323 490 2379 διὰ
526 2333 732 2400 μακροῦ
762 2327 818 2377 αἱ
867 2319 1128 2376 διακονίαι
1173 2328 1465 2396 γίνωνται),
1525 2325 1555 2382 ἠ
1614 2327 1733 2398 περὶ
1792 2327 1860 2378 τὰ

244 2421 374 2491 ἔργα
406 2411 621 2474 σπουδή
658 2435 672 2449 ο
696 2416 833 2468 ὥστε
870 2411 925 2465 ἐκ
964 2416 1152 2466 τούτου
1180 2417 1273 2471 τὴν
1304 2416 1559 2485 μεγίστην
1588 2418 1679 2465 καὶ
1728 2415 1858 2466 σύν-

241 2527 391 2561 τονον
450 2508 586 2579 πρὸς
635 2508 899 2579 σωτηρίαν
961 2501 1166 2561 ἐντολὴν
1236 2500 1640 2575 ἐλλιμποξνεσθαι
1663 2523 1676 2537 ο
1726 2508 1859 2576 μήτε

245 2604 341 2651 τοῦ
402 2604 680 2657 πεινῶντος
734 2596 1064 2669 τρεφομένου,
1133 2596 1265 2665 μήτε
1310 2598 1403 2644 τοῦ
1456 2598 1655 2665 γυμνοῦ
1705 2611 1858 2668 περι-

247 2685 588 2760 ϐαλλομένου.
656 2687 747 2744 Τίς
786 2681 847 2734 ἂν
894 2679 981 2735 οὖν
1020 2680 1185 2734 ἕλοιτο
1235 2683 1331 2740 τὴν
1364 2678 1531 2756 ἀργὴν
1572 2685 1663 2734 καὶ
1692 2682 1858 2757 οἶκαρ-

248 2797 346 2832 πον
377 2777 523 2838 ζωὰν
548 2781 643 2835 τῆς
669 2770 932 2846 ἐγκάρπου
970 2774 1061 2824 καὶ
1085 2771 1201 2823 κατ’
1247 2768 1451 2829 ἐντολὴν
1499 2777 1592 2823 τοῦ
1660 2774 1857 2845 Κυρίου

250 2865 650 2937 ἐπιτελουμένης
687 2869 1011 2937 προτιμῆσαι
1034 2876 1050 2928 ;

1958 472 2459 529 unumquemque
2478 456 2645 529 quod
2667 456 2981 529 proprium
3003 457 3118 514 sibi
3139 458 3334 529 fuerit,
3375 468 3612 534 spctare

1957 561 2083 603 non
2111 546 2250 602 sinit
2282 546 2558 602 Charitas
2574 546 2755 615 enim,
2786 547 3004 619 inquit,
3034 563 3156 604 non
3209 552 3424 622 quaerit
3475 566 3610 622 quae

1958 650 2069 691 sua
2105 641 2246 691 sunt
2267 637 2336 691 9³.
2369 635 2495 692 Vita
2525 641 2727 692 autem
2756 635 3027 693 solitaria
3056 642 3111 694 et
3140 654 3416 696 seorsum
3439 656 3475 695 a
3511 656 3619 697 cie-

1961 723 2099 779 tcris
2128 723 2414 780 omnibus
2444 728 2581 780 acta
2605 739 2861 797 scopum
2894 725 3141 781 unicum
3167 727 3369 797 habet,
3402 729 3614 786 utsuis

1961 812 2220 886 quisque
2260 813 2613 871 utilitatibus
2664 813 2964 871 inserviat.
3009 818 3129 871 Hoc
3177 822 3380 873 autem
3403 824 3613 890 aperte

1964 901 2321 958 adversatur
2350 901 2658 958 charitatis
2686 902 2826 971 legi,
2852 918 3041 974 quam
3070 903 3337 976 implevit
3356 910 3614 977 Aposto-

1961 990 2077 1060 lus,
2103 991 2212 1064 qui
2231 1007 2351 1047 non
2375 1007 2506 1056 sua,
2532 990 2640 1047 sed
2666 990 2996 1048 multorum
3024 994 3350 1051 commoda
3378 1010 3616 1066 quaere-

1962 1079 2086 1146 hat,
2120 1084 2186 1136 ut
2231 1078 2382 1135 salvi
2430 1080 2734 1135 ﬁerent“.
2770 1079 2991 1136 Adbeec
3038 1081 3099 1136 in
3146 1081 3499 1153 hujusmodi
3529 1099 3618 1138 suo

1963 1184 2147 1225 cessu
2193 1167 2614 1241 unusquisque
2663 1184 2738 1223 ne
2789 1168 2968 1241 34.6
3029 1169 3314 1226 delictum
3364 1171 3616 1244 quidem

1964 1272 2145 1312 suum
2161 1256 2334 1313 facile
2352 1261 2846 1325 cognoscet.cum
2865 1273 2988 1312 non
3002 1257 3224 1315 habeat
3238 1275 3406 1332 aquo
3418 1260 3619 1316 redar-

1964 1351 2209 1416 guetur,
2268 1351 2326 1402 et
2384 1350 2701 1403 mansuete
2753 1362 2826 1403 ac
2884 1346 3209 1404 clementer
3266 1350 3614 1420 corrigatur.

1964 1434 2371 1507 Reprehensio
2399 1434 2561 1491 enim
2588 1451 2725 1506 quae
2756 1434 2835 1491 ab
2864 1435 3112 1492 inimico
3133 1437 3314 1493 etiam
3342 1438 3427 1506 fit,
3459 1453 3621 1511 saepe

1964 1524 2026 1581 in
2056 1524 2184 1581 viro
2210 1524 2405 1597 probo
2437 1529 2493 1580 et
2519 1541 2697 1597 aequo
2720 1525 2996 1581 sanitatis
3017 1526 3362 1598 quaerendas
3388 1526 3622 1583 deside-

1965 1612 2121 1669 rium
2152 1613 2345 1686 parit:
2381 1619 2704 1685 peccatum
2728 1630 2873 1670 vero
2899 1614 2978 1672 ab
3003 1631 3075 1671 eo
3102 1615 3208 1688 qui
3240 1615 3475 1672 sincere
3526 1617 3622 1673 di-

1889 1726 1929 1780 B
1963 1700 2113 1772 ligit,
2144 1701 2400 1757 scienter
2444 1706 2706 1758 curatur.
2754 1703 2869 1770 Qui
2914 1703 3099 1771 enim,
3151 1704 3366 1777 inquit,
3394 1706 3620 1776 diligit,

1965 1790 2290 1861 diligenter
2317 1790 2517 1847 erudit
2540 1793 2609 1846 ³⁸.
2634 1791 2835 1847 Talem
2864 1797 3070 1849 autem
3099 1793 3507 1870 insolitudine
3537 1810 3626 1851 εο-

1966 1879 2160 1953 perire
2181 1878 2605 1935 difﬁcillimum
2628 1885 2740 1950 est,
2771 1880 2821 1936 si
2849 1881 3015 1952 prius
3036 1881 3097 1937 in
3118 1882 3253 1938 vita:
3276 1883 3624 1941 societatem

1968 1968 2295 2040 adjunctus
2311 1985 2432 2025 non
2458 1969 2654 2026 fuerit.
2678 1971 2873 2035 Quare
2904 1970 3125 2028 accidit
3138 1972 3193 2027 ei
3212 1973 3379 2044 quod
3394 1973 3623 2032 dictum

1968 2062 2097 2114 est:
2132 2059 2227 2114 Vze
2259 2060 2385 2129 uni,
2433 2060 2572 2130 quia
2601 2059 2652 2113 si
2680 2059 2979 2129 ceciderit,
3011 2075 3133 2116 non
3160 2069 3245 2117 est
3274 2063 3383 2133 qui
3422 2065 3620 2135 erigat

1968 2150 2197 2206 eum".
2225 2146 2446 2203 Adhazc
2493 2153 2797 2221 praecepta
2839 2148 3018 2222 plura
3056 2166 3094 2206 a
3137 2149 3414 2223 pluribus
3442 2152 3624 2209 simul

1968 2237 2351 2309 congregatis
2381 2236 2553 2294 facile
2574 2237 2990 2311 perﬁciuntur,
3021 2239 3102 2296 ab
3132 2256 3256 2296 uno
3277 2256 3402 2297 non
3432 2244 3579 2298 item
3605 2258 3621 2299 :

1966 2325 2473 2400 quandoquidem
2494 2325 2645 2382 dum
2668 2342 2857 2383 unum
2880 2327 2968 2395 ﬁt,
2995 2327 3324 2400 impeditur
3344 2330 3622 2388 alterum.

1966 2413 2237 2488 Exempli
2266 2430 2473 2485 causa,
2521 2414 2748 2472 inﬁrmi
2793 2415 3057 2474 visitatio
3103 2416 3245 2475 facit
3291 2425 3356 2476 ut
3401 2420 3629 2494 hospes

1967 2521 2093 2562 non
2121 2504 2478 2577 excipiatur,
2508 2508 2566 2562 et
2587 2520 2792 2561 rerum
2813 2504 2894 2561 ad
2917 2506 3102 2563 vitam
3140 2509 3626 2566 necessariarum

1966 2592 2204 2664 largitio
2230 2598 2289 2650 et
2311 2593 2654 2651 distributio
2672 2594 2958 2659 imaxime
2977 2595 3226 2668 quando
3253 2596 3317 2652 in
3336 2597 3431 2653 his
3452 2597 3625 2655 mini-

1971 2682 2164 2739 steriis
2222 2681 2483 2739 multum
2555 2682 2993 2740 insumendum
3062 2690 3151 2741 est
3197 2686 3508 2759 temporis)
3560 2687 3626 2745 in

1973 2787 2160 2829 causa
2186 2775 2276 2829 est
2301 2787 2411 2829 cur
2434 2771 2512 2828 ad
2537 2771 2816 2830 facienda
2845 2788 3032 2846 opera
3061 2775 3329 2832 studium
3367 2776 3629 2835 conferri

1888 2856 1931 2914 C
1975 2877 2099 2919 non
2117 2861 2326 2934 possit,
2359 2860 2443 2917 sic
2470 2864 2533 2918 ut
2554 2860 2871 2919 deseratur
2890 2864 3247 2923 mandatum
3266 2866 3627 2936 maximum,

256 2963 318 3015 et
338 2954 607 3013 maxime
651 2950 834 3008 saluti
862 2949 1244 3008 conducibile
1271 2966 1285 3007 :
1330 2949 1634 3025 siquidem
1661 2965 1862 3024 neque
1910 2949 2171 3007 nutritur
2211 2949 2317 3022 qui
2366 2948 2570 3020 esurit,
2598 2966 2799 3023 neque
2840 2952 3118 3010 amicitur
3141 2955 3247 3027 qui
3278 2955 3483 3012 nudus
3506 2962 3619 3013 est.

252 3047 402 3116 Quis
427 3044 612 3117 igitur
638 3041 892 3099 inertem
920 3044 979 3098 et
1001 3040 1444 3098 infructuosam
1466 3042 1655 3098 vitam
1676 3040 1750 3113 ei,
1774 3054 1912 3114 qua:
1927 3037 2242 3095 fructuosa
2260 3041 2334 3094 sit
2364 3041 2420 3094 et
2446 3037 2682 3095 Domini
2698 3045 3000 3113 pracepto
3022 3046 3454 3113 consentanea,
3476 3044 3621 3101 velit

252 3141 636 3209 anteponere
658 3132 687 3188 ?

325 3229 381 3280 2.
415 3223 478 3278 Εἰ
505 3218 567 3276 δε
595 3225 686 3274 καὶ
714 3220 920 3288 πάντες,
958 3221 1009 3273 οἱ
1045 3218 1097 3274 ἐν
1143 3224 1243 3293 μιᾷ
1274 3216 1449 3272 ἐλπίδι
1494 3226 1590 3282 τῆς
1633 3217 1868 3281 κλήσεως

253 3313 703 3388 προσληφθέντες,
744 3309 793 3364 ἐν
845 3309 997 3382 σῶμά
1039 3307 1213 3381 ἐσμεν,
1258 3308 1481 3381 κεφαλὴν
1521 3310 1729 3381 ἔχοντες
1779 3311 1869 3361 τὸν

258 3406 496 3480 Χριστόν
522 3422 535 3435 ·
569 3402 597 3453 6
628 3396 688 3454 δέ
716 3401 893 3460 καθεὶς
923 3396 1152 3456 ἀλλήλων
1176 3396 1327 3471 μέλη,
1387 3396 1471 3450 ἐὰν
1518 3402 1591 3471 μὴ
1650 3396 1707 3450 ἐκ
1738 3416 1870 3470 συμ·

261 3499 459 3568 γωνίας
502 3493 638 3565 πρὸς
684 3489 794 3550 ἐνὸς
845 3493 1091 3561 σώματος
1143 3485 1458 3562 ἀρμολογίαν
1516 3485 1565 3538 ἐν
1609 3488 1870 3560 Πνεύματι

263 3584 396 3659 ἀλγίω
447 3580 894 3655 συναρμοσθῶμεν
925 3598 938 3611 ·
980 3578 1193 3637 ἕκαστος
1237 3573 1297 3630 δέ
1335 3578 1481 3649 ἡμῶν
1522 3579 1617 3635 τὴν
1641 3579 1870 3649 μόνωσιν

262 3675 485 3750 αἱρῆται
516 3671 656 3737 (23),
687 3673 756 3743 μὴ
786 3668 923 3720 κατὰ
950 3669 1009 3719 τό
1068 3667 1343 3742 εὐάρεστον
1387 3672 1459 3737 τῷ
1514 3672 1628 3736 Θεῷ
1654 3668 1781 3740 πρὸς
1809 3668 1869 3718 τὸ

263 3772 409 3837 κοινῇ
473 3762 738 3834 συμφέρον
925 3754 1194 3829 οἰκονομίᾳ
1254 3751 1536 3819 δουλεύων,
1610 3752 1741 3806 ἀλλὰ
1810 3756 1870 3806 τὸ

265 3851 529 3913 ἰδιοντῆς
571 3848 949 3921 αὐταρεσκείας
993 3847 1161 3907 πάθος
1197 3843 1565 3920 πληροφορῶν·
1610 3852 1721 3904 πῶς
1769 3838 1872 3896 δυ-

266 3944 469 4017 νάμεθα
498 3938 890 4010 ἀπεσχισμένοι
926 3938 1018 3988 καὶ
1058 3930 1371 4010 διῃρημένοι
1410 3934 1596 3994 σώζειν
1637 3937 1731 3992 τὴν
1774 3940 1873 3984 τῶν

269 4032 432 4107 μελῶν
477 4031 611 4103 πρὸς
648 4024 847 4083 ἄλληλα
886 4026 1077 4096 σχέσιν
1115 4041 1171 4076 τε
1208 4027 1297 4076 καὶ
1338 4023 1647 4101 ῦπηρεσίαν,
1695 4022 1725 4081 ἦ
1786 4025 1873 4080 τὴν

269 4123 545 4192 ὑποταγὴν
574 4118 707 4191 πρὸς
733 4117 827 4173 τὴν
848 4112 1071 4185 κεφαλὴν
1101 4113 1269 4185 ἡμῶν,
1316 4114 1432 4174 ἣτις
1474 4110 1614 4165 ἐστὶν
1661 4112 1688 4163 6
1736 4117 1872 4186 Χρι-

275 4215 418 4277 «76;;
478 4209 618 4261 οὔτε
678 4206 780 4279 γὰρ
841 4209 913 4274 τῷ
974 4197 1307 4275 δοξαζομένῳ
1353 4205 1690 4276 συγχαίρειν,
1759 4202 1878 4254 οὔτε

2049 3219 2085 3273 2
2158 3214 2333 3282 Quod
2379 3215 2429 3272 si
2476 3214 2660 3274 etiam
2704 3231 2939 3286 omnes,
2987 3217 3097 3291 qui
3139 3217 3366 3277 fuimus
3413 3219 3477 3278 in
3503 3236 3628 3281 una

1975 3304 2308 3363 vocationis
2340 3321 2446 3379 spe
2470 3306 2769 3379 assumpti
2806 3308 2876 3375 ³⁷,
2934 3324 3127 3365 unum
3151 3324 3373 3383 corpus
3394 3327 3630 3381 sumus,

1978 3410 2050 3454 ac
2071 3399 2255 3469 caput
2269 3396 2570 3453 Christum
2590 3396 2908 3469 habemus,
2934 3414 3271 3473 sumasque
3292 3400 3514 3473 singuli
3532 3402 3635 3459 alii

1977 3484 2235 3542 aliorum
2266 3484 2535 3542 membra
2556 3487 2627 3556 ³⁸,
2660 3486 2774 3542 nisi
2803 3502 2911 3559 per
2926 3489 3317 3548 concordiam
3336 3491 3400 3548 in
3424 3497 3635 3550 sancto

1980 3574 2198 3648 Spiritu
2225 3580 2723 3645 coagmentemur
2763 3576 2825 3632 in
2858 3577 3037 3634 unius
3074 3581 3344 3652 corporis
3392 3596 3636 3654 compa-

1980 3679 2117 3735 gem
2143 3683 2157 3734 ;
2190 3670 2423 3727 contra,
2443 3665 2493 3721 si
2522 3664 2783 3740 quisque
2807 3672 3088 3724 nostrum
3119 3668 3301 3739 eligat
3328 3670 3514 3725 vitam
3542 3685 3635 3727 so-

1977 3751 2263 3822 litariam,
2303 3769 2501 3827 neque
2548 3755 2609 3811 in
2639 3754 2820 3811 rebus
2871 3754 3297 3828 dispensandis
3323 3760 3636 3815 communi

1981 3840 2239 3908 utilitati,
2270 3847 2335 3898 ut
2358 3845 2476 3899 Deo
2514 3849 2799 3917 acceptus
2829 3843 2921 3909 sit,
2952 3844 3260 3913 inserviat,
3282 3845 3388 3901 sed
3408 3846 3489 3902 illi
3511 3863 3636 3903 sua

1984 3930 2296 4003 cupiditati
2319 3930 2378 3987 in
2400 3947 2525 4004 qua
2553 3932 2669 3989 sibi
2694 3932 2912 4005 placet,
2944 3932 3318 4007 obsequatur
3360 3935 3465 4008 qui
3506 3935 3637 3993 ﬁeri

1982 4019 2217 4094 poterit,
2242 4024 2308 4077 ut
2342 4020 2513 4077 divisi
2560 4037 2632 4077 ac
2684 4021 2969 4093 disjuncti
3011 4029 3291 4079 mutuam
3335 4024 3641 4081 membro-

1983 4126 2117 4167 rum
2135 4110 2287 4168 inter
2307 4126 2371 4167 se
2385 4110 2824 4174 habitudinem,
2844 4111 3258 4186 obsequiaque
3277 4119 3334 4169 et
3348 4113 3638 4172 obedien-

1985 4200 2134 4257 tiam
2162 4204 2370 4257 nostro
2400 4186 2607 4273 capiti,
2637 4200 2741 4274 qui
2785 4200 3054 4259 Christus
3084 4208 3195 4272 est,
3228 4219 3542 4261 servemus
3568 4220 3641 4265 ac

278 4300 624 4374 συμπάσχειν
655 4290 878 4346 δυνατὸν
930 4298 1004 4362 τῷ
1051 4291 1345 4363 πάσχοντι,
1382 4289 1434 4343 ἐν
1483 4298 1544 4364 τῇ
1594 4286 1864 4343 διαστάσει

1988 4292 2266 4345 tueamur
2286 4289 2315 4345 7
2343 4292 2544 4362 Neque
2573 4289 2734 4345 enim
2779 4305 3135 4362 possumus,
3184 4291 3235 4348 si
3265 4292 3399 4349 vita:
3427 4307 3642 4365 genere

277 4397 366 4443 τοῦ
394 4386 548 4463 βίου,
579 4382 640 4436 οὐ
696 4378 984 4454 δυναμένου
1022 4381 1159 4433 κατὰ
1198 4383 1257 4433 τὸ
1297 4379 1433 4442 εἰκὸς
1471 4378 1691 4432 ἐκείστου
1729 4383 1878 4451 γινώ-

281 4499 419 4533 σκειν
448 4478 521 4530 τὰ
542 4480 634 4529 τοῦ
653 4471 896 4531 πλησίον.
942 4466 1092 4525 Εἶται
1120 4473 1211 4522 καὶ
1263 4468 1366 4530 ἐνὸς
1412 4474 1484 4542 μὴ
1541 4467 1879 4543 ἐξαρκοῦντος

1988 4393 2360 4452 separemur,
2394 4393 2521 4435 una
2546 4393 2686 4436 cum
2712 4394 2786 4436 eo
2818 4379 2925 4453 qui
2967 4379 3159 4452 gloria
3187 4381 3468 4451 afﬁcitur,
3500 4399 3645 4455 gau-

1986 4465 2129 4523 dere
2152 4484 2166 4522 :
2185 4482 2383 4540 neque
2405 4483 2545 4524 cum
2573 4483 2646 4524 eo
2664 4467 2773 4541 qui
2795 4469 3042 4541 patitur,
3065 4470 3251 4528 simul
3269 4471 3396 4545 pati
3407 4474 3481 4538 ”,
3502 4488 3643 4530 cum

346 4569 396 4605 ’³
435 4565 628 4624 lCor.
659 4574 774 4628 xm,
799 4565 853 4618 5.
928 4560 978 4595 "
1019 4562 1039 4615 ι
1081 4559 1211 4616 Cor.
1238 4574 1298 4629 x,
1345 4561 1435 4615 33.
1512 4560 1561 4595 ’³
1602 4560 1773 4616 Prov.
1824 4574 1857 4614 x

1987 4559 2081 4612 2i.
2159 4558 2207 4593 ⁹⁶
2247 4556 2435 4613 Eccle.
2484 4573 2564 4625 ιν,
2607 4561 2692 4613 lo.
2769 4559 2815 4593 ⁸⁷
2858 4558 3077 4632 Ephes.
3111 4577 3191 4625 iv,
3230 4563 3285 4619 4.
3365 4563 3413 4598 θ’
3453 4563 3642 4622 ICor.

281 4674 381 4730 xu,
417 4661 508 4713 £2.
587 4654 637 4689 "
670 4648 820 4708 ibid.
849 4652 940 4705 26.

350 4746 469 4817 (20)
490 4740 699 4817 Codex
718 4736 988 4817 Combef.
1000 4735 1361 4817 emendatus
1375 4735 1560 4793 habet
1573 4731 1880 4817 ἆπιδιαςτι-

283 4805 367 4883 κάξ
385 4805 514 4874 non
535 4812 735 4871 solum
745 4810 862 4867 hoc
873 4809 1006 4883 loco
1010 4807 1142 4881 ,sed
1154 4807 1501 4883 ubicunque
1522 4823 1639 4883 vox
1655 4805 1879 4883 ᾅφιδια-

285 4879 463 4951 στὶκός
482 4879 1218 4951 invenitur.Basiliuscum
1231 4879 1312 4936 ita
1331 4879 1637 4936 invehitur
1655 4879 1717 4935 in
1740 4880 1881 4937 soli-

282 4950 718 5033 tariamyitam,
742 4951 893 5033 nihil
915 4950 1079 5008 aliud
1101 4950 1216 5008 sibi
1232 4951 1675 5033 proponit,_nisi
1692 4956 1763 5033 ut
1782 4966 1881 5007 os-

281 5033 491 5092 tendat
508 5029 628 5085 hoc
648 5021 890 5081 vivendi
916 5037 1106 5095 genus
1119 5021 1399 5095 periculis
1429 5022 1655 5088 multis,
1686 5022 1882 5095 iisque

282 5101 590 5168 maximis,
608 5092 942 5154 obnoxium
961 5092 1138 5168 essef
1161 5092 1350 5168 Hujus
1370 5092 1880 5168 interpretationis

282 5162 600 5235 auctorem
628 5168 826 5225 habeo
858 5165 1140 5238 Basilium
1159 5162 1499 5238 ips’u_m,qui
1526 5162 1717 5238 paulo
1746 5167 1887 5236 post

281 5232 618 5318 ἶιᾶὲοτὶρείι
638 5259 651 5298 :
674 5238 837 5312 Ὅπερ
865 5237 1039 5318 ἡλίκον
1067 5232 1457 5318 ἔχειξκίνὸξυνον,
1479 5232 1591 5287 ἵστε
1618 5232 1803 5317 πάντες
1834 5238 1884 5318 ei

285 5307 629 5399 ἀπγυωπξότες
661 5314 728 5394 τὰ
766 5307 1053 5392 Eur/ﬂia
1074 5307 1095 5341 ’⁷
1150 5307 1319 5376 Quod
1347 5313 1575 5389 quanto
1606 5307 1883 5390 periculo

285 5393 614 5449 obnoxium
638 5389 734 5450 sit,
768 5377 1601 5452 scitis_qizotquot__Evangelza
1632 5378 1880 5452 legistis.

285 5447 461 5521 Haud
471 5459 653 5527 longe
664 5447 1368 5527 apertiusloquitur.Eju§
1383 5447 1513 5504 hinc
1526 5447 1880 5527 s‘untverha,

284 5518 532 5592 ;;8W0€
553 5518 615 5584 δῖ
634 5518 919 5604 παρέπεται
938 5529 999 5597 τῇ
1018 5518 1313 5597 μοναστικῆ
1335 5520 1442 5595 ζωῇ
1466 5522 1598 5599 πρὸς
1622 5525 1727 5582 τοῖς
1748 5518 1885 5597 ripa;

1984 4738 2175 4813 μένοις,
2196 4736 2527 4813 quinetiam
2542 4742 2768 4813 praeter
2778 4752 2849 4813 ea
2876 4754 3009 4812 qua:
3025 4740 3188 4797 dicta
3206 4747 3367 4813 sunt,
3396 4740 3644 4811 pericu-

1990 4808 2115 4865 lum
2128 4808 2454 4864 comitatur
2466 4811 2649 4867 vitam
2668 4808 3043 4868 solitariam.

2060 4879 2173 4957 (2⁸)
2202 4881 2311 4935 PFO
2326 4890 2728 4957 καῖαχωριφμῷ
2772 4882 2989 4957 legit“!
3034 4881 3096 4938 in
3144 4880 3313 4957 Cle-
3355 4892 3644 4957 χωρισμῷο

1987 4953 2281 5023 Μρκῄῐίθῄε.
2324 4952 2560 5023 primus
2606 4952 2826 5015 ἕκαστος
2864 4957 2921 5005 τὸ
2963 4953 3172 5007 ἐαυτοῦ.
3216 4952 3549 5009 νοοω1ι⁷υό⁷
3585 4952 3647 5010 in

1989 5021 2163 5077 editis
2192 5020 2423 5079 deerat.

2057 5094 2170 5165 (22)
2203 5092 2482 5166 Antiquis
2515 5095 2805 5151 editiones
2857 5094 3097 5166 κοινωνίᾳ
3154 5102 3255 5147 τῶν
3289 5103 3518 5168 χειρῷν.
3574 5097 3652 5152 At

1991 5179 2138 5239 mss.
2170 5168 2287 5219 tres
2310 5165 2525 5239 praeter
2546 5168 2713 5239 γοδς,
2743 5173 2844 5239 τῶν
2900 5165 3118 5239 χρειῶν,
3171 5171 3230 5221 et
3285 5165 3367 5222 ita
3396 5165 3654 5239 legerat

1989 5234 2468 5307 interpresfMox
2491 5236 2673 5308 editio
2691 5236 2880 5308 Raris.
2902 5234 3156 5308 perinde
3188 5241 3252 5293 ut
3297 5236 3473 5294 Basil.
3492 5234 3509 5236 ⁷
3535 5235 3653 5292 δια-

1990 5305 2161 5380 κονίαᾷἱ
2197 5311 2449 5380 ⁶χίνονται.
2478 5307 2674 5380 EAdilio
2690 5305 2837 5361 Ven.
2879 5305 2937 5361 e't
2971 5311 3234 5378 quatuor
3278 5325 3423 5380 mss.
3472 5315 3654 5380 γίνων-

1990 5394 2105 5453 τοιι.Δ
2128 5376 2393 5453 Subinde
2424 5377 2614 5453 codex
2638 5379 2810 5453 Voss.
2844 5380 2975 5452 πρὸς
2992 5376 3266 5453 σωτηρίαν
3298 5376 3505 5438 ἐντολὴν
3529 5381 3655 5434 ἐλλι-

1990 5448 2308 5523 μποξνεοξθαιἶ
2338 5447 2537 5523 codex
2562 5446 2732 5523 (ξομ),
2754 5448 2827 5523 εἰς
2866 5446 3147 5523 σωτηρίαν,

2066 5517 2419 5591 (32)Antiqui
2445 5517 2571 5577 duo
2597 5518 2734 5579 libri
2760 5522 3005 5601 αἱρεῖται.
