  <div class='ocr_page' id='page_1' title='image "/cluster/home/n/w/nwhite01/storage/ocr_20150623/31/hvd.32044048272629/487.png"; bbox 0 0 4082 6178; ppageno 0'>
   <div class='ocr_carea' id='block_1_1' title="bbox 600 211 704 268">
    <p class='ocr_par' dir='ltr' id='par_1_1' title="bbox 600 211 704 268">
     <span class='ocr_line' id='line_1_1' title="bbox 600 211 704 268; baseline -0.029 0"><span class='ocrx_word' id='word_1_1' title='bbox 600 211 704 268; x_wconf 71' lang='lat'><strong><em>935</em></strong></span> 
     </span>
    </p>
   </div>
   <div class='ocr_carea' id='block_1_2' title="bbox 1971 197 2597 254">
    <p class='ocr_par' dir='ltr' id='par_1_2' title="bbox 1971 197 2597 254">
     <span class='ocr_line' id='line_1_2' title="bbox 1971 197 2597 254; baseline -0.002 -2"><span class='ocrx_word' id='word_1_2' title='bbox 1971 199 2028 253; x_wconf 92' lang='lat' dir='ltr'><strong><em>S.</em></strong></span> <span class='ocrx_word' id='word_1_3' title='bbox 2072 198 2320 254; x_wconf 74' lang='lat' dir='ltr'><strong><em>BASIL&quot;</em></strong></span> <span class='ocrx_word' id='word_1_4' title='bbox 2359 197 2597 253; x_wconf 67' lang='lat' dir='ltr'><strong><em>MAGNL</em></strong></span> 
     </span>
    </p>
   </div>
   <div class='ocr_carea' id='block_1_3' title="bbox 3813 208 3900 260">
    <p class='ocr_par' dir='ltr' id='par_1_3' title="bbox 3813 208 3900 260">
     <span class='ocr_line' id='line_1_3' title="bbox 3813 208 3900 260; baseline 0.011 -1"><span class='ocrx_word' id='word_1_5' title='bbox 3813 208 3900 260; x_wconf 84' lang='lat'><strong><em>936</em></strong></span> 
     </span>
    </p>
   </div>
   <div class='ocr_carea' id='block_1_4' title="bbox 597 317 2229 398">
    <p class='ocr_par' dir='ltr' id='par_1_4' title="bbox 597 321 2229 398">
     <span class='ocr_line' id='line_1_4' title="bbox 597 321 2229 398; baseline -0.007 -11"><span class='ocrx_word' id='word_1_6' title='bbox 597 333 882 387; x_wconf 87' lang='lat' dir='ltr'><strong><em>cumenta</em></strong></span> <span class='ocrx_word' id='word_1_7' title='bbox 915 326 1124 394; x_wconf 89' lang='lat' dir='ltr'><strong><em>multa,</em></strong></span> <span class='ocrx_word' id='word_1_8' title='bbox 1159 341 1352 398; x_wconf 86' lang='lat' dir='ltr'><strong><em>eaque</em></strong></span> <span class='ocrx_word' id='word_1_9' title='bbox 1377 343 1450 384; x_wconf 83' lang='lat' dir='ltr'><strong><em>ex</em></strong></span> <span class='ocrx_word' id='word_1_10' title='bbox 1497 326 1700 382; x_wconf 87' lang='lat' dir='ltr'><strong><em>multis</em></strong></span> <span class='ocrx_word' id='word_1_11' title='bbox 1737 325 2026 398; x_wconf 82' lang='lat' dir='ltr'><strong><em>operibus</em></strong></span> <span class='ocrx_word' id='word_1_12' title='bbox 2053 321 2229 378; x_wconf 59' lang='lat' dir='ltr'><strong><em>validi</em></strong></span> 
     </span>
    </p>
   </div>
   <div class='ocr_carea' id='block_1_5' title="bbox 2337 317 3905 398">
    <p class='ocr_par' dir='ltr' id='par_1_5' title="bbox 2365 317 3905 398">
     <span class='ocr_line' id='line_1_5' title="bbox 2365 317 3905 398; baseline 0.005 -27"><span class='ocrx_word' id='word_1_13' title='bbox 2365 326 2454 372; x_wconf 85' lang='grc' dir='ltr'>καὶ</span> <span class='ocrx_word' id='word_1_14' title='bbox 2514 317 2607 372; x_wconf 76' lang='grc' dir='ltr'><strong><em>διὰ</em></strong></span> <span class='ocrx_word' id='word_1_15' title='bbox 2663 319 2904 372; x_wconf 85' lang='grc' dir='ltr'>πλειόνων</span> <span class='ocrx_word' id='word_1_16' title='bbox 2958 322 3276 393; x_wconf 74' lang='grc' dir='ltr'><strong><em>πραγμάτων</em></strong></span> <span class='ocrx_word' id='word_1_17' title='bbox 3327 321 3546 398; x_wconf 81' lang='grc' dir='ltr'>ἰσχυρὰν</span> <span class='ocrx_word' id='word_1_18' title='bbox 3574 321 3813 388; x_wconf 76' lang='grc' dir='ltr'>ἀπόδειξιν</span> <span class='ocrx_word' id='word_1_19' title='bbox 3834 327 3905 380; x_wconf 81' lang='grc' dir='ltr'><strong><em>λέ-</em></strong></span> 
     </span>
    </p>
   </div>
   <div class='ocr_carea' id='block_1_6' title="bbox 596 413 2248 489">
    <p class='ocr_par' dir='ltr' id='par_1_6' title="bbox 596 413 2248 489">
     <span class='ocr_line' id='line_1_6' title="bbox 596 413 2248 489; baseline -0.004 -15"><span class='ocrx_word' id='word_1_20' title='bbox 596 417 1016 489; x_wconf 87' lang='lat' dir='ltr'><strong><em>comprobata,</em></strong></span> <span class='ocrx_word' id='word_1_21' title='bbox 1039 415 1198 470; x_wconf 81' lang='lat' dir='ltr'><strong><em>dicat</em></strong></span> <span class='ocrx_word' id='word_1_22' title='bbox 1227 416 1514 471; x_wconf 82' lang='lat' dir='ltr'><strong><em>omnibus</em></strong></span> <span class='ocrx_word' id='word_1_23' title='bbox 1542 433 1555 470; x_wconf 92' lang='lat'><strong><em>:</em></strong></span> <span class='ocrx_word' id='word_1_24' title='bbox 1582 417 1645 470; x_wconf 89' lang='lat' dir='ltr'><strong><em>Si</em></strong></span> <span class='ocrx_word' id='word_1_25' title='bbox 1673 416 1804 486; x_wconf 87' lang='lat' dir='ltr'><strong><em>quis</em></strong></span> <span class='ocrx_word' id='word_1_26' title='bbox 1837 416 1999 470; x_wconf 82' lang='lat' dir='ltr'><strong><em>venit</em></strong></span> <span class='ocrx_word' id='word_1_27' title='bbox 2028 413 2109 469; x_wconf 80' lang='lat' dir='ltr'><strong><em>ad</em></strong></span> <span class='ocrx_word' id='word_1_28' title='bbox 2138 427 2248 477; x_wconf 88' lang='lat' dir='ltr'><strong><em>me,</em></strong></span> 
     </span>
    </p>
   </div>
   <div class='ocr_carea' id='block_1_7' title="bbox 592 506 2251 577">
    <p class='ocr_par' dir='ltr' id='par_1_7' title="bbox 592 506 2251 577">
     <span class='ocr_line' id='line_1_7' title="bbox 592 506 2251 577; baseline -0.003 -14"><span class='ocrx_word' id='word_1_29' title='bbox 592 509 844 577; x_wconf 77' lang='lat' dir='ltr'><strong><em>abneget</em></strong></span> <span class='ocrx_word' id='word_1_30' title='bbox 872 506 1275 575; x_wconf 78' lang='lat' dir='ltr'><strong><em>semetipsum,</em></strong></span> <span class='ocrx_word' id='word_1_31' title='bbox 1307 513 1360 562; x_wconf 91' lang='lat' dir='ltr'><strong><em>et</em></strong></span> <span class='ocrx_word' id='word_1_32' title='bbox 1394 507 1571 561; x_wconf 83' lang='lat' dir='ltr'><strong><em>tollat</em></strong></span> <span class='ocrx_word' id='word_1_33' title='bbox 1615 521 1850 560; x_wconf 76' lang='lat' dir='ltr'><strong><em>crucem</em></strong></span> <span class='ocrx_word' id='word_1_34' title='bbox 1873 519 2066 570; x_wconf 88' lang='lat' dir='ltr'><strong><em>suam,</em></strong></span> <span class='ocrx_word' id='word_1_35' title='bbox 2098 512 2150 559; x_wconf 87' lang='lat' dir='ltr'><strong><em>et</em></strong></span> <span class='ocrx_word' id='word_1_36' title='bbox 2171 518 2251 558; x_wconf 86' lang='lat' dir='ltr'><strong><em>se-</em></strong></span> 
     </span>
    </p>
   </div>
   <div class='ocr_carea' id='block_1_8' title="bbox 589 593 2247 667">
    <p class='ocr_par' dir='ltr' id='par_1_8' title="bbox 589 593 2247 667">
     <span class='ocr_line' id='line_1_8' title="bbox 589 593 2247 667; baseline -0.002 -18"><span class='ocrx_word' id='word_1_37' title='bbox 589 602 816 667; x_wconf 82' lang='lat' dir='ltr'><strong><em>quatur</em></strong></span> <span class='ocrx_word' id='word_1_38' title='bbox 846 611 936 651; x_wconf 88' lang='lat' dir='ltr'><strong><em>me</em></strong></span> <span class='ocrx_word' id='word_1_39' title='bbox 963 597 1003 629; x_wconf 83' lang='lat'>&quot;</span> <span class='ocrx_word' id='word_1_40' title='bbox 1034 613 1046 662; x_wconf 91' lang='lat'><strong><em>;</em></strong></span> <span class='ocrx_word' id='word_1_41' title='bbox 1073 601 1128 648; x_wconf 87' lang='lat' dir='ltr'><strong><em>et</em></strong></span> <span class='ocrx_word' id='word_1_42' title='bbox 1151 594 1366 648; x_wconf 89' lang='lat' dir='ltr'><strong><em>iterum</em></strong></span> <span class='ocrx_word' id='word_1_43' title='bbox 1393 611 1404 649; x_wconf 93' lang='lat'><strong>:</strong></span> <span class='ocrx_word' id='word_1_44' title='bbox 1433 596 1527 650; x_wconf 87' lang='lat' dir='ltr'><strong><em>Sic</em></strong></span> <span class='ocrx_word' id='word_1_45' title='bbox 1555 610 1696 664; x_wconf 87' lang='lat' dir='ltr'><strong><em>ergo</em></strong></span> <span class='ocrx_word' id='word_1_46' title='bbox 1743 597 1932 649; x_wconf 79' lang='lat' dir='ltr'><strong><em>omnis</em></strong></span> <span class='ocrx_word' id='word_1_47' title='bbox 1953 608 2029 649; x_wconf 75' lang='lat' dir='ltr'><strong><em>ea:</em></strong></span> <span class='ocrx_word' id='word_1_48' title='bbox 2066 593 2247 654; x_wconf 90' lang='lat' dir='ltr'><strong><em>vobis,</em></strong></span> 
     </span>
    </p>
   </div>
   <div class='ocr_carea' id='block_1_9' title="bbox 589 685 2251 758">
    <p class='ocr_par' dir='ltr' id='par_1_9' title="bbox 589 685 2251 758">
     <span class='ocr_line' id='line_1_9' title="bbox 589 685 2251 758; baseline -0.001 -19"><span class='ocrx_word' id='word_1_49' title='bbox 589 687 692 758; x_wconf 86' lang='lat' dir='ltr'><strong><em>qui</em></strong></span> <span class='ocrx_word' id='word_1_50' title='bbox 711 701 827 741; x_wconf 84' lang='lat' dir='ltr'><strong><em>non</em></strong></span> <span class='ocrx_word' id='word_1_51' title='bbox 853 685 1450 741; x_wconf 84' lang='lat' dir='ltr'><strong><em>renuntiatomnibus</em></strong></span> <span class='ocrx_word' id='word_1_52' title='bbox 1475 700 1602 755; x_wconf 75' lang='lat' dir='ltr'><strong><em>qua:</em></strong></span> <span class='ocrx_word' id='word_1_53' title='bbox 1622 685 1903 752; x_wconf 80' lang='lat' dir='ltr'><strong><em>possidet,</em></strong></span> <span class='ocrx_word' id='word_1_54' title='bbox 1928 699 2048 738; x_wconf 81' lang='lat' dir='ltr'><strong><em>non</em></strong></span> <span class='ocrx_word' id='word_1_55' title='bbox 2057 688 2251 752; x_wconf 85' lang='lat' dir='ltr'><strong><em>potest</em></strong></span> 
     </span>
    </p>
   </div>
   <div class='ocr_carea' id='block_1_10' title="bbox 589 773 2250 845">
    <p class='ocr_par' dir='ltr' id='par_1_10' title="bbox 589 773 2250 845">
     <span class='ocr_line' id='line_1_10' title="bbox 589 773 2250 845; baseline -0.002 -15"><span class='ocrx_word' id='word_1_56' title='bbox 589 791 753 832; x_wconf 89' lang='lat' dir='ltr'><strong><em>meus</em></strong></span> <span class='ocrx_word' id='word_1_57' title='bbox 774 791 896 831; x_wconf 88' lang='lat' dir='ltr'><strong><em>esse</em></strong></span> <span class='ocrx_word' id='word_1_58' title='bbox 912 775 1330 844; x_wconf 75' lang='lat' dir='ltr'><strong><em>discipulus”;</em></strong></span> <span class='ocrx_word' id='word_1_59' title='bbox 1354 773 1722 829; x_wconf 77' lang='lat' dir='ltr'><strong><em>arbitramur</em></strong></span> <span class='ocrx_word' id='word_1_60' title='bbox 1744 774 1856 829; x_wconf 89' lang='lat' dir='ltr'><strong><em>hoc</em></strong></span> <span class='ocrx_word' id='word_1_61' title='bbox 1878 777 2250 845; x_wconf 63' lang='lat' dir='ltr'><strong><em>praeceptum</em></strong></span> 
     </span>
    </p>
   </div>
   <div class='ocr_carea' id='block_1_11' title="bbox 591 860 2246 936">
    <p class='ocr_par' dir='ltr' id='par_1_11' title="bbox 591 860 2246 936">
     <span class='ocr_line' id='line_1_11' title="bbox 591 860 2246 936; baseline -0.002 -18"><span class='ocrx_word' id='word_1_62' title='bbox 591 863 669 918; x_wconf 93' lang='lat' dir='ltr'><strong><em>ad</em></strong></span> <span class='ocrx_word' id='word_1_63' title='bbox 718 863 894 936; x_wconf 88' lang='lat' dir='ltr'><strong><em>plura</em></strong></span> <span class='ocrx_word' id='word_1_64' title='bbox 926 881 960 920; x_wconf 87' lang='lat' dir='ltr'><strong><em>a</em></strong></span> <span class='ocrx_word' id='word_1_65' title='bbox 1004 862 1225 934; x_wconf 88' lang='lat' dir='ltr'><strong><em>quibus</em></strong></span> <span class='ocrx_word' id='word_1_66' title='bbox 1267 861 1604 917; x_wconf 90' lang='lat' dir='ltr'><strong><em>abalienari</em></strong></span> <span class='ocrx_word' id='word_1_67' title='bbox 1647 867 1905 934; x_wconf 76' lang='lat' dir='ltr'><strong><em>oportet,</em></strong></span> <span class='ocrx_word' id='word_1_68' title='bbox 1935 860 2246 934; x_wconf 80' lang='lat' dir='ltr'><strong><em>pertinere.</em></strong></span> 
     </span>
    </p>
   </div>
   <div class='ocr_carea' id='block_1_12' title="bbox 591 950 2248 1009">
    <p class='ocr_par' dir='ltr' id='par_1_12' title="bbox 591 950 2248 1009">
     <span class='ocr_line' id='line_1_12' title="bbox 591 950 2248 1009; baseline -0.002 0"><span class='ocrx_word' id='word_1_69' title='bbox 591 955 738 1008; x_wconf 83' lang='lat' dir='ltr'><strong><em>Nam</em></strong></span> <span class='ocrx_word' id='word_1_70' title='bbox 765 960 821 1009; x_wconf 87' lang='lat' dir='ltr'><strong><em>et</em></strong></span> <span class='ocrx_word' id='word_1_71' title='bbox 843 953 1086 1008; x_wconf 84' lang='lat' dir='ltr'><strong><em>diabolo</em></strong></span> <span class='ocrx_word' id='word_1_72' title='bbox 1111 957 1247 1006; x_wconf 91' lang='lat' dir='ltr'><strong><em>ante</em></strong></span> <span class='ocrx_word' id='word_1_73' title='bbox 1273 952 1481 1006; x_wconf 81' lang='lat' dir='ltr'><strong><em>omnia</em></strong></span> <span class='ocrx_word' id='word_1_74' title='bbox 1505 957 1561 1007; x_wconf 92' lang='lat' dir='ltr'><strong><em>et</em></strong></span> <span class='ocrx_word' id='word_1_75' title='bbox 1589 952 1789 1007; x_wconf 87' lang='lat' dir='ltr'><strong><em>carnis</em></strong></span> <span class='ocrx_word' id='word_1_76' title='bbox 1817 950 2130 1007; x_wconf 82' lang='lat' dir='ltr'><strong><em>atl‘eetibus</em></strong></span> <span class='ocrx_word' id='word_1_77' title='bbox 2160 965 2248 1006; x_wconf 88' lang='lat' dir='ltr'><strong><em>re-</em></strong></span> 
     </span>
    </p>
   </div>
   <div class='ocr_carea' id='block_1_13' title="bbox 587 1039 2245 1113">
    <p class='ocr_par' dir='ltr' id='par_1_13' title="bbox 587 1039 2245 1113">
     <span class='ocr_line' id='line_1_13' title="bbox 587 1039 2245 1113; baseline -0.002 -16"><span class='ocrx_word' id='word_1_78' title='bbox 587 1043 958 1108; x_wconf 85' lang='lat' dir='ltr'><strong><em>nuntiamus,</em></strong></span> <span class='ocrx_word' id='word_1_79' title='bbox 991 1040 1095 1113; x_wconf 85' lang='lat' dir='ltr'><strong><em>qui</em></strong></span> <span class='ocrx_word' id='word_1_80' title='bbox 1125 1040 1410 1096; x_wconf 90' lang='lat' dir='ltr'><strong><em>nuntium</em></strong></span> <span class='ocrx_word' id='word_1_81' title='bbox 1458 1040 1804 1095; x_wconf 84' lang='lat' dir='ltr'><strong><em>remisimus</em></strong></span> <span class='ocrx_word' id='word_1_82' title='bbox 1835 1039 2082 1095; x_wconf 84' lang='lat' dir='ltr'><strong><em>occultis</em></strong></span> <span class='ocrx_word' id='word_1_83' title='bbox 2121 1043 2245 1094; x_wconf 88' lang='lat' dir='ltr'><strong><em>tur-</em></strong></span> 
     </span>
    </p>
   </div>
   <div class='ocr_carea' id='block_1_14' title="bbox 585 1127 2246 1204">
    <p class='ocr_par' dir='ltr' id='par_1_14' title="bbox 585 1127 2246 1204">
     <span class='ocr_line' id='line_1_14' title="bbox 585 1127 2246 1204; baseline -0.002 -19"><span class='ocrx_word' id='word_1_84' title='bbox 585 1131 979 1204; x_wconf 86' lang='lat' dir='ltr'><strong><em>pitudinibus,</em></strong></span> <span class='ocrx_word' id='word_1_85' title='bbox 1030 1129 1498 1198; x_wconf 76' lang='lat' dir='ltr'><strong><em>cognationibus</em></strong></span> <span class='ocrx_word' id='word_1_86' title='bbox 1552 1129 1879 1201; x_wconf 83' lang='lat' dir='ltr'><strong><em>corporeis,</em></strong></span> <span class='ocrx_word' id='word_1_87' title='bbox 1928 1127 2246 1183; x_wconf 86' lang='lat' dir='ltr'><strong><em>hominum</em></strong></span> 
     </span>
    </p>
   </div>
   <div class='ocr_carea' id='block_1_15' title="bbox 586 1217 2243 1290">
    <p class='ocr_par' dir='ltr' id='par_1_15' title="bbox 586 1217 2243 1290">
     <span class='ocr_line' id='line_1_15' title="bbox 586 1217 2243 1290; baseline -0.002 -14"><span class='ocrx_word' id='word_1_88' title='bbox 586 1221 862 1276; x_wconf 81' lang='lat' dir='ltr'><strong><em>amicitiis</em></strong></span> <span class='ocrx_word' id='word_1_89' title='bbox 880 1219 1082 1274; x_wconf 71' lang='lat' dir='ltr'><strong><em>etvitie</em></strong></span> <span class='ocrx_word' id='word_1_90' title='bbox 1097 1217 1690 1290; x_wconf 73' lang='lat' dir='ltr'><strong><em>consuetudini,quie</em></strong></span> <span class='ocrx_word' id='word_1_91' title='bbox 1705 1217 2029 1287; x_wconf 79' lang='lat' dir='ltr'><strong><em>integritati</em></strong></span> <span class='ocrx_word' id='word_1_92' title='bbox 2050 1220 2243 1272; x_wconf 83' lang='lat' dir='ltr'><strong><em>Evan-</em></strong></span> 
     </span>
    </p>
   </div>
   <div class='ocr_carea' id='block_1_16' title="bbox 588 1305 2244 1379">
    <p class='ocr_par' dir='ltr' id='par_1_16' title="bbox 588 1305 2244 1379">
     <span class='ocr_line' id='line_1_16' title="bbox 588 1305 2244 1379; baseline -0.002 -15"><span class='ocrx_word' id='word_1_93' title='bbox 588 1309 722 1379; x_wconf 85' lang='lat' dir='ltr'><strong><em>gelii</em></strong></span> <span class='ocrx_word' id='word_1_94' title='bbox 755 1307 966 1362; x_wconf 88' lang='lat' dir='ltr'><strong><em>salutis</em></strong></span> <span class='ocrx_word' id='word_1_95' title='bbox 996 1307 1370 1364; x_wconf 84' lang='lat' dir='ltr'><strong><em>adversetur.</em></strong></span> <span class='ocrx_word' id='word_1_96' title='bbox 1402 1309 1468 1361; x_wconf 87' lang='lat' dir='ltr'><strong><em>Et</em></strong></span> <span class='ocrx_word' id='word_1_97' title='bbox 1491 1305 1658 1378; x_wconf 92' lang='lat' dir='ltr'><strong><em>quod</em></strong></span> <span class='ocrx_word' id='word_1_98' title='bbox 1688 1306 1781 1361; x_wconf 88' lang='lat' dir='ltr'><strong><em>his</em></strong></span> <span class='ocrx_word' id='word_1_99' title='bbox 1811 1306 2009 1375; x_wconf 88' lang='lat' dir='ltr'><strong><em>magis</em></strong></span> <span class='ocrx_word' id='word_1_100' title='bbox 2044 1321 2244 1362; x_wconf 87' lang='lat' dir='ltr'><strong><em>neces-</em></strong></span> 
     </span>
    </p>
   </div>
   <div class='ocr_carea' id='block_1_17' title="bbox 586 1395 2239 1469">
    <p class='ocr_par' dir='ltr' id='par_1_17' title="bbox 586 1395 2239 1469">
     <span class='ocr_line' id='line_1_17' title="bbox 586 1395 2239 1469; baseline -0.001 -17"><span class='ocrx_word' id='word_1_101' title='bbox 586 1398 812 1454; x_wconf 91' lang='lat' dir='ltr'><strong><em>sarium</em></strong></span> <span class='ocrx_word' id='word_1_102' title='bbox 853 1403 963 1463; x_wconf 89' lang='lat' dir='ltr'><strong><em>est,</em></strong></span> <span class='ocrx_word' id='word_1_103' title='bbox 997 1397 1108 1452; x_wconf 91' lang='lat' dir='ltr'><strong><em>sibi</em></strong></span> <span class='ocrx_word' id='word_1_104' title='bbox 1139 1397 1265 1469; x_wconf 90' lang='lat' dir='ltr'><strong><em>ipse</em></strong></span> <span class='ocrx_word' id='word_1_105' title='bbox 1308 1396 1610 1452; x_wconf 89' lang='lat' dir='ltr'><strong><em>renuntiat</em></strong></span> <span class='ocrx_word' id='word_1_106' title='bbox 1639 1395 1742 1468; x_wconf 87' lang='lat' dir='ltr'><strong><em>qui</em></strong></span> <span class='ocrx_word' id='word_1_107' title='bbox 1780 1395 1942 1452; x_wconf 83' lang='lat' dir='ltr'><strong><em>exuit</em></strong></span> <span class='ocrx_word' id='word_1_108' title='bbox 1983 1401 2239 1452; x_wconf 79' lang='lat' dir='ltr'><strong><em>veterem</em></strong></span> 
     </span>
    </p>
   </div>
   <div class='ocr_carea' id='block_1_18' title="bbox 581 1484 2243 1557">
    <p class='ocr_par' dir='ltr' id='par_1_18' title="bbox 581 1484 2243 1557">
     <span class='ocr_line' id='line_1_18' title="bbox 581 1484 2243 1557; baseline -0.001 -16"><span class='ocrx_word' id='word_1_109' title='bbox 581 1485 894 1543; x_wconf 86' lang='lat' dir='ltr'><strong><em>hominem</em></strong></span> <span class='ocrx_word' id='word_1_110' title='bbox 925 1501 1065 1541; x_wconf 92' lang='lat' dir='ltr'><strong><em>cum</em></strong></span> <span class='ocrx_word' id='word_1_111' title='bbox 1110 1486 1341 1541; x_wconf 85' lang='lat' dir='ltr'><strong><em>actibus</em></strong></span> <span class='ocrx_word' id='word_1_112' title='bbox 1381 1484 1648 1557; x_wconf 62' lang='lat' dir='ltr'><strong><em>ipsius”,</em></strong></span> <span class='ocrx_word' id='word_1_113' title='bbox 1705 1485 1810 1557; x_wconf 89' lang='lat' dir='ltr'><strong><em>qui</em></strong></span> <span class='ocrx_word' id='word_1_114' title='bbox 1839 1487 2243 1557; x_wconf 86' lang='lat' dir='ltr'><strong><em>corrumpitur</em></strong></span> 
     </span>
    </p>
   </div>
   <div class='ocr_carea' id='block_1_19' title="bbox 594 1573 2242 1644">
    <p class='ocr_par' dir='ltr' id='par_1_19' title="bbox 594 1573 2242 1644">
     <span class='ocr_line' id='line_1_19' title="bbox 594 1573 2242 1644; baseline 0 -14"><span class='ocrx_word' id='word_1_115' title='bbox 594 1575 928 1630; x_wconf 90' lang='lat' dir='ltr'><strong><em>secundum</em></strong></span> <span class='ocrx_word' id='word_1_116' title='bbox 959 1574 1260 1630; x_wconf 88' lang='lat' dir='ltr'><strong><em>desideria</em></strong></span> <span class='ocrx_word' id='word_1_117' title='bbox 1290 1574 1577 1630; x_wconf 72' lang='lat' dir='ltr'><strong><em>erroris“.</em></strong></span> <span class='ocrx_word' id='word_1_118' title='bbox 1607 1579 1688 1629; x_wconf 82' lang='lat' dir='ltr'><strong><em>Ae</em></strong></span> <span class='ocrx_word' id='word_1_119' title='bbox 1727 1573 1905 1629; x_wconf 88' lang='lat' dir='ltr'><strong><em>etiam</em></strong></span> <span class='ocrx_word' id='word_1_120' title='bbox 1926 1575 2242 1644; x_wconf 80' lang='lat' dir='ltr'><strong><em>renuntiat</em></strong></span> 
     </span>
    </p>
   </div>
   <div class='ocr_carea' id='block_1_20' title="bbox 574 1664 2310 1736">
    <p class='ocr_par' dir='ltr' id='par_1_20' title="bbox 574 1664 2310 1736">
     <span class='ocr_line' id='line_1_20' title="bbox 574 1664 2310 1736; baseline 0 -16"><span class='ocrx_word' id='word_1_121' title='bbox 574 1665 858 1720; x_wconf 81' lang='lat' dir='ltr'><strong><em>omnibus</em></strong></span> <span class='ocrx_word' id='word_1_122' title='bbox 892 1664 1218 1720; x_wconf 83' lang='lat' dir='ltr'><strong><em>mundanis</em></strong></span> <span class='ocrx_word' id='word_1_123' title='bbox 1248 1664 1584 1730; x_wconf 73' lang='lat' dir='ltr'><strong><em>affectibus,</em></strong></span> <span class='ocrx_word' id='word_1_124' title='bbox 1622 1665 1726 1736; x_wconf 87' lang='lat' dir='ltr'><strong><em>qui</em></strong></span> <span class='ocrx_word' id='word_1_125' title='bbox 1765 1664 2006 1736; x_wconf 88' lang='lat' dir='ltr'><strong><em>pietatis</em></strong></span> <span class='ocrx_word' id='word_1_126' title='bbox 2053 1679 2239 1736; x_wconf 91' lang='lat' dir='ltr'><strong><em>scopo</em></strong></span> <span class='ocrx_word' id='word_1_127' title='bbox 2270 1679 2310 1732; x_wconf 82' lang='grc' dir='ltr'><strong><em>Β</em></strong></span> 
     </span>
    </p>
   </div>
   <div class='ocr_carea' id='block_1_21' title="bbox 578 1753 2237 1826">
    <p class='ocr_par' dir='ltr' id='par_1_21' title="bbox 578 1753 2237 1826">
     <span class='ocr_line' id='line_1_21' title="bbox 578 1753 2237 1826; baseline 0 -18"><span class='ocrx_word' id='word_1_128' title='bbox 578 1753 1012 1826; x_wconf 88' lang='lat' dir='ltr'><strong><em>impedimento</em></strong></span> <span class='ocrx_word' id='word_1_129' title='bbox 1026 1770 1154 1809; x_wconf 91' lang='lat' dir='ltr'><strong><em>esse</em></strong></span> <span class='ocrx_word' id='word_1_130' title='bbox 1176 1758 1456 1826; x_wconf 90' lang='lat' dir='ltr'><strong><em>possunt.</em></strong></span> <span class='ocrx_word' id='word_1_131' title='bbox 1479 1757 1680 1825; x_wconf 87' lang='lat' dir='ltr'><strong><em>Itaque</em></strong></span> <span class='ocrx_word' id='word_1_132' title='bbox 1694 1754 1798 1825; x_wconf 85' lang='lat' dir='ltr'><strong><em>qui</em></strong></span> <span class='ocrx_word' id='word_1_133' title='bbox 1813 1753 2112 1823; x_wconf 87' lang='lat' dir='ltr'><strong><em>ejusmodi</em></strong></span> <span class='ocrx_word' id='word_1_134' title='bbox 2129 1759 2237 1824; x_wconf 89' lang='lat' dir='ltr'><strong><em>est,</em></strong></span> 
     </span>
    </p>
   </div>
   <div class='ocr_carea' id='block_1_22' title="bbox 577 1842 2237 1916">
    <p class='ocr_par' dir='ltr' id='par_1_22' title="bbox 577 1842 2237 1916">
     <span class='ocr_line' id='line_1_22' title="bbox 577 1842 2237 1916; baseline 0.001 -18"><span class='ocrx_word' id='word_1_135' title='bbox 577 1858 753 1898; x_wconf 85' lang='lat' dir='ltr'><strong><em>veros</em></strong></span> <span class='ocrx_word' id='word_1_136' title='bbox 779 1848 1056 1915; x_wconf 87' lang='lat' dir='ltr'><strong><em>parentes</em></strong></span> <span class='ocrx_word' id='word_1_137' title='bbox 1078 1859 1182 1899; x_wconf 90' lang='lat' dir='ltr'><strong><em>eos</em></strong></span> <span class='ocrx_word' id='word_1_138' title='bbox 1214 1859 1344 1898; x_wconf 90' lang='lat' dir='ltr'><strong><em>esse</em></strong></span> <span class='ocrx_word' id='word_1_139' title='bbox 1381 1842 1772 1912; x_wconf 79' lang='lat' dir='ltr'><strong><em>existimabit,</em></strong></span> <span class='ocrx_word' id='word_1_140' title='bbox 1818 1843 1921 1914; x_wconf 88' lang='lat' dir='ltr'><strong><em>qui</em></strong></span> <span class='ocrx_word' id='word_1_141' title='bbox 1943 1843 2146 1916; x_wconf 89' lang='lat' dir='ltr'><strong><em>ipsum</em></strong></span> <span class='ocrx_word' id='word_1_142' title='bbox 2177 1844 2237 1899; x_wconf 89' lang='lat' dir='ltr'><strong><em>in</em></strong></span> 
     </span>
    </p>
   </div>
   <div class='ocr_carea' id='block_1_23' title="bbox 581 1931 2238 2004">
    <p class='ocr_par' dir='ltr' id='par_1_23' title="bbox 581 1931 2238 2004">
     <span class='ocr_line' id='line_1_23' title="bbox 581 1931 2238 2004; baseline 0.001 -17"><span class='ocrx_word' id='word_1_143' title='bbox 581 1931 814 1988; x_wconf 89' lang='lat' dir='ltr'><strong><em>Christo</em></strong></span> <span class='ocrx_word' id='word_1_144' title='bbox 853 1933 988 1988; x_wconf 80' lang='lat' dir='ltr'><strong><em>Jesu</em></strong></span> <span class='ocrx_word' id='word_1_145' title='bbox 1017 1948 1124 2004; x_wconf 90' lang='lat' dir='ltr'><strong><em>per</em></strong></span> <span class='ocrx_word' id='word_1_146' title='bbox 1150 1931 1534 2001; x_wconf 80' lang='lat' dir='ltr'><strong><em>Evangelium</em></strong></span> <span class='ocrx_word' id='word_1_147' title='bbox 1569 1931 1880 2002; x_wconf 90' lang='lat' dir='ltr'><strong><em>genuerint</em></strong></span> <span class='ocrx_word' id='word_1_148' title='bbox 1910 1934 1954 1968; x_wconf 80' lang='grc'><strong><em>’⁵</em></strong></span> <span class='ocrx_word' id='word_1_149' title='bbox 1979 1951 1992 1988; x_wconf 89' lang='lat'><strong><em>:</em></strong></span> <span class='ocrx_word' id='word_1_150' title='bbox 2024 1933 2238 1989; x_wconf 77' lang='lat' dir='ltr'><strong><em>fratres</em></strong></span> 
     </span>
    </p>
   </div>
   <div class='ocr_carea' id='block_1_24' title="bbox 575 2019 2234 2093">
    <p class='ocr_par' dir='ltr' id='par_1_24' title="bbox 575 2019 2234 2093">
     <span class='ocr_line' id='line_1_24' title="bbox 575 2019 2234 2093; baseline 0.001 -17"><span class='ocrx_word' id='word_1_151' title='bbox 575 2035 722 2076; x_wconf 83' lang='lat' dir='ltr'><strong><em>vero</em></strong></span> <span class='ocrx_word' id='word_1_152' title='bbox 751 2035 875 2089; x_wconf 92' lang='lat' dir='ltr'><strong><em>eos,</em></strong></span> <span class='ocrx_word' id='word_1_153' title='bbox 907 2021 1012 2093; x_wconf 89' lang='lat' dir='ltr'><strong><em>qui</em></strong></span> <span class='ocrx_word' id='word_1_154' title='bbox 1043 2019 1384 2092; x_wconf 90' lang='lat' dir='ltr'><strong><em>acceperint</em></strong></span> <span class='ocrx_word' id='word_1_155' title='bbox 1413 2019 1694 2076; x_wconf 90' lang='lat' dir='ltr'><strong><em>eumdem</em></strong></span> <span class='ocrx_word' id='word_1_156' title='bbox 1731 2019 2076 2092; x_wconf 84' lang='lat' dir='ltr'><strong><em>adoptionis</em></strong></span> <span class='ocrx_word' id='word_1_157' title='bbox 2104 2021 2234 2093; x_wconf 87' lang='lat' dir='ltr'><strong><em>Spi-</em></strong></span> 
     </span>
    </p>
   </div>
   <div class='ocr_carea' id='block_1_25' title="bbox 576 2108 2236 2182">
    <p class='ocr_par' dir='ltr' id='par_1_25' title="bbox 576 2108 2236 2182">
     <span class='ocr_line' id='line_1_25' title="bbox 576 2108 2236 2182; baseline 0.001 -18"><span class='ocrx_word' id='word_1_158' title='bbox 576 2108 786 2180; x_wconf 90' lang='lat' dir='ltr'><strong><em>ritum,</em></strong></span> <span class='ocrx_word' id='word_1_159' title='bbox 813 2115 1230 2182; x_wconf 71' lang='lat' dir='ltr'><strong><em>praetereaque</em></strong></span> <span class='ocrx_word' id='word_1_160' title='bbox 1261 2109 1550 2164; x_wconf 90' lang='lat' dir='ltr'><strong><em>omnibus</em></strong></span> <span class='ocrx_word' id='word_1_161' title='bbox 1581 2108 1801 2164; x_wconf 82' lang='lat' dir='ltr'><strong><em>divitiis</em></strong></span> <span class='ocrx_word' id='word_1_162' title='bbox 1833 2114 2120 2182; x_wconf 81' lang='lat' dir='ltr'><strong><em>tanquam</em></strong></span> <span class='ocrx_word' id='word_1_163' title='bbox 2147 2125 2236 2166; x_wconf 91' lang='lat' dir='ltr'><strong><em>re-</em></strong></span> 
     </span>
    </p>
   </div>
   <div class='ocr_carea' id='block_1_26' title="bbox 575 2197 2230 2270">
    <p class='ocr_par' dir='ltr' id='par_1_26' title="bbox 575 2197 2230 2270">
     <span class='ocr_line' id='line_1_26' title="bbox 575 2197 2230 2270; baseline 0.002 -17"><span class='ocrx_word' id='word_1_164' title='bbox 575 2197 692 2254; x_wconf 87' lang='lat' dir='ltr'><strong><em>bus</em></strong></span> <span class='ocrx_word' id='word_1_165' title='bbox 720 2198 950 2267; x_wconf 87' lang='lat' dir='ltr'><strong><em>alienis,</em></strong></span> <span class='ocrx_word' id='word_1_166' title='bbox 984 2203 1048 2253; x_wconf 91' lang='lat' dir='ltr'><strong><em>ut</em></strong></span> <span class='ocrx_word' id='word_1_167' title='bbox 1078 2199 1277 2270; x_wconf 87' lang='lat' dir='ltr'><strong><em>reipsa</em></strong></span> <span class='ocrx_word' id='word_1_168' title='bbox 1321 2203 1482 2264; x_wconf 87' lang='lat' dir='ltr'><strong><em>sunt,</em></strong></span> <span class='ocrx_word' id='word_1_169' title='bbox 1528 2197 1816 2254; x_wconf 86' lang='lat' dir='ltr'><strong><em>intendet.</em></strong></span> <span class='ocrx_word' id='word_1_170' title='bbox 1851 2200 1978 2254; x_wconf 90' lang='lat' dir='ltr'><strong><em>Uno</em></strong></span> <span class='ocrx_word' id='word_1_171' title='bbox 2024 2199 2230 2265; x_wconf 87' lang='lat' dir='ltr'><strong><em>verbo,</em></strong></span> 
     </span>
    </p>
   </div>
   <div class='ocr_carea' id='block_1_27' title="bbox 575 2285 2233 2358">
    <p class='ocr_par' dir='ltr' id='par_1_27' title="bbox 575 2285 2233 2358">
     <span class='ocr_line' id='line_1_27' title="bbox 575 2285 2233 2358; baseline 0.001 -18"><span class='ocrx_word' id='word_1_172' title='bbox 575 2285 628 2340; x_wconf 92' lang='lat' dir='ltr'><strong><em>is</em></strong></span> <span class='ocrx_word' id='word_1_173' title='bbox 667 2287 762 2342; x_wconf 90' lang='lat' dir='ltr'><strong><em>cui</em></strong></span> <span class='ocrx_word' id='word_1_174' title='bbox 791 2291 1035 2358; x_wconf 85' lang='lat' dir='ltr'><strong><em>propter</em></strong></span> <span class='ocrx_word' id='word_1_175' title='bbox 1061 2286 1363 2343; x_wconf 87' lang='lat' dir='ltr'><strong><em>Christum</em></strong></span> <span class='ocrx_word' id='word_1_176' title='bbox 1396 2285 1663 2341; x_wconf 89' lang='lat' dir='ltr'><strong><em>mundus</em></strong></span> <span class='ocrx_word' id='word_1_177' title='bbox 1705 2291 1867 2341; x_wconf 90' lang='lat' dir='ltr'><strong><em>totus</em></strong></span> <span class='ocrx_word' id='word_1_178' title='bbox 1910 2287 2233 2343; x_wconf 78' lang='lat' dir='ltr'><strong><em>cruciﬁxus</em></strong></span> 
     </span>
    </p>
   </div>
   <div class='ocr_carea' id='block_1_28' title="bbox 575 2375 2231 2448">
    <p class='ocr_par' dir='ltr' id='par_1_28' title="bbox 575 2375 2231 2448">
     <span class='ocr_line' id='line_1_28' title="bbox 575 2375 2231 2448; baseline 0.002 -18"><span class='ocrx_word' id='word_1_179' title='bbox 575 2380 682 2442; x_wconf 92' lang='lat' dir='ltr'><strong><em>est,</em></strong></span> <span class='ocrx_word' id='word_1_180' title='bbox 711 2381 767 2430; x_wconf 87' lang='lat' dir='ltr'><strong><em>et</em></strong></span> <span class='ocrx_word' id='word_1_181' title='bbox 787 2375 915 2448; x_wconf 90' lang='lat' dir='ltr'><strong><em>ipse</em></strong></span> <span class='ocrx_word' id='word_1_182' title='bbox 945 2375 1252 2442; x_wconf 76' lang='lat' dir='ltr'><strong><em>mundo“,</em></strong></span> <span class='ocrx_word' id='word_1_183' title='bbox 1286 2375 1602 2448; x_wconf 89' lang='lat' dir='ltr'><strong><em>quomodo</em></strong></span> <span class='ocrx_word' id='word_1_184' title='bbox 1619 2375 1819 2431; x_wconf 87' lang='lat' dir='ltr'><strong><em>adhuc</em></strong></span> <span class='ocrx_word' id='word_1_185' title='bbox 1841 2381 2231 2448; x_wconf 85' lang='lat' dir='ltr'><strong><em>potestcura-</em></strong></span> 
     </span>
    </p>
   </div>
   <div class='ocr_carea' id='block_1_29' title="bbox 573 2464 2230 2537">
    <p class='ocr_par' dir='ltr' id='par_1_29' title="bbox 573 2464 2230 2537">
     <span class='ocr_line' id='line_1_29' title="bbox 573 2464 2230 2537; baseline 0 -17"><span class='ocrx_word' id='word_1_186' title='bbox 573 2479 708 2521; x_wconf 87' lang='lat' dir='ltr'><strong><em>rum</em></strong></span> <span class='ocrx_word' id='word_1_187' title='bbox 730 2464 1186 2520; x_wconf 89' lang='lat' dir='ltr'><strong><em>mundanarum</em></strong></span> <span class='ocrx_word' id='word_1_188' title='bbox 1209 2465 1512 2537; x_wconf 89' lang='lat' dir='ltr'><strong><em>particeps</em></strong></span> <span class='ocrx_word' id='word_1_189' title='bbox 1544 2480 1678 2520; x_wconf 89' lang='lat' dir='ltr'><strong><em>esse</em></strong></span> <span class='ocrx_word' id='word_1_190' title='bbox 1713 2465 1743 2520; x_wconf 68' lang='grc' dir='ltr'><strong><em>τ</em></strong></span> <span class='ocrx_word' id='word_1_191' title='bbox 1771 2481 1910 2520; x_wconf 90' lang='lat' dir='ltr'><strong><em>cum</em></strong></span> <span class='ocrx_word' id='word_1_192' title='bbox 1939 2465 2230 2521; x_wconf 85' lang='lat' dir='ltr'><strong><em>Dominus</em></strong></span> 
     </span>
    </p>
   </div>
   <div class='ocr_carea' id='block_1_30' title="bbox 571 2553 2232 2627">
    <p class='ocr_par' dir='ltr' id='par_1_30' title="bbox 571 2553 2232 2627">
     <span class='ocr_line' id='line_1_30' title="bbox 571 2553 2232 2627; baseline 0.002 -19"><span class='ocrx_word' id='word_1_193' title='bbox 571 2556 956 2610; x_wconf 86' lang='lat' dir='ltr'><strong><em>nosterJesus</em></strong></span> <span class='ocrx_word' id='word_1_194' title='bbox 979 2553 1248 2611; x_wconf 87' lang='lat' dir='ltr'><strong><em>Christus</em></strong></span> <span class='ocrx_word' id='word_1_195' title='bbox 1274 2558 1329 2609; x_wconf 86' lang='lat' dir='ltr'><strong><em>et</em></strong></span> <span class='ocrx_word' id='word_1_196' title='bbox 1350 2553 1570 2609; x_wconf 65' lang='lat' dir='ltr'><strong><em>animae</em></strong></span> <span class='ocrx_word' id='word_1_197' title='bbox 1601 2553 1810 2610; x_wconf 89' lang='lat' dir='ltr'><strong><em>odium</em></strong></span> <span class='ocrx_word' id='word_1_198' title='bbox 1841 2559 1898 2610; x_wconf 89' lang='lat' dir='ltr'><strong><em>et</em></strong></span> <span class='ocrx_word' id='word_1_199' title='bbox 1927 2555 2019 2610; x_wconf 89' lang='lat' dir='ltr'><strong><em>sui</em></strong></span> <span class='ocrx_word' id='word_1_200' title='bbox 2041 2554 2232 2627; x_wconf 81' lang='lat' dir='ltr'><strong><em>ipsius</em></strong></span> 
     </span>
    </p>
   </div>
   <div class='ocr_carea' id='block_1_31' title="bbox 569 2642 2228 2714">
    <p class='ocr_par' dir='ltr' id='par_1_31' title="bbox 569 2642 2228 2714">
     <span class='ocr_line' id='line_1_31' title="bbox 569 2642 2228 2714; baseline 0.001 -16"><span class='ocrx_word' id='word_1_201' title='bbox 569 2643 1037 2713; x_wconf 84' lang='lat' dir='ltr'><strong><em>abnegationem</em></strong></span> <span class='ocrx_word' id='word_1_202' title='bbox 1077 2642 1154 2698; x_wconf 90' lang='lat' dir='ltr'><strong><em>ad</em></strong></span> <span class='ocrx_word' id='word_1_203' title='bbox 1188 2659 1498 2698; x_wconf 90' lang='lat' dir='ltr'><strong><em>summum</em></strong></span> <span class='ocrx_word' id='word_1_204' title='bbox 1531 2642 1822 2714; x_wconf 88' lang='lat' dir='ltr'><strong><em>perducat</em></strong></span> <span class='ocrx_word' id='word_1_205' title='bbox 1857 2643 1950 2698; x_wconf 88' lang='lat' dir='ltr'><strong><em>his</em></strong></span> <span class='ocrx_word' id='word_1_206' title='bbox 1981 2642 2182 2699; x_wconf 80' lang='lat' dir='ltr'><strong><em>verbis</em></strong></span> <span class='ocrx_word' id='word_1_207' title='bbox 2214 2663 2228 2700; x_wconf 88' lang='lat'>:</span> 
     </span>
    </p>
   </div>
   <div class='ocr_carea' id='block_1_32' title="bbox 567 2731 2231 2805">
    <p class='ocr_par' dir='ltr' id='par_1_32' title="bbox 567 2731 2231 2805">
     <span class='ocr_line' id='line_1_32' title="bbox 567 2731 2231 2805; baseline 0.002 -18"><span class='ocrx_word' id='word_1_208' title='bbox 567 2731 637 2787; x_wconf 86' lang='lat' dir='ltr'><strong><em>Si</em></strong></span> <span class='ocrx_word' id='word_1_209' title='bbox 662 2733 794 2802; x_wconf 82' lang='lat' dir='ltr'><strong><em>quis</em></strong></span> <span class='ocrx_word' id='word_1_210' title='bbox 823 2733 951 2786; x_wconf 83' lang='lat' dir='ltr'><strong><em>vult</em></strong></span> <span class='ocrx_word' id='word_1_211' title='bbox 967 2738 1103 2800; x_wconf 86' lang='lat' dir='ltr'><strong><em>post</em></strong></span> <span class='ocrx_word' id='word_1_212' title='bbox 1125 2747 1218 2788; x_wconf 89' lang='lat' dir='ltr'><strong><em>me</em></strong></span> <span class='ocrx_word' id='word_1_213' title='bbox 1254 2732 1477 2800; x_wconf 86' lang='lat' dir='ltr'><strong><em>venire,</em></strong></span> <span class='ocrx_word' id='word_1_214' title='bbox 1504 2733 1755 2802; x_wconf 85' lang='lat' dir='ltr'><strong><em>abneget</em></strong></span> <span class='ocrx_word' id='word_1_215' title='bbox 1773 2734 2231 2805; x_wconf 81' lang='lat' dir='ltr'><strong><em>semetipsum,et</em></strong></span> 
     </span>
    </p>
   </div>
   <div class='ocr_carea' id='block_1_33' title="bbox 569 2819 2231 2893">
    <p class='ocr_par' dir='ltr' id='par_1_33' title="bbox 569 2819 2231 2893">
     <span class='ocr_line' id='line_1_33' title="bbox 569 2819 2231 2893; baseline 0.002 -19"><span class='ocrx_word' id='word_1_216' title='bbox 569 2819 749 2875; x_wconf 79' lang='lat' dir='ltr'><strong><em>tollat</em></strong></span> <span class='ocrx_word' id='word_1_217' title='bbox 779 2835 1010 2876; x_wconf 86' lang='lat' dir='ltr'><strong><em>crucem</em></strong></span> <span class='ocrx_word' id='word_1_218' title='bbox 1033 2835 1238 2876; x_wconf 79' lang='lat' dir='ltr'><strong><em>suam:</em></strong></span> <span class='ocrx_word' id='word_1_219' title='bbox 1263 2825 1513 2893; x_wconf 89' lang='lat' dir='ltr'><strong><em>tumque</em></strong></span> <span class='ocrx_word' id='word_1_220' title='bbox 1545 2821 1857 2891; x_wconf 88' lang='lat' dir='ltr'><strong><em>subjungit</em></strong></span> <span class='ocrx_word' id='word_1_221' title='bbox 1879 2837 1892 2876; x_wconf 90' lang='lat'><strong>:</strong></span> <span class='ocrx_word' id='word_1_222' title='bbox 1915 2821 1997 2876; x_wconf 84' lang='lat' dir='ltr'><strong><em>Et</em></strong></span> <span class='ocrx_word' id='word_1_223' title='bbox 2027 2837 2231 2893; x_wconf 86' lang='lat' dir='ltr'><strong><em>sequa-</em></strong></span> 
     </span>
    </p>
   </div>
   <div class='ocr_carea' id='block_1_34' title="bbox 568 2909 2229 2980">
    <p class='ocr_par' dir='ltr' id='par_1_34' title="bbox 568 2909 2229 2980">
     <span class='ocr_line' id='line_1_34' title="bbox 568 2909 2229 2980; baseline 0.004 -19"><span class='ocrx_word' id='word_1_224' title='bbox 568 2909 671 2962; x_wconf 85' lang='lat' dir='ltr'><strong><em>tur</em></strong></span> <span class='ocrx_word' id='word_1_225' title='bbox 699 2909 862 2964; x_wconf 79' lang='lat' dir='ltr'><strong><em>me”.</em></strong></span> <span class='ocrx_word' id='word_1_226' title='bbox 887 2909 956 2964; x_wconf 86' lang='lat' dir='ltr'><strong><em>Et</em></strong></span> <span class='ocrx_word' id='word_1_227' title='bbox 979 2925 1193 2964; x_wconf 87' lang='lat' dir='ltr'><strong><em>rursus</em></strong></span> <span class='ocrx_word' id='word_1_228' title='bbox 1221 2925 1234 2964; x_wconf 89' lang='lat'><strong>:</strong></span> <span class='ocrx_word' id='word_1_229' title='bbox 1266 2909 1333 2965; x_wconf 91' lang='lat' dir='ltr'><strong><em>Si</em></strong></span> <span class='ocrx_word' id='word_1_230' title='bbox 1367 2910 1500 2980; x_wconf 88' lang='lat' dir='ltr'><strong><em>quis</em></strong></span> <span class='ocrx_word' id='word_1_231' title='bbox 1541 2910 1700 2966; x_wconf 84' lang='lat' dir='ltr'><strong><em>venit</em></strong></span> <span class='ocrx_word' id='word_1_232' title='bbox 1745 2911 1827 2966; x_wconf 88' lang='lat' dir='ltr'><strong><em>ad</em></strong></span> <span class='ocrx_word' id='word_1_233' title='bbox 1855 2925 1965 2975; x_wconf 88' lang='lat' dir='ltr'><strong><em>me,</em></strong></span> <span class='ocrx_word' id='word_1_234' title='bbox 2011 2918 2069 2968; x_wconf 86' lang='lat' dir='ltr'><strong><em>et</em></strong></span> <span class='ocrx_word' id='word_1_235' title='bbox 2107 2927 2229 2968; x_wconf 79' lang='lat' dir='ltr'><strong><em>non</em></strong></span> 
     </span>
    </p>
   </div>
   <div class='ocr_carea' id='block_1_35' title="bbox 2360 411 3902 487">
    <p class='ocr_par' dir='ltr' id='par_1_35' title="bbox 2360 411 3902 487">
     <span class='ocr_line' id='line_1_35' title="bbox 2360 411 3902 487; baseline 0.005 -27"><span class='ocrx_word' id='word_1_236' title='bbox 2360 429 2543 480; x_wconf 89' lang='grc' dir='ltr'>γοντος</span> <span class='ocrx_word' id='word_1_237' title='bbox 2602 413 2726 482; x_wconf 84' lang='grc' dir='ltr'>πρὸς</span> <span class='ocrx_word' id='word_1_238' title='bbox 2778 411 3012 470; x_wconf 76' lang='grc' dir='ltr'>πάνταςο</span> <span class='ocrx_word' id='word_1_239' title='bbox 3105 413 3166 461; x_wconf 75' lang='grc' dir='ltr'><strong><em>Εἰ</em></strong></span> <span class='ocrx_word' id='word_1_240' title='bbox 3248 430 3327 473; x_wconf 87' lang='grc' dir='ltr'><strong><em>τις</em></strong></span> <span class='ocrx_word' id='word_1_241' title='bbox 3390 414 3592 485; x_wconf 81' lang='grc' dir='ltr'>ἔρχεται</span> <span class='ocrx_word' id='word_1_242' title='bbox 3647 419 3765 486; x_wconf 85' lang='grc' dir='ltr'>πρός</span> <span class='ocrx_word' id='word_1_243' title='bbox 3835 421 3902 487; x_wconf 67' lang='grc' dir='ltr'>μὶ,</span> 
     </span>
    </p>
   </div>
   <div class='ocr_carea' id='block_1_36' title="bbox 2358 497 3907 574">
    <p class='ocr_par' dir='ltr' id='par_1_36' title="bbox 2358 497 3907 574">
     <span class='ocr_line' id='line_1_36' title="bbox 2358 497 3907 574; baseline 0.003 -23"><span class='ocrx_word' id='word_1_244' title='bbox 2358 497 2755 570; x_wconf 76' lang='grc' dir='ltr'><strong><em>ἀπαρνησάσθω</em></strong></span> <span class='ocrx_word' id='word_1_245' title='bbox 2814 497 3013 562; x_wconf 79' lang='grc' dir='ltr'>ἑαυτὸν,</span> <span class='ocrx_word' id='word_1_246' title='bbox 3089 504 3174 550; x_wconf 81' lang='grc' dir='ltr'>καὶ</span> <span class='ocrx_word' id='word_1_247' title='bbox 3250 498 3422 574; x_wconf 87' lang='grc' dir='ltr'>ἀράτω</span> <span class='ocrx_word' id='word_1_248' title='bbox 3463 503 3570 572; x_wconf 85' lang='grc'>(38)</span> <span class='ocrx_word' id='word_1_249' title='bbox 3635 506 3710 555; x_wconf 86' lang='grc' dir='ltr'><strong><em>τόν</em></strong></span> <span class='ocrx_word' id='word_1_250' title='bbox 3776 524 3907 556; x_wconf 85' lang='grc' dir='ltr'>σταυ-</span> 
     </span>
    </p>
   </div>
   <div class='ocr_carea' id='block_1_37' title="bbox 2355 585 3902 662">
    <p class='ocr_par' dir='ltr' id='par_1_37' title="bbox 2355 585 3902 662">
     <span class='ocr_line' id='line_1_37' title="bbox 2355 585 3902 662; baseline 0.003 -24"><span class='ocrx_word' id='word_1_251' title='bbox 2355 591 2445 662; x_wconf 81' lang='grc' dir='ltr'>ρὸν</span> <span class='ocrx_word' id='word_1_252' title='bbox 2525 587 2709 655; x_wconf 69' lang='grc' dir='ltr'>αὐτοῦ,</span> <span class='ocrx_word' id='word_1_253' title='bbox 2813 591 2902 638; x_wconf 81' lang='grc' dir='ltr'><strong><em>καί</em></strong></span> <span class='ocrx_word' id='word_1_254' title='bbox 2979 585 3321 641; x_wconf 79' lang='grc' dir='ltr'>ἀκολουθείτω</span> <span class='ocrx_word' id='word_1_255' title='bbox 3398 609 3518 661; x_wconf 88' lang='grc' dir='ltr'>μοι·</span> <span class='ocrx_word' id='word_1_256' title='bbox 3595 596 3678 642; x_wconf 81' lang='grc' dir='ltr'><strong><em>καί</em></strong></span> <span class='ocrx_word' id='word_1_257' title='bbox 3737 592 3902 644; x_wconf 85' lang='grc' dir='ltr'>πάλιν·</span> 
     </span>
    </p>
   </div>
   <div class='ocr_carea' id='block_1_38' title="bbox 2358 674 3906 748">
    <p class='ocr_par' dir='ltr' id='par_1_38' title="bbox 2358 674 3906 748">
     <span class='ocr_line' id='line_1_38' title="bbox 2358 674 3906 748; baseline 0.003 -21"><span class='ocrx_word' id='word_1_258' title='bbox 2358 677 2538 737; x_wconf 69' lang='grc' dir='ltr'>Οὕτως</span> <span class='ocrx_word' id='word_1_259' title='bbox 2589 674 2678 728; x_wconf 77' lang='grc' dir='ltr'>οὖν</span> <span class='ocrx_word' id='word_1_260' title='bbox 2761 681 2864 737; x_wconf 81' lang='grc' dir='ltr'>πᾶς</span> <span class='ocrx_word' id='word_1_261' title='bbox 2938 674 2990 738; x_wconf 80' lang='grc' dir='ltr'><em>ἐξ</em></span> <span class='ocrx_word' id='word_1_262' title='bbox 3073 677 3235 748; x_wconf 75' lang='grc' dir='ltr'>ὑμῶν,</span> <span class='ocrx_word' id='word_1_263' title='bbox 3309 678 3365 739; x_wconf 82' lang='grc' dir='ltr'>ὃς</span> <span class='ocrx_word' id='word_1_264' title='bbox 3433 679 3524 730; x_wconf 65' lang='grc' dir='ltr'>οὐκ</span> <span class='ocrx_word' id='word_1_265' title='bbox 3592 679 3906 733; x_wconf 76' lang='grc' dir='ltr'><strong><em>ἀποτάσσεται</em></strong></span> 
     </span>
    </p>
   </div>
   <div class='ocr_carea' id='block_1_39' title="bbox 2355 764 3904 842">
    <p class='ocr_par' dir='ltr' id='par_1_39' title="bbox 2355 764 3904 842">
     <span class='ocr_line' id='line_1_39' title="bbox 2355 764 3904 842; baseline 0.002 -25"><span class='ocrx_word' id='word_1_266' title='bbox 2355 772 2491 817; x_wconf 80' lang='grc' dir='ltr'>πᾶσι</span> <span class='ocrx_word' id='word_1_267' title='bbox 2547 772 2656 826; x_wconf 89' lang='grc' dir='ltr'>τοῖς</span> <span class='ocrx_word' id='word_1_268' title='bbox 2722 765 2906 817; x_wconf 80' lang='grc' dir='ltr'>ἑαυτοῦ</span> <span class='ocrx_word' id='word_1_269' title='bbox 2997 766 3353 838; x_wconf 73' lang='grc' dir='ltr'><strong><em>ὑπάρχουσιν,</em></strong></span> <span class='ocrx_word' id='word_1_270' title='bbox 3425 768 3482 820; x_wconf 69' lang='grc' dir='ltr'>οὐ</span> <span class='ocrx_word' id='word_1_271' title='bbox 3555 764 3760 821; x_wconf 76' lang='grc' dir='ltr'>δύναταί</span> <span class='ocrx_word' id='word_1_272' title='bbox 3823 790 3904 842; x_wconf 85' lang='grc' dir='ltr'><strong><em>μου</em></strong></span> 
     </span>
    </p>
   </div>
   <div class='ocr_carea' id='block_1_40' title="bbox 2357 856 2856 926">
    <p class='ocr_par' dir='ltr' id='par_1_40' title="bbox 2357 856 2856 926">
     <span class='ocr_line' id='line_1_40' title="bbox 2357 856 2856 926; baseline 0 -20"><span class='ocrx_word' id='word_1_273' title='bbox 2357 856 2486 906; x_wconf 83' lang='grc' dir='ltr'>εἶναι</span> <span class='ocrx_word' id='word_1_274' title='bbox 2560 857 2801 926; x_wconf 72' lang='grc' dir='ltr'>μαθητὰς</span> <span class='ocrx_word' id='word_1_275' title='bbox 2844 875 2856 886; x_wconf 91' lang='grc'><strong>·</strong></span> 
     </span>
    </p>
   </div>
   <div class='ocr_carea' id='block_1_41' title="bbox 2355 939 3905 1018">
    <p class='ocr_par' dir='ltr' id='par_1_41' title="bbox 2355 939 3905 1018">
     <span class='ocr_line' id='line_1_41' title="bbox 2355 939 3905 1018; baseline 0.003 -24"><span class='ocrx_word' id='word_1_276' title='bbox 2355 943 2567 995; x_wconf 78' lang='grc' dir='ltr'><strong><em>πλείονα</em></strong></span> <span class='ocrx_word' id='word_1_277' title='bbox 2611 939 2907 1008; x_wconf 74' lang='grc' dir='ltr'><strong><em>διατείνειν,</em></strong></span> <span class='ocrx_word' id='word_1_278' title='bbox 2940 944 3007 993; x_wconf 78' lang='grc' dir='ltr'>ὧν</span> <span class='ocrx_word' id='word_1_279' title='bbox 3057 945 3086 1001; x_wconf 75' lang='grc' dir='ltr'><em>ἡ</em></span> <span class='ocrx_word' id='word_1_280' title='bbox 3135 943 3467 1018; x_wconf 84' lang='grc' dir='ltr'>ἀλλοτρίωσις</span> <span class='ocrx_word' id='word_1_281' title='bbox 3519 945 3776 1017; x_wconf 87' lang='grc' dir='ltr'>ἀναγκαία.</span> <span class='ocrx_word' id='word_1_282' title='bbox 3827 953 3905 1000; x_wconf 71' lang='grc' dir='ltr'><strong><em>Καὶ</em></strong></span> 
     </span>
    </p>
   </div>
   <div class='ocr_carea' id='block_1_42' title="bbox 2959 856 3906 931">
    <p class='ocr_par' dir='ltr' id='par_1_42' title="bbox 2959 856 3906 931">
     <span class='ocr_line' id='line_1_42' title="bbox 2959 856 3906 931; baseline 0.003 -24"><span class='ocrx_word' id='word_1_283' title='bbox 2959 856 3226 927; x_wconf 74' lang='grc' dir='ltr'>ἡγούμεθα</span> <span class='ocrx_word' id='word_1_284' title='bbox 3306 860 3365 909; x_wconf 85' lang='grc' dir='ltr'>τὸ</span> <span class='ocrx_word' id='word_1_285' title='bbox 3448 858 3776 931; x_wconf 69' lang='grc' dir='ltr'><strong><em>παράγγελμα</em></strong></span> <span class='ocrx_word' id='word_1_286' title='bbox 3840 858 3906 910; x_wconf 80' lang='grc' dir='ltr'><strong><em>ἐπὶ</em></strong></span> 
     </span>
    </p>
   </div>
   <div class='ocr_carea' id='block_1_43' title="bbox 2353 1029 3900 1108">
    <p class='ocr_par' dir='ltr' id='par_1_43' title="bbox 2353 1029 3900 1108">
     <span class='ocr_line' id='line_1_43' title="bbox 2353 1029 3900 1108; baseline 0.003 -24"><span class='ocrx_word' id='word_1_287' title='bbox 2353 1035 2455 1108; x_wconf 80' lang='grc' dir='ltr'>γὰρ</span> <span class='ocrx_word' id='word_1_288' title='bbox 2486 1041 2558 1103; x_wconf 80' lang='grc' dir='ltr'>τῷ</span> <span class='ocrx_word' id='word_1_289' title='bbox 2586 1029 2814 1103; x_wconf 76' lang='grc' dir='ltr'>διαϐόλῳ</span> <span class='ocrx_word' id='word_1_290' title='bbox 2845 1036 2945 1107; x_wconf 86' lang='grc' dir='ltr'>πρὸ</span> <span class='ocrx_word' id='word_1_291' title='bbox 2975 1036 3177 1085; x_wconf 86' lang='grc' dir='ltr'>πάντων</span> <span class='ocrx_word' id='word_1_292' title='bbox 3233 1033 3654 1108; x_wconf 84' lang='grc' dir='ltr'>ἀποτασσόμεθα,</span> <span class='ocrx_word' id='word_1_293' title='bbox 3699 1043 3780 1088; x_wconf 83' lang='grc' dir='ltr'>καὶ</span> <span class='ocrx_word' id='word_1_294' title='bbox 3819 1045 3900 1088; x_wconf 66' lang='grc' dir='ltr'>τοῦ</span> 
     </span>
    </p>
   </div>
   <div class='ocr_carea' id='block_1_44' title="bbox 2353 1120 3905 1197">
    <p class='ocr_par' dir='ltr' id='par_1_44' title="bbox 2353 1120 3905 1197">
     <span class='ocr_line' id='line_1_44' title="bbox 2353 1120 3905 1197; baseline 0.003 -25"><span class='ocrx_word' id='word_1_295' title='bbox 2353 1123 2544 1173; x_wconf 86' lang='grc' dir='ltr'>πάθεσι</span> <span class='ocrx_word' id='word_1_296' title='bbox 2592 1130 2686 1183; x_wconf 77' lang='grc' dir='ltr'>τῆς</span> <span class='ocrx_word' id='word_1_297' title='bbox 2733 1124 2946 1194; x_wconf 87' lang='grc' dir='ltr'>σαρκός,</span> <span class='ocrx_word' id='word_1_298' title='bbox 3004 1124 3053 1173; x_wconf 82' lang='grc' dir='ltr'>οἱ</span> <span class='ocrx_word' id='word_1_299' title='bbox 3105 1120 3444 1196; x_wconf 72' lang='grc' dir='ltr'><strong><em>ἀπειπάμενοι</em></strong></span> <span class='ocrx_word' id='word_1_300' title='bbox 3491 1128 3556 1176; x_wconf 82' lang='grc' dir='ltr'>τὰ</span> <span class='ocrx_word' id='word_1_301' title='bbox 3594 1129 3784 1197; x_wconf 82' lang='grc' dir='ltr'>κρυπτά</span> <span class='ocrx_word' id='word_1_302' title='bbox 3829 1135 3905 1186; x_wconf 76' lang='grc' dir='ltr'>τῆς</span> 
     </span>
    </p>
   </div>
   <div class='ocr_carea' id='block_1_45' title="bbox 2354 1209 3903 1287">
    <p class='ocr_par' dir='ltr' id='par_1_45' title="bbox 2354 1209 3903 1287">
     <span class='ocr_line' id='line_1_45' title="bbox 2354 1209 3903 1287; baseline 0.004 -27"><span class='ocrx_word' id='word_1_303' title='bbox 2354 1209 2634 1281; x_wconf 72' lang='grc' dir='ltr'>αἰσχύνης,</span> <span class='ocrx_word' id='word_1_304' title='bbox 2699 1215 2788 1262; x_wconf 84' lang='grc' dir='ltr'>καὶ</span> <span class='ocrx_word' id='word_1_305' title='bbox 2863 1217 3186 1282; x_wconf 72' lang='grc' dir='ltr'><strong><em>συγγενείαις</em></strong></span> <span class='ocrx_word' id='word_1_306' title='bbox 3253 1223 3592 1287; x_wconf 77' lang='grc' dir='ltr'>σωματικαῖς,</span> <span class='ocrx_word' id='word_1_307' title='bbox 3650 1221 3734 1268; x_wconf 85' lang='grc' dir='ltr'>καὶ</span> <span class='ocrx_word' id='word_1_308' title='bbox 3793 1216 3903 1268; x_wconf 80' lang='grc' dir='ltr'>ἐται-</span> 
     </span>
    </p>
   </div>
   <div class='ocr_carea' id='block_1_46' title="bbox 2351 1297 3902 1378">
    <p class='ocr_par' dir='ltr' id='par_1_46' title="bbox 2351 1297 3902 1378">
     <span class='ocr_line' id='line_1_46' title="bbox 2351 1297 3902 1378; baseline 0.005 -29"><span class='ocrx_word' id='word_1_309' title='bbox 2351 1303 2516 1373; x_wconf 88' lang='grc' dir='ltr'>ρείαις</span> <span class='ocrx_word' id='word_1_310' title='bbox 2565 1297 2867 1374; x_wconf 83' lang='grc' dir='ltr'>ἀνθρώπων,</span> <span class='ocrx_word' id='word_1_311' title='bbox 2923 1305 3012 1351; x_wconf 83' lang='grc' dir='ltr'>καὶ</span> <span class='ocrx_word' id='word_1_312' title='bbox 3059 1303 3162 1353; x_wconf 80' lang='grc' dir='ltr'>ἔθει</span> <span class='ocrx_word' id='word_1_313' title='bbox 3192 1300 3315 1374; x_wconf 71' lang='grc' dir='ltr'>βίον</span> <span class='ocrx_word' id='word_1_314' title='bbox 3346 1308 3626 1376; x_wconf 79' lang='grc' dir='ltr'>μαχομένῳ</span> <span class='ocrx_word' id='word_1_315' title='bbox 3681 1308 3794 1378; x_wconf 79' lang='grc' dir='ltr'>πρὸς</span> <span class='ocrx_word' id='word_1_316' title='bbox 3828 1309 3902 1362; x_wconf 72' lang='grc' dir='ltr'>τήν</span> 
     </span>
    </p>
   </div>
   <div class='ocr_carea' id='block_1_47' title="bbox 2352 1384 3902 1468">
    <p class='ocr_par' dir='ltr' id='par_1_47' title="bbox 2352 1384 3902 1468">
     <span class='ocr_line' id='line_1_47' title="bbox 2352 1384 3902 1468; baseline 0.006 -31"><span class='ocrx_word' id='word_1_317' title='bbox 2352 1384 2618 1459; x_wconf 81' lang='grc' dir='ltr'>ἀκρίϐειαν</span> <span class='ocrx_word' id='word_1_318' title='bbox 2671 1396 2762 1440; x_wconf 75' lang='grc' dir='ltr'>τοῦ</span> <span class='ocrx_word' id='word_1_319' title='bbox 2813 1388 3128 1460; x_wconf 74' lang='grc' dir='ltr'>Εὗαγγελίου</span> <span class='ocrx_word' id='word_1_320' title='bbox 3176 1399 3272 1453; x_wconf 79' lang='grc' dir='ltr'>τῆς</span> <span class='ocrx_word' id='word_1_321' title='bbox 3325 1398 3607 1468; x_wconf 81' lang='grc' dir='ltr'>σωτηρίας.</span> <span class='ocrx_word' id='word_1_322' title='bbox 3693 1399 3780 1446; x_wconf 75' lang='grc' dir='ltr'><strong><em>Καὶ</em></strong></span> <span class='ocrx_word' id='word_1_323' title='bbox 3856 1399 3902 1446; x_wconf 86' lang='grc' dir='ltr'><strong><em>τό</em></strong></span> 
     </span>
    </p>
   </div>
   <div class='ocr_carea' id='block_1_48' title="bbox 2349 1477 3903 1554">
    <p class='ocr_par' dir='ltr' id='par_1_48' title="bbox 2349 1477 3903 1554">
     <span class='ocr_line' id='line_1_48' title="bbox 2349 1477 3903 1554; baseline 0.005 -26"><span class='ocrx_word' id='word_1_324' title='bbox 2349 1480 2546 1529; x_wconf 69' lang='grc' dir='ltr'>τούτων</span> <span class='ocrx_word' id='word_1_325' title='bbox 2595 1477 3018 1554; x_wconf 82' lang='grc' dir='ltr'>ἀναγκαιότερον,</span> <span class='ocrx_word' id='word_1_326' title='bbox 3068 1481 3227 1544; x_wconf 70' lang='grc' dir='ltr'>αὐτὸς</span> <span class='ocrx_word' id='word_1_327' title='bbox 3283 1482 3454 1554; x_wconf 80' lang='grc' dir='ltr'>ἐαυτῷ</span> <span class='ocrx_word' id='word_1_328' title='bbox 3503 1483 3831 1537; x_wconf 76' lang='grc' dir='ltr'>ἀποτάσσεται</span> <span class='ocrx_word' id='word_1_329' title='bbox 3883 1487 3903 1535; x_wconf 91' lang='grc' dir='ltr'><strong><em>ό</em></strong></span> 
     </span>
    </p>
   </div>
   <div class='ocr_carea' id='block_1_49' title="bbox 2350 1562 3904 1647">
    <p class='ocr_par' dir='ltr' id='par_1_49' title="bbox 2350 1562 3904 1647">
     <span class='ocr_line' id='line_1_49' title="bbox 2350 1562 3904 1647; baseline 0.005 -31"><span class='ocrx_word' id='word_1_330' title='bbox 2350 1562 2753 1639; x_wconf 71' lang='grc' dir='ltr'>ἀποδυσάμενος</span> <span class='ocrx_word' id='word_1_331' title='bbox 2795 1571 2882 1620; x_wconf 84' lang='grc' dir='ltr'>τὸν</span> <span class='ocrx_word' id='word_1_332' title='bbox 2924 1567 3141 1621; x_wconf 86' lang='grc' dir='ltr'>παλαιὸν</span> <span class='ocrx_word' id='word_1_333' title='bbox 3184 1571 3456 1644; x_wconf 81' lang='grc' dir='ltr'>ἄνθρωπον</span> <span class='ocrx_word' id='word_1_334' title='bbox 3517 1576 3606 1624; x_wconf 77' lang='grc' dir='ltr'><strong><em>συν</em></strong></span> <span class='ocrx_word' id='word_1_335' title='bbox 3655 1580 3758 1634; x_wconf 86' lang='grc' dir='ltr'>ταῖς</span> <span class='ocrx_word' id='word_1_336' title='bbox 3795 1575 3904 1647; x_wconf 83' lang='grc' dir='ltr'>πρά·</span> 
     </span>
    </p>
   </div>
   <div class='ocr_carea' id='block_1_50' title="bbox 2350 1655 3905 1734">
    <p class='ocr_par' dir='ltr' id='par_1_50' title="bbox 2350 1655 3905 1734">
     <span class='ocr_line' id='line_1_50' title="bbox 2350 1655 3905 1734; baseline 0.006 -29"><span class='ocrx_word' id='word_1_337' title='bbox 2350 1655 2487 1717; x_wconf 82' lang='grc' dir='ltr'>ξεσιν</span> <span class='ocrx_word' id='word_1_338' title='bbox 2545 1656 2726 1723; x_wconf 66' lang='grc' dir='ltr'>αὐτοῦ,</span> <span class='ocrx_word' id='word_1_339' title='bbox 2795 1661 2881 1708; x_wconf 84' lang='grc' dir='ltr'><strong><em>τόν</em></strong></span> <span class='ocrx_word' id='word_1_340' title='bbox 2953 1660 3280 1732; x_wconf 69' lang='grc' dir='ltr'>φθειρόμενον</span> <span class='ocrx_word' id='word_1_341' title='bbox 3329 1663 3469 1713; x_wconf 82' lang='grc' dir='ltr'>κατὰ</span> <span class='ocrx_word' id='word_1_342' title='bbox 3513 1664 3602 1724; x_wconf 81' lang='grc' dir='ltr'>τὰς</span> <span class='ocrx_word' id='word_1_343' title='bbox 3665 1661 3905 1734; x_wconf 71' lang='grc' dir='ltr'>ἐπιθυμίας</span> 
     </span>
    </p>
   </div>
   <div class='ocr_carea' id='block_1_51' title="bbox 2346 1743 3903 1825">
    <p class='ocr_par' dir='ltr' id='par_1_51' title="bbox 2346 1743 3903 1825">
     <span class='ocr_line' id='line_1_51' title="bbox 2346 1743 3903 1825; baseline 0.004 -30"><span class='ocrx_word' id='word_1_344' title='bbox 2346 1752 2442 1804; x_wconf 76' lang='grc' dir='ltr'>τῆς</span> <span class='ocrx_word' id='word_1_345' title='bbox 2485 1743 2708 1807; x_wconf 76' lang='grc' dir='ltr'>ἀπάτης.</span> <span class='ocrx_word' id='word_1_346' title='bbox 2780 1745 3167 1800; x_wconf 80' lang='grc' dir='ltr'>’Δποτάσσεται</span> <span class='ocrx_word' id='word_1_347' title='bbox 3217 1746 3275 1801; x_wconf 73' lang='grc' dir='ltr'><strong><em>δὲ</em></strong></span> <span class='ocrx_word' id='word_1_348' title='bbox 3317 1755 3411 1802; x_wconf 83' lang='grc' dir='ltr'>καὶ</span> <span class='ocrx_word' id='word_1_349' title='bbox 3454 1753 3646 1813; x_wconf 87' lang='grc' dir='ltr'>πάσαις</span> <span class='ocrx_word' id='word_1_350' title='bbox 3693 1771 3903 1825; x_wconf 82' lang='grc' dir='ltr'>προσπα-</span> 
     </span>
    </p>
   </div>
   <div class='ocr_carea' id='block_1_52' title="bbox 2348 1835 3905 1912">
    <p class='ocr_par' dir='ltr' id='par_1_52' title="bbox 2348 1835 3905 1912">
     <span class='ocr_line' id='line_1_52' title="bbox 2348 1835 3905 1912; baseline 0.007 -26"><span class='ocrx_word' id='word_1_351' title='bbox 2348 1835 2513 1896; x_wconf 87' lang='grc' dir='ltr'>θείαις</span> <span class='ocrx_word' id='word_1_352' title='bbox 2569 1835 2676 1906; x_wconf 80' lang='grc'>(39)</span> <span class='ocrx_word' id='word_1_353' title='bbox 2726 1844 2816 1888; x_wconf 68' lang='grc' dir='ltr'>τοῦ</span> <span class='ocrx_word' id='word_1_354' title='bbox 2864 1841 3087 1910; x_wconf 89' lang='grc' dir='ltr'>κόσμου,</span> <span class='ocrx_word' id='word_1_355' title='bbox 3148 1836 3457 1911; x_wconf 71' lang='grc' dir='ltr'>ἐμποδίζειν</span> <span class='ocrx_word' id='word_1_356' title='bbox 3509 1850 3578 1912; x_wconf 76' lang='grc' dir='ltr'>τῷ</span> <span class='ocrx_word' id='word_1_357' title='bbox 3631 1849 3791 1910; x_wconf 76' lang='grc' dir='ltr'>σκοπῷ</span> <span class='ocrx_word' id='word_1_358' title='bbox 3828 1849 3905 1901; x_wconf 73' lang='grc' dir='ltr'>τῆς</span> 
     </span>
    </p>
   </div>
   <div class='ocr_carea' id='block_1_53' title="bbox 2346 1921 3904 2000">
    <p class='ocr_par' dir='ltr' id='par_1_53' title="bbox 2346 1921 3904 2000">
     <span class='ocr_line' id='line_1_53' title="bbox 2346 1921 3904 2000; baseline -0.008 3"><span class='ocrx_word' id='word_1_359' title='bbox 2346 1921 2978 1997; x_wconf 56' lang='grc' dir='ltr'><strong><em>ώσδϐείαῖδυναμέναίς·</em></strong></span> <span class='ocrx_word' id='word_1_360' title='bbox 3046 1933 3216 1990; x_wconf 71' lang='grc' dir='ltr'><strong><em>Γονεῖς</em></strong></span> <span class='ocrx_word' id='word_1_361' title='bbox 3286 1932 3378 2000; x_wconf 61' lang='grc' dir='ltr'><strong><em>μὲν</em></strong></span> <span class='ocrx_word' id='word_1_362' title='bbox 3457 1927 3543 1982; x_wconf 75' lang='grc' dir='ltr'>οὖν</span> <span class='ocrx_word' id='word_1_363' title='bbox 3615 1931 3640 1983; x_wconf 85' lang='grc' dir='ltr'><strong><em>ὁ</em></strong></span> <span class='ocrx_word' id='word_1_364' title='bbox 3709 1938 3904 1991; x_wconf 73' lang='grc' dir='ltr'>τοιοῦτος</span> 
     </span>
    </p>
   </div>
   <div class='ocr_carea' id='block_1_54' title="bbox 2341 2011 3907 2091">
    <p class='ocr_par' dir='ltr' id='par_1_54' title="bbox 2341 2011 3907 2091">
     <span class='ocr_line' id='line_1_54' title="bbox 2341 2011 3907 2091; baseline 0.006 -28"><span class='ocrx_word' id='word_1_365' title='bbox 2341 2016 2459 2073; x_wconf 79' lang='grc' dir='ltr'>τοὺς</span> <span class='ocrx_word' id='word_1_366' title='bbox 2507 2011 2554 2064; x_wconf 83' lang='grc' dir='ltr'>ἐν</span> <span class='ocrx_word' id='word_1_367' title='bbox 2604 2022 2817 2087; x_wconf 74' lang='grc' dir='ltr'>’Χριστῷ</span> <span class='ocrx_word' id='word_1_368' title='bbox 2871 2014 3046 2075; x_wconf 78' lang='grc' dir='ltr'>Ἰησοῦ</span> <span class='ocrx_word' id='word_1_369' title='bbox 3105 2013 3199 2069; x_wconf 74' lang='grc' dir='ltr'>διὰ</span> <span class='ocrx_word' id='word_1_370' title='bbox 3242 2025 3335 2070; x_wconf 79' lang='grc' dir='ltr'>τοῦ</span> <span class='ocrx_word' id='word_1_371' title='bbox 3389 2018 3706 2091; x_wconf 73' lang='grc' dir='ltr'>Εὐάγγελίου</span> <span class='ocrx_word' id='word_1_372' title='bbox 3763 2023 3907 2091; x_wconf 74' lang='grc' dir='ltr'>γεννή-</span> 
     </span>
    </p>
   </div>
   <div class='ocr_carea' id='block_1_55' title="bbox 2346 2101 3906 2180">
    <p class='ocr_par' dir='ltr' id='par_1_55' title="bbox 2346 2101 3906 2180">
     <span class='ocr_line' id='line_1_55' title="bbox 2346 2101 3906 2180; baseline 0.004 -29"><span class='ocrx_word' id='word_1_373' title='bbox 2346 2119 2538 2163; x_wconf 88' lang='grc' dir='ltr'>σαντας</span> <span class='ocrx_word' id='word_1_374' title='bbox 2583 2101 2736 2154; x_wconf 67' lang='grc' dir='ltr'>αὐτόν</span> <span class='ocrx_word' id='word_1_375' title='bbox 2801 2101 3079 2164; x_wconf 79' lang='grc' dir='ltr'>ἀληθινοὺς</span> <span class='ocrx_word' id='word_1_376' title='bbox 3103 2107 3384 2176; x_wconf 71' lang='grc' dir='ltr'>ἡγήσεται,</span> <span class='ocrx_word' id='word_1_377' title='bbox 3428 2103 3676 2180; x_wconf 72' lang='grc' dir='ltr'>ἀδελφοὺς</span> <span class='ocrx_word' id='word_1_378' title='bbox 3715 2103 3769 2158; x_wconf 77' lang='grc' dir='ltr'><strong><em>δὲ</em></strong></span> <span class='ocrx_word' id='word_1_379' title='bbox 3811 2110 3906 2164; x_wconf 72' lang='grc' dir='ltr'>τοὺς</span> 
     </span>
    </p>
   </div>
   <div class='ocr_carea' id='block_1_56' title="bbox 2341 2191 3904 2270">
    <p class='ocr_par' dir='ltr' id='par_1_56' title="bbox 2341 2191 3904 2270">
     <span class='ocr_line' id='line_1_56' title="bbox 2341 2191 3904 2270; baseline 0.003 -29"><span class='ocrx_word' id='word_1_380' title='bbox 2341 2193 2400 2241; x_wconf 80' lang='grc' dir='ltr'><strong><em>τό</em></strong></span> <span class='ocrx_word' id='word_1_381' title='bbox 2432 2191 2558 2242; x_wconf 77' lang='grc' dir='ltr'>αὐτὸ</span> <span class='ocrx_word' id='word_1_382' title='bbox 2591 2198 2802 2264; x_wconf 77' lang='grc' dir='ltr'>Πνεῦμα</span> <span class='ocrx_word' id='word_1_383' title='bbox 2833 2201 2928 2254; x_wconf 83' lang='grc' dir='ltr'>τῆς</span> <span class='ocrx_word' id='word_1_384' title='bbox 2958 2196 3226 2255; x_wconf 79' lang='grc' dir='ltr'>υἱοθεσίας</span> <span class='ocrx_word' id='word_1_385' title='bbox 3274 2194 3555 2264; x_wconf 77' lang='grc' dir='ltr'>λαϐόντας,</span> <span class='ocrx_word' id='word_1_386' title='bbox 3587 2201 3804 2270; x_wconf 69' lang='grc' dir='ltr'>κτήμασι</span> <span class='ocrx_word' id='word_1_387' title='bbox 3859 2191 3904 2247; x_wconf 77' lang='grc' dir='ltr'><strong><em>δὲ</em></strong></span> 
     </span>
    </p>
   </div>
   <div class='ocr_carea' id='block_1_57' title="bbox 2340 2279 3904 2361">
    <p class='ocr_par' dir='ltr' id='par_1_57' title="bbox 2340 2279 3904 2361">
     <span class='ocr_line' id='line_1_57' title="bbox 2340 2279 3904 2361; baseline 0.001 -29"><span class='ocrx_word' id='word_1_388' title='bbox 2340 2286 2503 2332; x_wconf 77' lang='grc' dir='ltr'>πᾶσιν</span> <span class='ocrx_word' id='word_1_389' title='bbox 2560 2282 2624 2341; x_wconf 81' lang='grc' dir='ltr'>ὡς</span> <span class='ocrx_word' id='word_1_390' title='bbox 2655 2279 2964 2356; x_wconf 78' lang='grc' dir='ltr'>ἀλλοτρίοις,</span> <span class='ocrx_word' id='word_1_391' title='bbox 3025 2283 3147 2354; x_wconf 82' lang='grc' dir='ltr'>ὅπερ</span> <span class='ocrx_word' id='word_1_392' title='bbox 3207 2281 3342 2354; x_wconf 73' lang='grc' dir='ltr'>ἐστὶ,</span> <span class='ocrx_word' id='word_1_393' title='bbox 3399 2286 3659 2361; x_wconf 81' lang='grc' dir='ltr'>προσέξει.</span> <span class='ocrx_word' id='word_1_394' title='bbox 3722 2286 3809 2339; x_wconf 81' lang='grc' dir='ltr'><strong><em>Ἐνὶ</em></strong></span> <span class='ocrx_word' id='word_1_395' title='bbox 3858 2281 3904 2336; x_wconf 68' lang='grc' dir='ltr'><strong><em>δὲ</em></strong></span> 
     </span>
    </p>
   </div>
   <div class='ocr_carea' id='block_1_58' title="bbox 2339 2365 3904 2450">
    <p class='ocr_par' dir='ltr' id='par_1_58' title="bbox 2339 2365 3904 2450">
     <span class='ocr_line' id='line_1_58' title="bbox 2339 2365 3904 2450; baseline 0.002 -30"><span class='ocrx_word' id='word_1_396' title='bbox 2339 2367 2492 2439; x_wconf 80' lang='grc' dir='ltr'>λόγῳ,</span> <span class='ocrx_word' id='word_1_397' title='bbox 2600 2365 2693 2421; x_wconf 78' lang='grc' dir='ltr'><strong><em>διὰ</em></strong></span> <span class='ocrx_word' id='word_1_398' title='bbox 2718 2374 2948 2443; x_wconf 75' lang='grc' dir='ltr'>Χριστόο</span> <span class='ocrx_word' id='word_1_399' title='bbox 2993 2370 3103 2432; x_wconf 84' lang='grc' dir='ltr'>ὅλος</span> <span class='ocrx_word' id='word_1_400' title='bbox 3144 2373 3170 2423; x_wconf 92' lang='grc' dir='ltr'><strong><em>ό</em></strong></span> <span class='ocrx_word' id='word_1_401' title='bbox 3218 2377 3427 2446; x_wconf 87' lang='grc' dir='ltr'>κόσμος</span> <span class='ocrx_word' id='word_1_402' title='bbox 3468 2374 3786 2450; x_wconf 74' lang='grc' dir='ltr'>ἐσταύρωται,</span> <span class='ocrx_word' id='word_1_403' title='bbox 3831 2378 3904 2424; x_wconf 86' lang='grc' dir='ltr'>καὶ</span> 
     </span>
    </p>
   </div>
   <div class='ocr_carea' id='block_1_59' title="bbox 2339 2457 3902 2538">
    <p class='ocr_par' dir='ltr' id='par_1_59' title="bbox 2339 2457 3902 2538">
     <span class='ocr_line' id='line_1_59' title="bbox 2339 2457 3902 2538; baseline 0.004 -30"><span class='ocrx_word' id='word_1_404' title='bbox 2339 2457 2498 2518; x_wconf 71' lang='grc' dir='ltr'>αὐτὸς</span> <span class='ocrx_word' id='word_1_405' title='bbox 2524 2466 2596 2529; x_wconf 79' lang='grc' dir='ltr'>τῷ</span> <span class='ocrx_word' id='word_1_406' title='bbox 2643 2463 2845 2532; x_wconf 79' lang='grc' dir='ltr'>κόσμῳ,</span> <span class='ocrx_word' id='word_1_407' title='bbox 2879 2469 2984 2521; x_wconf 78' lang='grc' dir='ltr'><strong><em>πῶς</em></strong></span> <span class='ocrx_word' id='word_1_408' title='bbox 3025 2464 3099 2512; x_wconf 84' lang='grc' dir='ltr'>ἔτι</span> <span class='ocrx_word' id='word_1_409' title='bbox 3139 2457 3362 2515; x_wconf 79' lang='grc' dir='ltr'>δύναται</span> <span class='ocrx_word' id='word_1_410' title='bbox 3422 2465 3552 2518; x_wconf 84' lang='grc' dir='ltr'>εἶναι</span> <span class='ocrx_word' id='word_1_411' title='bbox 3589 2470 3797 2538; x_wconf 72' lang='grc' dir='ltr'>μέτοχος</span> <span class='ocrx_word' id='word_1_412' title='bbox 3821 2471 3902 2515; x_wconf 78' lang='grc' dir='ltr'><strong><em>τῶν</em></strong></span> 
     </span>
    </p>
   </div>
   <div class='ocr_carea' id='block_1_60' title="bbox 2339 2545 3902 2626">
    <p class='ocr_par' dir='ltr' id='par_1_60' title="bbox 2339 2545 3902 2626">
     <span class='ocr_line' id='line_1_60' title="bbox 2339 2545 3902 2626; baseline 0.004 -30"><span class='ocrx_word' id='word_1_413' title='bbox 2339 2555 2599 2618; x_wconf 84' lang='grc' dir='ltr'>μεριμνῶν</span> <span class='ocrx_word' id='word_1_414' title='bbox 2621 2555 2712 2599; x_wconf 77' lang='grc' dir='ltr'>τοῦ</span> <span class='ocrx_word' id='word_1_415' title='bbox 2738 2567 2939 2620; x_wconf 86' lang='grc' dir='ltr'>κόσμου</span> <span class='ocrx_word' id='word_1_416' title='bbox 2971 2549 3124 2619; x_wconf 77' lang='grc' dir='ltr'>(4Ο);</span> <span class='ocrx_word' id='word_1_417' title='bbox 3166 2545 3259 2602; x_wconf 69' lang='grc' dir='ltr'>τοῦ</span> <span class='ocrx_word' id='word_1_418' title='bbox 3315 2557 3519 2626; x_wconf 76' lang='grc' dir='ltr'>Κυρίου</span> <span class='ocrx_word' id='word_1_419' title='bbox 3568 2555 3705 2625; x_wconf 71' lang='grc' dir='ltr'>ἡμῶν</span> <span class='ocrx_word' id='word_1_420' title='bbox 3755 2552 3902 2608; x_wconf 73' lang='grc' dir='ltr'>Ἰησοῦ</span> 
     </span>
    </p>
   </div>
   <div class='ocr_carea' id='block_1_61' title="bbox 2342 2636 3905 2714">
    <p class='ocr_par' dir='ltr' id='par_1_61' title="bbox 2342 2636 3905 2714">
     <span class='ocr_line' id='line_1_61' title="bbox 2342 2636 3905 2714; baseline 0.008 -28"><span class='ocrx_word' id='word_1_421' title='bbox 2342 2641 2577 2708; x_wconf 81' lang='grc' dir='ltr'>Χριστοῦ</span> <span class='ocrx_word' id='word_1_422' title='bbox 2605 2636 2671 2696; x_wconf 83' lang='grc' dir='ltr'>εἰς</span> <span class='ocrx_word' id='word_1_423' title='bbox 2702 2638 2858 2712; x_wconf 80' lang='grc' dir='ltr'>ἄκρον</span> <span class='ocrx_word' id='word_1_424' title='bbox 2884 2639 3200 2712; x_wconf 76' lang='grc' dir='ltr'>προάγοντος</span> <span class='ocrx_word' id='word_1_425' title='bbox 3247 2644 3305 2692; x_wconf 86' lang='grc' dir='ltr'><strong><em>τό</em></strong></span> <span class='ocrx_word' id='word_1_426' title='bbox 3352 2659 3418 2694; x_wconf 85' lang='grc' dir='ltr'><strong><em>τε</em></strong></span> <span class='ocrx_word' id='word_1_427' title='bbox 3445 2649 3596 2714; x_wconf 84' lang='grc' dir='ltr'>μῖσος</span> <span class='ocrx_word' id='word_1_428' title='bbox 3621 2651 3708 2702; x_wconf 82' lang='grc' dir='ltr'>τῆς</span> <span class='ocrx_word' id='word_1_429' title='bbox 3752 2641 3905 2712; x_wconf 62' lang='grc' dir='ltr'>ψυχῆς</span> 
     </span>
    </p>
   </div>
   <div class='ocr_carea' id='block_1_62' title="bbox 2341 2724 3904 2801">
    <p class='ocr_par' dir='ltr' id='par_1_62' title="bbox 2341 2724 3904 2801">
     <span class='ocr_line' id='line_1_62' title="bbox 2341 2724 3904 2801; baseline 0.003 -27"><span class='ocrx_word' id='word_1_430' title='bbox 2341 2729 2431 2775; x_wconf 81' lang='grc' dir='ltr'>καὶ</span> <span class='ocrx_word' id='word_1_431' title='bbox 2483 2729 2577 2782; x_wconf 78' lang='grc' dir='ltr'>τὴν</span> <span class='ocrx_word' id='word_1_432' title='bbox 2630 2724 2816 2777; x_wconf 74' lang='grc' dir='ltr'>ἑαυτοῦ</span> <span class='ocrx_word' id='word_1_433' title='bbox 2848 2726 3067 2798; x_wconf 84' lang='grc' dir='ltr'>ἀρνησιν</span> <span class='ocrx_word' id='word_1_434' title='bbox 3099 2724 3172 2778; x_wconf 77' lang='grc' dir='ltr'><strong><em>δι’</em></strong></span> <span class='ocrx_word' id='word_1_435' title='bbox 3204 2729 3272 2779; x_wconf 84' lang='grc' dir='ltr'>ὧν</span> <span class='ocrx_word' id='word_1_436' title='bbox 3314 2749 3512 2801; x_wconf 73' lang='grc' dir='ltr'>φησιν’</span> <span class='ocrx_word' id='word_1_437' title='bbox 3572 2735 3631 2785; x_wconf 83' lang='grc' dir='ltr'><strong><em>Εἰ</em></strong></span> <span class='ocrx_word' id='word_1_438' title='bbox 3675 2750 3747 2792; x_wconf 85' lang='grc' dir='ltr'><strong><em>τις</em></strong></span> <span class='ocrx_word' id='word_1_439' title='bbox 3798 2729 3904 2781; x_wconf 84' lang='grc' dir='ltr'>θίλει</span> 
     </span>
    </p>
   </div>
   <div class='ocr_carea' id='block_1_63' title="bbox 2343 2811 3905 2892">
    <p class='ocr_par' dir='ltr' id='par_1_63' title="bbox 2343 2811 3905 2892">
     <span class='ocr_line' id='line_1_63' title="bbox 2343 2811 3905 2892; baseline 0.003 -27"><span class='ocrx_word' id='word_1_440' title='bbox 2343 2811 2512 2866; x_wconf 81' lang='grc' dir='ltr'>ὀπίσω</span> <span class='ocrx_word' id='word_1_441' title='bbox 2597 2834 2698 2887; x_wconf 89' lang='grc' dir='ltr'><strong><em>μου</em></strong></span> <span class='ocrx_word' id='word_1_442' title='bbox 2787 2814 2984 2884; x_wconf 77' lang='grc' dir='ltr'>ἓλθεῖν,’</span> <span class='ocrx_word' id='word_1_443' title='bbox 3055 2815 3462 2892; x_wconf 76' lang='grc' dir='ltr'>ἀπαρνησάσθω</span> <span class='ocrx_word' id='word_1_444' title='bbox 3545 2821 3734 2887; x_wconf 81' lang='grc' dir='ltr'>ἑαυτὸν,</span> <span class='ocrx_word' id='word_1_445' title='bbox 3833 2821 3905 2870; x_wconf 81' lang='grc' dir='ltr'>καὶ</span> 
     </span>
    </p>
   </div>
   <div class='ocr_carea' id='block_1_64' title="bbox 2338 2900 3900 2982">
    <p class='ocr_par' dir='ltr' id='par_1_64' title="bbox 2338 2900 3900 2982">
     <span class='ocr_line' id='line_1_64' title="bbox 2338 2900 3900 2982; baseline 0.003 -28"><span class='ocrx_word' id='word_1_446' title='bbox 2338 2900 2511 2976; x_wconf 86' lang='grc' dir='ltr'>ἀράτω</span> <span class='ocrx_word' id='word_1_447' title='bbox 2567 2907 2654 2955; x_wconf 87' lang='grc' dir='ltr'><strong><em>τόν</em></strong></span> <span class='ocrx_word' id='word_1_448' title='bbox 2722 2909 2946 2981; x_wconf 86' lang='grc' dir='ltr'>σταυρόν</span> <span class='ocrx_word' id='word_1_449' title='bbox 2995 2908 3155 2959; x_wconf 66' lang='grc' dir='ltr'>αὑτοῦ</span> <span class='ocrx_word' id='word_1_450' title='bbox 3185 2927 3198 2940; x_wconf 76' lang='grc' dir='ltr'><strong>ο</strong></span> <span class='ocrx_word' id='word_1_451' title='bbox 3255 2913 3345 2960; x_wconf 83' lang='grc' dir='ltr'>καὶ</span> <span class='ocrx_word' id='word_1_452' title='bbox 3407 2915 3524 2964; x_wconf 89' lang='grc' dir='ltr'>τότε</span> <span class='ocrx_word' id='word_1_453' title='bbox 3562 2909 3900 2982; x_wconf 71' lang='grc' dir='ltr'>ἐπαγαγόντος·</span> 
     </span>
    </p>
   </div>
   <div class='ocr_carea' id='block_1_65' title="bbox 567 2991 2229 3088">
    <p class='ocr_par' dir='ltr' id='par_1_65' title="bbox 567 2997 2228 3070">
     <span class='ocr_line' id='line_1_65' title="bbox 567 2997 2228 3070; baseline 0.004 -19"><span class='ocrx_word' id='word_1_454' title='bbox 567 2997 690 3052; x_wconf 90' lang='lat' dir='ltr'><strong><em>odit</em></strong></span> <span class='ocrx_word' id='word_1_455' title='bbox 716 3003 954 3066; x_wconf 86' lang='lat' dir='ltr'><strong><em>patrem</em></strong></span> <span class='ocrx_word' id='word_1_456' title='bbox 989 3013 1185 3065; x_wconf 86' lang='lat' dir='ltr'><strong><em>suum,</em></strong></span> <span class='ocrx_word' id='word_1_457' title='bbox 1226 3003 1282 3055; x_wconf 91' lang='lat' dir='ltr'><strong><em>et</em></strong></span> <span class='ocrx_word' id='word_1_458' title='bbox 1321 3005 1574 3055; x_wconf 87' lang='lat' dir='ltr'><strong><em>matrem</em></strong></span> <span class='ocrx_word' id='word_1_459' title='bbox 1601 3004 1658 3055; x_wconf 92' lang='lat' dir='ltr'><strong><em>et</em></strong></span> <span class='ocrx_word' id='word_1_460' title='bbox 1679 3014 1952 3068; x_wconf 74' lang='lat' dir='ltr'><strong><em>uxorem,</em></strong></span> <span class='ocrx_word' id='word_1_461' title='bbox 1976 3005 2032 3056; x_wconf 87' lang='lat' dir='ltr'><strong><em>et</em></strong></span> <span class='ocrx_word' id='word_1_462' title='bbox 2050 3003 2228 3070; x_wconf 81' lang='lat' dir='ltr'><strong><em>ﬁlios,</em></strong></span> 
     </span>
    </p>
   </div>
   <div class='ocr_carea' id='block_1_66' title="bbox 2337 2991 3904 3088">
    <p class='ocr_par' dir='ltr' id='par_1_66' title="bbox 2339 2991 3904 3072">
     <span class='ocr_line' id='line_1_66' title="bbox 2339 2991 3904 3072; baseline 0.002 -28"><span class='ocrx_word' id='word_1_463' title='bbox 2339 2997 2439 3044; x_wconf 77' lang='grc' dir='ltr'><strong><em>Καὶ</em></strong></span> <span class='ocrx_word' id='word_1_464' title='bbox 2502 2991 2844 3046; x_wconf 79' lang='grc' dir='ltr'>ἀκολουθείτω</span> <span class='ocrx_word' id='word_1_465' title='bbox 2888 3014 2981 3068; x_wconf 90' lang='grc' dir='ltr'><strong><em>μοι</em></strong></span> <span class='ocrx_word' id='word_1_466' title='bbox 3009 3015 3024 3031; x_wconf 78' lang='grc' dir='ltr'><strong>ο</strong></span> <span class='ocrx_word' id='word_1_467' title='bbox 3080 3002 3171 3050; x_wconf 83' lang='grc' dir='ltr'>καὶ</span> <span class='ocrx_word' id='word_1_468' title='bbox 3222 2997 3383 3050; x_wconf 80' lang='grc' dir='ltr'>πάλιν</span> <span class='ocrx_word' id='word_1_469' title='bbox 3411 3019 3424 3033; x_wconf 77' lang='grc' dir='ltr'><strong>ο</strong></span> <span class='ocrx_word' id='word_1_470' title='bbox 3481 3003 3543 3054; x_wconf 82' lang='grc' dir='ltr'>Εἴ</span> <span class='ocrx_word' id='word_1_471' title='bbox 3604 3019 3676 3061; x_wconf 87' lang='grc' dir='ltr'><strong><em>τις</em></strong></span> <span class='ocrx_word' id='word_1_472' title='bbox 3724 3001 3904 3072; x_wconf 77' lang='grc' dir='ltr'>ἔρχεται</span> 
     </span>
    </p>
   </div>
   <div class='ocr_carea' id='block_1_67' title="bbox 565 3086 2229 3156">
    <p class='ocr_par' dir='ltr' id='par_1_67' title="bbox 565 3086 2229 3156">
     <span class='ocr_line' id='line_1_67' title="bbox 565 3086 2229 3156; baseline 0.003 -14"><span class='ocrx_word' id='word_1_473' title='bbox 565 3091 624 3142; x_wconf 88' lang='lat' dir='ltr'><strong><em>et</em></strong></span> <span class='ocrx_word' id='word_1_474' title='bbox 670 3086 923 3156; x_wconf 81' lang='lat' dir='ltr'><strong><em>fratres,</em></strong></span> <span class='ocrx_word' id='word_1_475' title='bbox 965 3091 1019 3143; x_wconf 88' lang='lat' dir='ltr'><strong><em>et</em></strong></span> <span class='ocrx_word' id='word_1_476' title='bbox 1065 3103 1320 3155; x_wconf 86' lang='lat' dir='ltr'><strong><em>sorores,</em></strong></span> <span class='ocrx_word' id='word_1_477' title='bbox 1372 3087 1576 3144; x_wconf 84' lang='lat' dir='ltr'><strong><em>adhuc</em></strong></span> <span class='ocrx_word' id='word_1_478' title='bbox 1623 3094 1820 3146; x_wconf 85' lang='lat' dir='ltr'><strong><em>autem</em></strong></span> <span class='ocrx_word' id='word_1_479' title='bbox 1857 3095 1914 3146; x_wconf 85' lang='lat' dir='ltr'><strong><em>et</em></strong></span> <span class='ocrx_word' id='word_1_480' title='bbox 1961 3091 2229 3147; x_wconf 84' lang='lat' dir='ltr'><strong><em>animam</em></strong></span> 
     </span>
    </p>
   </div>
   <div class='ocr_carea' id='block_1_68' title="bbox 565 3178 2230 3248">
    <p class='ocr_par' dir='ltr' id='par_1_68' title="bbox 565 3178 2230 3248">
     <span class='ocr_line' id='line_1_68' title="bbox 565 3178 2230 3248; baseline 0.003 -17"><span class='ocrx_word' id='word_1_481' title='bbox 565 3190 758 3242; x_wconf 86' lang='lat' dir='ltr'><strong><em>suam,</em></strong></span> <span class='ocrx_word' id='word_1_482' title='bbox 781 3192 902 3232; x_wconf 83' lang='lat' dir='ltr'><strong><em>non</em></strong></span> <span class='ocrx_word' id='word_1_483' title='bbox 921 3182 1114 3246; x_wconf 84' lang='lat' dir='ltr'><strong><em>potest</em></strong></span> <span class='ocrx_word' id='word_1_484' title='bbox 1140 3193 1304 3233; x_wconf 88' lang='lat' dir='ltr'><strong><em>meus</em></strong></span> <span class='ocrx_word' id='word_1_485' title='bbox 1321 3191 1443 3233; x_wconf 88' lang='lat' dir='ltr'><strong><em>esse</em></strong></span> <span class='ocrx_word' id='word_1_486' title='bbox 1456 3178 1792 3248; x_wconf 82' lang='lat' dir='ltr'><strong><em>discipulus</em></strong></span> <span class='ocrx_word' id='word_1_487' title='bbox 1827 3179 1892 3229; x_wconf 81' lang='grc'><strong><em>¹⁸.</em></strong></span> <span class='ocrx_word' id='word_1_488' title='bbox 1925 3179 2230 3244; x_wconf 88' lang='lat' dir='ltr'><strong><em>Quamob-</em></strong></span> 
     </span>
    </p>
   </div>
   <div class='ocr_carea' id='block_1_69' title="bbox 562 3265 2224 3341">
    <p class='ocr_par' dir='ltr' id='par_1_69' title="bbox 562 3265 2224 3341">
     <span class='ocr_line' id='line_1_69' title="bbox 562 3265 2224 3341; baseline 0.002 -19"><span class='ocrx_word' id='word_1_489' title='bbox 562 3279 692 3322; x_wconf 90' lang='lat' dir='ltr'><strong><em>rem</em></strong></span> <span class='ocrx_word' id='word_1_490' title='bbox 739 3265 799 3320; x_wconf 91' lang='lat' dir='ltr'><strong><em>in</em></strong></span> <span class='ocrx_word' id='word_1_491' title='bbox 847 3281 919 3321; x_wconf 92' lang='lat' dir='ltr'><strong><em>eo</em></strong></span> <span class='ocrx_word' id='word_1_492' title='bbox 951 3265 1065 3322; x_wconf 87' lang='lat' dir='ltr'><strong><em>sita</em></strong></span> <span class='ocrx_word' id='word_1_493' title='bbox 1115 3271 1203 3322; x_wconf 88' lang='lat' dir='ltr'><strong><em>est</em></strong></span> <span class='ocrx_word' id='word_1_494' title='bbox 1225 3267 1489 3338; x_wconf 79' lang='lat' dir='ltr'><strong><em>perfecta</em></strong></span> <span class='ocrx_word' id='word_1_495' title='bbox 1537 3267 1921 3338; x_wconf 89' lang='lat' dir='ltr'><strong><em>renuntiatio,</em></strong></span> <span class='ocrx_word' id='word_1_496' title='bbox 1963 3269 2011 3323; x_wconf 89' lang='lat' dir='ltr'><strong><em>si</em></strong></span> <span class='ocrx_word' id='word_1_497' title='bbox 2041 3285 2224 3341; x_wconf 89' lang='lat' dir='ltr'><strong><em>quem</em></strong></span> 
     </span>
    </p>
   </div>
   <div class='ocr_carea' id='block_1_70' title="bbox 566 3353 2226 3426">
    <p class='ocr_par' dir='ltr' id='par_1_70' title="bbox 566 3353 2226 3426">
     <span class='ocr_line' id='line_1_70' title="bbox 566 3353 2226 3426; baseline 0.005 -19"><span class='ocrx_word' id='word_1_498' title='bbox 566 3368 677 3408; x_wconf 90' lang='lat' dir='ltr'><strong><em>nec</em></strong></span> <span class='ocrx_word' id='word_1_499' title='bbox 700 3353 890 3426; x_wconf 91' lang='lat' dir='ltr'><strong><em>ipsius</em></strong></span> <span class='ocrx_word' id='word_1_500' title='bbox 927 3355 1064 3410; x_wconf 68' lang='lat' dir='ltr'><strong><em>vitae</em></strong></span> <span class='ocrx_word' id='word_1_501' title='bbox 1090 3371 1262 3412; x_wconf 90' lang='lat' dir='ltr'><strong><em>amor</em></strong></span> <span class='ocrx_word' id='word_1_502' title='bbox 1287 3361 1549 3420; x_wconf 77' lang='lat' dir='ltr'><strong><em>moveat,</em></strong></span> <span class='ocrx_word' id='word_1_503' title='bbox 1592 3357 1699 3412; x_wconf 90' lang='lat' dir='ltr'><strong><em>sed</em></strong></span> <span class='ocrx_word' id='word_1_504' title='bbox 1731 3357 1954 3414; x_wconf 90' lang='lat' dir='ltr'><strong><em>habeat</em></strong></span> <span class='ocrx_word' id='word_1_505' title='bbox 1992 3363 2226 3415; x_wconf 88' lang='lat' dir='ltr'><strong><em>senten-</em></strong></span> 
     </span>
    </p>
   </div>
   <div class='ocr_carea' id='block_1_71' title="bbox 561 3441 2223 3510">
    <p class='ocr_par' dir='ltr' id='par_1_71' title="bbox 561 3441 2223 3510">
     <span class='ocr_line' id='line_1_71' title="bbox 561 3441 2223 3510; baseline 0.004 -12"><span class='ocrx_word' id='word_1_506' title='bbox 561 3441 709 3498; x_wconf 86' lang='lat' dir='ltr'><strong><em>tiam</em></strong></span> <span class='ocrx_word' id='word_1_507' title='bbox 743 3442 972 3510; x_wconf 86' lang='lat' dir='ltr'><strong><em>mortis,</em></strong></span> <span class='ocrx_word' id='word_1_508' title='bbox 1015 3443 1098 3499; x_wconf 90' lang='lat' dir='ltr'><strong><em>sic</em></strong></span> <span class='ocrx_word' id='word_1_509' title='bbox 1132 3450 1193 3500; x_wconf 88' lang='lat' dir='ltr'><strong><em>ut</em></strong></span> <span class='ocrx_word' id='word_1_510' title='bbox 1221 3445 1370 3500; x_wconf 89' lang='lat' dir='ltr'><strong><em>nihil</em></strong></span> <span class='ocrx_word' id='word_1_511' title='bbox 1412 3445 1525 3502; x_wconf 91' lang='lat' dir='ltr'><strong><em>sibi</em></strong></span> <span class='ocrx_word' id='word_1_512' title='bbox 1555 3446 1894 3502; x_wconf 72' lang='lat' dir='ltr'><strong><em>confidat&quot;.</em></strong></span> <span class='ocrx_word' id='word_1_513' title='bbox 1941 3447 2083 3502; x_wconf 81' lang='lat' dir='ltr'><strong><em>Inde</em></strong></span> <span class='ocrx_word' id='word_1_514' title='bbox 2115 3465 2223 3504; x_wconf 82' lang='lat' dir='ltr'><strong><em>au-</em></strong></span> 
     </span>
    </p>
   </div>
   <div class='ocr_carea' id='block_1_72' title="bbox 559 3531 2222 3599">
    <p class='ocr_par' dir='ltr' id='par_1_72' title="bbox 559 3531 2222 3599">
     <span class='ocr_line' id='line_1_72' title="bbox 559 3531 2222 3599; baseline 0.004 -13"><span class='ocrx_word' id='word_1_515' title='bbox 559 3531 937 3588; x_wconf 88' lang='lat' dir='ltr'><strong><em>teminitium</em></strong></span> <span class='ocrx_word' id='word_1_516' title='bbox 969 3531 1168 3599; x_wconf 87' lang='lat' dir='ltr'><strong><em>sumit,</em></strong></span> <span class='ocrx_word' id='word_1_517' title='bbox 1205 3534 1254 3588; x_wconf 94' lang='lat' dir='ltr'><strong><em>si</em></strong></span> <span class='ocrx_word' id='word_1_518' title='bbox 1285 3534 1559 3590; x_wconf 86' lang='lat' dir='ltr'><strong><em>videlicet</em></strong></span> <span class='ocrx_word' id='word_1_519' title='bbox 1587 3535 1922 3591; x_wconf 88' lang='lat' dir='ltr'><strong><em>alienemur</em></strong></span> <span class='ocrx_word' id='word_1_520' title='bbox 1975 3552 2012 3592; x_wconf 90' lang='lat' dir='ltr'><strong><em>a</em></strong></span> <span class='ocrx_word' id='word_1_521' title='bbox 2041 3537 2222 3593; x_wconf 87' lang='lat' dir='ltr'><strong><em>rebus</em></strong></span> 
     </span>
    </p>
   </div>
   <div class='ocr_carea' id='block_1_73' title="bbox 561 3620 2216 3697">
    <p class='ocr_par' dir='ltr' id='par_1_73' title="bbox 561 3620 2216 3697">
     <span class='ocr_line' id='line_1_73' title="bbox 561 3620 2216 3697; baseline 0.004 -21"><span class='ocrx_word' id='word_1_522' title='bbox 561 3621 839 3689; x_wconf 84' lang='lat' dir='ltr'><strong><em>externis,</em></strong></span> <span class='ocrx_word' id='word_1_523' title='bbox 871 3620 1049 3693; x_wconf 71' lang='grc'><strong><em>349</em></strong></span> <span class='ocrx_word' id='word_1_524' title='bbox 1079 3623 1339 3694; x_wconf 83' lang='lat' dir='ltr'><strong><em>exempli</em></strong></span> <span class='ocrx_word' id='word_1_525' title='bbox 1393 3639 1601 3688; x_wconf 86' lang='lat' dir='ltr'><strong><em>causa,</em></strong></span> <span class='ocrx_word' id='word_1_526' title='bbox 1631 3641 1666 3680; x_wconf 92' lang='lat' dir='ltr'><strong><em>a</em></strong></span> <span class='ocrx_word' id='word_1_527' title='bbox 1707 3625 2216 3697; x_wconf 85' lang='lat' dir='ltr'><strong><em>possessionibus,</em></strong></span> 
     </span>
    </p>
   </div>
   <div class='ocr_carea' id='block_1_74' title="bbox 559 3709 2220 3780">
    <p class='ocr_par' dir='ltr' id='par_1_74' title="bbox 559 3709 2220 3780">
     <span class='ocr_line' id='line_1_74' title="bbox 559 3709 2220 3780; baseline 0.003 -14"><span class='ocrx_word' id='word_1_528' title='bbox 559 3709 637 3766; x_wconf 86' lang='lat' dir='ltr'><strong><em>ab</em></strong></span> <span class='ocrx_word' id='word_1_529' title='bbox 666 3709 830 3765; x_wconf 89' lang='lat' dir='ltr'><strong><em>inani</em></strong></span> <span class='ocrx_word' id='word_1_530' title='bbox 855 3710 1064 3780; x_wconf 83' lang='lat' dir='ltr'><strong><em>gloria,</em></strong></span> <span class='ocrx_word' id='word_1_531' title='bbox 1088 3727 1124 3767; x_wconf 89' lang='lat' dir='ltr'><strong><em>a</em></strong></span> <span class='ocrx_word' id='word_1_532' title='bbox 1154 3711 1288 3766; x_wconf 59' lang='lat' dir='ltr'><strong><em>vitae</em></strong></span> <span class='ocrx_word' id='word_1_533' title='bbox 1311 3713 1771 3780; x_wconf 87' lang='lat' dir='ltr'><strong><em>consuetudine,</em></strong></span> <span class='ocrx_word' id='word_1_534' title='bbox 1797 3729 1833 3769; x_wconf 90' lang='lat' dir='ltr'><strong><em>a</em></strong></span> <span class='ocrx_word' id='word_1_535' title='bbox 1858 3730 2061 3770; x_wconf 90' lang='lat' dir='ltr'><strong><em>rerum</em></strong></span> <span class='ocrx_word' id='word_1_536' title='bbox 2088 3715 2220 3771; x_wconf 90' lang='lat' dir='ltr'><strong><em>inu-</em></strong></span> 
     </span>
    </p>
   </div>
   <div class='ocr_carea' id='block_1_75' title="bbox 559 3796 2218 3869">
    <p class='ocr_par' dir='ltr' id='par_1_75' title="bbox 559 3796 2218 3869">
     <span class='ocr_line' id='line_1_75' title="bbox 559 3796 2218 3869; baseline 0.004 -16"><span class='ocrx_word' id='word_1_537' title='bbox 559 3796 750 3854; x_wconf 87' lang='lat' dir='ltr'><strong><em>tilium</em></strong></span> <span class='ocrx_word' id='word_1_538' title='bbox 803 3798 1023 3869; x_wconf 89' lang='lat' dir='ltr'><strong><em>studio,</em></strong></span> <span class='ocrx_word' id='word_1_539' title='bbox 1061 3798 1146 3854; x_wconf 89' lang='lat' dir='ltr'><strong><em>uti</em></strong></span> <span class='ocrx_word' id='word_1_540' title='bbox 1196 3799 1535 3856; x_wconf 89' lang='lat' dir='ltr'><strong><em>docuerunt</em></strong></span> <span class='ocrx_word' id='word_1_541' title='bbox 1585 3817 1696 3857; x_wconf 91' lang='lat' dir='ltr'><strong><em>nos</em></strong></span> <span class='ocrx_word' id='word_1_542' title='bbox 1745 3804 1935 3858; x_wconf 88' lang='lat' dir='ltr'><strong><em>sancti</em></strong></span> <span class='ocrx_word' id='word_1_543' title='bbox 1982 3804 2218 3860; x_wconf 89' lang='lat' dir='ltr'><strong><em>Domini</em></strong></span> 
     </span>
    </p>
   </div>
   <div class='ocr_carea' id='block_1_76' title="bbox 559 3885 2220 3962">
    <p class='ocr_par' dir='ltr' id='par_1_76' title="bbox 559 3885 2220 3962">
     <span class='ocr_line' id='line_1_76' title="bbox 559 3885 2220 3962; baseline 0.004 -20"><span class='ocrx_word' id='word_1_544' title='bbox 559 3885 865 3958; x_wconf 89' lang='lat' dir='ltr'><strong><em>discipuli,</em></strong></span> <span class='ocrx_word' id='word_1_545' title='bbox 895 3887 1160 3944; x_wconf 86' lang='lat' dir='ltr'><strong><em>Jacobus</em></strong></span> <span class='ocrx_word' id='word_1_546' title='bbox 1181 3893 1239 3944; x_wconf 91' lang='lat' dir='ltr'><strong><em>et</em></strong></span> <span class='ocrx_word' id='word_1_547' title='bbox 1282 3891 1566 3958; x_wconf 79' lang='lat' dir='ltr'><strong><em>Joannes,</em></strong></span> <span class='ocrx_word' id='word_1_548' title='bbox 1612 3890 1716 3962; x_wconf 87' lang='lat' dir='ltr'><strong><em>qui</em></strong></span> <span class='ocrx_word' id='word_1_549' title='bbox 1758 3897 1991 3962; x_wconf 84' lang='lat' dir='ltr'><strong><em>patrem</em></strong></span> <span class='ocrx_word' id='word_1_550' title='bbox 2040 3909 2220 3949; x_wconf 90' lang='lat' dir='ltr'><strong><em>suum</em></strong></span> 
     </span>
    </p>
   </div>
   <div class='ocr_carea' id='block_1_77' title="bbox 559 3975 2218 4050">
    <p class='ocr_par' dir='ltr' id='par_1_77' title="bbox 559 3975 2218 4050">
     <span class='ocr_line' id='line_1_77' title="bbox 559 3975 2218 4050; baseline 0.004 -20"><span class='ocrx_word' id='word_1_551' title='bbox 559 3975 936 4047; x_wconf 66' lang='lat' dir='ltr'><strong><em>Zebedmum,</em></strong></span> <span class='ocrx_word' id='word_1_552' title='bbox 961 3977 1305 4049; x_wconf 90' lang='lat' dir='ltr'><strong><em>ipsumque,</em></strong></span> <span class='ocrx_word' id='word_1_553' title='bbox 1369 3993 1405 4033; x_wconf 89' lang='lat' dir='ltr'><strong><em>a</em></strong></span> <span class='ocrx_word' id='word_1_554' title='bbox 1434 3994 1556 4050; x_wconf 88' lang='lat' dir='ltr'><strong><em>quo</em></strong></span> <span class='ocrx_word' id='word_1_555' title='bbox 1607 3984 1730 4034; x_wconf 91' lang='lat' dir='ltr'><strong><em>tota</em></strong></span> <span class='ocrx_word' id='word_1_556' title='bbox 1758 3979 1997 4036; x_wconf 89' lang='lat' dir='ltr'><strong><em>illorum</em></strong></span> <span class='ocrx_word' id='word_1_557' title='bbox 2023 3981 2218 4037; x_wconf 85' lang='lat' dir='ltr'><strong><em>victus</em></strong></span> 
     </span>
    </p>
   </div>
   <div class='ocr_carea' id='block_1_78' title="bbox 555 4059 2217 4133">
    <p class='ocr_par' dir='ltr' id='par_1_78' title="bbox 555 4059 2217 4133">
     <span class='ocr_line' id='line_1_78' title="bbox 555 4059 2217 4133; baseline 0.005 -19"><span class='ocrx_word' id='word_1_558' title='bbox 555 4059 709 4116; x_wconf 89' lang='lat' dir='ltr'><strong><em>ratio</em></strong></span> <span class='ocrx_word' id='word_1_559' title='bbox 755 4060 1079 4132; x_wconf 85' lang='lat' dir='ltr'><strong><em>pendebat,</em></strong></span> <span class='ocrx_word' id='word_1_560' title='bbox 1139 4061 1452 4130; x_wconf 78' lang='lat' dir='ltr'><strong><em>navigium</em></strong></span> <span class='ocrx_word' id='word_1_561' title='bbox 1505 4061 1797 4133; x_wconf 88' lang='lat' dir='ltr'><strong><em>reliquere</em></strong></span> <span class='ocrx_word' id='word_1_562' title='bbox 1842 4080 1854 4118; x_wconf 92' lang='lat'><strong>:</strong></span> <span class='ocrx_word' id='word_1_563' title='bbox 1909 4065 2217 4122; x_wconf 74' lang='lat' dir='ltr'><strong><em>Matthaeus</em></strong></span> 
     </span>
    </p>
   </div>
   <div class='ocr_carea' id='block_1_79' title="bbox 556 4149 2215 4226">
    <p class='ocr_par' dir='ltr' id='par_1_79' title="bbox 556 4149 2215 4226">
     <span class='ocr_line' id='line_1_79' title="bbox 556 4149 2215 4226; baseline 0.004 -22"><span class='ocrx_word' id='word_1_564' title='bbox 556 4163 717 4215; x_wconf 86' lang='lat' dir='ltr'><strong><em>vero,</em></strong></span> <span class='ocrx_word' id='word_1_565' title='bbox 749 4165 888 4205; x_wconf 90' lang='lat' dir='ltr'><strong><em>cum</em></strong></span> <span class='ocrx_word' id='word_1_566' title='bbox 919 4149 998 4205; x_wconf 91' lang='lat' dir='ltr'><strong><em>ab</em></strong></span> <span class='ocrx_word' id='word_1_567' title='bbox 1019 4149 1156 4221; x_wconf 91' lang='lat' dir='ltr'><strong><em>ipso</em></strong></span> <span class='ocrx_word' id='word_1_568' title='bbox 1186 4149 1409 4204; x_wconf 90' lang='lat' dir='ltr'><strong><em>telonio</em></strong></span> <span class='ocrx_word' id='word_1_569' title='bbox 1455 4152 1730 4217; x_wconf 84' lang='lat' dir='ltr'><strong><em>surrexit,</em></strong></span> <span class='ocrx_word' id='word_1_570' title='bbox 1767 4153 2215 4226; x_wconf 89' lang='lat' dir='ltr'><strong><em>Dominumque</em></strong></span> 
     </span>
    </p>
   </div>
   <div class='ocr_carea' id='block_1_80' title="bbox 556 4238 2217 4310">
    <p class='ocr_par' dir='ltr' id='par_1_80' title="bbox 556 4238 2217 4310">
     <span class='ocr_line' id='line_1_80' title="bbox 556 4238 2217 4310; baseline 0.005 -17"><span class='ocrx_word' id='word_1_571' title='bbox 556 4243 796 4293; x_wconf 89' lang='lat' dir='ltr'><strong><em>secutus</em></strong></span> <span class='ocrx_word' id='word_1_572' title='bbox 819 4243 907 4294; x_wconf 89' lang='lat' dir='ltr'><strong><em>est</em></strong></span> <span class='ocrx_word' id='word_1_573' title='bbox 941 4255 952 4292; x_wconf 93' lang='lat'><strong><em>:</em></strong></span> <span class='ocrx_word' id='word_1_574' title='bbox 1000 4238 1104 4310; x_wconf 91' lang='lat' dir='ltr'><strong><em>qui</em></strong></span> <span class='ocrx_word' id='word_1_575' title='bbox 1158 4253 1280 4293; x_wconf 90' lang='lat' dir='ltr'><strong><em>non</em></strong></span> <span class='ocrx_word' id='word_1_576' title='bbox 1315 4238 1518 4295; x_wconf 91' lang='lat' dir='ltr'><strong><em>telonii</em></strong></span> <span class='ocrx_word' id='word_1_577' title='bbox 1568 4239 1767 4297; x_wconf 89' lang='lat' dir='ltr'><strong><em>solum</em></strong></span> <span class='ocrx_word' id='word_1_578' title='bbox 1806 4241 2217 4302; x_wconf 87' lang='lat' dir='ltr'><strong><em>emolumenta</em></strong></span> 
     </span>
    </p>
   </div>
   <div class='ocr_carea' id='block_1_81' title="bbox 554 4325 2216 4404">
    <p class='ocr_par' dir='ltr' id='par_1_81' title="bbox 554 4325 2216 4404">
     <span class='ocr_line' id='line_1_81' title="bbox 554 4325 2216 4404; baseline 0.005 -23"><span class='ocrx_word' id='word_1_579' title='bbox 554 4327 810 4398; x_wconf 86' lang='lat' dir='ltr'><strong><em>reliquit,</em></strong></span> <span class='ocrx_word' id='word_1_580' title='bbox 835 4325 943 4382; x_wconf 89' lang='lat' dir='ltr'><strong><em>sed</em></strong></span> <span class='ocrx_word' id='word_1_581' title='bbox 974 4326 1243 4398; x_wconf 88' lang='lat' dir='ltr'><strong><em>pericula</em></strong></span> <span class='ocrx_word' id='word_1_582' title='bbox 1265 4327 1444 4384; x_wconf 88' lang='lat' dir='ltr'><strong><em>etiam</em></strong></span> <span class='ocrx_word' id='word_1_583' title='bbox 1468 4331 1851 4403; x_wconf 89' lang='lat' dir='ltr'><strong><em>contempsit,</em></strong></span> <span class='ocrx_word' id='word_1_584' title='bbox 1873 4347 2009 4404; x_wconf 70' lang='lat' dir='ltr'><strong><em>qua:</em></strong></span> <span class='ocrx_word' id='word_1_585' title='bbox 2035 4349 2072 4389; x_wconf 90' lang='lat' dir='ltr'><strong><em>a</em></strong></span> <span class='ocrx_word' id='word_1_586' title='bbox 2091 4349 2216 4390; x_wconf 84' lang='lat' dir='ltr'><strong><em>ma-</em></strong></span> 
     </span>
    </p>
   </div>
   <div class='ocr_carea' id='block_1_82' title="bbox 556 4414 2216 4488">
    <p class='ocr_par' dir='ltr' id='par_1_82' title="bbox 556 4414 2216 4488">
     <span class='ocr_line' id='line_1_82' title="bbox 556 4414 2216 4488; baseline 0.007 -20"><span class='ocrx_word' id='word_1_587' title='bbox 556 4414 901 4483; x_wconf 88' lang='lat' dir='ltr'><strong><em>gistratibus</em></strong></span> <span class='ocrx_word' id='word_1_588' title='bbox 946 4420 1074 4471; x_wconf 88' lang='lat' dir='ltr'><strong><em>tum</em></strong></span> <span class='ocrx_word' id='word_1_589' title='bbox 1107 4415 1221 4470; x_wconf 90' lang='lat' dir='ltr'><strong><em>sibi</em></strong></span> <span class='ocrx_word' id='word_1_590' title='bbox 1279 4421 1406 4472; x_wconf 90' lang='lat' dir='ltr'><strong><em>tum</em></strong></span> <span class='ocrx_word' id='word_1_591' title='bbox 1437 4420 1906 4488; x_wconf 79' lang='lat' dir='ltr'><strong><em>consanguineis</em></strong></span> <span class='ocrx_word' id='word_1_592' title='bbox 1939 4422 2064 4478; x_wconf 88' lang='lat' dir='ltr'><strong><em>suis</em></strong></span> <span class='ocrx_word' id='word_1_593' title='bbox 2107 4423 2216 4480; x_wconf 89' lang='lat' dir='ltr'><strong><em>im-</em></strong></span> 
     </span>
    </p>
   </div>
   <div class='ocr_carea' id='block_1_83' title="bbox 554 4501 2218 4584">
    <p class='ocr_par' dir='ltr' id='par_1_83' title="bbox 554 4501 2218 4584">
     <span class='ocr_line' id='line_1_83' title="bbox 554 4501 2218 4584; baseline 0.007 -27"><span class='ocrx_word' id='word_1_594' title='bbox 554 4501 922 4576; x_wconf 86' lang='lat' dir='ltr'><strong><em>pendebant,</em></strong></span> <span class='ocrx_word' id='word_1_595' title='bbox 947 4503 1115 4576; x_wconf 92' lang='lat' dir='ltr'><strong><em>quod</em></strong></span> <span class='ocrx_word' id='word_1_596' title='bbox 1147 4504 1530 4576; x_wconf 82' lang='lat' dir='ltr'><strong><em>vectigalium</em></strong></span> <span class='ocrx_word' id='word_1_597' title='bbox 1579 4508 1844 4565; x_wconf 87' lang='lat' dir='ltr'><strong><em>rationes</em></strong></span> <span class='ocrx_word' id='word_1_598' title='bbox 1875 4510 2218 4584; x_wconf 89' lang='lat' dir='ltr'><strong><em>reliquisset</em></strong></span> 
     </span>
    </p>
   </div>
   <div class='ocr_carea' id='block_1_84' title="bbox 551 4588 2213 4665">
    <p class='ocr_par' dir='ltr' id='par_1_84' title="bbox 551 4588 2213 4665">
     <span class='ocr_line' id='line_1_84' title="bbox 551 4588 2213 4665; baseline 0.007 -19"><span class='ocrx_word' id='word_1_599' title='bbox 551 4588 824 4646; x_wconf 83' lang='lat' dir='ltr'><strong><em>infectas.</em></strong></span> <span class='ocrx_word' id='word_1_600' title='bbox 857 4591 1040 4648; x_wconf 86' lang='lat' dir='ltr'><strong><em>Paulo</em></strong></span> <span class='ocrx_word' id='word_1_601' title='bbox 1069 4591 1330 4665; x_wconf 90' lang='lat' dir='ltr'><strong><em>denique</em></strong></span> <span class='ocrx_word' id='word_1_602' title='bbox 1357 4599 1518 4650; x_wconf 85' lang='lat' dir='ltr'><strong><em>totus</em></strong></span> <span class='ocrx_word' id='word_1_603' title='bbox 1549 4596 1729 4652; x_wconf 88' lang='lat' dir='ltr'><strong><em>etiam</em></strong></span> <span class='ocrx_word' id='word_1_604' title='bbox 1761 4599 2030 4655; x_wconf 89' lang='lat' dir='ltr'><strong><em>mundus</em></strong></span> <span class='ocrx_word' id='word_1_605' title='bbox 2080 4617 2213 4656; x_wconf 90' lang='lat' dir='ltr'><strong><em>cru-</em></strong></span> 
     </span>
    </p>
   </div>
   <div class='ocr_carea' id='block_1_85' title="bbox 555 4678 1533 4754">
    <p class='ocr_par' dir='ltr' id='par_1_85' title="bbox 555 4678 1533 4754">
     <span class='ocr_line' id='line_1_85' title="bbox 555 4678 1533 4754; baseline 0 -18"><span class='ocrx_word' id='word_1_606' title='bbox 555 4678 767 4736; x_wconf 80' lang='lat' dir='ltr'><strong><em>ciﬁxus</em></strong></span> <span class='ocrx_word' id='word_1_607' title='bbox 797 4685 940 4753; x_wconf 89' lang='lat' dir='ltr'><strong><em>erat,</em></strong></span> <span class='ocrx_word' id='word_1_608' title='bbox 969 4686 1027 4737; x_wconf 90' lang='lat' dir='ltr'><strong><em>et</em></strong></span> <span class='ocrx_word' id='word_1_609' title='bbox 1053 4681 1180 4754; x_wconf 90' lang='lat' dir='ltr'><strong><em>ipse</em></strong></span> <span class='ocrx_word' id='word_1_610' title='bbox 1225 4682 1533 4739; x_wconf 65' lang='lat' dir='ltr'><strong><em>mundo“.</em></strong></span> 
     </span>
    </p>
   </div>
   <div class='ocr_carea' id='block_1_86' title="bbox 628 4866 1752 4940">
    <p class='ocr_par' dir='ltr' id='par_1_86' title="bbox 628 4866 1752 4940">
     <span class='ocr_line' id='line_1_86' title="bbox 628 4866 1752 4940; baseline 0.002 -16"><span class='ocrx_word' id='word_1_611' title='bbox 628 4868 668 4903; x_wconf 84' lang='lat'>“</span> <span class='ocrx_word' id='word_1_612' title='bbox 701 4866 1180 4940; x_wconf 69' lang='lat' dir='ltr'><strong><em>Matth.,xv1,2-i.</em></strong></span> <span class='ocrx_word' id='word_1_613' title='bbox 1263 4869 1308 4902; x_wconf 77' lang='grc'>¹²</span> <span class='ocrx_word' id='word_1_614' title='bbox 1339 4871 1474 4926; x_wconf 83' lang='lat' dir='ltr'><strong><em>Luc.</em></strong></span> <span class='ocrx_word' id='word_1_615' title='bbox 1508 4887 1630 4940; x_wconf 81' lang='lat' dir='ltr'><strong><em>xw,</em></strong></span> <span class='ocrx_word' id='word_1_616' title='bbox 1664 4877 1752 4928; x_wconf 87' lang='lat'><strong><em>33.</em></strong></span> 
     </span>
    </p>
   </div>
   <div class='ocr_carea' id='block_1_87' title="bbox 558 4939 1827 5013">
    <p class='ocr_par' dir='ltr' id='par_1_87' title="bbox 558 4939 1827 5013">
     <span class='ocr_line' id='line_1_87' title="bbox 558 4939 1827 5013; baseline 0.002 -17"><span class='ocrx_word' id='word_1_617' title='bbox 558 4943 640 4996; x_wconf 72' lang='grc'><strong><em>14.</em></strong></span> <span class='ocrx_word' id='word_1_618' title='bbox 720 4940 763 4974; x_wconf 91' lang='grc'><strong><em>¹“¹</em></strong></span> <span class='ocrx_word' id='word_1_619' title='bbox 788 4939 988 4995; x_wconf 85' lang='lat' dir='ltr'><strong><em>Matth.</em></strong></span> <span class='ocrx_word' id='word_1_620' title='bbox 1022 4954 1140 5007; x_wconf 79' lang='lat' dir='ltr'><strong><em>xvr,</em></strong></span> <span class='ocrx_word' id='word_1_621' title='bbox 1164 4942 1252 4995; x_wconf 72' lang='grc'><strong>24.</strong></span> <span class='ocrx_word' id='word_1_622' title='bbox 1331 4942 1372 4974; x_wconf 81' lang='grc'><strong><em>¹⁸</em></strong></span> <span class='ocrx_word' id='word_1_623' title='bbox 1404 4943 1540 4997; x_wconf 87' lang='lat' dir='ltr'><strong><em>Luc.</em></strong></span> <span class='ocrx_word' id='word_1_624' title='bbox 1585 4939 1696 5013; x_wconf 79' lang='lat' dir='ltr'><strong><em>xiv,</em></strong></span> <span class='ocrx_word' id='word_1_625' title='bbox 1739 4945 1827 4999; x_wconf 83' lang='lat'><strong><em>26.</em></strong></span> 
     </span>
    </p>
   </div>
   <div class='ocr_carea' id='block_1_88' title="bbox 622 5035 2206 5112">
    <p class='ocr_par' dir='ltr' id='par_1_88' title="bbox 622 5035 2206 5112">
     <span class='ocr_line' id='line_1_88' title="bbox 622 5035 2206 5112; baseline 0.004 -23"><span class='ocrx_word' id='word_1_626' title='bbox 622 5039 735 5106; x_wconf 68' lang='lat'><strong><em>(38)</em></strong></span> <span class='ocrx_word' id='word_1_627' title='bbox 771 5035 1147 5112; x_wconf 78' lang='lat' dir='ltr'><strong><em>CodexColb.</em></strong></span> <span class='ocrx_word' id='word_1_628' title='bbox 1180 5035 1575 5112; x_wconf 80' lang='grc' dir='ltr'>ἀπαρνησάσθω</span> <span class='ocrx_word' id='word_1_629' title='bbox 1598 5040 1780 5092; x_wconf 77' lang='grc' dir='ltr'>ἑαυτὸν</span> <span class='ocrx_word' id='word_1_630' title='bbox 1825 5039 1925 5092; x_wconf 81' lang='grc' dir='ltr'>ἀπὸ</span> <span class='ocrx_word' id='word_1_631' title='bbox 1973 5049 2065 5093; x_wconf 72' lang='grc' dir='ltr'>τοῦ</span> <span class='ocrx_word' id='word_1_632' title='bbox 2123 5048 2206 5095; x_wconf 87' lang='grc' dir='ltr'>κό-</span> 
     </span>
    </p>
   </div>
   <div class='ocr_carea' id='block_1_89' title="bbox 557 5107 1204 5183">
    <p class='ocr_par' dir='ltr' id='par_1_89' title="bbox 557 5107 1204 5183">
     <span class='ocr_line' id='line_1_89' title="bbox 557 5107 1204 5183; baseline 0.003 -23"><span class='ocrx_word' id='word_1_633' title='bbox 557 5126 714 5180; x_wconf 89' lang='grc' dir='ltr'>σμου,</span> <span class='ocrx_word' id='word_1_634' title='bbox 745 5113 831 5160; x_wconf 78' lang='grc' dir='ltr'>καὶ</span> <span class='ocrx_word' id='word_1_635' title='bbox 861 5107 1069 5183; x_wconf 44' lang='grc' dir='ltr'>ἀράτω..</span> <span class='ocrx_word' id='word_1_636' title='bbox 1186 5123 1204 5183; x_wconf 73' lang='lat'><strong><em>_’</em></strong></span> 
     </span>
    </p>
   </div>
   <div class='ocr_carea' id='block_1_90' title="bbox 627 5179 2208 5255">
    <p class='ocr_par' dir='ltr' id='par_1_90' title="bbox 627 5179 2208 5255">
     <span class='ocr_line' id='line_1_90' title="bbox 627 5179 2208 5255; baseline 0.001 -19"><span class='ocrx_word' id='word_1_637' title='bbox 627 5182 741 5255; x_wconf 69' lang='lat'><strong><em>(39)</em></strong></span> <span class='ocrx_word' id='word_1_638' title='bbox 769 5179 1004 5255; x_wconf 69' lang='lat' dir='ltr'><strong><em>veteres</em></strong></span> <span class='ocrx_word' id='word_1_639' title='bbox 1020 5179 1157 5255; x_wconf 83' lang='lat' dir='ltr'><strong><em>_duo</em></strong></span> <span class='ocrx_word' id='word_1_640' title='bbox 1186 5179 1321 5234; x_wconf 82' lang='lat' dir='ltr'><strong><em>libri</em></strong></span> <span class='ocrx_word' id='word_1_641' title='bbox 1351 5187 1467 5255; x_wconf 83' lang='grc' dir='ltr'>ταῖς</span> <span class='ocrx_word' id='word_1_642' title='bbox 1486 5184 1879 5255; x_wconf 76' lang='grc' dir='ltr'>προσπαθείαις.</span> <span class='ocrx_word' id='word_1_643' title='bbox 1905 5186 2033 5240; x_wconf 76' lang='lat' dir='ltr'><strong><em>Mox</em></strong></span> <span class='ocrx_word' id='word_1_644' title='bbox 2062 5185 2208 5242; x_wconf 82' lang='lat' dir='ltr'><strong><em>editi</em></strong></span> 
     </span>
    </p>
   </div>
   <div class='ocr_carea' id='block_1_91' title="bbox 553 5247 2008 5324">
    <p class='ocr_par' dir='ltr' id='par_1_91' title="bbox 553 5247 2008 5324">
     <span class='ocr_line' id='line_1_91' title="bbox 553 5247 2008 5324; baseline 0.008 -24"><span class='ocrx_word' id='word_1_645' title='bbox 553 5247 640 5320; x_wconf 62' lang='grc' dir='ltr'>μὲν</span> <span class='ocrx_word' id='word_1_646' title='bbox 667 5247 774 5304; x_wconf 75' lang='grc' dir='ltr'>οὖν.</span> <span class='ocrx_word' id='word_1_647' title='bbox 805 5251 952 5324; x_wconf 89' lang='lat' dir='ltr'><strong><em>Illud</em></strong></span> <span class='ocrx_word' id='word_1_648' title='bbox 983 5247 1072 5302; x_wconf 82' lang='grc' dir='ltr'>οὖν</span> <span class='ocrx_word' id='word_1_649' title='bbox 1095 5252 1407 5324; x_wconf 22' lang='grc' dir='ltr'>ἱιιᾼιιοειιδιε</span> <span class='ocrx_word' id='word_1_650' title='bbox 1439 5247 1583 5306; x_wconf 77' lang='lat' dir='ltr'><strong><em>ms&#39;s.</em></strong></span> <span class='ocrx_word' id='word_1_651' title='bbox 1619 5269 1744 5308; x_wconf 90' lang='lat' dir='ltr'><strong><em>non</em></strong></span> <span class='ocrx_word' id='word_1_652' title='bbox 1771 5254 2008 5324; x_wconf 89' lang='lat' dir='ltr'><strong><em>legitur.</em></strong></span> 
     </span>
    </p>
   </div>
   <div class='ocr_carea' id='block_1_92' title="bbox 619 5321 2204 5396">
    <p class='ocr_par' dir='ltr' id='par_1_92' title="bbox 619 5321 2204 5396">
     <span class='ocr_line' id='line_1_92' title="bbox 619 5321 2204 5396; baseline 0.006 -22"><span class='ocrx_word' id='word_1_653' title='bbox 619 5324 732 5390; x_wconf 70' lang='grc'><strong><em>(40)</em></strong></span> <span class='ocrx_word' id='word_1_654' title='bbox 764 5322 927 5396; x_wconf 70' lang='lat' dir='ltr'><strong><em>Regii</em></strong></span> <span class='ocrx_word' id='word_1_655' title='bbox 959 5321 1263 5396; x_wconf 73' lang='lat' dir='ltr'><strong><em>secundus</em></strong></span> <span class='ocrx_word' id='word_1_656' title='bbox 1292 5328 1348 5378; x_wconf 89' lang='lat' dir='ltr'><strong><em>et</em></strong></span> <span class='ocrx_word' id='word_1_657' title='bbox 1377 5324 1584 5379; x_wconf 90' lang='lat' dir='ltr'><strong><em>tertius</em></strong></span> <span class='ocrx_word' id='word_1_658' title='bbox 1606 5339 1779 5396; x_wconf 64' lang='lat' dir='ltr'><strong><em>aeque</em></strong></span> <span class='ocrx_word' id='word_1_659' title='bbox 1805 5321 1875 5382; x_wconf 76' lang='lat' dir='ltr'><strong><em>ac</em></strong></span> <span class='ocrx_word' id='word_1_660' title='bbox 1907 5327 2204 5386; x_wconf 86' lang='lat' dir='ltr'><strong><em>editiones</em></strong></span> 
     </span>
    </p>
   </div>
   <div class='ocr_carea' id='block_1_93' title="bbox 552 5389 2208 5471">
    <p class='ocr_par' dir='ltr' id='par_1_93' title="bbox 552 5389 2208 5471">
     <span class='ocr_line' id='line_1_93' title="bbox 552 5389 2208 5471; baseline 0.006 -27"><span class='ocrx_word' id='word_1_661' title='bbox 552 5397 780 5471; x_wconf 82' lang='lat' dir='ltr'><strong><em>veteres</em></strong></span> <span class='ocrx_word' id='word_1_662' title='bbox 804 5389 987 5471; x_wconf 53' lang='grc' dir='ltr'>δοῦλος</span> <span class='ocrx_word' id='word_1_663' title='bbox 1021 5391 1147 5444; x_wconf 82' lang='grc' dir='ltr'>εἶναι</span> <span class='ocrx_word' id='word_1_664' title='bbox 1173 5403 1271 5445; x_wconf 89' lang='grc' dir='ltr'><strong><em>τῶν</em></strong></span> <span class='ocrx_word' id='word_1_665' title='bbox 1309 5404 1476 5471; x_wconf 84' lang='grc' dir='ltr'>μερῶν</span> <span class='ocrx_word' id='word_1_666' title='bbox 1515 5403 1606 5471; x_wconf 74' lang='grc' dir='ltr'>τοῦ</span> <span class='ocrx_word' id='word_1_667' title='bbox 1654 5389 1876 5470; x_wconf 66' lang='grc' dir='ltr'>κόσμου,</span> <span class='ocrx_word' id='word_1_668' title='bbox 1916 5403 2208 5471; x_wconf 86' lang='lat' dir='ltr'><strong><em>quomodo</em></strong></span> 
     </span>
    </p>
   </div>
   <div class='ocr_carea' id='block_1_94' title="bbox 548 5462 2206 5545">
    <p class='ocr_par' dir='ltr' id='par_1_94' title="bbox 548 5462 2206 5545">
     <span class='ocr_line' id='line_1_94' title="bbox 548 5462 2206 5545; baseline 0.008 -28"><span class='ocrx_word' id='word_1_669' title='bbox 548 5467 739 5532; x_wconf 82' lang='lat' dir='ltr'><strong><em>potest</em></strong></span> <span class='ocrx_word' id='word_1_670' title='bbox 766 5462 967 5520; x_wconf 77' lang='lat' dir='ltr'><strong><em>adhuc</em></strong></span> <span class='ocrx_word' id='word_1_671' title='bbox 996 5479 1202 5522; x_wconf 81' lang='lat' dir='ltr'><strong><em>servus</em></strong></span> <span class='ocrx_word' id='word_1_672' title='bbox 1231 5462 1351 5524; x_wconf 75' lang='lat' dir='ltr'><strong><em>esse</em></strong></span> <span class='ocrx_word' id='word_1_673' title='bbox 1364 5462 1632 5538; x_wconf 73' lang='lat' dir='ltr'><strong><em>partium</em></strong></span> <span class='ocrx_word' id='word_1_674' title='bbox 1661 5462 1876 5526; x_wconf 76' lang='lat' dir='ltr'><strong><em>mundi</em></strong></span> <span class='ocrx_word' id='word_1_675' title='bbox 1921 5462 2062 5543; x_wconf 72' lang='lat' dir='ltr'><strong><em>Reg.</em></strong></span> <span class='ocrx_word' id='word_1_676' title='bbox 2089 5473 2206 5545; x_wconf 90' lang='lat' dir='ltr'><strong><em>psi-</em></strong></span> 
     </span>
    </p>
   </div>
   <div class='ocr_carea' id='block_1_95' title="bbox 1834 4874 2338 4945">
    <p class='ocr_par' dir='ltr' id='par_1_95' title="bbox 1834 4874 2338 4945">
     <span class='ocr_line' id='line_1_95' title="bbox 1834 4874 2338 4945; baseline 0.006 -16"><span class='ocrx_word' id='word_1_677' title='bbox 1834 4875 1880 4909; x_wconf 87' lang='grc'>¹³</span> <span class='ocrx_word' id='word_1_678' title='bbox 1912 4874 2135 4930; x_wconf 90' lang='lat' dir='ltr'><strong><em>Coloss.</em></strong></span> <span class='ocrx_word' id='word_1_679' title='bbox 2167 4892 2254 4945; x_wconf 87' lang='lat' dir='ltr'><strong><em>Ill,</em></strong></span> <span class='ocrx_word' id='word_1_680' title='bbox 2287 4879 2338 4932; x_wconf 88' lang='lat'><strong><em>9.</em></strong></span> 
     </span>
    </p>
   </div>
   <div class='ocr_carea' id='block_1_96' title="bbox 1914 4949 2348 5014">
    <p class='ocr_par' dir='ltr' id='par_1_96' title="bbox 1914 4949 2348 5014">
     <span class='ocr_line' id='line_1_96' title="bbox 1914 4949 2348 5014; baseline 0.005 -14"><span class='ocrx_word' id='word_1_681' title='bbox 1914 4949 1958 4980; x_wconf 69' lang='grc' dir='ltr'><strong><em>ιθ</em></strong></span> <span class='ocrx_word' id='word_1_682' title='bbox 1987 4950 2029 5001; x_wconf 82' lang='grc' dir='ltr'><strong><em>ιι</em></strong></span> <span class='ocrx_word' id='word_1_683' title='bbox 2061 4950 2190 5004; x_wconf 90' lang='lat' dir='ltr'><strong><em>Cor.</em></strong></span> <span class='ocrx_word' id='word_1_684' title='bbox 2226 4964 2264 5014; x_wconf 87' lang='grc' dir='ltr'><strong><em>ι,</em></strong></span> <span class='ocrx_word' id='word_1_685' title='bbox 2298 4951 2348 5003; x_wconf 83' lang='grc'><strong>9.</strong></span> 
     </span>
    </p>
   </div>
   <div class='ocr_carea' id='block_1_97' title="bbox 2333 3084 3902 3164">
    <p class='ocr_par' dir='ltr' id='par_1_97' title="bbox 2333 3084 3902 3164">
     <span class='ocr_line' id='line_1_97' title="bbox 2333 3084 3902 3164; baseline 0.002 -31"><span class='ocrx_word' id='word_1_686' title='bbox 2333 3085 2462 3156; x_wconf 84' lang='grc' dir='ltr'>πρὸς</span> <span class='ocrx_word' id='word_1_687' title='bbox 2545 3085 2631 3154; x_wconf 69' lang='grc' dir='ltr'>μὶ,</span> <span class='ocrx_word' id='word_1_688' title='bbox 2708 3087 2795 3135; x_wconf 82' lang='grc' dir='ltr'>καὶ</span> <span class='ocrx_word' id='word_1_689' title='bbox 2871 3084 2929 3136; x_wconf 71' lang='grc' dir='ltr'><strong><em>ου</em></strong></span> <span class='ocrx_word' id='word_1_690' title='bbox 3005 3093 3154 3158; x_wconf 89' lang='grc' dir='ltr'>μισεῖ</span> <span class='ocrx_word' id='word_1_691' title='bbox 3233 3089 3321 3139; x_wconf 88' lang='grc' dir='ltr'>τὸν</span> <span class='ocrx_word' id='word_1_692' title='bbox 3373 3094 3580 3164; x_wconf 83' lang='grc' dir='ltr'>πατέρα</span> <span class='ocrx_word' id='word_1_693' title='bbox 3625 3088 3790 3154; x_wconf 71' lang='grc' dir='ltr'>αὐτοῦ,</span> <span class='ocrx_word' id='word_1_694' title='bbox 3831 3089 3902 3138; x_wconf 82' lang='grc' dir='ltr'><strong><em>καί</em></strong></span> 
     </span>
    </p>
   </div>
   <div class='ocr_carea' id='block_1_98' title="bbox 2332 3176 3903 3246">
    <p class='ocr_par' dir='ltr' id='par_1_98' title="bbox 2332 3176 3903 3246">
     <span class='ocr_line' id='line_1_98' title="bbox 2332 3176 3903 3246; baseline 0.006 -25"><span class='ocrx_word' id='word_1_695' title='bbox 2332 3176 2427 3229; x_wconf 71' lang='grc' dir='ltr'>τὴν</span> <span class='ocrx_word' id='word_1_696' title='bbox 2491 3176 2709 3246; x_wconf 76' lang='grc' dir='ltr'>μητέρα,</span> <span class='ocrx_word' id='word_1_697' title='bbox 2768 3178 2858 3224; x_wconf 82' lang='grc' dir='ltr'>καὶ</span> <span class='ocrx_word' id='word_1_698' title='bbox 2895 3177 2989 3232; x_wconf 72' lang='grc' dir='ltr'>τὴν</span> <span class='ocrx_word' id='word_1_699' title='bbox 3041 3182 3286 3246; x_wconf 89' lang='grc' dir='ltr'>γυναῖκα,</span> <span class='ocrx_word' id='word_1_700' title='bbox 3332 3183 3432 3231; x_wconf 83' lang='grc' dir='ltr'>καὶ</span> <span class='ocrx_word' id='word_1_701' title='bbox 3480 3183 3546 3231; x_wconf 84' lang='grc' dir='ltr'><strong><em>τά</em></strong></span> <span class='ocrx_word' id='word_1_702' title='bbox 3604 3183 3762 3246; x_wconf 77' lang='grc' dir='ltr'>τέκνα,</span> <span class='ocrx_word' id='word_1_703' title='bbox 3830 3178 3903 3226; x_wconf 78' lang='grc' dir='ltr'>καὶ</span> 
     </span>
    </p>
   </div>
   <div class='ocr_carea' id='block_1_99' title="bbox 2330 3256 3900 3338">
    <p class='ocr_par' dir='ltr' id='par_1_99' title="bbox 2330 3256 3900 3338">
     <span class='ocr_line' id='line_1_99' title="bbox 2330 3256 3900 3338; baseline 0.006 -26"><span class='ocrx_word' id='word_1_704' title='bbox 2330 3261 2449 3321; x_wconf 72' lang='grc' dir='ltr'>τούς</span> <span class='ocrx_word' id='word_1_705' title='bbox 2503 3256 2777 3332; x_wconf 71' lang='grc' dir='ltr'>ἀδελφοὺς,</span> <span class='ocrx_word' id='word_1_706' title='bbox 2832 3267 2922 3314; x_wconf 82' lang='grc' dir='ltr'>καὶ</span> <span class='ocrx_word' id='word_1_707' title='bbox 2973 3265 3067 3324; x_wconf 86' lang='grc' dir='ltr'><strong><em>τάς</em></strong></span> <span class='ocrx_word' id='word_1_708' title='bbox 3122 3260 3374 3338; x_wconf 75' lang='grc' dir='ltr'>ἀδελφὰς,</span> <span class='ocrx_word' id='word_1_709' title='bbox 3434 3270 3510 3320; x_wconf 78' lang='grc' dir='ltr'>ἔτι</span> <span class='ocrx_word' id='word_1_710' title='bbox 3556 3264 3614 3320; x_wconf 70' lang='grc' dir='ltr'><strong><em>δὲ</em></strong></span> <span class='ocrx_word' id='word_1_711' title='bbox 3688 3270 3768 3318; x_wconf 83' lang='grc' dir='ltr'>καὶ</span> <span class='ocrx_word' id='word_1_712' title='bbox 3825 3269 3900 3321; x_wconf 68' lang='grc' dir='ltr'>τὴν</span> 
     </span>
    </p>
   </div>
   <div class='ocr_carea' id='block_1_100' title="bbox 2332 3347 3896 3430">
    <p class='ocr_par' dir='ltr' id='par_1_100' title="bbox 2332 3347 3896 3430">
     <span class='ocr_line' id='line_1_100' title="bbox 2332 3347 3896 3430; baseline 0.008 -31"><span class='ocrx_word' id='word_1_713' title='bbox 2332 3347 2516 3400; x_wconf 76' lang='grc' dir='ltr'>ἑαυτοῦ</span> <span class='ocrx_word' id='word_1_714' title='bbox 2600 3348 2809 3421; x_wconf 69' lang='grc' dir='ltr'>ψυχὴν,</span> <span class='ocrx_word' id='word_1_715' title='bbox 2878 3351 2936 3403; x_wconf 71' lang='grc' dir='ltr'>οὐ</span> <span class='ocrx_word' id='word_1_716' title='bbox 2988 3348 3212 3405; x_wconf 77' lang='grc' dir='ltr'>δύναταί</span> <span class='ocrx_word' id='word_1_717' title='bbox 3289 3374 3400 3426; x_wconf 88' lang='grc' dir='ltr'><strong><em>μου</em></strong></span> <span class='ocrx_word' id='word_1_718' title='bbox 3489 3353 3616 3409; x_wconf 81' lang='grc' dir='ltr'>εἶναι</span> <span class='ocrx_word' id='word_1_719' title='bbox 3673 3357 3896 3430; x_wconf 62' lang='grc' dir='ltr'>μαθητής.</span> 
     </span>
    </p>
   </div>
   <div class='ocr_carea' id='block_1_101' title="bbox 2329 3435 3897 3516">
    <p class='ocr_par' dir='ltr' id='par_1_101' title="bbox 2329 3435 3897 3516">
     <span class='ocr_line' id='line_1_101' title="bbox 2329 3435 3897 3516; baseline -0.001 -18"><span class='ocrx_word' id='word_1_720' title='bbox 2329 3435 2492 3489; x_wconf 75' lang='grc' dir='ltr'>Ὥστε</span> <span class='ocrx_word' id='word_1_721' title='bbox 2545 3439 2573 3495; x_wconf 72' lang='grc' dir='ltr'><strong>ἡ</strong></span> <span class='ocrx_word' id='word_1_722' title='bbox 2631 3442 2720 3510; x_wconf 76' lang='grc' dir='ltr'><strong><em>μεν</em></strong></span> <span class='ocrx_word' id='word_1_723' title='bbox 2787 3439 2953 3492; x_wconf 83' lang='grc' dir='ltr'>τελεία</span> <span class='ocrx_word' id='word_1_724' title='bbox 3009 3439 3247 3514; x_wconf 77' lang='grc' dir='ltr'>ἀποταγή</span> <span class='ocrx_word' id='word_1_725' title='bbox 3307 3443 3428 3516; x_wconf 81' lang='grc'>(41)</span> <span class='ocrx_word' id='word_1_726' title='bbox 3480 3445 3618 3498; x_wconf 81' lang='grc' dir='ltr'>ἐστιν</span> <span class='ocrx_word' id='word_1_727' title='bbox 3674 3445 3719 3497; x_wconf 77' lang='grc' dir='ltr'>ἐν</span> <span class='ocrx_word' id='word_1_728' title='bbox 3767 3451 3828 3513; x_wconf 74' lang='grc' dir='ltr'>τῷ</span> <span class='ocrx_word' id='word_1_729' title='bbox 3853 3445 3897 3492; x_wconf 78' lang='grc' dir='ltr'>τὸ</span> 
     </span>
    </p>
   </div>
   <div class='ocr_carea' id='block_1_102' title="bbox 2329 3524 3899 3606">
    <p class='ocr_par' dir='ltr' id='par_1_102' title="bbox 2329 3524 3899 3606">
     <span class='ocr_line' id='line_1_102' title="bbox 2329 3524 3899 3606; baseline 0.006 -29"><span class='ocrx_word' id='word_1_730' title='bbox 2329 3524 2663 3601; x_wconf 74' lang='grc' dir='ltr'>ἀπροσπαθες</span> <span class='ocrx_word' id='word_1_731' title='bbox 2684 3531 3020 3602; x_wconf 86' lang='grc' dir='ltr'>κατορθῶσαι</span> <span class='ocrx_word' id='word_1_732' title='bbox 3049 3537 3138 3584; x_wconf 85' lang='grc' dir='ltr'>καὶ</span> <span class='ocrx_word' id='word_1_733' title='bbox 3195 3536 3328 3606; x_wconf 85' lang='grc' dir='ltr'>πρὸς</span> <span class='ocrx_word' id='word_1_734' title='bbox 3384 3536 3512 3588; x_wconf 71' lang='grc' dir='ltr'>αὐτὸ</span> <span class='ocrx_word' id='word_1_735' title='bbox 3562 3539 3618 3588; x_wconf 88' lang='grc' dir='ltr'>τὸ</span> <span class='ocrx_word' id='word_1_736' title='bbox 3677 3536 3781 3601; x_wconf 73' lang='grc' dir='ltr'>ζῆν,</span> <span class='ocrx_word' id='word_1_737' title='bbox 3827 3537 3899 3583; x_wconf 75' lang='grc' dir='ltr'>καὶ</span> 
     </span>
    </p>
   </div>
   <div class='ocr_carea' id='block_1_103' title="bbox 2327 3614 3898 3698">
    <p class='ocr_par' dir='ltr' id='par_1_103' title="bbox 2327 3614 3898 3698">
     <span class='ocr_line' id='line_1_103' title="bbox 2327 3614 3898 3698; baseline 0.004 -32"><span class='ocrx_word' id='word_1_738' title='bbox 2327 3619 2385 3666; x_wconf 91' lang='grc' dir='ltr'><strong><em>τό</em></strong></span> <span class='ocrx_word' id='word_1_739' title='bbox 2407 3614 2681 3692; x_wconf 77' lang='grc' dir='ltr'>’ἀπόκριμα</span> <span class='ocrx_word' id='word_1_740' title='bbox 2717 3626 2808 3670; x_wconf 75' lang='grc' dir='ltr'>τοῦ</span> <span class='ocrx_word' id='word_1_741' title='bbox 2850 3621 3072 3672; x_wconf 86' lang='grc' dir='ltr'>θανάτου</span> <span class='ocrx_word' id='word_1_742' title='bbox 3131 3623 3293 3693; x_wconf 75' lang='grc' dir='ltr'>ἔχειν,</span> <span class='ocrx_word' id='word_1_743' title='bbox 3345 3627 3491 3677; x_wconf 73' lang='grc' dir='ltr'>ὥστε</span> <span class='ocrx_word' id='word_1_744' title='bbox 3543 3630 3614 3698; x_wconf 77' lang='grc' dir='ltr'>μὴ</span> <span class='ocrx_word' id='word_1_745' title='bbox 3655 3623 3724 3696; x_wconf 69' lang='grc' dir='ltr'><strong><em>ἐφ’</em></strong></span> <span class='ocrx_word' id='word_1_746' title='bbox 3761 3623 3898 3689; x_wconf 73' lang='grc' dir='ltr'>ἐαυτῷ</span> 
     </span>
    </p>
   </div>
   <div class='ocr_carea' id='block_1_104' title="bbox 2327 3706 3897 3782">
    <p class='ocr_par' dir='ltr' id='par_1_104' title="bbox 2327 3706 3897 3782">
     <span class='ocr_line' id='line_1_104' title="bbox 2327 3706 3897 3782; baseline 0.003 -25"><span class='ocrx_word' id='word_1_747' title='bbox 2327 3708 2625 3758; x_wconf 79' lang='grc' dir='ltr'>πεποιθέναι</span> <span class='ocrx_word' id='word_1_748' title='bbox 2655 3728 2666 3740; x_wconf 74' lang='grc' dir='ltr'><strong><em>ο</em></strong></span> <span class='ocrx_word' id='word_1_749' title='bbox 2737 3708 2961 3782; x_wconf 75' lang='grc' dir='ltr'>ἄρχεται</span> <span class='ocrx_word' id='word_1_750' title='bbox 3012 3706 3072 3761; x_wconf 66' lang='grc' dir='ltr'><strong><em>δὲ</em></strong></span> <span class='ocrx_word' id='word_1_751' title='bbox 3128 3709 3232 3762; x_wconf 85' lang='grc' dir='ltr'><strong><em>ἀπο</em></strong></span> <span class='ocrx_word' id='word_1_752' title='bbox 3279 3721 3384 3776; x_wconf 78' lang='grc' dir='ltr'>τῆς</span> <span class='ocrx_word' id='word_1_753' title='bbox 3426 3723 3526 3766; x_wconf 84' lang='grc' dir='ltr'><strong><em>τῶν</em></strong></span> <span class='ocrx_word' id='word_1_754' title='bbox 3583 3715 3755 3776; x_wconf 78' lang='grc' dir='ltr'>ἔξωθεν</span> <span class='ocrx_word' id='word_1_755' title='bbox 3804 3712 3897 3780; x_wconf 69' lang='grc'>(42)</span> 
     </span>
    </p>
   </div>
   <div class='ocr_carea' id='block_1_105' title="bbox 2329 3792 3900 3876">
    <p class='ocr_par' dir='ltr' id='par_1_105' title="bbox 2329 3792 3900 3876">
     <span class='ocr_line' id='line_1_105' title="bbox 2329 3792 3900 3876; baseline 0.004 -31"><span class='ocrx_word' id='word_1_756' title='bbox 2329 3792 2724 3868; x_wconf 73' lang='grc' dir='ltr'>ἀλλοτριώσεως,</span> <span class='ocrx_word' id='word_1_757' title='bbox 2774 3798 2898 3865; x_wconf 87' lang='grc' dir='ltr'>οἷον,</span> <span class='ocrx_word' id='word_1_758' title='bbox 2950 3801 3249 3872; x_wconf 85' lang='grc' dir='ltr'>κτημάτων,</span> <span class='ocrx_word' id='word_1_759' title='bbox 3304 3797 3471 3865; x_wconf 74' lang='grc' dir='ltr'>δόξης</span> <span class='ocrx_word' id='word_1_760' title='bbox 3523 3809 3758 3876; x_wconf 84' lang='grc' dir='ltr'>ματαίας,</span> <span class='ocrx_word' id='word_1_761' title='bbox 3796 3819 3900 3852; x_wconf 63' lang='grc' dir='ltr'>σνν-</span> 
     </span>
    </p>
   </div>
   <div class='ocr_carea' id='block_1_106' title="bbox 2327 3885 3897 3965">
    <p class='ocr_par' dir='ltr' id='par_1_106' title="bbox 2327 3885 3897 3965">
     <span class='ocr_line' id='line_1_106' title="bbox 2327 3885 3897 3965; baseline 0.005 -30"><span class='ocrx_word' id='word_1_762' title='bbox 2327 3886 2506 3944; x_wconf 84' lang='grc' dir='ltr'>ηθείας</span> <span class='ocrx_word' id='word_1_763' title='bbox 2556 3885 2701 3958; x_wconf 80' lang='grc' dir='ltr'>βίου,</span> <span class='ocrx_word' id='word_1_764' title='bbox 2741 3889 3098 3961; x_wconf 86' lang='grc' dir='ltr'>προσπαθείας</span> <span class='ocrx_word' id='word_1_765' title='bbox 3155 3898 3254 3942; x_wconf 89' lang='grc' dir='ltr'><strong><em>τῶν</em></strong></span> <span class='ocrx_word' id='word_1_766' title='bbox 3307 3889 3602 3965; x_wconf 69' lang='grc' dir='ltr'>ἀνωφελῶν,</span> <span class='ocrx_word' id='word_1_767' title='bbox 3653 3893 3781 3944; x_wconf 79' lang='grc' dir='ltr'>καθὰ</span> <span class='ocrx_word' id='word_1_768' title='bbox 3825 3891 3897 3938; x_wconf 77' lang='grc' dir='ltr'>καὶ</span> 
     </span>
    </p>
   </div>
   <div class='ocr_carea' id='block_1_107' title="bbox 2326 3976 3901 4055">
    <p class='ocr_par' dir='ltr' id='par_1_107' title="bbox 2326 3976 3901 4055">
     <span class='ocr_line' id='line_1_107' title="bbox 2326 3976 3901 4055; baseline 0.004 -30"><span class='ocrx_word' id='word_1_769' title='bbox 2326 3976 2376 4026; x_wconf 85' lang='grc' dir='ltr'>οἱ</span> <span class='ocrx_word' id='word_1_770' title='bbox 2403 3976 2545 4046; x_wconf 84' lang='grc' dir='ltr'>ἁγιοι</span> <span class='ocrx_word' id='word_1_771' title='bbox 2583 3977 2818 4047; x_wconf 81' lang='grc' dir='ltr'>μαθηταὶ</span> <span class='ocrx_word' id='word_1_772' title='bbox 2865 3986 2957 4030; x_wconf 74' lang='grc' dir='ltr'>τοῦ</span> <span class='ocrx_word' id='word_1_773' title='bbox 3010 3983 3204 4053; x_wconf 78' lang='grc' dir='ltr'>Κυρίου</span> <span class='ocrx_word' id='word_1_774' title='bbox 3247 3979 3536 4046; x_wconf 69' lang='grc' dir='ltr'>ὑπέδειξαν</span> <span class='ocrx_word' id='word_1_775' title='bbox 3586 3985 3722 4055; x_wconf 74' lang='grc' dir='ltr'>ἡμῖν,</span> <span class='ocrx_word' id='word_1_776' title='bbox 3756 3981 3901 4034; x_wconf 81' lang='grc' dir='ltr'>Ἰάκω-</span> 
     </span>
    </p>
   </div>
   <div class='ocr_carea' id='block_1_108' title="bbox 2327 4063 3899 4145">
    <p class='ocr_par' dir='ltr' id='par_1_108' title="bbox 2327 4063 3899 4145">
     <span class='ocr_line' id='line_1_108' title="bbox 2327 4063 3899 4145; baseline 0.005 -31"><span class='ocrx_word' id='word_1_777' title='bbox 2327 4063 2409 4123; x_wconf 84' lang='grc' dir='ltr'><strong><em>ϐος</em></strong></span> <span class='ocrx_word' id='word_1_778' title='bbox 2464 4067 2554 4136; x_wconf 69' lang='grc' dir='ltr'>μὲν</span> <span class='ocrx_word' id='word_1_779' title='bbox 2602 4070 2688 4117; x_wconf 80' lang='grc' dir='ltr'>καὶ</span> <span class='ocrx_word' id='word_1_780' title='bbox 2755 4065 3010 4132; x_wconf 86' lang='grc' dir='ltr'>Ἰωάννης,</span> <span class='ocrx_word' id='word_1_781' title='bbox 3057 4068 3437 4133; x_wconf 85' lang='grc' dir='ltr'>καταλιπόντες</span> <span class='ocrx_word' id='word_1_782' title='bbox 3476 4076 3564 4124; x_wconf 89' lang='grc' dir='ltr'><strong><em>τόν</em></strong></span> <span class='ocrx_word' id='word_1_783' title='bbox 3612 4075 3797 4145; x_wconf 83' lang='grc' dir='ltr'>πατέρα</span> <span class='ocrx_word' id='word_1_784' title='bbox 3827 4067 3899 4118; x_wconf 72' lang='grc' dir='ltr'><strong><em>αὖ·</em></strong></span> 
     </span>
    </p>
   </div>
   <div class='ocr_carea' id='block_1_109' title="bbox 2324 4150 3899 4229">
    <p class='ocr_par' dir='ltr' id='par_1_109' title="bbox 2324 4150 3899 4229">
     <span class='ocr_line' id='line_1_109' title="bbox 2324 4150 3899 4229; baseline 0.01 -27"><span class='ocrx_word' id='word_1_785' title='bbox 2324 4160 2424 4204; x_wconf 88' lang='grc' dir='ltr'><strong><em>τῶν</em></strong></span> <span class='ocrx_word' id='word_1_786' title='bbox 2451 4150 2744 4222; x_wconf 82' lang='grc' dir='ltr'>Ζεϐεδαῖον,</span> <span class='ocrx_word' id='word_1_787' title='bbox 2777 4161 2867 4208; x_wconf 81' lang='grc' dir='ltr'>καὶ</span> <span class='ocrx_word' id='word_1_788' title='bbox 2895 4158 3022 4209; x_wconf 65' lang='grc' dir='ltr'>αὐτὸ</span> <span class='ocrx_word' id='word_1_789' title='bbox 3075 4161 3134 4211; x_wconf 85' lang='grc' dir='ltr'><strong><em>τό</em></strong></span> <span class='ocrx_word' id='word_1_790' title='bbox 3182 4160 3366 4213; x_wconf 85' lang='grc' dir='ltr'>πλοῖον</span> <span class='ocrx_word' id='word_1_791' title='bbox 3417 4168 3512 4221; x_wconf 70' lang='grc' dir='ltr'>τὴν</span> <span class='ocrx_word' id='word_1_792' title='bbox 3553 4169 3721 4215; x_wconf 83' lang='grc' dir='ltr'>πᾶσαν</span> <span class='ocrx_word' id='word_1_793' title='bbox 3771 4157 3899 4229; x_wconf 68' lang='grc' dir='ltr'>ἀφορο</span> 
     </span>
    </p>
   </div>
   <div class='ocr_carea' id='block_1_110' title="bbox 2324 4242 2758 4316">
    <p class='ocr_par' dir='ltr' id='par_1_110' title="bbox 2324 4242 2758 4316">
     <span class='ocr_line' id='line_1_110' title="bbox 2324 4242 2758 4316; baseline 0.007 -24"><span class='ocrx_word' id='word_1_794' title='bbox 2324 4247 2427 4314; x_wconf 79' lang='grc' dir='ltr'>μὴν</span> <span class='ocrx_word' id='word_1_795' title='bbox 2459 4251 2549 4295; x_wconf 77' lang='grc' dir='ltr'>τοῦ</span> <span class='ocrx_word' id='word_1_796' title='bbox 2577 4242 2700 4316; x_wconf 79' lang='grc' dir='ltr'>βίου</span> <span class='ocrx_word' id='word_1_797' title='bbox 2745 4265 2758 4279; x_wconf 77' lang='grc' dir='ltr'><strong>ο</strong></span> 
     </span>
    </p>
   </div>
   <div class='ocr_carea' id='block_1_111' title="bbox 2325 4329 3891 4416">
    <p class='ocr_par' dir='ltr' id='par_1_111' title="bbox 2325 4329 3891 4416">
     <span class='ocr_line' id='line_1_111' title="bbox 2325 4329 3891 4416; baseline 0.006 -35"><span class='ocrx_word' id='word_1_798' title='bbox 2325 4329 2628 4398; x_wconf 77' lang='grc' dir='ltr'>ἐξαναστὰς,</span> <span class='ocrx_word' id='word_1_799' title='bbox 2661 4338 2749 4386; x_wconf 83' lang='grc' dir='ltr'>καὶ</span> <span class='ocrx_word' id='word_1_800' title='bbox 2819 4333 3173 4400; x_wconf 76' lang='grc' dir='ltr'>ἀκολουθήσας</span> <span class='ocrx_word' id='word_1_801' title='bbox 3206 4347 3278 4410; x_wconf 77' lang='grc' dir='ltr'>τῷ</span> <span class='ocrx_word' id='word_1_802' title='bbox 3312 4346 3514 4416; x_wconf 76' lang='grc' dir='ltr'>Κυρίῳ,</span> <span class='ocrx_word' id='word_1_803' title='bbox 3561 4341 3620 4394; x_wconf 72' lang='grc' dir='ltr'>οὐ</span> <span class='ocrx_word' id='word_1_804' title='bbox 3661 4341 3723 4393; x_wconf 81' lang='grc' dir='ltr'>τὰ</span> <span class='ocrx_word' id='word_1_805' title='bbox 3756 4330 3891 4410; x_wconf 72' lang='grc' dir='ltr'>κέρδη</span> 
     </span>
    </p>
   </div>
   <div class='ocr_carea' id='block_1_112' title="bbox 2809 4245 3896 4308">
    <p class='ocr_par' dir='ltr' id='par_1_112' title="bbox 2809 4245 3896 4308">
     <span class='ocr_line' id='line_1_112' title="bbox 2809 4245 3896 4308; baseline -0.002 -10"><span class='ocrx_word' id='word_1_806' title='bbox 2809 4249 3075 4308; x_wconf 86' lang='grc' dir='ltr'>Ματθαῖος</span> <span class='ocrx_word' id='word_1_807' title='bbox 3108 4245 3167 4300; x_wconf 77' lang='grc' dir='ltr'>δε</span> <span class='ocrx_word' id='word_1_808' title='bbox 3207 4247 3295 4301; x_wconf 86' lang='grc' dir='ltr'><strong><em>ἀπ’</em></strong></span> <span class='ocrx_word' id='word_1_809' title='bbox 3337 4252 3504 4304; x_wconf 67' lang='grc' dir='ltr'>αὐτοῦ</span> <span class='ocrx_word' id='word_1_810' title='bbox 3531 4261 3622 4305; x_wconf 75' lang='grc' dir='ltr'>τοῦ</span> <span class='ocrx_word' id='word_1_811' title='bbox 3668 4250 3896 4303; x_wconf 80' lang='grc' dir='ltr'>τελωνείον</span> 
     </span>
    </p>
   </div>
   <div class='ocr_carea' id='block_1_113' title="bbox 2321 4422 3893 4499">
    <p class='ocr_par' dir='ltr' id='par_1_113' title="bbox 2321 4422 3893 4499">
     <span class='ocr_line' id='line_1_113' title="bbox 2321 4422 3893 4499; baseline 0.003 -27"><span class='ocrx_word' id='word_1_812' title='bbox 2321 4424 2473 4493; x_wconf 89' lang='grc' dir='ltr'>μόνον</span> <span class='ocrx_word' id='word_1_813' title='bbox 2530 4425 2596 4474; x_wconf 83' lang='grc' dir='ltr'><strong><em>τὰ</em></strong></span> <span class='ocrx_word' id='word_1_814' title='bbox 2643 4422 2691 4475; x_wconf 81' lang='grc' dir='ltr'>ἐν</span> <span class='ocrx_word' id='word_1_815' title='bbox 2736 4432 2808 4495; x_wconf 81' lang='grc' dir='ltr'>τῷ</span> <span class='ocrx_word' id='word_1_816' title='bbox 2856 4425 3099 4498; x_wconf 84' lang='grc' dir='ltr'>τελωνείῳ</span> <span class='ocrx_word' id='word_1_817' title='bbox 3152 4428 3475 4499; x_wconf 84' lang='grc' dir='ltr'>καταλιπὼν,</span> <span class='ocrx_word' id='word_1_818' title='bbox 3520 4430 3647 4483; x_wconf 86' lang='grc' dir='ltr'><strong><em>ἀλλά</em></strong></span> <span class='ocrx_word' id='word_1_819' title='bbox 3694 4434 3775 4481; x_wconf 83' lang='grc' dir='ltr'>καὶ</span> <span class='ocrx_word' id='word_1_820' title='bbox 3813 4432 3893 4477; x_wconf 74' lang='grc' dir='ltr'><strong><em>τῶν</em></strong></span> 
     </span>
    </p>
   </div>
   <div class='ocr_carea' id='block_1_114' title="bbox 2320 4507 3892 4595">
    <p class='ocr_par' dir='ltr' id='par_1_114' title="bbox 2320 4507 3892 4595">
     <span class='ocr_line' id='line_1_114' title="bbox 2320 4507 3892 4595; baseline 0.004 -34"><span class='ocrx_word' id='word_1_821' title='bbox 2320 4507 2573 4563; x_wconf 74' lang='grc' dir='ltr'>κινδύνων</span> <span class='ocrx_word' id='word_1_822' title='bbox 2622 4509 2902 4586; x_wconf 73' lang='grc' dir='ltr'>ὑπεριδὼν,</span> <span class='ocrx_word' id='word_1_823' title='bbox 2950 4515 2999 4567; x_wconf 80' lang='grc' dir='ltr'>οἳ</span> <span class='ocrx_word' id='word_1_824' title='bbox 3049 4515 3418 4571; x_wconf 72' lang='grc' dir='ltr'>ἐπακολουθεῖν</span> <span class='ocrx_word' id='word_1_825' title='bbox 3493 4519 3705 4595; x_wconf 72' lang='grc' dir='ltr'>ἤμελλον</span> <span class='ocrx_word' id='word_1_826' title='bbox 3775 4514 3892 4580; x_wconf 70' lang='grc' dir='ltr'><strong><em>αὑτῲ</em></strong></span> 
     </span>
    </p>
   </div>
   <div class='ocr_carea' id='block_1_115' title="bbox 2318 4601 3895 4681">
    <p class='ocr_par' dir='ltr' id='par_1_115' title="bbox 2318 4601 3895 4681">
     <span class='ocr_line' id='line_1_115' title="bbox 2318 4601 3895 4681; baseline 0.004 -29"><span class='ocrx_word' id='word_1_827' title='bbox 2318 4618 2374 4652; x_wconf 91' lang='grc' dir='ltr'><strong><em>τε</em></strong></span> <span class='ocrx_word' id='word_1_828' title='bbox 2403 4605 2492 4652; x_wconf 83' lang='grc' dir='ltr'>καὶ</span> <span class='ocrx_word' id='word_1_829' title='bbox 2521 4607 2630 4664; x_wconf 88' lang='grc' dir='ltr'>τοῖς</span> <span class='ocrx_word' id='word_1_830' title='bbox 2687 4601 2896 4665; x_wconf 86' lang='grc' dir='ltr'>οἰκείοις</span> <span class='ocrx_word' id='word_1_831' title='bbox 2949 4609 3092 4681; x_wconf 86' lang='grc' dir='ltr'><strong><em>παρά</em></strong></span> <span class='ocrx_word' id='word_1_832' title='bbox 3132 4614 3228 4669; x_wconf 74' lang='grc' dir='ltr'>τῆς</span> <span class='ocrx_word' id='word_1_833' title='bbox 3284 4606 3553 4677; x_wconf 73' lang='grc' dir='ltr'>ἐξουσίας,</span> <span class='ocrx_word' id='word_1_834' title='bbox 3589 4608 3771 4668; x_wconf 79' lang='grc' dir='ltr'>ἀτελεῖς</span> <span class='ocrx_word' id='word_1_835' title='bbox 3794 4605 3895 4659; x_wconf 74' lang='grc' dir='ltr'>τοὺς</span> 
     </span>
    </p>
   </div>
   <div class='ocr_carea' id='block_1_116' title="bbox 2317 4688 3892 4770">
    <p class='ocr_par' dir='ltr' id='par_1_116' title="bbox 2317 4688 3892 4770">
     <span class='ocr_line' id='line_1_116' title="bbox 2317 4688 3892 4770; baseline 0.004 -30"><span class='ocrx_word' id='word_1_836' title='bbox 2317 4688 2505 4760; x_wconf 87' lang='grc' dir='ltr'>λόγους</span> <span class='ocrx_word' id='word_1_837' title='bbox 2551 4699 2643 4743; x_wconf 79' lang='grc' dir='ltr'>τοῦ</span> <span class='ocrx_word' id='word_1_838' title='bbox 2683 4691 2944 4746; x_wconf 82' lang='grc' dir='ltr'>τελωνείου</span> <span class='ocrx_word' id='word_1_839' title='bbox 2985 4695 3452 4770; x_wconf 86' lang='grc' dir='ltr'>καταλιμπάνοντι.</span> <span class='ocrx_word' id='word_1_840' title='bbox 3504 4697 3686 4769; x_wconf 65' lang='grc' dir='ltr'>Παᾶλῳ</span> <span class='ocrx_word' id='word_1_841' title='bbox 3717 4692 3772 4747; x_wconf 78' lang='grc' dir='ltr'>δε</span> <span class='ocrx_word' id='word_1_842' title='bbox 3819 4695 3892 4742; x_wconf 71' lang='grc' dir='ltr'>καὶ</span> 
     </span>
    </p>
   </div>
   <div class='ocr_carea' id='block_1_117' title="bbox 2320 4781 3801 4860">
    <p class='ocr_par' dir='ltr' id='par_1_117' title="bbox 2320 4781 3801 4860">
     <span class='ocr_line' id='line_1_117' title="bbox 2320 4781 3801 4860; baseline 0.004 -30"><span class='ocrx_word' id='word_1_843' title='bbox 2320 4781 2346 4830; x_wconf 88' lang='grc' dir='ltr'><strong><em>ό</em></strong></span> <span class='ocrx_word' id='word_1_844' title='bbox 2380 4782 2592 4852; x_wconf 77' lang='grc' dir='ltr'>σύμπας</span> <span class='ocrx_word' id='word_1_845' title='bbox 2630 4785 2828 4855; x_wconf 89' lang='grc' dir='ltr'>κόσμος</span> <span class='ocrx_word' id='word_1_846' title='bbox 2858 4783 3173 4858; x_wconf 81' lang='grc' dir='ltr'>ἐσταύρωτο,</span> <span class='ocrx_word' id='word_1_847' title='bbox 3207 4792 3295 4839; x_wconf 81' lang='grc' dir='ltr'>καὶ</span> <span class='ocrx_word' id='word_1_848' title='bbox 3327 4788 3488 4850; x_wconf 67' lang='grc' dir='ltr'>αὐτὸς</span> <span class='ocrx_word' id='word_1_849' title='bbox 3512 4797 3584 4860; x_wconf 80' lang='grc' dir='ltr'>τῷ</span> <span class='ocrx_word' id='word_1_850' title='bbox 3614 4791 3801 4858; x_wconf 80' lang='grc' dir='ltr'>κόσμῳ.</span> 
     </span>
    </p>
   </div>
   <div class='ocr_carea' id='block_1_118' title="bbox 2421 4879 3888 4956">
    <p class='ocr_par' dir='ltr' id='par_1_118' title="bbox 2421 4879 3888 4956">
     <span class='ocr_line' id='line_1_118' title="bbox 2421 4879 3888 4956; baseline -0.003 -21"><span class='ocrx_word' id='word_1_851' title='bbox 2421 4879 2474 4956; x_wconf 33' lang='grc'><strong><em>’.⁸,</em></strong></span> <span class='ocrx_word' id='word_1_852' title='bbox 2498 4879 2712 4956; x_wconf 66' lang='lat' dir='ltr'><strong><em>Ephes.</em></strong></span> <span class='ocrx_word' id='word_1_853' title='bbox 2745 4896 2824 4949; x_wconf 80' lang='lat' dir='ltr'><strong><em>tv,</em></strong></span> <span class='ocrx_word' id='word_1_854' title='bbox 2855 4885 2944 4956; x_wconf 77' lang='lat'><strong><em>22.</em></strong></span> <span class='ocrx_word' id='word_1_855' title='bbox 2995 4884 3035 4918; x_wconf 80' lang='grc'>⁸⁵</span> <span class='ocrx_word' id='word_1_856' title='bbox 3068 4886 3088 4938; x_wconf 89' lang='grc' dir='ltr'><strong><em>ι</em></strong></span> <span class='ocrx_word' id='word_1_857' title='bbox 3129 4886 3260 4941; x_wconf 92' lang='lat' dir='ltr'><strong><em>Cor.</em></strong></span> <span class='ocrx_word' id='word_1_858' title='bbox 3296 4901 3378 4956; x_wconf 80' lang='lat' dir='ltr'><strong><em>iv,</em></strong></span> <span class='ocrx_word' id='word_1_859' title='bbox 3418 4891 3507 4944; x_wconf 77' lang='grc'><strong><em>15.</em></strong></span> <span class='ocrx_word' id='word_1_860' title='bbox 3551 4887 3596 4921; x_wconf 82' lang='grc'><strong><em>¹⁶</em></strong></span> <span class='ocrx_word' id='word_1_861' title='bbox 3629 4881 3800 4940; x_wconf 88' lang='lat' dir='ltr'><strong><em>Galat.</em></strong></span> <span class='ocrx_word' id='word_1_862' title='bbox 3826 4892 3888 4942; x_wconf 80' lang='lat' dir='ltr'><strong><em>v1,</em></strong></span> 
     </span>
    </p>
   </div>
   <div class='ocr_carea' id='block_1_119' title="bbox 2431 4949 2942 5020">
    <p class='ocr_par' dir='ltr' id='par_1_119' title="bbox 2431 4949 2942 5020">
     <span class='ocr_line' id='line_1_119' title="bbox 2431 4949 2942 5020; baseline 0.004 -15"><span class='ocrx_word' id='word_1_863' title='bbox 2431 4950 2484 4984; x_wconf 68' lang='grc' dir='ltr'><strong><em>εα</em></strong></span> <span class='ocrx_word' id='word_1_864' title='bbox 2513 4949 2700 5006; x_wconf 86' lang='lat' dir='ltr'><strong><em>Galat.</em></strong></span> <span class='ocrx_word' id='word_1_865' title='bbox 2737 4968 2814 5020; x_wconf 77' lang='grc' dir='ltr'>γι,</span> <span class='ocrx_word' id='word_1_866' title='bbox 2857 4954 2942 5007; x_wconf 79' lang='grc'><strong><em>14.</em></strong></span> 
     </span>
    </p>
   </div>
   <div class='ocr_carea' id='block_1_120' title="bbox 2316 5047 3891 5128">
    <p class='ocr_par' dir='ltr' id='par_1_120' title="bbox 2316 5047 3891 5128">
     <span class='ocr_line' id='line_1_120' title="bbox 2316 5047 3891 5128; baseline 0.002 -27"><span class='ocrx_word' id='word_1_867' title='bbox 2316 5061 2455 5128; x_wconf 82' lang='lat' dir='ltr'><strong><em>mus</em></strong></span> <span class='ocrx_word' id='word_1_868' title='bbox 2476 5051 2533 5128; x_wconf 63' lang='lat' dir='ltr'><strong><em>et</em></strong></span> <span class='ocrx_word' id='word_1_869' title='bbox 2546 5047 2854 5128; x_wconf 65' lang='lat' dir='ltr'><strong><em>Voss_.sivau</em></strong></span> <span class='ocrx_word' id='word_1_870' title='bbox 2866 5056 3096 5124; x_wconf 81' lang='grc' dir='ltr'>μέτοχος</span> <span class='ocrx_word' id='word_1_871' title='bbox 3114 5047 3891 5128; x_wconf 39' lang='lat' dir='ltr'><strong><em>tapete.quiﬁeri_potest,ul</em></strong></span> 
     </span>
    </p>
   </div>
   <div class='ocr_carea' id='block_1_121' title="bbox 2310 5120 3891 5189">
    <p class='ocr_par' dir='ltr' id='par_1_121' title="bbox 2310 5120 3891 5189">
     <span class='ocr_line' id='line_1_121' title="bbox 2310 5120 3891 5189; baseline -0.003 -15"><span class='ocrx_word' id='word_1_872' title='bbox 2310 5120 2620 5188; x_wconf 79' lang='lat' dir='ltr'><strong><em>particeps</em></strong></span> <span class='ocrx_word' id='word_1_873' title='bbox 2644 5122 2718 5175; x_wconf 84' lang='lat' dir='ltr'><strong><em>sit</em></strong></span> <span class='ocrx_word' id='word_1_874' title='bbox 2729 5120 3003 5189; x_wconf 72' lang='lat' dir='ltr'><strong><em>partium</em></strong></span> <span class='ocrx_word' id='word_1_875' title='bbox 3020 5120 3215 5180; x_wconf 55' lang='lat' dir='ltr'><strong><em>&#39;mund</em></strong></span> <span class='ocrx_word' id='word_1_876' title='bbox 3226 5128 3286 5180; x_wconf 85' lang='lat' dir='ltr'><strong><em>i.(</em></strong></span> <span class='ocrx_word' id='word_1_877' title='bbox 3300 5120 3498 5182; x_wconf 46' lang='lat' dir='ltr'><strong><em>Index&#39;</em></strong></span> <span class='ocrx_word' id='word_1_878' title='bbox 3516 5120 3677 5184; x_wconf 80' lang='lat' dir='ltr'><strong><em>Colb.</em></strong></span> <span class='ocrx_word' id='word_1_879' title='bbox 3696 5120 3891 5175; x_wconf 74' lang='grc' dir='ltr'>δύναται</span> 
     </span>
    </p>
   </div>
   <div class='ocr_carea' id='block_1_122' title="bbox 2318 5191 3890 5270">
    <p class='ocr_par' dir='ltr' id='par_1_122' title="bbox 2318 5191 3890 5270">
     <span class='ocr_line' id='line_1_122' title="bbox 2318 5191 3890 5270; baseline 0.006 -30"><span class='ocrx_word' id='word_1_880' title='bbox 2318 5195 2692 5270; x_wconf 35' lang='grc' dir='ltr'>εῖνριιιμέτοχρς</span> <span class='ocrx_word' id='word_1_881' title='bbox 2724 5201 2824 5270; x_wconf 70' lang='grc' dir='ltr'><strong><em>τῶν</em></strong></span> <span class='ocrx_word' id='word_1_882' title='bbox 2841 5204 3099 5270; x_wconf 80' lang='grc' dir='ltr'>μεριμνῶν</span> <span class='ocrx_word' id='word_1_883' title='bbox 3137 5205 3230 5270; x_wconf 74' lang='grc' dir='ltr'>τοῦ</span> <span class='ocrx_word' id='word_1_884' title='bbox 3285 5202 3534 5270; x_wconf 84' lang='grc' dir='ltr'>κόσμου;</span> <span class='ocrx_word' id='word_1_885' title='bbox 3593 5204 3652 5252; x_wconf 88' lang='lat' dir='ltr'><strong><em>et</em></strong></span> <span class='ocrx_word' id='word_1_886' title='bbox 3693 5196 3786 5260; x_wconf 89' lang='lat' dir='ltr'><strong><em>ita,</em></strong></span> <span class='ocrx_word' id='word_1_887' title='bbox 3839 5191 3890 5241; x_wconf 71' lang='grc' dir='ltr'>υί</span> 
     </span>
    </p>
   </div>
   <div class='ocr_carea' id='block_1_123' title="bbox 2317 5261 3452 5340">
    <p class='ocr_par' dir='ltr' id='par_1_123' title="bbox 2317 5261 3452 5340">
     <span class='ocr_line' id='line_1_123' title="bbox 2317 5261 3452 5340; baseline 0.006 -24"><span class='ocrx_word' id='word_1_888' title='bbox 2489 5261 3026 5340; x_wconf 69' lang='lat' dir='ltr'><strong><em>_quid_em_videtur,</em></strong></span> <span class='ocrx_word' id='word_1_889' title='bbox 3041 5266 3157 5337; x_wconf 84' lang='lat' dir='ltr'><strong><em>legi</em></strong></span> <span class='ocrx_word' id='word_1_890' title='bbox 3184 5261 3452 5340; x_wconf 68' lang='lat' dir='ltr'><strong><em>praestat.</em></strong></span> 
     </span>
    </p>
   </div>
   <div class='ocr_carea' id='block_1_124' title="bbox 2390 5333 3766 5408">
    <p class='ocr_par' dir='ltr' id='par_1_124' title="bbox 2390 5333 3766 5408">
     <span class='ocr_line' id='line_1_124' title="bbox 2390 5333 3766 5408; baseline 0.007 -22"><span class='ocrx_word' id='word_1_891' title='bbox 2390 5336 2504 5408; x_wconf 64' lang='grc'>(41)</span> <span class='ocrx_word' id='word_1_892' title='bbox 2529 5333 2730 5408; x_wconf 75' lang='lat' dir='ltr'><strong><em>Codex</em></strong></span> <span class='ocrx_word' id='word_1_893' title='bbox 2751 5336 2926 5408; x_wconf 86' lang='lat' dir='ltr'><strong><em>Voss.</em></strong></span> <span class='ocrx_word' id='word_1_894' title='bbox 2953 5333 3150 5408; x_wconf 48' lang='lat'><strong><em>(279217;,</em></strong></span> <span class='ocrx_word' id='word_1_895' title='bbox 3179 5333 3458 5408; x_wconf 71' lang='lat' dir='ltr'><strong><em>perfecta</em></strong></span> <span class='ocrx_word' id='word_1_896' title='bbox 3484 5339 3766 5408; x_wconf 72' lang='lat' dir='ltr'><strong><em>Charitas.</em></strong></span> 
     </span>
    </p>
   </div>
   <div class='ocr_carea' id='block_1_125' title="bbox 2390 5405 3880 5476">
    <p class='ocr_par' dir='ltr' id='par_1_125' title="bbox 2390 5405 3880 5476">
     <span class='ocr_line' id='line_1_125' title="bbox 2390 5405 3880 5476; baseline -0.011 -5"><span class='ocrx_word' id='word_1_897' title='bbox 2390 5405 2504 5474; x_wconf 66' lang='grc'>(42)</span> <span class='ocrx_word' id='word_1_898' title='bbox 2527 5407 2761 5462; x_wconf 82' lang='lat' dir='ltr'><strong><em>Veteres</em></strong></span> <span class='ocrx_word' id='word_1_899' title='bbox 2790 5406 2912 5463; x_wconf 91' lang='lat' dir='ltr'><strong><em>duo</em></strong></span> <span class='ocrx_word' id='word_1_900' title='bbox 2941 5405 3077 5464; x_wconf 85' lang='lat' dir='ltr'><strong><em>libri</em></strong></span> <span class='ocrx_word' id='word_1_901' title='bbox 3113 5405 3252 5466; x_wconf 80' lang='lat' dir='ltr'><strong><em>cum</em></strong></span> <span class='ocrx_word' id='word_1_902' title='bbox 3284 5405 3452 5476; x_wconf 81' lang='lat' dir='ltr'><strong><em>Voss,</em></strong></span> <span class='ocrx_word' id='word_1_903' title='bbox 3486 5411 3541 5463; x_wconf 75' lang='grc' dir='ltr'>ἐκ</span> <span class='ocrx_word' id='word_1_904' title='bbox 3569 5420 3658 5469; x_wconf 79' lang='grc' dir='ltr'>τῆς</span> <span class='ocrx_word' id='word_1_905' title='bbox 3702 5405 3880 5467; x_wconf 77' lang='grc' dir='ltr'>ἔξωθον.</span> 
     </span>
    </p>
   </div>
   <div class='ocr_carea' id='block_1_126' title="bbox 2319 5477 3466 5552">
    <p class='ocr_par' dir='ltr' id='par_1_126' title="bbox 2319 5477 3466 5552">
     <span class='ocr_line' id='line_1_126' title="bbox 2319 5477 3466 5552; baseline 0.009 -21"><span class='ocrx_word' id='word_1_906' title='bbox 2319 5477 2451 5532; x_wconf 75' lang='lat' dir='ltr'><strong><em>Mox</em></strong></span> <span class='ocrx_word' id='word_1_907' title='bbox 2478 5477 2643 5547; x_wconf 84' lang='lat' dir='ltr'><strong><em>Regii</em></strong></span> <span class='ocrx_word' id='word_1_908' title='bbox 2672 5477 2906 5552; x_wconf 86' lang='lat' dir='ltr'><strong><em>primus</em></strong></span> <span class='ocrx_word' id='word_1_909' title='bbox 2935 5484 2994 5536; x_wconf 89' lang='lat' dir='ltr'><strong><em>et</em></strong></span> <span class='ocrx_word' id='word_1_910' title='bbox 3013 5480 3185 5538; x_wconf 88' lang='lat' dir='ltr'><strong><em>Colb.</em></strong></span> <span class='ocrx_word' id='word_1_911' title='bbox 3224 5483 3251 5540; x_wconf 73' lang='grc' dir='ltr'>ἡ</span> <span class='ocrx_word' id='word_1_912' title='bbox 3285 5477 3466 5543; x_wconf 77' lang='grc' dir='ltr'><strong><em>δόξης.</em></strong></span> 
     </span>
    </p>
   </div>
  </div>
