4082 6178
127 246 215 298 937
1292 247 1590 301 REGULA‘I
1628 245 1886 302 FL’SIUS
1918 246 2304 301 TRACTATAS
3377 247 3478 304 93‘

193 369 244 420 2.
286 368 464 425 Οὕτως
511 366 539 416 ὁ
597 361 803 438 σφόδρα
839 374 901 439 τῇ
963 365 1214 440 ἐπιθυμίᾳ
1276 375 1368 420 τοῦ
1430 365 1728 422 ὃκολουθεὶν
1759 375 1804 425 Α

1906 373 1962 426 2.
1995 368 2088 424 Sic
2125 368 2232 440 qui
2279 367 2665 422 vehementer
2707 364 3010 422 Christum
3053 367 3227 440 sequi
3258 367 3486 424 deside-

137 463 343 529 Χριστῷ
393 459 745 528 κατεχόμενος
779 459 912 530 πρὸς
959 453 1110 508 οῦδὲν
1157 459 1234 509 ἔτι
1283 465 1377 518 τῆς
1433 457 1568 518 ζωῆς
1605 461 1729 510 ταύ-

1874 461 1946 518 at.
1980 456 2152 525 nihil,
2179 455 2348 529 quod
2392 455 2470 511 ad
2514 455 2675 510 hanc
2726 455 2915 510 vitam
2965 457 3234 524 attineat,
3276 472 3486 512 curare

135 563 222 606 της
277 543 666 618 ἐπιστραφῆναι
721 541 972 611 δύναται,
1028 545 1086 597 ού
1143 550 1270 619 πρὸς
1315 551 1503 618 γονέων
1552 548 1582 605 ἦ
1645 547 1725 599 οἰ-

1876 545 2096 617 mplius
2123 550 2338 617 potest,
2369 560 2489 600 non
2520 545 2720 616 ipsum
2753 549 3070 616 parentum
3114 551 3217 601 aut
3239 546 3488 618 propin-

137 639 274 686 κείων
321 634 555 706 φίλτρον,
603 636 725 687 ὅταν
757 634 1135 708 ἐναντιούμενον
1250 643 1356 696 τοῖς
1400 644 1490 688 τοῦ
1531 641 1725 710 Κυριου

1882 649 2096 689 uorum
2129 647 2422 696 amorem,
2456 631 2506 687 si
2533 632 2768 688 Domini
2801 633 3114 704 praeceptis
3134 634 3491 689 adversetur

134 727 504 796 προστάγμασι
565 727 699 794 (τότε
751 727 854 799 γὰρ
904 729 1084 800 καιρὸν
1143 729 1256 798 ἔχει
1312 731 1402 778 xui
1430 731 1526 778 τόο
1559 729 1620 778 Εἰ
1647 746 1727 788 τις

1884 738 1999 776 unc
2021 723 2183 777 enim
2218 721 2420 776 locum
2447 721 2626 776 etiam
2660 721 2844 776 habet
2871 721 3018 776 illud
3045 723 3148 777 :Si
3171 725 3304 793 quis
3329 725 3491 778 venit

129 814 346 886 ⁸ρχεται
388 817 520 888 πρὸς
558 815 643 886 με,
675 819 764 866 xui
811 815 870 866 ού
901 823 1050 888 μισεῖ
1083 819 1169 868 τόν
1196 821 1394 889 πατέρα
1425 816 1604 881 αὐτοῦ,
1636 820 1726 868 καὶ

1877 811 1916 866 d
1943 827 2054 872 me.
2085 817 2141 866 et
2179 827 2299 866 non
2330 811 2454 865 odit
2484 817 2716 880 patrem
2750 827 2924 866 suum
2967 817 3024 865 et
3061 819 3312 867 matrem
3332 813 3400 882 ³³,
3435 818 3489 867 et

132 907 215 958 τήν
243 906 466 976 μητέρα,
499 907 587 954 καὶ
611 906 676 954 τὰ
717 903 916 974 λοιποίν
945 905 1003 956 ού
1032 909 1156 979 πρός
1195 903 1511 978 ἀνθρώπινον
1551 904 1722 977 φόϐον,

1879 902 2069 969 ῑεῐθτδ.)
2098 917 2112 954 :
2137 916 2260 955 non
2276 899 2615 956 humanum
2641 899 3026 969 timorem,ita
3050 904 3111 954 ut
3127 899 3282 955 illius
3303 917 3491 956 causa

143 995 270 1042 ὥστε
299 989 375 1042 δι’
403 991 560 1044 αὐτόν
590 992 947 1050 ύποσταλῆναι
970 1014 1020 1044 τι
1058 1003 1156 1045 τῶν
1189 999 1569 1068 συμφερόντων,
1603 996 1724 1067 ὅπερ

1880 990 2066 1062 liquid
2090 990 2324 1045 utilium
2349 990 2739 1045 subtrahatur
2763 1008 2776 1045 :
2809 989 2976 1062 quod
3005 991 3329 1062 praestitere
3357 1006 3492 1045 san-

133 1083 482 1154 κατὼρθωσαν
532 1083 580 1132 οἱ
624 1081 786 1152 ἅγιοι,
838 1082 1077 1143 εἰπόντες·
1130 1085 1443 1155 Πειθαρχεῖν
1485 1081 1566 1135 δεῖ
1613 1089 1726 1151 Θεῷ

1875 1080 1930 1146 ti,
1953 1078 2057 1151 qui
2077 1078 2362 1134 dicebant
2385 1096 2398 1134 :
2426 1079 2676 1134 Obedire
2700 1085 2929 1147 oportet
2955 1080 3077 1134 Deo
3099 1080 3286 1148 magis
3309 1094 3487 1150 quam

131 1168 317 1241 μᾶλλον
346 1170 375 1227 ᾖ
413 1167 717 1242 ἀνθρώποις⁶
752 1170 808 1222 οὗ
853 1175 977 1243 πρός
1019 1175 1106 1222 τὸν
1137 1171 1220 1223 ἐπὶ
1259 1180 1370 1233 τοῖς
1407 1171 1581 1232 καλοῖς
1613 1172 1726 1240 (i3)

1881 1168 2240 1223 ominibus”
2272 1185 2285 1222 :
2318 1183 2442 1223 non
2483 1167 2802 1224 hominum
2853 1167 3250 1239 profanorum
3299 1167 3491 1224 risum

133 1261 272 1330 παρὰ
315 1267 416 1310 τῶν
468 1259 650 1320 ἔξωθεν
701 1259 917 1330 γέλωτα,
950 1263 1084 1312 ὥστε
1131 1269 1203 1330 τῷ
1244 1260 1520 1332 φαυλισμῷ
1559 1261 1727 1311 αὐτῶν

1882 1271 2018 1310 uem
2035 1255 2200 1311 bona
2220 1271 2406 1328 opera
2427 1255 2900 1321 concitarint,sic
2919 1260 2983 1310 ut
3003 1271 3212 1310 eorum
3236 1261 3494 1312 contem-

132 1349 446 1405 ἡττηθῆναι.
477 1347 537 1399 Εἰ
577 1345 636 1400 δέ
666 1367 742 1408 τις
764 1347 1007 1420 βούλοιτο
1037 1348 1400 1422 ἀκριϐέστερον
1431 1355 1520 1401 καὶ
1549 1353 1728 1424 τρανό-

1884 1343 1962 1399 tui
1988 1343 2184 1400 cedat.
2219 1344 2390 1409 Quod
2424 1344 2474 1399 si
2505 1344 2810 1415 quispiam
2833 1343 2974 1400 velit
3001 1359 3213 1400 eorum
3242 1343 3348 1416 qui
3387 1347 3493 1400 Do-

126 1455 265 1510 τερον
311 1441 572 1510 γνωρίσαι
615 1440 702 1488 τόν
744 1438 1142 1511 συνεζευγμένον
1181 1443 1322 1490 τόνον
1367 1447 1427 1511 τῇ
1480 1438 1730 1511 ἐπιθυμία

1883 1433 2074 1487 tinum
2108 1439 2466 1504 sequuntur,
2499 1432 2620 1488 vim
2651 1448 2722 1487 ac
2769 1431 2976 1499 robur,
3019 1449 3158 1488 cum
3196 1431 3495 1489 desiderio

127 1533 224 1577 τῶν
251 1524 673 1578 ἀκολουθούντων
701 1535 771 1598 τῷ
807 1533 1001 1603 Κυρίῳ,
1021 1531 1430 1601 μνημονευσάτω
1460 1537 1551 1580 τοῦ
1579 1527 1729 1580 Ἀπο-

1882 1523 1972 1592 onj
1985 1527 2254 1587 unctum,
2282 1522 2620 1578 accuratius
2647 1539 2718 1577 ac
2755 1521 3080 1578 dilucidius
3108 1537 3494 1591 cognoscere,

130 1615 316 1668 στόλου
367 1611 719 1687 διηγουμένου
771 1620 838 1668 τὰ
883 1616 1203 1669 καθ’έαυτόν
1252 1618 1325 1679 εἰς
1377 1614 1729 1669 διδασκαλίαν

1887 1611 2494 1683 ιοωὶηειὶῑΑροείοΙὶ,
2523 1611 2628 1683 qui
2671 1611 2750 1666 ad
2802 1611 3110 1668 docendos
3152 1627 3266 1667 nos
3294 1617 3499 1668 narrat

128 1707 405 1780 ἡμετέραν,
458 1709 548 1756 xui
599 1704 854 1776 λέγοντος·
907 1709 968 1758 ΙΞῖ
1016 1726 1091 1768 τις
1139 1704 1285 1759 δοκεῖ
1329 1709 1627 1759 πεποιθέναι
1683 1704 1730 1756 ἐν

1888 1717 1976 1755 uae
2006 1700 2085 1756 ad
2129 1716 2192 1757 se
2243 1700 2618 1772 spectabant,
2653 1717 2724 1755 ac
2753 1700 2899 1756 dicit
2928 1717 2942 1756 :
2969 1702 3041 1758 Si
3087 1703 3221 1772 quis
3262 1701 3500 1758 videtur

131 1799 308 1868 σαρκὶ,
361 1792 460 1865 ἐγὼ
512 1793 703 1866 μᾶλλον
729 1812 742 1824 ·
781 1800 1034 1868 περιτομὴ
1078 1796 1413 1870 ὀκταήμερος,
1466 1795 1520 1846 ἐκ
1557 1800 1734 1867 γένους

1887 1790 2144 1858 anﬁdere
2165 1791 2229 1844 in
2260 1805 2464 1858 carne,
2483 1805 2588 1860 ego
2609 1791 2840 1860 magis:
2873 1791 3265 1846 circumcisus
3290 1797 3499 1847 octavo

131 1882 367 1956 Ἰσραὴλ,
423 1881 587 1954 φυλῆς
631 1889 886 1956 Βενιαμὶν,
919 1884 1148 1958 Ἐϐραῖος
1197 1885 1249 1947 ἐξ
1288 1883 1557 1958 Ἰ-ζϐραίων,
1599 1887 1734 1936 xui-ai

1891 1881 1958 1945 ie,
2005 1894 2082 1935 ex
2125 1894 2342 1948 genere
2393 1879 2603 1945 Israel,
2654 1879 2728 1934 de
2769 1879 2932 1934 tribu
2978 1881 3327 1949 Benjamin,
3379 1882 3503 1936 He-

131 1976 284 2044 νόμον
345 1977 647 2045 Φαρισαῖος,
700 1975 834 2025 κατα
897 1973 1048 2036 ζῆλον
1107 1970 1312 2026 διώκων
1363 1979 1458 2032 τὴν
1515 1973 1733 2032 Ἐκκλη-

1891 1983 2033 2023 reus
2063 1983 2140 2024 ex
2178 1967 2470 2035 Hebrzis,
2511 1968 2840 2024 secundum
2875 1969 3061 2038 legem
3100 1968 3451 2024 Pharisaeus
3481 1985 3503 2024 .-

135 2067 297 2128 σίαν,
393 2063 531 2112 κατά
624 2057 966 2120 δικαιοσύνην
1041 2067 1135 2120 τὴν
1229 2062 1280 2114 ἐν
1371 2068 1510 2135 νόμῳ
1583 2068 1733 2134 γενό-

1890 2055 2170 2110 εειιηιίαπι
2199 2057 2638 2111 zmulationem
2654 2071 3013 2128 persequens
3041 2057 3397 2124 Ecclesium,
3419 2072 3502 2113 se-

129 2169 280 2221 μενος
339 2151 649 2221 ἄμεμπτος·
716 2149 822 2202 ἀλλ’
871 2151 1024 2203 οἷτινα
1075 2152 1190 2219 (44)
1253 2148 1312 2210 ἦν
1377 2171 1468 2224 μοι
1532 2149 1732 2226 κέρδη,

1891 2147 2109 2201 unctum
2124 2147 2428 2214 justitiam
2452 2161 2583 2217 qum
2599 2147 2660 2200 in
2685 2147 2813 2215 lege
2831 2151 2938 2210 est,
2967 2153 3352 2202 conversatus
3377 2147 3503 2202 sine

129 2248 301 2291 ταῦτα
376 2241 586 2311 ἣγημαι
661 2236 756 2292 διὰ
830 2244 918 2292 τὸν
997 2245 1227 2314 Χριστὸν
1296 2242 1510 2314 ζημίαν.
1585 2241 1737 2293 Ἀλλὰ

1893 2235 2301 2304 ερνεὴεηειόηε
2337 2249 2362 2290 ,⁸
2397 2235 2504 2290 sed
2540 2236 2686 2306 quae
2717 2235 2871 2296 mihi
2918 2241 3091 2292 erant
3147 2237 3348 2298 lucra.
3382 2236 3505 2291 hac

130 2325 219 2398 μὲν
288 2323 378 2379 οὖν
463 2331 553 2378 καὶ
637 2329 870 2400 ἠγοῦμαι
941 2331 1112 2381 πάντα
1181 2332 1373 2401 ζημίαν
1440 2327 1568 2382 εἶναι
1644 2326 1737 2381 διὰ

1895 2324 2184 2380 rbitratus
2211 2339 2341 2378 sum
2367 2329 2618 2392 propter
2647 2324 2956 2379 Christum
2983 2325 3363 2380 detrimenta.
3409 2324 3507 2380 Ve-

133 2419 187 2468 τὸ
255 2418 520 2492 ὑπερέχον
589 2424 682 2477 τῆς
745 2423 985 2489 γνώσεως
1079 2427 1313 2492 Χριστοῦ
1395 2417 1570 2476 Ἰησοῦ
1645 2427 1736 2470 τοῦ

1897 2419 2190 2469 ιιπιιαηιεη
2263 2413 2538 2468 existimo
2625 2414 2825 2468 omnia
2893 2411 3320 2468 detrimentum
3389 2428 3509 2468 esse

136 2510 334 2580 Κυρίου
405 2507 552 2578 ἡμῶν
588 2547 602 2572 ,
661 2501 754 2558 δι’
813 2507 867 2558 όν
923 2509 988 2559 τὰ
1052 2509 1222 2560 πάντα
1282 2507 1599 2580 ἐζημίωθην,
1651 2514 1739 2560 xui

1893 2509 2097 2572 ropter
2143 2503 2501 2559 eminentem
2545 2504 2857 2559 scientiam
2907 2503 3051 2558 Jesu
3105 2503 3326 2558 Christi
3391 2504 3505 2558 Do-

136 2597 374 2666 ἡγοῦμαι
446 2593 682 2646 σκύϐαλα
746 2593 918 2664 εὖναι,
994 2599 1076 2648 ἶνα
1157 2601 1383 2672 Χριστὸν
1473 2594 1738 2669 κερδήσω.

1896 2593 2004 2648 lini
2049 2593 2244 2649 nostri
2281 2607 2305 2648 .'
2343 2599 2600 2662 propter
2629 2608 2801 2664 quem
2829 2593 3035 2648 omnia
3082 2592 3508 2648 detrimentum

139 2685 196 2737 Εἰ
246 2687 353 2757 γὰρ
398 2685 509 2754 (ἱνα
546 2703 598 2736 τι
655 2689 744 2736 καὶ
791 2688 918 2738 εἰπω
975 2685 1231 2759 τολμηρόν
1269 2690 1384 2759 μὲν,
1415 2685 1602 2748 ἀληθὲς
1641 2682 1742 2756 δὲ),

1896 2684 1991 2750 eci,
2022 2681 2377 2738 et’arbitror
2404 2687 2676 2738 stercora
2716 2697 2839 2738 esse
2884 2686 2949 2735 ut
2979 2679 3283 2737 Christum
3315 2681 3508 2737 lucri-

141 2773 181 2824 εἰ
243 2780 360 2835 τοῖς
422 2771 814 2834 ἐκϐλητοτιίτοις
877 2781 970 2826 τοῦ
1038 2772 1316 2847 σωματος,
1372 2780 1459 2826 καὶ
1515 2773 1746 2826 ἀποπτύ-

1900 2771 2164 2827 zciam".
2209 2770 2444 2826 Etenim
2493 2772 2583 2840 (ut
2622 2769 2898 2827 nonnihil
2940 2770 3248 2841 audacter,
3280 2775 3342 2828 at
3376 2787 3512 2827 vere

146 2881 312 2928 στοις,
376 2867 469 2914 καὶ
527 2862 596 2913 ὧν
641 2862 874 2936 μάλιστα
925 2867 1053 2936 πρὸς
1093 2869 1182 2922 τὴν
1221 2863 1559 2938 ἀλλοτρίωσιν
1615 2862 1746 2915 ἐπει-

1903 2875 2055 2915 Lmen
2085 2859 2359 2932 eloquar)
2387 2859 2435 2914 si
2463 2859 2782 2931 Apostolus
2831 2861 2966 2932 ipsa
3009 2859 3159 2931 legis
3199 2859 3515 2932 privilegia

144 2953 385 3023 Ἱὸμεθα,
441 2953 650 3012 τούτοις
702 2956 1048 3024 προσείκασεν
1096 2953 1229 3004 αύτά
1292 2955 1361 3005 τὰ
1406 2958 1550 3027 παρά
1616 2959 1748 3004 Θεοῦ

1903 2964 1992 3003 ua:
2013 2946 2092 3003 ad
2105 2954 2345 3019 tempus
2365 2947 2585 3003 tradita
2604 2951 3327 3020 erant,comparaviteum
3345 2965 3515 3020 spur-

147 3045 273 3114 πρὸς
320 3043 510 3113 καιρόν
555 3036 812 3112 δεδομένα
838 3044 1028 3114 νομικὰ
1075 3046 1464 3116 προτερήματα,
1499 3044 1566 3104 ὡς
1597 3040 1750 3114 ἐμπό-

1906 3036 2118 3092 Lssimis
2141 3036 2412 3109 corporis
2454 3036 2765 3105 sordibus,
2793 3053 2951 3109 quas
2979 3041 3034 3092 et
3057 3052 3430 3102 aversamur,
3460 3041 3518 3092 et

149 3125 238 3181 δια
265 3138 330 3188 τῇ
344 3149 366 3190 ς
396 3136 491 3180 τοῦ
518 3136 753 3203 Χριστοῦ
773 3135 1237 3201 γνώσεως,καὶ,τῆς
1255 3133 1303 3182 εν
1323 3131 1463 3200 αὐτῷ
1482 3126 1754 3183 δικαιοσύ-

1924 3125 2100 3180 nobis
2121 3125 2407 3181 citissime
2432 3141 2840 3189 removemus,
2861 3125 3029 3198 quod
3051 3125 3325 3181 videlicet
3345 3125 3516 3180 obes-

148 3237 253 3285 της,
311 3222 408 3270 καὶ
467 3226 565 3278 τῆς
610 3221 740 3293 πρὸς
795 3219 1010 3271 θάνατον
1080 3219 1241 3271 αὐτοῦ
1310 3224 1753 3294 συμμορφώσεως,

1903 3219 1992 3270 ent
2022 3213 2234 3270 Christi
2259 3215 2610 3283 cognitioni,
2661 3215 2832 3286 eique
2863 3230 2999 3286 quae
3029 3213 3091 3270 in
3129 3213 3263 3286 ipso
3292 3219 3382 3270 est
3416 3215 3515 3286 ju-

150 3312 196 3358 τί
224 3309 286 3359 ἄν
313 3327 398 3368 τις
433 3310 569 3358 εἴποι
606 3311 723 3381 περὶ
752 3315 850 3359 τῶν
881 3305 1172 3382 ἀνθρώποις
1205 3309 1318 3379 (45)
1349 3313 1718 3381 νενομισμένων
1743 3324 1756 3374 ;

1903 3303 2056 3370 titiaa,
2085 3308 2142 3360 et
2165 3309 2384 3360 nostrae
2417 3305 2494 3360 ad
2520 3303 2711 3376 ipsius
2745 3310 3000 3359 mortem
3032 3303 3515 3372 conformationi,

153 3401 247 3448 Καὶ
279 3401 333 3448 τί
363 3400 480 3469 χρὴ
531 3394 802 3469 λογισμοῖς
843 3399 1116 3471 ἡμετέροις
1159 3401 1250 3450 καὶ
1299 3404 1408 3458 τοῖς
1449 3406 1546 3450 τῶν
1599 3396 1761 3468 ἁγίῶν

1910 3391 2010 3448 uid
2037 3391 2174 3465 quis
2213 3391 2427 3448 dixerit
2455 3392 2530 3448 de
2559 3391 2880 3449 hominum
2919 3391 3242 3448 institutis?
3276 3395 3340 3449 Et
3369 3391 3518 3465 quid

153 3482 512 3558 ὑποδείγμασι
556 3488 643 3537 τὸν
685 3484 834 3556 λόγον
876 3488 1242 3554 πιστοῦσθαις
1277 3484 1386 3548 ἐξὸν
1425 3485 1559 3538 αύτὰ
1595 3505 1765 3560 παρα-

1907 3497 2018 3554 pus
2059 3490 2150 3538 est
2193 3481 2416 3556 nostris
2461 3481 3023 3538 ratiocinationibus
3071 3488 3128 3539 et
3172 3489 3519 3540 sanctorum

157 3575 336 3627 θέσθαι
397 3581 494 3627 τοῦ
543 3578 737 3649 Κυρίου
788 3577 856 3627 τὰ
909 3576 1144 3650 ῥήματα,
1185 3581 1275 3627 xui
1325 3571 1417 3626 δι’
1466 3575 1631 3626 αὐτῶν
1669 3580 1764 3634 τὴν

1913 3569 2157 3642 templis
2199 3571 2561 3626 conﬁrmare
2591 3569 2977 3626 sermonem?
3019 3587 3158 3626 cum
3191 3571 3324 3644 ipsa
3347 3571 3525 3628 liceat

153 3662 372 3733 ίμφοϐον
421 3661 610 3734 ψυχὴν
669 3659 990 3723 δυσωπῆσαι
1019 3708 1036 3734 ,
1095 3672 1273 3736 σαφῶς
1327 3669 1414 3716 xui
1463 3662 1765 3738 ἀναντιρρὴ-

1910 3658 2077 3716 ﬁ‘erre
2116 3659 2355 3715 Domini
2407 3659 2616 3722 verba,
2648 3660 2843 3732 iisque
2893 3659 3205 3715 timentem
3251 3659 3522 3715 animam

153 3770 247 3814 τως
305 3748 800 3826 διαμαρτυρομένου
848 3751 897 3804 ἐν
948 3761 1021 3825 τῷ
1068 3752 1268 3824 λέγειν·
1303 3756 1482 3816 Οὕτως
1535 3749 1624 3805 οὖν
1663 3759 1765 3815 πᾶς

1911 3748 2222 3804 snvineere
2249 3764 2265 3804 :
2297 3749 2521 3820 quibus
2541 3749 2674 3804 haec
2697 3755 2901 3821 aperte
2925 3766 2995 3806 ac
3023 3747 3332 3805 evidenter
3354 3755 3523 3806 testa-

153 3839 200 3902 ἐξ
237 3843 412 3914 ὑμῶν,
467 3843 518 3902 ὃς
561 3841 654 3894 ούκ
710 3840 1069 3896 ἀποτάσσεται
1104 3849 1241 3895 πᾶσι
1286 3850 1397 3904 τοῖς
1437 3842 1624 3895 ἑαυτοῦ
1648 3845 1762 3912 (46)

1911 3853 1982 3906 1r,
2015 3837 2121 3894 ubi
2141 3837 2286 3894 dicit
2316 3856 2331 3895 ς
2365 3839 2465 3895 Sic
2485 3855 2628 3909 ergo
2650 3841 2842 3894 omnis
2863 3855 2932 3896 ex
2959 3840 3139 3910 vobis,
3163 3839 3270 3912 qui
3290 3855 3411 3895 non
3434 3855 3523 3895 re-

154 3931 521 4006 ὑποὶρχουσιν,
597 3930 657 3984 ού
733 3927 958 3984 δύναταί
1021 3951 1123 4004 μου
1190 3929 1320 3984 εἶναι
1357 3934 1633 4005 μαθητής·
1675 3935 1766 3984 xui

1915 3930 2113 3985 untiat
2134 3929 2409 3985 omnibus
2428 3944 2561 3999 quae
2578 3930 2864 3997 possidet,
2879 3946 2998 3985 non
3017 3936 3209 3998 potest
3223 3945 3384 3985 meus
3405 3945 3527 3987 esse

152 4018 396 4092 ἀλλαχοῦ
471 4021 602 4092 μετα
664 4023 746 4089 τὸ,
816 4021 875 4074 Εἰ
938 4022 1094 4082 θέλεις
1158 4021 1372 4094 τέλειος.
1415 4018 1566 4092 εἶναι,
1633 4041 1764 4095 προ-

1913 4019 2206 4088 iscipulus
2223 4020 2292 4074 ιι.
2335 4020 2403 4073 Et
2431 4018 2572 4074 alibi
2605 4024 2741 4091 post
2780 4019 2953 4084 illud,
2996 4021 3068 4075 Si
3108 4021 3193 4075 vis
3227 4021 3525 4089 perfectus

149 4128 293 4182 τερον
337 4109 610 4170 εἰπόντος·
657 4108 873 4182 Ὕπαγε,
914 4109 1161 4169 πώλησόν
1192 4130 1288 4164 σου
1327 4114 1394 4164 τὰ
1435 4112 1761 4186 ὑπάρχοντα,

1916 4123 2008 4179 ιεε,
2043 4107 2212 4179 prius
2239 4107 2474 4163 dixerat
2507 4124 2520 4162 :
2556 4107 2734 4178 Vade,
2768 4109 2955 4165 vende
2981 4123 3114 4179 qua
3143 4108 3340 4176 habes,
3363 4116 3419 4166 et
3446 4109 3528 4167 da

149 4204 237 4252 ui
282 4195 385 4260 δός
423 4205 697 4270 πτωχοίςο
748 4204 838 4252 καὶ
893 4202 1010 4252 τότε
1064 4199 1410 4273 ἐπαγαγόντος
1437 4201 1535 4271 ξτό,
1588 4206 1761 4276 Δεῦρο,

1916 4197 2239 4268 auperibus
2250 4199 2548 4268 {sumque
2573 4196 2708 4268 subj
2720 4197 2916 4253 unxit:
2935 4198 3079 4253 Veni
3084 4213 3348 4270 ,sequere
3364 4202 3528 4256 meas.

151 4287 435 4341 ἆαολούθει
492 4306 603 4360 μοι.
663 4292 765 4342 Καὶ
839 4290 868 4347 ἡ
936 4288 1207 4364 παραϐολή
1249 4285 1311 4343 δε
1370 4295 1464 4343 τοῦ
1539 4287 1763 4365 ἐμπόρου

1920 4290 2066 4360 tque
2095 4287 2278 4342 etiam
2317 4286 2667 4342 mercatoris
2703 4285 2998 4358 parabola
3027 4287 3146 4342 huc
3176 4288 3355 4360 350
3388 4304 3529 4362 spe-

150 4382 310 4430 πητὶ
369 4382 546 4449 σαφής
598 4380 707 4448 (47)
759 4376 873 4432 ἔστι
931 4386 1006 4450 τῷ
1071 4379 1357 4452 εὐγνώμονι
1419 4382 1554 4453 πρὸς
1613 4387 1762 4432 τοῦτο

1914 4381 2036 4432 tare
2065 4375 2256 4431 cuivis
2277 4390 2453 4447 azquo
2473 4391 2676 4430 rerum
2696 4375 3048 4432 mstimatori
3081 4376 3408 4434 videbitur.
3435 4379 3526 4435 Si-

151 4473 411 4541 φέρουσα.
453 4465 644 4539 Ὁμοία
694 4470 796 4542 γὰρ
847 4465 980 4536 ἐστι,
1041 4473 1228 4542 φησὶν,
1278 4469 1310 4526 ἡ
1371 4465 1621 4541 βασιλεία
1667 4478 1763 4522 τῶν

1921 4467 2017 4522 rite
2040 4470 2126 4522 est
2147 4467 2334 4529 enim,
2355 4463 2572 4536 inquit,
2599 4479 2854 4534 regnum
2873 4467 3159 4522 metarum
3187 4468 3420 4524 homini
3435 4483 3533 4526 ne-

155 4559 399 4630 ούρανῶν
448 4553 702 4631 ἀνθρώπῳ
755 4555 988 4632 έμπόρῳ,
1039 4557 1285 4618 ζητοῦντι
1337 4556 1526 4620 καλούς
1565 4577 1767 4631 μαργαο

1921 4555 2484 4626 otiatori,quaerenti
2496 4555 2680 4611 bonas
2690 4556 3322 4625 margaritas;inventa
3333 4564 3533 4616 autem

153 4652 332 4719 ρίτας,
365 4646 424 4708 ὃς
473 4645 634 4719 εύρὼν
681 4645 770 4698 ἕνα
813 4645 1098 4719 πολύτιμον
1151 4665 1503 4720 μαργαριτην,
1536 4645 1765 4700 ἀπελθὼν

1922 4660 2001 4702 na
2035 4645 2302 4715 pretiosa
2341 4644 2702 4715 margarita,
2737 4645 2910 4710 abiit,
2941 4651 2997 4702 et
3025 4647 3293 4704 vendidit
3331 4649 3534 4705 omnia

155 4735 402 4793 ἑπώλησε
442 4735 615 4788 πάντα
652 4736 754 4787 ὅσα
800 4733 934 4808 εἶχε,
967 4741 1058 4789 καὶ
1103 4737 1359 4812 ἠγόρασεν
1399 4737 1576 4790 αὐτόν.
1609 4736 1767 4797 Δῆλον

1921 4752 2009 4793 um
2021 4735 2254 4805 habuit,
2274 4740 2329 4790 et
2345 4735 2484 4790 emit
2499 4735 2703 4790 eam".
2719 4733 2971 4791 Planum
2993 4740 3082 4792 est
3098 4737 3262 4792 enim
3281 4753 3533 4803 regnum

155 4830 283 4900 γὰρ,
331 4827 419 4878 ὅτι
458 4826 484 4876 ὀ
531 4823 812 4898 πολύτιμος
849 4830 1180 4900 παργαρίτης
1216 4829 1348 4900 πρὸς
1384 4831 1476 4885 τὴν
1518 4828 1767 4899 ὁμοίωσιν

1917 4825 2117 4882 celeste
2160 4839 2270 4896 per
2313 4823 2640 4896 pretiosam
2689 4825 3086 4896 margaritam
3138 4825 3529 4881 adumbrari:

226 4937 274 4971 ³⁸
311 4937 608 5062 ξὲοὶὸιιν,
641 4937 726 4989 26.
822 4935 870 4969 ³³
898 4937 1020 4990 Act.
1054 4950 1108 5001 v,
1143 4938 1232 4990 29.
1332 4937 1380 4970 ³³
1402 4934 1659 5008 Philipp.
1694 4950 1772 4991 ιιι.
1807 4937 1838 4990 4

226 5022 279 5062 [ι.
392 5049 409 5062 .
514 5045 527 5059 .

1911 4974 1921 4988 .
2012 4933 2059 4967 ³⁸
2083 4934 2223 4987 Luc.
2254 4946 2377 5000 xtv,
2405 4935 2495 4988 33.
2595 4933 2643 4968 ³⁵
2675 4930 2874 4988 Matth.
2910 4947 3028 4995 xxx,
3059 4935 3150 4987 2t.
3245 4931 3292 4965 ²⁶
3322 4929 3523 4986 Matth.

160 5022 279 5076 xm,
312 5022 409 5076 οδ,
439 5022 527 5060 ιο.

229 5116 350 5185 (43)
382 5111 579 5185 Editio
614 5111 803 5185 _Bas_il.
831 5112 1081 5185 perinde
1119 5115 1186 5169 ut
1224 5111 1406 5168 Paris.
1439 5111 1523 5185 ἐπὶ
1545 5121 1773 5185 Ατοίςκα-

1325 5111 1406 5168 'is.
1439 5111 1523 5185 ini
1545 5121 1657 5185 τοῖς
1677 5132 1773 5165 κα·
1881 5110 2122 5185 primus
2150 5115 2503 5185 Κυρίου-μου,
2535 5111 2778 5167 Domini

164 5177 296 5250 ιιές,
329 5177 461 5311 Suo
501 5183 652 5239 nihil
692 5177 928 5240 alienus
957 5190 1063 5241 aut
1086 5185 1366 5265 ineptius.
1407 5183 1775 5266 Editionven.

164 5264 221 5311 et
249 5273 328 5311 eo
374 5272 454 5311 ex
482 5257 655 5311 Voss.
694 5261 751 5311 et
780 5255 1054 5311 Combef.
1092 5261 1148 5310 et
1183 5255 1287 5310 alu
1323 5254 1448 5311 duo
1488 5257 1649 5311 Regu
1687 5274 1776 5307 και

1629 5186 1775 5240 Ven.
1883 5177 1903 5184 ’
1959 5184 2071 5250 (45ὶ
2103 5177 2244 5252 Reg.
2278 5177 2514 5254 ρτὶὶηιιὲ
2543 5186 2661 5254 περὶ
2689 5188 2788 5232 τῶν
2818 5180 2869 5232 έν
2905 5177 3214 5251 ἅνθρώπόις.

1602 5255 1649 5311 Γίὶ
1687 5274 1779 5307 καθ
1961 5257 2076 5311 (46)
2104 5251 2269 5308 Idem
2295 5269 2389 5308 ms
2416 5259 2527 5311 τοῖς
2552 5252 2736 5311 ἑαυτῷ.

164 5264 221 5331 et
249 5251 454 5331 codex
482 5257 655 5312 Voss.
694 5261 751 5311 et
780 5255 1054 5331 Combef.
1092 5261 1148 5310 et
1183 5251 1287 5310 alii
1323 5254 1448 5311 duo
1488 5255 1649 5326 Regii
1687 5274 1776 5307 και

1447 5290 1448 5297 ι
1488 5255 1649 5326 Regii
1687 5274 1779 5307 xu-
2104 5251 2403 5331 [geni—ma
2416 5259 2527 5331 τοξς
2552 5251 2736 5321 ἑαυτῷ.
2931 5321 2970 5331 ἢ
3049 5321 3059 5330 ι

165 5327 545 5400 λοῖςλποῐιιε.Δ
943 5327 947 5336 ’
1011 5399 1047 5400 η
1307 5398 1331 5400 β
1398 5397 1409 5400 _
1530 5321 1600 5400 η’
1664 5395 1677 5400 _
1749 5395 1765 5400 -

1925 5321 2079 5400 _(§7)
2127 5323 2317 5400 liditio
2356 5323 2762 5400 _Bas_il._.i_eque
2811 5337 2882 5376 ac
2920 5321 3312 5400 _Par_is._1ruvri
3359 5333 3537 5400 σαφός,

237 5403 359 5470 (44)
393 5397 703 5470 Editiones
723 5403 956 5455 veteres
976 5399 1104 5452 αλλὰ
1131 5418 1267 5452 τινα.
1292 5397 1493 5454 Codex
1514 5395 1782 5470 Combef.

1926 5393 2093 5470 lodex
2122 5392 2395 5470 Combef.
2434 5398 2490 5447 et
2518 5392 2617 5448 alii
2647 5398 2762 5446 tres
2793 5398 2984 5470 σαφής.
3018 5393 3246 5470 Ibidem
3276 5392 3538 5470 antiquae

169 5476 226 5527 et
246 5463 368 5528 'ali'i
411 5469 542 5526 duo
582 5467 714 5540 ἀλλ’.
749 5470 921 5524 ἅτινα.
955 5471 1166 5527 Statim
1216 5472 1355 5540 Reg.
1399 5467 1603 5524 tertius
1636 5466 1781 5519 Ἀλλά

1931 5463 2186 5540 ditiones
2216 5464 2420 5540 etduo
2444 5479 2599 5540 mss._
2625 5471 2724 5514 τῶν
2759 5463 3108 5536 εὐγνωμόνων.
3143 5467 3282 5536 Reg.
3312 5463 3542 5539 primus

169 5552 417 5615 μενοῦνγε
444 5547 558 5596 καί.
593 5539 823 5597 Ibidem
853 5547 973 5597 tres
999 5558 1144 5598 mss.
1177 5545 1244 5594 τὰ
1267 5533 1456 5596 πῐὶντα.
1488 5540 1615 5594 Mox
1646 5540 1781 5608 Reg.

1236 5563 1244 5594 ε
1267 5533 1456 5596 πῖὶντα.
1488 5540 1615 5594 MOI
1646 5540 1789 5608 Reg.
1898 5542 1956 5592 et
1983 5537 2151 5591 Voss.
2175 5539 2230 5590 et
2251 5533 2416 5591 Colb.
2449 5542 2520 5604 τῷ
2549 5533 2848 5607 εὐγνώμονι.

464 5669 732 5725 ΡΑῐιιοι..
779 5667 879 5722 Gn.
930 5668 1105 5723 XXXI.
1896 5710 1913 5725 .

1896 5710 1913 5725 .
3262 5670 3330 5722 30
