4082 6178
533 238 636 293 943

1909 226 1967 283 S.
2009 224 2260 282 BASlLll
2296 225 2516 281 MAGNI

3781 222 3880 277 9“

533 374 711 430 agros
737 373 861 415 non
888 356 1257 430 simpliciter,
1289 352 1396 410 sed
1427 357 1681 423 propter
1703 367 1796 409 me
1821 357 1875 408 et
1910 350 2180 420 Evange-

2295 346 2487 415 ἁπλῶς,
2529 345 2635 400 ἀλλ’
2683 350 2843 401 ἕνεκεν
2889 344 3015 420 ἐμοῦ
3062 352 3153 400 καὶ
3198 353 3292 399 τοῦ
3339 344 3680 418 Εὐαγγελίου,
3731 343 3785 403 ὃς
3824 342 3883 395 ού

530 448 708 514 lium,
740 448 844 519 qui
874 462 994 502 non
1023 443 1283 512 accipiat
1310 442 1527 498 centies
1557 444 1792 496 tantum
1823 441 1889 495 in
1921 445 2183 508 tempore

535 536 669 604 hoc,
694 543 748 593 et
774 536 835 591 in
865 534 1084 592 sarculo
1115 536 1366 588 venturo
1397 532 1581 588 vitam
1611 536 1897 587 (sternam
1919 529 1987 583 ³⁸.
2017 528 2184 585 Certe

532 625 783 701 quidem
825 624 988 680 hisce
1032 620 1327 694 improbis
1374 618 1670 676 declarari
1718 622 1974 691 oportet,
2018 617 2185 690 ipsos

535 713 833 783 sacrilegii
881 711 1102 767 scelere
1152 708 1469 778 obstringi,
1521 708 1705 780 idque
1755 724 1831 763 ex
1881 711 2185 779 praecepto

532 801 794 869 Domini,
823 800 928 872 qui
957 801 1078 856 ait:
1109 800 1177 856 Si
1208 802 1547 869 peccaverit
1572 799 1773 868 frater
1808 802 1968 862 tuus,
2010 796 2183 860 vade,

522 892 772 960 corripe
797 907 927 946 eum
950 891 1020 957 ⁸⁸,
1051 893 1162 946 etc.
1214 888 1331 947 Sed
1383 904 1522 944 cum
1569 886 1714 960 ipsis
1757 903 1866 960 pro
1897 884 2188 943 tribunali

532 985 779 1038 externo
822 979 1057 1051 litigare
1095 983 1256 1036 vetat
1298 978 1534 1052 pietatis
1565 993 1784 1046 sermo,
1814 976 1908 1033 his
1946 975 2182 1032 verbis:

532 1070 613 1125 Ei
637 1071 744 1140 qui
766 1070 895 1125 vult
927 1074 1118 1125 tecum
1149 1068 1385 1138 judicio
1411 1066 1787 1130 contendere,
1816 1071 1872 1121 et
1916 1066 2185 1123 tunicam

535 1163 701 1213 tuam
733 1158 965 1224 tollere,
994 1156 1228 1212 dimitte
1255 1156 1310 1212 ei
1350 1161 1407 1212 et
1461 1154 1724 1224 pallium
1747 1154 1794 1188 ⁸ο
1819 1171 1833 1221 ;
1878 1157 1956 1222 et,
1985 1153 2183 1210 Audet

532 1246 756 1318 aliquis
794 1252 1077 1313 vestrum,
1110 1244 1333 1300 habens
1373 1244 1672 1313 negotium
1713 1243 2002 1299 adversus
2041 1244 2187 1299 alte-

534 1351 691 1397 runt,
723 1335 897 1406 352
929 1334 1227 1404 judicari,
1255 1333 1422 1403 apud
1463 1333 1719 1403 iniquos,
1758 1337 1814 1389 et
1854 1348 1973 1388 non
2020 1332 2188 1403 apud

533 1422 891 1480 sanctos“?
938 1421 1073 1478 tllos
1120 1427 1325 1478 autem
1376 1438 1583 1479 coram
1634 1421 1727 1478 his
1778 1421 1840 1478 in
1887 1421 2186 1493 judicium

534 1527 844 1581 vocemus,
892 1511 1122 1581 majore
1169 1511 1378 1569 habita
1429 1512 1658 1567 ratione
1703 1510 1912 1567 salutis
1964 1510 2186 1575 fratris,

536 1616 724 1671 quam
764 1599 954 1671 copiae
1002 1599 1372 1656 divitiarum.
1405 1603 1734 1674 Postquam
1785 1599 1945 1655 enim
1994 1599 2188 1656 Domi-

534 1703 650 1744 nus
680 1687 860 1744 dixit:
888 1688 956 1743 Si
979 1695 1037 1746 te
1064 1690 1348 1755 audierit,
1379 1688 1693 1761 subjunxit
1722 1706 1737 1745 :
1773 1689 2070 1745 Lucratus
2108 1704 2186 1755 es,

534 1793 657 1833 non
712 1778 1020 1850 pecunias,
1077 1778 1185 1834 sed
1229 1779 1490 1848 fratrem
1539 1785 1708 1834 tuum
1731 1779 1798 1833 ⁸².
1844 1780 1941 1834 Est
1988 1782 2191 1834 tamen

536 1882 678 1923 cum
734 1867 1140 1940 explanandte
1196 1868 1461 1924 veritatis
1511 1883 1717 1935 causa,
1772 1867 1908 1940 ipso
1958 1867 2193 1939 injuria:

536 1962 781 2013 auctore
810 1972 921 2013 nos
953 1972 1075 2014 non
1106 1972 1243 2014 raro
1274 1957 1354 2013 ad
1379 1957 1799 2014 communium
1828 1956 2193 2015 arbitrorum

531 2041 833 2112 judicium
863 2051 1250 2116 provocante,
1284 2045 1364 2102 ad
1393 2061 1651 2101 examen
1677 2045 2055 2113 devenimus,
2085 2062 2192 2103 ne-

534 2145 850 2204 quaquam
871 2132 988 2205 ipsi
1009 2134 1301 2205 aggressi,
1323 2133 1430 2190 sed
1450 2150 1554 2190 eos
1582 2133 1690 2208 qui
1718 2139 2193 2207 provocaverant

537 2220 743 2277 secuti.
774 2236 899 2276 non
936 2229 1211 2278 nostrum
1241 2223 1343 2278 irae
1384 2227 1487 2279 aut
1529 2224 1928 2280 contentionis
1958 2228 2192 2281 motum

534 2307 600 2364 in
647 2315 924 2381 apertum
963 2310 1357 2383 proferentes,
1402 2312 1509 2368 sed
1538 2313 1845 2369 veritatem
1884 2313 2195 2371 declaran-

537 2400 649 2454 tes.
684 2396 777 2453 Sic
807 2398 968 2454 enim
1000 2404 1056 2455 et
1081 2398 1250 2457 illum
1281 2415 1317 2455 a
1348 2400 1525 2457 malis
1550 2401 1883 2458 eximemus
1921 2401 2016 2458 vel
2043 2401 2194 2458 invi-

535 2488 687 2553 tum,
720 2492 779 2543 et
816 2486 930 2559 ipsi
983 2487 1276 2544 mandata
1320 2488 1422 2544 Dei
1458 2504 1582 2545 non
1626 2489 2015 2557 violabimus,
2059 2495 2193 2547 tan-

537 2589 729 2645 quam
761 2574 861 2630 Dei
887 2575 1160 2644 ministri,
1192 2590 1315 2631 non
1345 2591 1674 2648 pugnaces,
1704 2593 1817 2633 nec
1847 2577 2016 2634 avari
2052 2593 2193 2634 con—

539 2665 766 2720 stanter
808 2663 1044 2719 veritati
1086 2663 1523 2736 patet‘aciendas
1555 2665 1913 2734 insistentes,
1947 2672 2003 2723 et
2046 2683 2194 2723 nus-

539 2764 726 2821 quam
758 2766 1119 2808 concessum
1146 2750 1329 2807 studii
1354 2753 1605 2810 modum
1633 2754 2013 2812 excedentes.

1057 2968 1571 3027 INTERROGATIO
1613 2970 1672 3026 X.

538 3072 695 3132 Num
717 3091 912 3132 omnes
941 3076 1047 3146 qui
1074 3077 1390 3153 accedunt,
1420 3077 1761 3153 reeipiendi
1776 3079 1920 3153 sint,
1943 3081 2038 3136 vel
2066 3080 2194 3153 qui-

609 3163 749 3219 nam
769 3161 793 3202 :
821 3154 874 3203 et
908 3152 1110 3203 utrum
1141 3148 1344 3204 statim
1375 3148 1497 3203 sint
1523 3149 1905 3219 admittendi,
1941 3167 2022 3208 an
2053 3148 2188 3210 cum

603 3218 981 3288 probatione,
1011 3225 1065 3274 et
1096 3234 1229 3275 cum
1260 3219 1434 3290 quali
1456 3219 1831 3289 probatione.

1157 3345 1567 3402 RESPONSIO.

562 3492 567 3497 .
614 3455 680 3507 t.‘
706 3453 855 3508 Cum
893 3450 1195 3521 benignus
1243 3454 1420 3517 Deus,
1452 3451 1740 3524 idemque
1779 3451 2049 3511 Salvator
2084 3471 2192 3514 no-

536 3544 658 3597 ster
684 3542 853 3596 Jesns
879 3541 1150 3598 Christus
1177 3540 1483 3613 praedicet,
1517 3557 1590 3597 ac
1622 3540 1787 3598 dicat
1813 3560 1827 3598 :
1871 3544 2071 3600 Venite
2107 3546 2191 3603 ad

535 3642 649 3697 me,
688 3645 888 3687 omnes
929 3632 1035 3702 qui
1073 3630 1386 3698 laboratis,
1414 3637 1469 3687 et
1511 3632 1749 3688 onerati
1788 3634 1948 3702 estis,
1986 3640 2043 3691 et
2080 3651 2188 3706 ego

535 3720 800 3788 reﬁciam
828 3735 929 3775 vos
952 3721 1034 3785 ‘3;
1065 3714 1472 3791 periculosum
1498 3724 1585 3775 est
1621 3720 1907 3791 repellere
1949 3739 2054 3780 eos
2082 3725 2189 3797 qui

534 3814 741 3866 nostra
768 3824 955 3881 opera
983 3808 1281 3865 accedunt
1312 3807 1391 3863 ad
1420 3807 1763 3878 Dominum,
1794 3810 2053 3883 ejusque
2094 3814 2189 3885 ju-

534 3911 680 3967 gum
712 3912 920 3964 suave,
944 3913 1015 3953 ac
1045 3901 1481 3969 praeceptorum
1512 3912 1688 3964 onus,
1709 3913 1834 3970 quo
1857 3898 1937 3955 ad
1966 3900 2186 3958 ccelum

532 3984 881 4051 attollimur,
899 3985 1098 4040 subire
1114 3983 1343 4040 volunt.
1362 3988 1478 4041 Nec
1495 3988 1697 4042 tamen
1715 3987 2187 4058 permittendum

531 4078 642 4137 est,
673 4078 739 4130 ut
764 4073 925 4130 ullus
951 4073 1130 4131 illotis
1170 4073 1428 4145 pedibus
1454 4075 1532 4130 ad
1580 4079 1795 4131 sancta
1821 4076 2188 4137 documenta

527 4162 749 4231 veniat,
772 4162 879 4221 scd
908 4161 1431 4235 quemadmodum
1465 4162 1757 4219 Dominus
1782 4170 1986 4223 noster
2010 4168 2187 4226 Jesus

529 4252 797 4309 Christus
839 4249 1286 4308 adolescentem
1333 4250 1439 4324 qui
1487 4251 1566 4308 ad
1615 4268 1680 4308 se
1727 4261 2066 4314 accesserat
2108 4257 2184 4315 de

526 4340 658 4409 ejus
685 4340 809 4397 vita
853 4345 1130 4397 anteacta
1177 4345 1567 4412 percontatus
1595 4346 1705 4410 est,
1735 4359 1997 4418 cumque
2045 4363 2180 4404 eam

524 4431 682 4484 recte
710 4426 893 4484 fuisse
918 4434 1118 4484 actam
1149 4429 1558 4502 comperisset,
1593 4436 1884 4503 praeterea
1915 4439 1977 4491 ut
2006 4451 2178 4493 com-

594 4568 643 4603 ³⁸
692 4569 869 4627 Marc.
909 4585 972 4635 κ,
1009 4573 1099 4637 29,
1140 4574 1230 4627 30.

1324 4572 1372 4607 ³⁹
1421 4573 1619 4630 Matth.
1661 4588 1819 4642 xvm,
1868 4580 1952 4634 15.

522 4637 571 4674 ⁴³
609 4640 810 4696 Matth.
849 4656 933 4709 x1,
974 4645 1065 4698 28.

590 4763 891 4840 (_62)__lllud
913 4761 1231 4840 ὃικᾴζεσθαι
1260 4762 1319 4819 δε
1347 4771 1464 4839 περί
1489 4767 1677 4840 αὐτῶν,
1702 4773 1840 4838 etc.,
1861 4769 1943 4828 ita
1965 4772 2167 4830 Latine

514 4835 779 4911 reddidit
816 4841 989 4911 vetns
1010 4838 1334 4908 interpres:
1362 4835 1551 4894 Porro
1580 4835 1769 4896 de'ltis
1798 4835 1972 4898 rebus
1994 4860 2167 4911 expe-

516 4909 636 4963 riri
669 4908 837 4977 apud
869 4908 1106 4977 judices
1135 4911 1457 4976 extrarios,
1498 4917 1658 4967 uetat
1706 4928 1813 4968 nos
1852 4914 2005 4971 idem
2048 4908 2164 4972 Do-

513 4980 898 5057 minus.'__sed
929 4980 1032 5057 qui
1056 4979 1218 5057 hunc
1247 4980 1449 5057 locum
1482 4982 1980 5057 paulo__atten_tius
2008 4985 2167 5057 lege-

512 5051 606 5117 rit,
656 5050 861 5125 facile,
893 5049 1133 5125 opinor,
1181 5049 1973 5125 fatebitur'intelligendum
2020 5049 2164 5115 eum

510 5137 647 5178 esse
677 5138 799 5196 non
826 5121 900 5196 de
930 5122 1133 5187 rebus,
1163 5121 1269 5178 scd
1299 5121 1375 5196 de
1405 5126 1698 5196 personis.

584 5193 844 5271 (δυτψ
903 5210 1048 5271 mss.
1100 5193 1597 5271 προσκαλεσῶμᾷεθα.
1652 5195 1762 5271 Alii
1799 5199 2162 5271 προσκαλεσά-

507 5264 802 5340 μεθαηΑιὶἱ
833 5264 1608 5340 προκαλεσόμεθαηλίοξὲἶθε.
1649 5264 1882 5340 primus
1919 5279 2015 5334 τῆς
2061 5280 2162 5324 τῶν

507 5336 784 5414 stringe-sttui»
806 5336 1133 5414 πέριομσίαςζ
1158 5337 1369 5414 Statim
1392 5338 1515 5394 duo
1536 5336 1684 5394 diss.
1705 5338 1856 5414 353d
1877 5347 2157 5414 χρήματα.

576 5406 705 5484 (6Q
734 5406 892 5475 Regii
920 5406 1049 5484 ‘duo
1079 5409 1390 5484 mssLizga‘t;
1436 5416 1527 5484 τοῦ
1553 5419 1671 5472 τῆς.
1704 5409 1857 5484 Εᾴἰῑὶ
1877 5406 2021 5484 iuit;
2045 5421 2157 5475 τῆς.

505 5474 637 5529 Mox
668 5474 1076 5545 Reg.'primus
1106 5485 1164 5550 βε
1206 5474 1375 5535 Colb.
1406 5480 1480 5541 εἰς
1529 5485 1705 5539 κοινὴν
1754 5474 2059 5550 διάσκὶψιν,
2094 5474 2159 5541 ἰὴ

505 5560 879 5605 communem
907 5548 1467 5625 considerationem,
1492 5552 1586 5610 vel
1627 5551 1855 5627 potius,
1883 5548 1967 5613 ad
1994 5548 2159 5617 cam-

2213 4388 2259 4444 D

2050 4578 2099 4615 ‘°
2146 4579 2350 4638 Matth.
2388 4594 2443 4647 v,
2482 4580 2576 4635 40.

2291 442 2363 512 μη
2408 437 2539 511 λάϐῃ
2591 436 3096 491 ἑκατονταπλασίονα
3123 435 3172 489 έν
3200 444 3272 507 τῷ
3301 445 3466 511 καιρῷ
3507 438 3694 506 τούτῳ,
3726 438 3812 486 καὶ
3835 431 3883 486 ἐν

2290 536 2363 598 τῷ
2424 526 2573 578 αἰῶνι
2624 534 2695 597 τῷ
2741 524 3007 601 ἐρχομένῳ
3055 526 3194 586 ζωὴν
3247 524 3471 578 αἰώνιον.
3519 529 3638 584 Τοῖς
3690 541 3748 594 γε
3793 526 3885 593 μὴν
3926 556 3933 559 -

2292 614 2654 688 ἀγνωμονοῦσι
2697 611 3166 689 διαμαρτύρασθαι
3194 617 3305 687 χρὴ
3355 618 3449 672 την
3478 620 3576 674 τῆς
3605 609 3886 687 ἱεροσυλίας

2292 704 2576 778 ἁμαρτίαν,
2627 706 2764 757 κατὰ
2816 708 2910 763 τὴν
2973 702 3177 762 έντολην
3225 710 3317 755 τοῦ
3378 707 3572 776 Κυρίου
3621 702 3884 761 εἰπόντος’

2296 795 2411 849 Ἐὰν
2442 794 2649 868 ἁμάρτῃ
2690 795 2717 845 ό
2760 790 2976 866 ἀδελφός
3006 812 3124 860 σου,
3155 793 3342 865 ὕπαγε,
3375 792 3573 864 ἔλεγξον
3603 791 3779 857 αὑτὸν,
3803 794 3887 841 καὶ

2293 887 2360 938 τὰ
2402 884 2485 947 ἐξῆ
2499 904 2538 945 ς.
2571 884 2893 944 Δικάζεσθαι
2930 883 3046 955 (62)
3078 879 3137 935 δε
3166 885 3285 956 περὶ
3315 882 3485 934 αὐτῶν
3515 880 3599 933 ἐπὶ
3628 877 3887 938 δικαστη-

2294 977 2418 1047 ρίων
2462 971 2713 1035 ἑξωτικῶν
2762 970 3115 1048 ἀπηγόρευσεν
3163 973 3189 1024 ὁ
3258 980 3354 1033 τῆς
3417 969 3706 1032 θεοσεϐείας
3746 968 3888 1041 λόγος

2298 1059 2370 1115 δι’
2416 1062 2483 1113 ὧν
2527 1080 2657 1134 φησι
2680 1082 2694 1094 ·
2734 1067 2819 1132 Τῷ
2857 1060 3052 1114 θᾶοντί
3084 1080 3140 1114 σε
3164 1062 3431 1134 κριθῆναι,
3461 1064 3550 1111 καὶ
3577 1063 3665 1113 τόν
3694 1058 3890 1131 χιτῶνά

2301 1168 2394 1203 σου
2432 1149 2623 1217 λαϐεῖν,
2652 1148 2776 1223 ἄφες
2807 1150 2944 1221 αύτῷ
2991 1155 3082 1202 καὶ
3119 1153 3178 1202 τό
3211 1151 3418 1222 ἱμάτιον
3442 1170 3455 1182 ·
3487 1152 3575 1201 τόν
3616 1150 3697 1201 ὅτι
3722 1148 3891 1221 Τολμᾷ

2295 1258 2377 1301 τις
2418 1240 2579 1313 ὑμῶν,
2627 1245 2847 1314 πρᾶγμα
2895 1241 3031 1310 ἔχων
3073 1242 3203 1313 πρὸς
3254 1241 3341 1290 τὸν
3390 1239 3581 1311 ἕτερον,
3629 1240 3891 1312 κρίνεσθαι

2297 1326 2380 1381 έπὶ
2427 1337 2527 1382 τῶν
2576 1324 2795 1394 ἀδίκων,
2841 1333 2930 1380 καὶ
2974 1328 3103 1400 ούχὶ
3152 1326 3237 1379 ἐπὶ
3277 1336 3379 1379 τῶν
3424 1326 3618 1398 tie/ito»;
3665 1332 3761 1380 Καὶ
3809 1326 3893 1379 ἰπὶ

2296 1419 2489 1470 τούτων
2538 1413 2598 1469 δὲ
2640 1416 2711 1478 εἰς
2754 1421 2929 1492 κρίσιν
2977 1416 3462 1492 προσκαλεσώμεθα
3504 1417 3638 1487 (63),
3695 1414 3894 1468 πλείονα

2295 1506 2446 1579 λόγον
2491 1509 2698 1578 ἔχοντες
2726 1513 2823 1569 τῆς
2872 1514 2965 1559 τοῦ
3010 1499 3237 1579 ἀδελφοῦ
3288 1510 3572 1578 σωτηρίας,
3604 1506 3635 1564 ἣ
3668 1513 3758 1565 τῆς
3797 1513 3893 1557 τῶν

2298 1598 2589 1672 χρημάτων
2632 1600 2955 1669 περιουσίας.
2992 1600 3091 1648 Καὶ
3134 1597 3237 1670 γὰρ
3287 1596 3312 1647 ὁ
3360 1598 3551 1669 Κύριος
3582 1594 3755 1663 εἰπὼν,
3782 1594 3894 1647 Ἐάν

2228 1692 2271 1748 Β
2300 1704 2397 1738 σου
2438 1683 2659 1758 ἀκούσῃ,
2688 1683 2966 1757 ἐπήγαγεν.
2996 1680 3340 1757 Ἐκέρδησας,
3366 1683 3493 1755 οὐχὶ
3522 1685 3589 1736 τὰ
3625 1687 3891 1756 χρήματα,

2301 1773 2431 1826 ἀλλὰ
2475 1777 2562 1825 τὸν
2607 1770 2825 1845 ἀδελφόν
2877 1793 2993 1828 σου.
3033 1772 3189 1826 ’Ἐστι
3232 1769 3293 1825 δί
3336 1774 3419 1825 ὅτε
3467 1774 3593 1846 ὑπὲρ
3641 1780 3732 1824 τοῦ
3768 1791 3894 1846 τρα-

2299 1865 2525 1921 νωθῆναι
2589 1866 2684 1920 τὴν
2745 1860 2990 1921 ἀλήθειαν
3014 1905 3028 1929 ,
3078 1861 3240 1914 αὑτοῦ
3298 1861 3543 1922 πολλάκις
3607 1862 3748 1932 ἡμᾶς
3805 1868 3895 1913 τοῦ

2300 1962 2392 2014 τῆς
2416 1955 2529 2023 (64)
2562 1951 2930 2026 ἀγνωμοσύνης
2971 1953 3332 2025 κατάρχοντος
3369 1951 3442 2012 εἰς
3478 1955 3656 2009 κοινὴν
3693 1947 3897 2003 δίαιταν

2301 2040 2755 2117 προκαλουμένου,
2807 2039 3290 2113 συγκαταϐαίνομεν
3336 2043 3463 2112 πρὸς
3507 2043 3596 2092 τὸν
3649 2039 3897 2111 ἔλεγχον,

2301 2132 2396 2185 ούκ
2442 2131 2591 2183 αύτοὶ
2636 2129 3008 2206 κατάρξαντες,
3056 2128 3186 2182 ἀλλὰ
3238 2136 3348 2190 τοῖς
3398 2126 3899 2205 προσκαλεσαμένοις

2302 2219 2716 2286 ἀκολουθοῦντες,
2765 2219 2860 2271 οῦκ
2907 2215 3046 2272 ἴδιον
3092 2220 3260 2280 πάθος
3306 2217 3469 2292 ὀργῆς
3514 2219 3544 2276 ἣ
3592 2216 3899 2290 φιλονεικίας

2302 2309 2745 2384 πληροφοροῦντες
2792 2310 2939 2379 (65),
2998 2305 3128 2360 ἀλλὰ
3176 2312 3271 2367 τὴν
3330 2306 3573 2365 ἀληθειαν
3626 2314 3899 2380 φανεροῦν-

2302 2417 2409 2459 τες.
2482 2398 2635 2451 Οὕτω
2698 2400 2801 2470 γὰρ
2865 2395 3099 2449 κάκεῖνον
3163 2401 3254 2450 καὶ
3313 2398 3507 2450 ἄκοντα
3568 2403 3671 2448 τῶν
3734 2404 3902 2448 κακῶν

2303 2487 2666 2562 ἰξαιρησομεν,
2713 2491 2805 2539 καὶ
2858 2486 3008 2539 αὐτοὶ
3062 2489 3159 2549 τὰς
3214 2485 3420 2548 ἐντολὰς
3476 2484 3537 2538 ού
3592 2484 3903 2558 παρελευσό-

2301 2579 2436 2651 μεθα
2461 2577 2593 2647 (66),
2624 2578 2692 2637 ὡς
2724 2583 2857 2629 Θεοῦ
2889 2572 3126 2629 διάκονοι
3153 2577 3363 2648 ἄμαχοι
3402 2581 3493 2628 καὶ
3535 2574 3901 2650 ἀφιλάργυροι,

2301 2675 2364 2739 τῇ
2416 2672 2698 2739 φανερώσει
2747 2673 2844 2727 τῆς
2898 2663 3143 2725 ἀληθείας
3195 2665 3460 2727 εὐσταθῶς
3510 2667 3899 2736 συνιστάμενοι,

2302 2760 2392 2808 καὶ
2457 2752 2696 2828 οὐδαμοῦ
2765 2756 2825 2808 τὸ
2890 2750 3167 2828 δεδομένον
3231 2757 3418 2829 μέτρον
3484 2763 3578 2815 τῆς
3662 2749 3905 2814 σπουδῆς

2304 2843 2713 2921 ὑπερϐαίνοντες.

2898 2972 3213 3021 ΕΡΩΤΗΣΙΣ
3253 2965 3306 3021 Ι’.

2304 3083 2525 3152 Πότερον
2581 3081 2691 3150 χρὴ
2752 3076 2945 3136 πάντας
2992 3079 3111 3137 τοὺς
3164 3077 3477 3152 προσιόντας
3531 3068 3817 3152 δέχεσθαι,
3868 3074 3896 3132 ἦ

2373 3142 2549 3215 τίναςς
2581 3142 2670 3200 καὶ
2696 3147 2848 3210 εὐθὺς
2878 3147 3061 3207 αύτούς
3090 3142 3428 3222 προσίεσθαι,
3456 3145 3485 3203 ἦ
3518 3142 3652 3217 μετα
3682 3142 3904 3218 δοκιμα-

2374 3226 2511 3291 σίας,
2537 3224 2627 3272 καὶ
2657 3224 2809 3281 ποίας
2838 3222 3071 3284 ταύτης;

2233 3042 2274 3098 C

2923 3348 3307 3425 ΛῘΙΟΚΡῘΣῙΣ..

2373 3458 2422 3509 1.
2479 3459 2582 3507 Τοῦ
2649 3451 3011 3527 φιλανθρώπου
3078 3457 3213 3503 Θεοῦ
3276 3452 3367 3502 καὶ
3442 3455 3683 3521 Σωτῆρος
3757 3449 3904 3520 ἡμῶν

2300 3545 2477 3603 Ἰησοῦ
2535 3549 2769 3618 Χριστοῦ
2825 3544 3181 3615 κηρύσσοντος
3245 3544 3335 3592 καὶ
3399 3537 3638 3609 λέγοντος
3670 3558 3685 3571 ·
3754 3544 3905 3591 Δεῦτε

2296 3637 2424 3710 πρὸς
2488 3636 2591 3705 με,
2658 3634 2840 3691 πάντες
2899 3630 2948 3682 οἰ
3020 3637 3339 3693 κοπιῶντες,
3405 3632 3495 3679 καὶ
3553 3630 3907 3701 πεφορτισμέο

2296 3743 2414 3791 νοι,
2480 3719 2623 3793 κάγώ
2688 3718 2974 3771 ἀναπαύσω
3039 3718 3174 3791 ὑμᾶς
3217 3737 3232 3751 ·
3297 3716 3391 3769 οὐκ
3456 3712 3737 3768 ἀκίνδυνον
3805 3714 3905 3767 ἁπ-

2297 3813 2547 3866 ωθείσθαι
2587 3813 2707 3872 τοὺς
2749 3816 2821 3879 τῷ
2870 3812 3045 3883 Κυρίῳ
3101 3804 3175 3859 δι’
3228 3809 3374 3879 ἡμῶν
3425 3811 3761 3881 προσιόντας,
3812 3809 3904 3855 καὶ

2297 3901 2528 3955 ὑπελθεῖν
2577 3899 2736 3952 αὐτοῦ
2788 3901 2872 3951 τόν
2915 3900 3157 3972 χρηστὸν
3206 3896 3382 3968 ζυγὸν,
3414 3900 3504 3947 καὶ
3543 3899 3601 3947 rb
3655 3902 3756 3948 τῶν
3815 3891 3903 3946 iv-

2295 3990 2455 4045 τολῶν
2503 3994 2729 4064 φορτίον,
2780 3990 2837 4040 τό
2895 3989 3025 4060 πρὸς
3072 3985 3285 4060 οὐρανὸν
3338 3986 3478 4057 ἡμᾶς
3524 3984 3899 4056 ἀνακουφίζειν,

2297 4079 2657 4155 βουλομένους.
2691 4077 2769 4128 υύ
2815 4080 2913 4150 μὴν
2960 4070 3085 4127 οὐδε
3128 4073 3363 4136 ἀνίπτοις
3404 4078 3559 4126 ποσὶν
3608 4071 3904 4147 ἐπιτρέπειν

2293 4175 2403 4243 χρὴ
2463 4176 2557 4230 τῆς
2624 4170 2937 4240 σεμνότητος
3003 4162 3281 4216 ἐπιϐαίνειν
3337 4172 3437 4216 τῶν
3502 4159 3858 4234 «itaque».
3886 4181 3902 4193 ο

2295 4257 2403 4311 ἀλλ’
2468 4259 2640 4331 ὦσπιρ
2708 4256 2733 4307 ό
2802 4257 2989 4329 Κύριος
3049 4254 3195 4327 ἡμῶν
3252 4258 3443 4315 Ιησοῦς
3507 4254 3748 4326 Χριστός
3812 4253 3904 4303 τόν

2290 4346 2645 4423 προσελθόντα
2697 4362 2961 4396 νεανίσκον
3023 4340 3332 4418 ἐπηρώτησε
3389 4346 3509 4416 περὶ
3569 4347 3665 4393 τοῦ
3718 4343 3908 4415 προτέ-

2289 4456 2385 4513 ρου
2438 4434 2581 4511 βίου,
2623 4439 2709 4487 καὶ
2755 4434 2955 4507 μαθὼν,
3003 4433 3086 4485 ὅτι
3128 4432 3491 4507 κατώρθωται,
3529 4433 3590 4482 rb
3630 4432 3765 4505 πρὸς
3806 4432 3906 4487 την

2653 4576 2696 4612 δ’
2740 4576 2761 4631 Ι
2803 4578 2936 4634 Cor.
2976 4588 3056 4643 vr,
3100 4578 3150 4631 t.
3244 4574 3294 4610 ⁴²
3346 4571 3545 4631 Matth.
3591 4585 3753 4641 xvm,
3802 4575 3896 4627 15.

2275 4788 2459 4831 mune
2502 4771 2869 4829 arbitrium:
2900 4769 3007 4826 sed
3051 4784 3175 4825 non
3220 4767 3430 4825 dubito
3472 4765 3637 4840 quin»
3671 4766 3906 4840 praete:

2272 4845 2463 4901 renda
2489 4846 2563 4900 sit
2602 4843 2902 4919 scriptura
2942 4840 3223 4919 vulgata;
3248 4854 3445 4919 eoque
3467 4838 3703 4919 magis;
3727 4838 3908 4912 quod

2272 4920 2543 4973 veterum
2575 4909 2983 4973 quorumdam
3024 4909 3323 4969 librorum
3344 4909 3725 4967 ‘testimonio
3749 4909 3908 4966 bon-

2271 4987 2566 5044 ﬁrmetur.
2592 4980 2819 5041 [bidem
2845 4983 3040 5056 codex
3062 4982 3230 5040 Colb.
3254 4980 3747 5056 προσκαλουμένου.
3779 4980 3905 5056 ΑΒ-

2270 5058 2522 5131 quando
2552 5057 2707 5113 intra
2755 5059 2897 5126 Reg.
2928 5055 3161 5127 primus
3208 5052 3573 5111 emendatus
3598 5053 3903 5128 προκαλεσ-

2340 5150 2466 5193 νοις.

2493 5200 2633 5269 Reg.
2657 5198 2904 5272 primus
2930 5202 2991 5272 et
3021 5198 3191 5254 Voss.
3237 5197 3547 5272 φιλονεικίας
3593 5202 3900 5257 κινοῦντες.

2273 5266 2474 5328 Codex
2502 5266 2770 5328 Coinbcf.
2805 5276 2862 5325 et
2886 5269 2988 5342 alii
3006 5283 3161 5342 cum
3186 5266 3360 5342 editis
3389 5266 3855 5342 πληροφοροῡντςς
3886 5280 3901 5319 :

2271 5342 2440 5415 quod
2486 5357 2609 5398 non
2634 5342 2852 5415 inepte
2882 5340 2966 5396 ita
2980 5339 3148 5415 forte
3184 5339 3337 5396 verti
3362 5338 3608 5412 poterit,
3629 5338 3901 5393 'motttm

2269 5412 2668 5470 contentionis
2699 5412 2819 5468 non
2848 5412 3179 5482 explentes.

2345 5486 2452 5554 (66)
2491 5485 2691 5540 Codex
2723 5483 2887 5541 Colb.
2917 5479 2976 5536 ού
3006 5479 3534 5556 παρασαλευσόμεθοι,
3569 5495 3693 5538 non
3723 5493 3898 5537 ever-

2270 5561 2459 5615 temus
2490 5555 2803 5614 mandata.
