4082 6178
492 243 591 296 951

1858 227 1917 282 S.
1959 223 2211 282 BASILII
2245 224 2465 282 IAGNI

3753 223 3872 276 952

490 360 933 433 donariumque
964 360 1081 415 Deo
1101 355 1521 412 consecratum
1541 349 1871 408 abstulerit.
1904 348 2139 415 Quibus
2173 356 2189 404 l

2303 355 2342 400 »ῦ
2369 354 2504 402 Θεοῦ
2532 350 2590 400 τὸ
2621 345 2884 420 ἀνάθημα.
2926 342 3020 409 Οἷς
3062 344 3269 416 εὔλογόν
3296 342 3428 411 ἐστι,
3459 347 3657 417 μηκέτι
3693 345 3878 418 θύραν

495 466 739 524 mquum
770 452 859 505 est
885 463 1008 504 non
1033 443 1293 516 amplius
1326 442 1483 498 tores
1513 440 1764 497 fratrum
1794 438 2034 513 aperiri,
2067 454 2142 496 ne

496 540 544 596 si
573 544 635 595 in
660 537 829 595 brevi
851 535 1100 609 quidem
1123 531 1383 588 transitu
1411 530 1489 586 ad
1513 529 1890 602 poscendum
1922 532 2143 584 tectum

498 628 873 686 accederent.
907 621 1231 695 Perspicua
1276 625 1365 677 est
1408 620 1569 676 enim
1610 618 1884 692 Apostoli
1913 616 2146 688 regula,

498 734 624 793 qua
647 716 937 788 jubemur
967 712 1304 767 subducere
1333 725 1445 766 nos
1470 708 1548 766 ab
1583 708 1750 765 omni
1776 706 2148 773 inordinato,

502 820 697 878 neque
726 800 1103 859 commisceri
1124 815 1265 856 cum
1296 798 1418 867 illo,
1443 802 1508 855 ut
1538 796 1945 854 confundatur
1969 796 2041 852 ³³.

1002 906 1514 964 ιΝΤΕΒΗΟϐΑΤΙΟ
1546 907 1657 960 XV.

509 1002 639 1070 Qua
657 1004 832 1056 aetate
840 997 1307 1068 permittendum
1320 997 1397 1051 sit
1410 1000 1473 1050 ut
1493 996 1610 1051 Deo
1625 995 1844 1063 seipsos
1867 996 2159 1050 voveant:

544 1104 551 1107 ·
576 1106 696 1162 qua
716 1091 852 1145 item
879 1094 1054 1145 astate
1074 1087 1442 1157 virginitatis
1458 1085 1753 1155 professio
1775 1089 1912 1139 rata
1937 1082 2163 1139 haben-

579 1180 659 1235 da
686 1180 764 1234 sit
793 1183 849 1234 et
866 1179 1071 1245 ﬁrma.

1136 1282 1539 1357 RESPONSIO.

522 1394 531 1397 -
589 1379 637 1430 t.
661 1374 810 1427 Cum
834 1370 1121 1426 Dominus
1147 1370 1348 1426 dicat:
1388 1369 1579 1426 Sinite
1615 1369 2166 1439 pueros'venire’ad

514 1464 689 1529 me“,
716 1466 772 1516 et
797 1457 1119 1531 Apostolus
1142 1475 1283 1515 eum
1312 1457 1534 1520 laudet,
1567 1458 1671 1530 qui
1691 1459 1769 1514 ab
1789 1458 2049 1514 infantia
2071 1475 2169 1515 sa-

517 1566 651 1605 cras
681 1548 908 1603 litteras
939 1547 1149 1603 didicit
1168 1549 1237 1613 ‘3,
1266 1564 1599 1619 rursusque
1622 1548 1927 1620 praecipiat
1945 1547 2170 1603 liberos

518 1638 761 1694 educari
780 1638 841 1694 in
861 1635 1632 1710 disciplinaetcorreptione
1654 1638 1969 1706 Domini“,
1992 1653 2170 1693 omne

2250 446 2348 491 τῶν
2375 433 2606 510 ἀδελφῶν
2638 435 2961 508 ἀνοίγεσθαι,
3002 430 3142 508 μηδε
3182 433 3225 487 εἰ
3253 435 3389 486 κατὰ
3416 432 3578 504 ψιλήν
3607 452 3736 486 ποτε
3760 435 3876 487 ποε-

2254 524 2410 602 ροδον
2440 527 2554 598 (89)
2581 529 2774 586 σκέπης
2803 526 2963 578 ἕνεκεν
2985 520 3397 596 ἐπιδημήσασιν.
3429 523 3488 574 Ὀ
3507 525 3611 597 γὰρ
3635 521 3873 576 ἀποστο-

2232 616 2398 679 ιλίκὸς
2426 620 2591 668 κανὼν
2647 616 2882 690 φανερὸς.
2939 613 3154 667 κελεύων
3210 614 3346 685 ἡμᾶς
3394 611 3702 665 στέλλεσθαι
3759 610 3874 665 ἀπὸ

2256 706 2453 768 πανθὸς
2489 703 2736 772 ἀτάκτου,
2767 708 2859 757 καὶ
2901 707 2973 777 μὴ
3022 702 3508 774 συναναμίγνυσθαι
3556 701 3724 773 αὐτῷ,
3782 702 3872 755 ἵνα

2262 794 2486 869 ἐντραπῇ
2499 835 2513 849 .

2836 906 3149 955 ΕΡΩἸἮΣΙΣ
3189 898 3286 955 ῙΕ’.

2265 990 2392 1046 Ἀπὸ
2408 995 2559 1052 ποίας
2575 990 2789 1051 ἡλικίας
2807 990 3097 1065 ἐπιτρέπειν
3116 992 3226 1063 χρὴ
3258 987 3629 1062 καθομολογεῖν
3652 986 3877 1047 ἑαυτοὺς

2340 1092 2414 1154 τῷ
2439 1090 2574 1152 Θεῷ,
2605 1087 2696 1134 καὶ
2731 1080 2838 1150 (90)
2867 1085 2960 1139 την
2981 1087 3076 1143 τῆς
3100 1082 3377 1153 παρθενίας
3415 1077 3696 1152 ὁμολογίαν
3748 1083 3881 1132 πότε

2345 1170 2563 1246 βεϐαιαν
2592 1172 2858 1244 ἡγεῖσθαι.

2879 1280 3257 1333 ΑΠΟΚΡῙΣῙΣ.

2350 1373 2400 1424 1.
2446 1374 2551 1421 Τοῦ
2592 1371 2788 1442 Κυρίου
2816 1366 3086 1438 λέγοντος·
3130 1364 3314 1438 "Aper:
3350 1366 3417 1417 τὰ
3472 1360 3671 1416 παιδία
3720 1346 3885 1439 ἔρχεζ

2279 1462 2404 1513 σθαι
2445 1462 2578 1531 πρὸς
2615 1461 2697 1531 με,
2752 1462 2843 1508 καὶ
2889 1464 2981 1508 τοῦ
3040 1454 3361 1509 ’Δποστόλου
3418 1453 3754 1515 έπαινοῦντος
3798 1458 3885 1506 τὸν

2281 1549 2381 1602 ειπό
2426 1546 2653 1623 βρέφους
2692 1550 2759 1598 τὰ
2820 1546 2932 1621 ἱερὰ
2996 1548 3287 1619 γράμματα
3353 1545 3721 1617 μεμαθηκότα,
3793 1548 3885 1596 καὶ

2280 1637 2434 1691 πάλιν
2489 1634 2931 1710 παραγγέλλοντος
2987 1633 3240 1708 ἐκτρέφειν
3289 1635 3356 1686 τὰ
3415 1637 3571 1686 τέκνα
3634 1632 3685 1685 έν
3769 1653 3892 1685 παι-

519 1734 780 1800 tempus,
814 1726 1022 1799 primae
1061 1727 1241 1782 etiam
1271 1728 1481 1795 aetatis,
1512 1727 1582 1781 iis
1606 1727 1712 1798 qui
1743 1727 2038 1782 accedunt
2066 1742 2172 1781 ex-

2303 1725 2404 1800 ΐείᾳ
2449 1731 2539 1778 καὶ
2579 1727 2826 1798 νουθεσίᾳ
2883 1729 3099 1797 Κυρίου,
3160 1725 3331 1776 πάντα
3394 1726 3595 1798 καιρὸν,
3656 1728 3749 1775 καὶ
3803 1726 3888 1775 τὸν

522 1818 811 1891 cipiendis
840 1818 1129 1873 idoneum
1156 1834 1286 1872 esse
1309 1833 1654 1885 censemus,
1675 1833 1779 1873 eos
1803 1817 2049 1889 quidem
2071 1815 2176 1889 qui

522 1907 870 1982 parentibus
898 1907 1092 1962 orbati
1110 1911 1269 1975 sunt,
1296 1911 1602 1978 nostrapte
1624 1911 1834 1978 sponte
1857 1920 2177 1962 assumen-

524 2003 631 2066 tes,
661 2002 724 2053 ut
755 1997 833 2052 ad
862 1995 998 2051 Jobi
1046 1995 1393 2069 exemplum
1446 1996 1864 2067 orphanorum
1897 1999 2178 2068 parentes

524 2086 858 2144 efficiamur
878 2087 953 2151 5";
978 2100 1082 2140 eos
1106 2101 1267 2151 vero,
1283 2085 1385 2158 qui
1409 2084 1525 2139 sub
1547 2084 1898 2157 parentibus
1918 2089 2076 2153 sunt,
2101 2083 2181 2140 ab

524 2176 671 2248 ipsis
692 2174 1007 2241 adductos,
1031 2189 1237 2228 coram
1258 2172 1461 2229 multis
1486 2173 1737 2228 testibus
1755 2173 2180 2245 suscipientes,

527 2278 603 2321 ne
625 2262 1008 2319 occasionem
1034 2261 1251 2316 demus
1275 2261 1613 2317 volentibus
1637 2262 2040 2327 occasionem,
2076 2261 2185 2317 sed

531 2368 740 2409 eorum
764 2351 867 2423 qui
886 2350 1207 2406 adversum
1234 2365 1344 2405 nos
1368 2349 1812 2422 blasphemiam
1835 2350 2186 2423 loquuntur,

532 2458 600 2499 os
631 2456 810 2497 omne
860 2440 1155 2510 injustam
1203 2438 1573 2494 obstruetur.
1629 2436 1977 2512 Excipiendi
2007 2440 2190 2511 igitur

535 2536 677 2587 sunt
701 2529 780 2586 ad
799 2529 960 2584 hunc
982 2528 1373 2591 modum,nec
1399 2527 1515 2601 ipsi
1537 2533 1738 2584 tamen
1762 2530 1964 2584 statim
1986 2529 2047 2584 in
2078 2528 2191 2585 fra-

533 2627 694 2677 trum
724 2633 974 2691 corpore
1019 2623 1121 2674 aut
1166 2617 1610 2673 annumerandi
1661 2622 1819 2686 sunt,
1853 2623 1956 2673 aut
1983 2633 2192 2674 recen-

536 2709 726 2770 sendi,
761 2724 836 2763 ne
859 2708 909 2763 si
930 2707 1009 2763 illi
1041 2724 1077 2762 a
1106 2707 1224 2761 fine
1269 2708 1580 2779 proposito
1631 2707 2001 2774 aberrarent,
2035 2709 2169 2781 ipso

535 2813 673 2854 rum
695 2795 990 2868 probrain
1008 2795 1177 2867 pium
1195 2796 1329 2851 vitae
1343 2796 1682 2853 institutum
1704 2796 2190 2853 refunderentur:

537 2885 645 2941 sed
664 2883 967 2940 educandi
991 2883 1071 2938 illi
1102 2884 1349 2955 quidem
1380 2889 1519 2939 sunt
1544 2884 1603 2938 in
1621 2885 2040 2958 omnipietate,
2071 2889 2196 2941 tan-

541 2988 1105 3047 quanrcommunes
1126 2972 1379 3027 fratrum
1409 2971 1603 3040 liberi,
1628 2979 2036 3047 praetereaque
2059 2989 2199 3047 pue-

542 3076 773 3130 rorum,
815 3060 942 3115 sive
987 3075 1185 3115 mares
1234 3060 1370 3127 sint,
1443 3061 1567 3116 sive
1614 3062 1876 3131 feminae,
1930 3061 2198 3136 separari
2231 3048 2273 3105 (ἶ

545 3152 781 3223 oportet
800 3154 854 3204 et
876 3149 1093 3203 domos
1117 3154 1172 3205 et
1193 3149 1459 3218 diaetam,
1485 3151 1663 3223 356
1682 3156 1746 3207 ut
1767 3167 1910 3222 erga
1936 3153 2202 3208 seniores

541 3254 743 3311 neque
771 3237 1071 3293 licentiam
1103 3238 1420 3308 majorem,
1446 3254 1643 3312 neque
1674 3239 1961 3297 ﬁduciam
1993 3242 2206 3299 immo-

547 3327 750 3382 dicam
775 3324 1061 3394 habeant,
1089 3326 1195 3381 sed
1224 3328 1859 3399 congressusraritate
1890 3344 2032 3399 erga
2060 3332 2206 3387 anti-

548 3414 790 3487 quiores
818 3413 1211 3469 reverentiam
1242 3421 1499 3480 servent,
1534 3431 1731 3488 neque
1759 3433 1830 3472 ex
1858 3419 2050 3489 panis
2070 3435 2207 3491 quae

550 3501 1002 3576 perfectioribus
1032 3502 1111 3559 ob
1164 3502 1437 3574 neglecta
1485 3503 1684 3561 ofﬁcia
1731 3506 2077 3576 irrogantur
2115 3508 2211 3579 (si-

552 3592 798 3666 quando
820 3608 924 3648 eos
946 3592 1025 3648 ab
1041 3593 1134 3649 his
1162 3593 1515 3650 discessisse
1537 3596 1893 3668 contigerit),
1916 3599 2212 3670 peccandi

552 3682 828 3747 facilitas,
862 3688 967 3739 aut
1007 3697 1167 3755 smpe
1193 3683 1379 3739 animi
1410 3684 1587 3740 elatio
1625 3684 1880 3742 latenter
1918 3686 2004 3742 eis
2037 3688 2214 3745 inna-

555 3776 776 3839 scatur,
803 3771 950 3827 dum
976 3771 1037 3828 in
1066 3771 1140 3827 iis
1170 3788 1309 3845 quas
1335 3772 1453 3845 ipsi
1480 3778 1641 3830 recte
1669 3773 1917 3841 faciunt,
1943 3792 2216 3848 saepenu-

555 3876 723 3918 mero
755 3860 1125 3933 antiquiores
1179 3860 1598 3935 delinquentes
1631 3861 1855 3918 vident.
1905 3864 2016 3930 Qui
2051 3866 2211 3922 enim

562 3967 714 4024 puer
742 3953 832 4006 est
857 3953 1078 4015 mente,
1124 3950 1204 4006 ab
1254 3966 1326 4006 eo
1372 3950 1477 4024 qui
1525 3956 1700 4008 aetate
1746 3969 1898 4024 puer
1927 3958 2035 4024 est,
2065 3954 2215 4012 nihil

558 4040 774 4098 ditfert.
808 4040 1002 4104 Quare
1033 4038 1184 4094 nihil
1230 4039 1454 4096 mirum
1496 4041 1545 4096 si
1593 4041 1656 4097 in
1704 4043 1970 4115 utrisque
1998 4044 2212 4101 eadem

558 4130 740 4187 etiam
768 4128 911 4184 vitia
939 4144 1357 4201 saepenumero
1386 4129 1785 4202 reperiantur.
1821 4134 2023 4203 Neque
2069 4149 2212 4190 vero

555 4219 621 4277 in
650 4217 875 4292 quibus
905 4218 1279 4291 antiquiores
1308 4218 1599 4274 decorum
1630 4226 1868 4276 servant
1907 4221 1988 4276 ob
2035 4239 2211 4279 suam

560 4312 821 4375 atatem,
849 4322 921 4364 ea
962 4306 1235 4378 juniores
1284 4311 1424 4363 ante
1470 4311 1710 4379 tempus
1757 4314 1814 4365 et
1870 4315 2085 4382 praeter
2113 4311 2215 4369 de-

631 4415 681 4449 ⁵³
703 4418 748 4469 ιι
775 4414 976 4471 Thess.
1009 4431 1088 4483 ιιι,
1124 4418 1208 4471 14.
1287 4416 1334 4450 ⁵⁸
1363 4418 1540 4472 Marc.
1571 4432 1632 4484 x,
1667 4419 1751 4472 14.

634 4522 747 4595 (89)
779 4518 967 4595 Editio
997 4519 1165 4595 Basil.
1198 4534 1369 4592 aeque
1395 4536 1465 4576 ac
1496 4521 1657 4576 Paris
1687 4524 1823 4574 κατὰ
1846 4522 2061 4595 ψύχους
2079 4529 2207 4578 ποτε

560 4579 813 4665 πάροδον,
835 4591 1091 4665 frigoris
1110 4579 1371 4660 tempore
1402 4600 1803 4665 transeuntes,
1852 4579 2059 4665 male.-
2078 4596 2206 4652 Edi-

562 4660 646 4717 ῑὶό
678 4663 818 4716 Ven.
841 4664 977 4713 κατὰ
1013 4661 1198 4737 ψυχην
1238 4681 1360 4714 ποτε
1388 4660 1620 4737 παροδον
1658 4680 1783 4737 non
1818 4664 2058 4721 melius.
2107 4668 2208 4722 Ve-

562 4738 723 4807 teres
742 4738 1004 4804 quatuor
1030 4732 1165 4807 libri
1186 4732 1534 4807 _cum_\"oss.
1563 4740 1624 4791 ut
1652 4736 1716 4791 in
1746 4742 2045 4807 contextu,
2093 4737 2206 4792 nisi

562 4803 729 4879 quod
760 4803 875 4859 ἦ*οΧ
906 4823 1029 4856 ποτε
1058 4804 1119 4859 in
1147 4804 1453 4879 aliquibus
1487 4823 1630 4862 mss.
1666 4807 1839 4862 desit.
1894 4803 2038 4864 Mox'
2062 4810 2203 4879 Reg.

562 4876 796 4949 primus
828 4881 1007 4949 κανὼν
1046 4885 1293 4949 φανερῶς-
1328 4876 1538 4949 κελευει,
1600 4879 1817 4949 regula
1873 4876 2208 4947 αρηςιοιίὸα

564 4947 883 5017 inani/'esto
904 4947 1099 5017 jubet,
1132 4947 1299 5003 haud
1334 4947 1509 5004 male.

636 5022 748 5093 (90)
780 5020 921 5093 ῌθς.
963 5019 1194 5093 primus
1222 5018 1435 5082 ἑαυτοὺς
1463 5028 1533 5091 τῷ
1557 5024 1730 5093 Κυρίῳ
1760 5025 1869 5076 καί.
1903 5021 2030 5077 Mox
2048 5020 2208 5077 idem

563 5105 675 5165 ms.
710 5088 930 5165 βεϐαίαν
960 5088 1249 5165 ποιεῖσθαι.

634 5160 750 5231 (9t)
789 5162 928 5231 Reg.
956 5160 1189 5234 primus
1220 5166 1278 5217 et
1301 5161 1475 5220 Voss.
1532 5166 1616 5234 et_
1653 5160 1818 5217 Colb.
1860 5160 1998 5234 ana
2033 5169 2209 5215 πᾶσαν

566 5229 908 5309 βλασφημίαν
928 5229 1026 5284 τῶν
1057 5238 1475 5306 πονηρευομένων
1503 5231 1620 5309 καθξ
1662 5234 1807 5305 ἡμῶν
1852 5231 1900 5284 έν
1937 5241 2010 5303 τῷ
2066 5238 2209 5309 μέρει

562 5303 1117 5376 τούτω-περικοπῆναι.
1188 5303 1472 5376 Δέχεσθαι,
1516 5303 1620 5360 sed
1673 5303 1864 5359 omnis
1916 5303 2208 5374 maligno-

564 5385 707 5495 εἴη
729 5372 842 5428 hac
864 5376 926 5429 in
944 5379 1120 5443 parte
1144 5372 1462 5433 adversum
1491 5392 1596 5431 nos
1626 5375 1986 5432 obtrectatio
2039 5372 2208 5447 dule-

565 5457 601 5495 ν
712 5457 763 5495 r.

565 5456 663 5498 ναι
669 5456 763 5497 ur.

630 5511 743 5584 (92)
774 5512 1021 5587 Antiqui
1058 5516 1184 5574 duo
1219 5515 1358 5575 libri
1413 5533 1553 5576 cum
1591 5519 1760 5575 Voss.
1806 5523 2066 5594 προσήκει
2114 5527 2214 5581 τῆς

1830 4417 1877 4452 ⁵⁵
1912 4420 1956 4472 ιι
1986 4418 2132 4475 Tim.
2155 4434 2237 4485 iu,
2276 4425 2363 4477 t5.

2284 1826 2381 1877 τῆς
2455 1821 2663 1889 πρώτης
2735 1814 2945 1876 ἡλικίας
3016 1814 3217 1866 εὔθετον
3275 1811 3405 1865 εἶναι
3454 1816 3582 1885 πρὸς
3633 1816 3733 1871 τήν
3790 1818 3889 1863 τῶν

2285 1909 2607 1980 προσιόντων
2645 1898 2967 1978 παραδοχὴν
3027 1899 3402 1975 δοκιμάζομεν,
3461 1904 3527 1954 τὰ
3580 1906 3672 1974 μεν
3724 1903 3892 1977 ἔρημα

2287 1997 2473 2067 γονέων
2533 1991 2619 2065 ἀφ’
2685 1991 2877 2044 ἑαυτῶν
2945 1989 3480 2065 προσλαμϐανόμενοι,
3581 1992 3715 2042 ὥστε
3812 2007 3897 2060 γε·

2289 2083 2470 2135 νέσθαι
2507 2082 2644 2132 κατὰ
2683 2082 2770 2131 τὸν
2811 2079 2965 2141 ζῆλον
3008 2086 3099 2131 τοῦ
3159 2077 3276 2131 Ἰὼϐ
3324 2078 3556 2153 ὀρφανῶν
3607 2082 3839 2150 πατέρας
3877 2097 3892 2110 ·

2291 2174 2358 2225 τὰ
2411 2166 2470 2222 δὲ
2508 2171 2607 2221 ὑπὸ
2669 2175 2837 2241 γονεῖς
2899 2171 3041 2231 ὄντα,
3081 2168 3207 2243 παρ’
3253 2167 3422 2219 αὐτῶν
3469 2167 3675 2219 ἐκείνων
3723 2186 3897 2240 προσ-

2296 2265 2542 2333 αγόμενα,
2592 2257 2676 2310 ἐπὶ
2745 2256 2943 2311 πολλῶν
3015 2259 3292 2331 μαρτύρων
3378 2252 3680 2329 δεχόμενοι,
3766 2258 3898 2307 ὥστε

2297 2355 2369 2424 μὴ
2421 2345 2606 2400 δοῦναι
2654 2345 2891 2421 ἀφορμὴν
2946 2354 3058 2408 τοίς
3130 2344 3366 2398 θέλουσιν
3444 2343 3685 2419 ἀφορμήν
3770 2343 3899 2396 ἀλλὰ

2298 2444 2399 2492 πᾶν
2428 2433 2613 2490 ἄδικον
2664 2440 2835 2509 στόμα
2890 2443 2987 2487 τῶν
3034 2432 3321 2487 λαλούντων
3351 2433 3468 2489 καθ’
3534 2436 3681 2506 ἡμῶν
3722 2431 3898 2507 βλασ-

2302 2532 2498 2601 φημίαν
2570 2524 2919 2596 ἐπισχεθῆναι
2962 2524 3096 2595 (91).
3170 2525 3431 2595 Δέχεσθαι
3489 2526 3579 2596 μὶν
3625 2522 3718 2575 οὖν
3763 2527 3895 2598 χρὴ,

2301 2620 2438 2670 κατὰ
2465 2624 2647 2669 τοῦτον
2676 2618 2762 2666 τὸν
2791 2613 2964 2685 λόγον,
2996 2612 3056 2665 οὗ
3086 2617 3190 2687 μην
3238 2612 3390 2676 εὐθὺς
3440 2613 3592 2678 αὐτὰ,
3641 2616 3737 2663 καὶ
3782 2631 3901 2665 συν-

2304 2707 2643 2782 αριθμεῖσθαι
2692 2708 2783 2755 καὶ
2824 2691 3309 2775 συγκαταλέγεσθαι
3355 2711 3429 2773 τῷ
3490 2707 3694 2775 σώματι
3740 2719 3905 2777 προσ-

2305 2800 2417 2853 ήκει
2458 2802 2558 2846 τῶν
2597 2784 2828 2864 ἀδελφῶν
2859 2793 2994 2861 (92),
3017 2792 3152 2851 ὥστε
3177 2795 3248 2863 μὴ
3276 2793 3342 2842 τὰ
3362 2789 3417 2843 ἔκ
3460 2798 3556 2854 τῆς
3608 2789 3906 2861 ἀποτυχίας

2309 2884 2476 2936 αὐτῶν
2505 2878 2678 2939 ὀνείδη
2703 2879 2786 2933 ἐπὶ
2828 2885 2916 2932 τὸν
2970 2879 3087 2952 βίον
3133 2883 3220 2931 τὸν
3264 2879 3381 2933 κατ’
3424 2878 3683 2933 εὐσέϐειαν
3722 2877 3909 2951 ἀναφέ-

2308 2973 2494 3046 ρεσθαι
2525 2991 2539 3004 ·
2592 2968 2698 3021 ἀλλ’
2756 2968 3089 3043 ἐκτρέφεσθαι
3135 2970 3225 3041 μεν
3265 2968 3399 3021 αὐτὰ
3454 2966 3503 3021 έν
3562 2970 3709 3042 ποία-η
3760 2968 3909 3021 εὐσεο

2311 3062 2425 3135 ϐείᾳ
2480 3062 2548 3122 ὡς
2599 3060 2748 3112 κοινὰ
2809 3062 2963 3111 τέκνα
3015 3066 3113 3120 τῆς
3166 3054 3534 3130 ἀδελφὸτητος,
3610 3056 3909 3132 ἀφωρίσθαι

2315 3149 2375 3205 δε
2402 3156 2492 3203 καὶ
2522 3153 2691 3210 οἴκους
2739 3154 2829 3201 καὶ
2876 3143 3090 3201 δίαιταν
3127 3156 3239 3209 τοῖς
3293 3167 3348 3200 τε
3399 3148 3590 3222 ἄρσεσι
3641 3154 3744 3199 τῶν
3789 3150 3911 3200 παί-

2316 3243 2440 3308 δων,
2468 3245 2559 3293 καὶ
2582 3247 2694 3301 ταῖς
2720 3238 2973 3302 θηλείαις,
3005 3241 3071 3299 ὡς
3112 3244 3240 3311 μήτε
3269 3238 3383 3305 (93)
3412 3237 3737 3313 παρρησίαν,
3782 3241 3908 3310 μήτε

2317 3333 2509 3404 θάρσος
2562 3331 2783 3405 ἄμετρον
2822 3332 2951 3403 πρὸς
2998 3331 3116 3387 τοὺς
3172 3326 3559 3402 πρεσϐυτέρους
3604 3326 3781 3388 αὐτοῖς
3827 3326 3910 3399 i7-

2314 3421 2573 3493 γίνεσθαι,
2614 3426 2687 3488 τῷ
2721 3414 2780 3471 δε
2821 3421 3021 3487 σπανίῳ
3050 3424 3147 3478 τῆς
3186 3420 3474 3488 συντυχίας
3522 3418 3582 3469 τὸ
3621 3419 3753 3489 πρὸς
3800 3419 3910 3475 τοὺς

2316 3511 2641 3584 προάγοντας
2668 3508 2783 3577 (94)
2833 3502 3110 3578 αἰδέσιμον
3152 3505 3418 3566 σώζεσθαι
3450 3526 3463 3539 ·
3513 3510 3648 3578 μήτε
3703 3503 3765 3558 ἑκ
3819 3513 3908 3558 τῶν

2320 3596 2593 3671 ἐπιτιμίων
2656 3603 2757 3648 τῶν
2806 3597 3211 3670 προσαγομένων
3281 3590 3387 3655 τοῖς
3464 3593 3802 3669 τελειοτέροις
3868 3593 3910 3646 έν

2320 3695 2427 3748 τοίς
2453 3686 2796 3762 παροράμασι
2842 3692 2943 3736 τῶν
2994 3685 3349 3752 καθηκόντων,
3417 3684 3587 3736 εἶποτε
3642 3684 3756 3757 ἄρα
3798 3701 3911 3758 μετ-

2322 3778 2636 3850 εωρισθῆναι
2689 3772 2946 3846 συμϐαίη,
3010 3772 3277 3846 εὐχέρειαν
3343 3770 3524 3833 αὐτοῖς
3574 3780 3676 3825 τῶν
3749 3772 3912 3846 ἁμαρ·

2321 3868 2586 3939 τημάτων,
2650 3864 2679 3923 ἦ
2738 3865 2956 3939 ἔπαρσιν
3028 3860 3281 3924 πολλάκις
3355 3863 3492 3914 κατὰ
3564 3863 3624 3914 τὸ
3715 3861 3913 3920 λεληθὸς

2322 3954 2666 4019 έντικτεσθαι,
2735 3953 2854 4005 ὅταν
2910 3950 2960 4003 ἐν
3011 3952 3090 4013 οἷς
3142 3950 3296 4003 αὐτοὶ
3360 3951 3707 4021 κατορθοῦσι,
3793 3950 3912 4004 πολ-

2321 4045 2469 4107 λάκις
2521 4047 2642 4104 τοὺς
2714 4040 3093 4116 πρεσϐυτέρους
3130 4036 3295 4093 ἴδωσι
3342 4036 3749 4102 διαπταίοντας.
3808 4047 3913 4094 Δια·

2324 4140 2462 4210 φέρει
2543 4136 2643 4207 γὰρ
2702 4128 2854 4185 οὐδὲν
2910 4137 3002 4183 τοῦ
3058 4133 3249 4188 νηπίου
3296 4129 3414 4183 καθ’
3467 4129 3676 4188 ἠλικίαν
3732 4132 3760 4183 ὁ
3810 4136 3913 4191 ταῖς

2325 4227 2475 4299 φρεσὶ
2547 4220 2835 4282 νιπιάξων.
2912 4217 3077 4273 Ὥστε
3141 4214 3293 4272 οὐδεν
3361 4220 3663 4292 θαυμαστὸν
3723 4223 3812 4272 καὶ
3856 4220 3912 4272 τὰ

2324 4313 2460 4366 αὑτὰ
2513 4313 2653 4369 πάθη
2726 4308 2969 4369 πολλάκις
3034 4306 3084 4360 έν
3167 4305 3476 4383 ἀμφοτέροις
3558 4309 3907 4383 εὑρίσκεσθαι.

2441 4420 2489 4454 ⁸⁸
2513 4417 2728 4490 Ephes.
2759 4432 2838 4482 vx,
2871 4418 2929 4472 4.
3005 4417 3049 4452 ⁵⁷
3076 4414 3209 4472 Job.
3231 4431 3395 4483 xxrx,
3434 4418 3521 4471 t2.

2316 4517 2684 4593 ἀδελφότητος.
2729 4520 2862 4593 Mox
2890 4519 3071 4593 editio
3111 4519 3284 4576 Basil.
3317 4518 3568 4593 perinde
3615 4523 3685 4576 ut
3728 4521 3898 4578 Paris.

2316 4542 2442 4573 acu
2482 4542 2684 4581 οτητος.
2729 4542 2862 4574 Μυι
2890 4542 3071 4576 caluo
3112 4542 3284 4576 υειειι.
3318 4542 3568 4593 pennae
3615 4542 3685 4576 ιιι
3728 4542 3898 4578 1⁸81⁸15.

2312 4596 2398 4645 τὸν
2429 4542 2547 4666 gi»
2575 4593 2693 4644 κατ’
2719 4590 2832 4666 nia.
2902 4590 3093 4666 Editio
3112 4662 3123 4666 _
3141 4593 3288 4666 Yen.
3312 4595 3379 4666 _et
3406 4607 3553 4648 mss.
3581 4606 3714 4666 non
3743 4592 3906 4666 pauci

2316 4667 2402 4716 τὸν
2430 4661 2547 4737 βίον
2584 4667 2671 4716 τὸν
2710 4661 2825 4713 κατ’
2874 4661 2985 4737 ria.
3043 4661 3454 4737 ibidemjteg.
3502 4661 3763 4737 primus'

2316 4732 2610 4810 τρέφεσθαι.
2645 4734 3018 4810 Rursusboc
3048 4733 3180 4810 ipso
3208 4732 3427 4810 inloco
3447 4732 3683 4810 veteres
3712 4734 3829 4810 duo
3854 4734 3906 4791 li-

2316 4802 2648 4887 praeter
2671 4808 2838 4861 Voss.
2872 4802 2919 4856 ἐν
3114 4803 3891 4887 εὐσεϐείᾳ,,ὑιόηιηίρίεἱαίετ

2317 4874 2465 4932 Editi
2495 4884 2551 4933 et
2576 4893 2719 4932 mss.
2752 4874 3027 4932 nonnulli
3067 4874 3121 4929 ’ἐν
3158 4874 3333 4950 πάσηή
3370 4874 3569 4949 ἀγάπη,
3631 4878 3695 4933 in
3741 4883 3889 4934 omni

2315 4950 2658 5006 dilectione.

2387 5021 2501 5090 (93)
2525 5020 2671 5090 Reg.
2717 5017 2949 5089 primus
2978 5022 3035 5090 et
3062 5016 3228 5074 Colb.
3270 5014 3409 5072 οἷκον
3446 5024 3536 5072 καὶ
3567 5016 3775 5090 δίαιταν
3797 5028 3894 5080 τοῖς

2316 5087 2521 5160 παισὶν,
2544 5087 2677 5144 ὥστε
2705 5087 2854 5162 μήτε.
2900 5088 3099 5162 Codex
3129 5092 3295 5162 Voss.
3340 5093 3515 5162 οἴκους
3563 5097 3654 5162 καὶ
3702 5087 3893 5145 δίαιταν

2316 5170 2424 5225 τοῖς
2447 5168 2650 5233 παισὶν,
2679 5160 2742 5221 ὡς
2766 5182 2780 5194 -
2818 5160 2986 5233 quod
3017 5167 3081 5233 ut
3128 5160 3392 5233 brevius,
3430 5161 3513 5218 ita
3561 5161 3807 5218 fortasse
3845 5166 3895 5217 et

2316 5234 2531 5290 melius
2587 5231 3014 5307 quoque'_esse
3045 5231 3438 5303 judicabitur.
3492 5233 3607 5289 Alii
3655 5233 3887 5307 quidam

2318 5322 2469 5361 mss.
2503 5309 2561 5361 et
2586 5304 2818 5361 e'diti'ut
2853 5304 2917 5358 in
2946 5309 3254 5362 contextu.

2390 5380 2504 5466 $95)
2533 5375 2683 5463 Εᾲἱίί
2702 5379 2831 5451 πρὸς
2872 5377 3221 5450 προάγοντας.
3272 5378 3363 5432 At,
3409 5391 3558 5436 mss,
3611 5378 3724 5432 ιιιθς
3776 5378 3891 5448 πρὸς

2319 5468 2441 5511 τους
2469 5467 2625 5526 προα.
