4082 6178
194 278 292 332 953

1372 273 1670 331 REGULIE
1709 274 1956 332 FUSIUS
1993 277 2402 334 TRACTATE.

3457 283 3562 340 954

193 404 334 459 Μήτι
378 403 484 474 μὴν
528 399 579 453 ἐν
621 401 699 463 οἷς
745 397 841 454 διὰ
893 403 988 460 τὴν
1046 399 1254 458 ἠλικίαν
1317 400 1376 451 τό
1432 403 1627 474 πρέπον
1678 407 1788 462 τοῖς

1912 415 2112 458 eorum
2134 404 2356 459 temere
2379 406 2568 472 agant
2595 402 2676 460 ob
2705 402 3082 476 frequentem
3099 418 3242 461 cum
3265 403 3414 478 ipsis
3424 421 3564 464 con.

196 489 556 564 πρεσϐυτέροις
613 491 858 558 σώζεται,
919 493 1053 564 πρὸς
1106 495 1276 542 ταῦτα
1326 492 1450 551 τούς
1511 493 1657 552 νέους
1695 485 1792 542 διὰ

193 587 283 642 τῆς
357 575 787 652 συναναστροφῆς
850 583 952 654 πρό
1015 586 1200 654 καιροῦ
1287 577 1530 654 ἀπριπῶς
1591 598 1790 654 προπε-

194 670 448 724 τευεσθαι.

258 763 312 813 2.
366 760 576 821 Ταύτης
630 778 688 812 τε
723 755 812 811 οὖν
853 766 951 820 τῆς
1001 759 1295 833 οἰκονομίας
1341 761 1500 813 ἕνεκεν
1555 763 1646 811 καὶ
1698 766 1789 820 τῆς

192 847 373 910 λοιπῆς
427 851 742 920 σέμνότητος
791 844 1076 922 διωρίσθαι
1120 853 1231 922 χρὴ
1291 857 1388 902 τῶν
1435 845 1640 902 παίδων
1699 852 1790 900 καὶ

193 945 285 990 τῶν
320 936 642 1010 τελειοτέρων
697 941 793 995 τὴν
835 940 1062 995 οἴκησιν.
1111 943 1212 991 Καὶ
1259 939 1370 1010 ἅμα
1397 935 1540 1007 ςοῡδι
1573 937 1788 1012 θόρυϐον

192 1026 284 1088 ἔξει
345 1027 373 1077 ὁ
427 1022 568 1088 οἶκος
619 1035 716 1078 τῶν
774 1028 1019 1084 ἀσκητῶν
1068 1025 1118 1078 ίν
1178 1035 1240 1100 τῇ
1302 1026 1482 1100 μελέτη
1540 1034 1640 1078 τῶν
1709 1022 1787 1078 διο

194 1111 479 1187 δαγμοίτων
510 1113 772 1187 ἀναγκαίᾳ
799 1119 930 1189 οὔσῃ
961 1117 1075 1186 (65)
1107 1122 1216 1176 τοῖς
1236 1119 1393 1176 νέοις.
1434 1115 1590 1167 Ἀλλὰ
1619 1134 1787 1188 προσ-

193 1204 347 1275 ευχαί
528 1210 698 1257 κοιναὶ
737 1209 826 1258 καὶ
860 1209 1018 1257 παισὶ
1065 1209 1154 1258 καὶ
1210 1203 1576 1278 πρεσϐυτέροις
1624 1207 1789 1257 ἔστω-

193 1313 304 1361 σαν,
362 1295 418 1345 αἰ
465 1296 600 1346 κατὰ
655 1299 748 1352 τὴν
805 1296 1001 1367 ἡμέραν
1060 1291 1527 1366 διατετυπωμέναιο
1589 1302 1697 1356 τοῖς
1735 1312 1789 1346 τε

190 1386 288 1457 γὰρ
341 1379 584 1444 πανδίοις
640 1383 860 1456 ἐθισμός
911 1382 969 1436 ἐκ
1020 1391 1112 1436 τοῦ
1145 1383 1304 1444 ζήλου
1345 1392 1446 1436 τῶν
1471 1383 1790 1456 τιλειοτέρων

190 1473 321 1547 πρός
376 1473 655 1535 κατάνυξιν
705 1475 833 1544 (96),
875 1477 965 1524 καὶ
1026 1480 1133 1535 τοῖς
1185 1475 1508 1547 προάγουσιν
1538 1472 1596 1525 ού
1625 1474 1792 1547 μικρὰ

191 1559 236 1612 ἕν
293 1569 625 1634 προσευχαῖς
672 1564 703 1620 ἡ
759 1565 900 1636 παρὰ
952 1567 1150 1620 νηπίων
1210 1562 1451 1635 βοήθεια·
1497 1562 1701 1635 μελέται
1732 1557 1792 1614 δὲ

192 1647 524 1720 ἰδιάζουσαι,
564 1656 655 1703 καὶ
686 1648 888 1704 δίαιται
917 1654 1028 1722 (97)
1058 1654 1194 1704 κατὰ
1223 1671 1278 1704 τε
1305 1652 1461 1704 ὕπνον
1491 1657 1580 1703 καὶ
1627 1650 1790 1723 ἐγρή-

186 1759 394 1815 γορσιν,
424 1746 516 1794 καὶ
552 1749 746 1814 τροφῆς
795 1744 997 1814 καιρόν,
1058 1745 1144 1793 καὶ
1194 1745 1378 1814 μέτρον
1436 1745 1526 1792 καὶ
1574 1744 1790 1797 ποιότη-
1823 1751 1864 1806 Β

188 1849 253 1881 τα
301 1825 542 1890 παιδίοις
607 1833 906 1902 πρεπόντως
958 1828 1262 1904 ἀφωρίσθω.
1322 1831 1682 1902 Ἐπιτετάχθω
1733 1825 1793 1882 δε

186 1925 297 1978 τοῖς
350 1922 609 1980 τοιούτοις
652 1920 678 1970 ὁ
740 1919 858 1972 καθ’
935 1918 1140 1978 ἠλικίαν
1214 1924 1478 1991 προήκων,
1554 1923 1643 1970 καὶ
1698 1922 1792 1976 τὴν

187 2006 462 2080 ἐμπειρίαν
515 2010 641 2080 ὑπὲρ
699 2011 817 2070 τοός
864 2007 1052 2070 ἄλλους
1082 2013 1173 2071 ὧν,
1205 2013 1294 2060 καὶ
1334 2012 1626 2083 μαρτυρίαν
1656 2009 1793 2079 ἔχων

189 2095 274 2149 ἐπὶ
350 2099 710 2170 μακροθυμίᾳο
767 2098 903 2150 ὥστε
964 2105 1191 2172 πατρικῇ
1244 2099 1335 2169 μὶν
1405 2095 1787 2169 εύσπλαγχνίᾳ,

185 2187 329 2257 λόγῳ
386 2183 442 2238 0'":
509 2185 896 2259 ἓπιστημονικῷ
980 2189 1045 2240 τὰ
1097 2187 1456 2261 ἁμαρτήματα
1510 2195 1610 2238 τῶν
1673 2191 1794 2239 νέων

197 2273 632 2349 ἐπανορθούσθαί,
688 2276 880 2337 οἰκείας
947 2275 1151 2347 ἑκάστῳ
1217 2280 1511 2348 πταίσματι
1569 2277 1662 2336 τὰς
1707 2277 1793 2328 θε-

185 2370 406 2439 ραπείας
460 2367 815 2439 προσάγοντα,
883 2367 1018 2418 ὥστε
1073 2367 1189 2436 (98)
1230 2368 1288 2417 τὸ
1356 2365 1485 2418 αύτό
1537 2371 1626 2418 καὶ
1687 2365 1796 2420 ἔπι-

187 2459 410 2528 τίμησιν
483 2456 625 2526 ἔχειν
702 2462 795 2508 τοῦ
897 2457 1291 2530 ἁμαρτήματος,
1361 2459 1452 2508 καὶ
1503 2457 1795 2528 γυμνάσιον

188 2543 442 2604 ἀπαθείας
486 2544 602 2614 (99)
649 2551 710 2616 τῇ
738 2543 893 2616 ψυχῇ
921 2546 1180 2616 γίνεσθαι.
1213 2545 1354 2612 Οἷον,
1377 2544 1615 2618 ὠργίσθη
1671 2547 1796 2619 πρός

189 2638 278 2685 τόν
335 2633 569 2706 ὁμήλικα
622 2649 637 2700 ;
687 2640 868 2686 τοῦτον
927 2635 1264 2709 θεραπεῦσαι,
1318 2639 1407 2687 καὶ
1465 2635 1796 2707 ὑπηρετῆσαι

191 2722 332 2793 αύτῷ
375 2725 515 2774 κατὰ
569 2720 847 2794 ἀναλογίαν
891 2730 984 2775 τοῦ
1032 2722 1360 2796 τολμήματος
1390 2721 1792 2794 ἀναγκασθίπω.

185 2811 244 2863 Ὀ
298 2815 405 2886 γὰρ
481 2815 608 2885 πρὸς
685 2815 778 2869 τὴν
839 2817 1150 2865 ταπείνωσιν
1219 2811 1433 2884 ἐθισμός
1492 2809 1597 2865 οἷον
1650 2811 1796 2866 ἰκτέ-

193 2905 311 2972 μνεί
358 2903 436 2972 (Ι)
491 2908 586 2962 τῆς
637 2899 827 2972 ψυχῆς
880 2904 940 2953 τό
996 2903 1334 2974 θυμούμενον,
1391 2909 1488 2962 τῆς
1534 2899 1798 2976 ίπόιρσεως

186 2993 256 3051 ὡς
301 2992 371 3041 τὰ
416 2988 584 3042 πολλὰ
636 2991 761 3062 ἡμῖν
817 2994 907 3048 τὴν
959 2989 1119 3063 ὀργὴν
1184 2988 1525 3061 ἐμποιούσης.
1585 2989 1795 3060 Ἥψατο

188 3077 488 3152 βρωμάτων
554 3079 700 3151 παρὰ
751 3082 930 3150 καιρόν
980 3095 994 3144 ;
1050 3076 1135 3131 ἐπὶ
1175 3077 1415 3130 πλεῖστον
1453 3086 1548 3139 τῆς
1595 3079 1796 3152 ἡμέρας
1825 3098 1868 3154 c

185 3166 444 3229 ἀπόσιτος
496 3169 646 3221 ἔστω.
715 3167 970 3241 ’Δμέτρως
1041 3167 1070 3226 ἦ
1133 3165 1456 3239 ἀσχημόνως
1519 3169 1798 3240 στούμενος

187 3258 523 3329 κατεγνώσθη
586 3275 600 3324 ;
654 3259 792 3308 κατὰ
854 3275 941 3308 τον
971 3259 1152 3330 καιρὸν
1181 3263 1279 3318 τῆς
1323 3263 1519 3329 τροφῆς
1567 3255 1799 3329 εἰργόμε-

186 3365 269 3408 νος
316 3354 419 3398 τῶν
469 3349 672 3411 σιτίων,
731 3346 854 3418 ὁρᾷν
896 3349 1012 3406 τοὺς
1078 3343 1263 3406 ἄλλους
1319 3345 1434 3396 κατ’
1494 3344 1798 3418 ἐπιστήμην

190 3433 458 3495 ἐσθίοντας
533 3432 931 3505 ἁναγκαζίσθω,
1010 3435 1142 3487 ὥστε
1199 3439 1289 3487 καὶ
1344 3433 1663 3494 κολάζεσθαι
1731 3441 1794 3506 τῇ

193 3523 397 3596 ἐποχῇ,
443 3527 535 3574 καὶ
584 3519 947 3576 διδάσκεσθαι
987 3527 1081 3580 τὴν
1117 3527 1432 3595 σεμνότητα.
1469 3527 1640 3594 Λόγον
1672 3521 1800 3595 ἀφῆ-

189 3633 271 3666 κεν
319 3612 504 3687 ἀργόν,
545 3610 696 3685 ὕϐριν
755 3611 832 3674 εἰς
875 3614 963 3664 τόν
1005 3609 1250 3680 πλησίον,
1309 3607 1528 3683 ψεῦδος,
1579 3611 1700 3664 ἄλλο
1747 3627 1801 3664 τι

187 3711 286 3754 τῶν
333 3700 773 3775 ἀπηγορευμένων
841 3717 857 3768 ;
910 3707 984 3773 Τῇ
1043 3718 1097 3752 τε
1129 3705 1317 3772 γαστοὶ
1364 3705 1454 3754 καὶ
1502 3707 1564 3773 τῇ
1624 3708 1796 3774 σιωπῇ

190 3792 622 3867 σωφρονίζεσθω.

254 3885 308 3937 3.
369 3886 461 3934 Δεῖ
506 3876 565 3932 δὲ
609 3883 700 3932 καὶ
751 3881 847 3938 τὴν
877 3887 976 3932 τῶν
1011 3881 1336 3952 γραμμάτων
1364 3878 1578 3952 μελέτην
1609 3879 1800 3932 οἰκείαν

187 3964 316 4021 εἶναι
366 3978 446 4039 τῷ
489 3973 691 4037 σκοπῷ·
762 3969 898 4020 ὥστε
948 3971 1039 4020 καὶ
1096 3966 1346 4039 ὀνόμασιν
1404 3967 1592 4029 αύτούς
1613 3967 1800 4030 τοίςίκ

184 4067 280 4110 τῶν
332 4065 554 4131 Γραφῶν
612 4060 689 4128 (2)
752 4059 1078 4131 κεχρῆσθαι,
1099 4061 1191 4109 καὶ
1220 4055 1334 4110 ἀντὶ
1373 4059 1549 4130 μύθων
1579 4060 1672 4121 τὰς
1701 4066 1802 4110 τῶν

185 4143 506 4220 παραδόξων
553 4147 718 4218 ἔργων
769 4147 1001 4218 ἱστορίας
1058 4145 1237 4208 αὐτοῖς
1311 4142 1637 4217 διηγεῖσθαι,
1711 4150 1802 4199 καὶ

187 4242 418 4309 γνώμαις
495 4230 768 4287 παιδεύειν
826 4240 939 4294 ταῖς
1009 4233 1067 4286 ἐκ
1133 4243 1232 4287 τῶν
1309 4242 1628 4310 Παροιμιῶν,
1711 4241 1804 4288 καὶ

189 4327 320 4378 ἆθλα
381 4330 597 4398 μνήμης
653 4325 918 4397 ὀνομάτων
982 4343 1036 4377 τε
1088 4328 1179 4376 καὶ
1232 4327 1550 4398 πραγμάτων
1629 4325 1804 4388 αὐτοῖς

1903 490 2316 548 suetudinem.

1971 761 2024 813 2.
2059 759 2430 831 Quapropter
2450 775 2590 816 cum
2619 759 2797 829 hujus
2827 760 3204 829 oeconomia,
3259 764 3390 819 tum
3434 763 3568 822 reli-

1900 861 2034 918 qua
2055 847 2236 903 etiam
2275 848 2588 904 servanda
2641 847 2976 920 disciplina
3028 865 3101 906 ac
3145 852 3565 910 sanctimonia

1901 951 2091 991 causa
2135 935 2482 992 distinctam
2526 953 2657 992 esse
2702 941 2942 1008 oportet
2971 953 3302 1010 puerorum
3333 943 3392 995 et
3415 945 3566 1000 natu

1900 1025 2205 1095 majorum
2243 1023 2699 1082 habitationem.
2729 1028 3163 1099 Pratereaque,
3184 1026 3332 1082 dum
3365 1043 3569 1084 neces-

1901 1114 2062 1170 saria
2082 1113 2186 1169 illa
2206 1114 2534 1184 juvenibus
2560 1115 2905 1171 exercitatio
2927 1115 3052 1184 ﬁet,
3083 1132 3203 1172 non
3223 1116 3567 1176 turbabitur

1901 1204 2347 1261 monachorum
2377 1203 2618 1260 domus.
2655 1204 3028 1260 Precationes
3058 1209 3259 1262 autem
3288 1223 3424 1279 qua
3454 1223 3566 1280 per

1901 1291 2060 1348 diem
2089 1292 2375 1348 institutae
2397 1297 2556 1362 sunt,
2589 1299 2646 1349 et
2675 1293 2878 1365 pueris
2907 1298 2964 1350 et
2984 1294 3427 1366 antiquioribus
3447 1296 3568 1353 sint

1899 1385 2432 1438 communesNam
2445 1382 2613 1455 pueri
2629 1382 2931 1452 majorum
2945 1382 3222 1455 exemplo
3233 1370 3566 1455 compungi

1901 1475 2304 1527 consuescunt
2331 1490 2344 1526 :
2375 1471 2748 1543 antiquiores
2779 1487 2920 1527 vero
2958 1471 3020 1526 in
3050 1471 3500 1543 precationibus
3529 1488 3568 1530 ο.

1900 1558 2104 1631 pueris
2126 1559 2289 1615 haud
2319 1575 2532 1630 parum
2565 1559 2954 1630 adjuvantur.
2977 1562 3268 1616 Caterum
3299 1560 3466 1632 quod
3487 1561 3568 1618 ad

1903 1663 2214 1715 somnum,
2241 1647 2318 1702 ad
2344 1647 2597 1717 vigilias,
2623 1647 2702 1704 ad
2729 1653 2987 1721 tempus,
3021 1664 3492 1721 mensuramque
3513 1637 3571 1704 et

1902 1735 2255 1808 qualitatem
2281 1735 2708 1791 alimentorum
2729 1736 2958 1805 attinet,
2984 1737 3407 1794 convenienter
3425 1752 3569 1810 pue-

1903 1826 1983 1880 ris
2011 1824 2414 1880 decernantur
2444 1825 2901 1881 exercitationes
2929 1830 2987 1880 et
3024 1825 3200 1880 dicta
3214 1826 3566 1897 peculiares.

1905 1911 2265 1969 Praﬁciatur
2286 1918 2488 1968 autem
2513 1913 2735 1968 talibus
2765 1912 3074 1984 quispiam
3127 1918 3302 1970 atate
3352 1930 3570 1987 prove-

1903 2003 2070 2071 ctior,
2099 2002 2462 2073 caterisqua
2475 2001 2840 2074 experientia
2857 2003 3365 2075 prastantior,qui
3386 2004 3570 2060 etiam

1902 2091 2156 2148 lenitatis
2186 2091 2596 2147 testimonium
2621 2091 2870 2147 habeat:
2896 2096 2958 2146 ut
2983 2096 3236 2162 paterna
3251 2092 3571 2149 clementia

1904 2197 1976 2238 ac
2003 2181 2191 2253 perito
2216 2195 2494 2236 sermone
2515 2180 2776 2249 corrigat
2786 2180 3083 2250 juvenum
3095 2186 3364 2252 peccata,
3388 2185 3571 2253 atque

1902 2268 2230 2342 peculiaria
2255 2267 2528 2324 remedia
2557 2268 2811 2338 singulis
2840 2267 3070 2324 deliciis
3102 2268 3315 2326 afferat
3337 2268 3572 2336 ;simul-

1901 2375 2021 2431 que
2053 2362 2110 2414 et
2136 2357 2610 2430 reprehendatur
2634 2362 2971 2429 peccatum,
3000 2360 3059 2412 et
3095 2356 3302 2413 anima
3337 2356 3419 2414 ad
3462 2357 3574 2414 im-

1903 2447 2322 2520 perturbatum
2338 2447 2669 2519 quemdam
2684 2451 2909 2503 statum
2926 2447 3573 2519 exerceatur.Exempli

1904 2553 2111 2607 causa,
2152 2537 2342 2594 iratus
2391 2540 2484 2592 est
2534 2535 2840 2609 quispiam
2900 2551 3012 2592 suo
3041 2535 3338 2608 coaquali
3364 2537 3393 2592 Υ
3421 2537 3571 2592 Eum

1906 2627 2173 2698 placare,
2221 2625 2459 2698 ipsique
2505 2641 2616 2698 pro
2645 2625 2926 2682 facinoris
2954 2625 3187 2681 ratione
3226 2623 3572 2680 subservire

1904 2722 2176 2788 cogatur.
2222 2719 2372 2773 Nam
2425 2714 2778 2772 humilitatis
2835 2714 3166 2771 assuetudo
3188 2712 3572 2770 iracundiam

1905 2805 2092 2862 animi
2122 2804 2300 2878 quasi
2329 2803 2625 2861 exscindit
2653 2821 2665 2858 :
2691 2819 2831 2859 cum
2857 2798 3068 2859 contra
3087 2801 3363 2873 ejusdem
3393 2799 3573 2857 elatio

1907 2895 2266 2967 plerumque
2297 2892 2474 2948 nobis
2501 2893 2654 2948 iram
2705 2892 3036 2960 ingeneret.
3085 2889 3355 2964 Sumpsit
3407 2888 3576 2946 cibos

1905 2987 2122 3054 prater
2144 2987 2382 3053 tempus
2410 2981 2438 3034 ?
2469 2981 2726 3036 Maxima
2753 2979 2873 3035 diei
2894 2984 3062 3052 parte
3076 2979 3158 3050 jej
3170 2981 3332 3035 unet.
3353 2981 3572 3034 immo-

1906 3071 2037 3127 dice
2069 3075 2174 3125 aut
2191 3069 2476 3125 indecore
2497 3068 2702 3123 cibum
2734 3067 2963 3139 cepisse
2991 3066 3406 3138 deprehensus
3436 3064 3574 3120 est?

1907 3160 2041 3233 Ipse
2080 3157 2420 3214 refectionis
2446 3161 2714 3227 tempore
2745 3171 2783 3210 a
2812 3154 2948 3210 cibo
2965 3153 3243 3221 abactus,
3270 3151 3421 3207 alios
3459 3151 3572 3207 rite

1907 3250 2150 3306 edentes
2173 3246 2393 3304 intueri
2417 3250 2693 3314 cogatur,
2718 3247 2780 3300 ut
2799 3248 2856 3300 et
2869 3241 3236 3299 abstinentia
3250 3239 3570 3314 plectatur.

1907 3343 1965 3395 et
1990 3339 2367 3394 honestatem
2416 3334 2631 3390 discat.
2692 3333 2936 3388 Protulit
2995 3331 3250 3387 verbum
3278 3329 3567 3402 otiosum,

1909 3427 2339 3484 contumeliam
2367 3424 2428 3480 in
2464 3423 2838 3498 proximum,
2867 3421 3282 3490 mendacium,
3341 3418 3576 3493 aliquid

1907 3518 2074 3575 aliud
2103 3515 2273 3590 quod
2314 3515 2701 3572 interdictum
2733 3512 2861 3570 sit?
2892 3514 2955 3568 Et
2982 3517 3190 3568 ventre
3235 3514 3295 3567 et
3336 3508 3572 3568 silentio

1909 3607 2256 3678 castigetur.

1981 3880 2034 3932 3.
2067 3879 2257 3948 Atque
2287 3872 2466 3930 etiam
2490 3871 2824 3929 litterarum
2853 3869 3117 3927 studium
3140 3882 3353 3925 eorum
3398 3866 3574 3924 insti-

1909 3971 2038 4024 tuto
2085 3962 2618 4021 accommodatum
2649 3978 2783 4018 esse
2812 3965 3066 4034 oportet,
3115 3964 3173 4016 et
3197 3957 3512 4016 vocabulis
3538 3973 3573 4014 ο

1914 4055 2219 4128 Scriptura
2249 4053 2506 4124 sumptis
2534 4057 2797 4114 utantur,
2824 4057 2881 4107 et
2910 4050 3055 4122 ipsis
3098 4053 3418 4106 narrentur
3471 4046 3577 4104 ad-

1912 4143 2286 4201 mirabilium
2319 4140 2616 4196 factorum
2643 4140 2910 4197 historia
2940 4139 3074 4194 loco
3120 4136 3486 4207 fabularum,
3519 4141 3579 4193 et

1913 4231 2287 4288 edoceantur
2312 4228 2635 4284 sententi-as
2663 4226 3144 4295 Proverbiorum,
3178 4229 3237 4280 et
3265 4224 3576 4280 memoria

1913 4319 2166 4393 pramia
2192 4316 2420 4373 eisdem
2460 4319 2882 4389 proponantur
2911 4319 3035 4370 tam
3068 4329 3180 4386 pro
3225 4311 3579 4368 nominibus

189 4417 499 4488 προτιθέναι
530 4455 545 4481 ,
623 4415 759 4466 ὥστε
809 4414 940 4485 μετὰ
1013 4417 1349 4488 τερπνότητος
1430 4418 1520 4465 καὶ
1587 4412 1799 4474 ἀνέσεως

1914 4425 2101 4484 quam
2115 4422 2224 4480 pro
2242 4405 2446 4474 rebus,
2468 4412 2533 4461 ut
2539 4404 2832 4476 jucunde,
2847 4410 2903 4461 et
2929 4404 3109 4476 quasi
3129 4403 3403 4459 animum
3424 4400 3579 4457 rela-

194 4503 404 4564 αλύπως
461 4503 641 4564 αὐτοῖς
695 4507 784 4554 καὶ
830 4501 1178 4574 ἁπροσκόπως
1230 4505 1317 4554 τὸν
1379 4506 1571 4555 σκοπόν
1629 4499 1808 4556 διανύ-

195 4597 367 4646 ισθαι.
427 4597 530 4646 Καὶ
585 4594 616 4650 ἡ
665 4596 912 4663 προσοχὴ
974 4587 1034 4644 δι
1092 4580 1196 4654 τῆς
1238 4588 1476 4654 διανοίας
1520 4593 1619 4664 (3),
1652 4598 1743 4645 καὶ
1779 4595 1807 4646 ό

266 4771 382 4844 (95)
413 4773 558 4840 Reg.
586 4769 820 4844 primus
849 4773 907 4825 et
935 4770 1104 4844 Voss.
1146 4772 1432 4840 ἀναγκαίας
1456 4773 1589 4844 οὗση
1602 4791 1640 4831 ς.

266 4840 386 4914 (96)
403 4844 544 4911 Reg.
559 4840 796 4914 primus
815 4840 1172 4914 emendatus
1190 4843 1653 4914 πρόςᾉκατεὶνοιξιν,
1678 4845 1806 4899 Mox

201 4913 392 4968 codex
417 4911 585 4968 Voss'.
615 4913 676 4986 ού
705 4917 913 4984 μικρόν.
949 4911 1159 4986 Statim
1191 4911 1370 4986 editi.)
1405 4912 1808 4986 Basil.,3or’:0na

202 4989 644 5065 προσγίνιῖαιηεῐ
657 4981 740 5039 ita
767 4981 1013 5065 quoque
1033 4981 1249 5064 legitur
1274 4983 1334 5038 in
1356 4981 1618 5065 editione
1630 4986 1804 5065 fari-

202 5053 404 5113 siensi.
436 5054 588 5129 illud
615 5053 955 5129 προσγέχετάι
983 5067 1180 5124 neque
1233 5054 1292 5129 in
1319 5053 1580 5129 editione
1630 5055 1804 5122 Ven.,

205 5141 397 5200 neque
446 5127 510 5182 in
557 5124 773 5200 codice
804 5127 971 5180 Voss.
1020 5139 1216 5196 neque
1272 5124 1335 5180 in
1384 5124 1517 5180 aliis
1542 5131 1807 5198 quatuor

209 5197 350 5252 mss.
374 5197 696 5253 invenitur.

273 5270 388 5338 (97)
409 5269 557 5341 κτοις.
579 5269 814 5341 primus
842 5272 934 5320 καὶ
963 5263 1148 5319 δίαιτα
1173 5268 1300 5323 Mox
1331 5281 1486 5322 unus
1513 5283 1662 5325 mss.
1684 5287 1806 5340 πρι-

213 5343 406 5402 πόντως
435 5338 566 5413 ἆιφορ
575 5338 784 5400 ἱζέσθω.

279 5414 386 5476 (98)
433 5408 641 5467 Codex
707 5413 870 5483 V988.
899 5408 1339 5483 -ίπανορ-θοῦσθαι
1358 5409 1559 5483 οἰκείως
1602 5409 1804 5482 ἑκάστῳ

218 5485 527 5554 πταίσματι,
561 5483 713 5548 ὥστε,
746 5481 987 5554 brevius
1014 5479 1285 5554 quidem,
1317 5479 1424 5554 sed
1445 5552 1452 5554 Α
1473 5495 1654 5536 sensu
1677 5479 1804 5537 non

221 5549 516 5610 dissimili.
548 5555 696 5626 Reg.
722 5553 954 5626 primus
972 5549 1341 5626 emendatus
1356 5549 1635 5626 ἐπάγοντα.

288 5626 402 5694 (99)
432 5626 577 5695 Reg.
606 5621 842 5697 p'rimus
861 5628 923 5682 et
941 5626 1111 5682 Voss.
1143 5627 1202 5681 et
1219 5621 1386 5681 Colb.
1411 5621 1702 5695 γυμνάσιον
1728 5622 1805 5678 ιύο

1915 4503 2151 4567 xantes,
2179 4495 2346 4551 nulla
2385 4511 2524 4551 cum
2570 4493 2874 4558 molestia,
2903 4493 3191 4566 nullaque
3221 4489 3578 4558 offensione,

1914 4587 1993 4645 ad
2014 4601 2269 4659 scopum
2291 4583 2655 4658 pertingant.
2678 4584 2849 4657 357
2882 4587 3292 4655 Pratereaque
3313 4580 3420 4653 qui
3439 4583 3581 4636 sunt

1913 4768 2163 4835 πειθείας,
2209 4765 2557 4821 obedientz’a
2615 4764 2994 4820 exercitatio.
3022 4761 3323 4817 Editiones
3343 4761 3576 4812 veteres

1915 4846 1973 4896 et
2008 4837 2276 4893 Coxnbef.
2301 4842 2358 4892 et
2388 4838 2528 4905 Reg.
2560 4836 2764 4892 tertius
2795 4835 3078 4894 ἀπειθείας.
3154 4905 3192 4906 η
3396 4897 3426 4906 _,

1988 4911 2061 4976 (1)
2116 4909 2350 4978 Legitur
2391 4909 2451 4962 in
2477 4902 2662 4964 "Colb.
2695 4910 2846 4980 οἱονεὶ
2879 4907 3128 4980 ἐκτέμνει,
3150 4905 3274 4957 nox
3306 4902 3574 4980 antiqua

1914 4967 2225 5038 editione;
2251 4984 2307 5034 et
2347 4981 2488 5049 Reg.
2546 4978 2852 5033 secundus
2904 4967 3002 5049 τῆξ
3031 4975 3297 5046 ἐπάρσιως
3327 4967 3572 5026 πολλάκις

1915 5057 2040 5124 ἡμῖν
2091 5055 2185 5108 τὴν
2233 5051 2404 5124 Δὀργήν
2439 5047 2818 5124 *ἐμποιούσηᾳ
2876 5047 2984 5124 Alii
3036 5052 3152 5100 tres

1916 5108 2084 5179 Voss.
2129 5126 2195 5176 ut
2229 5108 2288 5176 in
2312 5108 2630 5175 'contc'xtu.
2682 5108 2819 5174 Utro
2849 5122 3050 5172 autem
3094 5111 3277 5168 modo
3316 5108 3572 5188 legatur,

1913 5212 2036 5251 non
2079 5194 2337 5249 multum
2383 5192 2649 5248 interest.
2707 5193 2853 5244 Nam
2903 5203 2974 5240 ex
3032 5190 3286 5254 utraque
3316 5179 3574 5235 lectione

1915 5266 2128 5323 eadem
2147 5263 2645 5337 planesententia
2666 5260 2943 5337 efﬁcitur.

1983 5342 2052 5400 (Ἦ
2076 5329 2274 5391 Codex
2308 5333 2480 5387 Voss.
2512 5352 2612 5404 rm
2646 5329 3320 5404 npuyaémv,_corrupte.

1983 5395 2062 5477 (3)
2104 5403 2586 5477 Reg.primus_'tl
2635 5395 2912 5477 προάιυχῂ
2966 5395 3395 5477 θετῆςηή-φιίε
3436 5409 3575 5477 ρνς-

1912 5464 2484 5543 catio.ﬂaud'longe
2514 5464 3154 5546 idern'msfiyyivotro.
3215 5469 3375 5524 Alter
3427 5464 3572 5539 ἄγγεα

1912 5568 2111 5623 γνοιτο,
