4082 6178
497 266 612 328 9ΰό

1856 255 1913 312 S.
1959 251 2213 310 BASiLH
2248 253 2487 310 MAGNI.
3769 261 3870 316 956

517 388 844 463 ejusmodi,
866 391 1024 446 recte
1056 383 1316 451 educati,
1345 374 1732 438 attentionem
1767 379 1955 436 animi
1993 378 2165 434 facile

2281 386 2370 430 τοῦ
2423 383 2496 451 μὴ
2550 380 2958 454 μετεωρίζεσθαι
3004 378 3235 453 ἐθισμός,
3297 380 3514 445 εὐκόλως
3559 381 3622 433 ἃν
3655 379 3750 444 διὰ
3778 385 3873 446 τής

509 486 929 554 assequentur,
964 482 1143 547 atque
1164 473 1382 529 mentis
1415 471 1856 526 aberrationem
1869 469 2061 525 vitare
2077 483 2165 523 as-

511 573 811 638 suescent,
839 567 888 623 si
920 582 955 621 a
985 562 1285 633 magistris
1313 561 1552 618 assidue
1580 559 2038 628 interrogentur,
2062 557 2167 613 ubi

509 660 583 716 sit
629 673 838 714 eorum
895 653 1156 718 animus,
1208 656 1264 707 et
1291 649 1439 724 quid
1475 651 1536 706 in
1562 654 1763 706 mente
1794 651 2048 704 versent.
2077 650 2166 703 Et-

507 749 670 806 enim
699 745 802 803 illa
849 750 1016 810 aetas,
1050 747 1256 816 utpote
1288 740 1565 813 simplex,
1597 738 1827 796 fraudis
1854 739 2078 804 nescia,
2110 741 2168 792 et

508 839 588 895 ad
613 835 1006 892 mendacium
1036 833 1260 905 inepta,
1279 831 1447 888 nullo
1467 830 1712 899 negotio
1733 829 1920 885 animi
1939 839 2166 884 arcana

505 925 747 1001 prodit:
781 924 1016 981 accedit
1045 923 1248 989 etiam,
1281 923 1447 994 quod
1477 921 1582 993 qui
1603 920 1738 975 talis
1768 925 1877 984 est,
1910 934 1986 974 ne
2036 932 2168 990 per-

504 1023 687 1090 petuo
715 1016 908 1071 vetitis
936 1014 1296 1070 commentis
1338 1011 1650 1068 immorari
1680 1007 2167 1081 deprehendatur

505 1107 691 1177 fugiet
719 1104 1019 1160 absurdas
1034 1101 1448 1172 cogitationes,
1473 1105 1654 1172 atque
1672 1097 2166 1168 objurgationum

506 1195 770 1250 dedecus
791 1193 1102 1259 reveritus,
1129 1190 1520 1263 semetipsum
1547 1187 1789 1245 assidue
1817 1187 1896 1242 ab
1950 1187 2166 1258 ineptis

505 1283 928 1424 “30:33:11.;
969 1367 1150 1435 igitur
1193 1363 1340 1418 dum
1371 1363 1572 1419 adhuc
1603 1361 1775 1418 facile
1801 1360 2167 1418 conformari

505 1460 722 1532 potest,
791 1456 1062 1528 dumque
1100 1461 1271 1510 tener
1299 1457 1406 1519 est,
1439 1469 1508 1508 ac
1542 1453 1733 1507 instar
1761 1451 1960 1508 mollis
1991 1467 2162 1517 certe,

503 1561 706 1604 rerum
727 1545 1069 1601 oblatarum
1095 1544 1326 1599 formas
1353 1542 1521 1598 nullo
1550 1541 1792 1612 negotio
1837 1540 2052 1610 induit,
2087 1540 2166 1596 ad

507 1635 713 1693 omnia
741 1635 906 1690 bona
929 1634 1129 1690 statim
1150 1632 1229 1688 ab
1249 1631 1415 1688 initio
1445 1630 1816 1686 exercendus
1841 1635 1933 1686 est
1956 1634 2042 1686 :ut
2061 1629 2164 1686 ubi

2276 467 2438 542 ὀρθῆς
2499 467 2710 540 ἀγωγῆς
2780 477 2891 531 τοῖς
2943 474 3196 531 τοιούτοις
3271 470 3546 544 ἐγγένοιτο,
3619 471 3663 524 εἰ
3733 475 3878 550 παρὰ

2275 565 2375 608 τῶν
2480 556 2892 612 ἐπιστατούντων
2991 568 3223 633 συνεχῶς
3323 559 3700 636 ἀνακρίνοιντο,
3774 569 3875 616 ποῦ

2274 649 2470 719 ἔχουσι
2518 653 2612 708 τὴν
2661 646 2916 716 διάνοιαν,
2969 657 3058 703 καὶ
3101 656 3154 703 τί
3215 655 3524 726 στρέφουσιν
3554 651 3604 704 ἐν
3655 658 3766 714 τοῖς
3795 652 3876 704 λοι

2275 745 2506 810 γισμοίς.
2557 741 2627 790 Τὸ
2686 743 2789 813 γὰρ
2842 739 3036 793 διπλοῦν
3092 748 3184 800 τῆς
3231 740 3440 803 ῆλικίας
3501 745 3589 793 καὶ
3659 738 3871 809 ἄδολον,

2275 831 2365 877 καὶ
2421 829 2554 899 πρὸς
2602 831 2659 880 τὸ
2726 825 2924 900 ψεῦδος
2981 826 3358 895 ἀνεπιτήδειον,
3442 829 3876 906 ἐξαγορεύει.μὶν

2277 914 2499 978 εύκόλως
2543 917 2607 968 τὰ
2653 915 2925 992 ἀπόρρητα
2977 927 3068 982 τῆς
3123 919 3328 991 ψυχῆς·
3383 921 3508 994 ὑπὲρ
3561 916 3624 972 δε
3667 928 3760 973 τοῦ
3799 925 3872 994 μή

2279 1013 2511 1078 συνεχῶς
2575 1005 3127 1080 ἐγκαταλαμϐοἱνεσθαι
3209 1017 3320 1071 τοῖς
3381 1008 3872 1084 ιάπηγορευμένοις,

2278 1098 2304 1148 ό
2362 1104 2596 1158 τοιοῦτος
2651 1100 2829 1168 φεύγοι
2877 1097 2938 1148 ἃν
2985 1099 3080 1160 τοὶς
3124 1106 3222 1151 τῶν
3279 1097 3481 1152 ἀτόπων
3534 1097 3753 1166 ἐννοίας,
3787 1104 3876 1153 καὶ

2283 1194 2516 1256 συνεχῶς
2569 1185 2750 1238 ἑαυτὸν
2805 1186 2858 1238 ἐκ
2914 1195 3015 1239 τῶν
3075 1186 3278 1241 ἀτόπων
3327 1187 3724 1255 ἀνακαλέσεται,
3783 1195 3877 1248 τὴν

2277 1273 2334 1327 ἐκ
2363 1275 2716 1347 τῶνεέλέγχων
2737 1277 3003 1348 αἰσχύνην
3029 1276 3355 1351 φοϐούμενος.

2347 1368 2398 1419 4.
2459 1364 2758 1419 Εύπλαστον
2812 1365 2900 1419 οὖν
2947 1367 3024 1419 ἔτι
3069 1371 3231 1420 οὖσαν
3287 1373 3376 1420 καὶ
3417 1367 3620 1426 ἁπαλὴν
3650 1372 3746 1426 τὴν
3770 1370 3878 1440 ψυ-

2275 1458 2402 1525 χὴν,
2461 1460 2549 1506 καὶ
2593 1457 2658 1515 ὡς
2713 1459 2873 1530 κηρόν
2940 1461 3186 1525 εὔεικτον,
3244 1464 3355 1518 ταῖς
3398 1466 3496 1510 τῶν
3535 1457 3878 1532 ἐπιϐαλλομέ-

2274 1562 2371 1595 νων
2445 1550 2668 1616 μορφαῖς
2733 1540 2935 1619 ῥᾳδίως
2993 1543 3416 1619 ἐκτυπουμένην,
3495 1551 3628 1621 πρὸς
3703 1553 3876 1601 πᾶσαν

2275 1628 2479 1702 ἀγαθῶν
2528 1633 2757 1690 ἄσκησίν
2810 1633 2961 1694 εύθύς
3005 1639 3095 1686 καὶ
3153 1633 3206 1697 ἐξ
3252 1633 3426 1708 ἀρχῆς
3466 1634 3744 1709 ἐνάγεσθαι
3806 1636 3876 1706 (4)

507 1724 763 1782 adfuerit
789 1725 962 1791 ratio,
985 1722 1352 1794 habitusque
1373 1719 1754 1786 discernendi
1775 1720 2107 1789 accesserit,
2129 1735 2165 1775 a

2281 1725 2408 1795 χρή·
2471 1724 2605 1774 ὥστε
2656 1730 2748 1774 τοῦ
2791 1721 2947 1794 λόγου
2997 1729 3430 1797 προσγενομένου,
3491 1731 3581 1778 καὶ
3635 1735 3733 1788 τῆς
3764 1723 3876 1778 διας

503 1814 680 1884 jactis
703 1813 873 1869 initio
903 1812 1233 1874 elementis,
1267 1815 1324 1866 et
1344 1827 1380 1867 a
1400 1809 1630 1866 traditis
1668 1809 1908 1881 pietatis
1956 1807 2164 1864 formis

508 1919 723 1960 cursus
751 1903 1120 1964 instituatur,
1153 1902 1380 1958 ratione
1403 1901 1465 1956 id
1489 1900 1655 1972 quod
1687 1899 1827 1955 utile
1859 1903 1916 1954 et
1955 1913 2165 1968 sugge-

503 1996 692 2060 rente,
720 1991 1156 2048 consuetudine
1178 2006 1319 2045 vero
1338 1989 1680 2045 facilitatem
1708 1987 1788 2043 ad
1806 1992 1963 2043 recte
1983 2002 2164 2058 agen-

511 2079 661 2137 dum
688 2081 1014 2154 prwbente.
1044 2083 1205 2138 Tunc
1232 2085 1436 2135 autem
1469 2077 1844 2134 admittenda
1873 2081 1962 2132 est
1987 2077 2164 2147 virgi-

505 2170 713 2226 nitatis
759 2170 1070 2242 professio,
1127 2173 1422 2242 tanquam
1453 2182 1590 2239 quae
1617 2168 1746 2238 jam
1776 2167 1953 2221 firma
1984 2165 2079 2236 sit,
2110 2169 2167 2220 et

508 2273 646 2330 qua;
676 2257 756 2313 ab
778 2258 1051 2330 ipsorum
1077 2256 1374 2312 sententia
1395 2271 1466 2310 ac
1481 2255 1713 2325 judicio
1751 2253 2168 2326 proﬁciscatur

497 2347 633 2417 jam
665 2346 930 2417 perfecta
954 2350 1012 2400 et
1040 2344 1320 2400 absoluta
1344 2345 1578 2399 ratione
1611 2359 1624 2398 :
1651 2349 1789 2415 post
1817 2343 1983 2415 quod
2027 2347 2168 2398 tem-

509 2449 625 2508 pus
664 2439 718 2491 et
747 2435 998 2508 praemia
1043 2438 1102 2489 et
1127 2448 1325 2506 pinnas
1355 2433 1748 2504 peccantibus
1775 2438 1880 2488 aut
1896 2437 2054 2487 recte
2084 2431 2167 2488 fa-

507 2524 807 2582 cientibus
833 2525 913 2581 ab
934 2539 1110 2597 aequo
1131 2523 1334 2594 judice
1366 2538 1477 2594 pro
1501 2537 1754 2594 operum
1798 2522 2010 2578 merito
2061 2523 2166 2577 de-

509 2618 856 2672 cernuntur.
887 2618 1086 2671 Testes
1116 2619 1318 2670 autem
1360 2613 1612 2683 hujusce
1659 2612 1954 2684 propositi
2000 2611 2168 2668 adhi-

510 2705 696 2760 bendi
725 2709 863 2759 sunt
884 2704 1269 2760 ecclesiarum
1296 2701 1578 2775 praefecti,
1607 2702 1962 2774 utipsorum
1982 2716 2168 2774 opera

511 2797 566 2850 et
579 2794 846 2867 corporis
861 2793 1262 2849 sanctimonia
1273 2791 1453 2847 veluti
1468 2807 1560 2847 res
1573 2791 1859 2864 quaedam
1872 2795 2166 2847 sacraDeo

515 2883 846 2951 dedicetur,
875 2888 932 2939 et
951 2882 1130 2939 ﬁrma
1164 2884 1237 2939 sit
1256 2883 1385 2939 haec
1407 2883 1562 2938 actio
1593 2897 1701 2955 per
1729 2883 2163 2939 testimonium.

512 2973 690 3040 Nam,
719 2973 931 3039 inquit,
959 2974 1023 3028 in
1053 2988 1158 3029 ore
1177 2973 1433 3028 duorum
1456 2974 1763 3028 auttrium
1784 2972 2021 3027 testium
2051 2977 2168 3027 sta-

2274 1818 2512 1884 κριτικῆς
2559 1811 2708 1881 ἕξεως
2759 1813 3166 1886 προσελθούσης,
3237 1810 3431 1887 δρόμον
3502 1816 3768 1890 ὑπάρχειν
3823 1814 3874 1866 ἐκ

2274 1907 2373 1952 τῶν
2441 1899 2493 1963 ἐξ
2524 1901 2702 1974 ἀρχῆς
2755 1908 3056 1975 στοιχείων,
3098 1922 3188 1956 και
3223 1923 3325 1957 των
3348 1901 3758 1980 παραδοθέντων
3787 1913 3876 1967 τῆς

2277 1989 2543 2054 εὐσεϐείας
2567 1995 2760 2059 τύπων,
2794 2001 2885 2046 τοῦ
2915 1995 3006 2065 μὲν
3031 1992 3188 2064 λόγου
3218 1997 3275 2045 τό
3331 1998 3604 2068 χρήσιμον
3651 1994 3877 2048 ὑποϐαλ-

2273 2078 2466 2146 λοντος,
2503 2087 2595 2132 τοῦ
2637 2078 2695 2136 δὲ
2740 2084 2888 2144 ἔθους
2940 2082 3212 2157 εὐμάρειαν
3276 2087 3401 2159 πρὸς
3459 2086 3518 2136 τό
3587 2087 3878 2158 κατορθοῦν

2277 2170 2626 2242 ἐμποιοῦντος.
2666 2176 2793 2225 Τότε
2838 2177 2929 2224 καὶ
2977 2176 3074 2230 τὴν
3126 2173 3404 2248 ὁμολογίαν
3451 2181 3548 2234 τῆς
3594 2177 3879 2248 παρθενίας

2276 2262 2592 2333 προσίεσθαι
2629 2257 2731 2328 δεῖ,
2787 2263 2851 2321 ὡς
2891 2257 2996 2319 ἤδη
3053 2260 3290 2334 βεϐαίαν,
3358 2268 3448 2316 καὶ
3501 2261 3602 2315 ἀπὸ
3670 2269 3880 2336 γνώμης

2278 2348 2471 2411 οἰκείας
2544 2355 2632 2402 καί
2705 2355 2927 2424 κρίσεως
2972 2356 3244 2426 γινομένην
3309 2355 3440 2425 μετά
3498 2356 3596 2410 τὴν
3637 2359 3730 2405 τοῦ
3788 2353 3879 2404 λό-

2275 2456 2370 2509 γου
2424 2441 2498 2509 (5)
2561 2439 2956 2514 συμπλήρωσιν·
3021 2441 3134 2512 μεθ’
3187 2442 3239 2494 ὄν
3297 2446 3388 2494 καὶ
3437 2449 3606 2515 τιμαί,
3664 2447 3754 2494 καὶ
3792 2461 3876 2495 τι-

2276 2533 2472 2600 μωρίαι
2525 2537 2633 2592 τοῖς
2686 2529 3095 2602 ἁμαρτάνουσιν,
3157 2532 3186 2591 ἦ
3228 2539 3339 2594 τοῖς
3385 2534 3708 2608 κατορθοῦσι
3739 2535 3879 2607 παρὰ

2275 2625 2366 2669 τοῦ
2417 2614 2626 2672 δικαίου
2681 2625 2861 2694 κριτοῦ
2918 2621 3052 2673 κατά
3105 2625 3201 2679 τὴν
3255 2629 3355 2674 τῶν
3409 2625 3568 2695 ξογων
3613 2620 3766 2684 ἀξίαν
3798 2618 3878 2674 δί-

2279 2702 2460 2760 δονται
2491 2707 2590 2773 (6).
2646 2711 2930 2784 Μάρτυρας
2982 2706 3040 2762 δε
3097 2719 3194 2773 τῆς
3220 2716 3434 2784 γνώμης
3461 2715 3586 2773 τοὺς
3615 2717 3878 2784 προεστῶ-

2276 2813 2370 2857 τας
2421 2806 2520 2849 τῶν
2560 2797 2846 2857 ἐκκλησιῶν
2890 2799 3327 2875 παραλαμϐάνειν,
3390 2803 3524 2854 ὥστε
3582 2797 3661 2853 δι’
3713 2801 3875 2854 αὐτῶν

2276 2890 2366 2938 καὶ
2416 2890 2504 2940 τὸν
2548 2886 2807 2962 ἁγιασμόν
2849 2895 2941 2942 τοῦ
2989 2895 3228 2963 σώματος
3253 2899 3424 2964 ῶσπερ
3448 2910 3497 2943 τι
3529 2889 3775 2964 ἀνάθημα
3804 2897 3876 2961 τῷ

2279 2982 2422 3046 Θεῷλ,
2445 2977 2817 3049 καθιεροῦσθαι
2874 2980 2947 3048 (7)
2993 2982 3083 3030 καὶ
3139 2977 3425 3050 βεϐαίωσιν
3471 2977 3598 3031 εἶναι
3640 2985 3735 3031 τοῦ
3795 3000 3877 3050 γι-

515 3061 596 3118 bit
617 3075 789 3118 omne
811 3061 1236 3118 verbum".Sic
1268 3061 1430 3117 enim
1453 3065 1507 3117 et
1527 3061 1783 3117 fratrum
1829 3062 2048 3133 agendi
2077 3077 2168 3117 ra-

2281 3068 2484 3136 νομένου
2561 3063 2655 3118 διὰ
2709 3073 2804 3128 τῆς
2877 3073 3186 3141 μαρτυρίας.
3266 3067 3381 3122 Ἐπὶ
3447 3074 3700 3142 στόματος
3745 3071 3872 3144 γάρ,

513 3147 592 3207 tio
613 3165 723 3207 nec
743 3150 902 3207 male
923 3151 1144 3218 audiet,
1175 3156 1228 3206 et
1255 3151 1338 3206 eis
1361 3151 1463 3223 qui
1492 3167 1556 3206 se
1582 3150 1746 3223 ipsos
1769 3153 1887 3207 Deo
1908 3151 2165 3223 despon-

514 3239 751 3313 derunt,
777 3257 848 3297 ac
873 3241 1091 3296 deinde
1110 3241 1547 3313 professionem
1579 3242 1806 3296 irritam
1838 3241 2033 3297 facere
2065 3257 2164 3297 co-

514 3336 756 3397 nantur,
810 3329 980 3386 nulla
1030 3331 1423 3403 impudentiae
1481 3332 1720 3386 occasio
1773 3329 2162 3402 relinquetur.

517 3417 630 3474 Sed
677 3419 781 3490 qui
825 3419 886 3474 in
936 3420 1276 3490 virginitate
1328 3420 1515 3476 vitam
1567 3436 1744 3490 agere
1774 3435 1896 3474 non
1919 3419 2064 3490 vult,
2094 3420 2163 3487 is,

513 3511 809 3580 tanquam
831 3509 934 3582 qui
963 3525 1057 3564 res
1077 3510 1314 3566 Domini
1343 3526 1552 3567 curare
1580 3525 1702 3565 non
1724 3508 1942 3579 valeat,
1960 3525 2166 3566 coram

514 3597 731 3653 iisdem
757 3599 1006 3654 testibus
1028 3599 1382 3658 dimittatur.
1408 3603 1696 3656 Caeterum
1727 3600 1830 3671 qui
1859 3598 2169 3671 professus

514 3685 690 3743 fuerit
720 3691 858 3760 post
893 3689 1148 3745 multam
1166 3689 1620 3760 indagationem
1667 3705 1738 3745 ac
1786 3688 2167 3745 deliberatio-

515 3793 678 3845 nem,
702 3793 889 3850 quam
912 3778 966 3834 ei
992 3777 1168 3834 licere
1191 3778 1372 3834 debet
1402 3778 1686 3850 privatim
1713 3779 1909 3834 facere
1931 3779 2168 3834 dierum

516 3864 782 3938 plurium
816 3865 1035 3938 spatio,
1058 3881 1132 3921 ne
1159 3867 1304 3938 quid
1337 3883 1444 3938 per
1472 3874 1716 3938 raptum
1741 3881 1776 3922 a
1822 3866 1998 3922 nobis
2043 3865 2168 3922 fieri

514 3956 814 4025 videatur,
837 3956 920 4012 ita
941 3957 1191 4012 demum
1219 3957 1643 4028 suscipiendus
1669 3961 1776 4024 est,
1800 3962 1856 4012 et
1879 3957 2031 4011 inter
2051 3957 2166 4012 fra-

517 4047 634 4100 tres
653 4045 1172 4110 annumerandus,
1202 4046 1480 4101 eamdem
1509 4046 1794 4118 deinceps
1831 4051 1886 4101 et
1915 4046 2168 4101 domum

514 4139 570 4189 et
591 4134 833 4191 diaetam
859 4134 1182 4190 habiturus
1205 4151 1346 4190 cum
1373 4135 1727 4205 majoribus.
1752 4135 1865 4190 Sed
1897 4135 2064 4206 quod
2085 4135 2169 4190 di-

2275 3160 2428 3227 φησὶ,
2523 3151 2620 3208 δύο
2690 3160 2720 3214 ἦ
2804 3165 2958 3231 τριῶν
3021 3159 3297 3232 μαρτύρων
3375 3159 3700 3216 σταθήσεται
3770 3163 3874 3211 πᾶν

2273 3246 2438 3319 ῥῆμα.
2496 3245 2647 3296 Οὕτω
2710 3244 2812 3319 γάρ
2870 3252 2958 3298 καὶ
3037 3249 3067 3304 ἡ
3127 3244 3335 3306 σπουδὴ
3377 3256 3477 3299 τῶν
3525 3244 3762 3319 ἀδελφῶν
3816 3251 3874 3300 τό

2276 3331 2682 3406 ἀϐλασφήμητον
2737 3336 2853 3400 ἔξει,
2913 3340 3003 3388 καὶ
3056 3343 3165 3400 τοῖς
3237 3337 3446 3399 ἑαυτοὺς
3516 3337 3879 3410 καθομολογηο

2278 3427 2521 3496 σαμένοις
2589 3431 2724 3494 Θεῷ,
2781 3421 2892 3477 εἶτα
2942 3423 3135 3479 ἀθετεῖν
3218 3425 3598 3502 ἐπιχειροῦσιν,
3663 3425 3875 3501 ἀφορμὴ

2275 3516 2406 3585 πρὸς
2452 3512 2832 3586 ἀναισχυντιαν
2890 3514 2994 3587 οὐχ
3038 3514 3493 3588 ὑπολειφθήσεται.
3563 3514 3619 3568 Ὀ
3679 3513 3740 3570 δὲ
3803 3521 3877 3588 μὴ

2275 3599 2693 3675 καταδεχόμενος
2747 3607 2834 3656 τόν
2890 3603 2938 3656 ἐν
3012 3606 3264 3679 παρθενίᾳ
3313 3604 3449 3678 βίον,
3509 3608 3579 3667 ὡς
3609 3604 3670 3657 ού
3713 3601 3881 3658 δυνα-

2275 3711 2420 3764 μενος
2484 3698 2732 3766 μεριμνᾷν
2789 3695 2855 3746 τὰ
2926 3701 3019 3746 τοῦ
3098 3700 3313 3767 Κυρίου,
3379 3693 3461 3747 ἐπὶ
3525 3703 3625 3748 τῶν
3710 3696 3882 3766 αὑτῶ,

2276 3785 2552 3855 μαρτύρων
2608 3781 2929 3839 ἀπολυέσθω.
2987 3786 3086 3837 Τόν
3160 3802 3220 3854 γε
3275 3789 3378 3857 μὴν
3444 3784 3882 3857 καθομολογησά-

2277 3889 2424 3942 μενον
2482 3871 2556 3942 (8)
2609 3873 2736 3944 μετὰ
2782 3870 2972 3929 πολλὴν
3031 3869 3304 3946 ἀνάκρισιν
3325 3876 3414 3925 καὶ
3462 3871 3755 3942 ἐπίσκεψιν,
3823 3874 3885 3934 ἣν

2279 3958 2327 4011 ἐν
2371 3959 2603 4012 πλείοσιν
2646 3961 2862 4033 ἡμέραις
2901 3959 3185 4037 ἐπιτρέπειν
3239 3961 3378 4034 αύτῷ
3432 3963 3698 4014 ποιεῖσθαι
3753 3965 3885 4031 καθ,

2280 4048 2460 4101 ἐαυτὸν
2499 4055 2774 4124 προσήκει,
2839 4053 2908 4111 ὡς
2963 4055 3035 4123 μὴ
3098 4047 3251 4114 δόξαι
3294 4069 3345 4103 τι
3391 4052 3510 4104 καθ’
3562 4051 3886 4124 ύπαρπαγήν

2279 4139 2402 4213 παρ’
2463 4142 2609 4212 ἡμῶν
2647 4141 2907 4210 γίνεσθαι,
2967 4141 3128 4203 οὕτως
3172 4137 3277 4200 ἢδη
3324 4137 3729 4214 παραδέχεσθαι
3777 4138 3886 4207 δεῖ,

515 4239 647 4280 cere
686 4240 797 4280 nos
826 4224 999 4295 fugit,
1031 4228 1088 4280 et
1116 4240 1279 4280 nunc
1301 4224 1524 4281 addere
1553 4241 1675 4281 non
1723 4225 1831 4280 abs
1862 4241 1924 4280 re
1972 4225 2168 4306 fuerit,

2281 4233 2371 4281 καὶ
2433 4227 2729 4304 ἐναρίθμιον
2779 4232 3045 4283 ποιεῖσθαι
3119 4237 3180 4302 τῇ
3244 4227 3554 4302 ἀδελφότητι
3620 4234 3718 4300 (9),
3799 4237 3889 4284 καὶ

517 4329 649 4380 nos,
668 4330 823 4386 quos
843 4314 1214 4387 quibusdam
1236 4314 1468 4372 artibus
1487 4315 1687 4371 statim
1711 4329 1946 4388 apuero
1968 4315 2173 4372 danda

519 4415 706 4473 opera
733 4403 827 4466 sit,
855 4403 960 4460 ubi
984 4405 1115 4474 jam
1144 4405 1316 4476 pueri
1365 4404 1551 4478 aliqui
1596 4403 1673 4461 ad
1720 4420 1822 4460 eas
1853 4404 2173 4461 discendas

517 4490 630 4546 visi
681 4491 902 4549 fuerint
954 4511 1085 4551 esse
1135 4495 1358 4560 idonei,
1404 4511 1796 4568 nequaquam
1830 4495 2172 4567 prohibere,

518 4580 850 4652 quominus
869 4598 1009 4638 cum
1043 4585 1186 4639 artis
1217 4585 1520 4655 magistris
1552 4585 1812 4641 interdiu
1865 4589 2173 4642 maneant.

523 4669 637 4725 Sed
660 4674 844 4726 noctu
873 4687 975 4726 eos
996 4673 1344 4728 necessario
1365 4674 1444 4728 ad
1483 4673 1750 4746 aequales
1796 4689 1939 4729 suos
1990 4679 2179 4729 trans-

593 4853 641 4888 ⁵⁸
662 4853 863 4913 Matth.
891 4869 1049 4922 xvui,
1084 4857 1168 4909 l6.

591 5001 669 5072 (4)
702 4999 904 5057 Codex
934 4999 1098 5057 Colb.
1135 4999 1512 5072 ἀναγαγέσθαι.
1549 5001 1682 5056 Mox
1731 4997 1892 5055 idem
1944 5015 2061 5056 ms.
2102 5003 2180 5054 εὗ-

527 5071 562 5126 δ
563 5071 734 5148 ρομονν
770 5073 1065 5148 -ύποίρχειν,

596 5142 669 5217 (ὃ)
702 5142 904 5217 Ειίίῐίσ
928 5142 1105 5199 Basil.
1138 5160 1307 5216 aeque
1339 5160 1409 5199 ac
1438 5142 1622 5200 Paris.
1659 5147 1795 5196 κατὰ
1823 5148 1912 5201 τὴν
1953 5151 2044 5195 τοῦ
2100 5144 2180 5196 λό-

1535 5219 1623 5268 ετὰ
1661 5220 1776 5284 τήν,
1826 5220 2006 5271 recte.
2058 5218 2181 5271 Sta-

1525 5303 1599 5343 uo
1631 5305 1774 5344 mss.
1817 5292 1873 5342 et
1903 5286 2042 5342 editi
2067 5287 2178 5359 μεθ’

523 5216 638 5286 γον.
671 5216 862 5272 Editio
889 5217 1029 5271 Ven.
1065 5222 1120 5271 et
1151 5223 1289 5272 tres.
1314 5233 1461 5273 mss.

525 5289 633 5342 tim
688 5288 860 5343 Colb.
909 5289 1020 5360 μεθ’
1069 5289 1134 5339 ὧν
1179 5295 1287 5342 καί.
1343 5288 1450 5344 Alii

527 5362 602 5426 ὃν,
632 5367 948 5431 postquam
981 5361 1196 5416 emissa
1228 5367 1312 5418 est
1329 5362 1643 5431 professio.

597 5425 677 5500 (6)
705 5425 937 5485 Veteres
971 5433 1090 5486 duo
1139 5431 1274 5488 libri
1305 5425 1455 5488 cuni
1501 5434 1669 5488 Voss.
1719 5425 2178 5485 ἀνταποδίδονται.

598 5504 674 5588 ll)
704 5502 904 5588 C'ode;
935 5502 1074 5588 (.1011).
1107 5512 1220 5576 Θεῷ
1264 5505 1623 5588 ἀριερούσθαι.

599 5576 675 5646 (8)
726 5574 918 5634 Editio
950 5574 1130 5646 Paris,
1185 5574 1405 5650 pariter
1443 5593 1514 5637 ac
1554 5578 1732 5654 Basil.
1767 5575 2189 5652 καθομολογησὸ-

2282 4321 2427 4370 οἴκου
2470 4321 2560 4370 καὶ
2627 4315 2839 4381 διαίτης
2880 4325 2970 4380 τῆς
3023 4317 3181 4380 αὐτῆς
3228 4326 3333 4380 τοῖς
3379 4319 3703 4394 τελειοτέροις
3751 4323 3889 4392 μεθ-

2284 4407 2476 4471 ἐξοντα.
2531 4407 2597 4460 Ὀ
2646 4405 2705 4461 δε
2762 4407 3042 4482 παρέλαθεν
3072 4412 3212 4481 ἡμᾶς
3241 4409 3414 4474 εἰπεῖν,
3450 4405 3572 4462 οὐδε
3601 4415 3690 4460 νῦν
3722 4427 3892 4485 προσ-

2287 4499 2446 4550 θεῖναι
2490 4498 2725 4573 ἄκαιρον,
2777 4500 2858 4551 ὅτι
2904 4496 2995 4551 διὰ
3055 4500 3113 4550 τὸ
3172 4517 3315 4561 τινας
3358 4506 3457 4550 τῶν
3483 4507 3682 4569 τεχνῶν
3736 4499 3892 4559 εὐθύς

2284 4585 2339 4638 ἐκ
2403 4593 2592 4646 νηπίου
2670 4585 3072 4646 ἐπιτηδεύεσθαι
3135 4584 3263 4655 δεῖν,
3315 4584 3525 4640 ἐπειδὰν
3592 4583 3700 4646 ἤδη
3752 4591 3894 4649 τινες

2285 4685 2386 4730 τῶν
2462 4674 2670 4732 παίδων
2732 4674 3038 4740 ἐπιτηδείως
3109 4679 3314 4750 ἔχοντες
3359 4685 3560 4750 φανῶσι
3605 4680 3734 4752 πρὸς
3801 4685 3892 4737 τὴν

2287 5023 2455 5078 μενον,
2487 5003 2605 5078 qui:
2617 5002 3048 5078 professionem
3075 5006 3168 5078 est
3187 5002 3486 5078 facturus,
3507 5001 3895 5078 obligatur-as

2287 5073 2349 5133 se
2379 5073 2547 5132 votis.
2578 5073 2764 5143 Editio
2795 5075 2942 5130 Ven.
2974 5080 3032 5130 et
3060 5073 3253 5128 codex
3278 5073 3549 5129 Combef.
3574 5089 3716 5128 cum
3761 5075 3896 5130 aliis

2291 5147 2479 5204 tribus
2497 5146 3071 5218 καθομολογησάμενον.
3093 5147 3220 5200 Mox
3235 5148 3372 5218 Reg.
3390 5145 3624 5216 primus
3641 5151 3702 5202 et
3724 5147 3894 5203 Voss.

2291 5221 2374 5274 ἐπὶ
2395 5216 2644 5273 πλείοσινζ
2667 5216 3225 5288 Subindeimpressi
3243 5216 3379 5272 libri
3394 5226 3514 5274 ποιῆ
3527 5235 3635 5272 σαι.
3657 5219 3737 5273 At
3755 5233 3898 5290 qua-

2291 5298 2428 5348 tuor
2457 5307 2602 5345 mss.
2625 5292 2912 5347 ποιεῖσθαι.

2365 5366 2440 5431 (9)
2484 5365 2718 5416 Veteres
2769 5362 2892 5417 duo
2934 5359 3067 5417 libri
3110 5369 3205 5422 τῆς
3243 5355 3616 5434 ἀδελφότητος.
3665 5360 3896 5434 Ibidem

2297 5435 2478 5491 editio
2523 5433 2695 5490 Basil.
2751 5434 3000 5506 perinde
3048 5437 3124 5506 rut
3169 5432 3683 5490 Paris.'xatoivou.
3710 5433 3896 5495 Editio

2298 5509 2439 5580 Ven.
2474 5509 2532 5563 et
2562 5521 2709 5564 mss.
2733 5505 2856 5563 non
2878 5505 3060 5580 pauci
3078 5509 3168 5559 καὶ
3188 5507 3354 5580 οἴκου,
