4082 6178
219 291 321 348 957

1392 286 1692 344 REGULE
1721 285 1968 346 FUSIUS
2002 286 2391 345 TRACTATE
2402 328 2416 343 .

219 412 470 487 μάθησιν,
502 414 563 465 τὸ
601 430 691 483 μεν
742 408 1005 486 συνδίημε
1050 413 1219 487 ρεύειν
1252 411 1440 475 αὐτοὺς
1493 418 1602 473 τοῖς
1647 407 1813 468 διδα-

1938 392 2236 481 nittimus,
2292 410 2665 484 quibuscum
2715 410 2920 469 cibum
2970 410 3154 469 etiam
3208 411 3454 486 capiant
3474 428 3589 471 ne-

223 501 433 564 αεὶλοις
478 507 579 562 τῆς
624 503 813 573 τῦχνης
858 502 955 555 οὐκ
999 501 1386 576 ὰπαγορεύομεν
1410 522 1425 536 ·
1497 489 1701 575 νύκτωρ.
1753 498 1813 555 δὶ
1921 514 2101 557 nesse
2128 506 2250 559 est.

220 588 515 663 ἀναγκαίως
540 593 669 664 πρὸς
694 594 818 655 τοὺς
846 591 1104 666 ὁμήλικας
1129 594 1475 666 μεθιστῶμεν,
1515 592 1633 664 μεθ’
1659 590 1728 643 ὧν
1748 594 1838 645 καὶ
1865 597 1961 653 τῆς
1996 596 2196 663 τροφῆς
2217 589 2391 652 αὐτοῖς
2416 588 2699 662 ἁναγκαιον
2718 588 3137 663 μεταλαμϐάνειν
3156 632 3170 647 .

790 706 1105 755 ΕΡΩΤΗΣΙΣ
1152 699 1247 761 Ia".

220 788 281 843 εἰ
297 784 582 861 ἀναγκαῖον
599 794 675 861 τῷ
695 789 928 864 μέλλοντι
948 789 1173 855 εὐσεϐῶς
1194 790 1289 865 ζῇν
1309 791 1370 844 τό
1392 786 1815 865 ίγκρατιύεσθαι.

832 902 1208 957 ΑΠΟΚΡῙΣΙΣ.

296 991 341 1043 1.
398 983 520 1041 Ὀτι
582 988 673 1060 μὶν
732 985 1009 1060 ἀναγκαῖος
1062 989 1086 1040 ό
1142 994 1239 1051 τῆς
1294 986 1595 1064 ἐγκρατείας
1647 986 1814 1060 λόγος,

222 1068 400 1134 δῆλον.
469 1083 669 1149 πρῶτον
733 1078 824 1149 μὲν
890 1076 944 1130 ἔκ
991 1084 1082 1130 τοῦ
1129 1082 1216 1131 τόν
1266 1078 1580 1131 ’Δπόστολον
1626 1076 1674 1130 ἒν
1716 1083 1818 1139 τοῖς

218 1170 440 1237 καρποῖς
468 1170 560 1216 τοῦ
581 1167 879 1238 Πνεῦματος
908 1171 1001 1225 τὴν
1032 1166 1334 1242 ἐγκράτειαν
1365 1166 1657 1242 ἀριθμῆσαι
1682 1170 1699 1237 (
1710 1170 1815 1234 10),

220 1250 392 1305 ἔπειτα
422 1247 484 1305 δὶ
509 1248 563 1305 ἐκ
582 1260 674 1307 τοῦ
703 1256 763 1306 τὸ
792 1255 1007 1328 ἄμωμον
1028 1262 1123 1318 τῆς
1154 1252 1426 1319 διακονίας
1454 1261 1544 1309 καὶ
1592 1254 1648 1309 ἐκ
1696 1257 1816 1308 ταύ-

220 1360 313 1404 της
350 1342 510 1395 εἰπεῖν
547 1346 956 1417 κατορθοῦσθαι,
1002 1343 1050 1397 ἓν
1089 1346 1166 1407 οἷς
1219 1365 1377 1419 φησιν
1411 1367 1424 1380 ·
1485 1345 1565 1399 Ἐν
1611 1348 1814 1411 κόποις,

2308 695 2486 769 358
2533 696 3059 754 lNTERROGATlO
3101 698 3239 757 XVI.

1925 785 2025 844 An
2043 787 2101 844 ei
2113 787 2222 861 qui
2228 788 2327 857 pie
2337 788 2535 844 vivere
2546 788 2698 856 vult,
2711 789 3051 845 necessaria
3064 787 3142 843 sit
3155 789 3585 855 temperantia.

2548 895 2956 953 RESPONSIO.

2000 986 2048 1039 1.
2081 982 2292 1056 Liquet
2315 983 2727 1041 necessariam
2758 1000 2887 1041 esse
2916 983 3331 1058 temperantiae
3353 983 3585 1041 exerci-

1925 1070 2247 1130 tationem:
2280 1073 2546 1145 primum
2568 1073 2836 1148 quidem,
2864 1076 3156 1147 quoniam
3188 1075 3587 1149 temperantia

1926 1161 2006 1218 ab
2029 1162 2316 1237 Apostolo
2337 1161 2491 1218 inter
2511 1162 2743 1219 fructus
2789 1163 3041 1235 Spiritus
3090 1169 3436 1220 recensetur
3486 1164 3582 1235 3’;

1926 1248 2144 1308 deinde
2167 1266 2309 1308 vero
2340 1251 2634 1325 quoniam
2683 1251 2826 1308 dicit
2872 1257 3147 1309 nostrum
3181 1252 3583 1310 ministerium

1927 1340 2107 1397 etiam
2136 1357 2244 1413 per
2280 1340 2446 1397 illam
2468 1340 2849 1413 inculpatum
2862 1341 3012 1410 ﬁeri,
3034 1340 3131 1397 his
3153 1340 3353 1398 verbis
3377 1346 3581 1398 utens:

219 1426 266 1485 ἓν
320 1428 657 1507 ἀγρυπνίαις,
705 1430 756 1486 ἓν
801 1439 1082 1501 νηστείαις,
1138 1432 1185 1487 ἒν
1243 1434 1528 1507 ἁγνότητι·
1584 1438 1674 1487 καὶ
1718 1432 1819 1495 ἑτέ,

1938 1429 1994 1486 τη
2028 1410 2352 1496 laboribus,
2379 1431 2441 1487 in
2471 1410 2718 1501 vigili—is,
2746 1432 2808 1487 in
2812 1426 3086 1502 jejuniis,
3118 1432 3182 1487 in
3214 1430 3589 1503 castitate“;

217 1521 385 1595 ρωθι·
438 1520 522 1574 Ἐν
571 1526 716 1594 κόπῳ
776 1525 865 1575 καὶ
915 1524 1126 1596 μόχθῳ,
1177 1521 1225 1576 ἓν
1282 1521 1589 1598 ἀγρυπνίαις
1626 1522 1815 1576 πολλά-

218 1626 300 1671 κις
322 1628 337 1642 ο
384 1607 435 1662 ἓν
484 1608 620 1682 λιμῷ
649 1614 739 1662 καὶ
763 1606 912 1681 δίψει
934 1632 948 1645 ·
1008 1609 1057 1663 ἄν
1084 1614 1353 1673 νηστείαις
1380 1610 1628 1673 πολλάκις
1655 1610 1766 1682 (ill
1802 1631 1813 1645 °

217 1702 306 1750 καὶ
333 1697 490 1751 πάλιν
515 1719 528 1732 ·
584 1704 694 1760 Πᾶς
733 1696 794 1753 δι
850 1702 877 1752 ό
921 1697 1292 1773 ἀγωνιζόμενος
1330 1702 1501 1753 πάντα
1544 1696 1820 1776 ἐγκρατεύ-

222 1805 347 1842 ιται.
404 1793 508 1841 Καὶ
531 1788 556 1840 ὁ
596 1789 946 1861 ὑπωπιασμός
973 1785 1032 1842 δὲ
1056 1797 1147 1842 τοῦ
1176 1794 1433 1863 σώματος,
1465 1795 1554 1843 καὶ
1602 1792 1633 1848 ἡ
1686 1785 1817 1842 δου-

218 1876 475 1949 λαγωγία,
502 1877 591 1929 ὑπ’
620 1875 832 1941 οὐδενὸς
860 1878 1015 1931 ἄλλου
1052 1884 1321 1946 τοσοῦτον,
1350 1880 1419 1942 ὡς
1448 1881 1545 1931 ὐπὲ
1595 1887 1690 1941 τῆς
1737 1874 1821 1950 ἔγ-

220 1971 461 2041 κρατείας
490 1969 860 2041 κατορθοῦται.
900 1970 969 2020 Τὸ
1014 1970 1117 2042 γὰρ
1167 1967 1365 2042 βροίζον
1420 1978 1517 2031 τῆς
1561 1973 1815 2035 νεότητος,

218 2058 463 2128 καὶπρὸς
489 2058 583 2117 τὰς
613 2057 780 2129 ὁρμὰς
811 2053 1186 2125 δυσκάθεκτον,
1220 2055 1326 2110 οἷον
1355 2056 1558 2130 χαλινῷ
1580 2077 1681 2110 τινι
1703 2056 1820 2129 (12)

219 2150 280 2217 τῇ
332 2141 609 2219 ἐγκρατείᾳ
657 2148 1009 2221 καθείργεται.
1063 2146 1138 2198 Οὐ
1184 2149 1287 2222 γὰρ
1341 2152 1590 2222 συμφέρει
1636 2146 1821 2220 ἄφρονι

164 2297 170 2305 ,
220 2238 405 2307 τρυφή,
434 2236 568 2287 κατὰ
596 2237 685 2287 τόν
730 2236 1052 2309 Σολομῶντα.
1102 2239 1165 2289 Τί
1216 2232 1275 2289 δε
1320 2239 1515 2313 σαρκός
1559 2236 1819 2291 εὐπαθού-

223 2341 322 2385 In;
371 2327 463 2376 καὶ
513 2327 754 2387 νεότητος
802 2326 917 2397 (13)
968 2330 1364 2401 περιφερομένης
1413 2325 1816 2403 ἀφρονέστερονς

222 2414 306 2465 Διὸ
337 2433 498 2486 φησιν
525 2414 550 2465 ὁ
576 2412 896 2477 Ἀπόστολος
920 2436 933 2448 ·
979 2420 1079 2469 Καὶ
1114 2422 1209 2477 τῆς
1239 2418 1433 2489 σαρκός
1462 2420 1707 2489 πρόνοιαν
1744 2420 1815 2489 μὴ

218 2505 452 2556 ποιεῖσθε
477 2504 551 2565 εἰς
588 2503 906 2579 ἐπιθυμίας·
970 2509 1079 2573 καὶ,
1140 2504 1198 2559 Ἠ
1274 2504 1612 2573 σπαταλῶσα,
1673 2508 1821 2568 ζῶσα

216 2594 475 2653 τέθνηκεν.
512 2598 615 2646 Καὶ
653 2598 712 2646 τὸ
739 2590 1037 2668 ὑπόδειγμα
1063 2590 1122 2648 δὲ
1149 2602 1247 2658 τῆς
1266 2602 1358 2648 τοῦ
1398 2595 1651 2649 πλουσίου
1690 2615 1819 2672 τρυ-

218 2689 313 2753 φῆς
340 2680 635 2754 ἀναγκαίαν
662 2685 789 2756 ἡμῖν
819 2688 913 2743 τὴν
942 2682 1242 2760 ἐγκράτειαν
1271 2690 1587 2759 παρίστησι,
1620 2692 1821 2758 μήποτε

1927 1521 1985 1575 et
2007 1517 2148 1574 alibi
2183 1537 2196 1575 :
2238 1520 2309 1575 In
2354 1520 2558 1576 labore
2582 1524 2636 1576 et
2666 1534 2958 1587 aerumna,
3010 1519 3071 1575 in
3127 1518 3351 1591 vigiliis
3390 1530 3591 1592 saepe;

1927 1607 1991 1663 in
2006 1608 2172 1677 fame
2189 1608 2379 1675 etsiti,
2405 1610 2731 1679 injejuniis
2743 1624 2900 1679 saepe
2926 1611 3002 1679 ⁶¹;
3033 1613 3089 1665 et
3105 1624 3337 1665 rursus:
3383 1608 3589 1665 Omnis

1926 1703 2124 1754 autem
2156 1699 2265 1770 qui
2288 1700 2351 1755 in
2382 1712 2572 1769 agone
2591 1699 2917 1769 contendit,
2940 1698 3015 1756 ab
3038 1699 3314 1755 omnibus
3327 1712 3388 1756 se
3408 1698 3588 1757 absti-

1927 1793 2026 1844 net
2051 1788 2120 1842 ⁸³.
2172 1786 2344 1844 Nulla
2379 1792 2585 1845 autem
2640 1803 2737 1844 res
2759 1786 2878 1845 alia
2905 1791 3029 1845 tam
3069 1802 3297 1862 corpus
3333 1788 3590 1858 castigat

1927 1886 2119 1949 quam
2145 1876 2572 1949 temperantia,
2606 1881 2708 1933 aut
2737 1875 2886 1933 illud
2918 1890 3093 1950 atque
3127 1876 3187 1933 in
3229 1874 3586 1935 servitutem

1926 1965 2166 2035 redigit.
2201 1969 2351 2023 Nam
2367 1963 2698 2036 juventutis
2729 1958 2951 2035 fervor,
2971 1970 3029 2022 et
3048 1962 3373 2022 libidinum
3403 1966 3588 2041 repri-

1928 2053 2292 2110 mendarum
2331 2053 2654 2111 difﬁcultas
2707 2054 3110 2127 temperantia
3175 2057 3355 2127 quasi
3412 2054 3584 2111 freno

1927 2143 2195 2216 quodam
2216 2142 2548 2200 cohibetur.
2564 2142 2697 2201 Non
2710 2144 2865 2201 enim
2874 2144 3330 2214 prosuntstulto
3341 2142 3584 2213 delicias,

1923 2232 2102 2306 juxta
2123 2232 2509 2291 Salomonem
2539 2235 2609 2290 ⁸⁸.
2638 2230 2865 2307 Ecquid
2898 2237 3103 2291 autem
3135 2248 3316 2291 carne
3343 2233 3405 2291 in
3443 2233 3588 2290 deli-

1928 2321 2035 2379 ciis
2056 2322 2336 2394 degente,
2359 2327 2416 2380 et
2434 2324 2751 2395 juventute
2795 2336 2926 2379 sese
2963 2338 3465 2397 quoquoversum
3504 2322 3585 2379 fe.

1927 2426 2093 2478 rente
2134 2416 2373 2478 stultius
2394 2419 2540 2493 ﬁngi
2583 2425 2779 2497 potest
2805 2418 2833 2477 ?
2864 2422 3242 2495 Quapropter
3265 2421 3585 2495 Apostolus

1928 2508 2073 2568 diclt
2096 2527 2110 2567 :
2130 2513 2207 2568 Et
2240 2513 2442 2568 carnis
2469 2526 2677 2568 curam
2700 2526 2774 2568 ne
2797 2508 3047 2581 faciatis
3068 2511 3150 2567 ad
3172 2512 3590 2581 concupiscen-

1930 2601 2045 2657 tias
2067 2603 2114 2637 ⁸⁵
2133 2615 2156 2673 ;
2206 2601 2349 2657 item
2383 2619 2395 2656 :
2451 2600 2593 2669 Quae
2619 2602 2682 2656 in
2712 2601 2942 2657 deliciis
2979 2608 3084 2671 est,
3115 2602 3314 2658 vivens
3345 2605 3586 2658 mortua

1929 2696 2014 2746 est
2040 2691 2109 2746 ⁸⁵.
2138 2689 2305 2746 Adde
2352 2689 2520 2763 quod
2572 2690 2919 2763 exemplum
2970 2688 3320 2747 deliciarum
3362 2690 3587 2764 quibus

218 2767 525 2845 ἀκούσωμεν
551 2770 576 2823 ὃ
602 2775 847 2841 ἤκουσεν,
881 2771 1203 2842 όπλούσιος,
1251 2774 1331 2826 ὃτι
1384 2772 1654 2836 Ἀπέλαϐες
1701 2776 1817 2848 (14)

1938 2778 2097 2836 dives
2118 2779 2453 2846 fruebatur,
2478 2780 2940 2852 temperantiam
2965 2778 3140 2836 nobis
3180 2763 3589 2836 necessariam

218 2862 283 2913 τὰ
308 2860 487 2933 ἀγαθοί
530 2878 626 2914 σου
658 2859 707 2914 ἐν
738 2870 800 2936 τῇ
844 2860 953 2936 ζωῇ
985 2881 1100 2918 σου.

281 3043 336 3097 2.
386 3039 570 3102 Ὅπως
614 3037 673 3094 δὲ
724 3040 938 3117 φοϐερόν
983 3040 1013 3101 ἡ
1050 3040 1301 3118 ἀκρασία,
1333 3043 1471 3096 καὶὸ
1511 3041 1821 3104 Ἀπὸστολος

217 3128 430 3197 ἔδειξεν,
459 3128 509 3182 ἓν
534 3136 640 3193 τοίς
670 3126 929 3205 ἰδιώμασι
974 3139 1066 3194 τῆς
1114 3131 1437 3196 ἁποστασίας
1486 3135 1820 3207 καταριθμή-

221 3240 312 3282 σας
388 3219 576 3289 αὐτὴν,
655 3224 747 3272 καὶ
827 3221 981 3274 εἰπών
1010 3242 1024 3255 ·
1104 3221 1186 3275 Ἐν
1269 3219 1524 3295 ἐσχάταις
1603 3224 1821 3297 ἡμέραις

219 3308 570 3367 ἐνστήσονται
642 3313 819 3382 καιροὶ
905 3310 1150 3381 χαλεποί.
1218 3306 1464 3363 Ἔσονται
1539 3313 1640 3384 γὰρ
1728 3312 1823 3363 ἆν-

222 3398 425 3474 θρωποε
500 3394 758 3471 pilumni.
848 3403 949 3451 Καὶ
1044 3396 1253 3452 πλείονα
1327 3398 1825 3475 ἀπαριθμησάμενος

221 3496 316 3551 τῆς
352 3493 551 3550 κακίας
575 3483 714 3555 εἴδη,
747 3486 977 3561 ἐπήγαγε
1016 3488 1131 3561 (15)
1157 3509 1171 3523 ο
1226 3488 1485 3556 Διάϐολοι,
1546 3488 1783 3565 ἀκρατεῖς
1807 3511 1821 3524 ·

223 3582 325 3630 Καὶ
366 3578 396 3630 ὀ
423 3576 597 3631 Ἠσαῦ
648 3574 707 3630 δὲ
757 3581 816 3629 τό
871 3582 1119 3650 μέγιστον
1165 3584 1265 3631 τῶν
1312 3586 1484 3630 κακῶν
1526 3582 1621 3637 τήν
1664 3577 1825 3653 ἀκρα-

223 3666 340 3719 σίαν
377 3668 750 3743 κατηγορήθη,
786 3668 856 3729 ὡς
894 3664 1007 3720 ἀντὶ
1042 3662 1286 3742 βρώσεως
1331 3673 1459 3741 μιᾶς
1506 3664 1823 3741 ἀποδόμενος

219 3756 287 3806 τὰ
306 3759 666 3829 πρωτοτόκια.
712 3757 814 3807 Καὶ
855 3756 886 3813 ἠ
928 3761 1107 3829 πρώτη
1157 3760 1395 3829 παρακοή
1444 3750 1520 3807 δι’
1562 3754 1825 3831 ἀκρασίας

220 3842 426 3898 ἕνέπεσε
475 3852 551 3915 τῷ
600 3846 876 3920 ἀνθρώπῳ·
947 3846 1025 3898 Ἐν
1071 3844 1343 3919 ἐγκρατείᾳ
1417 3842 1477 3899 δὲ
1556 3848 1605 3899 οἱ
1678 3848 1822 3918 ἅγιοι

218 3935 405 3996 πάντες
442 3933 908 4010 ἐμαρτυρήθησαν.
966 3939 1067 3988 Καὶ
1107 3941 1259 3988 πᾶσα
1306 3937 1366 3988 δὲ
1421 3934 1451 3994 ἠ
1510 3944 1611 3990 τῶν
1661 3936 1819 4008 ἁγίων

214 4028 304 4075 καὶ
323 4029 600 4096 μακαρίων
632 4025 764 4093 ζωή,
823 4029 913 4078 καὶ
966 4027 1024 4076 τὸ
1080 4023 1202 4096 παρ’
1248 4025 1409 4077 αὐτοῦ
1460 4033 1555 4078 τοῦ
1624 4030 1819 4098 Κυρίου

827 3221 981 3274 εἰπών
1010 3242 1024 3255 ·

1931 2884 2063 2924 esse
2114 2869 2417 2937 ostendat,
2468 2883 2544 2925 ne
2596 2868 2747 2924 forte
2812 2868 3137 2926 audiamus
3192 2868 3359 2943 quod
3419 2870 3588 2926 dives

1930 2957 2175 3023 audivit,
2208 2956 2528 3013 nimirum:
2552 2958 2850 3027 Recepisti
2883 2957 3155 3015 bonatua
3172 2960 3236 3015 in
3260 2959 3383 3016 vita
3406 2960 3587 3015 tua“.

2002 3051 2056 3101 2.
2108 3048 2301 3113 Quam
2380 3061 2523 3101 vero
2572 3045 2917 3114 metuenda,
2972 3045 3437 3118 intemperantia
3495 3047 3587 3119 sit,

1930 3135 2111 3192 etiam
2137 3132 2462 3207 Apostolus
2477 3132 2698 3205 docuit,
2724 3150 2865 3189 cum
2887 3132 3049 3189 illam
3072 3135 3413 3189 numeravit
3435 3134 3589 3190 inter

1929 3224 2279 3282 defectionis
2322 3224 2741 3297 proprietates,
2781 3238 2851 3278 ac
2892 3222 3082 3279 dixit:
3138 3223 3203 3279 In
3251 3223 3588 3281 novissimis

1928 3313 2136 3370 diebus
2170 3314 2484 3371 instabunt
2512 3318 2783 3383 tempora
2810 3312 3177 3381 periculosa.
3201 3313 3404 3369 Erunt
3428 3313 3585 3371 enim

1932 3403 2196 3460 homines
2224 3403 2445 3472 seipsos
2475 3406 2745 3457 amantes
2766 3402 2836 3456 ⁸⁷.
2869 3404 2950 3456 Ac
2980 3399 3257 3473 pluribus
3308 3399 3588 3474 nequitia:

1932 3488 2251 3561 generibus
2281 3489 2612 3559 recensitis,
2645 3487 2995 3560 subjunxit:
3027 3489 3488 3554 Criminatores,
3509 3488 3596 3546 in-

1932 3584 2330 3650 temperantes
2374 3579 2444 3635 “.
2472 3582 2662 3652 Atque
2706 3579 2860 3635 Esau
2897 3577 3078 3635 etiam
3125 3578 3592 3651 intemperantia

1932 3684 2043 3725 ceu
2080 3668 2242 3725 malo
2293 3669 2562 3726 maximo
2602 3672 2924 3724 accusatus
2968 3670 3078 3737 est,
3127 3672 3421 3739 tanquam
3489 3668 3596 3740 qui

1929 3757 2145 3832 prioris
2170 3762 2337 3814 ortus
2358 3758 2498 3829 jura
2523 3770 2633 3830 pro
2675 3769 2798 3814 uno
2855 3756 3055 3813 edulio
3109 3756 3480 3814 vendidisset
3519 3759 3590 3814 δ’.

1932 3849 2223 3906 Praeterea
2246 3863 2352 3921 per
2378 3847 2909 3920 intemperantiam
2931 3846 3112 3919 cmpit
3131 3847 3316 3904 homo
3344 3862 3469 3903 non
3489 3847 3593 3903 ob-

1931 3942 2290 4010 temperare.
2329 3942 2400 3993 At
2436 3938 2630 3993 sancti
2696 3952 2911 3993 omnes
2953 3936 3365 4009 temperantia:
3412 3936 3594 3994 laude

1930 4026 2178 4083 fuerunt
2205 4026 2478 4098 spectati.
2530 4030 2656 4083 imo
2678 4027 2880 4099 potius
2901 4025 3099 4081 omnis
3129 4031 3479 4082 sanctorum
3527 4041 3598 4082 ac

222 4109 269 4163 ἓν
302 4120 366 4187 τῇ
407 4110 673 4187 ἇπιδημίᾳ
717 4120 781 4186 τῇ
833 4109 928 4165 διὰ
966 4115 1157 4189 σαρκός
1180 4112 1301 4182 (16)
1349 4110 1650 4187 ὑπόδειγμα
1687 4118 1820 4190 πρὸς

1938 4116 2250 4173 beatorum
2306 4116 2448 4185 vita,
2490 4115 2801 4189 ipsiusque
2833 4114 3069 4171 Domini
3119 4113 3183 4171 in
3230 4129 3409 4171 carne
3449 4129 3597 4187 pras-

298 4335 346 4371 ⁸⁹
381 4336 578 4394 Galat.
604 4351 663 4407 v,
695 4339 790 4407 23,
865 4336 916 4373 ⁸ο
945 4335 991 4390 II
1022 4337 1155 4393 Cor.
1193 4351 1272 4405 vx,
1293 4339 1343 4393 5.
1422 4337 1471 4373 ⁸⁸
1504 4338 1549 4392 Il
1573 4339 1703 4394 Cor.
1743 4352 1824 4408 xi,
1849 4338 1940 4394 27.
2019 4339 2070 4374 θ’
2095 4341 2115 4394 l
2141 4337 2380 4409 Cornix,
2404 4340 2493 4393 25.
2571 4334 2623 4370 ⁸³
2654 4336 2824 4391 Prov.
2851 4348 2974 4407 xxx,
3012 4338 3098 4392 1ο.
3177 4336 3226 4371 ⁸⁵
3258 4337 3427 4393 Rom.
3468 4351 3596 4402 xm,

242 4425 320 4483 14.
392 4429 441 4464 ⁵⁵
468 4426 661 4486 lTim.
693 4444 754 4496 v,
786 4428 837 4484 6.
915 4427 963 4465 ⁸⁸
993 4427 1130 4484 Luc.
1162 4443 1283 4497 xw,
1307 4429 1397 4483 25.
1473 4426 1519 4463 ⁸⁷
1542 4428 1588 4482 Il
1615 4426 1761 4484 Tim.
1796 4444 1871 4497 ιη,
1915 4428 1964 4498 1,
1987 4431 2039 4482 2.

308 4608 412 4675 (10)
445 4609 590 4679 Reg.
618 4604 827 4679 tertius
858 4604 1366 4679 ἐναριθμῆσαιγοκ
1378 4602 1653 4678 ἕγιφεὶτιια
1681 4604 1833 4679 mul-

244 4676 309 4748 tis
335 4676 771 4734 modis'Latine
802 4676 970 4732 reddi
995 4676 1212 4748 potest.
1235 4676 1506 4731 Fortasse
1532 4690 1654 4731 non
1674 4676 1833 4732 male

240 4746 741 4821 interpretabitur,
762 4748 871 4821 qui
898 4746 1034 4804 eam
1062 4747 1179 4803 hoc
1204 4748 1338 4803 loco
1369 4762 1478 4819 pro
1508 4749 1627 4821 cibi
1649 4749 1833 4804 absti-

242 4765 741 4876 mterpretanuur,
762 4765 871 4821 qui
898 4765 1034 4804 eam
1062 4765 1179 4803 noc
1204 4765 1338 4803 loco
1369 4765 1478 4819 pro
1508 4765 1625 4803 σιοι
1649 4765 1831 4804 avsu-

242 4827 374 4901 nent
400 4835 439 4877 a
469 4824 691 4876 sumet.
751 4820 1074 4892 Aliquanto
1116 4824 1254 4891 post
1300 4820 1442 4888 Reg.
1497 4819 1734 4891 primus
1772 4823 1831 4873 τὸ

246 4899 518 4965 ἀμώμητον
540 4901 604 4952 τῆ
618 4911 657 4953 ς·

305 4958 415 5031 (11)
439 4967 656 5020 Totum
687 4962 855 5032 illud,
895 4961 945 5014 ίν
989 4961 1124 5034 λιμῷ
1151 4965 1243 5034 καὶ
1273 4958 1440 5032 δίψει,
1482 4960 1532 5014 iv
1569 4968 1834 5025 νηστιίαις

245 5033 498 5100 πολλάκις,
532 5034 808 5090 additum
839 5040 928 5090 est
954 5050 1026 5089 ex
1044 5032 1257 5089 codice
1297 5035 1462 5088 Voss.
1496 5038 1551 5088 et
1589 5048 1661 5088 ex
1701 5034 1832 5090 aliis

241 5102 470 5162 duobus
498 5105 719 5174 Regiis.
753 5104 920 5161 Haud
970 5106 1149 5172 longe
1196 5103 1383 5159 codex
1437 5103 1605 5161 Colb.
1655 5110 1744 5157 καὶ
1805 5107 1831 5157 ό

249 5175 578 5250 ὑποπιισμος,
614 5177 1249 5250 εονρονίξμᾳίίῑίοιαιίο.

307 5252 416 5317 (l2)
440 5246 686 5319 Antiqui
715 5247 838 5320 duo
865 5246 1001 5302 libri
1030 5262 1168 5303 cum
1198 5249 1365 5303 Voss.
1394 5246 1598 5318 χαλινῷ
1620 5262 1721 5297 τινι
1742 5248 1833 5320 ἄρ-

246 5336 353 5392 χειν
373 5327 462 5372 καὶ
491 5317 690 5383 πιέζειν
714 5326 788 5392 τῇ
809 5317 1085 5391 ἐγκρατείᾳ
1112 5327 1394 5392 προσῆκεν,
1429 5317 1831 5392 temperantia

248 5390 397 5446 velut
419 5393 603 5462 freno
626 5388 888 5463 quodam
903 5388 1130 5461 stringi
1151 5388 1227 5446 ac
1253 5392 1450 5458 premi
1476 5388 1669 5463 debet.

311 5466 411 5531 (13)
440 5462 746 5518 Editiones
785 5466 1014 5518 veteres
1041 5467 1133 5514 καὶ
1167 5465 1387 5520 νεότητι.
1429 5465 1500 5516 Αι
1539 5462 1678 5531 Reg.
1722 5462 1832 5515 ter-

249 5530 353 5587 tius
378 5530 435 5589 et
462 5534 631 5591 Colb.
666 5539 757 5587 καί
784 5539 1039 5596 νεότητος.

310 5604 681 5687 (“Mutti
717 5605 842 5687 duo
903 5604 1041 5665 libri
1086 5604 1371 5673 πλούσιος⁹
1423 5604 1503 5671 τό,
1555 5601 1831 5668 Ἀπελαϐες

2119 4427 2167 4463 ⁸⁸
2188 4425 2340 4485 ibid.
2372 4430 2424 4483 3.
2503 4425 2551 4461 ‘9
2583 4424 2728 4482 Gen.
2754 4441 2901 4496 xxv,
2932 4428 3023 4482 33.

1943 4603 2111 4660 Haud
2144 4603 2321 4676 longe
2353 4605 2493 4674 Reg.
2517 4603 2753 4676 primus
2779 4606 2837 4658 et
2873 4601 3050 4658 Voss.
3101 4606 3159 4658 et
3204 4602 3372 4659 Colb.
3438 4603 3596 4676 ’Λπό-

1946 4676 2122 4737 στολος
2148 4672 2407 4738 ἐδίδαξεν.
2448 4672 2715 4733 Subinde
2745 4680 2862 4731 tres
2892 4690 3039 4730 mss.
3059 4676 3467 4748 καταριθμήσας
3497 4674 3595 4724 αὑ-

1940 4754 2056 4806 τὴν.
2088 4751 2261 4803 εἰπών.

2014 4791 2394 4889 Helvi-fieres
2433 4817 2558 4874 duo
2588 4815 2728 4889 libri
2756 4816 3046 4889 τελευταῖον
3086 4815 3338 4889 ἐπήγαγε.
3378 4814 3599 4869 Necita

1942 4886 2135 4964 multo
2164 4895 2303 4962 post
2321 4889 2463 4946 editi
2489 4893 2546 4945 et
2570 4888 2867 4964 duo_mss.
2919 4888 2973 4964 ὃς
3021 4886 3135 4939 ἀντὶ
3176 4886 3597 4964 βρρσςεωςημιᾶς

1942 4955 2184 5089 ἀτᾶξέοτό
2204 4966 2269 5015 τὰ
2297 4967 2643 5037 πρωτοτόκια.
2696 4962 2836 5029 Reg.
2872 4960 3105 5031 primus
3143 4955 3398 5012 e't'Colb.
3431 4955 3513 5010 ita
3534 4959 3600 5008 ut

1943 5050 1974 5089 e
2022 5050 2039 5089 ι
2086 5049 2268 5089 imus.

1943 5049 2268 5090 80101111118.

2012 5107 2124 5179 (l6)
2155 5104 2344 5179 Edilio
2375 5098 2761 5179 ἐπιδημίᾳ-τῆς
2794 5104 3006 5179 σαρκός.
3059 5100 3198 5178 Reg.
3250 5096 3507 5179 primus
3542 5101 3599 5151 et

1942 5173 2115 5250 Colb.
2151 5173 2343 5250 τῇδιὰ
2374 5173 2591 5250 σαρκόςἰ
2622 5173 2828 5250 statin
2859 5173 3269 5250 _Be_g_..p.ri.mu‘s
3318 5173 3387 5228 εἰς
3416 5173 3594 5250 τοῦτο.

1941 5247 2087 5319 ibid.
2118 5234 2500 5319 antiqui
2535 5234 2668 5300 libri
2698 5241 2893 5319 ὀιφελεί,
2929 5234 3082 5319 Εἶὶὶῖῇ
3117 5238 3398 5319 «aptanda.
3431 5239 3598 5319 _Rt_1r-

1941 5333 2043 5371 sus
2066 5318 2181 5371 hoc
2211 5309 2345 5389 ipso
2376 5318 2435 5389 in
2467 5316 2602 5370 loco
2634 5309 2825 5368 codex
2848 5309 3389 5389 Vos_s.etalii_duo:
3430 5316 3598 5389 Toaro

1939 5391 2028 5461 μὲν
2060 5379 2322 5461 Μῳϋσίως
2373 5385 2467 5439 διὰ
2506 5393 2598 5447 τῆς
2638 5386 3058 5461 παρατεταμένης
3111 5379 3331 5461 ἕκείνης⁸
3354 5387 3597 5461 νηστείας

1939 5450 2140 5533 προσεδ
2178 5462 2417 5520 εύσαντος
2454 5465 2525 5526 τῷ
2575 5463 2687 5527 Θεῷ
2713 5450 2813 5505 ’καὶ
2851 5450 3105 5526 τυχόντος
3154 5460 3249 5515 τῆς
3297 5450 3589 5523 διακονίας,

1939 5537 2092 5583 τοῦτο
2133 5477 2191 5584 ἕξ
2222 5528 2369 5583 Ἠλία
2396 5546 2510 5581 τοτε
2558 5534 2649 5584 τῆς
2697 5525 2951 5584 ὀπτασίας
2994 5532 3085 5578 τοῦ
3133 5532 3266 5579 Θεοῦ
3319 5526 3582 5584 καταξιω-

1938 5525 2092 5583 τὸῦτο
2133 5525 2191 5584 δε
2222 5528 2369 5583 Ἠλία
2396 5525 2510 5581 τοτε
2558 5525 2664 5587 τῆς
2697 5525 2951 5587 ὀπτασίας
2994 5532 3085 5578 τοῦ
3133 5532 3266 5579 Θεοῦ
3319 5526 3582 5590 καταξιω-

1940 5603 2130 5666 Θίντος,
2166 5604 2249 5657 ὅτε
2292 5606 2384 5655 καὶ
2435 5598 2590 5665 αὐτὸς
2624 5604 2701 5673 τῷ
2736 5601 2840 5673 ἴσῳ
2880 5602 3053 5674 μίτρᾳ
3095 5605 3193 5662 τῆς
3238 5596 3448 5675 ἀποχῆς
3490 5604 3588 5653 τῶν
