4082 6178
198 246 295 298 965

1369 245 1663 302 REGULAE
1704 242 1955 306 FUSIUS
1990 248 2372 307 TRACTATIE

3440 257 3544 313 966

187 373 349 418 ταῦτα
377 363 673 441 διατριϐῆς,
706 371 851 440 ταχὺ
889 365 951 421 δέ
994 374 1090 429 τῆς
1126 370 1394 443 τραπέζης
1419 367 1779 429 ἁποπηδῶντα

1904 372 2168 429 animum
2198 374 2329 445 ejus
2358 372 2458 446 qui
2491 373 2651 431 circa
2691 377 2959 431 ventrem
2989 374 3401 449 intemperans
3428 382 3541 445 est,

187 460 311 528 πρὸς
330 461 424 515 τὴν
444 466 545 509 τῶν
566 460 728 530 ζογων
749 454 1011 516 σπουδήν.
1037 457 1202 531 Οἶμαι
1224 458 1400 532 γὰρᾶν
1431 466 1520 513 καὶ
1540 469 1633 513 τοῦ
1666 459 1785 513 ἀκο-

183 543 376 597 λάστου
397 550 517 618 περὶ
536 550 773 620 γαστέρα
790 544 996 619 μηδένα
1021 546 1171 621 λόγον
1200 556 1447 601 τοσοῦτον
1478 558 1540 609 τῆ
1553 570 1574 610 ς
1595 548 1749 622 ψυχῆ
1762 571 1784 613 ς

183 634 547 705 καθάψασθαι,
562 640 797 710 καὶπρὸς
817 634 1104 709 μεταϐολὴν
1124 635 1542 710 ἐναγαγείν(37),
1557 640 1677 692 ὅσον
1693 644 1783 693 καὶ

179 727 339 795 μόνην
360 728 456 784 τὴν
478 730 773 796 συντυχίαν
792 732 885 779 τοῦ
907 725 1213 802 ἔγκρατοῦς.
1240 732 1340 780 Καὶ
1360 732 1513 781 τοῦτό
1534 726 1695 797 ἐστιν,
1720 732 1786 791 ὡς

180 812 395 880 ἔοικε,τὸ
413 813 481 874 εἰς
494 810 653 876 δόξαν
666 820 798 868 Θεοῦ
816 812 1007 868 ἐσθίειν
1024 820 1115 868 καὶ
1131 819 1315 869 πίνειν·
1337 817 1473 870 ὥστε
1485 821 1575 870 καὶ
1586 814 1670 870 ἐπὶ
1690 825 1752 877 τῆ
1764 836 1786 881 ς

175 903 442 976 τραπέζης
457 903 563 975 (38)
583 903 800 977 λάμπειν
818 908 882 958 τὰ
902 903 1035 959 καλὰ
1054 906 1201 979 ἡμῶν
1220 907 1349 981 ἔργα
1362 910 1495 982 πρὸς
1512 909 1571 960 τὸ
1593 900 1628 959 δ
1632 905 1784 969 οξασ-

177 994 333 1052 θῆναι
360 996 448 1046 τόν
479 997 688 1069 Πατίρα
711 995 857 1069 ἡμῶν
886 998 975 1049 τὸν
1001 994 1051 1049 ἓν
1076 991 1187 1059 τοῖς
1227 996 1489 1072 οὐρανοῖς.

755 1143 1070 1195 ΕΡΩΊἮΣΙΣ
1107 1139 1214 1197 IH'.

168 1278 296 1334 Ὀτι
338 1277 425 1335 δεῖ
449 1280 654 1334 πάντων
684 1289 783 1334 τῶν
807 1284 1224 1358 παρατιθεμένων
1256 1285 1379 1357 ἡμῖν
1405 1281 1782 1356 ἀπογεύεσθαι.

806 1428 1178 1481 ΑΠΟΚΡΙΣῘΣ.

252 1513 584 1583 Ἀναγκαίως
644 1514 820 1585 μέντοι
893 1512 1097 1567 κάκεῖνο
1170 1512 1583 1590 προσδιωρίσθω
1616 1559 1629 1585 ,
1710 1518 1788 1569 ὅτι

169 1605 316 1675 πρὸς
358 1605 448 1654 τόν
477 1603 570 1672 (39
613 1603 960 1678 ὑπωπιασμον
1002 1612 1092 1657 τοῦ
1141 1609 1383 1678 σώματος
1430 1606 1786 1681 ἀπαραίτητον

170 1696 293 1752 τοῖς
354 1699 454 1752 τῆς
520 1689 783 1754 εὐσεϐείας
850 1690 1166 1764 ἀγωνισταῖς
1222 1696 1253 1753 ἡ
1321 1691 1614 1768 ἐγκράτεια·
1677 1702 1788 1758 Πᾶς
1821 1728 1862 1781 Β

170 1781 284 1852 γὰρ
340 1778 369 1830 ὁ
434 1777 830 1853 ἀγωνιζόμενος,
892 1784 1063 1835 πάντα
1121 1781 1502 1859 ἐγκρατεύεται.
1546 1788 1684 1859 Πρὸς
1732 1781 1791 1838 δε

175 1872 243 1921 τὸ
300 1872 377 1941 μὴ
426 1873 797 1941 συνεμπίπτειν
847 1878 956 1934 τοῖς
1003 1871 1219 1947 ἕχοροῖς
1267 1880 1359 1925 τοῦ
1391 1882 1524 1927 Θεοῦ
1554 1880 1664 1935 τοῖς
1700 1893 1789 1927 κε-

178 1961 669 2032 καυτηριασμένοις
696 1962 792 2017 τὴν
837 1956 978 2012 ἰδίαν
1011 1959 1338 2033 συνείδησιν,
1375 1969 1465 2016 καὶ
1505 1960 1599 2015 διὰ
1636 1971 1790 2016 τοῦτο

180 2045 540 2119 ἀπεχομένοις
597 2045 913 2121 βρωμάτων,
970 2048 1005 2101 ἂ
1056 2050 1080 2101 ό
1141 2052 1270 2113 Θεὸς
1321 2054 1519 2104 ἔκτισεν
1578 2050 1649 2114 εἰς
1706 2071 1793 2126 με·

176 2136 417 2207 τάληψιν
476 2135 588 2209 μετ’
658 2136 1004 2212 εὐχαριστίας
1063 2146 1168 2201 τοῖς
1226 2148 1452 2207 πιστοῖς,
1531 2140 1789 2195 ἅπτεσθαι

180 2229 285 2298 μὶν
331 2226 553 2278 ἑκάστου
600 2230 735 2298 χρὴ,
780 2236 966 2302 καιροῦ
1018 2247 1142 2282 ποτε
1192 2235 1616 2303 συνεμπεσόντος,
1669 2232 1790 2284 ὅσον

178 2311 555 2368 ἐνδείκνυσθαι
582 2322 694 2377 τοῖς
734 2315 945 2390 ὁρῶσιν,
976 2319 1056 2370 ὅτι
1098 2320 1268 2371 πάντα
1313 2321 1521 2395 καθαρὰ
1562 2326 1672 2381 τοῖς
1700 2340 1792 2373 κα-

178 2407 370 2477 Θαροῖς
404 2408 496 2457 καὶ
541 2404 622 2457 ὅτι
659 2410 761 2458 πᾶν
812 2411 1015 2479 κτίσμα
1070 2415 1204 2462 Θεοῦ
1259 2409 1433 2479 καλὸν,
1494 2413 1585 2461 καὶ
1639 2405 1790 2463 ούδεν

175 2492 485 2551 ἀπόϐλητον
549 2492 660 2567 μετ’
720 2493 1065 2571 εὐχαριστίας
1127 2497 1507 2571 λαμϐανόμενον
1534 2520 1546 2533 ·
1616 2497 1792 2572 Ἀγιά-

178 2583 337 2643 ζεται
383 2584 488 2657 γὰρ
538 2579 634 2636 διὰ
686 2582 841 2656 λόγου
883 2593 1035 2653 Θεοῦ,
1094 2591 1185 2639 καὶ
1236 2586 1530 2652 ἐντεύξεως·
1599 2586 1793 2661 φυλάσ-

180 2688 300 2723 σειν
358 2667 420 2723 δὶ
474 2674 565 2723 καὶ
619 2672 754 2725 οὕτω
794 2675 884 2727 τὸν
939 2683 1034 2737 τῆς
1063 2674 1362 2749 ἐγκρατείας
1415 2678 1641 2730 σκοπόν
1682 2681 1793 2739 τοῖς

176 2762 278 2832 μὲν
322 2760 695 2835 εὐτελεστέροις
734 2767 824 2816 καὶ
871 2762 1178 2837 ἀναγκαίοις
1226 2769 1357 2841 πρὸς
1396 2769 1453 2819 τὸ
1502 2765 1598 2838 ζῇν
1628 2768 1793 2839 μέχρι

176 2857 286 2911 τῆς
331 2855 520 2925 χρείας
569 2848 1069 2928 προσδιατρίϐοντα,
1100 2859 1191 2907 καὶ
1238 2854 1287 2907 ἐν
1336 2858 1538 2919 τούτοις
1588 2861 1678 2908 τοῦ
1708 2860 1794 2907 κό·

176 2958 280 3012 ρου
339 2959 399 2993 το
470 2939 725 3014 βλαϐερὸν
773 2942 1085 3009 ἐκκλίνοντα,
1136 2953 1235 2996 τῶν
1298 2940 1356 2998 δὲ
1416 2965 1546 3019 προς
1598 2942 1792 3005 ἡδονὴν

176 3027 415 3082 καθόλου
468 3028 811 3103 ἀπεχόμενον.
860 3032 1014 3086 Ούτω
1054 3034 1157 3109 γὰρ
1207 3039 1297 3086 καὶ
1344 3042 1443 3087 τῶν
1502 3031 1792 3109 φιληδόνων

176 3122 239 3171 τὸ
306 3119 475 3179 πάθος
546 3118 830 3193 hnc-{acino
860 3164 873 3189 ,
928 3127 1018 3175 καὶ
1072 3126 1189 3185 τοὺς
1253 3128 1795 3200 κεκαυτηριασμένους

178 3212 280 3266 τήν
314 3204 461 3260 ἰδίαν
502 3205 832 3277 συνείδησιν,
883 3212 941 3263 τὸ
993 3230 1053 3283 γε
1096 3208 1170 3284 ἐφ’
1202 3214 1346 3286 ἡμῖν,
1392 3214 1792 3290 θεραπεύσομεν,

179 3301 277 3349 καὶ
325 3296 547 3360 ἱαυτούς
606 3294 665 3350 δε
718 3307 809 3359 τῆς
853 3298 901 3351 ἐν
953 3299 1170 3374 ἑκατέρᾳ
1215 3303 1331 3373 (40)
1370 3303 1612 3363 ὑπονοίας
1662 3300 1795 3355 ἐλευ-

183 3386 505 3459 θερώσομεν.
559 3384 671 3440 Ὶνα
734 3391 785 3439 τί
844 3390 968 3461 γὰρ,
1027 3396 1204 3462 φησὶν,
1275 3391 1304 3450 ἠ
1372 3388 1630 3464 ἐλευθερία
1692 3411 1793 3465 μου

180 3480 416 3549 κρίνεται
479 3474 580 3529 ύπο
636 3475 795 3540 ἄλλης
854 3475 1243 3549 συνειδήσεως;
1304 3479 1612 3557 Ἐγκράτεια
1658 3477 1796 3535 δείκ-

180 3585 307 3618 νυσι
376 3569 467 3619 τὸν
530 3570 956 3622 συναποθανόντα
1018 3576 1255 3643 Χτιστῷ,
1320 3577 1410 3625 καὶ
1466 3577 1797 3647 νεκρώσαντα

181 3654 376 3708 ἑαυτοῦ
420 3657 490 3708 τὰ
550 3655 677 3728 μέλη
737 3659 803 3709 τὰ
860 3656 943 3711 ἐπὶ
1006 3666 1102 3721 τῆς
1161 3668 1276 3732 γῆς.
1318 3664 1522 3719 Ταύτην
1580 3657 1797 3734 οἴδαμεν

185 3746 535 3818 σωφροσύνης
594 3750 817 3820 μητέρα,
870 3749 1045 3820 ὑγείας
1090 3749 1334 3824 πρόξενον
1376 3751 1507 3821 (41),
1553 3758 1645 3810 τῆς
1696 3756 1797 3802 τῶν

184 3832 400 3904 ἀγαθῶν
447 3831 495 3885 ἐν
538 3842 754 3908 Χριστῷ
794 3843 1145 3912 καρποφορίας
1186 3841 1373 3901 ἱκανῶς
1412 3839 1796 3915 ὑπεξαίρουσαν

182 3925 253 3974 τὰ
306 3917 588 3994 ἐμπόδια*
651 3927 814 3999 εἰπερ,
873 3929 1010 3979 κατὰ
1064 3932 1159 3985 τὴν
1210 3936 1302 3981 τοῦ
1356 3933 1554 4004 Κυρίου
1605 3930 1796 4002 φωνὴν,

182 4013 241 4063 αἱ
295 4015 551 4086 μέριμναι
594 4022 695 4065 τσῦ
736 4014 921 4081 αἰῶνος
966 4018 1174 4085 τούτου,
1220 4023 1310 4070 καὶ
1367 4021 1422 4070 αἱ
1471 4015 1658 4077 ἡδοναὶ
1702 4022 1797 4091 τοῦ

185 4099 334 4173 βίον,
390 4106 485 4153 καὶ
530 4103 588 4154 αἱ
633 4108 752 4178 περὶ
804 4106 870 4156 τὰ
915 4103 1074 4158 λοιπὰ
1121 4103 1393 4180 ἐπιθυμίαι
1444 4111 1797 4182 συμπνίγουσι

184 4208 271 4243 τον
300 4189 478 4262 λόγον,
518 4196 610 4243 καὶ
654 4192 883 4268 ἄκαρπος
924 4191 1147 4266 γίνεται.
1186 4199 1396 4255 Ταύτην
1426 4197 1516 4249 καί
1554 4193 1798 4268 δαίμονες

187 4277 597 4352 ἑποφεύγουσιν,
625 4280 801 4334 αὐτοῦ’
816 4290 907 4335 τοῦ
955 4288 1150 4360 Κυρίου
1178 4280 1488 4349 διδάξαντος
1527 4287 1688 4359 ἡμᾶς,
1715 4286 1798 4338 ὅτι

184 4373 353 4422 τοῦτο
372 4387 433 4421 το
455 4372 603 4441 τίνος
633 4369 728 4425 ούκ
752 4369 1082 4448 ἐκπορεύεται
1115 4373 1251 4446 (42),
1280 4373 1323 4428 εἰ
1347 4379 1419 4448 μὴ
1443 4373 1494 4427 ἕν
1517 4380 1794 4453 προσευχῇ

186 4464 279 4514 καὶ
305 4464 549 4533 νηστείᾳ.

1892 460 2057 517 nullo
2086 478 2364 519 sermone
2394 478 2567 535 mque
2609 478 2680 519 ac
2729 464 3124 536 temperantis
3159 479 3418 521 occursu
3448 465 3543 522 vel

1893 549 2021 606 solo
2042 551 2429 622 commoveri,
2463 556 2567 607 aut
2594 551 2924 608 immutari.
2954 557 3146 625 Atque
3176 553 3293 610 hoc
3323 558 3432 620 est,
3464 554 3551 611 uti

1891 638 2146 710 videtur,
2195 641 2273 697 ad
2322 641 2422 696 Dei
2456 640 2730 715 gloriam
2778 640 2977 711 edere,
3010 645 3068 698 et
3110 641 3338 710 bibere,
3371 646 3437 699 ut
3483 641 3545 699 in

1891 744 2104 785 mensa
2132 728 2312 786 etiam
2335 729 2576 787 luceant
2602 730 2767 787 bona
2791 735 2999 787 nostra
3038 746 3245 804 opera,
3277 735 3344 787 ut
3372 734 3547 789 Pater

1891 823 2095 875 noster
2120 819 2225 892 qui
2252 818 2315 877 in
2345 818 2507 877 caelis
2532 824 2644 889 est,
2676 819 2866 891 gloria
2895 819 3219 877 afﬁciatur.

2351 1122 2862 1179 INTERROGATIO
2898 1124 3082 1179 XVIII.

1897 1267 2065 1337 Quod
2074 1269 2275 1325 omnia
2284 1284 2417 1341 qua
2428 1269 2595 1325 nobis
2607 1272 3151 1338 apponuntursunt
3166 1265 3545 1336 degustanda

2506 1411 2917 1468 RESPONSIO.

1968 1501 2034 1556 Et
2052 1499 2201 1556 illud
2228 1515 2473 1573 quoque
2494 1497 2837 1556 necessario
2858 1500 3174 1567 statuatur,
3208 1497 3546 1568 temperan-

1897 1591 2040 1646 tiam
2072 1589 2143 1646 iis
2170 1590 2273 1662 qui
2295 1605 2403 1663 pro
2430 1590 2647 1662 pietate
2675 1593 2925 1650 certant,
2950 1601 3199 1660 prorsus
3227 1585 3307 1642 ad
3333 1602 3555 1660 corpus

1898 1678 2336 1735 macerandum
2357 1679 2765 1734 necessariam
2798 1693 2927 1733 esse
2957 1694 2968 1728 :
3014 1676 3220 1732 Omnis
3261 1675 3417 1732 enim
3448 1676 3559 1749 qui

1898 1771 1961 1825 in
1990 1783 2180 1838 agone
2200 1768 2523 1833 contendit,
2553 1765 2628 1823 ab
2660 1766 2933 1823 omnibus
2963 1780 3024 1821 se
3052 1764 3310 1821 abstinet
3331 1765 3399 1819 ⁸⁷.
3437 1763 3554 1821 Sed

1899 1863 2126 1927 tamen,
2173 1874 2248 1913 ne
2281 1872 2402 1914 una
2428 1872 2565 1913 cum
2604 1856 2705 1912 Dei
2747 1853 3004 1911 inimicis
3035 1869 3418 1919 corruamus,
3449 1852 3558 1928 qui

1901 1963 2074 2003 suam
2103 1946 2380 2019 ipsorum
2410 1944 2844 2001 conscientiam
2892 1942 3120 1998 habent
3165 1943 3431 1998 cauterio
3459 1940 3573 1999 in?

1900 2035 2401 2108 ustam,obidque
2422 2034 2775 2090 abstinenta
2793 2031 3125 2104 cibis,quos
3142 2034 3295 2087 Deus
3309 2031 3555 2100 creavit,
3596 2043 3599 2046 '

1901 2131 1966 2183 ut
1995 2142 2031 2182 a
2055 2125 2294 2182 ﬁdelius
2323 2140 2462 2180 cum
2502 2122 2834 2194 gratiarum
2875 2121 3104 2177 actione
3145 2125 3463 2181 sumantur
3483 2120 3552 2188 ⁸⁸,

1901 2214 2128 2283 omnia,
2157 2213 2204 2269 si
2233 2210 2485 2286 quando
2511 2210 2748 2267 occasio
2779 2225 2843 2265 se
2873 2207 3125 2277 dederit,
3165 2206 3558 2277 degustanda

1900 2304 2076 2361 nobis
2104 2309 2266 2373 sunt,
2292 2307 2354 2359 ut
2379 2301 2723 2358 videntibus
2755 2303 3133 2371 compertum
3161 2299 3234 2354 sit
3267 2302 3325 2354 et
3348 2297 3557 2372 explo-

1899 2400 2120 2461 ratum,
2154 2398 2372 2449 cuncta
2400 2389 2646 2447 mundis
2676 2388 2911 2444 munda
2941 2403 3074 2443 esse
3097 2387 3168 2456 '9,
3187 2401 3557 2458 omnemque

1903 2483 2352 2540 Deicreaturam
2365 2495 2498 2536 esse
2513 2478 2878 2545 bonam,nec
2889 2476 3227 2550 quidquam
3240 2475 3406 2548 quod
3418 2489 3558 2531 cum

1900 2573 2234 2644 gratiarum
2271 2570 2504 2628 actione
2552 2570 2917 2631 assumatur,
2948 2564 3343 2636 rejiciendum
3383 2579 3513 2620 esse
3543 2579 3559 2620 τ

1898 2662 2333 2733 Sanctiﬁcatur
2351 2660 2506 2716 enim
2527 2673 2638 2727 per
2658 2656 2902 2713 verbum
2931 2656 3036 2711 Dei
3057 2660 3113 2710 et
3141 2654 3471 2710 orationem
3485 2653 3559 2708 ’0.

1900 2753 1993 2809 Sic
2016 2757 2219 2809 autem
2251 2747 2554 2807 servanda
2582 2751 2672 2803 est
2701 2743 3116 2818 temperantiae
3147 2744 3327 2811 ratio,
3354 2748 3420 2799 ut
3448 2741 3563 2799 ali-

1902 2843 2122 2899 mentis
2138 2838 2541 2907 vilioribus,et
2562 2835 2642 2893 ad
2662 2835 2849 2892 vitam
2872 2832 3564 2906 necessariis,quantum

1902 2932 2227 2990 necessitas
2250 2926 2536 3002 postulat,
2552 2925 2890 2995 utamur,in
2912 2924 3119 2996 eisque
3140 2922 3454 2996 capiendis
3476 2937 3569 2978 sa-

1866 3064 1873 3065 κ
1903 3020 2120 3078 tietatis
2142 3018 2438 3075 damnum
2478 3015 2759 3084 vitemus,
2791 3018 2849 3069 et
2888 3011 2966 3069 ab
2991 3011 3087 3068 his
3115 3027 3252 3085 qum
3278 3010 3357 3068 ad
3396 3009 3565 3067 volu-

1901 3115 2131 3185 ptatem
2151 3111 2363 3181 parata
2384 3108 2542 3172 sunt,
2557 3119 2806 3176 prorsus
2827 3101 3265 3158 abstineamus.
3292 3104 3378 3157 Ita
3398 3099 3561 3157 enim

1903 3205 1962 3257 et
1979 3196 2458 3270 voluptariorum
2482 3191 2797 3248 libidinem
2819 3189 3191 3258 excidemus,
3208 3193 3267 3246 et
3290 3204 3395 3246 eos
3414 3205 3566 3262 quo-

1901 3304 2039 3345 rum
2060 3283 2425 3343 conscientia
2449 3279 2714 3337 cauterio
2733 3282 2941 3335 notata
2962 3281 3071 3347 est,
3089 3280 3247 3333 certe
3264 3282 3566 3350 quantum

1903 3387 1966 3443 in
1993 3375 2171 3434 nobis
2210 3374 2338 3440 erit,
2366 3368 2738 3435 curabimus,
2770 3372 2828 3424 et
2865 3364 3274 3439 nosmetipsos
3302 3381 3339 3422 a
3369 3364 3567 3439 suspi-

1904 3470 2076 3527 cione
2104 3466 2380 3538 utrinque
2396 3459 2813 3519 liberabimus.
2835 3457 3011 3529 362
3038 3457 3265 3529 thuid
3284 3447 3465 3527 enim,
3482 3456 3572 3513 in-

1903 3557 2308 3632 quit,tibertas
2332 3567 2463 3610 mea
2472 3549 2798 3622 judicatur
2808 3547 2883 3603 ab
2896 3548 3098 3603 aliena
3119 3545 3570 3602 conscientia"?

1903 3643 2320 3719 Temperantia
2331 3640 2640 3698 hominem
2655 3635 2905 3707 indicat,
2922 3633 3028 3707 qui
3039 3649 3166 3690 una
3177 3650 3317 3689 cum
3331 3633 3564 3690 Christo

1905 3742 2183 3795 mortuus
2207 3734 2300 3804 sit,
2324 3746 2395 3788 ac
2415 3726 2714 3786 terrestria
2736 3741 2850 3782 sua
2871 3723 3148 3780 membra
3165 3721 3569 3780 mortiﬁcarit.

1908 3832 2071 3885 Hanc
2098 3822 2383 3881 novimus
2410 3823 2667 3876 matrem
2699 3831 2838 3873 esse
2868 3811 3264 3881 castimoniae,
3287 3810 3564 3867 sanitatis

1906 3914 2393 3978 eonciliatricem,
2420 3913 2599 3982 atque
2616 3904 3194 3980 impedimentorum
3214 3900 3440 3974 quibus
3466 3916 3566 3958 eo-

1904 4022 2041 4064 rum
2062 4019 2200 4078 quae
2237 4001 2301 4059 in
2327 4000 2557 4056 Christo
2587 3999 2730 4052 sunt
2757 4008 3011 4068 operum
3043 3991 3381 4048 fecunditas
3412 4003 3565 4062 prie.-

1905 4095 2164 4171 peditur,
2180 4089 2439 4148 maxime
2458 4084 2846 4159 expultricem
2876 4096 3038 4149 esse;
3064 4079 3410 4171 siquidem,j
3420 4083 3567 4135 uxta

1908 4169 2147 4244 Domini
2163 4196 2400 4250 vocem,
2414 4192 2571 4235 cura)
2592 4174 2776 4247 hujus
2792 4171 3017 4241 smculi,
3038 4169 3380 4242 voluptates
3403 4171 3563 4235 vitm,

1905 4276 2401 4350 reliquarumque
2428 4280 2632 4324 rerum
2673 4260 3034 4337 cupiditates
3074 4259 3329 4350 verbum
3372 4257 3567 4350 sntfu-

1907 4346 2132 4434 cant",
2153 4366 2337 4434 atque
2369 4356 2524 4414 adeo
2545 4352 2989 4411 infructuosum
3017 4347 3309 4405 redditur.
3333 4346 3426 4404 Ab
3446 4347 3567 4404 hac

1829 4429 1877 4485 θ
1907 4456 2093 4516 etiam
2111 4429 2431 4520 aufugiunt
2448 4443 2782 4511 daemones,
2804 4454 2945 4497 cum
2975 4437 3266 4495 Dominus
3291 4436 3423 4511 ipse
3450 4451 3570 4494 nos

1907 4541 2199 4605 docuerit,
2225 4552 2419 4609 genus
2448 4532 2599 4591 illud
2617 4530 2740 4589 nisi
2765 4527 3118 4603 precatione
3134 4531 3195 4585 et
3206 4527 3442 4600 jejunio
3463 4541 3571 4584 ne-

1908 4647 2224 4712 quaquam
2252 4626 2500 4687 exire”.

263 4849 309 4884 ⁸⁷
345 4852 368 4904 I
397 4848 536 4905 Cor.
566 4863 644 4917 ix,
675 4852 765 4906 25.
825 4851 874 4887 ⁵⁸
905 4851 926 4906 l
956 4850 1111 4910 Tim.
1135 4867 1217 4919 iv,
1242 4857 1299 4927 2,
1325 4856 1378 4913 3.
1438 4853 1486 4890 '9
1517 4852 1626 4913 Tit.
1648 4854 1793 4924 ι,15.

1904 4851 1915 4888 ³
1943 4851 1967 4907 Ι
1993 4847 2142 4907 Tim.
2163 4859 2238 4912 iv,
2270 4843 2325 4899 4.
2353 4843 2407 4897 5.
2475 4836 2523 4874 ἰ
2552 4838 2573 4893 l
2603 4834 2736 4893 Cor.
2761 4848 2824 4899 κ,
2844 4835 2936 4891 29.
3005 4831 3054 4867 ’³
3084 4828 3286 4888 Matth.
3310 4840 3433 4897 xm,
3465 4829 3562 4884 22.

192 4937 243 4973 ’³
268 4937 475 4995 Matth.
501 4953 647 5011 xvii,
670 4943 762 4998 20.

265 5137 383 5211 (.3?)
414 5134 560 5211 με
591 5134 823 5211 Primus
847 5135 1136 5211 μεταϐολὴν
1161 5136 1394 5211 ἀγαγεῖν.

268 5207 379 5286 (38)
430 5204 610 5286 Idem:
645 5205 797 5286 liber
831 5204 973 5286 cum
1008 5204 1317 5286 Yossgiﬂ
1364 5217 1476 5286 ri;_
1501 5209 1788 5286 τραπέζης.

199 5276 372 5357 Deest
399 5275 689 5357 articulus
715 5279 778 5334 in
814 5278 1093 5357 vulgatis.
1126 5281 1351 5357 Titulus
1375 5283 1481 5356 qui
1511 5275 1656 5357 mox
1695 5295 1791 5338 se-

197 5348 432 5426 quitur,
439 5348 712 5426 omissus
740 5348 1109 5426 estin'COlb.
1143 5357 1201 5409 et
1224 5354 1286 5409 in
1316 5348 1453 5424 ηεξ.
1486 5352 1705 5426 primo.

263 5422 379 5497 (39)
410 5420 652 5497 _V_eteres
678 5420 802 5497 duo
814 5421 962 5497 _l_i_br_i
988 5427 1121 5497 πρὸς
1147 5427 1239 5497 μὶν
1266 5430 1377 5482 τόν.

269 5493 385 5572 (ξο)
410 5491 488 5545 Vc
497 5495 652 5547 teres
677 5492 800 5572 duo
814 5492 951 5572 libri
964 5491 1067 5572 εῆς
1090 5491 1800 5572 ἐν’ξκατερῳ,ηοεηιείίρεοε

202 5553 490 5634 nam
508 5577 550 5620 α
568 5564 907 5634 suspicione
925 5553 1333 5639 liberabimus,
1347 5553 1465 5626 hoc
1483 5571 1594 5640 est,
1613 5553 1805 5639 neque

1899 5133 2080 5207 gulae,
2094 5141 2284 5207 neque
2297 5119 3023 5207 errorisuanichc'eprum
3037 5112 3572 5207 ειιερεεςίλιξιιοιξηιιεζ

2119 5186 2310 5275 linus
2350 5211 2464 5251 ms.
2496 5194 2691 5275 facta;
2723 5189 2985 5275 πρόξενον,
3016 5186 3441 5275 νηραλαιότητος
3461 5187 3575 5275 ’καί

1905 5255 2449 5347 «firme-tem.
2670 5255 2817 5347 πρδς,
2838 5255 3571 5347 ,Ρεέξξδῗενεκογηὲἐξτξο

1906 5327 2179 5403 novimus
2208 5327 2575 5413 a'djutricerit
2618 5327 2741 5390 esse
2783 5330 2864 5387 ad
2898 5327 3261 5413 gat-undam
3280 5327 3568 5413 song-ieiu-

1910 5402 2049 5485 tem,
2096 5420 2153 5472 et
2198 5402 2303 5470 ad'
2324 5412 2676 5481 perpetuam
2723 5416 2861 5459 cum
2904 5402 3025 5458 Deo
3083 5402 3571 5470 coniunctionem
3594 5466 3615 5479 κ

1910 5485 2377 5629 mtiiﬁi‘i’i’éui
2412 5548 2538 5608 duo
2581 5543 2723 5604 libri
2756 5548 2925 5599 Τοῦτο
2959 5538 3012 5597 ἓν
3049 5536 3227 5597 οὐδενὶ
3273 5539 3569 5617 ίξίρχσται·
