4082 6178
620 218 721 275 971

2095 213 2347 271 BASlLll
2368 214 2589 271 MAGM
3334 296 3349 305 Ι
3823 219 3907 272 972

616 338 802 408 noxii,
825 342 1006 413 atque
1036 337 1111 393 de
1138 339 1516 409 paupertate,
1546 349 1682 409 quae
1724 350 1759 391 a
1804 334 2034 391 Christo
2080 336 2250 392 beata

2371 337 2399 396 ἡ
2470 337 2914 407 καταπετάσματα
2968 337 3348 410 περιπόρφυρα,
3418 335 3446 393 ἱ)
3508 353 3759 407 στρωμνην
3818 357 3907 408 μα-

614 427 941 503 praedicata
965 430 1059 483 est
1086 427 1155 492 θ’,
1176 423 1527 481 erubescere
1550 422 2099 495 deprehendamur.
2118 427 2266 491 Que-

614 514 1019 574 madmodum
1062 512 1243 585 igitur
1270 527 1421 568 vasa
1471 516 1777 582 argentea,
1828 518 1933 568 aut
1960 512 2094 569 vela
2124 529 2266 585 pur-

614 620 826 678 purea,
855 608 958 661 aut
988 605 1238 658 stratum
1272 599 1473 668 molle,
1502 604 1607 656 aut
1635 599 1996 657 vestimenta
2026 600 2266 675 pelluci-

614 693 695 750 da
720 693 1085 750 extrinsecus
1114 704 1471 763 comparare
1495 687 1669 745 nobis
1696 705 1818 747 non
1846 690 2157 747 convenit:
2184 690 2267 746 sic

614 781 792 838 fuerit
827 778 1179 836 indecorum
1223 776 1569 848 excogitare
1615 777 1825 850 epulas
1866 793 1902 833 a
1940 783 2149 836 nostra
2189 778 2266 835 vi-

612 870 791 926 vendi
818 868 1048 926 ratione
1078 866 1334 924 multum
1364 865 1783 923 abhorrentes.
1834 869 1984 924 Nam
2013 868 2267 927 circum-

613 974 855 1016 cursare
876 974 1008 1025 nos,
1039 973 1108 1014 ac
1140 957 1504 1027 investigare
1534 972 1605 1014 ea
1633 973 1770 1029 quae
1803 973 1924 1014 non
1956 957 2035 1014 ad
2066 974 2269 1015 neces-

613 1048 842 1105 sarium
884 1064 1063 1104 usum
1109 1046 1515 1121 requiruntur,
1559 1044 1662 1102 sed
1691 1063 1828 1119 quae
1869 1046 1949 1103 ad
1981 1047 2267 1105 miseram

611 1138 989 1212 voluptatem
1019 1141 1075 1193 et
1119 1136 1198 1193 ad
1245 1137 1491 1193 inanem
1522 1135 1959 1211 exitiosamque
2010 1137 2267 1210 gloriam

612 1229 939 1287 adinventa
977 1228 1237 1295 fuerunt,
1276 1244 1398 1284 non
1428 1233 1602 1302 turpe
1650 1227 1858 1296 modo,
1891 1234 1949 1285 et
1995 1246 2032 1286 a
2077 1244 2267 1301 scopo

612 1319 792 1376 nobis
820 1318 1133 1393 proposito
1165 1315 1454 1389 alienum,
1486 1316 1591 1373 sed
1630 1316 2059 1374 detrimentum
2086 1318 2267 1375 etiam

612 1407 783 1465 affert
807 1423 931 1463 non
960 1406 1111 1474 leve,
1144 1422 1283 1462 cum
1306 1404 1533 1462 scilicet
1561 1406 1665 1478 qui
1696 1405 1756 1462 in
1784 1405 2013 1463 deliciis
2039 1407 2263 1479 vivunt,

612 1502 671 1554 et
707 1495 934 1553 ventris
979 1494 1390 1569 voluptatibus
1434 1495 1763 1552 metiuntur
1807 1494 2265 1568 beatitudinem,

608 1603 723 1644 nos
743 1602 989 1661 quoque
1009 1583 1237 1642 eisdem
1260 1585 1417 1642 curis
1446 1584 1673 1658 quibus
1697 1584 1816 1659 ipsi
1835 1602 1973 1642 cum
2005 1586 2267 1645 admira-

2370 425 2551 493 λακὴν,
2597 427 2627 484 ἦ
2664 423 2989 498 ἑπιϐλήματα
3041 420 3267 495 διαφανῆ
3327 423 3726 498 συμπορίζεσθαι
3760 424 3908 489 ἔξωθεν

2370 515 2465 568 οὐκ
2517 514 2759 589 εὐπρεπὲς
2817 516 2960 586 ἡμῖν·
3014 512 3172 574 οὓτως
3227 508 3351 566 οὐδὲ
3403 510 3648 587 βρώματα
3686 513 3787 585 (58)
3836 533 3913 567 πε-

2366 612 2555 679 ρινοεῖν
2613 606 2757 679 παρὰ
2818 603 2947 656 πολὺ
3014 610 3108 664 τῆς
3173 603 3420 676 ἡμετέρας
3476 598 3671 662 διαίτης
3730 600 3912 664 ἐξηλλα-

2368 699 2553 767 γμένα.
2606 697 2675 747 Τὸ
2726 695 2827 766 γὰρ
2881 696 3205 766 περιτρέχειν
3253 693 3393 763 ἡμᾶς
3434 687 3826 766 διερευνωμένονς
3863 695 3915 744 τὰ

2368 788 2437 857 μὴ
2465 786 2680 856 πρὸςτό
2722 780 3000 854 ἀναγκαῖον
3043 791 3140 843 τῆς
3181 785 3370 855 χρείας
3392 782 3505 852 (59)
3558 779 3910 852 ἐπιζητούμενα,

2372 870 2499 924 ἀλλὰ
2528 875 2659 946 πρὸς
2686 877 2779 930 τὴν
2820 870 2998 924 ἀθλίαν
3029 867 3225 930 ἡδονὴν
3254 876 3344 923 καὶ
3388 869 3611 945 ὀλεθρίαν
3657 866 3912 933 κενοδοξίαν

2371 965 2783 1035 περινενοημένα,
2823 960 2881 1013 οὐ
2928 964 3081 1034 μόνον
3128 960 3355 1034 αἰσχρὸν
3400 964 3488 1013 καὶ
3536 958 3816 1031 ἀσύμφωνον
3859 966 3913 1029 τῷ

2371 1053 2687 1123 προκειμένῳ
2735 1050 2860 1122 ἡμῖν
2910 1057 3111 1119 σκοπῷ,
3167 1047 3295 1101 ἀλλὰ
3339 1053 3429 1100 καὶ
3475 1045 3666 1120 βλάϐην
3716 1050 3823 1120 ἔχον
3870 1046 3913 1099 οὗ

2370 1143 2465 1198 τὴν
2494 1146 2787 1211 τυχοῦσαν,
2835 1140 2955 1191 ὅταν
3002 1141 3051 1191 οἱ
3093 1146 3403 1213 τρυφῶντες,
3454 1142 3543 1190 καὶ
3587 1144 3696 1198 ταῖς
3738 1133 3913 1195 ἡδοναῖς

2369 1237 2465 1289 τῆς
2507 1231 2736 1303 γαστρός
2789 1232 2876 1285 τὴν
2930 1232 3297 1302 μακαριότητα
3344 1228 3649 1301 ὁριζόμενοι,
3692 1231 3797 1298 περὶ
3840 1228 3912 1285 τὰς

2370 1318 2532 1381 αὐτὰς
2561 1314 2837 1391 φροντίδας
2885 1318 3049 1391 ὁρῶσι
3097 1322 3188 1370 καὶ
3235 1319 3371 1388 ἡμᾶς
3420 1319 3785 1390 στρεφομένοῡς,
3819 1319 3912 1388 περὶ

2370 1406 2431 1468 ἃς
2460 1406 2642 1460 ἐκεῖνοι
2689 1405 2989 1465 ἐπτόηνται.
3046 1406 3107 1460 Εἰ
3164 1407 3266 1479 γὰρ
3307 1409 3529 1480 πονηρὸν
3567 1407 3596 1463 η
3648 1407 3796 1480 τρνφή
3842 1408 3912 1453 καὶ

2370 1500 2581 1570 φευκτόν
2608 1498 2742 1568 (60),
2789 1491 3039 1550 οὐδέποτε
3077 1497 3201 1568 ἡμῖν
3254 1499 3457 1571 αἱρετή.
3507 1491 3666 1548 Οὐδὲν
3708 1497 3796 1569 γὰρ
3836 1503 3913 1545 τῶν

2369 1590 2799 1660 κατεγνωσμένων
2867 1582 3091 1639 δύναται
3154 1582 3285 1639 εἶναι
3352 1590 3481 1660 πρὸς
3549 1588 3717 1658 καιρόν
3775 1584 3914 1640 ἐπιτέ-

606 1677 770 1734 tione
800 1680 857 1732 et
888 1679 1130 1749 stupore
1159 1675 1539 1741 incumbunt,
1584 1674 1875 1731 distentos
1905 1675 2131 1732 vident.
2154 1678 2250 1733 ‘Et-

2371 1672 2530 1730 δειον.
2560 1678 2626 1729 Οἱ
2667 1674 3042 1741 σπαταλῶντες,
3097 1680 3186 1729 καὶ
3226 1678 3294 1729 τὰ
3329 1684 3515 1750 πρῶτα
3558 1678 3693 1748 μύρα
3731 1678 3915 1749 χριόμε-

609 1766 771 1823 enim
798 1766 845 1821 si
876 1763 1050 1821 malae
1074 1768 1213 1821 sunt
1237 1763 1489 1829 deliciae,
1515 1767 1570 1820 et
1590 1763 1915 1834 fugiendae,
1941 1780 2261 1837 nunquam

550 1878 567 1895 ν
609 1871 711 1912 eas
737 1853 1019 1928 amplecti
1048 1852 1363 1910 debemus.
1397 1851 1551 1909 Nihil
1580 1852 1741 1909 enim
1772 1868 1984 1910 eorum
2014 1870 2148 1928 quae
2177 1870 2265 1911 re-

605 1944 866 2019 probate
878 1947 1040 2015 sunt,
1054 1947 1249 2018 potest
1267 1942 1385 2000 ullo
1401 1948 1671 2016 tempore
1684 1949 2095 2015 opportunum
2109 1960 2259 2001 esse.

607 2036 719 2103 Qui
754 2035 915 2092 laute
960 2037 1017 2091 et
1059 2032 1310 2091 delicate
1353 2032 1588 2105 vivunt,
1620 2033 2263 2109 praestantissimisque

602 2125 917 2182 illinuntur
944 2122 1358 2195 unguentis,et
1378 2122 1584 2180 vinum
1615 2122 1989 2195 percolatum
2019 2123 2257 2197 bibunt,

600 2232 707 2273 eos
728 2215 968 2270 incusat
999 2213 1306 2286 Scriptura
1330 2215 1371 2269 '.
1410 2215 1476 2269 Et
1500 2212 1580 2269 ob
1610 2212 1857 2270 delicias
1888 2213 2092 2286 vidua,
2119 2231 2258 2287 qua:

599 2300 741 2355 viva
777 2305 923 2366 erat,
955 2299 1172 2356 dicitur
1219 2303 1514 2357 mortua”.
1561 2301 1735 2358 Dives
1764 2301 1843 2358 ob
1884 2302 2071 2373 hujus
2122 2303 2258 2361 vitae

600 2383 844 2444 delicias
874 2388 1146 2461 privatus
1179 2393 1267 2445 est
1291 2389 1646 2461 paradiso“.
1690 2389 1844 2455 Quid
1874 2390 2053 2460 igitur
2080 2390 2259 2448 nobis

600 2491 740 2533 cum
766 2476 1165 2551 apparatibus
1187 2478 1560 2550 sumptuosis
1580 2479 1608 2534 Ἰ
1632 2479 1894 2537 Accessit
1910 2479 2135 2553 hospes
2156 2480 2260 2537 ali-

598 2567 775 2640 quis?
806 2567 864 2625 Si
888 2566 1071 2625 frater
1098 2567 1192 2639 sit,
1226 2572 1285 2625 et
1308 2566 1472 2625 idem
1501 2568 1636 2626 vitae
1666 2568 2009 2626 institutum
2047 2586 2259 2643 sequa-

2368 1785 2467 1834 νοι,
2507 1770 2597 1817 καὶ
2626 1768 2711 1817 τὸν
2744 1760 3075 1837 διυλισμένον
3127 1761 3259 1817 οἶνον
3307 1768 3562 1829 πίνοντες,
3611 1769 3914 1833 κατηγοροῦν-

2367 1874 2457 1908 ται
2492 1855 2593 1908 ὐπό
2639 1861 2728 1913 τῆς
2772 1859 2995 1928 Γραφῆς.
3031 1858 3131 1906 Καὶ
3176 1850 3270 1906 διὰ
3303 1858 3398 1912 τὴν
3432 1851 3744 1911 σπατάληνή
3780 1854 3913 1922 χήρα,

2370 1945 2537 2012 ζῶσα,
2581 1946 2880 2003 τεθνηκέναι
2941 1943 3163 2014 λέγεται.
3223 1943 3281 1995 Ὀ
3333 1941 3575 2004 πλούσιος
3638 1940 3912 2012 ἀπεστερήθη

2368 2044 2461 2088 τοῦ
2490 2031 2819 2109 παραδείσου
2852 2029 2946 2087 διὰ
2988 2038 3082 2091 τὴν
3118 2032 3339 2086 ἐνταῦθα
3364 2038 3585 2109 τρυφήν.
3614 2037 3674 2084 Τί
3701 2030 3777 2083 οὖν
3817 2027 3911 2100 ἡμῖν

2366 2130 2457 2178 καὶ
2508 2131 2621 2186 ταῖς
2674 2122 3069 2189 uolut-alsia“;
3121 2118 3459 2194 Ἐπεδήμησέ
3514 2142 3589 2184 τις
3635 2129 3723 2174 τῶν
3762 2119 3909 2182 ξένων;

2366 2214 2428 2266 Εἰ
2464 2217 2553 2287 μεν
2598 2210 2838 2285 ἀδελφός,
2870 2217 2960 2265 καὶ
2988 2215 3074 2263 τόν
3103 2211 3256 2264 αὐτὸν
3291 2214 3487 2264 σκοπόν
3516 2213 3649 2283 ἔχων
3681 2216 3763 2263 τοῦ
3796 2205 3908 2280 βίον,

2364 2307 2454 2362 τὴν
2489 2303 2680 2356 οἰκείαν
2723 2301 2985 2377 τράπεζαν
3017 2300 3381 2372 ἐπιγνώσεται.
3442 2299 3503 2352 ’Ἀ
3551 2302 3645 2374 γὰρ
3694 2296 3909 2349 κατέλιπεν

2365 2396 2519 2459 οἶκοι,
2566 2400 2733 2444 ταῦτα
2780 2392 2990 2464 εὑρήσει
3038 2389 3158 2465 παρ’
3207 2392 3354 2463 ἡμῖν.
3418 2389 3570 2443 Ἀλλὰ
3614 2391 3834 2460 κέκμηκεν
3869 2382 3910 2435 ἐκ

2362 2491 2459 2544 τῆς
2517 2478 2868 2554 ὁδοιπορίας;
2932 2487 3190 2533 Τοσοῦτον
3244 2478 3387 2551 αὐτῷ
3441 2480 3763 2553 προστίθεμεν
3803 2477 3909 2542 (6i),

2365 2574 2484 2625 ὅσον
2515 2575 2602 2624 τὸν
2632 2576 2790 2623 κόπον
2820 2570 3334 2644 παραμυθήσασθαι.

598 2659 715 2728 tur,
741 2674 916 2714 suam
947 2656 1141 2732 ipsius
1170 2673 1446 2714 mensam
1479 2663 1785 2728 agnoscet.
1812 2660 1950 2724 Quae
1973 2658 2134 2716 enim
2156 2660 2396 2734 reliquit
2424 2660 2609 2728 domi,
2633 2677 2708 2716 ea
2734 2660 3089 2716 inventurus
3116 2663 3205 2714 est
3225 2658 3397 2730 apud
3424 2674 3559 2715 nos.
3586 2662 3655 2715 At
3677 2653 3913 2723 fatigatus

598 2749 689 2801 est
713 2761 785 2802 ex
814 2745 1067 2803 itinere?
1095 2749 1351 2803 Tantum
1380 2746 1690 2804 efferimus
1717 2746 2057 2815 levamenti,
2090 2754 2389 2822 quantum
2414 2749 2734 2821 requiritur
2763 2747 2841 2805 ad
2872 2746 3291 2805 lassitudinem
3317 2746 3761 2804 sublevandam.

667 2834 721 2888 2.
749 2834 1000 2891 Advenit
1033 2833 1186 2891 alius
1221 2835 1442 2894 saeculo
1463 2836 1602 2892 huic
1625 2836 1945 2894 addictus?
1966 2840 2049 2893 Ex
2078 2837 2252 2895 factis
2284 2842 2323 2897 C

596 2921 793 2979 discat
831 2940 967 2996 quae
1008 2924 1062 2980 ei
1088 2940 1286 2982 sermo
1317 2942 1439 2982 non
1461 2927 1782 3000 persuasit,
1811 2932 1866 2983 et
1894 2926 2253 2999 frugalitatis

594 3011 657 3067 in
695 3012 847 3068 escis
879 3012 1188 3070 servandae
1222 3012 1485 3071 formam
1517 3019 1575 3072 et
1620 3015 1930 3088 exemplar
1971 3016 2248 3089 accipiat.

594 3103 870 3159 Maneant
890 3103 953 3158 in
970 3103 1105 3175 ipso
1125 3109 1756 3161 mouumentamensaa
1776 3104 2250 3165 Christianorum

594 3195 652 3247 et
674 3190 805 3263 ejus
842 3192 1235 3264 paupertatis,
1277 3209 1414 3265 qua;
1447 3193 1666 3250 Christi
1691 3210 1877 3250 causa
1897 3195 2047 3251 citra
2093 3212 2251 3253 vere-

593 3280 881 3335 cundiam
913 3280 1272 3352 perferenda
1308 3287 1415 3338 est.
1460 3282 1686 3350 Quodsi
1733 3282 1827 3338 his
1858 3282 1954 3339 ille
1999 3283 2247 3340 minime

593 3366 1091 3436 commovebitur,
1125 3385 1194 3425 ac
1234 3369 1431 3443 potius
1459 3369 1773 3442 deridebit,
1815 3387 2026 3428 rursus
2068 3372 2246 3429 nobis

591 3472 717 3513 non
748 3457 1120 3514 exhibiturus
1151 3464 1240 3516 est
1282 3459 1651 3523 molestiam.
1697 3464 1813 3518 Nos
1844 3465 2068 3532 autem,
2106 3479 2245 3520 cum

591 3545 805 3602 divites
851 3547 1154 3620 quosdam
1193 3547 1493 3619 videmus,
1536 3549 1639 3623 qui
1668 3549 2019 3609 deliciarum
2064 3568 2245 3610 usum

587 3639 824 3709 ponunt
864 3635 927 3692 in
964 3636 1287 3710 praecipuis
1340 3636 1545 3702 bonis.
1585 3655 1794 3696 eorum
1834 3640 2029 3697 vicem
2069 3640 2244 3700 valde

587 3725 882 3797 dolemus,
907 3726 1074 3800 quod
1094 3726 1213 3784 vita
1234 3727 1403 3785 omni
1441 3727 1502 3784 in
1534 3729 1799 3786 vanitate
1828 3728 2165 3804 insumpta,
2188 3735 2244 3789 et

584 3814 997 3888 voluptatibus
1020 3816 1143 3872 suis
1164 3832 1271 3890 pro
1292 3817 1413 3873 Deo
1433 3817 2023 3889 habitis,nescientes
2044 3820 2105 3876 in
2128 3820 2243 3877 vita

583 3903 700 3961 hac
729 3904 1027 3978 recipiunt
1053 3904 1361 3961 bonorum
1389 3909 1648 3980 partem,
1677 3922 1747 3964 ac
1777 3923 1884 3979 per
1914 3913 2240 3980 praesentes

584 3991 830 4049 delicias
879 3993 943 4049 in
980 3998 1262 4067 paratum
1306 3994 1511 4065 ignem
1561 3995 2036 4069 praecipitantur,
2076 4001 2133 4054 et
2178 3997 2239 4054 in

579 4081 739 4139 illius
763 4083 1082 4140 ardorem:
1116 4084 1237 4141 imo
1267 4083 1573 4158 siquando
1603 4101 1732 4141 sese
1754 4084 1931 4142 nobis
1954 4085 2241 4146 obtulerit

2432 2843 2486 2894 2.
2532 2837 2707 2899 Ἄλλος
2755 2837 2992 2896 ἐλήλυθεν
3050 2836 3105 2889 ἐκ
3158 2844 3249 2889 τοῦ
3297 2836 3483 2900 ἔξωθεν
3529 2835 3680 2909 βίου;
3731 2831 3912 2887 Μαθέτω

2363 2925 2398 2980 δ
2404 2931 2456 2980 ιά
2486 2937 2582 2979 τῶν
2623 2927 2805 3001 ἔργων,
2853 2929 2953 2979 ὅσα
3003 2928 3029 2978 ό
3084 2926 3237 2997 λόγος
3277 2925 3437 2979 αὐτὸν
3486 2926 3579 2979 οὐκ
3632 2928 3801 2987 ἔπεισε,
3841 2920 3911 2969 mi

2358 3016 2555 3069 λαϐέτω
2597 3019 2758 3069 τύπον
2813 3021 2901 3067 καὶ
2948 3015 3290 3089 ὑπογραμμὸν
3350 3023 3449 3078 τῆς
3508 3015 3553 3067 ἐν
3606 3017 3798 3089 τροφαῖς
3844 3004 3911 3056 αὖ·

2360 3110 2640 3181 ταρκείας.
2712 3105 3125 3176 Ἐναπομεινάτω
3209 3103 3350 3175 αὐτῷ
3430 3106 3760 3177 ὑπομνήματα
3810 3092 3908 3160 (62)

2359 3202 2688 3270 Χριστιανῶν
2735 3194 3019 3268 τραπέζης,
3064 3198 3153 3245 καὶ
3211 3190 3631 3265 ἀνεπαισχύντου
3686 3186 3769 3241 διὰ
3810 3192 3909 3256 Χριο

2361 3288 2481 3337 στὸν
2511 3287 2792 3354 πτωχείας.
2846 3283 2906 3335 Εἰ
2940 3278 3000 3334 δὲ
3028 3282 3088 3334 οὗ
3118 3281 3383 3356 προσέξει,
3428 3281 3553 3334 ἀλλὰ
3592 3275 3904 3348 καταγελάσει,

2359 3370 2596 3448 δεύτερον
2644 3374 2766 3445 ἡμῖν
2810 3371 2904 3423 οὐκ
2953 3369 3249 3442 ἐνοχλήσει.
3303 3369 3485 3444 Ἡμεῖς
3532 3367 3607 3437 δε,
3661 3370 3767 3421 ὅταν
3797 3363 3906 3419 τινὰς

2356 3472 2455 3515 τῶν
2496 3461 2753 3513 πλουσίων
2799 3456 3014 3533 ἴδωμεν,
3060 3458 3107 3511 οἱ
3153 3465 3240 3517 τὴν
3300 3457 3592 3514 ἀπόλαυσιν
3639 3466 3729 3510 τῶν
3774 3446 3905 3511 ἡδέων

2356 3551 2403 3604 έν
2459 3558 2567 3614 τοῖς
2622 3556 2843 3623 πρώτοις
2912 3558 3010 3600 τῶν
3074 3547 3281 3622 ἀγαθῶν
3335 3552 3568 3602 τίθενται
3616 3546 3744 3617 (63),
3801 3543 3907 3614 μέμ

2357 3641 2665 3713 στενάζομεν
2710 3638 2785 3691 ἐπ’
2824 3638 3018 3708 αὐτοῖς,
3059 3639 3139 3691 ὃτι
3185 3646 3247 3712 τῇ
3291 3644 3612 3712 ματαιότητι
3651 3636 3803 3689 πάντα
3838 3630 3904 3679 τὸν

2355 3728 2472 3802 βίον
2527 3726 3068 3805 προσαναλίσκοντες,
3149 3731 3239 3780 καὶ
3306 3730 3694 3787 θεοποιήσαντες
3750 3720 3903 3775 ἑαυτῶν

2350 3822 2444 3882 τὰς
2472 3815 2681 3887 ἡδονὰς,
2729 3817 2775 3869 έν
2822 3824 2881 3889 τῇ
2936 3816 3043 3890 ζωῇ
3090 3819 3253 3890 ταύτῃ
3301 3825 3407 3869 τῶν
3453 3816 3655 3890 ἀγαθῶν
3694 3816 3747 3865 τὸ
3783 3812 3908 3881 βρος

2350 3905 2798 3981 ἀπολαμϐάνοντες
2861 3906 2955 3958 οὐκ
3020 3908 3383 3975 αἰσθάνονται,
3448 3904 3539 3959 διὰ
3588 3914 3677 3967 τῆς
3726 3896 3907 3953 ἐνταῦθα

2347 4004 2561 4070 τρυφῆς,
2609 3995 2685 4068 ἐφ’
2738 3996 2939 4068 ἕτοιμον
2988 3998 3046 4047 τό
3105 4002 3207 4069 πῦρ
3263 4001 3355 4047 καὶ
3404 3998 3490 4048 τὸν
3544 3995 3591 4048 ἐν
3638 3991 3763 4061 αὐτῲ
3806 3984 3905 4086 καιιὲ-

2350 4104 2489 4138 σωνα
2534 4089 2888 4161 πορευόμενοι.
2947 4082 3052 4137 Κᾶν
3096 4091 3281 4159 καιροῦ
3329 4102 3459 4138 ποτε
3513 4087 3760 4155 τύχωμεν,
3806 4072 3905 4126 οὐδε

579 4172 843 4241 occasio,
887 4189 961 4230 ne
999 4174 1146 4246 ipsis
1175 4173 1425 4247 quidem
1463 4174 1593 4231 haec
1623 4172 1821 4231 dicere
1865 4174 2234 4236 dubitemus.

2359 4179 2473 4252 τρός
2505 4178 2613 4245 (64)
2673 4177 2859 4236 αὖτοὺς
2922 4173 3138 4235 ἐκείνους
3206 4181 3373 4227 ταῦτα
3449 4169 3711 4237 διεξελθεῖν
3765 4165 3905 4219 ὁκνού·
3956 4178 3961 4181 '

577 4260 749 4322 Quod
778 4260 829 4317 si
853 4261 1123 4318 futurum
1156 4267 1267 4331 est,
1288 4267 1352 4320 ut
1379 4261 1493 4335 ipsi
1515 4279 1762 4337 quoque
1786 4262 1973 4321 simus
1994 4280 2234 4322 eorum-

576 4347 717 4404 dem
741 4350 848 4419 rei,
872 4355 931 4407 et
949 4351 1154 4424 quoad
1174 4350 1527 4422 licetnobis,
1554 4352 1936 4426 inquiramus
1958 4354 2140 4410 etiam
2162 4370 2235 4413 ea

574 4451 710 4508 quae
727 4439 1027 4510 pertinent
1048 4442 1127 4497 ad
1147 4441 1545 4516 voluptatem,
1565 4447 1621 4499 et
1635 4442 1769 4517 ipsa
1789 4442 1868 4500 ad
1888 4443 2233 4502 ostentatio-

571 4539 713 4580 nem
761 4542 1150 4600 apparemus,
1192 4546 1404 4588 vereor
1432 4547 1508 4588 ne
1548 4548 1685 4605 quae
1731 4531 2124 4602 destruimus,
2158 4550 2231 4595 ea

570 4612 875 4672 aedificare
891 4616 1228 4691 videamur,
1243 4622 1419 4692 etper
1438 4636 1576 4693 quae
1592 4624 1838 4678 caeteros
1853 4621 2226 4693 judicamus,

640 4767 689 4803 ⁹⁹
729 4766 930 4825 Matth.
956 4784 1015 4838 v,
1042 4772 1096 4825 3.
1179 4770 1193 4804 ι
1234 4771 1422 4826 Amos
1447 4786 1530 4841 v1,
1560 4775 1613 4827 6.

1690 4774 1712 4807 ²
1752 4772 1943 4830 ITim.
1973 4789 2034 4845 γ,
2068 4778 2120 4830 6.

632 4919 738 4995 (58)
783 4918 981 4995 godex
1009 4918 1173 4995 C_olb.
1203 4915 1410 4995 οὔτε-δε
1432 4918 1711 4995 βρῴματα.

636 4990 750 5065 (59)
788 4992 928 5061 Reg.
961 4992 1194 5064 primus
1226 4996 1283 5049 et
1312 4990 1488 5065 Ῡρενε.
1518 4990 1801 5065 ἀναγκαῖον
1830 5003 1921 5057 τῆς
1940 5001 2208 5065 χρήσεως.

636 5014 748 5057 (ον)
790 5014 928 5061 neg.
961 5014 1194 5064 prunus
1226 5014 1283 5049 et
1325 5014 1488 5048 voss.
1518 5014 1801 5065 αναγκαιον
1830 5014 1921 5057 της
2020 5015 2208 5058 ησεως.

558 5062 841 5186 :oxadruo
870 5080 1017 5120 mss.
1048 5066 1176 5136 πρὸς
1207 5067 1302 5122 την
1337 5062 1569 5138 ὀλεθρίαν
1599 5061 1796 5125 ἡδονὴν
1826 5072 1913 5120 καὶ
1940 5014 2209 5141 ἔλαϐερὰν

618 5153 671 5187 νο
715 5153 876 5187 οηιαν.

558 5151 920 5293 έιῖἒθῗὶῗέέ.
956 5207 1189 5281 primus
1233 5211 1324 5261 καὶ
1357 5211 1616 5280 φευκτέον.
1651 5208 1851 5267 Codex
1883 5212 2051 5268 Voss.
2093 5230 2211 5284 9w-

556 5291 1043 5423 ”(aG‘xAntiquze
1090 5351 1385 5410 editiones
1414 5356 1472 5410 et
1512 5355 1651 5423 Reg.
1685 5353 1993 5411 secundus
2023 5362 2206 5408 τοσοῦ-

551 5432 638 5467 τον
689 5421 844 5495 ανῖὸν
890 5421 1209 5495 προτίθεμεν.
1249 5425 1362 5481 Alii
1412 5431 1530 5482 tres
1578 5421 1726 5482 mss.
1765 5435 2013 5480 τοσοῦτον
2063 5426 2206 5479 αὑτώ

549 5490 919 5560 προστίθεμεν.

2343 4285 2452 4338 μεν.
2501 4265 2560 4320 Εἰ
2590 4261 2649 4317 δὲ
2677 4262 2945 4338 μέλλοιμεν
2986 4268 3076 4315 καὶ
3114 4264 3265 4316 αὗτοὶ
3312 4271 3419 4326 τοῖς
3449 4263 3623 4324 αὐτοῖς
3664 4256 3900 4320 ἐνέξεσθαι,

2344 4360 2451 4421 καὶ,
2518 4374 2653 4407 κατα
2709 4358 2801 4413 τὴν
2859 4354 3209 4427 ὑπάρχουσαν
3268 4354 3393 4426 ἡμῖν
3450 4349 3687 4425 δύναμιν,
3732 4349 3810 4398 καὶ
3855 4357 3902 4391 το

2341 4447 2466 4520 πρός
2518 4440 2713 4502 ἡδονὴν
2771 4442 3055 4512 ἐπιζητεῖν,
3114 4446 3205 4495 καὶ
3257 4446 3391 4517 πρὸς
3458 4437 3700 4502 ἐπίδειξιν
3764 4448 3901 4503 παρα·

2343 4534 2713 4600 σκευάζεσθαι,
2789 4529 3068 4604 φοϐοῦμαι,
3135 4535 3204 4603 μὴ
3271 4529 3305 4582 ἆ
3370 4530 3702 4602 καταλὺομιν,
3764 4527 3899 4575 ταῦτα

2338 4631 2570 4695 φανῶμεν
2628 4616 3038 4693 οἰκοδομοῦντες,
3089 4624 3179 4672 καὶ
3240 4614 3320 4671 δι’
3373 4621 3442 4671 ὧν
3496 4619 3695 4691 ἑτέρους
3752 4613 3898 4685 κρίνο·

2202 4771 2224 4806 ³
2253 4775 2393 4831 Luc.
2426 4789 2544 4842 xvi,
2576 4776 2670 4830 22.

2391 4925 2503 5011 (ﬁ?)
2545 4928 2686 5011 ῌθεο
2720 4924 3282 5011 ρξίαιιεεμᾲπόμνημα.
3310 4927 3442 5011 Mox
3461 4923 3621 5011 idem
3645 4924 3889 5011 niuium

2320 4990 2571 5053 Co'lbfou’
2604 4990 2861 5066 προάέξει.
2896 4996 3005 5052 Alii
3033 4990 3156 5053 duo
3189 4990 3344 5053 “mss.
3373 5002 3432 5053 et
3460 4995 3599 5052 editi
3641 4990 3893 5066 προφέκιι·

2391 5050 2501 5132 (65)
2542 5050 2741 5125 Codex
2773 5050 2959 5125 (30le
2970 5050 3318 5125 {natat-.91;
3333 5050 3483 5126 ubi
3508 5050 3650 5135 Reg.
3676 5050 3882 5133 'prim'us

2316 5158 2402 5193 τον
2436 5138 2553 5211 βίον
2582 5140 3101 5213 προσαναλώσαντες.

2387 5214 2403 5281 (
2415 5195 2504 5282 64)
2524 5195 2665 5284 Reg.
2692 5212 2924 5283 primus
2938 5218 2996 5268 et
3013 5195 3185 5284 Voss.
3202 5207 3341 5282 μηδὶ
3360 5206 3717 5284 πρός-,βοάᾳ
3737 5195 3877 5284 Colb2

2316 5269 2426 5354 pro
2457 5269 2805 5355 ‘u'né‘é‘ha'bet
2833 5289 2928 5356 μή.
2961 5269 3286 5356 Aliquanto
3312 5269 3457 5407 Ro'st
3478 5269 3631 5360 liber
3658 5277 3806 5353 Voss.
3840 5269 3885 5319 οι

2316 5354 2480 5407 Colb.
2532 5351 2804 5407 διεξελθεῖν
2856 5353 3250 5407 ἀποκνήσωαεν.
3365 5367 3457 5407 ΒΩ.
3506 5362 3725 5407 primus
3766 5357 3879 5393 απο⁸

2316 5351 2480 5412 (ΞΟΙΗ.
2532 5351 2804 5418 διεξελθεῖν
2833 5351 3050 5413 ’ἀποπινὴ
3062 5351 3250 5427 σωμεν.

2314 5434 2530 5499 κνοϋμεν
2543 5469 2556 5481 .

3365 5367 3457 5422 eg.
3506 5350 3725 5424 primus
3766 5350 3879 5393 απο-
