4082 6178
191 176 285 233 673

1330 174 1623 229 REGULE
1661 172 1904 230 FUSIUS
1941 173 2346 229 ΤΒΑΟΤΑΤΑΞ.

3433 179 3535 237 97L

195 318 298 372 μεν,
343 298 557 359 ἑαυτοὺς
601 301 1012 371 κατακρίνωμεν,
1053 294 1524 369 ἔσχηματισμίνως
1557 298 1667 367 (65)
1706 304 1780 369 τῷ

1905 297 2301 370 nosmetipsos
2359 295 2875 365 condemnemus,
2928 296 3035 369 qui
3086 297 3365 355 simulate
3417 301 3545 358 vita

200 387 294 461 βίῳ
332 390 666 460 κεχρημένοι,
709 387 801 440 καί
846 386 1025 439 ἄλλοτε
1071 385 1235 446 σῐλλως
1281 390 1780 460 μεταμορφούμενοι,

199 478 240 533 εἰ
272 482 337 549 μὴ
377 478 483 552 ἄρα
527 481 619 529 καὶ
665 478 760 538 τὰς
796 474 1023 536 ἐσθῆτας
1051 477 1198 547 ἡμῶν
1237 471 1616 549 διαμείψωμεν,
1659 478 1783 529 ὅταν

200 575 298 629 τοῖς
340 568 679 640 ὑπερηφάνοις
732 567 1217 640 περιτυγχάνωμεν.
1274 565 1334 619 Εἰ
1385 562 1445 618 δε
1490 573 1639 618 τοῦτο
1702 565 1782 618 αἱ·

204 659 375 730 σχρὸν,
417 655 590 726 πολλῷ
634 655 981 728 αἰσχρότερον
1018 655 1133 725 (66)
1177 650 1271 709 διὰ
1315 659 1438 717 τοὺς
1485 662 1785 729 τρυφῶντας

204 751 289 804 τήν
346 746 609 820 τράπεζαν
675 746 821 816 ἡμῶν
884 744 1389 816 μετασκευάξεσθαι.
1453 747 1784 816 Μονότροπός

201 834 326 888 ἔστιν
370 834 397 886 ὀ
443 841 538 888 τοῦ
586 840 909 909 Χριστιανοῡ
954 831 1092 906 βίος,
1125 835 1210 886 ἕνα
1259 837 1457 886 σκοπὸν
1495 835 1651 905 ἔχων,
1691 838 1784 894 τὴν

205 921 347 987 δόξαν
383 931 478 977 τοῦ
526 930 681 977 Θεοῦ.
721 926 839 977 Εἴτε
883 925 985 997 γὰρ
1035 921 1249 991 ἐσθίετε,
1300 926 1399 976 ε’ίτε
1446 928 1634 990 πίνετε,
1685 927 1787 977 εἴτε

202 1034 245 1067 τι
284 1020 496 1079 ποιεῖτε,
533 1014 707 1065 πάντα
747 1012 817 1074 εἰς
862 1008 1020 1074 δόξαν
1066 1019 1199 1065 Θεοῦ
1237 1019 1448 1079 ποιεῖτε,
1481 1017 1639 1085 φησὶν
1679 1013 1704 1063 ό
1736 1011 1785 1064 ἂν

202 1112 396 1178 Χριστῷ
438 1102 604 1155 λαλιῶν
651 1101 872 1162 Παῦλος.
922 1100 1251 1175 Πολύτροπος
1302 1099 1362 1155 δε
1415 1108 1506 1154 καὶ
1550 1101 1787 1164 ποικίλος

201 1196 221 1246 ὁ
258 1203 355 1245 τῶν
398 1192 580 1255 ἔξωθεν
629 1190 767 1265 βίος.
804 1190 983 1243 ἄλλοτε
1026 1190 1185 1251 ἄλλως
1222 1195 1354 1266 πρὸς
1390 1197 1485 1250 τὴν
1516 1190 1785 1266 ἀρέσκειαν

199 1292 283 1334 τῶν
315 1281 732 1354 ἐντυγχανόντων
758 1280 1246 1354 μεταπλασσόμενος
1277 1282 1409 1353 (67).

254 1555 310 1607 3.
348 1549 513 1603 Ὠστε
558 1554 649 1603 καὶ
696 1553 784 1618 σὺ,
826 1548 1013 1607 πλήθει
1057 1547 1349 1624 βρωμάτων
1397 1554 1486 1602 καὶ
1514 1554 1789 1623 περιεργίᾳ

1891 390 2152 455 utamur,
2187 386 2373 443 modo
2420 386 2482 441 in
2528 385 2705 457 hanc,
2734 385 2919 442 modo
2966 387 3027 441 in
3068 386 3238 444 illam
3279 388 3543 446 formam

1889 476 2123 544 mutati,
2155 476 2267 532 nisi
2313 477 2464 533 forte
2510 474 2905 532 immutemus
2953 476 3134 533 etiam
3184 478 3548 536 vestimenta

1890 572 2099 622 nostra
2150 571 2280 622 tum
2308 608 2322 633 ,
2372 582 2513 622 cum
2559 565 2622 621 in
2676 565 2838 621 viros
2890 564 3085 623 claros
3141 571 3201 623 et
3251 569 3546 640 superbos

1893 656 2069 728 365
2111 655 2519 711 inciderimus.
2567 655 2740 721 Quod
2788 654 2836 710 si
2883 655 2946 711 id
2990 660 3165 728 turpe
3206 661 3316 726 est,
3363 657 3547 730 longe

1891 746 2122 816 turpius
2165 748 2257 799 est
2296 759 2578 799 mensam
2622 747 2895 799 nostram
2938 742 3017 799 ob
3056 743 3347 801 delicatos
3376 760 3544 803 com-

1891 841 2145 890 mutare.
2167 833 2499 906 Equabilis
2527 839 2585 890 et
2613 839 2900 890 constans
2931 839 3019 891 est
3049 835 3366 892 Christiani
3395 836 3544 905 vita,

1892 929 1951 981 et
1974 924 2224 980 unicum
2257 940 2513 996 scopum
2542 924 2748 991 habet,
2773 924 2872 981 Dei
2903 924 3180 994 gloriam.
3209 926 3350 983 Sive
3387 928 3545 983 enim

1893 1013 2291 1083 manducatis,
2335 1015 2458 1069 sive
2488 1014 2707 1076 bibitis.
2746 1015 2868 1071 sive
2913 1014 3061 1084 quid
3085 1015 3311 1083 facitis,
3343 1017 3546 1073 omnia

1894 1103 1957 1159 in
2005 1103 2273 1172 gloriam
2309 1103 2424 1158 Dei
2463 1102 2669 1171 facite,
2702 1102 2784 1158 ait
2830 1102 3047 1159 Paulus
3071 1103 3175 1175 qui
3218 1104 3279 1160 in
3310 1104 3545 1162 Christo

1893 1191 2254 1263 loquebatur
2277 1193 2317 1247 δ.
2368 1197 2438 1247 At
2490 1207 2632 1247 vero
2683 1191 3071 1247 multiformis
3128 1197 3185 1248 et
3236 1194 3405 1251 varia
3459 1198 3548 1251 est

1893 1281 2211 1337 hominum
2243 1282 2699 1339 mundanorum
2739 1282 2983 1337 vivendi
3005 1282 3182 1352 ratio,
3212 1298 3350 1355 quas
3393 1282 3546 1340 scili-

1894 1376 1986 1428 cet
2024 1371 2158 1428 aliis
2184 1376 2367 1444 atque
2396 1371 2529 1427 aliis
2555 1372 2755 1427 modis
2785 1372 2865 1427 ad
2904 1372 3350 1430 conciliandam
3381 1388 3551 1430 acce-

1895 1462 2164 1517 dentium
2197 1461 2455 1531 gratiam
2480 1462 2963 1519 transformetur.

1969 1555 2020 1607 3.
2065 1552 2259 1615 Quare
2308 1555 2372 1606 tu
2419 1566 2665 1624 quoque
2709 1551 2759 1608 si
2813 1551 2989 1624 copia
3035 1551 3309 1609 ciborum
3370 1557 3553 1627 atque

189 1644 316 1713 πρὸς
343 1636 543 1697 ἡδονὴν
571 1640 976 1712 μετασκευάζων
1017 1647 1109 1692 τοῦ
1142 1635 1364 1713 ἀδελφοῦ
1411 1659 1504 1694 σου
1533 1644 1625 1698 την
1655 1642 1784 1714 τρά-

1905 1639 2129 1697 lautitia
2156 1638 2325 1697 fratri
2372 1639 2746 1713 voluptatem
2777 1640 2991 1697 afferre
3021 1640 3247 1709 volens,
3273 1658 3554 1702 mensam

187 1732 368 1796 πεζαν,
423 1737 729 1802 κατηγορεῖς
783 1728 941 1781 αὐτοῦ
990 1724 1317 1800 φιληδονίαν,
1368 1734 1459 1783 καὶ
1511 1734 1789 1803 καταχέεις

183 1819 345 1871 αὐτοῦ
404 1822 826 1892 γαστριμαργίας
877 1815 1051 1877 ὀνείδη
1112 1814 1182 1872 δι’
1239 1820 1306 1870 ὧν
1366 1822 1786 1895 παρασκευάζῃ,

182 1906 416 1980 ἐλέγχων
464 1906 624 1958 αὐτοῦ
668 1911 761 1961 τὴν
809 1911 926 1980 περὶ
968 1915 1135 1959 ταῦτα
1185 1904 1534 1966 ἡδυπάθειαν.
1566 1909 1631 1963 Ἦ
1662 1910 1790 1982 οὐχὶ

177 1996 458 2063 πολλάκις,
503 1999 562 2048 τὸ
612 1991 752 2057 εἶδος
791 1999 874 2047 καὶ
918 1997 1003 2048 τὸν
1059 2001 1247 2072 τρόπον
1308 2005 1403 2060 τῆς
1459 2008 1791 2073 παρασκευῆς

174 2086 559 2160 θεωρήσαντες,
605 2082 979 2157 ἐστοχάσμεθα
1024 2094 1114 2138 τοῦ
1157 2084 1613 2161 προσδοκωμένου,
1648 2091 1790 2153 ὅστις

169 2171 351 2239 ἔστιν,
396 2174 427 2231 ᾗ
475 2175 596 2247 ὅπερ
654 2171 831 2240 ἐστίν;
878 2172 989 2226 Οὐκ
1036 2172 1248 2247 ἐπῄνεσε
1300 2181 1392 2234 τὴν
1452 2180 1668 2250 Μάρθαν
1722 2178 1791 2241 εἰς

165 2261 382 2319 πολλὴν
426 2257 695 2314 διακονίαν
739 2268 1135 2338 περισπωμένην
1163 2264 1273 2336 (68)
1306 2266 1332 2316 ό
1383 2269 1608 2340 Κύριος·
1645 2266 1791 2338 ἀλλά,

164 2357 481 2428 Μεριμνᾲς,
530 2356 619 2404 καὶ
671 2351 930 2427 τνρϐἀζῃ,
990 2359 1139 2426 φησί,
1194 2360 1310 2428 περὶ
1355 2354 1517 2407 πολλοὶ
1547 2377 1558 2389 ·
1607 2356 1791 2429 ὀλίγων

163 2437 229 2495 δέ
288 2439 419 2495 ἔστι
475 2446 656 2515 χρεία,
702 2441 731 2500 ἢ
787 2441 928 2503 ἑνός·
985 2442 1166 2515 ὀλίγων
1225 2446 1332 2517 ριξεν²
1396 2440 1637 2503 δηλονότι
1694 2455 1792 2498 τῶν

160 2534 307 2603 πρὸς
356 2535 743 2604 παρασκευὴν,
795 2531 904 2593 ἑνὸς
958 2526 1015 2584 δὲ
1068 2540 1158 2584 τοῦ
1216 2542 1451 2601 σκοποῦ,
1510 2537 1644 2588 ὥστε
1700 2541 1793 2596 τήν

157 2625 375 2694 χρείαν
441 2618 860 2695 ἓκπληρωθῆναιυ
926 2619 1090 2683 Αὐτός
1153 2617 1214 2674 δέ
1279 2624 1304 2674 ό
1373 2627 1557 2698 Κύριος
1613 2626 1795 2679 ὁποίαν

156 2710 459 2786 παρέθηκε
527 2717 635 2771 τοῖς
682 2709 1133 2783 πεντακισχιλίοις
1182 2717 1376 2785 τροφὴν
1432 2712 1527 2766 οὐκ
1574 2713 1793 2786 ἀγνοεῖς.

170 2806 223 2853 Η
285 2796 353 2853 δε
405 2798 543 2872 εὗχή
598 2818 688 2851 του
740 2797 926 2853 Ἰακὼϐ
976 2802 1106 2874 πρὸς
1160 2803 1247 2853 τόν
1301 2807 1468 2854 Θεόν·
1528 2803 1642 2857 Ἐὰν
1692 2802 1798 2877 δῷς

156 2910 311 2964 μοι,
374 2894 580 2963 φησὶν,
632 2890 787 2964 ἄρτον
846 2897 1062 2962 φαγεῖν,
1118 2896 1208 2943 καὶ
1263 2894 1466 2965 ἱμάτιον
1522 2893 1797 2970 περιϐαλέ-

1898 1734 2065 1786 tuam
2095 1728 2405 1798 immutas,
2427 1729 2557 1799 ejus
2586 1745 2840 1786 accusas
2872 1744 3017 1799 erga
3040 1729 3409 1802 voluptatem
3434 1736 3558 1788 stu-

1897 1819 2087 1889 dium,
2111 1824 2292 1891 atque
2317 1835 2426 1892 per
2450 1835 2521 1875 ea
2549 1836 2688 1892 qure
2712 1820 2983 1889 instruis,
3010 1820 3204 1892 ipsius
3223 1821 3559 1894 exprobras

1899 1909 2127 1981 gulam,
2147 1926 2287 1967 cum
2312 1914 2520 1967 tamen
2548 1910 2823 1980 ejusdem
2844 1909 3004 1968 circa
3020 1910 3152 1968 haec
3178 1910 3555 1984 voluptatem

1896 1999 2250 2068 redarguas.
2280 2004 2499 2055 Annon
2540 2014 2976 2072 saepenumero,
3010 2014 3227 2069 genere
3277 2004 3336 2056 et
3370 2000 3557 2058 modo

1898 2093 2229 2163 apparatus
2250 2087 2662 2157 consideratis,
2684 2088 3162 2160 conjectavimus
3184 2089 3323 2163 quis
3354 2089 3429 2145 sit
3452 2091 3561 2162 qui

1899 2182 2303 2251 exspectetur,
2337 2181 2440 2233 aut
2487 2178 2634 2250 quid
2673 2176 2792 2233 sit?
2823 2179 3224 2250 Nequaquam
3266 2178 3560 2234 Dominus

1898 2267 2171 2325 laudavit
2197 2267 2486 2324 Martham
2507 2267 2567 2322 in
2590 2264 2907 2339 multiplex
2928 2265 3329 2323 ministerium
3350 2266 3563 2325 distra-

1902 2361 2104 2415 ctam:
2139 2355 2267 2423 sed,
2298 2356 2581 2413 Sollicita
2625 2371 2704 2423 es,
2736 2354 2959 2428 inquit,
2985 2361 3041 2412 et
3082 2355 3353 2413 turbaris
3398 2357 3562 2413 circa

1902 2448 2098 2505 multa
2120 2448 2179 2515 5;
2214 2445 2380 2519 atqui
2424 2445 2658 2518 paucis,
2690 2444 2788 2501 vel
2830 2461 2953 2501 uno
2983 2461 3139 2518 opus
3185 2450 3316 2501 est:
3345 2444 3560 2517 paucis

1905 2537 2175 2611 quidem,
2225 2541 2524 2608 quantum
2580 2534 2803 2591 scilicet
2856 2535 2937 2591 ad
2985 2540 3383 2608 apparatum;
3436 2549 3562 2591 uno

1906 2642 2070 2695 vero,
2103 2641 2322 2698 nempe
2352 2624 2471 2680 fine
2496 2624 2653 2697 ipso,
2679 2628 2745 2680 ut
2776 2623 3053 2680 videlicet
3089 2623 3434 2680 necessitati
3459 2623 3565 2680 ﬁat

1908 2717 2071 2772 satis.
2105 2714 2290 2781 Quale
2320 2718 2524 2771 autem
2568 2714 2925 2771 alimentum
2958 2712 3249 2779 Dominus
3275 2713 3405 2787 ipse
3434 2712 3567 2769 mil-

1904 2804 2064 2861 libus
2103 2804 2373 2876 quinque
2415 2803 2787 2876 apposuerit,
2819 2802 2989 2860 haud
3035 2802 3302 2873 ignoras.
3348 2803 3564 2859 Votum

1908 2897 2112 2950 autem
2139 2891 2348 2948 Jacobi
2375 2891 2455 2947 ad
2486 2894 2676 2947 Deum
2714 2892 2831 2949 hoc
2873 2896 3001 2948 est:
3032 2893 3102 2948 Si
3130 2892 3365 2947 dederis
3396 2891 3564 2957 mihi,

161 2982 312 3032 σθαι
342 3022 356 3035 .
413 2977 532 3046 οὐκ,
580 2977 696 3031 Ἐὰν
748 2982 946 3053 τρυφὴν
1005 2975 1111 3050 δῷς
1164 3000 1252 3053 μοι
1306 2987 1395 3039 καὶ
1450 2981 1795 3041 πολυτέλειαν.

1906 2981 2119 3054 inquit,
2145 2996 2366 3051 panem
2397 2980 2479 3035 ad
2504 2981 2949 3047 comedendum,
2975 2985 3029 3035 et
3052 2981 3464 3036 vestimentum
3486 2977 3569 3033 ad

159 3073 233 3121 Τί
290 3065 357 3120 δε
412 3069 443 3119 ὁ
488 3071 787 3140 σοφώτατος
834 3067 1104 3141 Σολομὼν;
1162 3069 1388 3124 Πλοῦτον
1446 3069 1504 3126 δὲ
1561 3078 1650 3127 καὶ
1703 3094 1796 3129 πε-

163 3162 337 3224 νίαν,
402 3160 570 3229 φησί,
633 3162 704 3230 μή
773 3176 865 3230 μοι
932 3153 1071 3228 δῷς·
1144 3160 1391 3224 σύνταξον
1460 3159 1517 3216 δέ
1581 3183 1671 3237 μοι
1737 3167 1800 3217 τὰ

172 3243 421 3317 δέοντα,
474 3252 566 3299 καὶ
607 3247 723 3319 (69)
779 3246 1053 3324 αὐτάρκη,
1116 3250 1198 3301 ἵνα
1251 3256 1323 3324 μὴ
1374 3251 1626 3316 πλησθεὶς
1671 3253 1797 3325 φεν-

179 3332 289 3400 δίες
345 3342 605 3410 γένωμαι,
660 3339 751 3389 καὶ
800 3341 962 3390 εἴπω·
1014 3343 1106 3402 Τίς
1152 3358 1215 3413 με
1263 3341 1400 3416 ὁρᾷς
1447 3343 1475 3401 ἦ
1531 3348 1798 3415 πενόμενος

184 3424 390 3497 dﬂigi,
440 3432 533 3479 καὶ
589 3425 767 3500 ὄμόσω
812 3429 871 3481 τό
919 3431 1080 3502 ὄνομα
1131 3448 1221 3481 του
1272 3437 1403 3483 Θεου
1453 3451 1592 3505 μονο
1648 3432 1803 3486 πλου-

192 3533 279 3566 τσν
475 3511 605 3569 εἶναι
662 3520 757 3575 τὴν
804 3516 1108 3591 πλησμονὴν
1148 3519 1461 3594 ὁριζόμενος,
1515 3540 1692 3575 πενιαν
1743 3520 1801 3577 δὲ

193 3609 289 3661 τὴν
340 3605 569 3665 παντελῆ
621 3603 842 3680 ἀπορίαν
879 3616 979 3660 τῶν
1034 3610 1165 3684 πρὸς
1211 3612 1271 3661 τὸ
1321 3610 1416 3682 ζῇν
1461 3608 1754 3684 ἀναγκαίων
1784 3634 1796 3647 ο

200 3688 294 3744 διὰ
345 3690 407 3748 δε
464 3702 562 3757 τῆς
610 3695 917 3770 αὐταρκείας
960 3700 1076 3770 (70)
1133 3700 1192 3751 τό
1251 3696 1476 3764 ἁνενδεὶς
1534 3702 1663 3775 ὁμου
1714 3709 1801 3757 καὶ

207 3780 477 3859 ἄπεριττον
508 3793 608 3837 τῶν
651 3789 780 3861 πρὸς
818 3791 911 3844 τὴν
939 3790 1128 3863 χρείαν
1160 3784 1351 3847 δηλῶν.
1399 3790 1694 3868 Αὐτάρκεια
1743 3790 1802 3848 δε

208 3869 328 3930 in:
387 3873 525 3946 ἄλλῳ
572 3875 706 3928 κατά
751 3894 804 3928 τε
854 3880 949 3934 τὴν
1001 3896 1091 3929 του
1142 3883 1383 3952 σώματος
1425 3880 1527 3944 ἕξιν
1580 3887 1668 3935 καὶ
1714 3887 1801 3942 τὴν

211 3964 334 4033 πρὸς
382 3968 443 4016 τό
494 3968 826 4040 προκείμενον
868 3970 1074 4042 χρείαν.
1129 3974 1212 4038 Τῷ
1268 3972 1359 4042 μὲν
1415 3973 1515 4044 γὰρ
1578 3972 1802 4034 πλείονος

213 4061 392 4124 τροφῆς
436 4056 525 4106 καὶ
573 4053 913 4130 ἰσχυροτέρας
949 4060 1109 4131 χρεία
1148 4053 1241 4109 διὰ
1281 4061 1368 4110 τόν
1416 4064 1593 4128 κόπον,
1639 4069 1710 4133 τῷ
1744 4059 1802 4115 δε

212 4137 513 4216 λεπτοτέρας
549 4147 640 4196 καὶ
677 4147 1010 4219 κουφοτέρας,
1042 4150 1133 4198 καὶ
1169 4146 1494 4207 καταλλήλον
1534 4152 1598 4203 τὰ
1635 4153 1803 4205 πάντα

219 4223 304 4281 διὰ
340 4238 434 4292 τήν
477 4231 746 4286 ἀσθένειαν
771 4254 783 4266 ·
830 4241 974 4306 κοινῇ
1019 4230 1078 4288 δι
1120 4242 1279 4289 πᾶσιν
1309 4237 1664 4314 εὐτελεστέρας
1711 4246 1801 4295 καὶ

1910 3070 2278 3128 induendum
2300 3072 2321 3104 ⁶
2351 3085 2363 3124 :
2396 3084 2521 3125 non
2569 3067 2737 3137 dixit,
2771 3068 2827 3123 Si
2873 3067 3105 3124 dederis
3134 3065 3283 3122 mihi
3313 3064 3564 3122 delicias

1909 3165 1967 3217 et
2007 3164 2434 3232 sumptuosum
2465 3162 2851 3230 apparatum.
2883 3156 3036 3223 Quid
3074 3170 3218 3212 vero
3246 3153 3566 3227 sapientis-

1910 3250 2099 3307 simus
2132 3247 2417 3306 Salomon
2436 3247 2464 3303 2
2492 3248 2752 3303 Divitias
2782 3252 2838 3303 et
2870 3250 3319 3317 paupertatem,
3346 3243 3564 3318 inquit,

1907 3356 1984 3398 ne
2012 3338 2246 3396 dederis
2269 3336 2458 3393 mihi:
2485 3337 2589 3393 sed
2619 3336 2915 3393 constitue
2950 3336 3103 3391 mihi
3124 3337 3481 3402 necessaria,
3510 3340 3567 3391 et

1907 3430 2298 3500 sufﬁcientia,
2320 3433 2387 3483 ut
2411 3442 2486 3483 ne
2504 3426 2760 3482 satiatus
2786 3425 3051 3481 mendax
3067 3425 3235 3495 ﬁam,
3248 3429 3302 3480 et
3329 3424 3529 3480 dicam
3543 3441 3567 3479 .-

1912 3520 2052 3588 Quis
2079 3532 2171 3575 me
2199 3516 2357 3574 videt
2378 3518 2403 3569 .9
2427 3521 2534 3571 aut
2559 3530 2795 3585 pauper
2820 3515 3018 3584 furer,
3045 3519 3099 3570 et
3119 3515 3325 3583 jurem
3353 3526 3566 3569 nomen

1907 3610 2019 3667 Dei
2054 3608 2204 3664 mei?
2239 3623 2254 3661 :
2284 3605 2369 3661 ita
2407 3604 2737 3671 aestimans,
2770 3602 3004 3660 divitias
3032 3601 3279 3675 quidem
3324 3601 3566 3659 satieta-

1910 3702 2029 3754 tem
2058 3712 2213 3762 esse,
2256 3698 2678 3768 paupertatem
2717 3708 2889 3749 veroo
2908 3691 3230 3765 penuriam
3267 3690 3567 3761 integram

1907 3803 2042 3844 esse
2068 3801 2277 3843 rerum
2306 3783 2586 3841 advitam
2613 3785 3114 3851 necessariarum;
3137 3795 3243 3853 per
3261 3795 3336 3836 ea
3361 3783 3566 3836 autem

1909 3893 2045 3950 quas
2076 3875 2406 3944 sufﬁciunt,
2430 3878 2653 3930 statum
2683 3872 3016 3946 quemdam
3036 3886 3149 3927 nec
3169 3870 3563 3940 indigentem,

1909 3983 2021 4025 nec
2044 3982 2247 4023 rerum
2279 3964 2359 4021 ad
2391 3979 2571 4020 usum
2595 3962 3022 4036 requisitarum
3049 3960 3225 4034 copia
3249 3959 3568 4016 abundan-

1908 4063 2031 4115 tem
2060 4055 2368 4113 indicavit.
2392 4056 2573 4110 Porro
2603 4051 2768 4108 aliud
2797 4051 2897 4109 alii
2919 4050 3145 4108 sutﬁcit
3167 4065 3277 4123 pro
3296 4048 3567 4121 corporis

1908 4146 2288 4217 habitudine,
2314 4148 2374 4202 et
2402 4161 2511 4217 pro
2537 4144 2893 4200 necessitate
2921 4142 3200 4198 instante.
3230 4139 3373 4196 Huic
3402 4139 3567 4196 enim

1910 4256 2067 4314 opus
2113 4243 2205 4295 est
2250 4236 2538 4295 alimento
2584 4233 2860 4290 uberiore
2899 4249 2969 4290 ac
2997 4231 3283 4289 validiore
3320 4234 3568 4303 propter

223 4318 655 4397 εὖποριστοτίρας.
720 4321 801 4376 Ἐν
856 4329 1011 4377 παντὶ
1063 4327 1239 4397 μέντοι
1294 4331 1350 4381 τό
1418 4326 1647 4401 ἐπιμελὲς
1713 4352 1796 4386 και

1908 4330 2221 4390 laborem:
2253 4327 2336 4385 illi
2369 4342 2532 4391 vero,
2567 4324 2835 4382 tenuiore
2863 4322 3227 4395 levioreque,
3258 4327 3316 4378 et
3342 4320 3406 4377 in
3434 4337 3566 4378 om-

224 4412 275 4462 τό
322 4413 631 4488 εὐτράπεζον
676 4412 789 4486 (71)
840 4411 1140 4488 ἀναγκαῖον,
1189 4414 1446 4491 μηδαμοῦ
1493 4419 1615 4482 τούς
1651 4422 1796 4497 ὄρους

1912 4421 2092 4480 nibus
2112 4420 2504 4491 congruente,
2523 4418 2770 4489 propter
2789 4412 3203 4471 inﬁrmitatem
3227 4429 3241 4469 :
3264 4411 3371 4470 sed
3393 4426 3574 4484 gene-

288 4555 309 4589 ⁸
341 4556 467 4613 Cor.
508 4571 569 4624 κ,
608 4560 700 4613 31.
776 4557 800 4593 ⁸
838 4558 979 4615 Luc.
1018 4573 1076 4628 x,
1117 4560 1209 4633 41,
1251 4562 1339 4618 42.

285 4700 390 4770 (65)
416 4700 624 4783 βάὶιίο
653 4698 830 4783 Basil.
860 4715 1033 4773 aeque
1062 4716 1154 4783 ‘ac
1172 4702 1369 4783 faris.
1392 4709 1658 4783 ἕρίνομεν,
1688 4726 1805 4783 κρισ-

224 4770 430 4853 νόμενοιὶ
456 4770 1148 4853 σχηματισμένωςξῐζιᾳΙθ.-
1162 4772 1363 4853 ,Εάίῐίο
1392 4770 1534 4853 Yen.
1549 4770 1806 4852 ’κρίνομεν

224 4839 432 4925 ξορρ..
456 4839 623 4925 Regii
669 4839 906 4925 primus
927 4848 1002 4925 et
1042 4844 1268 4925 tertius
1290 4852 1356 4903 ut
1401 4847 1464 4902 in
1503 4839 1807 4906 contextu.

223 4913 472 4972 subide
497 4913 687 4971 codex
713 4914 891 4995 Colb._
912 4913 1077 4976 ἄλλως
1104 4924 1177 4988 τῷ
1207 4914 1309 4989 βίῳ
1338 4936 1591 4996 μεταμορ.

284 4990 391 5043 (66)
432 4986 676 5043 Veteres
706 4986 829 5041 duo
856 4985 991 5041 libri
1018 4986 1188 5039 πολλῶ
1215 4991 1452 5043 αἵσγιον.

1149 5008 1188 5038 ω

284 4990 391 5057 (66)
432 4990 676 5043 Veteres
706 4990 829 5041 duo
856 4990 991 5041 libri
1018 4990 1188 5058 πολλῷ
1215 4990 1478 5061 αἴσχιονμ
1540 4990 1550 4996 ’

433 5060 572 5136 lleg.
606 5058 841 5136 primus
866 5056 1286 5136 ἐντνγχανόντων
1310 5060 1811 5136 μεταλλασσόμενος.

283 5130 388 5199 (68)
432 5132 575 5200 Reg.
605 5130 840 5200 primus
868 5134 927 5185 et
958 5130 1123 5187 Voss.
1152 5135 1212 5187 et
1244 5130 1410 5189 Cdlb.
1439 5134 1509 5195 εἰς
1535 5130 1698 5188 πολλὰ
1726 5155 1811 5188 πε-

219 5205 559 5278 ρισπυμένην.
593 5206 842 5278 A_uctor,
869 5200 1230 5278 quicunque
1256 5203 1350 5259 ille
1388 5205 1518 5278 fuit,
1550 5207 1665 5278 qui
1685 5207 1813 5262 haec

220 5271 468 5351 scripsit,
494 5274 581 5351 ita
625 5271 846 5351 insuis
877 5271 1082 5351 Bibliis
1118 5271 1336 5351 legisse
1363 5271 1598 5351 videtur
1627 5277 1813 5351 ᾇλίγων

218 5341 271 5397 δέ
291 5341 403 5396 seu
421 5348 604 5417 χρεία,
630 5343 659 5401 ἡ
686 5342 827 5427 ἑνόςς
852 5344 1021 5426 quod
1042 5341 1372 5428 permirum
1394 5347 1585 5428 videri
1612 5341 1810 5415 debet,

215 5432 347 5490 cum
393 5430 711 5490 nusquam
740 5419 869 5486 ejus
899 5419 1231 5490 scripturas,
1260 5419 1431 5490 quod
1465 5419 1679 5486 sciam,
1711 5435 1814 5474 ve-

214 5488 455 5559 stigium
482 5487 681 5544 ullum
710 5490 922 5545 exstet.
963 5487 1188 5546 Eadem
1215 5487 1499 5561 leguntur
1520 5505 1660 5562 pag.
1688 5495 1809 5547 263.
1854 5506 1867 5515 ν

1419 4562 1442 4599 ⁸
1482 4563 1626 4620 Gen.
1664 4580 1859 4635 xxviii,
1898 4569 1990 4625 20.
2064 4564 2086 4600 "
2126 4564 2307 4620 Prov.
2343 4576 2479 4629 xxx,
2522 4563 2578 4631 8,
2620 4564 2672 4617 9.

1912 4709 2060 4765 nota
2090 4704 2147 4763 b.
2167 4702 2308 4776 (col.
2334 4706 2462 4771 759,
2492 4706 2638 4759 nota
2655 4703 2749 4771 84)
2779 4704 2911 4758 Mox
2941 4701 3132 4759 codex
3154 4703 3320 4757 Voss.
3347 4704 3406 4756 et
3425 4702 3569 4768 Reg.

1913 4777 2902 4855 ρτὶωιιειπρδίπάσαν,παρασκεγήνε
2980 4844 2992 4855 .
3083 4843 3098 4855 .
3337 4840 3348 4850 .

1916 4838 1973 4978 ὲ.
1988 4851 2097 4921 (69)
2136 4838 2424 4904 Vo-culam
2448 4850 2540 4898 καί
2568 4838 2641 4902 ex
2672 4845 2937 4919 antiquis
2957 4843 3196 4899 duobus
3216 4840 3382 4897 libris
3402 4838 3572 4896 addi-

1960 4937 2138 4979 Imus.
3064 4944 3079 4955 .

1961 4996 2103 5120 aS70)
2145 4989 2315 5056 Illud,
2350 4986 2443 5042 διὰ
2473 4985 2533 5041 δι
2562 4998 2622 5047 τῆ
2635 5009 2678 5057 ς,
2710 4993 2845 5057 etc.,
2871 4986 2955 5041 sic
2997 4982 3313 5066 intelligas.
3342 4980 3519 5036 velim
3551 4996 3564 5034 :

1921 5065 1957 5120 S
2021 5078 2203 5119 omon
2231 5061 2325 5117 his
2354 5060 2553 5115 verbis
2595 5074 2791 5120 neque
2824 5056 3093 5120 inopiam
3122 5054 3420 5120 stgmhcat
3459 5066 3569 5106 ne-

1921 5070 2203 5120 Salomon
2231 5070 2325 5117 his
2354 5070 2553 5115 verbis
2595 5074 2791 5129 neque
2824 5071 3093 5128 inopiam
3122 5070 3420 5123 stgmncat
3459 5070 3569 5106 ne-

1918 5151 2038 5207 que
2083 5149 2287 5207 rerum
2337 5130 2837 5207 necessariarum
2868 5127 3142 5207 copiam;
3179 5123 3296 5207 sed
3350 5127 3571 5207 statum

1920 5194 2590 5286 quemdaquuiinter
2617 5194 3028 5286 egestatem—ct
3053 5194 3293 5286 copiam
3335 5194 3574 5286 margins

1922 5267 2014 5338 sit,
2034 5267 2581 5363 psienditflbidem
2603 5267 2725 5325 duo
2756 5285 2904 5324 mss.
2931 5268 3065 5319 κατά
3089 5285 3143 5319 τε
3168 5269 3262 5324 τὴν
3288 5274 3399 5322 τοῦ,
3426 5267 3575 5324 Editi

1922 5365 2296 5489 καῖ’ῗίῖηὲδὶίὶ
2324 5419 2412 5468 καὶ
2441 5412 2775 5487 εὐτράπεζον.
2796 5415 2868 5468 At
2890 5426 3036 5467 mss.
3069 5410 3191 5469 duo
3222 5415 3311 5466 καὶ
3340 5414 3398 5467 τὸ
3431 5411 3571 5489 εὐτρ.
