4082 6178
650 250 753 302 975

2025 234 2083 290 S.
2123 232 2376 289 BASILII
2416 233 2634 289 HAGNI

3854 236 3939 291 οἶδ

646 368 826 428 ratim
876 381 1032 439 opus
1082 364 1172 419 est
1214 358 1499 418 omnibus
1546 356 1756 414 viliore
1799 360 1855 412 et
1895 359 2112 429 paratu
2159 355 2301 413 faci-

2410 357 2552 429 ἠμῶν
2596 364 2690 417 τῆς
2735 360 2924 431 χρείας
2973 354 3383 431 ύπερϐαινόντων
3408 376 3422 389 ·
3480 355 3602 408 ἀλλὰ
3655 364 3789 410 τοῦτο
3838 361 3940 410 ἔστω

645 460 815 517 liore.
858 462 1132 513 Attamen
1175 466 1322 507 cura
1350 447 1709 521 etquasdam
1759 464 1989 503 mensa:
2028 446 2301 503 decentia

649 545 995 606 necessaria
1015 547 1106 599 est
1125 542 1186 597 in
1216 538 1524 607 omnibus,
1552 537 1659 594 sed
1685 538 1770 594 ita
1794 543 2017 607 tamen,
2041 541 2109 593 ut
2131 541 2302 592 extra

648 634 1031 711 praescriptos
1062 629 1237 686 nobis
1267 626 1640 683 necessitatis
1675 627 1962 683 terminos
1983 641 2302 698 nunquam

648 724 1066 798 egrediamur;
1099 720 1220 775 imo
1247 733 1391 774 vero
1419 716 1844 789 hospitalitatis
1868 717 1917 772 is
1942 716 2083 771 ﬁnis
2113 715 2212 779 sit,
2238 717 2304 770 ut

650 818 952 888 spectetur
979 808 1148 882 quod
1186 802 1514 863 necessitas
1543 806 1839 878 cujusque
1882 803 2301 861 accedentium

646 900 929 976 postulat.
970 898 1063 954 Ait
1097 896 1297 953 enim:
1337 896 1535 951 Veluti
1571 901 1802 951 utentes
1831 894 2053 950 mundo
2086 893 2219 961 hoc,
2246 897 2303 948 et

646 1007 769 1047 non
794 990 1106 1046 abutentes
1128 988 1172 1041 ⁸.
1204 984 1445 1041 Abusus
1475 987 1678 1039 autem
1716 987 1995 1055 sumptus
2027 987 2118 1039 est
2147 981 2304 1038 ultra

646 1077 1094 1135 necessitatem.
1143 1077 1270 1130 Non
1303 1077 1443 1128 sunt
1473 1071 1649 1128 nobis
1678 1071 1992 1144 pecuniae?
2023 1073 2138 1127 Nec
2163 1069 2302 1125 sint.

647 1171 775 1226 Non
802 1171 939 1223 sunt
964 1165 1180 1221 referta
1209 1167 1422 1219 nostra
1450 1162 1666 1218 horrea
1686 1162 1714 1217 ?
1744 1160 1897 1227 Quid
1929 1162 2103 1217 tum?
2142 1159 2303 1216 Vivi-

648 1275 787 1316 mus
819 1256 979 1313 enim
1015 1256 1073 1310 in
1112 1254 1294 1319 diem,
1325 1258 1381 1310 et
1417 1252 1478 1307 in
1504 1251 1714 1308 labore
1744 1250 1977 1323 positus
2007 1249 2185 1307 nobis
2214 1252 2306 1306 est

649 1347 861 1402 victus.
891 1344 1008 1399 Cur
1030 1343 1209 1412 igitur
1232 1357 1438 1399 escam
1463 1357 1499 1395 a
1530 1343 1650 1396 Deo
1669 1339 2070 1396 esurientibus
2095 1338 2304 1395 datam

2403 453 2493 505 τῆς
2531 442 2817 508 δεξιώσεως
2863 449 3045 519 πέρας,
3089 449 3146 497 τό
3198 446 3344 519 παρὰ
3395 453 3483 506 τῆς
3536 441 3739 498 ἱκοίστου
3784 451 3938 520 χρείας

2404 543 2504 586 τῶν
2551 531 2945 607 ἐπιδημούντων
2988 533 3410 607 ἐπιζητούμενον.
3445 534 3526 595 Ὠς
3568 540 3807 607 χρώμενοι
3838 538 3941 609 γὰρ,

2406 628 2557 697 φησὶ,
2614 632 2686 695 τῷ
2734 628 2916 697 κόσμῳ
2942 626 3127 696 τούτῳ,
3158 629 3248 676 καὶ
3303 628 3375 696 μὴ
3428 630 3805 697 παραχρώμενοι
3837 628 3943 693 (72).

2408 715 2762 788 Παράχρησις
2820 709 2881 766 δέ
2932 712 3071 766 ἐστιν
3125 714 3155 772 ἡ
3207 715 3337 786 ύπὶρ
3388 717 3480 772 τήν
3525 718 3699 788 χρείαν
3749 710 3941 771 δαπάνη.

2408 801 2520 855 Ούκ
2569 805 2757 875 ἔχομεν
2805 806 3099 877 χρήματα;
3149 799 3289 875 μηδὲ
3340 805 3563 875 ἔχοιμεν.
3616 802 3685 853 Ού
3736 804 3940 874 γέμουσιν

2408 892 2556 962 ἡμῶν
2603 893 2659 942 αἱ
2707 890 3008 957 ἀποθῆκαι;
3041 891 3324 965 Ἐφήμερος
3359 892 3457 964 γὰρ
3490 894 3601 952 (73l
3636 892 3751 963 ἡμῖν
3792 892 3818 948 ἡ
3858 909 3944 963 τροο

2409 983 2476 1052 φή
2505 1000 2518 1013 ο
2567 976 2662 1032 διὰ
2709 988 2904 1055 χειρῶν
2950 979 2977 1032 ό
3026 979 3160 1053 βίος.
3192 985 3256 1033 Ti
3294 976 3382 1032 οὖν
3417 983 3511 1037 τὴν
3543 976 3805 1051 δεδομένην
3829 982 3940 1052 παρὰ

2410 1075 2545 1121 Θεοῦ
2605 1074 2797 1143 τροφὴν
2861 1075 2964 1130 τοῖς
3019 1077 3264 1122 πεινῶσιν
3316 1068 3390 1130 εἰς
3453 1065 3638 1131 ἡδονὰς
3692 1074 3941 1141 τρυφώντων

2408 1157 2905 1233 παραναλίσκομενς
2985 1156 3344 1232 ἀμφοτέρωθεν
3419 1157 3813 1231 ἁμαρτάνοντες,
3875 1160 3941 1208 καὶ

2408 1248 2609 1307 τούτοις
2677 1245 3006 1307 ἐπιτείνοντες
3071 1249 3167 1309 τὰς
3229 1246 3287 1299 ἐκ
3351 1254 3442 1307 τῆς
3505 1243 3693 1307 ἐνδείας
3756 1244 3940 1317 θλίψεις,

2408 1335 2661 1396 κοίκείνοις
2699 1338 2794 1397 τὰς
2832 1334 3034 1408 βλάϐας
3071 1338 3166 1396 τὰς
3203 1334 3258 1387 ἐκ
3297 1343 3389 1389 τοῦ
3427 1340 3603 1411 κόρου.

648 1434 728 1491 ad
757 1433 1156 1490 delicatorum
1183 1430 1557 1502 voluptatem
1611 1428 1954 1485 insuminus
1972 1429 2001 1485 ?
2030 1427 2093 1485 in
2136 1442 2260 1500 quo
2297 1440 2626 1500 peccamus
2654 1424 2956 1499 utrinque,
2980 1442 3121 1483 cum
3150 1430 3209 1483 et
3236 1425 3353 1483 illis
3373 1425 3646 1497 egestatis
3672 1423 3944 1495 angustias,

651 1528 709 1580 et
736 1522 830 1579 his
861 1520 1152 1578 satietatis
1179 1518 1574 1576 incommoda
1601 1532 1962 1589 augeamus.

1008 1628 1186 1700 366
1239 1626 1767 1683 INTERROGATIO
1817 1627 1947 1682 XXI.

654 1728 957 1797 Quomodo
981 1732 1251 1796 oporteat
1276 1741 1338 1783 se
1360 1740 1570 1797 gerere
1596 1725 1758 1781 inter
1775 1724 2099 1797 sedendum
2122 1729 2178 1781 et
2207 1738 2307 1781 ac-

760 1799 1155 1857 eumbendum
1182 1800 1247 1855 in
1283 1796 1544 1868 tempore
1582 1796 1836 1867 prandii
1857 1801 1963 1853 aut
1989 1810 2196 1853 orente.

1281 1905 1666 1962 BESPONSIO
1681 1948 1694 1961 .

728 2002 1237 2078 Quandoquidem
1260 2002 1497 2060 Domini
1520 2018 1632 2059 nos
1655 2001 1881 2075 ubique
1912 2002 1992 2059 ad
2011 1999 2312 2058 humilita-

654 2101 779 2153 tem
805 2093 1256 2152 assuefacientis
1276 2096 1647 2166 prmceptum
1668 2097 1775 2160 est,
1794 2097 1859 2149 ut
1880 2097 1937 2148 et
1954 2092 2016 2148 in
2036 2089 2309 2164 prandiis

657 2183 1087 2241 accumbentes
1115 2186 1491 2254 postremum
1517 2181 1722 2237 locum
1748 2196 2118 2253 occupemus
2134 2183 2181 2251 ’,
2206 2195 2311 2235 ne-

658 2289 825 2329 cesse
850 2275 940 2327 est
963 2271 1039 2341 ei,
1070 2270 1174 2342 qui
1203 2269 1410 2326 omnia
1434 2271 1608 2340 juxta
1633 2270 1993 2326 mandatum
2020 2280 2311 2342 peragere

659 2360 879 2426 studet,
941 2374 1015 2414 ne
1073 2359 1189 2414 hoc
1242 2358 1491 2431 quidem
1548 2364 1919 2431 praeceptum
1982 2358 2307 2429 negligere.

659 2448 1069 2515 Quamobrem
1099 2447 1149 2502 si
1173 2446 1471 2502 mundani
1500 2445 1686 2520 aliqui
1724 2446 2045 2503 nobiscum
2075 2463 2312 2503 accum-

658 2539 828 2605 bant,
860 2537 991 2593 ﬁeri
1021 2551 1134 2592 nos
1172 2536 1259 2592 eis
1301 2535 1363 2591 in
1393 2536 1508 2592 hac
1538 2536 1718 2592 etiam
1750 2541 1922 2608 parte
1965 2535 2310 2608 exemplum

656 2642 772 2700 par
799 2630 910 2694 est,
945 2630 1010 2682 ut
1034 2640 1158 2681 non
1184 2623 1567 2684 extollantur.
1592 2640 1788 2698 neque
1807 2623 2073 2698 primam
2104 2623 2311 2680 sedem

657 2714 1033 2788 perquirant.
1065 2717 1214 2770 Cum
1259 2717 1462 2769 autem
1501 2728 1714 2769 omnes
1768 2714 1901 2787 pari
1951 2713 2203 2770 consilio
2249 2712 2313 2770 in

657 2818 852 2859 unum
900 2807 1136 2869 coeant,
1169 2807 1234 2858 ut
1272 2801 1544 2858 videlicet
1572 2802 1791 2875 quavis
1832 2803 2155 2860 occasione
2204 2802 2314 2859 ali-

659 2891 829 2965 quod
852 2908 992 2947 ‘sua:
1023 2890 1379 2947 humilitatis
1415 2890 1725 2964 specimen
1764 2891 1930 2964 dent,
1951 2892 2155 2949 locum
2184 2891 2315 2966 qui-

2978 1627 3293 1678 ΕΡΩΤΗΣῙΣ
3333 1622 3457 1678 KA'.

2423 1728 2540 1785 Πῶς
2578 1717 2661 1775 δεῖ
2686 1726 2804 1797 περὶ
2834 1723 2929 1784 τὰς
2949 1719 3220 1798 καθέδρας
3257 1727 3347 1798 καὶ
3377 1724 3473 1783 τὰς
3501 1719 3804 1798 κατακλίσεις
3828 1717 3867 1770 ἐν
3892 1724 3943 1787 τῷ

2612 1791 2779 1869 καιρῷ
2808 1801 2909 1846 τῶν
2940 1791 3170 1868 ἀρίστων
3199 1796 3229 1855 ἦ
3264 1791 3489 1847 δείπνων
3517 1796 3651 1866 ἐχειν
3677 1794 3799 1863 (γε).

3028 1907 3404 1958 ΑΠΟΚΡῙΣῙΣ.

2494 1996 2706 2059 Ἐπειδὴ
2765 2003 3080 2075 πρόσταγμα
3135 2002 3247 2054 ἐστι
3306 2007 3500 2077 Κυρίου
3560 2006 3810 2073 πανταχοῦ
3855 1999 3944 2072 πρὸς

2419 2095 2513 2149 τὴν
2555 2094 2862 2144 ταπείνωσιν
2918 2090 3180 2154 ἐθίζοντος
3220 2093 3360 2165 ἡμᾶς
3407 2096 3468 2145 τὸ
3506 2097 3593 2145 καὶ
3630 2092 3677 2144 ἐν
3727 2096 3821 2152 τοῖς
3860 2084 3945 2159 ειρὶ-

2422 2197 2566 2242 στοις
2618 2178 3077 2253 κατακλινομένους
3118 2182 3204 2232 τόν
3261 2182 3496 2253 ἔσχατον
3545 2185 3691 2233 τόπον
3737 2194 3943 2251 προκατι-

2420 2267 2697 2342 λαμϐοὲνειν
2721 2309 2734 2334 ,
2796 2267 2995 2342 ἀνάγκη
3054 2272 3140 2322 τόν
3198 2271 3367 2322 πάντα
3431 2270 3544 2323 κατ’
3602 2268 3786 2327 ἐντολὴν
3826 2269 3944 2318 ποιεῖν

2421 2354 2791 2412 ἐσπουδακότα
2817 2356 2958 2433 μηδε
2997 2368 3150 2412 τοῦτο
3193 2367 3436 2436 παρορᾲν
3460 2364 3518 2413 τό
3556 2365 3853 2436 πρόσταγμα.
3879 2352 3943 2405 Ἀν

2419 2451 2511 2521 μὶν
2558 2443 2646 2500 οὖν
2693 2452 2943 2521 κοσμικοί
2988 2467 3119 2511 τινες
3168 2451 3291 2522 ἡμῖν
3342 2444 3946 2523 συγκατακλίνωνταιίῖὄ),

2421 2533 2723 2610 ὑπόδειγμα
2773 2536 2953 2599 αὐτοῖς
2997 2541 3128 2611 πρὸς
3182 2542 3242 2590 τό
3292 2543 3366 2611 μὴ
3431 2538 3792 2614 ύπεραίρεσῦαι,
3840 2526 3949 2603 μπδέ

2422 2628 2481 2678 τό
2531 2625 2849 2699 φιλόπρωτον
2894 2624 3175 2692 ἐπιζητεῖν,
3221 2632 3312 2679 καὶ
3361 2625 3418 2679 ἐκ
3474 2630 3651 2681 τούτου
3699 2632 3775 2677 τού
3808 2622 3950 2694 μέρους

2420 2715 2661 2785 γίνεσθαι
2703 2716 2841 2787 ἡμᾶς
2889 2719 3166 2788 προσήκει.
3197 2714 3368 2768 Ὀπου
3418 2713 3476 2770 δε
3516 2720 3690 2776 πάντες
3734 2711 3847 2764 κατὰ
3886 2710 3950 2757 τὸν

2422 2805 2538 2856 ἴσον
2593 2807 2787 2856 σκοπόν
2833 2807 3197 2879 συνέρχονται,
3241 2807 3378 2858 ὥστε
3433 2804 3481 2858 ἐν
3533 2810 3678 2859 παντὶ
3715 2807 3854 2876 καιρῷ
3882 2800 3949 2851 τὴν

2426 2887 2652 2965 δοκιμὴν
2695 2901 2790 2953 τῆς
2829 2895 3302 2965 ταπεινοφροσύνης
3333 2893 3532 2946 ἑαυτῶν
3563 2889 3756 2946 διδόναι
3780 2886 3888 2959 (76),
3908 2886 3949 2933 τὸ

658 2981 801 3037 dem
840 2980 1119 3037 ultimum
1160 2998 1233 3037 ex
1268 2982 1500 3037 Domini
1534 2982 1826 3038 mandato
1856 2998 2157 3056 occupare
2184 2983 2306 3040 uni-

2424 2985 2515 3055 μὶν
2561 2981 3073 3055 προκαταλαμϐάνειν
3120 2986 3209 3035 τόν
3254 2986 3489 3056 ἔσχατον
3544 2988 3688 3036 τόπον
3734 2980 3848 3033 κατὰ
3882 2977 3949 3029 τόν

660 3070 878 3142 cuique
901 3069 1218 3125 convenit:
1245 3069 1350 3125 sed
1374 3076 1579 3126 tamen
1620 3071 1669 3129 si
1707 3071 1785 3127 ad
1821 3087 1961 3128 eum
1984 3072 2313 3129 tenendum

659 3158 1067 3215 contentiosus
1092 3157 1257 3214 fieret
1276 3157 1593 3231 impulsus,
1609 3160 1911 3229 ejusmodi
1928 3161 2147 3234 agendi
2163 3161 2315 3218 ratio

659 3247 1069 3319 improbanda
1088 3251 1263 3311 esset,
1282 3252 1575 3321 tanquam
1605 3265 1742 3322 quae
1764 3255 1991 3306 avertat
2015 3250 2313 3320 ordinem,

659 3336 1113 3409 tumultumque
1137 3336 1370 3394 afferat.
1396 3339 1683 3394 Praeterea
1709 3340 1759 3395 si
1780 3339 1929 3396 alter
1949 3340 2116 3396 alteri
2144 3341 2317 3397 cede-

662 3441 727 3481 re
747 3425 1053 3491 nolumus,
1077 3430 1257 3499 atque
1282 3426 1357 3483 de
1382 3428 1497 3484 hoc
1519 3443 1892 3501 pugnamus,
1915 3430 1997 3485 ita
2017 3429 2087 3485 iis
2111 3429 2217 3503 qui
2238 3430 2313 3487 de

658 3516 933 3589 principe
970 3514 1105 3571 loco
1145 3520 1397 3585 certant,
1416 3516 1640 3572 similes
1661 3516 2013 3574 efﬁciemur.
2033 3519 2225 3584 Quare
2257 3523 2316 3576 et

656 3603 756 3660 hic
780 3619 1027 3677 quoque
1064 3607 1393 3677 prudenter
1435 3611 1868 3676 cognoscentes
1908 3612 2311 3681 eurantesque

656 3692 824 3766 quod
854 3692 1030 3749 nobis
1060 3694 1349 3749 decorum
1375 3694 1569 3763 fuerit,
1594 3694 2007 3751 accubationis
2034 3695 2311 3752 ordinem

657 3782 999 3855 permittere
1024 3782 1321 3839 debemus
1348 3783 1701 3855 excipientis
1722 3784 1987 3852 arbitrio,
2021 3785 2311 3858 quemad-

656 3870 913 3926 modum
946 3870 1304 3926 submonuit
1347 3876 1403 3927 et
1448 3873 1757 3941 Dominus,
1785 3888 1924 3929 cum
1953 3872 2104 3930 dixit
2130 3874 2307 3947 perti-

655 3975 796 4016 nere
826 3959 907 4015 ad
952 3960 1446 4032 patremfamilias
1492 3961 1785 4018 harumce
1815 3978 2017 4019 rerum
2047 3963 2309 4037 disposi-

654 4049 883 4105 tionem
903 4050 968 4105 ιο.
1007 4049 1098 4104 Sic
1141 4048 1303 4105 enim
1331 4054 1387 4106 et
1419 4065 1531 4106 nos
1560 4050 1819 4106 invicem
1846 4052 2217 4125 perferemus
2247 4053 2309 4110 in

653 4137 992 4207 dilectione,
1026 4139 1277 4194 honeste
1306 4139 1514 4195 omnia
1560 4146 1617 4196 et
1661 4140 1997 4197 secundum
2028 4142 2308 4200 ordinem

654 4226 947 4282 facientes
981 4243 995 4282 :
1038 4232 1094 4283 et
1123 4226 1273 4283 illud
1303 4227 1879 4299 demonstrabimus,
1912 4246 2025 4286 nos
2055 4246 2181 4287 non
2228 4231 2308 4288 ad

2426 3069 2626 3129 ἕντολήν
2674 3078 2767 3123 τοῦ
2819 3078 3013 3147 Κύριον
3074 3072 3279 3145 ἑκάστῳ
3327 3071 3599 3127 ἐπιϐάλλον
3626 3094 3639 3106 ·
3692 3075 3743 3124 τό
3789 3086 3838 3139 γε
3876 3067 3950 3136 μὴν

2423 3159 2577 3213 πάλιν
2626 3159 2920 3231 φιλονείκως
2958 3166 3073 3236 περὶ
3128 3170 3311 3215 τοῦτον
3344 3164 3687 3215 συνωθεῖσθαι
3734 3153 3947 3226 ἀδόκιμον,

2425 3252 2494 3310 ὡς
2548 3247 2869 3322 ἀναιρετικὸν
2934 3260 3024 3311 τῆς
3088 3250 3332 3314 εὐταξίας
3397 3258 3486 3305 καὶ
3553 3248 3757 3324 θορύϐου
3810 3246 3949 3297 αἴτιον.

2427 3343 2528 3391 Καὶ
2575 3342 2634 3389 τό
2683 3340 2814 3412 πρὸς
2871 3337 3121 3402 ἀλλήλους
3169 3336 3229 3393 δὲ
3283 3338 3569 3403 ἁνενὸότως
3629 3342 3772 3411 ἔχειν,
3818 3336 3887 3385 καὶ
3927 3327 3946 3382 ἦ

2424 3432 2543 3499 περὶ
2590 3428 2777 3479 "iam!
2824 3430 3002 3500 μάχη,
3045 3430 3259 3502 ὁμοίους
3303 3431 3451 3503 ἡμᾶς
3487 3432 3689 3489 ποιήσει
3731 3431 3823 3485 τοῖς
3867 3419 3949 3489 περὶ

2423 3521 2684 3590 πρωτείων
2742 3516 3108 3588 φιλονεικοῦσι.
3162 3523 3347 3593 Διόπερ
3383 3526 3494 3595 χρή
3536 3524 3624 3572 καὶ
3669 3513 3872 3575 ἐνταῦθα,
3908 3523 3947 3555 το

2423 3614 2616 3683 πρέπον
2669 3605 2794 3681 ἡμῖν
2836 3612 3276 3682 περιεσκεμμένως
3327 3610 3673 3686 γνωρίζοντας
3714 3608 3794 3657 καὶ
3834 3614 3950 3651 σπθυ⁸

2425 3695 2699 3767 δάζοντας,
2749 3698 3031 3773 ἐπιτρέπειν
3091 3705 3163 3768 τῷ
3217 3693 3597 3773 ὑποδεχομένῳ
3627 3701 3710 3748 καὶ
3759 3696 3837 3749 τὴν
3888 3691 3950 3740 τῆς

2419 3788 2773 3850 κατακλίσεως
2814 3787 2980 3851 τοίξιν,
3028 3787 3167 3839 καθὰ
3207 3791 3294 3839 καὶ
3337 3789 3367 3840 ὀ
3422 3791 3611 3862 Κύριος
3655 3784 3951 3862 ὑπέθηκεν

2419 3874 2767 3952 οἰκοδεσπότῄ
2818 3880 3103 3950 προσήκειν
3157 3875 3310 3928 εἰπὼν
3361 3882 3455 3937 τὴν
3503 3881 3617 3950 περὶ
3662 3876 3830 3926 τούτων
3868 3859 3952 3915 διαο

2417 3973 2601 4041 ταγήν.
2648 3968 2801 4021 Ούτω
2830 3969 2931 4041 γὰρ
2981 3972 3071 4019 καὶ
3119 3964 3405 4039 ἀνεξόμεθα
3462 3964 3683 4023 ἀλλήλων
3720 3960 3763 4013 ἐν
3797 3955 3950 4027 ἀνθέπῇ

2417 4061 2588 4111 πάντα
2639 4057 2986 4130 ἀσχημόνως
3038 4061 3129 4109 καὶ
3185 4059 3321 4109 κατὰ
3375 4057 3523 4120 τάξιν
3572 4060 3842 4110 ποιούντεςο
3888 4058 3951 4130 καί

2417 4147 2476 4199 ού
2518 4150 2652 4220 πρός
2699 4142 2914 4209 ἐνδειξιν
2953 4152 3052 4197 τῶν
3100 4145 3320 4217 πολλῶν,
3354 4150 3473 4198 οὔτε
3512 4126 3953 4220 δημοκοπικῶςΑΠἾ)

2416 4240 2509 4295 τὴν
2564 4237 3037 4309 ταπεινοφροσύνην
3090 4230 3417 4292 ἐπιτηδεύειν
3467 4231 3559 4287 διὰ
3608 4239 3695 4293 τῆς
3738 4217 3954 4279 ἁνενδότον

652 4314 997 4372 faciendam
1026 4331 1233 4373 coram
1259 4316 1461 4373 multis
1486 4318 1980 4391 ostentationem,
2006 4336 2204 4394 neque
2227 4320 2306 4379 ad

2414 4329 2504 4377 καὶ
2552 4320 2788 4397 σφοδρᾷς
2818 4322 3111 4396 ἀντιλογίας
3142 4319 3378 4397 δείξομεν
3403 4345 3417 4358 ·
3449 4321 3643 4399 μᾶλλον
3688 4314 3742 4371 δέ
3786 4310 3863 4365 διὰ
3884 4313 3950 4399 τῆς

651 4404 1011 4475 popularem
1033 4406 1288 4475 gratiam
1306 4406 1742 4465 demerendam
1761 4408 2161 4467 humilitatem
2179 4427 2306 4468 sec-

649 4492 783 4557 tari,
810 4507 883 4547 ex
908 4492 1232 4561 obstinata,
1250 4511 1321 4552 ac
1350 4496 1688 4553 vehementi
1714 4499 2095 4556 contentione
2119 4516 2132 4554 :
2155 4501 2305 4575 quin

647 4579 850 4652 potuis
897 4580 1379 4655 obtemperando
1427 4585 1847 4644 exercebimus
1876 4588 2300 4649 humilitatem.

648 4669 934 4726 Altercari
953 4671 1113 4727 enim
1130 4673 1330 4743 majus
1350 4678 1440 4731 est
1456 4675 1757 4747 superbia:
1780 4676 2097 4745 indicium,
2113 4697 2302 4754 quam

645 4758 901 4832 primam
955 4759 1164 4817 sedem
1213 4760 1369 4819 inter
1393 4764 1884 4824 accumbendum
1913 4772 2136 4839 tenere,
2166 4785 2305 4829 cum

637 4847 798 4919 jussi
829 4864 962 4906 eam
996 4850 1435 4924 acceperimus.

716 4975 738 5011 ⁸
779 4976 800 5030 l
841 4978 974 5034 Cor.
1013 4993 1114 5046 vn,
1154 4982 1241 5035 3t.
1322 4981 1343 5015 ο
1386 4979 1526 5035 Luc.
1575 4996 1688 5046 nx,
1735 4985 1820 5039 10.
1900 4985 1946 5020 ¹⁰
1984 4985 2130 5045 ibid.

710 5104 825 5182 {72)
866 5102 1175 5188 Regiiduo
1203 5121 1348 5188 mss.
1376 5122 1516 5188 cum
1538 5106 1703 5165 Colb.
1735 5114 1808 5180 μὴ
1842 5120 2291 5188 καταχρώμενοι..

641 5171 812 5261 Alius
846 5171 973 5261 ins."
996 5177 1216 5261 Regius
1247 5181 1304 5233 et
1332 5177 1630 5261 editiones
1661 5171 1891 5261 veteres
1934 5171 2289 5261 πὲξόαλρώμιξ

638 5264 738 5331 νει,
762 5249 820 5331 et
834 5247 928 5326 ita
948 5246 1064 5317 legi
1086 5247 1312 5331 debere.
1327 5249 1608 5331 fatebitur
1632 5254 1737 5324 qui
1757 5246 2290 5331 sequent'ia'paulo

639 5318 922 5370 attentius
951 5318 1361 5376 considerarit.

711 5390 822 5464 (7:3)
866 5389 1084 5470 \focula
1110 5393 1209 5464 γέρ
1237 5391 1403 5470 deest
1428 5392 1486 5470 in
1518 5392 1687 5449 Colb.
1728 5400 1785 5451 et
1810 5395 1868 5470 in
1894 5400 2033 5470 Reg.

1322 4981 1343 5015 ο
1386 4979 1526 5035 Luc.
1575 4996 1688 5052 nx,
1735 4985 1820 5039 10.

711 5416 727 5453 ι
745 5416 821 5464 1:”
876 5416 1084 5468 vuutuu
1110 5416 1209 5464 719
1237 5416 1403 5447 usust.
1428 5416 1486 5448 tu
1518 5416 1687 5449 nou).
1728 5416 1785 5451 et
1810 5416 1868 5450 ιῐι
1895 5416 2033 5470 neg.
2069 5416 2286 5472 primo.

644 5453 695 5529 Is
727 5471 858 5529 ejus
889 5456 1005 5513 loci
1037 5477 1247 5516 sensus
1277 5469 1402 5518 est:
1438 5467 1561 5519 Non
1590 5471 1728 5521 sunt
1759 5467 1976 5525 referta
2025 5472 2289 5529 horrea?

638 5525 683 5589 ι.)
709 5525 791 5579 Ill
823 5531 946 5583 tum
968 5529 995 5584 ε
1025 5531 1173 5602 quid
1203 5532 1425 5590 refert?
1457 5537 1718 5617 Vivimus
1747 5539 1807 5594 in
1834 5525 2290 5615 eminisci/'52:}

2415 4414 2704 4476 εὐπειθείας
2752 4417 2813 4467 τό
2867 4416 3107 4466 ταπεινόν
3171 4415 3591 4487 κατορθώσομεν.
3652 4406 3823 4462 Πλείων
3859 4411 3950 4491 fle?

2413 4500 2472 4554 ἐκ
2517 4510 2613 4564 τῆς
2664 4500 2957 4573 ἀντιλογίας
3008 4503 3037 4559 ἡ
3086 4508 3178 4563 τῆς
3218 4501 3568 4577 ὑπερηφανίας
3598 4500 3819 4569 ἔμφασις,
3853 4486 3876 4543 ἦ
3913 4497 3952 4531 ⁸³

2413 4599 2507 4654 τῆς
2547 4590 2947 4666 πρωτοκλισίας,
2974 4591 3097 4642 ὅταν
3146 4588 3203 4642 ἐκ
3248 4592 3654 4664 προστάγματος
3695 4581 3836 4638 αὐτὴν
3873 4589 3948 4625 κα·

2413 4676 2767 4754 ταδεχὼμεθα
2780 4719 2797 4738 .

2405 5118 2527 5174 diei
2553 5120 2793 5175 malum
2817 5132 2948 5173 sua.
2979 5116 3219 5186 (Matt/1.
3246 5131 3325 5185 vt,
3353 5115 3468 5184 34).

2474 5192 2582 5260 (74)
2624 5191 2768 5257 Reg.
2803 5178 3543 5262 ρι’ίῳιὶε-ᾆιρίστωνκαί-’τῶν
3574 5178 3797 5262 δείπνων.

2473 5247 2589 5329 (75)
2630 5247 2861 5316 Veteres
2891 5258 3014 5315 duo
3040 5247 3177 5315 libri
3203 5263 3260 5314 et
3294 5256 3437 5313 editi
3468 5247 3931 5326 συγκατακλίνονται.

2400 5331 2509 5388 Alii
2535 5332 2659 5406 duo
2687 5347 2833 5386 mss.
2860 5329 3391 5406 συγκατακλίνωνται.
3494 5404 3509 5406 Α
3584 5394 3596 5406 .
3706 5395 3715 5406 '
3842 5380 3858 5406 _.

2470 5405 2586 5471 (79)
2627 5402 2771 5474 lteg,
2807 5397 3039 5474 primus
3057 5406 3123 5474 _et
3154 5400 3321 5456 Colb.
3352 5404 3518 5474 καιρῷ
3557 5397 3619 5454 εἰς
3643 5397 3932 5474 ’τόνος-ᾗῇ·

2398 5458 2538 5535 τούς.
2572 5458 2696 5528 Vox
2713 5458 2930 5547 ἶᾷιςὴούς
2954 5472 3169 5547 legitur
3195 5458 3453 5547 quoque:
3468 5458 3934 5547 ὶίιιᾳράὶοοᾲγρῄεςιι.

2496 5534 2583 5616 ~Q7)
2626 5545 2788 5614 Regii
2812 5534 3120 5601 secundus
3152 5534 3368 5600 et'tert'.
3403 5544 3462 5597 et
3480 5536 3618 5595 edit.
3645 5534 3865 5591 veteres.
