4082 6178
200 295 310 349 977

771 424 1092 475 ΕΡΩΤΗΣΙΣ
1133 420 1247 478 ΚΗ.

407 518 471 568 Τί
495 514 556 564 τὸ
584 514 781 586 πρέπον
810 506 1012 584 ἔνδυμα
1037 520 1110 583 τῷ
1143 519 1439 586 Χριστιανῷ
1466 513 1599 586 (78).

813 624 1187 675 ΛΠΟΚΡΙΣῙΣ.

192 752 197 755 .
266 718 318 768 1.
383 707 670 784 Προλαϐὼν
727 709 754 761 6
813 707 961 780 λόγος
1028 714 1124 767 τήν
1196 728 1251 762 τε
1327 714 1800 785 ταπεινοφροσύνην

192 799 487 872 ἀναγκαίαν
526 794 712 865 ἔδειξε,
738 801 828 850 καὶ
868 801 963 857 την
999 796 1271 865 λιτότητα,
1301 803 1392 851 καὶ
1442 803 1502 852 τὸ
1540 798 1590 851 έν
1637 808 1798 854 πᾶσιν

191 889 410 955 εὐτελὲς,
442 893 535 941 καὶ
573 883 973 959 ὀλιγοδάπανον,
1023 890 1094 949 ὡς
1141 886 1319 959 ὀλίγας
1359 887 1413 940 ἐκ
1466 896 1566 941 τῶν
1611 909 1794 963 σωμα-

186 986 347 1032 τικῶν
401 984 600 1051 χρειῶν
655 974 746 1037 τάς
784 974 1015 1050 ἀφορμὰς
1061 983 1160 1028 τῶν
1214 986 1594 1050 περισπασμῶν
1642 977 1792 1051 ἐγγί-

185 1070 375 1121 νεσθαι
400 1070 548 1140 ἡμῖν.
593 1065 836 1126 Ἐκείνοις
860 1061 949 1118 οὖν
984 1071 1096 1127 τοῖς
1138 1074 1354 1129 σκοποῖς
1409 1067 1628 1121 ἕπεσθαι
1677 1074 1787 1143 χρὴ

186 1160 395 1210 καὶτὸν
424 1160 545 1229 περὶ
577 1151 861 1229 ένδύματος
888 1154 1058 1227 λόγον.
1118 1154 1179 1209 Εἰ
1222 1157 1321 1229 γὰρ
1366 1157 1572 1209 πάντων
1617 1176 1790 1232 προσ-

185 1248 302 1306 ῆκει
349 1247 495 1308 ἡμᾶς
527 1248 643 1312 (79)
703 1240 1025 1305 σπουδάζειν
1079 1243 1344 1316 ἐσχάτους
1400 1243 1551 1318 εἶναι,
1604 1250 1697 1299 καὶ
1741 1244 1789 1299 ἐν

181 1338 377 1408 τούτῳ,
438 1330 702 1399 δηλονότι,
745 1336 806 1386 τὸ
860 1336 1088 1406 ἔσχατον
1138 1339 1540 1410 προτιμότατον.
1589 1333 1788 1410 Ὠσπερ

180 1429 289 1499 γὰρ
320 1427 373 1479 οἱ
404 1420 673 1497 φιλόδοξοι
713 1428 805 1477 καὶ
846 1422 903 1476 ἐκ
948 1431 1047 1486 τῆς
1086 1422 1365 1497 περιϐολῆς
1410 1433 1514 1477 τῶν
1561 1422 1793 1499 ἐνδυμά-

180 1534 287 1568 των
325 1519 425 1572 τήν
464 1510 623 1577 δόξαν
670 1512 870 1574 ἑαυτοῖς
914 1514 1193 1588 θηρῶνται,
1255 1511 1641 1567 ἀποϐλέπεσθαι
1703 1522 1793 1569 καὶ

181 1603 487 1666 ζηλοῦσθαι
516 1601 600 1656 έπὶ
628 1611 692 1676 τῇ
734 1602 1035 1676 πολυτελείᾳ
1081 1611 1177 1665 τῆς
1223 1601 1444 1666 έσθῆτος
1486 1602 1792 1678 φιλοτιμού-

179 1713 370 1768 μενοιο
433 1692 593 1760 οὕτω,
643 1687 908 1758 δηλονότι,
953 1696 1042 1744 τὸν
1099 1692 1173 1755 εἰς
1227 1694 1455 1764 ἔσχατον
1502 1694 1661 1747 αὑτοῦ
1699 1700 1793 1755 τὴν

1382 298 1678 357 REGULE
1715 300 1963 361 FUSIUS
1998 304 2435 361 TRACTAT/E."

1835 430 1884 486 Α
2385 430 2900 489 INTERROGATIO
2954 433 3108 489 XXII.

3458 305 3566 363 978

1993 517 2309 586 Quodnam
2341 525 2751 577 vestimentum
2789 521 3105 577 conveniat
3135 519 3497 578 Christiano.

2522 627 2937 684 RESPONSIO.

1987 721 2040 771 ι.
2082 717 2368 789 Superius
2415 716 2896 773 demonstratum
2925 720 3019 773 est
3060 721 3118 774 et
3144 717 3568 788 humilitatem,

1906 807 1963 860 et
2024 804 2491 877 simplicitatem,
2551 810 2610 861 et
2663 805 2725 860 in
2796 805 3083 861 omnibus
3139 806 3465 873 vilitatem,
3512 810 3571 863 et

1904 898 2181 966 sumptus
2210 894 2560 950 tenuitatem
2581 895 2952 951 necessarias
2983 901 3203 962 esse,ut
3242 896 3358 950 sint
3381 895 3566 952 nobis

1899 997 2100 1038 causae
2147 998 2376 1055 paucae,
2416 984 2642 1056 quibus
2670 984 2750 1039 ob
2801 999 3127 1056 corporeas
3170 985 3565 1040 necessitates

1899 1069 2335 1127 distrahamur.
2380 1075 2586 1144 Itaque
2627 1087 2698 1128 eo
2759 1073 2966 1129 animo
3008 1072 3138 1128 haec
3184 1073 3364 1129 etiam
3405 1072 3561 1129 ratio

1901 1158 2062 1216 circa
2092 1160 2379 1216 vestitum
2427 1160 2812 1217 observanda
2851 1165 2960 1217 est.
3004 1162 3237 1218 Etenim
3264 1161 3315 1218 si
3352 1160 3562 1218 danda

1898 1247 2076 1304 nobis
2107 1253 2197 1304 est
2225 1254 2502 1322 opera,ut
2520 1250 2796 1307 omnium
2820 1250 3015 1306 simus
3037 1250 3561 1323 postremi,utique

1900 1338 2067 1411 quod
2090 1339 2271 1395 etiam
2296 1340 2357 1395 in
2382 1341 2496 1396 hoc
2519 1355 2737 1411 genere
2757 1340 3041 1396 intimum
3066 1339 3264 1408 fuerit,
3286 1356 3561 1396 summo-

1898 1443 2040 1500 pere
2066 1429 2639 1501 estprret‘erendum.
2679 1429 3211 1495 Quemadmodum
3257 1429 3420 1485 enim
3450 1428 3562 1484 viri

1901 1516 2105 1589 gloriae
2148 1519 2369 1591 cupidi,
2404 1518 2518 1574 sibi
2566 1519 2679 1592 ipsi
2708 1536 2781 1576 ex
2818 1519 3322 1575 vestimentorum
3377 1518 3558 1574 etiam

1903 1607 2126 1664 amictu
2143 1607 2577 1680 gloriam367
2589 1613 2990 1682 aucupantur,
3013 1608 3181 1681 quod
3214 1607 3561 1681 spectari,et

1901 1698 2106 1769 magni
2138 1699 2421 1756 aestimari
2449 1699 2528 1754 ob
2554 1700 2844 1756 amictum
2893 1698 3284 1772 splendidum
3334 1703 3392 1753 et
3420 1713 3557 1770 pre-

179 1785 328 1845 ζωὴν
379 1786 498 1854 (80)
544 1779 637 1836 διὰ
687 1790 780 1844 τῆς
826 1787 1182 1843 ταπεινώσεως
1231 1782 1593 1836 καταϐαλόντα
1632 1787 1781 1860 αἱρεῖ-

1904 1787 2124 1843 tiosum
2139 1786 2449 1843 ambiant:
2484 1786 2569 1842 sic
2601 1787 2876 1843 videlicet
2909 1788 3011 1859 qui
3041 1802 3219 1843 suam
3244 1787 3437 1859 ipsius
3464 1786 3554 1842 vi-

180 1876 314 1927 σθαι
380 1877 642 1947 προσήκει
694 1878 795 1927 και
828 1871 877 1924 έν
927 1875 1128 1934 τούτοις
1172 1876 1233 1926 τὸ
1288 1875 1493 1927 πάντων
1540 1876 1788 1947 ἔσχατον.

152 1963 386 2038 ⁸Ὠσπερ
415 1954 519 2039 γὰρ
558 1962 607 2016 έν
651 1971 723 2034 τῷ
779 1960 1025 2037 δημοσίῳ
1073 1959 1266 2035 δείπνῳ
1304 1961 1642 2036 έγκαλοῦνται
1686 1972 1791 2019 Κο-

180 2056 404 2130 ρίνθιοι,
481 2056 551 2114 ὡς
614 2061 678 2126 τῇ
743 2051 937 2105 έαυτῶν
992 2051 1295 2126 πολυτελείᾳ
1348 2057 1791 2125 καταισχύνοντες

175 2146 306 2204 τοὺς
336 2147 409 2215 μὴ
437 2144 660 2213 ἔχοντας
683 2162 697 2176 ·
738 2142 894 2211 οὕτω,
929 2138 1195 2209 δηλονότι,
1228 2147 1317 2194 καὶ
1337 2140 1388 2194 ἓν
1413 2149 1476 2215 τῇ
1516 2150 1662 2215 κοινῇ
1699 2148 1790 2195 καὶ

174 2238 441 2306 προφανεί
466 2239 567 2283 τῶν
594 2226 898 2306 ἐνδυμάτων
924 2224 1126 2307 χρήσει
1167 2232 1194 2283 6
1230 2232 1358 2305 ὑπὲρ
1397 2229 1516 2292 τούς
1566 2230 1788 2294 πολλοὺς

177 2324 573 2393 σχηματισμὸς
602 2322 758 2373 οἰονεὶ
796 2316 891 2373 διὰ
925 2328 1015 2382 τῆς
1065 2325 1392 2395 συγκρίσεως
1437 2324 1787 2393 καταισχύνει

176 2412 268 2462 τὸν
318 2412 540 2467 πένητα.
600 2416 705 2462 Τοῦ
759 2405 819 2462 δὲ
872 2408 1189 2462 Ἀποστόλου
1243 2408 1476 2482 λέγοντος
1500 2430 1515 2444 ο
1574 2415 1661 2469 Μὴ
1719 2412 1785 2463 τὰ

175 2498 358 2570 ὑψηλὰ
457 2506 781 2573 φρονοῦντες,

176 2593 525 2660 απαγόμενοι,
575 2586 849 2650 έξεταξέτω
893 2588 1112 2649 ἕκαστος
1160 2588 1361 2656 ἑαυτὸν,
1401 2591 1433 2647 ἡ
1490 2591 1620 2663 πρὸς
1667 2593 1785 2641 τίνα

177 2676 435 2751 ὁμοίωσις
460 2673 831 2751 ἁρμοδιωτέρα
860 2675 971 2729 έστὶ
1007 2684 1369 2751 Χριστιανοῐς,
1407 2681 1533 2740 τοὺς
1576 2677 1625 2730 έν
1679 2685 1783 2740 τοῖς

174 2766 473 2840 βασιλείοις
520 2767 806 2835 οἰκοῦντας,
860 2771 951 2819 καὶ
1004 2769 1073 2819 τὰ
1116 2766 1326 2840 μαλακὰ
1381 2768 1777 2841 ἠμφιεσμένους,

173 2857 203 2914 η
231 2858 265 2915 ἧ
297 2859 436 2931 πρὸς
485 2859 572 2908 τὸν
623 2854 838 2927 ἄγγελον
894 2861 985 2908 καὶ
1031 2860 1240 2930 κήρυκα
1289 2864 1383 2918 τῆς
1441 2863 1533 2909 τοῦ
1584 2861 1780 2931 Κυρίου

172 2943 467 3018 ἔπιδημίας
510 2944 643 3015 (81),
715 2944 777 2996 οὗ
848 2945 1041 3017 μείζων
1106 2943 1155 2998 έν
1207 2951 1473 3017 γεννητοῖς
1518 2954 1779 3017 γυναικῶν

170 3033 266 3087 οὐκ
290 3033 599 3107 ἕγήγερται.
633 3032 872 3093 Ἰωάννην
902 3033 1056 3105 λέγω,
1097 3037 1184 3086 τὸν
1222 3041 1315 3087 τοῦ
1375 3040 1673 3109 Ζαχαρίου,
1717 3036 1779 3088 οὗ

1114 2506 1226 2561 τοῖς
1312 2507 1572 2561 ταπεινοῖς
1655 2519 1783 2552 συν-

1898 1880 2025 1932 tam
2076 1891 2183 1948 per
2224 1875 2619 1932 humilitatem
2648 1876 2877 1946 redegit
2916 1876 2998 1931 ad
3041 1875 3318 1931 intimam
3349 1875 3555 1931 condiv

1899 1966 2143 2031 tionem,
2186 1964 2351 2037 quod
2395 1965 2455 2020 in
2495 1964 2591 2020 his
2639 1981 2883 2037 quoque
2930 1964 3212 2021 inﬁmum
3256 1964 3447 2026 fuerit.
3488 1965 3553 2021 id

1899 2060 2138 2110 sumere
2158 2052 2356 2109 debet.
2390 2056 2459 2110 Ut
2486 2053 2649 2109 enim
2672 2054 2731 2110 in
2753 2053 3001 2127 publica
3026 2070 3202 2110 caena
3231 2052 3549 2110 Corinthiis

1898 2140 2041 2198 vitio
2065 2141 2241 2199 datur
2264 2143 2332 2212 ¹¹,
2353 2143 2515 2215 quod
2551 2148 2914 2216 sumptuoso
2940 2160 3050 2199 suo
3099 2145 3398 2216 apparatu
3444 2157 3550 2198 eos

1895 2230 2001 2303 qui
2014 2246 2138 2288 non
2157 2230 3160 2305 habebant,pudorejatﬂcereut,ita
3185 2232 3365 2306 plane
3382 2247 3545 2287 com-

1895 2320 2066 2376 muni
2091 2336 2335 2394 quoque
2359 2325 2418 2377 et
2445 2321 2775 2394 conspicuo
2797 2321 3297 2378 vestimentorum
3322 2337 3458 2387 usu.
3498 2319 3550 2376 is

1891 2410 1998 2482 qui
2017 2409 2183 2480 vulgi
2208 2409 2710 2466 consuetudinem
2740 2416 2986 2483 superat
3007 2414 3279 2474 ornatus,
3301 2426 3372 2466 ex
3403 2425 3552 2482 qua-

1868 2498 2035 2555 dam
2050 2498 2230 2556 veluti
2246 2499 2984 2573 comparatione,pauperi
2999 2500 3297 2573 pudorem
3315 2499 3547 2555 incutit.

1894 2592 2041 2646 Ilum
2068 2594 2270 2645 autem
2296 2590 2621 2662 Apostolus
2665 2590 2826 2646 dicat
2852 2607 2866 2645 :
2895 2591 3031 2647 Non
3057 2591 3190 2645 alta
3227 2591 3545 2658 sapientes,

1888 2679 1994 2735 sed
2021 2678 2346 2735 humilibus
2382 2682 2819 2737 consentientes
2847 2682 2913 2746 ι’,
2952 2682 3249 2735 scrutetur
3277 2677 3549 2749 seipsum

1888 2766 2171 2841 quisque,
2203 2769 2317 2825 utri
2349 2770 2546 2840 magis
2570 2769 2795 2826 similes
2839 2784 2972 2825 esse
3021 2766 3372 2825 Christianis
3402 2782 3547 2823 con-

1886 2858 2092 2915 veniat
2120 2859 2271 2915 iisne
2296 2860 2402 2932 qui
2427 2860 2489 2916 in
2519 2860 2699 2930 regiis
2729 2857 2884 2915 aulis
2916 2858 3211 2923 habitant,
3253 2862 3310 2914 et
3353 2856 3549 2914 molli-

1887 2945 2005 3002 bus
2044 2947 2313 3003 vestibus
2363 2948 2566 3003 amicti
2596 2951 2757 3012 sunt,
2804 2962 2881 3003 an
2922 2947 3133 3002 nuntio
3179 2950 3238 3003 et
3282 2945 3548 3017 praeconi

1887 3034 2184 3092 adventus
2225 3035 2484 3102 Domini,
2511 3050 2636 3107 quo
2662 3034 2859 3105 major
2885 3034 3041 3089 inter
3068 3032 3391 3088 mulierum
3441 3047 3545 3086 na-

170 3127 231 3175 τό
259 3119 469 3195 ἔνδυμα
500 3118 560 3180 ἦν
605 3120 661 3175 ix
706 3130 907 3197 τριχῶν
951 3121 1211 3195 καμήλου.
1278 3128 1379 3176 Καὶ
1416 3126 1465 3176 οἱ
1510 3123 1672 3178 πάλαι
1719 3121 1778 3178 δι

1897 3129 1978 3182 tos
1998 3139 2122 3181 non
2153 3123 2430 3180 surrexit.
2451 3125 2749 3180 Joannem
2779 3122 2916 3178 dico
2948 3121 3247 3177 Zacharias
3276 3119 3542 3185 filium“,

172 3214 318 3285 ἅγιοι
346 3210 629 3287 περιῆλθον
657 3209 707 3264 έν
737 3210 1018 3283 μηλωταῖς,
1060 3209 1109 3264 ἰν
1137 3212 1350 3284 αἰγείοις
1371 3209 1618 3288 δέρμασι.

240 3493 298 3547 2.
348 3491 452 3543 Τὸν
495 3484 555 3542 δι
603 3491 797 3541 σκοπὸν
843 3497 935 3550 τῆς
974 3493 1241 3564 χρήσεως·
1268 3486 1513 3541 ὑπέϐαλεν
1552 3487 1579 3538 6
1622 3486 1775 3540 Ἀπό-

174 3579 379 3647 στολος,
409 3576 506 3632 διὰ
541 3585 668 3653 μιᾶς
705 3578 885 3643 λέξεως
925 3580 1080 3633 εἰπών
1103 3600 1118 3614 ο
1186 3578 1436 3651 Ἔχοντες
1487 3574 1774 3651 διατροφὰς

372 3670 747 3742 σκεπάσματα,
844 3672 1049 3731 τούτοις
1121 3668 1558 3744 ἀρκεσθησόμεθα
1631 3668 1768 3737 (8'2),

170 3759 238 3819 ὡς
264 3767 365 3821 τῆς
420 3761 616 3820 σκέπης
670 3761 817 3833 ἡμῶν
872 3754 1267 3833 προσδεομένων
1342 3760 1542 3830 μόνης.
1598 3755 1771 3809 οὐκέτι

169 3852 343 3920 μντοι
382 3852 596 3909 καὶτῆς
623 3847 906 3916 ποικιλίας,
954 3852 1044 3900 καὶ
1090 3853 1183 3900 τοῦ
1232 3844 1320 3899 ἀπ’
1363 3846 1523 3907 αὐτῆς
1577 3845 1771 3897 καλλω-

169 3945 375 4012 πισμοῦ
428 3938 498 3999 εἰς
562 3942 658 3996 τὴν
702 3937 1125 4012 ἁπηγορευμινην
1176 3941 1453 4011 περπερίαν
1500 3933 1771 3988 έκπιπτὸν-

165 4046 293 4082 ταν.
355 4029 442 4079 ἵνα
486 4031 560 4101 μή
608 4046 662 4079 τι
717 4034 897 4099 χεῖρον
946 4025 1098 4097 λέγω.
1152 4032 1332 4078 Ταῦτα
1394 4026 1496 4100 γὰρ
1554 4024 1769 4098 ὕστερον

170 4116 473 4189 ἐπεισήχθη
505 4112 600 4168 διὰ
627 4123 721 4176 τῆς
743 4120 1020 4191 περιέργου
1070 4118 1477 4187 ματαιοτεχνίας
1528 4121 1598 4185 τῷ
1643 4110 1767 4185 βίῳ.

172 4206 306 4265 Δέλη
369 4204 433 4260 δέ
477 4211 570 4258 καὶ
614 4206 645 4263 ἡ
686 4209 867 4280 πρώτη
908 4213 1008 4257 τῶν
1041 4205 1425 4276 σκεπασμάτων
1454 4210 1677 4275 χρῆσις,
1710 4200 1770 4259 ἣν

170 4297 322 4359 αὐτὸς
350 4298 534 4357 ὁΘεὸς
565 4297 676 4367 (83)
722 4301 833 4355 τοῖς
879 4290 1234 4352 έπιδεηθείσιν
1273 4289 1482 4348 ἔδωκεν.
1526 4292 1770 4349 Ἐποίησε

167 4388 269 4458 γὰρ
328 4385 527 4456 αὐτοῖς,
578 4388 756 4457 φησιν,
820 4384 846 4436 6
912 4386 1035 4445 Θεὸς
1101 4391 1337 4455 χιτῶνας
1402 4377 1764 4453 δερμασίνους.

167 3674 256 3721 καὶ

1884 3213 2060 3284 cujus
2098 3212 2522 3269 indumentum
2556 3215 2684 3266 erat
2722 3226 2790 3267 ex
2817 3209 2956 3282 pilis
2986 3207 3205 3264 cameli
3236 3208 3304 3264 ιδ.
3337 3204 3454 3263 Sed
3487 3208 3546 3262 et

1883 3307 2112 3360 veteres
2160 3301 2352 3358 sancti
2408 3300 2471 3358 in
2521 3298 2786 3367 melotis,
2840 3298 2902 3355 in
2965 3296 3226 3371 pellibus
3274 3295 3542 3369 caprinis

1882 3389 2444 3452 obambulabant".

1950 3476 2155 3547 '2.Quis
2200 3484 2406 3537 autem
2437 3494 2661 3552 scopus
2713 3478 2774 3534 in
2818 3476 3047 3534 utendo
3088 3474 3412 3533 habendus
3444 3475 3541 3542 sit,

1883 3570 2202 3630 admonuit
2246 3568 2569 3643 Apostolus
2599 3568 2779 3625 unico
2804 3567 2986 3623 verbo
3032 3583 3171 3623 cum
3198 3565 3382 3622 dixit:
3417 3566 3542 3622 Ha-

1880 3662 2079 3720 bentes
2122 3662 2430 3727 alimenta,
2485 3664 2543 3717 et
2588 3657 2806 3732 quibus
2855 3654 3248 3726 tegamur,his
3278 3653 3543 3710 contenti

1879 3753 2189 3813 erimus",
2220 3755 2517 3822 tanquam
2562 3748 2691 3804 solo
2727 3746 2902 3802 nobis
2922 3746 3334 3814 integumento
3378 3757 3536 3813 opus

1878 3842 2106 3899 sit:nec
2124 3840 2254 3911 jam
2274 3839 2336 3895 in
2368 3838 2612 3895 vetitam
2633 3834 2935 3893 varietatis
2958 3839 3016 3890 et
3030 3833 3336 3905 iactantiae
3362 3846 3436 3886 ex
3463 3845 3537 3886 ea

1876 3929 2310 4004 proﬁciscentis
2324 3926 2673 3993 vanitatem,
2701 3939 2775 3981 ne
2792 3923 2939 3997 quid
2965 3922 3138 3995 pejus
3159 3918 3536 3985 dicam,inci-

1877 4020 2119 4076 damus.
2145 4021 2279 4075 Haec
2299 4018 2461 4073 enim
2492 4015 2779 4087 deinceps
2803 4012 2881 4069 ab
2905 4010 3222 4068 inutilibus
3242 4008 3533 4080 vanisque

1877 4108 2110 4166 artibus
2134 4105 2481 4165 introducta
2503 4108 2644 4160 sunt
2668 4103 2731 4159 in
2753 4103 2963 4159 vitam.
3004 4105 3198 4173 Atque
3221 4097 3401 4155 etiam
3428 4111 3538 4152 no.

1878 4202 1973 4256 tus
2006 4203 2097 4254 est
2140 4197 2376 4269 primus
2424 4197 2913 4265 tegumentorum
2943 4205 3109 4255 usus,
3142 4202 3323 4261 quem
3378 4187 3534 4241 Deus

1875 4288 2006 4360 ipse
2026 4285 2191 4342 dedit
2216 4282 2646 4354 indigentibus.
2676 4280 2768 4336 Ait
2788 4280 2950 4336 enim
2975 4295 2990 4334 :
3020 4279 3185 4335 Fecut
3209 4277 3353 4346 ipsis
3373 4276 3534 4331 Deus

1879 4381 2114 4433 tunicas
2133 4373 2469 4444 pelliceas”
2484 4392 2497 4405 -
2521 4371 2675 4427 Nam
2698 4368 2779 4426 ad
2800 4367 3086 4425 indecora
3107 4364 3369 4437 tegenda
3389 4364 3535 4420 satis

170 4478 305 4550 Πρὸς
341 4477 446 4548 γὰρ
506 4477 604 4532 τήν
656 4480 755 4525 τῶν
811 4470 1134 4546 ἀσχημόνων
1186 4468 1499 4540 έπικάλυψιν
1566 4466 1769 4543 ἐξήρκει

1897 4470 2005 4524 :rat
2024 4464 2203 4522 etiam
2224 4461 2527 4535 ejusmodi
2547 4458 2889 4516 tunicarum
2909 4473 3077 4513 usus.
3106 4454 3220 4512 Sed
3240 4453 3533 4527 quoniam

168 4569 259 4616 καὶ
288 4567 323 4622 ἡ
364 4565 585 4620 τοιαύτη
624 4570 724 4615 τῶν
761 4567 1000 4633 χιτώνων
1041 4569 1260 4634 χρῆσις.
1305 4554 1521 4617 Ἐπειδὴ
1573 4554 1633 4611 δε
1679 4562 1769 4610 καὶ

169 4653 337 4727 ἕτερος
379 4655 581 4713 σκοπὸς
618 4656 1017 4724 συνεισέρχεται
1051 4649 1188 4719 (84),
1247 4650 1274 4701 6
1329 4654 1419 4701 τοῦ
1481 4646 1769 4701 θάλπεσθαι

172 4739 264 4797 διά
296 4750 401 4795 τῶν
443 4742 847 4813 σκεπασμάτων,
912 4738 1113 4812 ἀνάγκη
1170 4736 1468 4811 ἀμφοτέρα-εν
1525 4734 1765 4808 ὶστοχα-

243 4861 288 4896 ¹¹
318 4862 341 4915 1
373 4860 510 4916 Cor.
540 4874 623 4925 χι,
653 4860 749 4913 22.

170 4965 249 5015 vi,
277 4953 334 5005 8.
415 4949 458 4982 ’⁷
492 4947 638 5004 Gen.
672 4960 756 5010 iu,
788 4951 877 5003 2t.

172 5044 569 5120 δημωπαῶς.
591 5043 794 5102 Codex
823 5041 996 5125 _Colb.
1025 5038 1489 5126 δημοκοπητικῷς.
1512 5044 1636 5112 Reg
1655 5041 1774 5165 pgi-

174 5135 312 5165 mns
338 5115 659 5165 δημοτικῶς-
691 5118 900 5165 Statim
933 5113 1125 5165 codex
1152 5113 1325 5165 Voss.
1360 5110 1612 5165 δοξωιεν.
1716 5129 1774 5165 e-

173 5110 312 5191 mus
338 5115 659 5191 δημοτικῶς.
691 5116 900 5191 statim
925 5110 1125 5191 podex
1152 5113 1325 5191 V_o_s_s.
1360 5110 1621 5191 ὸᾎξωμενζ
1658 5110 1776 5191 Res

175 5189 393 5259 giiduo
413 5182 582 5244 'mss.
619 5194 675 5242 et
706 5182 1149 5259 εοιῂηδάξομςν.
1180 5183 1347 5240 Alius
1376 5182 1522 5254 Reg.
1550 5200 1670 5239 ms.
1721 5189 1780 5240 et

176 5254 443 5330 antiquae
473 5259 767 5330 editiones
809 5254 1062 5329 δείξομεν.

242 5325 361 5401 (78)
390 5336 545 5387 Ante
567 5328 736 5396 illud,
768 5325 1093 5401 Χριστιανῷ,
1115 5326 1357 5383 additus
1379 5329 1472 5382 est
1490 5325 1777 5401 articulus

173 5397 460 5461 extribus
486 5397 826 5458 codicibus.
832 5402 959 5456 Mox
980 5397 1274 5456 editiones
1294 5402 1520 5453 veteres
1541 5397 1781 5452 etCom-

174 5474 290 5531 bef.
318 5476 507 5535 εὐτελὲς
538 5478 628 5542 καὶ
655 5467 1114 5542 ὄλιγοευδάπανον.
1149 5470 1259 5525 Alii
1296 5469 1418 5542 duo
1450 5484 1597 5542 αις-8.
1639 5483 1781 5522 cum

176 5549 347 5603 γ(περ
376 5552 469 5601 καὶ
494 5534 813 5618 εὐδάπανον,
850 5544 990 5621 ﬂes.
1020 5542 1228 5600 leuius
1256 5544 1347 5593 καὶ
1376 5534 1776 5611 ὀλιγοδάπανον.

172 5622 348 5679 recte.
852 5618 884 5621 ”
975 5618 982 5627 ”

835 4858 882 4893 ¹²
912 4860 1084 4913 Rom.
1109 4870 1215 4921 xu,
1257 4854 1344 4910 16.
1424 4853 1471 4889 ⁸³
1502 4852 1702 4910 Matth.
1726 4869 1812 4925 xi,
1846 4858 1900 4924 8,
1932 4857 2017 4910 tt.

1879 4560 2165 4630 praeterea
2212 4552 2366 4609 alius
2413 4548 2717 4607 concurrit
2755 4562 3000 4620 scopus,
3047 4550 3111 4602 ut
3164 4560 3385 4617 nempe
3427 4558 3537 4616 per

1876 4645 2237 4703 indumenta
2264 4641 2597 4710 foveamur,
2631 4653 2880 4695 necesse
2924 4635 3099 4693 fuerit
3129 4634 3406 4692 animum
3427 4647 3532 4704 ap-

1877 4734 2019 4810 pelli
2044 4733 2123 4791 ad
2153 4731 2467 4804 utriusque
2496 4729 2580 4786 rei
2606 4745 2809 4799 usum,
2836 4730 2903 4783 ut
2930 4731 2988 4783 et
3007 4724 3285 4783 membra
3323 4726 3534 4778 nostra

2098 4853 2145 4888 “
2176 4849 2379 4908 Matth.
2399 4863 2483 4912 ιιι,
2507 4849 2562 4904 4.
2643 4848 2688 4883 ¹⁵
2724 4843 2897 4903 Hebr.
2921 4858 3005 4909 ιι,
3035 4842 3132 4898 37.
3220 4840 3264 4875 ¹⁶
3316 4841 3335 4893 l
3380 4837 3530 4893 Tim.

1957 5041 2081 5115 (79).
2102 5042 2248 5111 Reg.
2291 5038 2815 5115 primusfpoo’iixn
2847 5034 3050 5115 ἠμῖς...
3107 5102 3117 5115 ι

1956 5100 2081 5185 (80)
2100 5100 2334 5168 νεῶτὲε
2356 5110 2484 5185 duo
2512 5100 2648 5164 lib'ri
2689 5100 3174 5185 ἑαυτούτην-ξῳήνέ

1956 5164 2068 5251 ξ
2537 5187 2630 5238 τῆς
2655 5184 2747 5254 τοῦ
2780 5177 3014 5254 Χριστοιξ
3047 5164 3349 5254 ἐπιδημίας.

1959 5242 2075 5322 (8⁸21)
2101 5242 2423 5309 Ιᾰέω’ωε.
2453 5252 2652 5308 τούτοις
2680 5242 3197 5322 ἀρὲἓέθηῖτῴμεθβκ.
3220 5310 3229 5321 .
3438 5304 3452 5322 .
3474 5303 3532 5322 ιρρ

1962 5303 2585 5395 ἦεέῖεᾶὖηάυε
2610 5303 2669 5374 et
2698 5303 3020 5372 éditiadrb';
3076 5311 3102 5361 ὀ
3162 5310 3366 5381 Κύριος.
3426 5303 3537 5361 Alii

1889 5400 2007 5450 tres
2036 5412 2182 5451 mss.
2216 5395 2370 5454 αὐτὸς
2395 5395 2421 5444 ὁ
2448 5395 2594 5450 Θεὸς.
2754 5456 2768 5460 _
3003 5456 3013 5460 _
3302 5456 3311 5460 _

1960 5448 2253 5535 (SiTEditi
2284 5448 2515 5533 et'Reg.
2547 5448 2852 5519 secundus
2892 5456 3226 5529 συνέρχεται.
3285 5448 3394 5513 Alii
3424 5453 3540 5509 tres

1887 5553 2036 5607 mss.
2071 5540 2489 5612 συνεισέρχεται.
