4082 6178
531 255 632 307 983

1882 250 1938 304 8.
1989 247 2246 305 BASILII
2287 249 2536 307 MAGNI.

3765 251 3863 305 984

529 380 738 432 natam
769 375 1001 431 vivendi
1032 391 1092 430 In
1115 373 1423 430 communi
1453 372 1724 428 ﬁdelium
1774 371 2058 429 societate
2088 389 2181 429 ra-

2304 378 2546 446 σχήμονα
2601 369 2728 426 εἶναι
2795 369 3065 445 διαγωγὴν
3122 376 3212 425 καὶ
3269 371 3510 425 εὔτακτον
3562 370 3608 423 ἰν
3751 391 3857 424 συν-

529 466 756 522 tionem
779 465 1054 531 arbitror,
1077 480 1202 535 qua
1213 462 1625 519 membrorum
1641 461 2047 534 corporalium
2068 479 2184 518 ser-

533 556 706 632 vatur
735 553 885 608 ratio
917 557 1014 608 :ut
1049 550 1202 606 alius
1245 549 1491 622 quidem
1522 549 1678 605 oculi
1728 549 1847 606 vim
1891 550 2181 620 obtineat,

534 643 629 698 cui
657 641 880 696 scilicet
900 639 1244 695 concredita
1276 642 1350 694 sit
1395 639 1738 694 communis
1765 655 1968 695 rerum
2017 655 2185 706 cura,

534 731 761 804 quique
782 734 986 801 etquie
1006 729 1161 784 facta
1179 728 1397 784 fuerint
1413 728 1644 799 probet,
1669 733 1724 782 et
1741 728 2188 801 facienda'prte-

535 820 736 875 videat
765 818 1219 890 consideretque
1253 835 1265 872 :
1303 817 1457 874 alius
1488 834 1628 872 vero
1655 819 1897 873 aurium
1929 823 2032 873 aut
2060 833 2189 873 ma-

539 924 672 977 nus,
711 912 772 964 ut
810 913 866 962 et
891 907 1216 962 audiantur
1262 912 1595 976 etagantur
1622 923 1760 978 quae
1797 911 2140 975 congruunt
2173 923 2188 960 :

539 1002 595 1052 et
625 1013 697 1053 ex
723 996 930 1051 ordine
960 995 1217 1069 quisque
1248 996 1541 1066 cujusque
1567 995 1700 1050 loco
1727 995 1820 1050 sit.
1865 995 2190 1051 Sciendum

541 1092 631 1142 est
659 1084 1542 1157 igiturquodquemadmodum
1565 1085 1623 1138 in
1652 1083 2194 1156 membrisperieu-

540 1175 738 1232 losum
768 1180 856 1229 est
887 1173 1367 1245 unumquodque
1391 1172 1735 1227 membrum
1763 1189 1985 1228 munus
2011 1190 2192 1228 suum

543 1264 1115 1333 negligere,autnon
1143 1261 1258 1316 alio
1281 1261 1365 1315 uti
1390 1260 1466 1316 ad
1486 1247 1978 1332 eamrem,lcujus
2012 1277 2196 1317 causa

544 1369 580 1408 a
601 1350 909 1406 conditore
941 1350 1058 1404 Deo
1089 1349 1314 1404 factum
1346 1353 1432 1404 est
1455 1349 1600 1411 (sive
1622 1351 1781 1405 enim
1815 1367 2050 1417 manus,
2075 1351 2196 1406 sive

545 1456 651 1513 pes
673 1455 795 1494 non
824 1437 1608 1509 obtemperetduetuioculi,
1630 1438 1729 1494 illa
1750 1439 1994 1510 quidem
2013 1439 2196 1498 adito-

547 1529 660 1584 tius
691 1529 991 1582 interitum
1023 1545 1113 1582 res
1135 1526 1415 1582 exitiosas
1445 1526 1803 1596 attrectabit,
1827 1527 1924 1583 hic
1942 1543 2081 1582 vero
2107 1526 2196 1582 of-

544 1616 768 1679 fendet,
806 1621 909 1671 aut
965 1615 1143 1670 etiam
1207 1631 1313 1687 per
1347 1615 1674 1687 praecipitia
1699 1615 2039 1670 deferetur:
2073 1616 2197 1670 sive

2295 468 2446 536 ἀνρεία
2509 471 2608 515 τῶν
2663 471 2885 531 πιστῶν,
2943 461 2991 514 ἐν
3122 463 3148 513 ό
3185 469 3282 513 τῶν
3313 461 3470 534 μελῶν
3509 468 3600 514 τοῦ
3641 467 3864 534 σώματος

2297 549 2611 614 διασώζεται
2656 551 2823 622 λόγος’
2884 554 3020 603 ὥστε
3067 553 3153 603 τὸν
3215 555 3304 622 μὶν
3361 570 3476 602 τινα
3506 549 3761 623 ὀφθαλμοῦ
3787 549 3870 601 ἔπ-

2296 639 2435 711 ἕχειν
2504 636 2728 712 δύναμιν
2779 642 2866 691 τόν
2909 636 3196 710 ἐπιμέλειαν
3255 642 3346 695 τὴν
3393 641 3572 696 κοινὴν
3600 657 3867 690 πεπιστευ-

2295 734 2444 800 μένον
2500 731 2548 780 ἓν
2596 748 2650 781 τε
2701 736 2762 800 τῇ
2820 724 3112 799 δοκίμασίᾳ
3159 735 3259 779 τῶν
3307 731 3650 799 γεγενημένων
3706 733 3786 779 καὶ
3833 725 3873 778 ἕν

2297 825 2360 890 τῇ
2410 819 2702 890 προθεωρία
2761 821 2849 867 καὶ
2920 813 3198 887 διασκέψει
3256 824 3355 869 τῶν
3402 821 3749 888 γενησομένων
3798 819 3870 868 τὸν

2301 902 2361 957 δε
2409 903 2569 965 ἀκοῆς
2622 905 2652 963 ἦ
2707 908 2892 979 χειρὺς
2921 906 2968 956 ἓν
2995 924 3049 956 τε
3085 912 3145 976 τῇ
3177 903 3424 979 ἀκροάσει
3455 909 3545 956 καὶ
3576 903 3624 956 ἐν
3653 912 3712 976 τῇ
3761 903 3874 976 ἐνερο

2298 999 2416 1066 γεία
2462 1003 2560 1046 τῶν
2609 993 3000 1061 ἐπιϐαλλόντων,
3062 999 3150 1045 καὶ¹
3216 993 3433 1056 καθεξῆς
3515 994 3726 1045 ἕκαστον
3780 993 3876 1045 ἐκά-

2303 1102 2453 1138 στον.
2512 1079 2719 1135 Εἰὸέναι
2766 1079 2854 1134 οὖν
2909 1087 3044 1155 χρὴ,
3095 1083 3195 1148 ὅτι,
3250 1084 3423 1156 ὥσπερ
3472 1081 3522 1133 ἐν
3554 1090 3654 1142 τοῖς
3695 1082 3873 1154 μέλεσιν

2301 1171 2396 1222 οὐκ
2445 1168 2718 1228 ἀκίνδυνόν
2767 1170 2907 1224 ἐστιν
2962 1171 3166 1242 ἑκάστῳ
3219 1171 3357 1244 μέλει
3396 1175 3456 1224 τό
3483 1179 3584 1222 τῶν
3609 1169 3872 1223 ἐπιϐαλλόν-

2303 1281 2404 1312 των
2457 1260 2673 1332 ἀμελεῖν,
2717 1265 2746 1319 ἧ
2804 1265 2863 1312 τό
2917 1265 2988 1333 μὴ
3044 1263 3346 1336 κεχρῆσθαι
3398 1269 3472 1331 τῷ
3521 1264 3672 1334 ἑτέρῳ
3710 1259 3868 1332 πρόςό

2302 1354 2504 1421 γέγονεν
2545 1351 2645 1401 ὑπὸ
2692 1357 2784 1401 τοῦ
2839 1346 3328 1424 δημιουργήσαντος
3369 1357 3504 1402 Θεοῦ
3567 1352 3686 1416 (εἴτε
3720 1351 3809 1422 γὰρ
3843 1351 3867 1406 ἡ

2304 1444 2448 1512 χεὶρ,
2497 1441 2526 1496 ἥ
2583 1439 2610 1489 ό
2648 1445 2776 1500 ποῦς
2827 1443 2898 1510 μὴ
2951 1440 3181 1490 πείθοιτο
3237 1447 3300 1510 τῇ
3363 1435 3565 1510 ὁδηγίᾳ
3607 1445 3693 1489 τοῦ
3714 1436 3872 1508 ὀφθαλ-

2305 1534 2427 1599 μοῦ,
2488 1527 2518 1584 ἡ
2564 1529 2655 1598 μὲν
2712 1525 2952 1599 ὀλεθρίων
3005 1525 3088 1578 ἐπὶ
3143 1523 3408 1600 διαφθορᾷ
3469 1533 3562 1578 τοῦ
3614 1528 3789 1585 παντὸς
3830 1523 3873 1586 ἐξ

2307 1614 2538 1686 ἀνάγκης
2603 1614 2856 1686 ἐφάψεται
2910 1615 3008 1686 ίί),
3040 1616 3066 1666 ό
3121 1611 3180 1668 δὲ
3207 1614 3529 1688 προσκόψει,
3579 1617 3608 1672 ἤ
3653 1616 3874 1666 καὶκατὰ

545 1706 756 1761 oculus
790 1705 872 1760 ita
902 1704 1183 1760 clauserit
1209 1720 1292 1772 se,
1327 1710 1391 1759 ut
1419 1720 1542 1759 non
1572 1704 1796 1770 videat,
1828 1720 2072 1759 necesse
2108 1708 2195 1760 est

2306 1709 2566 1778 κρημνοὺς
2619 1702 2980 1774 ἐνεχθήσεται·
3051 1707 3151 1757 εἰτε
3208 1707 3233 1757 ό
3281 1704 3546 1778 ὀφθαλμός
3571 1706 3872 1777 καμμύσειεν,

547 1798 602 1851 et
630 1795 829 1866 ipsum
853 1794 1043 1865 perire
1060 1809 1183 1848 una
1201 1810 1336 1848 cum
1363 1793 1608 1865 reliquis
1637 1793 1926 1848 membris
1943 1810 2077 1866 quae
2097 1809 2200 1866 pa-

542 1885 927 1957 tiunturquae
950 1884 1236 1948 diximus)
1270 1900 1282 1937 :
1316 1884 1402 1938 ita
1437 1899 1634 1956 neque
1693 1884 1952 1956 praefecti
2005 1883 2197 1954 negli-

544 1975 745 2045 gentia
786 1973 1054 2047 periculo
1098 1977 1296 2039 vacat,
1341 1989 1479 2027 eum
1534 1973 1904 2043 judicandus
1958 1975 2031 2028 sit
2085 1988 2196 2044 pro

542 2064 826 2119 omnibus
846 2079 1066 2135 neque,
1090 2061 1315 2117 subditi
1335 2063 1715 2117 contumacia
1740 2062 2095 2117 detrimento
2127 2077 2198 2116 ac

541 2153 770 2209 damno
821 2157 1003 2220 caret,
1054 2151 1176 2206 imo
1229 2156 1318 2206 est
1348 2152 1542 2220 magis
1573 2151 1911 2224 periculosa
1937 2152 1986 2206 si
2016 2151 2197 2207 etiam

541 2242 669 2297 aliis
697 2240 1063 2296 oﬁendiculo
1108 2241 1198 2295 sit.
1235 2241 1519 2312 Quisquis
1553 2240 1730 2309 igitur
1759 2256 1819 2294 In
1852 2256 1963 2294 suo
2009 2240 2198 2315 ipsius

537 2329 672 2385 loco
699 2334 1048 2384 accuratum
1076 2345 1145 2383 ac
1173 2327 1428 2399 diligens
1459 2328 1715 2384 studium
1739 2327 2016 2392 Ostendit,
2036 2343 2199 2383 exse-

537 2418 858 2491 quiturque
920 2422 1288 2489 praeceptum
1345 2416 1616 2489 Apostoli
1669 2417 1772 2488 qui
1818 2419 1942 2472 ait:
1979 2417 2196 2472 Studia

535 2524 656 2564 non
692 2509 931 2578 pigri”,
965 2506 1288 2563 alacritatis
1309 2505 1555 2566 laudem
1577 2507 1840 2561 obtinet:
1867 2506 1911 2561 si
1936 2522 2076 2562 vero
2096 2522 2194 2560 ne-

535 2596 769 2667 gligens
792 2596 884 2667 sit,
920 2596 1032 2650 sibi
1059 2595 1362 2651 contraria
1395 2595 1666 2661 asciscet,
1696 2594 1968 2650 videlicet
1993 2595 2193 2650 miseri

533 2701 895 2755 cognomen,
925 2691 983 2740 et
1010 2684 1178 2750 illud,
1203 2701 1310 2738 ναξ.
1343 2685 1687 2739 Maletictus
1748 2684 1929 2751 enim,
1973 2683 2190 2756 inquit,

532 2777 722 2830 omnis
747 2777 853 2846 qui
873 2776 1028 2844 facit
1058 2788 1238 2842 opera
1269 2773 1514 2828 Domini
1543 2774 1992 2844 negligenter“.

912 2951 1090 3021 370
1114 2951 1626 3006 INTERROGATIO
1659 2953 1810 3006 XXV.

534 3039 703 3110 Quod
715 3041 1043 3111 praefectis,
1074 3042 1179 3112 qui
1199 3045 1520 3108 peccantes
1542 3055 1660 3094 non
1691 3041 2029 3110 redarguit,
2057 3041 2189 3097 hor-
2219 3072 2260 3126 ο

819 3131 1070 3186 rendum
1120 3127 1432 3184 subiturus
1463 3131 1539 3184 sit
1576 3130 1901 3199 judicium.

1165 3218 1574 3275 RESPON‘SIO.

607 3313 656 3362 1.
713 3307 1122 3373 Quamobrem
1163 3307 1258 3361 cui
1315 3307 1687 3364 demandata
1733 3313 1822 3364 est
1849 3311 2192 3366 communis

534 3405 699 3459 cura,
732 3392 781 3444 is
811 3391 892 3444 ita
917 3390 1230 3457 afficiatur,
1265 3393 1439 3464 quasi
1460 3393 1562 3465 qui
1595 3393 1669 3447 de
1693 3393 1944 3462 singulis
1994 3395 2194 3450 reddi-

531 3485 702 3535 turus
716 3478 787 3533 sit
807 3479 1125 3535 rationem.
1157 3480 1388 3552 Quippe
1414 3482 1464 3536 si
1492 3481 1766 3537 inciderit
1790 3482 1851 3538 in
1878 3489 2193 3556 peccatum

532 3566 714 3622 frater
763 3582 936 3632 unus,
961 3582 1071 3622 nec
1091 3571 1293 3624 tamen
1316 3570 1996 3639 anteajustiticationem
2023 3573 2120 3628 Dei
2142 3572 2198 3629 ei

531 3657 870 3723 deelararit,
912 3661 1013 3713 aut
1056 3657 1106 3711 si
1155 3657 1382 3730 lapsus,
1438 3659 1497 3714 in
1531 3675 1604 3715 eo
1628 3662 1974 3732 perstiterit,
2031 3663 2198 3735 quod

536 3747 791 3802 modum
848 3747 1216 3802 emendandi
1256 3764 1318 3802 se
1372 3749 1451 3803 ab
1472 3765 1543 3804 eo
1563 3764 1687 3804 non
1709 3751 1960 3806 edoctus
2000 3753 2195 3821 fuerit,

538 3836 1064 3906 sciatsanguinem
1084 3836 1268 3908 ipsius
1290 3853 1362 3892 ex
1384 3838 1510 3892 suis
1535 3838 1820 3894 manibus
1836 3842 2198 3913 requisitum

535 3927 630 3995 iri,
679 3926 760 3982 uti
812 3927 1098 3998 scriptum
1146 3931 1232 3981 est
1254 3927 1336 3980 3':
1366 3930 1423 3981 et
1454 3927 1737 3998 maxime,
1789 3928 2199 4002 siquidquam

541 4030 750 4070 eorum
771 4031 908 4087 quae
928 4015 1170 4086 placent
1203 4017 1340 4078 Deo,
1375 4029 1499 4069 non
1523 4031 1593 4070 ex
1629 4016 1870 4073 inscitia
1918 4019 2199 4087 neglexe-

542 4105 635 4172 rit,
688 4105 792 4160 sed
831 4106 1031 4177 potius
1068 4120 1141 4159 ex
1189 4119 1259 4158 eo
1291 4103 1459 4176 quod
1486 4103 1564 4159 ob
1611 4108 2088 4164 assentationem
2119 4109 2200 4166 ad

540 4195 1023 4266 uniuscujusque
1061 4193 1204 4248 vitia
1233 4209 1362 4248 sese
1393 4195 1831 4261 accommodet,
1864 4195 2198 4269 disciplinae

540 4284 941 4354 integritatem
965 4282 1360 4338 labefactat-it.
1409 4284 1523 4351 Qui
1541 4285 1723 4346 enim.
1757 4285 1966 4358 inquit.
2003 4287 2199 4344 beatos

545 4389 645 4430 vos
665 4374 889 4442 dicunt,
914 4372 1221 4440 decipiunt
1238 4387 1356 4434 vos,
1380 4378 1434 4428 et
1449 4375 1719 4429 semitam
1739 4375 1955 4444 pedum
1973 4383 2201 4433 vestro-

547 4477 679 4517 rum
707 4459 1024 4514 turbant”.
1051 4461 1164 4527 Qui
1192 4467 1390 4516 autem
1425 4463 1749 4519 conturbat
1778 4479 1900 4529 vos,
1931 4466 2199 4534 portabit

538 4549 862 4619 judicium,
903 4549 1245 4620 quicunque
1285 4557 1370 4605 est
1395 4552 1502 4606 ille
1521 4553 1588 4607 ³⁸.
1611 4555 2006 4626 Quapropter,
2035 4571 2108 4610 ne
2137 4555 2200 4610 id

547 4636 726 4692 nobis
754 4637 1084 4705 contingat,
1110 4639 1171 4693 in
1197 4639 1267 4694 iis
1301 4656 1435 4712 qua:
1467 4656 1606 4695 eum
1628 4642 1910 4696 fratribus
1947 4643 2200 4699 habebi-

548 4742 686 4782 mus
713 4725 1028 4799 colloquiis
1057 4727 1331 4796 regulam
1385 4729 1794 4800 Apostolicam
1822 4733 1990 4804 sequi
2015 4733 2199 4788 debe-

551 4832 708 4872 mus.
734 4816 939 4887 Neque
953 4818 1130 4880 enim,
1156 4817 1368 4890 inquit,
1395 4818 1722 4890 aliquando
1738 4821 1972 4889 fuimus
1998 4823 2058 4878 in
2085 4838 2200 4879 ser-

2307 1795 2437 1845 ὦστε
2487 1797 2558 1865 μὴ
2619 1791 2845 1864 βλέπειν,
2905 1791 3103 1865 ἀνάγκη
3159 1799 3249 1850 καὶ
3301 1793 3462 1862 αὐτον
3523 1790 3876 1866 συνδιαφθείρε-

2309 1884 2433 1933 σθαι
2463 1889 2572 1942 τοῖς
2607 1880 2781 1941 ἄλλοις
2818 1881 2996 1954 nam
3038 1884 3320 1954 πάσχουσι
3376 1885 3452 1934 τὰ
3499 1881 3770 1955 εἰρημένη·
3807 1879 3876 1930 οὗ·

2304 1990 2400 2030 τως
2452 1967 2574 2022 οὐδὲ
2625 1979 2697 2040 τῷ
2746 1969 2992 2042 ἑφεστῶτι
3048 1967 3322 2031 ἀκίνδυνος
3369 1973 3398 2028 ἠ
3504 1969 3707 2044 ἀμέλεια
3771 1970 3874 2042 ὑπὲρ

2304 2061 2508 2112 πάντων
2555 2063 2854 2134 κρινομένῳ,
2917 2062 3032 2112 οὔτε
3081 2069 3154 2132 τῷ
3197 2062 3524 2113 ὑπακούοντι
3582 2060 3639 2113 τό
3683 2056 3876 2112 δυσπει-

2307 2151 2383 2210 θὲς
2433 2147 2645 2209 ἀϐλαϐὲς
2687 2154 2776 2201 καὶ
2836 2147 3080 2222 ἀζήμιον·
3159 2151 3554 2224 περισσοτέρως
3605 2145 3662 2201 δε
3712 2147 3873 2199 ἐπικίν-

2305 2236 2458 2290 δυνον
2541 2243 2631 2289 καὶ
2705 2238 2905 2313 ἐτέρους
2985 2235 3406 2299 σκανδαλίζοντι.
3491 2238 3623 2292 Ἀλλ’
3689 2236 3872 2296 ἕκαστος

2303 2323 2410 2392 οὖν,
2458 2324 2506 2377 ἐν
2548 2333 2620 2395 τῷ
2677 2322 2795 2396 ἰδίῳ
2852 2330 2992 2397 τόπῳ
3047 2335 3143 2387 τῆς
3194 2330 3285 2398 μὲν
3345 2323 3590 2387 σπουδῆς
3627 2328 3682 2378 τὸ
3720 2325 3871 2375 ἄοκνον

2304 2411 2839 2487 ἐπιδεινκύμενοςβ),
2891 2420 2982 2467 καὶ
3019 2415 3225 2490 πληρῶν
3290 2419 3348 2467 τό
3411 2424 3508 2468 τοῦ
3585 2412 3868 2468 ’Λπόστόλου

2302 2504 2650 2578 παράγγελμα
2695 2503 2945 2575 λέγοντος·
3001 2510 3073 2562 Τῆ
3130 2501 3339 2576 σπονδῇ
3418 2509 3492 2578 μὴ
3530 2505 3746 2576 ἀκνηροὶ,
3796 2507 3872 2560 τῆς

2301 2595 2597 2666 προθυμίας
2648 2597 2762 2665 ἔχει
2831 2597 2918 2644 τὸν
2968 2595 3171 2645 ἔπαινον
3215 2598 3310 2658 (3)’
3359 2591 3452 2646 ἐπὶ
3500 2591 3557 2647 δε
3608 2602 3664 2666 τῇ
3697 2589 3873 2665 ἀμελείᾳ

2301 2685 2367 2735 τά
2424 2681 2646 2754 ἐναντίᾳ,
2709 2679 2953 2741 δηλονότι
2993 2687 3077 2735 τὸν
3107 2683 3435 2756 ταλανισμόν
3489 2689 3577 2736 καὶ
3642 2687 3696 2734 τὸ
3756 2679 3870 2732 οὐαί.

2299 2772 2709 2844 Ἐπικατάρατος
2792 2774 2917 2847 γὰρ,
2979 2776 3127 2845 φησι,
3208 2779 3304 2834 πᾶς
3372 2774 3401 2824 ὀ
3465 2781 3621 2825 ποιῶν
3661 2771 3720 2823 τὰ
3768 2771 3874 2842 ἔργα

2302 2865 2496 2936 Κυρίου
2530 2859 2746 2934 ἀμελῶς.

2860 2957 3175 3004 ΕΡΩΤΠΣΙΣ
3216 2950 3331 3006 κε’.

2322 3047 2415 3091 Οτι
2489 3037 2702 3113 φοϐερὸν
2759 3043 2819 3091 τὸ
2885 3048 3050 3113 κρῖμα
3122 3049 3195 3112 τῷ
3287 3048 3588 3113 προεστῶτι
3641 3042 3705 3112 μὴ
3761 3035 3871 3106 ἐλίγ-

2718 3148 2870 3200 χοντι
2925 3129 3046 3190 τούς
3078 3127 3495 3204 ἁμαρτάνοντας.

2920 3224 3293 3274 ΑΙΙΟΚΡΙΣΙΣ.

2379 3312 2429 3362 1.
2487 3310 2674 3380 Διόπερ
2739 3308 2764 3358 ό
2807 3310 2902 3365 τὴν
2954 3311 3131 3366 κοινὴν
3181 3303 3444 3382 φροντίδα
3511 3308 3870 3378 πεπιστευμένος

2304 3399 2372 3459 ὡς
2430 3395 2639 3468 ὀφείλων
2697 3395 2848 3469 λόγον
2898 3392 3081 3448 δοῦναι
3106 3401 3224 3470 περί
3257 3396 3511 3466 ἑκάστου,
3543 3397 3672 3450 οὕτω
3707 3391 3869 3447 διακεί-

2305 3487 2436 3538 σθωο
2483 3481 2630 3546 εἰδὼς
2706 3486 2806 3552 ὅτι,
2850 3485 2936 3537 ἐὰν
2994 3483 3193 3558 ἐμπέσῃ
3255 3486 3326 3548 είς
3371 3484 3630 3561 ἁμαρτίαν
3680 3480 3740 3545 εἷς
3789 3487 3868 3533 τῶν

2307 3571 2560 3646 ἀδελφῶν,
2620 3579 2692 3647 μὴ
2748 3577 3079 3649 προειπόντος
3146 3574 3286 3646 αὐτῷ
3354 3579 3420 3627 τὸ
3480 3572 3736 3646 δικαίωμα
3797 3574 3871 3620 τοῦ

2308 3671 2462 3730 Θεοῦ,
2517 3663 2546 3722 ἢ
2608 3661 2841 3736 ἐμπεσὼν
2890 3661 3129 3736 ἐπιμένῃ,
3177 3668 3247 3737 μὴ
3283 3660 3572 3738 διδαχθεὶς
3607 3666 3689 3715 τὸν
3715 3663 3871 3734 τρόπον

2307 3763 2397 3813 τῆς
2447 3749 2774 3827 διορθώσεως
2835 3753 2932 3822 (4),
2982 3756 3038 3804 τό
3094 3754 3227 3826 αἷμα
3283 3753 3452 3806 αὑτοῦ
3503 3756 3556 3806 ἐκ
3592 3760 3684 3805 τῶν
3710 3753 3870 3823 χειρῶν

2309 3842 2468 3895 αὐτοῦ
2523 3840 2895 3908 ἑκζηθήσεται,
2956 3843 3126 3903 καθὼς
3203 3846 3524 3916 γέγραπται·
3589 3846 3674 3894 καὶ
3741 3835 3872 3911 μάλι-

2311 3951 2429 3996 στα,
2490 3928 2574 3984 ea»
2631 3935 2702 4003 μὴ
2759 3927 2832 3983 δι’
2876 3931 3090 4001 ἄγνοιαν
3135 3928 3338 4005 παριδῃ
3379 3940 3558 3986 τιτῶν
3592 3930 3869 4004 ἀρεσκόντων

2309 4028 2444 4090 Θεῷ,
2627 4015 2720 4072 διὰ
2747 4018 3019 4071 κολακείαν
3079 4026 3586 4094 συμπεριφερόμενος
3633 4025 3732 4077 τοῖς

2311 4128 2457 4176 στου,
2512 4116 2711 4173 κακοῖς,
2766 4113 2854 4166 τὴν
2877 4107 3143 4184 ἀκρίϐειαν
3173 4119 3264 4170 τῆς
3291 4109 3558 4171 πολιτείας
3585 4108 3779 4178 ἕκλύσῃ·
3818 4101 3870 4152 Οἱ

2307 4201 2408 4271 γὰρ
2468 4202 2846 4271 μακαρίζοντες
2893 4200 3046 4271 ὑμᾶς,
3107 4204 3256 4270 φησὶ,
3309 4199 3574 4252 πλανῶσιν
3629 4193 3868 4268 ὑμᾶς,καὶ

2307 4292 2394 4344 τὴν
2483 4287 2658 4361 τρίϐον
2746 4296 2847 4340 τῶν
2921 4284 3097 4340 ποδῶν
3177 4289 3317 4360 ὑμῶν
3403 4291 3765 4364 ταράσσουσιν.
3821 4279 3867 4328 ’0

2309 4373 2368 4429 δὲ
2412 4379 2690 4450 ταράσσων
2737 4378 2888 4449 ὑμᾶς,
2945 4375 3210 4449 βαστάσει
3258 4381 3338 4445 (5)
3397 4381 3456 4430 τὸ
3519 4383 3691 4450 νηοῖμα,
3755 4372 3869 4423 ὅστις

2308 4464 2367 4516 ἆν
2504 4471 2708 4539 Διόπερ,
2761 4467 2843 4518 ἵνα
2890 4470 2962 4537 μὴ
3013 4473 3166 4518 τοῦτο
3215 4468 3480 4538 πάθωμεν,
3533 4460 3864 4517 ἀκολουθητέον

2308 4557 2432 4627 ἡμῖν
2631 4553 2961 4624 ἀποστολικῷ
3037 4559 3211 4607 κανόνι
3287 4552 3369 4607 ἐπὶ
3431 4564 3526 4618 τῆς
3587 4554 3709 4626 πρὸς
3765 4548 3866 4603 τοὺς

2310 4640 2564 4715 ἀδελφοὺς
2613 4643 2838 4716 ὁμιλίας.
2890 4647 3023 4695 Οὔτε
3074 4647 3175 4718 γὰρ
3219 4663 3360 4710 ποτε,
3426 4649 3602 4716 φησὶν,
3660 4639 3704 4692 ἐν
3751 4636 3863 4704 λόγῳ

2309 4732 2579 4796 κολακείας
2647 4733 2954 4806 ἐγενήθημεν
3033 4733 3130 4805 (6),
3223 4735 3396 4796 καθὼς
3490 4729 3678 4785 οἴδατε·
3768 4724 3864 4776 οὔτε

2309 4821 2356 4875 ἐν
2442 4825 2702 4898 προφάσει
2777 4822 3087 4892 πλεονεξίας,
3155 4827 3285 4885 Θεὸς
3345 4826 3562 4897 μάρτυς·
3622 4819 3729 4872 οὔτε
3786 4812 3863 4872 ξτε-

623 4996 671 5030 ³⁰
701 4997 870 5065 Ilom,
913 5011 1010 5067 XII,
1044 4995 1130 5051 11.
1209 4996 1249 5030 ³⁸
1285 4998 1502 5052 Jerem.
1534 5013 1730 5067 XLVIII,
1769 5002 1850 5056 t0.
1927 5001 1974 5036 ³³
1999 5001 2195 5070 Ezech,

2304 5045 2313 5069 ,
2345 5001 2433 5058 20.
2513 5002 2562 5036 ³⁸
2594 5005 2704 5057 lsa.
2748 5018 2830 5068 III,
2863 5006 2949 5058 11.
2991 5058 2994 5060 γ
3024 5001 3073 5035 ³³
3105 4999 3295 5058 Galat.
3329 5017 3386 5056 v.
3424 5004 3507 5057 10.

620 5175 876 5248 (1)4383.
906 5173 1136 5248 primus
1200 5174 1517 5246 ἐξάπψηται.
1570 5175 1730 5231 Alius
1771 5193 1887 5235 ms.
1911 5177 2202 5240 ἐξάπτεται,

550 5245 724 5302 Haud
749 5245 930 5316 longe
957 5246 1079 5300 duo
1112 5263 1260 5300 mss.
1287 5245 1706 5320 κατάγκρημνοῡ.

534 5341 574 5352 ··
620 5319 696 5387 (2)
764 5320 963 5372 Codex
1003 5319 1182 5387 VVOSS.
1231 5316 1612 5380 σκανδαλίζειν.
1663 5319 1796 5371 Ἀλλ’
1850 5320 2068 5381 ἕκαστος
2115 5317 2202 5372 οὖν

550 5386 639 5459 μιν
671 5396 741 5464 τεῇ
759 5396 878 5464 βεῷ
900 5386 1344 5464 ἐπιδεικνύμενον.
1368 5393 1432 5464 Et
1461 5392 1518 5446 iu
1570 5389 1912 5445 Colbertino
1959 5407 2201 5464 quoque

553 5455 918 5535 σκανεζαλὶζξξν
973 5460 1206 5535 legitur.
1251 5461 1493 5535 _lbidem
1523 5468 1785 5535 quatuor
1815 5455 2198 5535 ωεεξτῆςξιὲν

554 5525 760 5602 σπουδῇ
775 5547 814 5590 ς.
844 5525 1069 5586 Vocula
1095 5549 1185 5602 μεν
1210 5532 1421 5589 aberat
1449 5552 1486 5588 a
1514 5525 1790 5602 vulgatis.
1829 5537 1947 5589 Hoc
1971 5525 2117 5602 ipso'
2137 5535 2197 5591 in

548 5599 684 5658 1000
704 5599 828 5658 duo
860 5615 1006 5656 mss.
1040 5599 1222 5655 ἄοκνον
1246 5611 1320 5673 τῷ
1345 5611 1490 5674 Θεοῷ
1520 5599 1918 5671 ἐπιδεικνύσθω,
1969 5599 2200 5678 π’ληρῶν.

2388 5179 2463 5246 (3)
2489 5179 2652 5248 Regii
2683 5179 2915 5250 primus
2947 5182 3005 5250 et
3024 5178 3233 5233 tertius
3261 5193 3408 5232 cum
3457 5172 3616 5231 Colb.
3667 5171 3767 5241 ἔχει
3811 5163 3859 5212 τὸ

2311 5252 2516 5302 ἔπαινον
2573 5250 2720 5324 Editi
2742 5251 2859 5324 ἔξει.
2894 5249 3093 5324 Codex
3125 5251 3503 5324 Voss.fxttv._
3668 5311 3719 5324 Α,

2383 5325 2458 5392 (li)
2483 5323 2724 5393 Antiqui
2753 5311 2875 5376 duo
2902 5321 3278 5393 libriprieter
3298 5311 3460 5375 voss.
3485 5311 3856 5385 ἐπανορθώσεως.

2311 5389 2420 5448 Alii
2444 5389 2574 5447 duo
2596 5389 2742 5448 mss.
2775 5398 2836 5465 et
2857 5392 2998 5465 editi
3029 5389 3407 5465 diopodaswco_
3434 5459 3448 5465 _
3721 5449 3753 5464 ..
3817 5446 3838 5464 .

2382 5467 2457 5535 (5)
2489 5466 2689 5520 Codex
2720 5464 2884 5519 Colb.
2920 5459 3205 5535 βαστάζει,
3229 5465 3358 5518 Mox
3395 5459 3550 5535 idem
3570 5471 3688 5535 ms:
3713 5459 3785 5502 ἐὰν
3811 5459 3854 5521 ζ).

2378 5527 2456 5608 (6)
2487 5539 2710 5592 Rursus
2738 5535 2902 5593 idem
2920 5527 3082 5592 'liber
3109 5534 3418 5612 ἐγενήθημεν
3444 5532 3566 5604 πρὸς
3593 5527 3736 5597 9.“;-
