4082 6178
216 273 314 326 985

1373 264 1674 325 REGULE
1716 266 1965 326 FUSIUS
2003 269 2427 327 TRACTATIE.

3473 279 3576 333 986

212 413 413 457 τουντες
437 392 492 458 ἓξ
521 392 802 466 ἀνθρώπων
834 388 1014 460 δόξαν,
1057 392 1192 459 οὔτε,
1229 389 1315 464 ἀφ’
1345 391 1508 465 ὑμῶν,
1557 395 1674 445 οὔτε
1722 391 1803 446 ἀπ

1922 409 2094 450 mone
2112 395 2502 463 adulationis,
2532 397 2690 453 sicut
2725 396 2886 454 scitis
2905 412 2929 453 .'
2955 411 3146 468 neque
3173 395 3236 453 in
3265 399 3577 456 occasione

213 483 396 538 ῶλων.

271 667 326 720 2.
358 660 418 711 Ὀ
448 664 620 712 τοίνυν
653 663 847 712 τούτων
888 667 987 712 τῶν
1025 661 1204 713 παθῶν
1234 661 1554 734 καθαρεύων)
1589 659 1716 731 τάχ’
1750 659 1812 711 ἂν

203 755 294 810 τὴν
363 746 589 821 ὀδηγίαν
650 748 873 816 ἀπλανῆ,
935 751 1100 820 ἔαυτῷ
1149 769 1203 802 τε
1259 751 1512 822 ἔμμισθον
1559 753 1649 802 καὶ
1707 755 1812 812 τοῖς

204 839 467 912 ἑπομένοις
524 844 778 912 σωτήριον
834 837 1160 892 ἐκτελέσειεν.
1221 837 1279 889 Ὀ
1317 842 1417 913 γὰρ
1463 843 1534 911 μὴ
1601 835 1693 890 διά
1736 858 1812 890 τι-

200 949 289 990 νας
352 931 510 1001 τιμὰς
573 925 902 1002 ἀνθρωπίνας
941 932 1073 999 μήτε
1118 931 1178 978 τὸ
1227 925 1658 1001 ἀπρόσκρουστον
1704 934 1808 988 τοῖς

201 1018 598 1092 ἁμαρτάνουσιν
633 1018 759 1090 ὑπερ
793 1025 884 1069 τοῦ
943 1012 1078 1076 ἠὸῦς
1125 1015 1302 1078 αὐτοῖς
1341 1013 1470 1068 εἶναι
1505 1021 1594 1068 καὶ
1636 1035 1806 1088 κεχα-

195 1112 442 1182 ρισμένος
501 1103 842 1174 ἐπιτηδεύων,
905 1109 1061 1166 ὅντως
1119 1105 1166 1157 ἐν
1233 1104 1434 1178 ἀγάπῃ,
1489 1108 1620 1178 μετὰ
1679 1104 1811 1179 ποιργ

195 1198 395 1272 ῥησίας
463 1195 780 1270 πρεσϐεῦσει
842 1199 928 1248 τὸν
979 1195 1128 1267 λόγον
1190 1194 1558 1255 ἆκαπηλεύτως
1604 1200 1693 1247 καὶ
1732 1195 1807 1247 εἰ-

195 1285 466 1358 λικρινῶς,
496 1289 568 1356 μὴ
627 1286 926 1358 αἱρούμενος
978 1282 1026 1335 ἐν
1086 1279 1278 1357 μηδενὶ
1318 1279 1502 1335 δολοῦν
1540 1287 1632 1342 τὴν
1682 1281 1807 1341 ἀλή-

199 1376 341 1427 θειαν
375 1395 389 1407 ο

197 1462 340 1516 Ἀλλ’
409 1461 553 1534 έγενή
566 1464 724 1535 οημεν

190 1556 385 1626 τροφὸς
453 1551 623 1624 Θάλπῃ
712 1554 779 1602 τὰ
852 1551 1042 1613 ἑαυτῆς
1123 1556 1312 1618 τέκνα,
1381 1551 1543 1611 οὕτως
1617 1552 1807 1626 ἱμειρό-

447 1374 582 1426 ὦστε
635 1373 867 1447 ἁρμόσαι
919 1373 1059 1444 αῦτῷ
1106 1377 1196 1424 καὶ
1243 1375 1309 1424 τὰ
1361 1371 1474 1434 ἑξῆς
1516 1371 1759 1448 εἰρημένα
1789 1393 1804 1406 ο

800 1467 951 1521 ἤπιοι
1012 1461 1060 1515 ἐν
1134 1467 1278 1534 μέσῳ
1331 1463 1496 1535 ὑμῶν,
1562 1463 1646 1528 ὡς,
1723 1459 1807 1512 ἐὰν

190 1661 342 1715 μενοι
402 1640 486 1702 (7)
557 1643 724 1714 ὑμῶν,
781 1638 1094 1714 εὐδοκοῦμεν
1168 1636 1485 1714 μεταδοῦναι
1556 1642 1676 1712 ὑμῖν
1746 1641 1804 1694 οῦ

1923 484 2218 552 avaritiae,
2249 486 2406 542 Deus
2431 488 2593 541 testis
2622 491 2744 542 est:
2776 501 2885 542 nec
2916 491 3250 558 quaerentes
3289 486 3365 543 ab
3395 487 3580 544 homi-

1924 573 2100 628 nibus
2134 574 2418 642 gloriam,
2447 590 2634 645 neque
2655 590 2692 631 a
2722 575 2905 640 vobis,
2939 589 3129 646 neque
3152 574 3228 630 ab
3259 575 3399 630 aliis
3417 576 3489 631 ³⁵.

1996 666 2047 716 2.
2104 662 2210 726 Qui
2256 677 2399 732 ergo
2453 663 2532 718 ab
2580 663 2673 719 his
2704 663 2862 719 vitiis
2893 680 3084 735 purus
3131 667 3240 730 est,
3275 663 3426 720 forte
3473 665 3582 720 du-

1923 755 2086 806 ctum
2114 752 2428 808 errationis
2460 759 2792 826 expertem,
2824 753 3061 826 sibique
3091 753 3490 819 fructuosum,
3525 759 3584 812 et

1921 855 1984 894 se
2023 840 2417 912 sequentibus
2452 842 2777 898 salutarem
2810 849 3091 914 praestare
3131 843 3364 915 poterit.
3412 843 3578 907 Quis-

1918 929 2053 1002 quis
2082 931 2242 985 enim
2263 947 2401 986 vere
2422 931 2482 987 in
2505 932 2793 988 charitate
2815 933 3088 1002 agit,non
3108 937 3308 988 autem
3333 937 3578 1004 propter

1916 1019 2219 1075 humanos
2241 1020 2541 1091 quosdam
2557 1021 3040 1094 honores,neque
3065 1021 3144 1077 ad
3154 1019 3466 1076 vitandam
3479 1021 3576 1076 de-

1917 1108 2319 1182 linquentium
2359 1109 2779 1176 offensionem,
2814 1115 2877 1166 ut
2919 1110 3004 1165 eis
3037 1109 3348 1180 jucundus
3379 1108 3486 1165 ﬁat
3515 1115 3574 1166 et

1918 1203 2145 1267 gratus,
2192 1199 2241 1252 is
2273 1214 2411 1253 cum
2443 1199 2680 1254 dicendi
2729 1199 3002 1254 libertate
3035 1199 3266 1254 sincere
3307 1203 3366 1254 et
3421 1213 3571 1270 pure

1917 1287 2259 1358 prolaturus
2310 1293 2399 1343 est
2446 1304 2813 1358 sermonem,
2845 1288 3072 1362 quippe
3125 1288 3228 1360 qui
3271 1287 3332 1342 in
3363 1286 3487 1342 ulla.
3507 1303 3572 1342 re

1915 1376 2228 1432 veritatem
2260 1377 2599 1434 adulterare
2643 1378 2810 1434 nolit.
2843 1377 3251 1444 Quamobrem
3304 1376 3358 1431 ei
3388 1375 3568 1432 etiam

1917 1465 2282 1522 conveniunt
2309 1483 2448 1539 quae
2479 1468 2736 1524 subinde
2763 1469 2926 1524 dicta
2953 1473 3126 1523 sunt:
3150 1467 3270 1522 Sed
3293 1466 3449 1535 facti
3479 1481 3575 1521 su-

1915 1571 2046 1610 mus
2071 1557 2322 1624 parvuli
2341 1557 2404 1611 in
2426 1559 2619 1612 medio
2649 1564 2932 1626 vestrum,
2957 1564 3263 1628 tamquam
3281 1556 3334 1611 si
3361 1555 3577 1611 nutris:

1911 1644 2112 1713 foveat
2135 1646 2295 1713 ﬁlios
2322 1661 2484 1701 suos:
2510 1648 2595 1701 ita
2617 1646 3019 1703 desiderantes
3048 1661 3148 1702 vos
3179 1644 3576 1714 cupide,vole-

188 1736 350 1804 μονον
436 1734 497 1782 τό
589 1730 898 1802 Εῦαγγέλιον
971 1738 1063 1782 τοῦ
1132 1738 1288 1794 Θεοῦ,
1359 1729 1486 1782 ἀλλά
1557 1735 1646 1782 καὶ
1719 1732 1803 1792 τὰς

1920 1735 2124 1791 bamus
2157 1736 2398 1791 tradere
2420 1735 2583 1791 vobis
2615 1751 2734 1791 non
2761 1738 2955 1792 solum
3005 1735 3414 1804 Evangetium
3445 1734 3574 1800 Dei,

190 1821 395 1874 ἑαυτῶν
447 1819 658 1892 ψυχάςο
707 1819 764 1872 Ὀ
804 1817 872 1899 ,δὲ
919 1825 992 1893 μὴ
1051 1821 1216 1882 οὕτως
1272 1823 1407 1892 ἔχων
1447 1816 1646 1892 ὁδηγός
1693 1818 1806 1873 ἔστι

190 1910 408 1983 τυγλός,
458 1910 640 1962 ἑαυτὸν
706 1929 760 1962 τε
819 1910 1277 1985 κατακρημνίζων,
1333 1913 1576 1970 καὶτοὺς
1628 1908 1805 1982 ἑπομέ-

187 2020 316 2061 νους
383 2004 794 2072 συνεπαγόμενος
843 2001 948 2063 {8).
987 1998 1149 2051 Ὀσον
1201 2002 1291 2072 μὲν
1347 1996 1437 2051 οὖν
1489 1997 1602 2051 ἐστι
1643 2002 1803 2050 κακὸν

191 2089 313 2142 ἂντὶ
379 2086 606 2161 ὁδηγίας
671 2089 870 2152 πλάνης
917 2094 1082 2142 αἴτιον
1152 2097 1222 2160 τῷ
1277 2085 1480 2162 ἀδελφῷ
1538 2091 1800 2161 γενέσθαι,

189 2185 424 2253 συνορᾷν
483 2179 678 2240 ἔξεστιν
729 2177 784 2230 ἐκ
834 2188 931 2231 τῶν
991 2178 1292 2252 εἰρημένων.
1357 2185 1570 2252 Σημείον
1617 2181 1688 2240 (9)
1744 2175 1804 2230 δέ

188 2268 315 2322 ἔστι
347 2276 498 2319 τοῦτο
544 2275 634 2320 τοῦ
673 2272 764 2320 καὶ
814 2272 908 2326 τὴν
957 2266 1164 2326 ἐντολὴν
1194 2276 1288 2330 τῆς
1333 2266 1534 2340 ἀγάπης
1574 2266 1804 2341 ἁκατόρ-

189 2361 358 2410 θωτον
415 2365 582 2409 εἶναι’
634 2354 809 2418 οὐδεὶς
850 2361 950 2431 γὰρ
1001 2362 1175 2431 πατὴρ
1235 2364 1454 2432 περιορᾷ
1510 2361 1568 2409 τὸ
1618 2356 1803 2410 ἑαυτοῦ

189 2451 373 2499 τέκνον
432 2447 614 2520 μέλλον
662 2451 1004 2499 καταπίπτειν
1064 2447 1130 2507 εἰς
1185 2445 1425 2519 βόθυνον,
1485 2447 1514 2506 ὴ
1579 2445 1803 2518 ἐμπεσὸν

186 2537 438 2609 ἕναφίησι
484 2544 555 2607 τῷ
585 2541 848 2609 πτώματι.
890 2539 1060 2588 Πόσον
1087 2531 1147 2588 δὲ
1187 2531 1471 2608 δεινότερον
1499 2533 1684 2607 ψυχὴν
1731 2536 1802 2598 εἰς

187 2625 364 2699 βάθος
404 2626 522 2695 (10)
562 2634 733 2676 κακῶν
773 2627 1135 2697 ἐμπίπτουσαν
1184 2623 1487 2696 ἐναφεθῆναι
1538 2632 1601 2696 τῇ
1653 2622 1800 2677 ἀπω-

182 2714 318 2786 λείᾳ,
349 2719 403 2765 τί
436 2709 522 2765 δεῖ
547 2718 638 2765 καὶ
687 2713 849 2785 λέγειν
879 2729 892 2780 ;
926 2714 1215 2773 Υπιῦθυνος
1246 2708 1334 2764 οὖν
1381 2711 1498 2764 ἐστι
1541 2721 1604 2785 τῇ
1640 2710 1711 2765 ἆδ
1716 2713 1799 2765 ελ-

186 2808 384 2876 φότητι
411 2800 691 2876 ἀγρυπνεῖν
722 2801 846 2876 ὑπὲρ
901 2810 999 2854 τῶν
1046 2800 1239 2873 ψυχῶν
1287 2801 1476 2868 αὐτῶν,
1527 2807 1617 2854 καὶ
1657 2821 1800 2876 μερι-

184 2896 320 2964 μνᾷν
363 2892 433 2942 τὰ
476 2893 604 2964 πρὸς
655 2895 918 2963 σωτηρίαν
964 2889 1209 2955 ἑκάστου,
1273 2891 1337 2951 ὡς
1391 2889 1542 2962 λόγον
1593 2886 1802 2942 ἁποδὼ-

187 2999 333 3032 σωνσ
378 2984 632 3051 μεριμνᾴν
679 2983 792 3045 (Η)
843 2975 902 3032 δι
949 2977 1032 3031 ἰπὶ
1074 2986 1341 3046 τοσοῦτον,
1403 2981 1472 3041 ὡς
1509 2983 1598 3031 καὶ
1635 2982 1796 3054 μεχρι

1913 1825 2015 1881 sed
2057 1825 2231 1880 etiam
2265 1827 2499 1881 animas
2524 1825 2952 1890 nostras35.Qui
2983 1840 3127 1880 vero
3174 1839 3298 1879 non
3327 1823 3407 1878 ita
3445 1837 3574 1878 sese

1915 1915 2080 1985 gerit,
2106 1912 2231 1968 dux
2250 1919 2339 1968 est
2363 1931 2580 1982 caecus,
2604 1920 2660 1970 et
2689 1915 2961 1986 seipsum
2990 1913 3096 1968 dat
3117 1911 3577 1985 praecipitem,“

1915 2007 2232 2075 sequentes
2263 2002 2440 2058 simul
2465 2002 2659 2058 trahit.
2683 2005 2986 2063 Quantum
3010 2002 3192 2071 igitur
3211 1999 3443 2056 malum
3474 1999 3572 2068 sit,

1913 2093 2079 2150 fratri
2110 2109 2242 2148 esse
2291 2098 2600 2148 auctorem
2633 2092 2874 2148 errandi
2900 2092 3033 2147 loco
3061 2091 3209 2147 recti
3235 2091 3471 2158 ductus,
3494 2103 3571 2144 ex

1911 2182 2086 2238 dictis
2107 2181 2356 2250 intelligi
2386 2186 2601 2254 potest.
2654 2185 2773 2237 Hoc
2799 2186 3086 2252 praeterea
3115 2177 3337 2235 indicio
3357 2181 3448 2232 est
3470 2191 3570 2232 ne-

1911 2287 2029 2345 que
2054 2271 2261 2344 perﬁci
2282 2271 2617 2327 dilectionis
2638 2270 3015 2327 mandatum:
3033 2267 3335 2342 siquidem
3362 2265 3568 2322 nullus

1913 2365 2083 2434 pater
2111 2361 2530 2431 ﬁliumﬁlium,
2566 2360 2614 2416 si
2641 2361 2704 2416 in
2725 2359 2966 2416 foveam
2987 2375 3242 2415 casurus
3276 2357 3368 2419 sit,
3399 2355 3574 2411 dese-

1912 2452 2007 2519 rit,
2034 2467 2229 2524 neque
2261 2455 2586 2524 postquam
2613 2450 2821 2523 lapsus
2850 2454 2960 2515 est,
2992 2465 3133 2505 eum
3157 2447 3215 2503 in
3264 2445 3442 2502 ruina
3470 2444 3574 2500 de-

1912 2539 2218 2613 relinquit.
2250 2541 2486 2605 Quanto
2541 2545 2744 2594 autem
2803 2538 2997 2607 magis
3051 2535 3423 2592 horrendum
3471 2532 3566 2601 sit,

1913 2631 2184 2686 animam
2212 2629 2273 2684 in
2299 2629 2604 2685 malorum
2636 2628 2924 2701 abyssum
2964 2625 3281 2698 delapsam
3313 2620 3570 2694 relinqui

1910 2719 1970 2775 in
1994 2719 2186 2790 exitio,
2211 2718 2357 2790 quid
2379 2718 2510 2789 jam
2538 2719 2747 2773 attinet
2767 2716 2964 2772 dicere
2985 2717 3012 2771 ?
3037 2714 3219 2770 Debet
3245 2713 3426 2784 igitur
3460 2725 3574 2782 pro

1910 2808 2163 2864 fratrum
2187 2806 2509 2862 animabus
2536 2805 2800 2875 vigilare,
2832 2811 2891 2861 et
2920 2810 3216 2877 tanquam
3246 2803 3352 2876 qui
3391 2805 3574 2860 ratio-

1909 2913 2050 2954 nem
2079 2894 2424 2952 redditurus
2445 2895 2538 2961 sit,
2573 2910 2646 2951 ea
2683 2911 2819 2966 quin
2851 2893 2929 2950 ad
2977 2894 3275 2966 cujusque
3321 2893 3568 2951 salutem

1908 2984 2154 3049 faciunt,
2196 2997 2425 3037 curare.
2456 2982 2583 3037 lmo
2614 2981 2689 3037 de
2719 2982 2812 3037 his
2839 2981 2922 3036 ita
2951 2979 3240 3035 sollicitus
3275 2996 3412 3035 esse
3463 2981 3569 3037 de-

188 3070 420 3121 Θανάτου
452 3072 547 3126 τὴν
599 3069 726 3140 ὑπὲρ
779 3067 946 3120 αὐτῶν
991 3064 1232 3126 σπουδὴν
1273 3064 1687 3134 ἐπιδείκνυσθαι,
1739 3070 1797 3120 οῦ

1920 3074 2029 3140 bet,
2059 3076 2122 3127 ut
2141 3070 2322 3126 etiam
2344 3069 2420 3124 ad
2439 3074 2694 3124 mortem
2721 3084 2916 3140 usque
2943 3083 3123 3122 suum
3143 3083 3251 3138 pro
3273 3067 3423 3138 ipsis
3446 3073 3570 3123 stu-

187 3163 344 3232 μόνον
385 3159 522 3208 κατὰ
565 3161 651 3208 τὸν
680 3160 850 3208 κοινὸν
894 3161 1025 3232 πρὸς
1062 3158 1262 3219 πάντας
1297 3165 1389 3217 τῆς
1442 3155 1650 3229 ἀγάπης
1706 3164 1797 3209 ⁶νόῦ

191 3253 392 3322 Κυρίου
441 3245 614 3317 λόγον,
636 3244 746 3297 Ἱνα
782 3265 862 3306 τις
898 3251 992 3304 τήν
1036 3245 1218 3317 ψυχὴν
1249 3247 1408 3297 αὑτοῦ
1442 3247 1502 3318 θῇ
1533 3247 1660 3320 ὑπερ
1698 3265 1796 3296 των

191 3337 310 3388 ἰλων
352 3330 539 3401 αὑτοῦ,
591 3333 718 3386 ἀλλά
765 3337 899 3387 κατὰ
937 3338 1046 3402 (12}
1092 3338 1178 3387 τὸν
1219 3331 1356 3386 ἴδιον
1401 3342 1492 3386 τοῦ
1534 3338 1757 3394 είπόντος
1782 3355 1794 3366 ·

193 3427 533 3499 Ἱμειρόμενοι
565 3425 704 3496 ὑμῶν
754 3420 1064 3496 εὐδοκοῦμεν
1093 3419 1412 3497 μεταδοῦναι
1457 3424 1579 3495 ὑμῖν
1611 3422 1669 3474 οῦ
1704 3425 1797 3494 μὸ-

189 3535 272 3567 νον
312 3520 373 3568 τὸ
423 3514 737 3586 Εῦαγγέλιον
790 3522 880 3567 τοῦ
931 3522 1084 3582 Θεοῦ,
1144 3512 1271 3566 ἀλλά
1318 3517 1408 3565 καὶ
1457 3515 1548 3574 τὰς
1607 3512 1799 3564 ἑαυτῶν

190 3605 395 3678 ψυχάς,

771 3785 1084 3833 ΕΡΩΤΗΣΙΣ
1116 3777 1230 3843 κέ.

201 3875 326 3948 Περὶ
357 3877 451 3923 τοῦ
483 3872 653 3924 πάντα
677 3873 851 3922 καὶτὰ
869 3873 1075 3944 κρυπτὰ
1104 3877 1195 3930 τῆς
1214 3865 1801 3943 καρδίαςίὰνατίθεσθαι

765 3969 837 4032 τῷ
913 3969 1227 4034 προεστῶτι.

819 4055 1194 4104 ΑΠΟΚΡΙΣΙΣ.

267 4149 353 4196 Δεῖ
410 4138 470 4194 δὲ
495 4141 513 4193 (
522 4145 606 4210 13)
639 4144 727 4192 καὶ
775 4148 874 4192 τῶν
918 4141 1341 4212 ὑποτεταγμένων
1381 4140 1618 4208 ἕκαστον,
1662 4143 1706 4192 εἶ
1745 4160 1806 4212 γε

198 4233 371 4306 μέλλοι
429 4231 698 4303 ἀξιόλογον
789 4235 1055 4307 προκοπὴν
1130 4227 1546 4296 ἐπιδείκνυσθαι,
1606 4235 1692 4282 καὶ
1752 4230 1800 4282 ἐν

200 4323 294 4385 ἕξει
351 4331 446 4383 τῆς
499 4324 637 4374 κατὰ
699 4322 764 4373 τὰ
815 4322 1197 4396 προστάγματα
1255 4327 1347 4372 τοῦ
1412 4325 1606 4394 Κυρίου
1654 4323 1800 4393 ἡμῶν

1906 3161 2075 3216 dium
2098 3157 2511 3228 ostendat,37
2531 3159 2574 3227 1
2600 3172 2724 3212 non
2751 3155 2934 3211 modo
2962 3154 3043 3210 ob
3064 3170 3138 3210 ea
3165 3170 3302 3225 quae
3323 3153 3398 3210 de
3424 3155 3566 3210 cha-

1904 3249 2080 3306 ritate
2111 3263 2148 3302 a
2179 3245 2427 3302 Domino
2478 3242 2812 3314 generatim
2861 3241 3150 3299 omnibus
3189 3240 3375 3298 dicta'
3402 3247 3564 3310 sunt,

1906 3353 2146 3410 nempe,
2185 3337 2259 3392 Ut
2302 3336 2570 3391 animam
2617 3349 2789 3390 suam
2840 3338 3027 3402 ponat
3056 3333 3188 3404 quis
3214 3347 3330 3401 pro
3356 3333 3564 3388 amicis

1906 3429 2028 3484 suis
2050 3428 2120 3494 ³⁷,
2153 3424 2260 3481 sed
2307 3425 2478 3480 etiam
2507 3423 2586 3480 ob
2619 3422 2985 3495 peculiarem
3017 3421 3242 3492 agendi
3267 3421 3566 3480 rationem

1903 3516 2084 3584 illius,
2115 3514 2218 3588 qui
2248 3513 2432 3569 dixit:
2468 3513 2885 3569 Desiderantes
2941 3527 3041 3567 vos
3069 3510 3298 3580 cupide,
3331 3511 3568 3568 voleba-

1909 3621 2039 3661 mus
2060 3603 2301 3660 lradere
2320 3603 2481 3658 vobis
2510 3618 2631 3658 non
2656 3603 2849 3657 solum
2871 3601 3276 3672 Evangetium
3307 3600 3436 3666 Dei,
3463 3601 3570 3656 sed

1911 3696 2088 3752 etiam
2114 3696 2350 3750 animas
2381 3697 2624 3748 nostras
2641 3691 2709 3745 ³⁸.

2364 3779 2881 3836 INTERROGATIO
2925 3779 3101 3834 XXVI.

1914 3871 2082 3942 Quod
2127 3869 2328 3926 omnia
2375 3870 2554 3925 etiam
2603 3868 2796 3924 cordis
2835 3881 3067 3923 arcana
3095 3867 3215 3922 sint
3243 3866 3566 3936 praeposito

2559 3957 2911 4027 detegenda.

2530 4045 2943 4104 RESPONSIO.

1983 4138 2406 4212 Unusquisque
2437 4142 2641 4193 autem
2663 4152 2872 4192 eorum
2899 4135 3002 4208 qui
3049 4133 3272 4190 subditi
3305 4137 3466 4199 sunt,
3515 4132 3568 4189 si

1910 4231 2094 4288 modo
2120 4229 2455 4303 protectum
2485 4227 2774 4283 eximium
2820 4225 2960 4281 velit
3006 4224 3221 4290 facere,
3255 4224 3399 4280 etin
3431 4223 3564 4294 ejus

1909 4322 2044 4377 vitae
2074 4336 2211 4392 qua:
2243 4335 2315 4374 ex
2344 4316 2579 4373 Domini
2611 4315 2799 4371 nostri
2834 4317 2973 4370 Jesu
3005 4313 3220 4370 Christi
3245 4313 3562 4386 praeceptis

201 4414 376 4470 Ἰησοῦ
433 4418 668 4486 Χριστοῦ
723 4411 861 4473 ζωῆς
919 4413 1180 4482 γενέσθαι,
1241 4407 1409 4483 μηδὲν
1473 4414 1566 4483 μὲν
1611 4409 1800 4482 ψυχῆς

1920 4409 2277 4480 transigitur,
2307 4406 2485 4461 ﬁrmo
2534 4410 2592 4460 et
2621 4403 2816 4460 stabili
2868 4408 3028 4460 statu
3082 4403 3336 4468 versari,
3387 4402 3569 4458 debet

201 4507 396 4573 κίνημα
464 4499 761 4575 ἀπόκρυφον
819 4499 1101 4572 φυλάσσειν
1167 4499 1291 4574 παρ’
1345 4499 1531 4570 ἐαυτῷ,
1596 4497 1802 4572 μηδένα

203 4586 259 4642 δὶ
323 4590 478 4662 λόγον
532 4587 894 4649 ἀϐασανίστως
949 4590 1244 4662 προίεσθαι,
1297 4586 1406 4639 ἀλλ’
1446 4586 1796 4661 ἀπογυμνοῦν,

203 4680 266 4729 τὰ
312 4681 520 4753 κρυπτὰ
558 4686 653 4740 τῆς
691 4673 917 4752 καρδίας
954 4684 1064 4738 τοῖς
1099 4681 1522 4750 πεπιστευμένοις
1546 4679 1660 4741 (14)
1699 4686 1800 4730 τῶν

269 4831 318 4866 ιι
345 4835 366 4887 ι
393 4830 610 4886 Thess.
632 4844 693 4888 ιι.
723 4834 775 4900 5,
799 4834 854 4887 σ.
930 4829 977 4864 ιι
1003 4828 1152 4885 ibid.
1184 4835 1238 4897 7,
1268 4834 1320 4886 8.

274 4974 352 5044 (7)
375 4971 578 5046 godex
609 4973 773 5046 Voss.
805 4987 926 5046 una
955 4987 1096 5028 cum
1129 4970 1293 5028 Colb.
1319 4972 1660 5046 ὀμειρόμενοι.

271 5042 349 5115 (8)
378 5043 526 5112 Reg.
563 5044 795 5114 primus
826 5043 1097 5115 ἑπομένους
1125 5042 1574 5114 συναπαγόμένος.
1611 5042 1810 5100 Codex

211 5116 372 5171 Colb.
417 5115 690 5186 ἑπομένους
715 5115 876 5184 αὐτῷ.

276 5191 350 5256 (9)
379 5182 682 5240 Editiones
700 5182 923 5256 veteres
949 5182 1479 5256 etBeg.seeundus
1509 5183 1806 5256 εἰρημένων.

212 5253 437 5330 Inpius
498 5265 732 5330 σημεῖον.
764 5260 835 5330 A_t
869 5255 930 5330 in
955 5255 1092 5330 aliis
1124 5253 1315 5310 tribus
1365 5270 1508 5330 mss.
1555 5253 1674 5309 Vox
1714 5272 1810 5310 ση-

210 5325 346 5399 μεῖον
377 5325 581 5394 όθεεῑξ
601 5332 658 5382 et
684 5328 767 5383 ita
793 5327 907 5396 legi
935 5325 1154 5381 debere
1175 5331 1343 5399 puto.
1368 5327 1519 5379 Nam
1546 5339 1681 5399 eam
1713 5341 1812 5399 vo-

211 5395 336 5456 cem
368 5399 640 5483 παρέλκειν
668 5395 995 5454 obscurum
1025 5412 1149 5452 non
1178 5395 1291 5452 est.
1323 5398 1464 5466 Reg.
1491 5395 1696 5450 tertius
1735 5396 1810 5457 ἓξ-

213 5490 346 5524 ιστιν
379 5479 435 5524 ἐκ
461 5479 562 5544 τῶν
591 5479 856 5544 ὁρωμένων
883 5479 1117 5542 σημεῖον.

279 5548 393 5614 (10)
428 5536 632 5599 (ὶοάεκ
656 5536 823 5598 Voss.
843 5547 908 5614 Aet
935 5536 1076 5611 Reg.
1108 5539 1342 5614 primus
1371 5537 1438 5614 εἰς
1470 5536 1635 5610 βάθη.

280 5607 399 5685 (Η)
432 5616 664 5670 Veteres
693 5613 817 5675 duo
842 5611 978 5668 libri
1006 5607 1065 5667 et
1093 5607 1237 5668 Editi
1262 5607 1574 5663 ἀποδώσων·
1606 5612 1696 5661 καὶ
1725 5627 1810 5682 με·

1398 4830 1443 4864 ³⁷
1472 4829 1646 4884 Joan.
1668 4845 1770 4900 xv,
1803 4834 1888 4886 l3.

1911 4513 2106 4571 neque
2117 4501 2348 4553 motum
2364 4493 2549 4549 ullum
2564 4493 2781 4548 animae
2797 4493 3099 4549 occultum
3114 4493 3278 4565 apud
3295 4492 3572 4565 seipsum.

1910 4601 2169 4654 servare,
2209 4599 2406 4656 neque
2438 4582 2690 4637 verbum
2722 4581 2911 4637 ullum
2944 4581 3385 4638 inconsiderate
3426 4596 3564 4652 pro-

1913 4676 2085 4741 ferre,
2119 4673 2228 4730 sed
2255 4670 2752 4744 hiscefratribus,
2784 4671 2888 4744 qui
2927 4670 3184 4728 infirmis
3211 4671 3470 4741 benigne
3510 4672 3569 4723 et

1988 4828 2036 4862 ³⁸
2069 4826 2317 4884 l’l‘hess.
2346 4840 2420 4894 Il,
2458 4829 2510 4881 8.

1915 4973 2299 5046 pt‘tsvéLAReg.
2342 4965 2984 5046 primus_et_Col_b.ita,
3010 4961 3449 5046 utedidimuss

1987 5028 2100 5114 (ii)
2131 5028 2516 5097 Codvex'Colb.
2553 5039 2680 5090 ἀλλὰ
2709 5044 2798 5090 καὶ
2843 5028 2997 5090 κατά.
3031 5034 3265 5089 Ibidem
3301 5031 3462 5086 idem
3502 5028 3566 5083 li-

1914 5112 2022 5169 bei-
2060 5115 2408 5186 ὀμειρόμεναι.
2451 5179 2470 5186 _
2961 5176 2992 5186 _.
3090 5174 3100 5185 .
3495 5171 3506 5182 ο

1989 5171 2103 5254 (13)
2133 5171 2414 5254 Vbéulam
2439 5179 2499 5254 δέ
2524 5179 2731 5254 addidi
2769 5193 2840 5232 ex
2872 5171 3562 5254 antiquisﬂtrihuslibris.

1916 5247 2034 5310 Nec
2064 5256 2142 5309 ita
2180 5255 2368 5309 multo
2395 5253 2550 5307 infra
2602 5251 2723 5304 duo
2782 5265 2927 5302 mss.
2965 5262 3102 5300 cum
3130 5247 3299 5299 Voss.
3332 5247 3467 5294 κατὰ
3505 5247 3564 5296 τὸ

1915 5330 2253 5399 πρόσταγμα.
2305 5323 2568 5378 Subinde
2626 5320 2816 5374 codex
2871 5317 3050 5372 Voss.
3111 5317 3246 5377 ζωῆς
3301 5317 3560 5388 γίνεσθαι.

1917 5398 2059 5450 Rea.
2091 5397 2295 5450 tertius
2324 5393 2660 5450 γενήσεσθαι.

2045 5437 2059 5452 .
2091 5411 2295 5450 tertius
2324 5413 2443 5452 γενη
2455 5411 2660 5444 σεσυαι.

1965 5410 2059 5464 eg.
2091 5410 2295 5450 tertius
2324 5410 2660 5465 γενησεσυαι.

1988 5467 2102 5534 (14)
2135 5466 2283 5520 Edili
2313 5471 2369 5519 et
2399 5467 2538 5529 Reg.
2568 5461 2870 5516 secundus
2894 5467 3005 5524 τοῖς
3024 5467 3429 5536 πιστευομένοις.
3455 5459 3566 5517 Alii

1918 5540 2036 5594 tres
2059 5553 2206 5598 mss.
2225 5537 2673 5610 πεπιστευμένοις,
