4082 6178
528 265 635 330 987

532 488 669 545 rire.
703 486 789 543 Ita
809 487 967 542 enim
1011 484 1181 556 quod
1201 481 1504 538 laudabile
1534 485 1642 551 est,
1668 480 1984 547 stabilitur,
2017 478 2184 553 quod

530 588 675 633 vero
702 575 1055 649 reprobum,
1088 572 1445 644 congruenti
1498 570 1769 629 remedio
1823 569 2181 627 sanabitur:

533 671 714 739 atque
734 678 842 738 per
859 667 1140 720 mutuum
1166 661 1518 734 hujusmodi
1536 661 1882 718 exercitium
1903 660 2186 734 perfectio

536 770 572 813 a
595 755 773 814 nobis
796 752 1269 829 comparabitur,
1300 751 1458 809 facta
1493 750 1789 826 paulatim
1819 750 2182 809 accessione.

983 932 1496 989 INTERROGATIO
1537 932 1738 989 XXVII.

538 1022 707 1093 Quod
729 1024 857 1093 ipse
881 1037 1113 1095 quoque
1144 1022 1488 1092 pres/iectus,
1515 1019 1811 1091 siquando
1835 1019 2073 1077 aberret
2110 1016 2187 1073 ab

606 1112 697 1168 his
718 1113 825 1184 qui
842 1111 1004 1168 inter
1016 1112 1251 1181 fratres
1275 1112 1507 1181 primas
1537 1102 1827 1179 obtinent,
1860 1108 2186 1164 admonen-

608 1202 719 1258 dus
739 1202 838 1259 sit.

1163 1289 1559 1346 RESPONSIO.

608 1382 802 1452 Atque
820 1378 999 1434 etiam
1025 1378 1549 1451 quemadmodum
1570 1376 1884 1450 praefectus
1914 1376 1975 1433 in
2000 1377 2192 1433 omni-

535 1471 652 1527 bus
683 1468 934 1525 fratrum
962 1468 1088 1524 dux
1118 1484 1249 1525 esse
1276 1469 1471 1539 debet,
1505 1469 1586 1525 ita
1615 1483 1861 1541 quoque
1902 1467 2189 1538 vicissim,

539 1557 842 1631 siquando
867 1556 1186 1630 praefectus
1210 1558 1340 1630 ipse
1368 1557 1566 1614 delicti
1587 1558 1845 1628 alicujus
1872 1561 2191 1630 suspectus

537 1647 733 1715 fuerit,
764 1646 965 1720 ipsum
991 1647 1511 1704 commonefacere
1540 1662 1761 1703 munus
1802 1651 1890 1704 est
1927 1646 2191 1719 reliquo-

1895 262 1958 323 S.
2006 258 2266 322 BASILII
2303 256 2519 321 MAGNI

535 397 804 454 humane
825 392 1114 451 curandis
1139 388 1402 465 prafecti
1426 392 1586 460 sunt,
1596 390 1791 447 cordis
1805 402 2027 446 arcana
2047 402 2185 463 ape-

2318 385 2527 462 ιδελφῶν
2602 388 2946 465 εύσπλάγχως
3011 397 3102 444 καὶ

3774 268 3868 325 988

3183 393 3474 465 συμπαθῶς
3538 391 3873 465 επιμελεῖσθαι

2293 486 2393 530 τῶν
2451 478 2819 535 ἀσθενούντων.
2877 482 3030 533 Ούτω
3079 483 3180 556 γὰρ
3224 485 3279 532 τὸ
3340 484 3435 553 μεν
3493 480 3748 534 ἐπαινετὸν
3801 483 3875 556 βε-

2295 566 2559 639 ϐαιοῦται,
2590 572 2650 622 τὸ
2682 566 2743 623 δὲ
2772 566 3024 643 ἀδόκιμον
3079 578 3173 633 τῆς
3221 572 3602 646 προσηκούσης
3630 572 3877 646 θεραπείας

2299 655 2657 721 ἀξιωθήσεται
2689 673 2704 688 ⁸
2747 661 2803 714 ἔκ
2844 678 2899 714 τε
2944 666 3039 723 τῆς
3076 662 3321 722 τοιαύτης
3370 663 3741 722 συνασκήσεως
3779 665 3875 725 (I5)

2297 742 2390 800 διὰ
2419 754 2517 811 τῆς
2535 748 2672 802 κατὰ
2690 752 2877 823 μικρὸν
2900 750 3212 824 προσθήκης
3241 751 3271 808 ἠ
3301 747 3572 812 τελείωσις
3591 746 3713 824 ἡμῖν
3735 767 3879 826 προσ-

2294 842 2588 910 γενήσεται.

2857 928 3173 982 ΕΡΩἸἮΣΙΣ
3222 924 3338 980 ΚΖ’.

2294 1016 2417 1070 Ὀτι
2473 1013 2560 1071 δεῖ
2600 1018 2689 1071 καὶ
2735 1019 2823 1072 τόν
2878 1025 3185 1093 προεστῶτα
3212 1018 3713 1092 ὑπομιμνησκεσθαι
3755 1020 3879 1093 παρᾶ

2367 1114 2467 1161 τῶν
2494 1111 2823 1180 προεχόντων
2852 1105 2901 1160 ἐν
2922 1112 2984 1181 τῇ
3010 1101 3345 1181 ἀδελφότητι,
3374 1108 3544 1161 εἴποτε
3576 1106 3737 1180 σφαλῇ
3761 1106 3877 1179 (16).

2909 1290 3283 1341 ΔΠΟΚΡΙΣΙΣ.

2369 1373 2569 1451 Ὠσπερ
2620 1373 2681 1428 δε
2747 1375 2772 1428 ὁ
2824 1379 3089 1450 προεστὼς
3153 1376 3447 1436 ὑπεύθυνός
3514 1373 3650 1427 ἐστιν
3695 1366 3877 1448 ὁδηγεῖν

2302 1464 2374 1528 εἰς
2410 1467 2581 1518 πάντα
2630 1467 2724 1524 τὴν
2787 1460 3159 1537 ἀδελφότητα,
3218 1463 3356 1517 οὕτω
3434 1463 3593 1517 πάλιν
3654 1469 3739 1516 καὶ
3785 1461 3878 1524 τοῖς

2304 1554 2507 1616 λοιποῖς
2562 1551 2841 1619 ἐπιϐάλλει,
2876 1554 2937 1605 ἄν
2986 1570 3113 1606 ποτε
3169 1552 3476 1625 ὑποπτευθῇ
3540 1571 3593 1604 τι
3642 1556 3752 1629 περὶ
3807 1554 3877 1604 τόν

2305 1651 2615 1719 προεστῶτα
2716 1641 3093 1717 πλημμέλημα,

3213 1642 3490 1716 ὑπομιμνή
3502 1661 3639 1695 σχειν
3725 1641 3878 1695 αὐτόν.

537 1752 697 1794 rum.
752 1736 1158 1802 Quamobrem
1207 1748 1283 1793 ne
1330 1735 1675 1793 exsolvatur
1730 1734 2069 1809 disciplina,
2122 1736 2196 1792 iis

2318 1731 2468 1787 Ὠστε
2526 1729 2586 1787 δε
2642 1736 2713 1806 μὴ
2767 1733 2989 1793 λυθῆναι
3026 1736 3121 1791 τὴν
3161 1731 3429 1803 εὐταξίαν,
3465 1738 3573 1792 τοῖς
3617 1735 3880 1807 προέχουσι

537 1827 641 1901 qui
671 1842 810 1883 cum
831 1831 1002 1884 aetate
1025 1831 1151 1883 tum
1178 1827 1500 1901 prudentia
1530 1830 1837 1901 praestant,
1876 1824 2081 1883 danda
2110 1830 2199 1883 est

537 1917 907 1973 admonendi
957 1920 1244 1990 potestas.
1287 1917 1346 1975 Si
1387 1917 1533 1992 quid
1586 1917 1767 1988 igitur
1795 1917 1991 1989 fuerit,
2032 1916 2199 1991 quod

537 2006 850 2063 emendari
892 2021 1091 2079 operte
1145 2006 1408 2079 pretium
1459 2007 1551 2073 sit,
1599 2005 1954 2079 juvabimus
2001 2006 2199 2063 etfra-

537 2099 712 2166 trem,
743 2100 799 2150 et
826 2109 935 2168 per
958 2094 1130 2151 illum
1157 2097 1587 2169 nosmetipsos,
1634 2095 1740 2169 qui
1783 2095 1945 2151 hunc
1997 2096 2199 2168 ipsum

539 2184 643 2257 qui
688 2183 871 2240 veluti
910 2184 1043 2240 vitas
1074 2190 1294 2241 nostras
1321 2186 1532 2255 regula
1559 2190 1668 2253 est,
1703 2200 1937 2257 suaque
1967 2183 2199 2241 rectitu-

539 2271 680 2327 dine
706 2275 1162 2343 perversitatem
1195 2279 1469 2331 nostram
1490 2272 1850 2345 redarguere
1891 2272 2094 2341 debet,
2121 2271 2201 2329 ad

538 2363 768 2416 rectam
798 2360 957 2414 viam
988 2360 1405 2418 reduxerimus
1433 2380 1446 2419 :
1475 2362 1569 2418 sin
1591 2366 1791 2419 autem
1818 2367 2040 2418 temere
2081 2365 2204 2417 tur-

540 2448 668 2504 bati
719 2448 940 2504 fuerint
991 2450 1267 2506 nonnulli
1320 2451 1476 2507 illius
1529 2466 1733 2516 causa,
1787 2450 1907 2523 ipsi
1936 2449 2007 2506 iis
2064 2466 2200 2523 qua:

542 2537 695 2594 falso
722 2542 1010 2610 suspecta
1042 2539 1281 2597 fuerant
1300 2540 1573 2611 cognitis,
1608 2539 1890 2596 certiores
1933 2538 2093 2605 facti,
2122 2538 2201 2596 ab

544 2640 616 2685 ea
671 2643 861 2702 quam
909 2629 984 2687 de
1033 2633 1168 2704 ipso
1217 2636 1621 2706 conceperant
1664 2629 2008 2704 suspicione
2052 2628 2201 2686 libe-

546 2722 778 2774 rantur.

955 2808 1476 2869 INTERROGATIO
1540 2812 1770 2869 XXVIII.

546 2895 848 2965 Quomodo
869 2905 1141 2969 aporteat
1170 2898 1339 2971 afﬁci
1363 2914 1564 2959 omnes
1581 2916 1725 2973 erga
1751 2898 2201 2972 immorigerum

1075 2993 1129 3046 et
1167 2988 1669 3062 inobsequentem.

1166 3080 1576 3137 RESPONSIO.

617 3170 666 3223 1.
702 3169 856 3224 Sane
877 3182 1016 3225 cum
1059 3169 1195 3243 quis
1226 3171 1484 3242 segniter
1512 3170 1717 3227 obedit
1747 3168 1979 3228 Domini
2029 3184 2201 3226 man-

545 3255 723 3327 datis,
764 3259 1030 3330 primum
1056 3259 1304 3332 quidem
1343 3274 1542 3333 operas
1571 3261 1834 3333 pretium
1870 3265 1960 3317 est
1988 3274 2201 3317 omnes

553 3342 729 3416 3'72
749 3362 889 3401 eum
919 3354 1212 3420 tanquam
1236 3350 1578 3406 membrum
1599 3365 1829 3420 aegrum
1853 3349 2208 3415 miserari,et

550 3431 899 3506 praefectum
944 3437 1067 3492 suis
1093 3437 1281 3510 ipsius
1329 3439 1727 3495 hortamentis
1756 3438 2116 3495 inﬁrmitatis
2145 3436 2209 3494 il-

550 3520 665 3577 lius
710 3525 1084 3582 curationem
1134 3533 1393 3586 tentare:
1436 3533 1923 3600 perseverantem
1952 3543 2092 3583 vero
2148 3527 2208 3583 in

550 3612 956 3680 contumacia,
986 3618 1045 3672 et
1073 3617 1386 3673 emendari
1416 3618 1742 3684 nolentem,
1771 3617 1970 3673 acrius
2002 3631 2211 3673 coram

551 3706 674 3757 toto
705 3690 960 3759 fratrum
989 3710 1145 3760 ccetu
1168 3707 1698 3780 coarguere,eique
1724 3720 1864 3763 cum
1882 3706 2051 3761 omni
2082 3705 2215 3761 hor-

550 3793 674 3847 tatu
714 3793 965 3852 mederi.
998 3794 1171 3860 Quod
1202 3796 1249 3851 si
1302 3795 1523 3868 saspius
1563 3795 1935 3862 admonitus,
1982 3795 2217 3869 pudore

549 3893 675 3936 non
706 3879 1191 3957 atﬁcitur,neque
1219 3885 1419 3957 reipsa
1441 3886 1836 3958 semetipsum
1864 3890 2059 3956 sanat,
2077 3896 2218 3940 eum

546 3968 729 4026 veluti
756 3972 849 4027 sui
874 3971 1065 4044 ipsius
1098 3979 1331 4045 pestem
1357 3978 1445 4045 (ut
1474 3977 1563 4030 est
1600 3974 1662 4029 iu
1692 3974 2063 4046 proverbio),
2094 3988 2219 4029 non

550 4059 797 4131 quidem
831 4062 963 4117 sine
995 4061 1194 4137 multis
1215 4060 1501 4134 lacrymis
1525 4078 1593 4119 ac
1625 4062 1971 4134 gemitibus,
2001 4062 2105 4117 sed
2141 4068 2225 4118 ta-

551 4154 692 4204 m'en
722 4155 786 4206 ut
811 4150 1155 4207 membrum
1186 4158 1538 4225 corruptum
1587 4157 1644 4209 et
1690 4153 1928 4225 penitus
1979 4152 2207 4219 inutile,

554 4238 929 4297 medicorum
957 4242 1299 4314 exemplo,a
1327 4243 1637 4298 communi
1662 4256 1912 4316 corpore
1942 4256 2222 4299 resecare

557 4324 876 4386 debemus.
896 4331 959 4386 Hi
982 4330 1143 4387 enim
1171 4332 1580 4406 quodcunque
1605 4332 1853 4389 tandem
1877 4330 2222 4388 membrum

558 4414 884 4517 insanabili
928 4421 1144 4477 morbo
1171 4425 1513 4494 correptum
1559 4422 1911 4496 repererint,
1944 4426 2009 4478 ut
2038 4437 2113 4478 ne
2142 4422 2222 4479 la-
2254 4463 2293 4517 ο

562 4500 677 4559 tius
707 4503 837 4561 lues
876 4515 1098 4580 serpat,
1131 4509 1483 4583 vicinasque
1513 4517 1713 4583 partes
1760 4510 1840 4568 ob
1870 4510 2223 4569 continuita-

562 4598 682 4650 tem
732 4602 1100 4669 corrumpat,
1155 4601 1419 4656 secando
1463 4600 1771 4657 urendove
1824 4600 1973 4657 illud
2016 4601 2222 4658 tollere

562 4683 718 4741 soliti
764 4690 921 4741 sunt.
972 4686 1145 4752 Quod
1184 4694 1243 4744 et
1283 4703 1531 4745 necesse
1580 4695 1670 4746 est
1696 4707 1733 4747 a
1760 4691 1939 4747 nobis
1971 4690 2127 4747 efﬁci
2156 4691 2216 4748 in

562 4773 637 4830 iis
677 4776 781 4849 qui
813 4777 1047 4832 Domini
1078 4777 1368 4835 mandata
1397 4778 1537 4835 odio
1588 4779 1838 4844 habent,
1883 4786 1988 4838 aut
2035 4780 2225 4853 impe-

561 4863 772 4931 diunt;
805 4866 1059 4921 Domino
1084 4864 1216 4936 ipso
1236 4866 1486 4938 jubente
1507 4884 1578 4924 ac
1608 4868 1880 4925 dicente:
1913 4870 1985 4925 Si
2009 4871 2222 4925 oculus

568 4960 706 5011 tuus
725 4956 933 5013 dexter
950 4958 1330 5013 scandalizat
1362 4964 1587 5025 te,erue
1603 4970 1733 5015 eum
1746 4999 1759 5026 ,
1790 4965 1847 5017 et
1862 4961 2095 5031 projice
2118 4960 2230 5017 abs

639 5069 752 5140 (15)
789 5067 1022 5140 Veteres
1079 5065 1201 5123 duo
1256 5065 1394 5123 libri
1444 5072 1691 5131 τοιαύτης
1748 5067 2038 5132 ἀσκήσεως,
2099 5074 2225 5128 Mox

567 5136 711 5217 gditi
737 5136 822 5217 vet
850 5138 974 5197 duo
1028 5156 1181 5217 nias,
1224 5146 1566 5215 περιγίνεται.
1599 5141 1765 5197 Alius
1802 5149 2217 5217 περιγενήσεται.

569 5209 708 5287 Reg.
734 5211 967 5287 primus
994 5216 1050 5287 et
1079 5209 1712 5287 )'OS§.__7tpr/cvicirat,
1740 5209 1918 5287 recte.

642 5281 753 5345 (t6)
787 5282 1030 5356 Antiqui
1061 5281 1184 5355 duo
1213 5281 1351 5339 libri
1382 5281 1466 5337 ἐάν
1496 5304 1639 5343 ποτε.
1669 5281 1836 5356 Haud
1875 5284 2055 5355 longe
2082 5285 2225 5342 editi

570 5351 628 5403 et
658 5367 814 5406 unus
846 5351 966 5408 ms:
1006 5355 1067 5407 οἶν
1092 5352 1234 5408 ’ποτε
1287 5358 1606 5415 summes.
1657 5355 1767 5412 Alii
1798 5363 1915 5414 tres
1949 5351 2095 5414 diss.
2138 5358 2222 5411 ἕάν

571 5438 715 5476 ποτε.

678 5497 754 5563 l7)
791 5494 1010 5553 Vocula
1029 5518 1081 5550 τε
1106 5497 1314 5555 addita
1343 5504 1526 5555 estex
1558 5499 1745 5557 tribus
1769 5500 2226 5559 codicibus.Ad-

572 5566 842 5623 didimus
874 5586 1121 5647 quoque
1152 5586 1274 5631 non
1301 5571 1480 5642 longe
1502 5588 1576 5628 ex
1604 5588 1734 5635 mss
1785 5573 1988 5645 multis
2012 5590 2222 5632 vocem

575 5655 717 5721 ὄντος.

2309 1828 2403 1882 την
2450 1836 2504 1876 τε
2547 1820 2750 1882 ἠλικίαν
2792 1828 2883 1875 καὶ
2911 1826 3006 1881 τὴν
3064 1824 3274 1875 σύνεσιν
3322 1824 3617 1895 επιτρίπειν
3667 1825 3767 1896 χρὴ
3802 1823 3881 1877 τὴν

2311 1915 2625 1985 ὑπόμνησιν.
2685 1913 2802 1966 Ἐὰν
2868 1915 2959 1986 μὲν
3016 1910 3104 1964 οὖν
3246 1929 3297 1963 τι
3359 1906 3686 1985 διορθώσεως
3739 1908 3877 1975 ἄξιον,

2309 2006 2395 2056 τόν
2447 2020 2502 2056 τε
2542 2006 2655 2071 (17)
2711 1994 2931 2075 ἀδελφὸν
2992 2000 3348 2073 ὠφελησαμεν,
3421 2002 3510 2053 καὶ
3575 1999 3773 2060 ἑαυτούς
3820 1993 3881 2050 δι’

2310 2090 2524 2159 ἐκείνου,
2583 2095 2670 2144 τόν
2723 2093 2876 2144 οἱονεὶ
2919 2095 3109 2143 κανόνα
3160 2098 3252 2142 τοῦ
3302 2092 3562 2164 ἡμετέρου
3610 2087 3726 2162 βίου
3764 2092 3878 2151 ὄντα,

2310 2185 2400 2233 καὶ
2450 2188 2513 2254 τῇ
2573 2179 2761 2234 ἐαυτοῦ
2801 2180 3046 2254 ὀρθότητι
3094 2182 3152 2233 τό
3200 2172 3582 2255 ἐνδιάστροφον
3635 2179 3766 2252 ἡμῶν
3816 2170 3881 2227 δι-

2313 2270 2544 2343 ελέγχειν
2604 2270 2869 2344 ὀφείλοντα
2905 2273 3031 2346 πρὸς
3076 2273 3135 2322 τὸ
3162 2269 3283 2323 εύθὺ
3315 2273 3719 2344 καταρτίσαντες
3745 2268 3840 2329 (II)
3867 2285 3877 2296 '

2312 2357 2397 2414 ἐὰν
2452 2355 2511 2414 δε
2548 2362 2719 2434 μάτην
2749 2364 2883 2424 τινες
2929 2357 3006 2413 ἐπ’
3042 2360 3183 2430 αύτῷ
3221 2361 3548 2434 ταραχθῶσι
3585 2357 3879 2434 πληροφορη-

2314 2450 2481 2509 θέντες
2543 2445 2637 2501 διὰ
2696 2456 2787 2511 τῆς
2846 2454 3175 2525 φανερώσεως
3232 2455 3335 2499 τῶν
3396 2447 3455 2500 ού
3519 2444 3631 2520 μετ’
3673 2443 3881 2502 ἀληθείας

2312 2537 2749 2607 ὑποπτευθέντων,
2805 2546 2900 2600 τῆς
2963 2536 3040 2591 ἐπ’
3071 2536 3212 2609 αύτῷ
3272 2534 3595 2614 διακρίσεως
3644 2531 3881 2587 ἀπαλλάσ-

2316 2642 2515 2682 σονται.

2849 2810 3166 2861 ΕΡΩΤΗΣΙΣ
3216 2804 3344 2864 ΚῘΓ.

2371 2900 2488 2960 Πῶς
2517 2900 2626 2972 χρὴ
2657 2890 2962 2951 διακεῖσθαι
2987 2897 3105 2958 τούς
3135 2899 3339 2960 πάντας
3376 2901 3498 2972 περὶ
3523 2898 3607 2950 τόν
3638 2893 3824 2951 ἀπειθῆ.

2923 3076 3296 3130 ΔΠΟΚΡΙΣῙΣ.

2391 3165 2441 3220 1.
2464 3169 2547 3235 Τῷ
2575 3166 2754 3237 μέντοι
2794 3163 3021 3238 ὀκνηρῶς
3051 3159 3367 3240 διακειμένῳ
3400 3167 3534 3240 πρὸς
3556 3168 3646 3223 τὴν
3683 3162 3879 3217 ὑπακοὴν

2318 3260 2417 3306 τῶν
2476 3250 2685 3305 ἐντολῶν
2737 3262 2830 3306 τοῦ
2896 3258 3091 3330 Κυρίου
3153 3262 3359 3331 πρῶτον
3428 3257 3519 3331 μὶν
3585 3249 3880 3327 συμπάσχειν

2318 3344 2514 3404 πάντας
2570 3346 2679 3416 χρὴ
2742 3346 2812 3405 ὡς
2857 3346 3159 3401 νενοσηκότι
3227 3343 3393 3416 μέλει,
3446 3348 3533 3396 καὶ
3587 3349 3696 3402 ταῖς
3749 3335 3882 3397 ἰδίαις

2318 3436 2656 3507 παραινέσεσι
2728 3435 2814 3484 τόν
2889 3437 3198 3507 προεστῶτα
3254 3434 3544 3507 πειρᾶσθαι
3609 3430 3753 3484 αὐτοῦ
3808 3429 3880 3482 τὴν

2322 3519 2617 3596 ἀρρωστίαν
2680 3520 3097 3596 ἐπανορθοῦσθαι
3129 3543 3141 3555 ·
3202 3520 3511 3594 ἐπιμένοντα
3564 3518 3620 3575 δι
3667 3526 3723 3592 τῇ
3768 3514 3881 3570 ἄπειμ-

2325 3612 2437 3682 θείᾳ
2476 3616 2567 3663 καὶ
2615 3615 2708 3669 τὴν
2761 3607 3047 3685 διόρθωσιν
3090 3616 3162 3684 μη
3216 3607 3506 3684 δεχόμενον
3536 3609 3882 3685 ἐμϐριθέστερον

2325 3698 2557 3773 ἐλέγχειν
2608 3700 2690 3754 ἐπὶ
2737 3704 2910 3762 πάσης
2961 3709 3059 3764 τῆς
3111 3697 3488 3775 ἁδελφότητος,
3519 3706 3606 3753 καὶ
3649 3700 3766 3773 μετὰ
3798 3694 3881 3746 πά-

2330 3809 2430 3852 σης
2454 3790 2830 3864 παρακλήσεως
2867 3793 3153 3868 προσάγειν
3184 3793 3291 3851 (19)
3327 3792 3467 3865 αὐτῷ
3518 3794 3604 3852 τὰς
3650 3790 3846 3864 ἰατρείας
3868 3803 3879 3815 ⁸

2328 3884 2400 3954 μὴ
2466 3879 2822 3956 ἐντρεπόμενον
2876 3877 2935 3935 δὲ
2996 3883 3129 3955 μετὰ
3182 3879 3378 3941 πολλὴν
3436 3882 3714 3946 νουθεσίαν,
3768 3869 3883 3949 μπδέ

2334 3970 2542 4042 ἰώμενον
2604 3970 2785 4024 ἑαυτὸν
2851 3971 2899 4023 ἐν
2972 3975 3076 4033 τοῖς
3124 3971 3316 4045 ἔργοις,
3384 3974 3453 4034 ὡς
3531 3970 3678 4023 αὐτὸν
3730 3966 3880 4019 ἑαυτοῦ

2330 4058 2565 4132 λυμεῶνα
2611 4065 2733 4114 ὄντα
2762 4063 2896 4128 \20),
2939 4063 3075 4113 κατὰ
3131 4064 3224 4119 τὴν
3271 4067 3579 4137 παροιμίαν,
3634 4059 3750 4132 μετὰ
3780 4050 3882 4106 πολ-

2330 4154 2429 4206 λῶν
2467 4156 2557 4227 μεν
2614 4148 2854 4229 δακρύων
2902 4156 2993 4204 καὶ
3044 4152 3262 4226 θρήνων,
3317 4152 3454 4226 ὅμως
3504 4148 3553 4204 δ’
3591 4145 3672 4202 οὖν
3716 4147 3777 4206 ὡς
3817 4136 3881 4194 δι-

2334 4246 2643 4320 εφθαρμένον
2720 4240 2872 4317 με’λος
2943 4244 3031 4293 καὶ
3094 4239 3355 4303 παντελῶς
3427 4241 3709 4314 ἄχρηστον,
3772 4230 3883 4285 κατὰ

2332 4339 2426 4393 τὴν
2464 4343 2563 4387 τῶν
2623 4331 2809 4407 ἰατρῶν
2857 4336 3104 4406 μίμησιν,
3137 4336 3229 4383 τοῦ
3272 4338 3448 4385 κοινοῦ
3505 4333 3729 4405 σώματος
3772 4320 3880 4374 ἀπο-

2332 4428 2559 4478 κόπτειν.
2618 4426 2719 4475 Καὶ
2772 4423 2873 4495 γὰρ
2929 4422 3178 4487 κάκεῖνοι,
3259 4421 3383 4493 ὅπερ
3456 4419 3515 4472 ἂν
3578 4417 3754 4491 εὕρωσι
3800 4414 3879 4461 τῶν

2332 4511 2494 4588 μελῶν
2546 4511 2739 4584 ἁνιάτῳ
2787 4511 2903 4576 (2i)
2951 4512 3105 4563 πάθει
3133 4508 3550 4587 τροειλημμένον,
3604 4507 3665 4566 ὡς
3713 4506 3775 4576 μὴ
3811 4496 3880 4549 ἐπὶ

2330 4602 2459 4657 πολύ
2542 4603 2778 4674 χυθῆναι
2841 4598 3044 4675 βλάϐην
3101 4602 3236 4652 κατὰ
3291 4599 3350 4654 τὸ
3420 4598 3630 4671 συνεχὲς
3687 4593 3744 4644 τὰ
3799 4603 3878 4638 πα·

2330 4697 2607 4769 ρακείμενα
2704 4687 3113 4765 διαφθείρουσαν
3148 4731 3161 4757 ,
3237 4696 3425 4763 τομαῖς
3507 4691 3595 4739 καὶ
3665 4682 3876 4734 καύσεσιν

2330 4768 2548 4858 ἐξαιρεῖν
2594 4782 2863 4839 εἰώθασιν.
2907 4779 3070 4855 Ὀπερ
3127 4785 3218 4833 καὶ
3273 4782 3398 4853 ἡμῖν
3437 4776 3518 4831 ἐπὶ
3552 4783 3645 4830 τῶν
3698 4768 3878 4859 έχθμζ

2328 4878 2516 4927 νόντων
2553 4874 2583 4933 ἣ
2645 4868 3031 4946 ἲμποδιζόντων
3080 4876 3197 4931 ταῖς
3242 4869 3468 4931 ἐντολαῖς
3504 4872 3592 4919 τοῦ
3628 4861 3798 4935 Κυρίου
3834 4847 3877 4946 εξ

2332 4963 2558 5037 ἀνάγκης
2605 4964 2718 5017 ἐστὶ
2763 4968 2948 5030 ποιεῖν,
3003 4963 3137 5014 κατὰ
3169 4964 3228 5015 τό
3272 4964 3583 5036 πρόσταγμα
3620 4950 3763 5017 at???"
3796 4958 3872 4993 τθν

2403 5074 2518 5139 (l8)
2551 5070 2750 5144 Codex
2774 5069 2942 5128 Colb.
2968 5074 3405 5144 καταρτίσαντας.
3424 5062 3722 5135 Aliquanto
3744 5045 3874 5108 infra

2329 5145 2507 5224 idQIIi‘
2521 5160 2635 5224 rus.
2671 5139 2704 5196 δ
2708 5147 2990 5224 ιακρξσεως
3002 5139 3286 5224 ,ξιπαλλαγή
3297 5158 3492 5224 πίεται,

2400 5215 2514 5290 (t9)
2547 5218 2771 5290 Rursus
2793 5212 2953 5290 idem
2974 5212 3126 5290 iiber
3163 5216 3529 5290 προσαγαγεῖν.
3567 5278 3587 5290 _
3694 5268 3742 5290 :_
3774 5256 3849 5290 Mn

2400 5257 2513 5358 2-555
2545 5257 2953 5343 ἓόἆῖὲέἐᾶἶὶὄ
2974 5257 3229 5358 ﬁliai};
3239 5257 3378 5337 ενξᾶ.
3413 5257 3539 5358 'v_o;_
3558 5257 3870 5358 δεταιλξ

2333 5342 2656 5416 tis‘de'erat.
2692 5357 2914 5414 Suadet
2929 5342 3190 5429 Sco'ttus,
3223 5351 3469 5429 ut‘apud
3496 5342 3868 5429 Harii-Junii?

2331 5411 2576 5501 ἱέεὲξιὶίη
2585 5411 2987 5504 isi-osanna
3010 5411 3190 5485 illud;
3205 5411 3332 5485 sibi
3346 5411 3460 5496 ipsi
3476 5422 3657 5501 exitus
3671 5411 3868 5504 43.3535.

2333 5511 2389 5561 et
2401 5489 2523 5587 suo
2551 5489 2763 5587 capiti.
2781 5499 3114 5587 aliquanto
3139 5504 3285 5587 post
3315 5489 3427 5585 suo
3445 5508 3583 5551 mss.
3608 5489 3724 5563 ὅμως
3747 5489 3862 5548 ’ἴθυν’

2402 5580 2518 5646 (2i)
2552 5573 2796 5656 Antiqui
2812 5571 2939 5633 duo
2969 5571 3109 5643 libri
3135 5571 3185 5637 ἓν
3213 5571 3431 5651 ἀνιάτω.
3562 5606 3569 5613 .
