4082 6178
497 216 605 287 965
764 248 771 257 ρ
1700 234 1711 239 ·
1860 218 1917 275 S.
1959 217 2109 275 BASI

2255 215 2496 275 usam.
3752 222 3867 276 ηε

502 358 644 419 tres,
666 350 1009 425 permittere
1033 360 1155 404 non
1177 345 1356 403 debet
1379 342 1694 417 praefectus
1745 345 1811 399 ut
1854 341 1933 398 ad
1980 341 2114 414 quid

2268 336 2599 413 ἀδελφότητα
2655 344 2727 413 μὴ
2786 339 3152 414 ἐπιτρέπεσθαι
3210 341 3354 415 παρά
3404 346 3498 393 τοῦ
3532 348 3866 414 προεστῶτος

498 457 686 517 quam
711 439 1143 505 distrahantur,
1169 439 1272 491 aut
1294 440 1405 506 per
1423 432 1685 506 speciem
1710 431 2110 489 visitandorut

2268 434 2399 505 πρὸς
2445 426 2610 502 μηδεν
2665 428 3175 504 ἀπομετεωρίξεσθαι
3230 430 3368 501 (47)·
3410 426 3549 502 μηδὲ
3600 434 3866 503 προφάσει

498 515 895 600 cognatorum
916 524 1202 582 secedant
1218 538 1253 579 a
1268 522 1573 584 fratribus,
1596 521 1904 593 vitamque
1931 519 2110 590 degat

2264 519 2466 571 οἰκείων
2543 518 2865 590 ἐπισκέψεως
2937 518 3226 592 ἀναχωρεῖν
3287 522 3388 572 τών
3465 515 3718 591 ἀδελφῶν,
3773 526 3867 573 καὶ

498 632 534 675 a
558 618 815 674 testibus
843 617 1161 682 remotam,
1195 617 1298 670 aut
1328 610 1488 667 curis
1516 610 1892 681 incumbant,
1912 609 2034 665 suis
2065 625 2110 665 st

2264 606 2562 682 ἀμάρτυρον
2623 610 2761 670 ζωὴν
2812 605 3038 682 διάγειν,
3087 614 3219 681 μήτε
3272 605 3554 684 φροντίδας
3635 629 3866 682 συγχω-

495 708 765 763 cundum
786 720 1029 763 carnem
1056 700 1414 776 propinquis
1433 700 1885 773 patrocinaturi.
1910 703 2059 757 Nam
2087 699 2105 754 ἱ

2257 699 2466 772 ρεῐσθαι
2519 700 2660 770 ἔχειν
2717 697 2769 750 ἄν
2824 706 2886 770 τῇ
2942 703 3245 774 προστασίᾳ
3287 707 3389 750 τῶν
3431 707 3696 771 συγγενῶν
3725 702 3867 751 κατὰ

496 810 760 860 summa,
794 806 995 850 meum
1018 797 1255 850 ettuum
1282 792 1342 847 in
1369 790 1652 847 fratribus
1676 790 1792 845 dici
1814 795 1975 845 vetat
1992 789 2080 844 Sci
2090 805 2108 861 ι

2262 789 2454 861 σάρκα.
2524 786 2691 847 Ὀλως
2763 790 2854 859 μὲν
2900 790 3003 861 γὰρ
3052 783 3438 861 ἀποδοκιμάζει
3494 789 3520 840 ό
3572 788 3723 860 λόγος
3805 792 3866 841 τό

495 890 631 943 tura
663 905 676 938 :
706 886 856 941 Erat
883 884 1064 949 enim,
1089 881 1303 954 inquit,
1334 880 1598 937 omnium
1632 872 2003 936 credentium
2052 894 2107 935 cc

2259 874 2378 948 ἐμόν
2453 881 2542 929 καὶ
2596 881 2655 928 τό
2715 879 2804 929 σόν
2861 875 2909 929 ἐν
2955 873 3269 949 ἀδελγότητι
3305 877 3566 949 λέγεσθαι·
3598 877 3696 930 Ἠν
3733 880 3863 952 γὰρ,

494 992 681 1032 unum
696 974 1106 1031 etanimauna
1134 988 1147 1027 :
1177 986 1286 1027 nec
1302 972 1614 1042 quisquam
1637 982 2001 1040 eorum,qua3
2020 983 2106 1038 p0:

2260 969 2410 1038 φησὶ,
2514 967 2716 1018 πάντων
2800 975 2902 1018 τῶν
2982 969 3374 1020 πιστευσάντων
3459 963 3662 1041 καρδία
3772 973 3864 1020 καὶ

497 1066 751 1130 sidebat,
777 1062 1014 1136 aliquid
1034 1078 1162 1118 sum
1184 1075 1306 1118 esse
1326 1060 1635 1116 dicebat“.
1685 1062 1889 1130 Itaque
1933 1072 2109 1130 paren

2258 1054 2413 1126 ψυχὴ
2462 1060 2579 1128 μία’
2629 1059 2720 1109 καὶ
2767 1052 2891 1108 οὐδε
2938 1052 3009 1116 εἷς
3055 1075 3107 1107 τι
3157 1064 3254 1108 τῶν
3305 1057 3651 1130 ὑπαρχόντων
3717 1057 3864 1127 αὐτῷ

493 1162 585 1213 tes
612 1156 867 1228 alicujus
882 1153 970 1209 vel
984 1153 1193 1208 fratres
1212 1150 1547 1205 secundum
1571 1148 2105 1219 carnem,siquidet

2256 1142 2425 1214 ἔλεγεν
2476 1140 2613 1195 ἴδιον
2658 1142 2806 1198 εἶναι.
2867 1146 2932 1195 υἱ
2984 1141 3071 1196 οὖν
3124 1147 3263 1197 κατὰ
3293 1146 3465 1218 σάρκα
3494 1147 3634 1205 τινὸς
3664 1147 3860 1216 γονεῖς.

493 1244 830 1302 secundum
862 1246 1047 1298 Deum
1068 1240 1297 1305 vivunt,
1318 1238 1395 1293 ab
1413 1238 1698 1293 omnibus
1721 1237 2003 1292 fratribus
2022 1242 2105 1292 ta:

2258 1232 2287 1291 ἡ
2342 1229 2576 1304 ἀδελφοὶ,
2635 1233 2675 1284 εἰ
2720 1236 2810 1304 μὲν
2836 1236 2971 1286 κατὰ
3010 1237 3140 1287 Θεὸν
3171 1234 3352 1299 ζῶσιν,
3385 1236 3485 1285 ὑπὸ
3522 1236 3729 1287 πάντων
3762 1244 3863 1285 τῶν

492 1349 670 1406 quam
704 1345 1060 1387 communes
1079 1332 1283 1400 patres
1312 1330 1415 1381 aut
1444 1326 1684 1395 cognati
1707 1325 1982 1381 colantur
2009 1326 2097 1392 Qu

2256 1319 2304 1373 ἐν
2359 1318 2421 1392 τῇ
2491 1318 2807 1393 ἀδελφότητι
2844 1322 2914 1382 ὡς
2965 1328 3130 1377 κοινοὶ
3175 1326 3387 1398 πατέρες
3413 1324 3443 1381 ἣ
3486 1322 3672 1376 οἰκεῖοι
3704 1325 3865 1397 Θερα-

493 1436 725 1493 cunque
746 1420 899 1476 enim
927 1418 1162 1487 fecerit,
1196 1415 1392 1487 inquit
1428 1415 1738 1483 Dominus,
1772 1415 2105 1471 voluntatei

2254 1411 2610 1464 πευέσθωσαν.
2659 1417 2845 1471 Ὅστις
2886 1414 2985 1485 γὰρ
3052 1410 3113 1464 διν
3155 1420 3303 1484 ποιῇ,
3371 1417 3532 1484 φησιν
3560 1414 3587 1465 ὁ
3644 1413 3861 1487 Κύριος,

494 1511 699 1567 Patris
719 1509 835 1564 mei
851 1508 959 1580 qui
986 1523 1049 1562 in
1067 1507 1223 1562 caelis
1252 1510 1359 1572 est,
1389 1504 1481 1561 hic
1498 1505 1698 1575 frater
1715 1519 1879 1560 meus
1899 1510 1953 1560 et
1973 1519 2106 1561 soro

2253 1504 2311 1552 τό
2368 1499 2567 1573 θέλημα
2615 1508 2707 1552 τοῦ
2760 1504 2966 1575 Πατρός
3016 1521 3116 1574 μου
3168 1509 3259 1554 τοῦ
3312 1500 3361 1555 ἓν
3443 1502 3704 1577 οὐρανοῖς,
3768 1504 3863 1555 ού-

489 1604 545 1656 et
575 1604 769 1655 mater
798 1602 881 1654 est
906 1596 974 1650 σί.
1001 1594 1116 1652 Sed
1145 1598 1347 1651 tamen
1380 1594 1565 1649 satius
1595 1592 1878 1649 ducimus
1923 1594 2101 1649 horut

2251 1608 2340 1651 τος
2402 1586 2621 1664 ἀδελρὸς
2668 1592 2786 1661 (48)
2849 1610 2949 1662 μου
2998 1590 3090 1642 καὶ
3126 1586 3321 1662 ἀδελφὴ
3362 1596 3451 1643 καὶ
3504 1596 3682 1665 μάτηρ
3722 1590 3860 1645 ἐστὶ.

488 1704 694 1744 curam
724 1686 973 1742 attinere
993 1684 1072 1739 ad
1100 1684 1348 1739 fratrum
1373 1682 1744 1755 praefectum.
1776 1683 1943 1747 Quod
1966 1684 2013 1737 si
2034 1684 2100 1737 iit

2257 1682 2359 1730 Καὶ
2390 1681 2582 1730 τούτων
2623 1675 2684 1730 δέ
2713 1684 2805 1737 τὴν
2837 1678 3126 1752 ἐπιμέλειαν
3184 1676 3444 1755 διαφέρειν
3501 1676 3863 1753 δοκιμάζομεν

486 1776 689 1849 plicati
716 1779 855 1830 sunt
872 1774 996 1830 vita
1025 1771 1355 1837 communi,
1378 1769 1548 1828 nulla
1577 1788 1672 1826 res
1696 1787 1833 1826 cum
1856 1771 1939 1827 eis
1961 1772 2098 1828 nobi

2306 1776 2324 1819 ἐι
2364 1778 2656 1843 προεστῶτι
2701 1779 2793 1829 τῆς
2847 1767 3213 1842 ἀδελφὸτητος.
3269 1770 3330 1823 Εἰ
3391 1766 3449 1822 δί
3503 1768 3864 1842 ἐμπεπλεγμέ-
3897 1795 3918 1809 ο

488 1863 831 1921 communis
857 1866 963 1931 est,
997 1863 1100 1935 qui
1122 1862 1442 1916 honestum
1467 1860 1880 1932 decorumque
1902 1876 2100 1917 servar

2249 1877 2330 1910 νοι
2404 1858 2511 1911 εἰσὶ
2552 1867 2625 1930 τῷ
2676 1868 2834 1930 κοινῷ
2866 1858 2990 1932 βίῳ,
3023 1856 3198 1921 οὐδεὶς
3227 1860 3352 1932 ἡμῖν
3390 1863 3556 1919 κοινός
3592 1863 3725 1931 πρὸς
3757 1859 3859 1911 αύ-

485 1957 545 2008 et
604 1953 847 2009 assidue
899 1954 1018 2007 Deo
1066 1949 1368 2007 cohaerere
1400 1948 1739 2017 studemus,
1769 1949 1919 2005 citra
1951 1949 2097 2005 ulla:

2249 1951 2371 2009 τοὺς
2393 1947 2565 2019 λόγος,
2606 1945 2713 2010 τοῖς
2742 1953 2801 2001 τὸ
2828 1950 3101 2022 εύσχημον
3130 1952 3217 2001 καὶ
3246 1945 3563 2023 εὐπάρεδρον
3612 1956 3686 2018 τῷ
3745 1955 3856 2001 Κυ-

486 2043 704 2098 mentis
721 2041 1190 2097 aberrationem.
1214 2041 1362 2095 Nam
1384 2044 1788 2111 praeterquam
1807 2040 1972 2110 quod
1991 2038 2094 2093 nih

2248 2041 2344 2109 ρίῳ
2419 2035 2826 2111 ἀπερισπάστως
2902 2039 3188 2112 κατορθοῦν
3259 2033 3641 2089 ἐσπουδακόσι·
3722 2041 3860 2112 Πρός

482 2129 630 2203 ipsis
655 2130 963 2187 efferimus
994 2127 1289 2195 utilitatis,
1315 2125 1676 2183 tumultibus
1720 2126 1901 2182 etiam
1959 2131 2094 2199 atqu

2247 2125 2349 2199 γὰρ
2398 2135 2469 2197 τῷ
2518 2125 2728 2188 ἐκείνοις
2774 2123 2942 2199 μηδὲν
2994 2131 3244 2202 παρέχειν
3293 2125 3488 2198 ὄφελος,
3534 2127 3614 2179 ὅτι
3637 2131 3729 2178 καὶ
3759 2131 3858 2184 τὴν

481 2218 902 2292 pertubatione
958 2222 1229 2274 nostram
1276 2214 1548 2288 ipsorum
1597 2215 1777 2271 vitam
1811 2215 2093 2288 replemu:

2249 2216 2441 2268 ἑαυτῶν
2490 2216 2630 2276 ζωὴν
2685 2215 2913 2291 θορύϐων
2987 2217 3215 2287 καὶί49)
3255 2223 3501 2289 ταραχῆς
3529 2215 3854 2291 πληροῦμεν,

480 2314 991 2381 peccatorumque
1016 2306 1371 2362 occasiones
1392 2304 1781 2361 accersimus.
1809 2304 1922 2361 Sed
1941 2321 2017 2361 ne
2033 2320 2092 2361 ec

2245 2309 2335 2357 καὶ
2409 2304 2676 2380 ἁμαρτιῶν
2744 2304 2980 2380 ἀφορμὰς
3058 2303 3420 2377 ἑπισπὼμεθα.
3505 2303 3661 2358 Ἀλλὰ
3724 2301 3857 2359 οὐδὲ

479 2396 728 2469 quidem
754 2397 856 2469 qui
881 2396 1024 2452 olim
1054 2395 1274 2450 fuerint
1316 2394 1659 2466 propinqui,
1715 2393 2091 2467 acceduntqu

2246 2397 2561 2467 ἐρχομένους
2617 2395 2687 2456 εἰς
2743 2394 3019 2465 ἐπίσκεψιν
3080 2402 3181 2447 τῶν
3257 2396 3372 2466 (50)
3428 2397 3551 2447 ποτε
3623 2391 3851 2462 οἰκείων,

480 2486 559 2543 ad
588 2486 923 2542 visitandos
939 2501 1072 2553 nos,
1096 2484 1145 2540 si
1161 2484 1259 2540 Dei
1282 2484 2031 2561 aspernantur,mandata,
2064 2501 2092 2540 a

2243 2488 2361 2545 τοὺς
2388 2486 2839 2556 καταφρονοῦντας
2868 2492 2969 2535 τῶν
3017 2482 3229 2536 ἐντολῶν
3281 2490 3372 2536 τοῦ
3430 2490 3585 2549 Θεοῦ,
3647 2488 3735 2536 καὶ
3786 2487 3848 2536 τὸ

479 2577 721 2650 pietatis
747 2576 1017 2633 officium
1044 2576 1270 2632 ducant
1293 2590 1404 2647 pro
1432 2573 1641 2640 nihilo,
1667 2589 1776 2647 par
1818 2580 1906 2629 est
1953 2590 2090 2630 susc

2244 2576 2392 2648 ἔργον
2419 2581 2517 2634 τῆς
2565 2571 2820 2633 εὐσεϐείας
2872 2570 3283 2639 ἰξουθενοῦντας,
3335 2570 3616 2625 ἀκόλουθον
3670 2592 3850 2646 παρα-

476 2681 638 2739 pere,
671 2671 737 2722 ut
764 2666 868 2740 qui
889 2666 1210 2722 Dominum
1257 2680 1377 2721 non
1409 2663 1685 2734 diligant,
1714 2664 1820 2736 qui
1848 2662 2088 2732 dixinoz

2246 2663 2524 2734 δέχεσθαι,
2554 2665 2619 2723 ὡς
2648 2661 2741 2714 ούκ
2799 2660 3102 2734 ἀγαπῶντας
3137 2664 3223 2714 τὸν
3252 2664 3442 2735 Κύριον
3480 2664 3568 2714 τὸν
3616 2662 3847 2715 εἰπόντα·

476 2771 598 2811 ηοη
628 2757 828 2826 diligit
855 2770 967 2821 me,
990 2769 1287 2811 sermones
1314 2768 1471 2810 meos
1500 2769 1619 2809 non
1660 2759 1859 2810 servat
1880 2756 1949 2809 δ’.
1988 2754 2088 2821 ραι

2240 2751 2299 2804 Ὀ
2356 2757 2427 2824 μὴ
2468 2751 2683 2824 ἀγαπῶν
2738 2771 2803 2825 με
2838 2756 2954 2815 τοὺς
3004 2751 3190 2823 λόγους
3258 2770 3355 2807 μου
3407 2751 3468 2803 ού
3530 2760 3699 2826 τηρεῖ.
3757 2758 3852 2815 Τίς

476 2848 563 2900 est
604 2848 805 2900 autem
833 2844 1355 2913 societasjustitiae
1392 2848 1450 2899 et
1476 2844 1791 2914 iniquitati
1818 2842 1969 2899 “(aut
2001 2859 2088 2915 qu.

2244 2837 2304 2894 δε
2367 2846 2569 2914 μετοχὴ
2632 2839 2944 2914 δικαιοσύνῃ
3006 2846 3098 2894 καὶ
3162 2839 3353 2913 ἀνομίᾳ
3406 2857 3422 2908 ;
3474 2842 3503 2900 ἦ
3558 2846 3637 2902 τίς
3700 2847 3850 2916 μερὶς

472 2932 811 3003 parsiadeli
838 2947 972 2989 cum
992 2932 1227 3002 inﬁdeli
1244 2932 1313 2986 ⁸³.

1259 2932 1313 2986 ⁸³.
2241 2938 2412 3002 πιστῷ
2442 2934 2573 3003 μετὰ
2602 2930 2827 2984 ἀπίστου
2856 2947 2871 2999 ;

544 3027 598 3079 2.
624 3024 688 3079 Et
712 3021 774 3078 in
795 3021 1005 3095 primis
1034 3036 1280 3095 prorsus
1316 3021 1652 3077 curandum
1691 3026 1802 3093 est,
1829 3027 1896 3078 ut
1918 3022 1989 3078 iis
2027 3027 2131 3095 qui

2312 3024 2369 3076 2.
2431 3025 2533 3074 Καὶ
2589 3022 2670 3073 ὅτι
2721 3020 2953 3093 μάλιστα
2994 3015 3081 3073 δεῖ
3124 3025 3283 3073 παντὶ
3311 3024 3497 3095 πρόπῳ
3520 3017 3848 3081 σπουδάζειν

473 3111 677 3170 adhuc
735 3110 796 3167 in
835 3112 1123 3168 virtutum
1172 3109 1452 3166 exercitio
1491 3110 1740 3181 degunt,
1785 3112 2085 3169 adimant:

2243 3129 2528 3186 περιαιρειν
2587 3120 2688 3164 τῶν
2743 3113 2820 3163 ἔτι
2868 3111 2921 3165 ἄν
2974 3115 3248 3184 γυμνασίᾳ
3298 3119 3399 3163 τῶν
3424 3113 3844 3184 κατορθωμάτων

472 3200 771 3276 peccandi
816 3199 1190 3267 occasiones,
1247 3215 1510 3273 quarum
1553 3199 1683 3256 hmo
1727 3206 1815 3256 est
1844 3202 2084 3259 maxim:

2241 3203 2332 3262 τὰς
2367 3203 2501 3275 πρὸς
2562 3203 2623 3252 τὸ
2662 3201 2975 3275 ἁμαρτάνειν
3028 3198 3285 3273 ἀφορμὰς,
3318 3197 3385 3252 ὧν
3432 3204 3662 3272 μεγίστη
3704 3199 3844 3253 ἐστὶν

468 3289 807 3347 recordatio
851 3292 1140 3346 anteactae
1162 3290 1320 3361 vitae,
1368 3290 1698 3362 nequando
1721 3290 1873 3363 ipsis
1901 3292 2080 3347 conti]

2239 3293 2269 3350 ἠ
2326 3295 2504 3363 μνήμη
2551 3290 2645 3342 τοῦ
2695 3294 2951 3363 προτέρου
2999 3287 3144 3363 βίου,
3222 3294 3426 3362 μήποτε
3491 3291 3709 3342 πάθωσι
3783 3294 3838 3343 τό

468 3382 572 3451 gat
598 3379 768 3451 quod
798 3378 1028 3434 dictum
1059 3383 1150 3435 est
1182 3394 1197 3444 ;
1229 3380 1505 3436 Conversi
1529 3384 1669 3436 sunt
1692 3378 1981 3436 cordibus
2003 3397 2080 3437 sn:

2238 3382 2504 3459 εἰρημένον
2546 3381 2649 3434 ὅτι.
2689 3378 3058 3455 Ἐστράφησαν
3103 3387 3222 3442 ταῖς
3276 3376 3529 3455 καρδίαις
3555 3380 3731 3433 αὐτῶν
3769 3386 3841 3442 εὶς

468 3465 530 3523 in
562 3468 940 3540 Egyptum“
965 3483 978 3522 :
1002 3467 1168 3540 quod
1182 3467 1541 3542 plerumque
1557 3468 2080 3542 usuvenit,quand

2238 3474 2523 3542 Αἴγυπτον·
2605 3470 2727 3544 ὅπερ
2798 3467 2846 3521 ἐν
2929 3476 2992 3541 τῇ
3055 3476 3273 3541 συνεχεί
3325 3468 3506 3541 ὁμιλίᾳ
3546 3477 3649 3521 τῶν
3705 3470 3841 3521 κατά

466 3571 605 3613 cum
628 3556 699 3612 iis
727 3557 834 3630 qui
864 3556 1203 3613 secundum
1224 3572 1471 3615 carnem
1492 3558 1818 3632 propinqui
1833 3565 2078 3626 sunt,cr4

2238 3562 2411 3633 σάρκα
2457 3560 2658 3613 οἰκείων
2701 3561 2771 3621 ὡς
2836 3561 2903 3611 τὰ
2953 3557 3118 3612 πολλὰ
3167 3563 3387 3630 γίνεται.
3469 3557 3707 3612 Καθόλου
3779 3555 3840 3611 δε

463 3643 644 3701 brum
667 3661 735 3701 ac
750 3645 1031 3718 frequens
1044 3645 1411 3719 colloquium
1435 3647 1669 3703 seritur.
1688 3651 1751 3703 In
1768 3648 2075 3705 universui

2233 3653 2350 3703 οὔτε
2404 3650 2591 3703 οἰκεῖον
2656 3652 2773 3701 οὔτε
2815 3648 2952 3711 ξένον
3009 3647 3299 3724 ἄπιτρέπειν
3326 3652 3437 3721 χρή
3475 3647 3664 3720 λόγους
3698 3649 3840 3708 τινὰς

464 3739 667 3791 autem
690 3734 951 3807 permitti
979 3750 1105 3791 non
1130 3734 1331 3801 debet,
1382 3739 1447 3792 ut
1476 3736 1596 3792 sive
1627 3741 1944 3807 cognatus,
1996 3738 2076 3794 siv

2231 3742 2515 3815 προσάγειν
2579 3746 2690 3799 τοῖς
2741 3736 2984 3812 ἀδελφοῖς
3048 3740 3184 3810 (51),
3254 3736 3339 3791 ἰὰν
3396 3743 3468 3811 μὴ
3540 3740 3838 3811 πεισθῶμεν

461 3827 743 3880 externus
774 3822 1010 3895 aliquos
1032 3838 1342 3880 sermones
1370 3824 1595 3881 habeat
1645 3841 1785 3881 cum
1830 3826 2073 3883 fratribt

2229 3834 2346 3903 περὶ
2412 3831 2601 3896 αὐτῶν,
2672 3830 2754 3881 ὃτι
2813 3832 2944 3901 πρὸς
2999 3824 3290 3900 οἰκοδομὴν
3326 3832 3418 3880 καὶ
3476 3830 3837 3900 καταρτισμὸν

459 3912 575 3969 nisi
599 3912 674 3969 de
693 3911 808 3970 illis
833 3913 895 3968 id
924 3912 1097 3970 nobis
1123 3929 1486 3986 persuasum
1519 3914 1616 3973 sit.
1639 3913 1805 3987 ipsos
1852 3916 1932 3973 ad
1968 3916 2071 3973 sed.

2229 3926 2328 3970 τῶν
2375 3918 2567 3991 ψυχῶν
2622 3925 2898 3972 ποιοῦνται
2950 3919 3045 3980 τὰς
3097 3914 3372 3980 διαλέξεις.
3438 3917 3500 3969 Ei
3551 3914 3611 3970 δὲ
3675 3922 3838 3989 χρεία

456 4002 803 4082 ﬁcationem
821 4007 880 4059 et
909 4002 1255 4059 animarum
1280 4004 1711 4076 perfectionem
1758 4005 1821 4060 in
1856 4006 2068 4063 collocl

2225 4012 2423 4080 γένοιτό
2475 4006 2629 4080 λόγου
2687 4011 2821 4082 πρὸς
2847 4010 2970 4068 τοὺς
3018 4006 3161 4069 ἅπαξ
3219 4010 3658 4080 συνεμπεσόντας,
3689 4010 3837 4080 παρὰ

394 4076 419 4095 ⁸
455 4092 683 4149 tionem
714 4080 939 4149 venire.
963 4092 1189 4157 Quodsi
1218 4107 1374 4165 opus
1403 4098 1494 4149 est
1522 4109 1626 4150 eos
1652 4095 1757 4168 qui
1799 4096 1987 4153 semel

2225 4105 2326 4150 τῶν
2382 4101 2800 4170 πεπιστευμένων
2838 4101 2898 4149 τό
2935 4103 3030 4150 τοῦ
3078 4096 3234 4169 λόγου
3279 4098 3533 4172 χάρισμα
3583 4097 3833 4167 γινέσθω,

453 4180 761 4253 cesserint,
795 4180 1043 4254 alloqui,
1066 4180 1397 4252 fungantur
1414 4181 1532 4238 hoc
1562 4196 1811 4239 munere
1828 4184 1868 4239 ii
1889 4185 2065 4257 quibi

2224 4189 2290 4247 ὡς
2373 4185 2600 4259 ἐχόντων
2681 4182 2907 4259 δύναμιν
2989 4185 3097 4259 μετ’
3176 4184 3482 4258 ἕπιστώμης
3533 4184 3694 4238 εἰπεῖν
3744 4191 3834 4253 καὶ

452 4271 862 4328 concreditum
887 4276 976 4328 est
998 4270 1231 4328 donum
1251 4270 1565 4345 loquendi,
1597 4279 1894 4346 tanquam
1914 4276 1985 4331 iis
2006 4294 2064 4351 qi

2224 4276 2449 4330 ἀκοῦσαι
2512 4282 2645 4354 πρὸς
2713 4274 2996 4350 οἰκοδομὴν
3049 4284 3146 4339 τῆς
3206 4281 3449 4338 πίστεως·
3506 4284 3683 4349 σαφῶς
3741 4284 3832 4329 τοῦ

452 4358 709 4462 scienter
727 4360 964 4430 possint
983 4360 1148 4433 loqui
1178 4364 1235 4417 et
1262 4361 1493 4429 audire,
1523 4378 1658 4435 quae
1692 4363 1770 4419 ad
1800 4363 1940 4420 ﬁdei
1972 4366 2061 4421 aed

2220 4362 2540 4420 ’Δποστόλου
2589 4363 2942 4427 διδάσκοντος
2994 4371 3065 4439 μή
3128 4371 3264 4420 πᾶσι
3313 4373 3554 4441 παρεῖναι
3600 4370 3701 4424 τὴν
3737 4373 3832 4420 τοῦ

447 4446 791 4504 ﬁcationem
819 4448 1161 4521 pertineant
1192 4467 1206 4520 ;
1249 4465 1389 4508 cum
1414 4450 1737 4525 Apostolus
1759 4468 1885 4511 non
1908 4471 2059 4512 omn:

2218 4456 2375 4529 λόγου
2403 4453 2647 4530 δύναμιν,
2682 4455 2790 4509 ἀλλ’
2822 4456 3019 4529 ὀλίγοις
3044 4456 3303 4531 ὑπάρχειν
3327 4459 3384 4509 τὸ
3410 4458 3663 4531 χάρισμα
3691 4456 3828 4526 (52),

448 4534 566 4592 bus
601 4534 805 4593 inesse
832 4538 1010 4609 376
1040 4538 1330 4611 loquendi
1358 4540 1727 4609 facultatem,
1759 4543 1867 4600 sed
1909 4544 1972 4601 id
2003 4545 2060 4602 dt

2224 4543 2289 4601 δι’
2319 4546 2389 4599 ὧν
2429 4564 2609 4620 φησιν’
2650 4546 2722 4618 ’.ῼ
2749 4548 2840 4619 μεν
2868 4548 2969 4621 γὰρ
3037 4541 3133 4598 διὰ
3185 4552 3280 4598 τοῦ
3324 4548 3625 4618 Πνεύματος
3681 4540 3836 4598 δίδο-

448 4640 600 4683 num
628 4626 835 4695 paucis
865 4642 1225 4684 concessum
1280 4628 1461 4686 fuisse
1510 4630 1828 4688 manifeste
1866 4634 2060 4692 docea

2219 4656 2307 4690 ται
2351 4636 2500 4709 λόγος
2558 4639 2764 4709 σοφίας,
2826 4634 2961 4708 ἀλλῳ
3050 4631 3112 4688 δ⁴ε
3182 4634 3337 4708 λόγος
3395 4640 3656 4708 γνώσεως·
3739 4637 3831 4686 καὶ

448 4730 590 4771 cum
618 4712 812 4771 dixit:
832 4714 966 4772 Alii
985 4717 1265 4786 enimper
1290 4716 1587 4787 Spiritum
1613 4721 2001 4781 datursermo
2012 4741 2060 4782 ει

2219 4724 2478 4798 ἀλλαχοῦ*
2533 4724 2646 4780 Ἵνα
2703 4721 2931 4787 δυνατὸς
2989 4720 3021 4798 ᾗ
3065 4724 3382 4801 παρακαλεῖν
3446 4724 3562 4793 (53)
3635 4721 3686 4775 ἐν
3761 4731 3826 4796 τῇ

518 4840 567 4876 ⁶⁰
597 4841 725 4897 Act.
750 4856 826 4909 ιν,
849 4842 939 4897 32.
1016 4840 1061 4877 ⁶¹
1114 4841 1315 4898 Matth.
1351 4858 1451 4912 xu,
1484 4847 1576 4899 50.
1661 4845 1710 4881 ⁶²
1759 4847 1931 4904 Joan.
1982 4865 2130 4922 xw,

1920 4889 1931 4904 .
1982 4865 2103 4922 xw,
2129 4853 2221 4909 24.
2297 4851 2346 4887 ⁸³
2373 4848 2421 4907 ll
2448 4852 2581 4908 Cor.
2615 4865 2694 4920 vx,
2739 4850 2826 4923 ib,
2879 4852 2966 4907 £5.
3043 4848 3091 4886 ⁵⁸
3131 4851 3305 4909 Num.
3337 4865 3449 4920 xw,
3478 4851 3532 4905 4.

443 4967 736 5092 33.3%
774 4964 859 5023 ita
904 4964 1097 5023 multo
1141 4965 1300 5023 infra
1348 4983 1494 5025 mss.
1513 4967 1640 5027 duo
1674 4975 1894 5043 praeter
1922 4975 2055 5032 Voss

1601 4984 1640 5027 Ο
1674 4975 1894 5043 praeter
1922 4975 2096 5032 Voss.
2219 4975 2404 5047 σκεψίν
2436 4995 2579 5037 τινας
2605 4983 2726 5032 τῶν.

2287 5053 2399 5099 (5|)
2444 5050 2608 5099 Unus
2636 5063 2754 5099 ms.
2784 5045 2832 5099 ἐν
2855 5052 2962 5099 τοῖς
2993 5041 3209 5099 ἀδελοοῖ

455 5044 821 5198 ῗλῗέῗξιεε·
846 5110 1227 5198 ,ρι’ίοειιεξ..θιθ
1283 5113 1452 5198 Υφεε-
1513 5116 1571 5169 ει
1601 5112 1768 5198 9.9.1b-
1817 5121 1966 5198 πρὸς,

2287 5044 2399 5115 (Ξίι)
2444 5050 2608 5105 Unus
2636 5063 2754 5103 ms.
2784 5045 2832 5100 ἐν
2855 5052 2962 5107 τοῖς
2993 5044 3256 5119 ἀδελφοῖς.
3284 5044 3459 5103 Haud
3478 5044 3647 5115 long.
3673 5061 3830 5102 mss.

2218 5118 2356 5198 duo_
2381 5126 2624 5198 praeter_
2654 5120 2821 5176 Voss.
2846 5119 2912 5174 Ei
2939 5114 2999 5172 δὲ
3027 5123 3309 5198 και-χρεία
3336 5121 3572 5198 γινῃταιτ
3601 5120 3723 5198 Nec
3744 5116 3828 5172 ita

446 5179 616 5268 ἀπομέ
665 5179 952 5268 ,Αεμῑνάῐιο
995 5180 1162 5268 Regii
1200 5183 1425 5268 pariter
1453 5200 1537 5268 ag
1553 5179 2058 5268 editiones'vetere

2216 5179 2407 5248 multo
2426 5196 2564 5268 post
2588 5189 2715 5248 duo
2744 5206 2892 5248 mss.
2925 5205 3066 5248 cum
3094 5179 3272 5246 Voss.
3312 5179 3457 5266 τίαρά
3508 5196 3612 5242 τῶν
3673 5189 3828 5260 ἐμπε-

442 5249 575 5336 προξ
594 5249 763 5336 μρδὶν
788 5253 957 5328 ἀπομ.
986 5249 1308 5327 Aliquanto
1330 5262 1471 5328 post
1500 5259 1643 5327 Reg.
1696 5258 1929 5331 primus
1970 5265 2054 5333 μήί

986 5249 1308 5327 Aliquanto
1330 5262 1471 5328 post
1500 5259 1643 5327 Reg.
1696 5258 1929 5331 primus
1970 5265 2105 5333 μήτε
2210 5249 2583 5336 mortuarum.

444 5321 779 5405 #931365.
891 5321 928 5405 ζ
977 5397 1013 5405 __
1330 5321 1353 5328 ’
1520 5321 1617 5405 ,ᾗ
1700 5321 1719 5331 “
1970 5321 1982 5333 ’

2279 5321 2413 5405 (52)’
2457 5338 2541 5391 Ita
2598 5333 2681 5405 in,
2704 5334 2873 5390 Voss.
2902 5335 2960 5389 et
2986 5331 3154 5389 Colb.
3184 5331 3475 5405 scriptum
3508 5328 3819 5387 invenitur

659 5395 862 5479 ppdex
891 5397 1058 5479 Colb.
1078 5399 1230 5479 ούτός
1255 5418 1365 5479 μομ
1393 5405 1484 5456 καὶ
1509 5397 1746 5477 ἀδελφός.
2210 5393 2470 5479 suam”
2536 5413 2627 5457 του
2671 5404 2831 5479 λόγου
2874 5404 2965 5479 ετξ
3013 5407 3280 5479 χάρισμα.

515 5467 633 5605 (4θέ
660 5464 828 5524 idem
858 5485 971 5524 ms.
1007 5469 1229 5544 θορύϐου
1255 5464 1370 5528 καί.
1644 5464 1655 5477 ’

515 5539 608 5600 (50
661 5538 886 5594 Rursus
914 5540 1076 5598 idem
1100 5540 1220 5605 ille.
1241 5558 1426 5605 quem
1454 5560 1601 5604 mox
1625 5538 1772 5605 'dixi.
1813 5545 1965 5605 liber
1993 5547 2102 5602 ἐπί-

2068 5553 2078 5565 ,
2276 5464 2402 5551 (65)
2429 5481 2569 5550 Reg.
2595 5464 2827 5550 primus
2845 5464 2906 5534 et
2927 5464 3105 5533 Colb.'
3131 5472 3158 5548 ᾖ
3186 5464 3278 5530 καὶ
3312 5472 3655 5549 παρακαλεῖν.

2043 5569 2102 5602 τι·
2560 5571 2566 5577 “

515 5538 633 5605 (50)
661 5538 886 5594 Rursus
914 5538 1076 5598 idem
1100 5540 1220 5613 ille,
1241 5558 1426 5615 quem
1454 5560 1601 5604 mox
1625 5538 1772 5611 dixi,
1813 5545 1965 5606 liber
1993 5547 2102 5602 ἐπί·
2282 5538 2300 5551 “
2378 5538 2395 5550 '
2513 5538 2566 5577 '-
