4082 6178
158 211 260 266 997

154 333 470 403 υγιαινοὺσς
567 327 914 402 διδασκαλίᾳ,
1011 336 1102 384 καὶ
1192 335 1314 392 τοὺς

159 419 416 492 ﬁlis/xm.

720 639 1035 687 ΕΡΩΤΙΙΣΙΣ
1089 633 1186 686 ΛΓ
1195 677 1207 688 .

267 764 365 821 Τίς
394 760 420 811 ό
449 764 637 833 τρόπος
667 769 760 822 τῆς
801 764 929 835 πρὸς
958 763 1049 822 τὰς
1088 757 1313 833 ἀδελφὰς
1345 767 1656 834 συντυχίας.

783 891 1154 940 ΑΠΟΚΡῙΣῙΣ.

239 1015 285 1066 1.
318 1008 380 1062 Ὀ
419 1009 560 1072 ἅπαξ
583 1010 750 1083 γάμον
781 1007 1210 1085 ἀπαρνησάμενος
1252 1010 1630 1084 ἀπαρνησεται,
1664 1009 1697 1064 ὃ
1704 1033 1768 1071 η-

159 1098 352 1164 λονότι,
413 1099 543 1153 πολὺ
589 1104 836 1175 πρότερον
893 1104 986 1164 τὰς
1054 1106 1319 1176 μερίμνας,
1399 1102 1460 1165 οἷς
1531 1122 1687 1175 φησιν
1745 1104 1769 1154 ό

163 1183 485 1249 Ἀπὸστολος
554 1195 801 1262 pepuli-ao}?
865 1192 949 1240 τὸν
1005 1197 1360 1262 γεγαμηκότα,
1432 1201 1541 1253 πῶς
1598 1190 1770 1266 ἀρέσιι

165 1284 221 1348 τῇ
271 1282 488 1348 γυναικὶ
529 1280 686 1330 αντοὺ
717 1280 852 1349 (54),
903 1284 992 1331 καὶ
1030 1282 1306 1353 καθαρίσει
1355 1281 1532 1333 ἑαυτὸν
1581 1282 1772 1333 παντά-

166 1386 298 1418 πασι
355 1368 531 1427 πάσης
584 1373 838 1442 μερίμνης
894 1378 983 1429 τῆς
1035 1373 1165 1443 πρὸς
1212 1369 1481 1446 ἀρέσκειαν
1525 1375 1772 1442 γυναικὸς

165 1459 455 1530 γινομένης,
507 1455 812 1529 φοϐούμενος
855 1462 910 1510 τὸ
954 1466 1118 1532 κρῖμα
1170 1467 1260 1510 τοῦ
1315 1459 1543 1520 εἰπόντος
1587 1461 1686 1527 ὅτι,
1714 1459 1771 1511 Ὀ

169 1549 296 1606 Θεὸς
385 1549 754 1606 διεσκόρπισεν
844 1549 976 1599 ὀστᾶ
1059 1549 1524 1606 ἀνθρωπαοέσκων.
1610 1549 1771 1602 "(Mrs

167 1640 296 1710 πρὸς
329 1633 601 1710 ἀρέσκειαν
657 1640 747 1709 μὲν
805 1633 928 1689 οὐδὲ
977 1633 1130 1712 ἀνδρὶ
1184 1647 1462 1711 συντυχεῖν
1524 1637 1768 1702 ἀνέξεται·

167 1725 327 1777 ἕνεκεν
389 1721 450 1777 o‘k
507 1733 599 1787 τῆς
646 1725 758 1777 κατ’
814 1725 1014 1784 ἐντολὴν
1075 1735 1207 1779 Θεοῦ
1262 1728 1583 1802 ὀφειλομένης
1652 1729 1774 1781 ἑκά-

170 1832 274 1884 στῳ
301 1816 451 1888 παρὰ
479 1822 569 1866 τοῦ
599 1813 821 1872 πλησίον
851 1812 1087 1876 σπονδῆς
1131 1824 1226 1878 τῆς
1254 1822 1437 1890 χρείας
1625 1817 1779 1870 ἀπαι-

385 1542 754 1620 ὃιεσκόρπισεν
844 1549 976 1599 ὀστᾶ
1059 1547 1524 1624 ἀνθρωπαρέσκων.

1807 1699 1846 1752 Β

169 1905 367 1964 τούσης
419 1902 504 1954 ἐπὶ
547 1908 640 1961 τὴν
691 1911 980 1976 συντυχίαν
1035 1904 1314 1960 ἐλεύσεται.
1368 1906 1444 1958 Οὐ
1503 1912 1605 1980 μὴν
1655 1904 1780 1960 οὐδὲ

170 1998 276 2052 τοῖς
333 1989 668 2063 βουλομένοις
725 1993 896 2055 ἁπλῶς
963 1991 1198 2066 ἐφίεσθαι
1255 1999 1364 2070 χρὴ
1441 2000 1536 2054 τὴν
1587 2016 1779 2048 συντυ-

169 2086 316 2151 χίαν,
355 2077 481 2132 οὐδὲ
526 2085 709 2154 καιρὸς
752 2085 882 2157 πρὸς
917 2087 1133 2151 ταύτην,
1177 2081 1300 2138 οὐδὲ
1342 2088 1636 2156 τόπος(56)
1681 2093 1783 2146 πᾶς

171 2167 483 2230 ἐπιτήδειος.
519 2170 651 2224 Ἀλλ’
694 2175 738 2223 εἶ
782 2191 842 2243 γε
889 2173 1155 2246 μέλλοιμεν
1213 2178 1347 2226 κατὰ
1398 2178 1457 2227 τό
1505 2179 1779 2250 πρόσταγ-

172 2279 250 2332 μα
298 2267 388 2310 τοῦ
441 2259 760 2312 Ἀποστόλου
815 2259 1144 2336 ἀπρόσκοποι
1204 2266 1445 2334 γίνεσθαι
1495 2269 1584 2315 καὶ
1644 2264 1780 2316 Ἰου-

172 2346 368 2414 δαίοις,
412 2354 500 2400 καὶ
564 2349 802 2417 Ἕλλησι,
859 2356 950 2403 καί
1005 2361 1065 2424 τῇ
1125 2353 1414 2426 Ἐκκλησία
1483 2361 1574 2404 τοῦ
1624 2361 1777 2421 Θεοῦ,

171 2441 342 2491 πάντα
400 2435 462 2490 δι
518 2438 862 2512 εὐσχημόνως
907 2445 996 2492 καὶ
1049 2444 1185 2493 κατὰ
1245 2442 1410 2509 τάξιν,
1471 2447 1560 2494 καὶ
1612 2444 1782 2494 πάντα

171 2535 295 2602 πρός
352 2526 640 2602 οἰκοδομὴν
693 2538 876 2598 ποιεῖν,
940 2530 1138 2602 ἀνάγκη
1197 2536 1285 2583 καὶ
1345 2536 1642 2606 πρόσωπον,
1692 2536 1781 2584 καὶ

173 2623 376 2694 καιρὸν,
437 2623 526 2672 καὶ
578 2625 786 2694 χρείαν,
846 2626 933 2672 καὶ
1012 2627 1164 2674 τόπον
1235 2623 1350 2673 κατ’
1419 2620 1629 2694 ἐκλογὴν
1683 2619 1780 2694 ἁφ-

175 2710 550 2783 ωρίσθαι(57)
612 2714 928 2783 πρεπόντως-
987 2707 1060 2762 δι’
1118 2711 1185 2761 ὧν
1235 2711 1472 2763 ἁπάντων
1539 2713 1780 2773 ὑπονοίας

174 2801 260 2870 μὲν
311 2804 541 2872 πονηρᾶς
587 2802 675 2849 καὶ
725 2801 848 2850 σκιὰ
891 2805 1038 2852 πᾶσα
1090 2799 1472 2866 ἔξελαθὴσεται,
1537 2805 1784 2873 σεμνότη-

175 2907 260 2949 τος
315 2883 377 2938 δι
426 2892 516 2938 καὶ
576 2891 913 2962 σωφροσύνης
973 2885 1238 2952 ἀπόδειξις
1295 2888 1342 2941 ἐν
1399 2895 1553 2942 παντὶ
1612 2894 1781 2965 τρόπῳ

177 2977 550 3048 ἐπιφανήσεται
579 2984 687 3038 τοῖς
743 2974 1144 3050 ὃοχιμασθιῖσιν
1189 2980 1311 3054 ὁρᾷν
1369 2977 1782 3052 ἀλλήλους(58),

177 3070 264 3117 καὶ
310 3063 658 3137 βουλεύεσθαι
707 3071 824 3138 περὶ
884 3076 982 3119 τῶν
1037 3066 1355 3141 ἀρεσκόντων
1415 3075 1528 3139 Θεῷ
1568 3072 1700 3121 κατὰ
1729 3087 1784 3121 τε
1815 3058 1854 3114 C

178 3160 268 3212 τὴν
322 3159 626 3225 σωματικὴν
681 3161 866 3230 χρείαν
924 3161 1015 3208 καὶ
1069 3161 1162 3215 τὴν
1215 3165 1314 3208 τῶν
1370 3156 1562 3228 ψυχῶν
1615 3157 1784 3230 ἐπιμέ-

177 3245 336 3297 λειαν.
383 3243 662 3298 Ἐστωσαν
719 3243 778 3299 δὲ
819 3251 890 3320 μὴ
935 3246 1177 3310 ἐλάττους
1227 3257 1325 3300 τῶν
1377 3245 1474 3301 δύο
1527 3247 1578 3311 ἐξ
1617 3247 1787 3301 ἑκατέ-

177 3355 268 3408 ρου
315 3340 505 3410 μρους
729 3340 786 3388 τό
842 3341 939 3412 γὰρ
995 3337 1042 3391 ἓν
1089 3343 1367 3414 πρόσωπον
1412 3339 1785 3414 εὖεπηρέαστον

179 3426 245 3486 αἶς
292 3424 548 3495 ὑποψίαν,
601 3426 683 3476 ἱνα
731 3431 801 3498 μὴ
836 3426 984 3480 πλέον
1023 3447 1074 3480 τι
1116 3427 1246 3501 λέγω
1293 3433 1383 3482 καὶ
1425 3427 1786 3503 ἀσθενέστερον

179 3518 306 3589 πρὸς
375 3521 469 3572 τήν
549 3523 648 3565 τῶν
709 3513 989 3588 λεγομένων
1049 3515 1372 3589 βεϐαίωσιν,
1443 3527 1616 3590 σαφῶς
1693 3527 1786 3581 τῆς

180 3609 391 3677 Γραφῆς
459 3598 872 3678 διαγορευούσης
939 3604 1023 3658 ἐπὶ
1085 3602 1183 3659 δύο
1249 3613 1338 3660 καὶ
1413 3617 1566 3680 τριῶν
1631 3608 1786 3660 ἵστα·

181 3694 305 3743 σθαι
337 3693 453 3761 (60)
499 3699 600 3743 πᾶν
636 3693 799 3767 ῥῆμα·
842 3700 973 3766 μήτε
1020 3703 1119 3747 τῶν
1171 3705 1327 3771 τριῶν
1374 3695 1599 3762 πλείους,
1659 3699 1789 3750 ὥστε

180 3787 249 3852 μὴ
284 3787 380 3839 τὴν
434 3777 674 3838 σπουδὴν
714 3791 809 3843 τῆς
849 3782 1115 3860 ςδιλεργίας
1153 3794 1249 3848 τῆς
1298 3782 1391 3839 διὰ
1443 3791 1530 3845 την
1585 3785 1788 3844 ἐντολὴν

182 3878 271 3922 τοῦ
334 3874 532 3944 Κυρίου
589 3872 733 3942 ἡμῶν
785 3870 960 3930 Ἰησοῦ
1019 3882 1255 3948 Χριστοῦ
1302 3880 1569 3950 γινομένης
1626 3874 1788 3949 ἐμπο-

183 3955 460 4020 δίζεσθαι.

250 4054 306 4104 2.
364 4049 423 4100 Εἰ
451 4044 510 4101 δέ
539 4067 677 4109 τινας
708 4051 824 4121 (61)
866 4058 965 4102 τῶν
1013 4051 1176 4104 ἄλλων
1228 4061 1328 4105 τῶν
1354 4052 1401 4106 ἓν
1449 4061 1509 4127 τῇ
1564 4049 1789 4126 ἀδελφό-

181 4157 301 4196 τητι
354 4142 517 4212 χρεία
565 4142 762 4210 γένοιτο
808 4139 962 4192 εἰπεῖν
1011 4141 1038 4200 ἣ
1091 4146 1180 4194 καὶ
1213 4140 1438 4195 ἀκοῦσαί
1466 4162 1514 4195 τι
1551 4139 1664 4214 ἰδίᾳ
1689 4147 1790 4194 τινὶ

185 4225 453 4301 διαφέρον,
503 4231 576 4300 μὴ
627 4228 773 4281 αὐτοὶ
827 4227 1007 4282 ἐκεῖνοι
1067 4232 1132 4292 εἰς
1189 4232 1394 4305 ὁμιλίαν
1450 4231 1790 4308 ἕρχέσθωσαν

185 4317 443 4378 metu;
490 4319 538 4369 οἱ
601 4314 658 4369 δέ
731 4316 1042 4392 ἐπιλεγέντις
1109 4320 1452 4395 πρεσϐύτεροι
1510 4328 1625 4382 ταῖς
1683 4319 1791 4374 ἐπι-

1330 205 1626 263 REGL’LE
1665 207 1906 266 FUSIUS
1943 211 1984 264 Τ
1987 212 2259 266 HAC’I‘A'I‘
2261 213 2341 267 ᾸΞ.

1407 331 1761 406 ἀντιλέγοντας

1897 336 2148 392 aientiae:
2201 339 2314 393 alii
2355 345 2551 394 autem
2600 354 2792 396 sermo
2820 340 3085 398 scientia
3105 341 3173 395 ⁵⁵.
3220 343 3286 396 Et
3313 340 3431 396 alio
3463 341 3522 396 in

3413 219 3518 274 998

1875 427 2038 482 loco:
2074 428 2144 484 Ut
2161 433 2372 496 potens
2400 428 2475 483 sit
2506 429 2826 486 exhortari
2852 432 2914 486 in
2954 431 3225 488 doctrina
3250 444 3428 499 sana,
3469 435 3525 485 et

1873 531 1989 585 eos,
2011 518 2117 588 qui
2134 518 2582 587 contradicunt,
2612 535 2871 590 arguere
2890 522 2938 557 ⁸⁸
2952 565 2965 578 .

2315 646 2826 703 INTERROGATIO
2865 649 3088 704 XXXIII.

1987 767 2126 833 Quis
2151 767 2226 822 sit
2266 768 2474 825 modus
2505 770 2888 841 colloquendi
2923 785 3055 827 cum
3091 768 3418 825 sororibus.

2497 896 2906 952 BESPONSIO.

1955 1022 2002 1072 1.
2046 1017 2156 1083 Qui
2186 1018 2370 1074 semel
2400 1020 2641 1090 nuptias
2683 1020 3024 1090 abnegavit,
3057 1018 3384 1088 abnegabit
3414 1017 3528 1074 uti-

1879 1123 1998 1180 que
2029 1107 2213 1163 multo
2245 1109 2439 1177 magis
2477 1125 2578 1164 eas
2609 1126 2804 1176 curas,
2832 1109 3053 1181 quibus
3082 1110 3162 1165 ait
3199 1107 3528 1180 Apostolus

1880 1196 2094 1252 confici
2112 1197 2731 1268 maritum,quomodo
2747 1197 2964 1254 scilicet
2977 1197 3302 1270 placiturus
3319 1197 3390 1253 sit
3405 1212 3529 1254 sum

1883 1287 2055 1340 uxori
2074 1287 2142 1350 ατ,
2171 1287 2538 1357 omninoque
2565 1287 2643 1341 ab
2663 1287 2828 1342 omni
2865 1286 3262 1342 sollicitudine
3291 1303 3427 1358 quin
3451 1284 3532 1346 ad

1881 1372 2210 1429 iucundam
2243 1389 2278 1429 a
2310 1374 2556 1429 muliere
2587 1375 2842 1444 gratiam
2875 1374 3220 1445 suscipitur,
3249 1373 3534 1445 purgabit

1883 1463 2527 1534 scmetipsum,veritus
2549 1463 2845 1534 judicium
2868 1463 3140 1535 ejus,qui
3167 1463 3346 1520 dixit:
3381 1465 3534 1520 Deus

1884 1554 2199 1622 dissipavit
2241 1569 2373 1608 ossa
2411 1568 2611 1608 eorum
2654 1555 2757 1624 qui
2801 1554 3138 1609 hominibus
3187 1554 3429 1621 placent
3462 1553 3534 1606 ⁸⁸.

1885 1644 2078 1708 Quare
2100 1657 2174 1696 ne
2195 1657 2332 1696 cum
2351 1641 2475 1697 viro
2497 1641 2744 1714 quidem
2767 1641 3054 1711 congredi
3073 1640 3346 1697 animum
3365 1639 3539 1697 induo

1885 1738 1991 1793 cet,
2011 1731 2085 1786 ad
2101 1731 2229 1802 ejus
2243 1731 2355 1786 sibi
2373 1731 2818 1787 conciliandam
2834 1732 3114 1801 gratiam;
3137 1731 3242 1787 sed
3255 1730 3335 1786 ob
3351 1730 3412 1787 id
3425 1735 3541 1786 stu-

1886 1821 2052 1876 dium
2074 1820 2240 1892 quod
2261 1821 2478 1892 cuique
2499 1836 2535 1876 a
2560 1822 2838 1893 proximo
2853 1821 3026 1891 juxta
3044 1821 3143 1876 Dei
3171 1824 3542 1892 praaceptum

1887 1909 2158 1977 debetur,
2173 1909 2525 1964 necessitate
2543 1909 2833 1979 exigente,
2850 1925 2988 1964 cum
3005 1925 3076 1964 eo
3094 1909 3154 1964 in
3172 1909 3543 1980 colloquium

1888 1999 2100 2054 veniet.
2125 2001 2326 2069 Neque
2349 2013 2489 2053 vero
2513 1997 2640 2052 sine
2665 1997 2786 2053 ullo
2807 1997 3042 2053 delectu
3065 1996 3306 2052 cuilibet
3324 1995 3547 2051 volenti

1887 2085 2275 2142 concedenda
2295 2091 2384 2141 est
2411 2085 2696 2158 loquendi
2725 2090 3030 2158 potestas:
3081 2101 3275 2157 neque
3307 2085 3384 2140 ad
3411 2100 3546 2139 eam

1887 2191 2014 2230 rem
2047 2180 2282 2247 tempus
2315 2191 2513 2245 omne,
2551 2179 2652 2231 aut
2693 2174 2889 2230 omnis
2936 2174 3105 2230 locus
3148 2173 3402 2230 idoneus
3431 2177 3544 2230 est.

1892 2262 2006 2319 Sed
2021 2263 2069 2317 si
2081 2263 2101 2334 j
2114 2269 2255 2318 uxta
2272 2262 2542 2334 Apostoli
2557 2268 2925 2336 praeceptum
2948 2263 3234 2318 nolumus
3257 2262 3544 2334 cuiquam

1889 2351 2258 2408 offendiculo
2292 2368 2422 2408 esse
2443 2354 2515 2422 δί’,
2568 2368 2766 2424 neque
2805 2352 3045 2418 Judaeis,
3079 2367 3272 2424 neque
3303 2350 3543 2420 Graecis,

1888 2455 2085 2513 neque
2109 2439 2383 2496 Ecclesia:
2407 2440 2527 2506 Dei,
2557 2439 2662 2495 sed
2691 2441 2899 2496 omnia
2918 2439 3133 2496 decore
3155 2455 3224 2495 ac
3245 2439 3540 2508 ordinate,

1889 2529 2217 2602 omniaque
2239 2528 2318 2584 ad
2339 2528 2799 2586 aediﬁcationem
2827 2529 3134 2601 perﬁcere,
3157 2543 3404 2584 necesse
3419 2526 3540 2582 fue-

1887 2618 1961 2675 rit
1990 2625 2047 2674 et
2070 2634 2366 2692 personae,
2394 2623 2451 2674 ct
2471 2619 2784 2690 temporis,
2802 2624 2858 2675 et
2880 2617 3160 2684 utilitatis,
3183 2614 3544 2672 etlocidele-

1890 2712 2054 2763 ctum
2084 2706 2367 2763 decenter
2387 2723 2458 2763 ac
2484 2707 2589 2764 rite
2616 2706 2823 2762 haberi
2847 2724 2860 2762 :
2894 2707 3117 2780 quibus
3139 2704 3424 2762 omnibus
3450 2702 3547 2760 vel

1890 2796 2110 2853 umbra
2126 2796 2358 2869 qumvis
2377 2796 2734 2868 suspicionis
2753 2812 2952 2869 pravae
2969 2794 3367 2866 iugabitur.ln
3379 2792 3547 2850 omni

1893 2891 2094 2943 autem
2117 2885 2334 2956 agendi
2355 2885 2584 2943 ratione
2610 2885 2932 2958 apparebit
2949 2884 3256 2954 gravitatis
3284 2900 3355 2940 ac
3379 2882 3552 2939 casti-

1890 2976 2108 3032 moniae
2132 2975 2438 3046 specimen
2457 2975 2519 3030 in
2539 2975 2633 3040 iis,
2656 2975 2762 3046 qui
2791 2975 3039 3031 admissi
3070 2979 3212 3029 sunt
3231 2978 3288 3028 et
3311 2971 3547 3040 adlecti,

1893 3080 2031 3120 cum
2080 3063 2300 3119 scilicet
2328 3062 2554 3118 mutuis
2589 3062 2858 3119 fruentur
2899 3061 3344 3134 conspectibus,
3375 3064 3432 3115 et
3473 3058 3547 3114 de

1890 3153 2072 3210 rebus
2095 3155 2212 3209 Deo
2243 3151 2642 3225 placentibus,
2675 3152 2796 3207 sive
2827 3151 2905 3207 ad
2935 3150 3202 3222 corporis
3231 3147 3548 3204 necessita-

1893 3248 2032 3314 tem,
2068 3242 2193 3298 sive
2215 3241 2292 3300 ad
2316 3241 2661 3297 animarum
2700 3255 2909 3296 curam
2932 3238 3288 3311 pertineant,
3321 3235 3547 3292 delibe-

1892 3332 2134 3388 rabunt.
2186 3331 2313 3388 Sint
2353 3335 2556 3386 autem
2595 3345 2717 3386 non
2757 3329 3072 3400 pauciores
3101 3343 3290 3400 quam
3318 3326 3442 3382 duo
3477 3341 3550 3382 ex

1894 3424 2149 3493 utraque
2179 3425 2366 3492 parte.
2402 3422 2550 3476 Nam
2572 3433 2834 3491 persona
2855 3434 2977 3474 una
3005 3416 3178 3473 facile
3201 3416 3268 3473 ﬁt
3285 3415 3552 3472 obnoxia

1897 3510 2244 3582 suspicioni,
2267 3514 2331 3565 ut
2351 3525 2426 3565 ne
2447 3509 2595 3582 quid
2616 3507 2876 3581 amplius
2897 3507 3121 3578 dicam,
3145 3512 3202 3563 et
3221 3506 3299 3563 ad
3319 3522 3393 3562 ea
3410 3521 3549 3579 quas

1895 3600 2196 3667 dicuntur,
2219 3597 2662 3666 conﬁrmanda,
2691 3597 2892 3654 minus
2920 3595 3105 3654 habet
3131 3595 3386 3662 roboris,
3408 3611 3552 3650 cum

1895 3694 2098 3762 aperte
2123 3688 2384 3745 declaret
2425 3689 2728 3762 Scriptura
2755 3689 2825 3756 7°,
2867 3688 2929 3743 in
2959 3685 3200 3742 duobus
3231 3691 3335 3742 aut
3359 3685 3550 3741 tribus

1898 3785 2052 3836 stare
2081 3794 2259 3834 omne
2290 3778 2565 3835 verbum.
2596 3781 2794 3850 Neque
2825 3792 2963 3833 vero
2985 3775 3186 3849 plures
3205 3791 3392 3848 quam
3410 3779 3551 3842 tres,

1897 3884 1972 3924 ne
1994 3867 2259 3924 studium
2282 3867 2614 3924 sedulitatis
2635 3867 2765 3938 ejus
2789 3882 2925 3938 quae
2940 3871 3182 3938 propter
3195 3864 3430 3920 Domini
3449 3879 3554 3920 no-

1897 3958 2001 4014 stri
2020 3957 2160 4014 Jesu
2186 3957 2400 4014 Christi
2421 3962 2791 4030 prteceptum
2808 3955 3150 4026 adhibetur,
3165 3954 3552 4028 impediatur.

1967 4051 2019 4101 2.
2051 4047 2221 4112 Quod
2252 4046 2299 4101 si
2326 4047 2735 4102 necessarium
2767 4043 3173 4118 estquosdam
3194 4060 3265 4100 ex
3290 4043 3420 4099 aliis
3441 4043 3555 4100 fra-

1897 4135 2089 4193 tribus
2110 4135 2468 4208 quidquam,
2483 4135 2648 4208 quod
2671 4134 2748 4192 ad
2765 4133 3114 4207 quempiam
3132 4133 3411 4206 privatim
3432 4147 3556 4205 per-

1897 4225 2105 4293 tineat,
2134 4224 2303 4297 loqui
2349 4229 2454 4281 aut
2481 4225 2711 4292 audire,
2751 4239 2876 4280 non
2923 4223 2986 4280 hi
3022 4223 3140 4295 ipsi
3168 4222 3229 4278 in
3274 4228 3556 4278 mutuum

1897 4316 2142 4374 veniant
2171 4331 2563 4388 congressum
2593 4322 2652 4373 et
2671 4315 3036 4388 colloquium
3063 4331 3076 4369 :
3109 4314 3217 4370 sed
3246 4331 3384 4370 cum
3407 4315 3555 4372 sele-

185 4407 448 4477 λεγείσαις
501 4411 880 4482 πρεσϐυτέραις
939 4410 1006 4460 τὰ
1060 4409 1187 4485 παρ’
1240 4410 1404 4463 αὐτῶν
1462 4406 1783 4464 διακονείτω-

1899 4409 2009 4464 ctis
2029 4405 2338 4464 sororibus
2353 4411 2522 4462 aetate
2545 4403 3018 4478 provectioribus
3038 4421 3132 4461 res
3151 4404 3424 4477 ipsorum
3437 4412 3555 4463 tra-

188 4513 304 4567 σαν,
346 4501 439 4549 καὶ
487 4496 622 4548 οὕτω
671 4493 765 4549 διὰ
809 4507 905 4560 τῆς
961 4500 1154 4552 τούτων
1182 4504 1445 4574 μεσιτείας
1481 4502 1512 4559 ἠ
1556 4508 1650 4554 τοῦ
1701 4499 1794 4554 λό-

257 4675 306 4710 ⁶⁵
345 4674 366 4728 ῐ
408 4676 540 4731 Cor.
572 4691 675 4744 xu,
703 4677 754 4733 8.

186 4763 390 4822 latth.
421 4779 577 4833 mu,
612 4769 695 4822 16.

285 4893 356 4945 54
422 4891 548 4947 Vox
569 4889 726 4944 αὑτοῦ
751 4890 812 4947 in
840 4890 1144 4949 veteribus

185 4960 428 5033 legitur.

314 5038 381 5112 55
425 5036 567 5112 [ἱείς.
595 5032 828 5112 primus
855 5039 923 5112 et_
943 5035 1109 5112 Qolb.
1141 5031 1384 5099 σπουδῆς
1408 5037 1444 5112 ᾖ
1477 5042 1680 5112 χρείας.

314 5049 381 5089 oo
425 5049 567 5160 Heg.
595 5049 828 5106 primus
855 5049 912 5091 et
943 5049 1109 5092 U010.
1141 5049 1384 5099 σπουδῆς
1414 5049 1444 5096 ἠ
1477 5049 1680 5112 χρείας.

289 5110 376 5185 ,56
420 5107 527 5185 Co.
551 5122 624 5161 ex
657 5107 828 5185 V953.
845 5102 993 5185 ,οὐδὲ
1016 5113 1113 5167 πᾶς
1133 5112 1334 5185 καιρός.
1357 5111 1503 5185 _Mox
1529 5111 1593 5165 in
1622 5109 1788 5166 Colb.

188 5176 484 5252 scriptum
514 5177 815 5233 invenitur
835 5175 1165 5251 ἀπρόσκοποι
1185 5175 1460 5252 γενέσθαι.

266 5319 276 5327 _
304 5253 370 5303 57
417 5251 579 5328 unus
623 5266 749 5328 ms.
780 5249 921 5304 cum
951 5252 1126 5328 voss.
1175 5249 1444 5328 ἀφορίσαι.
1476 5255 1607 5310 Mox
1648 5254 1789 5322 Reg.

190 5322 424 5395 primus
455 5322 675 5395 ὑπόνοια
701 5323 790 5392 μεν
814 5323 1019 5395 πονηρὰ
1045 5327 1135 5374 καὶ
1168 5322 1292 5395 φειὰ
1320 5330 1486 5378 πᾶσα.

313 5394 379 5466 ᾃ8
417 5399 539 5466 Τοῖς
571 5387 974 5466 ᾆοκιμασθείσιν
1017 5395 1140 5466 όρᾴν
1171 5393 1440 5457 ἀλλήλους.
1490 5395 1565 5450 In
1596 5394 1668 5450 iis
1692 5394 1797 5465 qui

184 5461 431 5534 probati
453 5469 510 5520 et
535 5461 712 5520 eiecti
728 5465 964 5534 fuerint
990 5461 1056 5522 ut
1079 5461 1140 5521 se
1157 5466 1409 5525 invicem
1435 5461 1796 5523 invisant'ac

189 5531 545 5601 deliberent,
573 5539 681 5594 etc.
716 5531 940 5593 Mum.

833 4677 881 4712 ⁶⁶
918 4676 1023 4736 Tit.
1056 4695 1095 4749 ι,
1125 4681 1179 4736 9.
1257 4679 1302 4716 ³⁷
1344 4677 1366 4734 ι
1394 4680 1528 4737 Cor.
1558 4693 1661 4748 vu,
1693 4681 1782 4736 33.

1173 4894 1438 4967 quatuor
1464 4892 1633 4952 libris
1659 4909 1787 4953 non

1859 4678 1907 4716 ⁸³
1949 4675 2106 4735 Psal.
2131 4691 2228 4749 ιιι,
2269 4679 2325 4736 6.

1900 4502 2061 4555 ctent
2085 4495 2285 4554 selecti
2330 4497 2621 4562 seniores,
2650 4501 2709 4554 et
2731 4496 2816 4554 ita
2860 4511 3073 4553 eorum
3103 4512 3292 4570 opera
3329 4513 3554 4566 sermo,

2408 4678 2457 4715 σθ
2498 4676 2518 4732 Ι
2550 4679 2680 4735 Cor.
2713 4692 2770 4744 ι,
2803 4680 2892 4735 32.
2988 4677 3038 4714 ⁷ο
3078 4679 3248 4736 Deut.
3279 4693 3402 4747 xxx,
3451 4681 3555 4748 l5;

1967 4894 2082 4966 (59)
2122 4892 2275 4950 Editi
2303 4892 2538 4964 ξὲκάστου
2577 4896 2781 4968 μέρους.
2833 4894 3071 4950 Veteres
3103 4892 3224 4949 duo
3268 4890 3406 4948 libri
3443 4890 3558 4945 ἕκα-

1898 4969 2283 5054 τίεὲτίὲλῗεοτίςο
2358 5039 2401 5054 ..
2606 5046 2619 5054 ,
2791 5035 2815 5054 .
3036 5036 3092 5054 η,

1968 5035 2088 5108 (60)
2125 5035 2328 5093 Codex
2358 5039 2527 5095 Voss.
2565 5046 2623 5092 et
2652 5035 2750 5108 alii
2779 5035 2900 5108 duo
2932 5036 3271 5108 σταθήσεται.

1973 5102 2086 5179 (6t)
2124 5109 2316 5164 Editio
2344 5108 2519 5166 Basil.
2545 5107 2723 5163 simul
2749 5111 2802 5179 et
2825 5106 3026 5179 Paris.
3066 5106 3126 5179 Ei
3157 5102 3216 5156 δέ
3234 5123 3401 5179 τινος.
3429 5103 3560 5161 Edi-

1901 5172 1988 5256 ρο·
2011 5172 2151 5256 Ven.
2181 5186 2401 5256 e_t_mss.
2435 5184 2698 5256 quatuor
2728 5177 2790 5256 Εξ
2813 5172 3056 5256 dignas.
3084 5174 3254 5256 ἑξείης
3280 5174 3456 5256 longe
3485 5192 3559 5232 ex

1901 5249 2094 5331 Vossii
2113 5250 2332 5334 codice
2346 5244 2621 5334 voc'ulaEn
2644 5244 3312 5334 n'add‘idimus.‘Stat'im
3332 5244 3555 5334 in_R_eg.

1901 5321 2100 5401 primo
2128 5327 2186 5376 et
2211 5321 2376 5378 Colb.
2405 5337 2514 5402 pro
2551 5317 2792 5400 ὁξιαφέρον
2833 5315 3047 5395 legitur
3087 5314 3403 5399 διαφέροντι.
3445 5314 3560 5376 Νὲο

1902 5396 1986 5447 ita
2015 5391 2204 5463 multo
2226 5397 2362 5463 post
2391 5392 2451 5447 hi
2481 5407 2595 5463 lpSl
2621 5391 2743 5444 duo
2770 5386 3008 5463 codices
3036 5389 3274 5463 habent
3295 5394 3561 5463 ερχέσοω·

1902 5408 1986 5447 ua
2015 5408 2204 5448 ωηιῐο
2226 5408 2362 5464 post
2391 5408 2451 5447 ω
2481 5408 2595 5463 ιρει
2621 5408 2743 5444 auo
2770 5408 3008 5468 codices
3037 5408 3266 5446 naDent
3295 5408 3559 5466 ερχεσυω·

1907 5481 2002 5516 σαν
2042 5461 2289 5537 αλλήλων,
2359 5465 2488 5520 Mox
2541 5463 2680 5533 Reg.
2736 5474 2968 5533 primus
3020 5468 3130 5523 ταῖς
3179 5461 3559 5537 ἐπιλεγομένους

1905 5533 2253 5608 πρεσϐυτέρου
2263 5554 2304 5594 ς.
