4082 6178
583 218 694 274 999

574 338 680 412 qui
700 335 1079 394 necessarius
1107 333 1301 404 fuerit,
1334 334 1458 389 ﬁat.
1493 333 1596 388 Hic
1624 336 1826 388 autem
1844 330 1994 388 ordo
2022 347 2146 386 non
2176 330 2235 385 in

579 426 934 484 mulieribus
961 423 1156 478 solum
1189 438 1331 492 erga
1357 423 1534 488 viros,
1562 427 1665 477 aut
1692 422 1752 476 in
1782 421 1925 476 viris
1946 435 2088 489 erga
2106 435 2237 475 mu-

575 517 771 581 lieres,
805 514 910 570 sed
943 514 1004 568 in
1048 513 1320 584 personis
1355 512 1534 568 etiam
1562 510 1837 580 ejusdem
1869 525 2047 565 sexus
2091 523 2237 578 erga

578 621 756 660 sexus
787 602 1058 673 ejusdem
1079 616 1376 673 personas
1408 605 1693 656 servetur.
1721 598 1787 653 Hi
1820 597 1996 668 igitur
2025 604 2237 670 praeter

576 694 870 765 reliquam
900 691 959 745 in
977 691 1260 746 omnibus
1283 691 1560 762 pietatem
1580 689 1749 760 377
1770 704 1840 744 ac
1858 687 2232 758 gravitatem,

579 783 695 837 sint
721 781 902 836 etiam
942 779 1270 851 prudentes
1300 787 1354 833 et
1383 779 1441 833 in
1474 777 1928 846 interrogando,
1958 781 2015 832 et
2057 777 2118 831 in
2150 791 2237 831 re-

577 867 956 942 spondendo,
980 867 1308 939 ﬁdelesque
1332 872 1386 921 et
1406 867 1642 938 providi
1662 866 1738 921 ad
1764 881 2104 920 sermonem
2127 863 2234 919 ad-

578 956 1072 1022 ministrandum,
1091 972 1161 1010 ac
1193 954 1481 1027 impleant
1506 953 1681 1009 illud:
1711 955 1994 1021 Disponel
2019 967 2236 1007 sermo-

578 1063 680 1103 nes
711 1062 845 1102 suos
868 1049 929 1101 in
951 1046 1186 1114 judicio
1207 1045 1278 1110 τί,
1317 1044 1470 1099 sicut
1497 1049 1558 1098 ut
1584 1041 1763 1097 simul
1793 1047 1848 1096 et
1879 1041 2119 1109 negotia
2139 1055 2235 1096 eo-

576 1152 712 1191 rum
733 1135 836 1207 qui
866 1151 996 1189 sese
1019 1134 1288 1206 ipsorum
1309 1133 1446 1188 ﬁdei
1469 1131 1897 1192 commiserint,
1914 1130 2236 1186 conﬁcian-

579 1230 693 1291 tur,
720 1230 779 1279 et
819 1223 893 1278 de
937 1222 1009 1277 iis
1037 1238 1191 1294 quas
1237 1221 1624 1276 tractaverint
1679 1219 1862 1274 rebus
1910 1219 2060 1274 nihil
2104 1219 2233 1289 jam

577 1313 844 1369 habeant
871 1310 1284 1365 dubitationis.
1313 1309 1643 1365 lnserviant
1664 1313 1864 1364 autem
1893 1312 1947 1363 et
1967 1308 2234 1380 corporis

576 1397 1033 1456 necessitatibus
1057 1397 1158 1452 alii
1186 1397 1461 1470 quidam,
1485 1395 1666 1468 etipsi
1686 1411 1930 1468 quoque
1960 1411 2099 1450 cum
2125 1411 2233 1467 ap-

575 1489 957 1562 probatione,
1001 1489 1106 1560 qui
1146 1489 1263 1543 sint
1310 1496 1366 1544 et
1413 1493 1584 1544 astate
1625 1492 1905 1560 provecta
1933 1491 1990 1542 et
2026 1485 2234 1542 habitu

577 1595 649 1634 ac
677 1577 948 1634 moribus
979 1593 1218 1648 graves,
1247 1582 1314 1633 ut
1336 1593 1411 1632 ne
1442 1577 1780 1649 percutiant
1806 1575 2061 1646 alicujus
2093 1591 2234 1631 con-

1949 210 2005 264 S.
2050 207 2302 262 BASlLlI
2342 202 2583 261 MAGNI.

3775 210 3888 262 1000

2343 348 2439 400 you
2491 331 2651 401 χρεία
2704 325 3019 400 πληρούσθω
3048 326 3185 396 (62).
3242 325 3299 378 Ἠ
3349 323 3411 379 δὲ
3459 327 3582 385 αὐτή
3621 327 3802 390 εὐταξία
3839 330 3887 381 οὑ

2345 422 2497 488 μόνον
2529 413 2576 466 ἐν
2624 413 2833 484 γυναιξὶ
2871 417 3002 486 πρὸς
3049 411 3266 488 ἄνδρας,
3313 415 3340 472 ἦ
3395 411 3610 488 ἀνδράσι
3652 419 3770 490 πρὸς
3801 438 3887 487 γυ-

2344 514 2544 571 ναίκας,
2576 503 2703 555 ἀλλὰ
2745 508 2836 554 καὶ
2882 501 2930 554 ἐν
2977 511 3085 564 τοίς
3140 503 3407 576 ὁμογενέσι
3457 508 3584 577 πρὸς
3634 509 3744 566 τοὺς
3794 507 3892 578 ὁμο-

2342 602 2506 667 γενεῖς
2563 591 2941 666 φυλασσίσθω.
3014 593 3173 644 Οὗτοι
3241 595 3330 666 μὶν
3391 590 3478 644 οὖν
3522 595 3739 646 ἔστωσαν
3790 596 3894 674 μετα

2342 693 2438 745 τῆς
2489 683 2646 744 illm
2704 681 2752 733 ἐν
2814 688 2963 742 πᾶςιν
3021 681 3284 742 εὐλαϐείας
3348 701 3401 734 τε
3455 688 3543 734 καὶ
3604 687 3894 755 σεμνότητος,

2342 779 2432 824 καὶ
2491 775 2693 824 συνετοὶ
2769 774 2900 843 πρὸς
2982 789 3036 822 τε
3109 769 3429 846 ἐπερώτησιν
3493 776 3578 823 καὶ
3634 769 3894 846 ἀπόκρισιν,

2342 867 2524 914 πιστοί
2581 880 2634 912 τε
2698 864 2786 911 καὶ
2851 863 3090 932 φρόνιμοι
3154 864 3280 932 πρὸς
3341 865 3433 918 τὴν
3499 869 3595 911 τῶν
3656 859 3899 931 λεγομένων

2342 951 2671 1022 οἰκονομίαν,
2738 953 2826 1000 καὶ
2894 947 3201 1022 πληροῦντες
3265 953 3322 1000 τό
3380 952 3510 1018 (63)·
3595 949 3901 1020 Οἰκονομήσεε

2341 1044 2464 1101 τοὺς
2520 1039 2700 1110 λόγους
2755 1038 2914 1089 αὑτοῦ
2967 1035 3014 1088 ἓν
3077 1044 3267 1112 κρίσει,
3333 1041 3466 1096 ὥστε
3532 1043 3620 1090 καὶ
3670 1038 3770 1098 τοίς
3825 1037 3901 1109 ἑμ-

2341 1133 2681 1182 πιστεύουσιν
2727 1127 2903 1188 αὐτοῖς
2951 1128 3081 1200 όμοῦ
3125 1133 3218 1186 τήν
3261 1147 3312 1179 τε
3350 1132 3537 1202 χρείαν
3590 1126 3900 1202 πληροῦσθαι,

2343 1224 2431 1271 καὶ
2457 1223 2542 1276 τὴν
2569 1217 2926 1292 πληροφορίαν
2955 1218 3214 1291 ὑπάρχειν
3259 1222 3377 1292 περὶ
3425 1225 3525 1268 τῶν
3569 1214 3614 1267 ἐν
3656 1216 3813 1277 αὐτοῖς
3837 1235 3902 1267 xi-

2341 1313 2614 1381 νουμένων.
2669 1306 3109 1377 Ὑπηρετείτωσαν
3159 1303 3218 1358 δὲ
3266 1311 3358 1358 καὶ
3408 1314 3526 1368 ταῖς
3572 1312 3660 1357 τοῦ
3704 1311 3902 1378 σώματος
3964 1314 3966 1316 ’

2341 1403 2552 1471 χρείαις
2617 1395 2764 1447 ἄλλοι
2819 1398 2967 1461 τινες,
3035 1399 3124 1446 καὶ
3201 1394 3352 1448 αὐτοὶ
3411 1397 3543 1467 μετὰ
3610 1390 3900 1467 δοκιμασίας,

2339 1492 2432 1544 τήν
2490 1505 2543 1538 τε
2600 1484 2804 1543 ἡλικίαν
2853 1489 3165 1558 προήκοντες
3219 1488 3310 1535 καὶ
3377 1488 3436 1535 τὸ
3500 1491 3685 1556 σχῆμα
3733 1487 3810 1533 καὶ
3856 1483 3902 1532 τὸ

2344 1573 2468 1638 ἦθος
2503 1580 2702 1648 σεμνοὶ,
2734 1578 2862 1650 πρὸς
2916 1579 2973 1626 τό
3027 1579 3098 1647 μὴ
3146 1573 3341 1637 πλῆξαί
3395 1594 3534 1636 τινος
3586 1569 3801 1634 συνειδὸς
3846 1569 3904 1630 εἰς

577 1667 887 1723 scientiam
909 1682 1018 1738 per
1037 1666 1263 1722 malam
1295 1666 1721 1738 suspicionem.
1743 1666 1964 1738 thu-id
1984 1667 2139 1721 enim
2165 1666 2232 1721 li-

2344 1664 2572 1736 ὑποψίαν
2620 1669 2806 1722 κακήν.
2859 1670 2969 1717 Ἵνα
3023 1669 3075 1716 τί
3121 1667 3220 1738 γὰρ
3270 1665 3300 1721 ἠ
3367 1661 3628 1738 ἐλευθερία
3678 1681 3767 1735 μον
3815 1665 3905 1733 κρί-

580 1755 774 1811 bcrtas
795 1770 924 1810 mea
943 1755 1266 1822 judicatur
1292 1755 1368 1811 ab
1395 1755 1596 1810 aliena
1628 1754 2054 1809 conscientia"
2075 1753 2103 1808 ?

1018 1860 1541 1918 [NTERROGATIO
1574 1863 1791 1917 XXXIV.

578 1951 924 2022 Cujusmodi
950 1967 1070 2008 esse
1087 1952 1340 2008 debeant
1368 1953 1412 2007 ii
1437 1953 1539 2023 qui
1557 1951 1857 2021 fratribus
1889 1952 2234 2022 dispensant

1147 2056 1240 2096 res
1268 2042 1662 2097 necessarias.

1203 2131 1610 2186 RESPONSIO.

656 2222 705 2276 l.
737 2222 926 2291 Atque
957 2218 1131 2275 etiam
1169 2235 1240 2274 ex
1281 2219 1371 2289 iis,
1407 2219 1510 2290 qui
1554 2218 1712 2274 intus
1743 2235 1837 2274 res
1867 2218 2237 2274 necessarias

580 2305 964 2369 distribuunt,
989 2308 1241 2362 omnino
1262 2323 1509 2363 necesse
1534 2313 1623 2363 est
1647 2307 1704 2363 in
1740 2307 1991 2377 singulis
2018 2307 2237 2362 ordini-

580 2392 698 2448 bus
730 2393 965 2466 aliquos
995 2411 1147 2462 esse,
1174 2395 1277 2466 qui
1309 2411 1412 2449 eos
1443 2394 1663 2450 imitari
1691 2395 1926 2467 possint
1954 2411 1990 2450 a
2014 2394 2236 2466 quibus

582 2480 954 2536 efﬁciebatur
972 2482 1139 2555 quod
1166 2482 1390 2538 dictum
1417 2488 1506 2538 est
1533 2483 1592 2536 in
1627 2482 1811 2537 Actis:
1843 2483 2238 2538 Dividebatur

579 2572 837 2641 singulis
862 2575 1045 2640 prout
1074 2574 1286 2643 cuique
1309 2588 1455 2642 Opus
1481 2578 1610 2627 erat
1629 2573 1708 2624 ἠε
1741 2571 1845 2642 qui
1876 2577 2083 2626 curent
2111 2587 2237 2626 ma-

580 2675 866 2732 gnopere,
891 2667 952 2716 ut
978 2660 1395 2716 misericordes
1424 2660 1543 2715 sint
1569 2676 1638 2715 ac
1659 2660 1822 2714 lenes
1843 2676 1989 2730 erga
2012 2660 2236 2732 quosli-

580 2747 701 2816 bet,
743 2765 938 2820 neque
970 2749 1073 2803 ulli
1117 2750 1520 2820 suspicionem
1562 2748 1872 2820 praebeant
1913 2749 2234 2818 singularis

580 2835 760 2891 studii
787 2842 886 2892 aut
915 2837 1340 2908 propensionis
1362 2852 1505 2907 erga
1534 2837 2044 2908 quosdam,juxta
2063 2854 2235 2892 man-

579 2923 791 2980 datum
817 2924 1108 2996 Apostoli,
1140 2924 1246 2997 qui
1291 2924 1476 2980 dixit:
1508 2925 1685 2981 Nihil
1717 2928 1953 2995 faciens
1991 2929 2055 2981 in
2085 2928 2234 2982 alte-

2341 1775 2480 1807 νεται
2509 1757 2609 1806 ὑπὸ
2640 1753 2799 1814 ἄλλης
2830 1748 3212 1820 συνειδήσεως

2913 1865 3227 1912 ﬁrmum:
3258 1858 3380 1914 AA'.

2345 1954 2615 2010 ιιοταποὺς
2653 1953 2762 2023 χρὴ
2807 1945 2934 2002 εἶναι
2974 1952 3096 2011 τοὺς
3125 1951 3192 2001 τὰ
3222 1968 3354 2022 προς
3405 1952 3502 2007 τὴν
3539 1953 3714 2022 χρείαν
3748 1945 3904 1998 οἰκονο-

2763 2046 2990 2111 μοῦντας
3020 2036 3068 2088 ἐν
3099 2046 3160 2111 τῇ
3193 2034 3536 2123 ἀδελφότητι.

2949 2132 3306 2182 ΑΠΟΚΙῚΣΙΣ
3324 2169 3337 2182 .

2423 2222 2468 2272 Ι.
2508 2222 2607 2270 Καὶ
2636 2225 2735 2268 τῶν
2780 2219 2881 2268 ἔσω
2917 2212 2976 2268 δε
3010 2218 3076 2268 τὰ
3123 2219 3252 2290 πρὸς
3304 2221 3404 2274 τὴν
3457 2220 3640 2290 χρείαν
3688 2212 3901 2284 ἐπινεμόν-

2344 2325 2443 2358 των
2475 2305 2524 2357 ἐν
2565 2306 2766 2377 ἑκάστῳ
2803 2307 3034 2377 τάγματι
3058 2307 3170 2376 (64)
3213 2307 3424 2366 πάντως
3477 2307 3676 2358 ἔσονταί
3719 2320 3828 2360 τινες
3865 2301 3901 2350 οἱ

2347 2392 2625 2466 δυνάμενοι
2678 2396 2956 2467 μιμεῖσθαι
2986 2398 3106 2454 τοὺς
3147 2392 3194 2445 ἐν
3233 2402 3353 2456 ταῖς
3403 2393 3630 2469 Ιιράξεσι
3669 2398 3900 2447 ποιοῦντας

2343 2487 2400 2536 τό
2454 2483 2717 2557 εἰρημένον
2770 2485 2870 2553 ὅτι,
2931 2480 3202 2536 Διεόίόοτο
3260 2483 3469 2555 ἑκάστῳ
3538 2485 3713 2535 καθότι
3754 2482 3806 2531 ἄν
3842 2495 3902 2535 τις

2343 2578 2530 2644 χρείαν
2598 2573 2729 2643 εἶχε·
2793 2578 3036 2648 πρόνοιαν
3102 2575 3405 2646 ποιούμενοι
3474 2572 3657 2629 πολλὴν
3715 2576 3794 2620 τοῦ
3861 2582 3902 2616 τε

2346 2661 2715 2733 εὐσπλάγχνου
2759 2666 2850 2712 καὶ
2893 2663 3235 2735 μακροθύμου
3284 2667 3421 2736 πρὸς
3463 2663 3672 2725 πάντας,
3717 2661 3901 2710 καὶτοῦ

2344 2756 2474 2823 μήτε
2533 2749 2757 2820 ὑποψίαν
2803 2747 2987 2802 dou-uari
3029 2770 3130 2802 τινι
3182 2754 3566 2824 προσμαοείας,
3627 2751 3654 2808 ἦ
3697 2743 3904 2820 προσκλί-

2349 2859 2477 2900 σεως
2503 2841 2617 2908 (65)
2647 2843 2777 2913 πρὸς
2806 2859 2971 2908 τινας,
3020 2843 3155 2892 κατὰ
3186 2843 3242 2891 τό
3274 2839 3625 2914 παράγγελμα
3665 2845 3746 2889 τοὺ
3771 2835 3904 2886 Ἀπο-

3423 2932 3560 2981 κα-ὀε
3620 2923 3907 3000 πρόσκλισιν,

2350 2928 2534 2980 στόλοῦ
2598 2928 2846 2990 εἰπόντος·
2927 2925 3106 2986 Μηδὲν
3172 2937 3332 2981 ποιῶν

578 3029 709 3070 ram
729 3020 965 3084 partem
989 3013 1443 3085 declinando“,
1484 3031 1679 3087 neque
1709 3015 1973 3070 vieissim
2003 3021 2232 3083 contra,

2345 3019 2375 3076 ἡ
2420 3017 2573 3070 πάλιν
2614 3017 2922 3090 φιλονεικίας
2953 3017 3064 3089 (66)
3108 3019 3170 3076 ἣν
3201 3020 3267 3080 ὡς
3317 3016 3581 3070 ἀνοίκειον
3619 3017 3910 3090 Χριστιανοῧ

573 3103 757 3174 jurgii
785 3109 842 3160 et
871 3103 1294 3168 contentionis,
1311 3120 1498 3176 quam
1517 3104 1677 3160 idem
1701 3110 1993 3178 tanquam
2016 3121 2052 3161 a
2074 3105 2233 3162 Chri-

579 3192 790 3247 stianis
822 3192 1083 3248 alienam
1103 3192 1293 3264 rejicit
1315 3193 1549 3249 dicens:
1583 3195 1651 3250 Si
1676 3196 1806 3265 quis
1839 3194 2077 3250 videtur
2101 3210 2236 3250 con-

581 3283 869 3336 tentiosus
890 3297 1029 3348 esse,
1057 3298 1164 3337 nos
1195 3283 1375 3339 talem
1399 3284 1883 3339 consuetudinem
1905 3299 2024 3339 non
2055 3283 2234 3340 habe-

581 3385 735 3437 mus,
768 3385 955 3441 neque
981 3371 1263 3427 Ecclesia?
1292 3373 1508 3428 Dei“:
1561 3377 1625 3426 ut
1663 3373 1880 3428 horum
1925 3388 2129 3440 causa,
2179 3376 2235 3428 et

579 3456 674 3525 iis,
701 3451 1066 3529 quibuscum
1095 3459 1240 3531 ipsis
1271 3461 1572 3517 contentio
1603 3465 1709 3529 est,
1741 3461 2112 3517 necessarias
2141 3477 2235 3516 res

582 3547 960 3612 subtrahant,
992 3555 1049 3605 et
1072 3549 1164 3614 iis,
1194 3550 1253 3605 in
1283 3567 1440 3623 quos
1465 3550 1651 3606 animi
1681 3551 2070 3607 inclinatione
2101 3567 2236 3624 pro-

579 3637 865 3708 pendent,
889 3637 1026 3710 plus
1057 3655 1234 3712 inquo
1264 3639 1619 3709 largiantur.
1649 3639 1797 3695 Illud
1829 3646 2030 3697 autem
2057 3640 2238 3710 signi-

578 3724 921 3783 ﬁcationem
970 3727 1154 3784 habet
1201 3728 1322 3784 odii
1361 3729 1624 3800 fraterni,
1666 3729 1781 3784 hoc
1824 3745 1966 3785 vero
2012 3730 2235 3786 amoris

578 3813 917 3884 singularis,
941 3817 1043 3889 qui
1075 3817 1211 3873 hinc
1234 3819 1496 3874 maxime
1517 3819 1905 3889 vituperatur,
1935 3818 2102 3889 quod
2132 3835 2236 3891 per

577 3917 718 3959 eum
743 3921 817 3960 ea
845 3921 980 3976 quae
1007 3921 1038 3960 e
1069 3907 1357 3962 charitate
1386 3907 1573 3962 oritur
1599 3907 1920 3962 concordia
1943 3906 2179 3976 fugetur
2203 3924 2235 3964 e

2345 3109 2371 3158 ό
2413 3106 2561 3167 αὐτὸς
2601 3104 2960 3179 ἀποπέμπεται
3021 3106 3195 3158 εἰπών’
3265 3110 3325 3160 Εἰ
3384 3126 3478 3170 τις
3537 3105 3676 3160 δοκεῖ
3733 3103 3910 3176 φιλόνει-

2344 3216 2430 3256 κος
2497 3192 2644 3261 εἶναι,
2713 3197 2864 3268 ἡμεῖς
2920 3199 3162 3254 τοιαύτην
3233 3198 3522 3254 συνήθειαν
3585 3195 3674 3249 οὐκ
3733 3197 3908 3263 ἔχομεν,

2345 3281 2467 3336 οὐδὲ
2516 3286 2570 3335 αἱ
2617 3283 2920 3342 Ἐκκλησίαι
2980 3292 3072 3336 τοῦ
3126 3291 3280 3338 Θεοῦο
3340 3288 3416 3346 ὡς
3461 3283 3553 3338 διὰ
3606 3286 3784 3337 τούτων
3828 3285 3907 3328 τῶν

2343 3377 2433 3447 μὲν
2458 3374 2794 3446 ὑφαιρεῖσθαι
2835 3379 2931 3432 τὴν
2986 3378 3192 3448 χρείαν,
3242 3378 3370 3446 πρὸς
3422 3375 3506 3435 οὖς
3545 3373 3604 3425 ἆν
3658 3371 3908 3444 φιλονείκως

2345 3465 2534 3535 ἔχωσι,
2579 3470 2678 3514 τῶν
2728 3459 2787 3515 δὲ
2836 3462 3295 3538 ὑπερϐαλεῖν(67),
3348 3460 3435 3528 οἷς
3474 3463 3534 3516 ἆν
3581 3456 3908 3536 προσκεκλιμέ-

2342 3570 2421 3603 νοι
2444 3552 2800 3622 τυγχάνωσιν.
2834 3549 2986 3604 Ἐστι
3014 3548 3070 3604 δε
3118 3555 3176 3603 τὸ
3219 3555 3308 3624 μὲν
3357 3549 3727 3625 μεσαδελφίας,
3771 3551 3821 3600 τό
3862 3541 3907 3596 δε

2344 3643 2718 3716 προσπαθείας,
2769 3647 2862 3702 τῆς
2919 3639 3152 3713 μάλιστα
3205 3637 3644 3716 διαϐεϐλημένης,
3694 3639 3743 3702 ἐξ
3783 3638 3841 3688 ὧν
3883 3634 3905 3689 ἡ

2345 3733 2434 3802 μὲν
2457 3730 2569 3801 (68)
2626 3727 2926 3800 ἐξγᾶγάπης
2975 3733 3239 3802 σύμπνοια
3290 3738 3380 3790 τῆς
3437 3728 3768 3804 ἀδελφότητος
3815 3722 3910 3778 δια·

2347 3827 2564 3888 σπᾶται,
2608 3818 2832 3890 ὑποψίαι
2882 3815 2940 3872 δὲ
2986 3825 3232 3894 πονηραὶ,
3271 3825 3361 3873 καὶ
3413 3822 3584 3888 ζῆλοι,
3624 3827 3708 3874 καὶ
3754 3813 3910 3893 Epid“,

2345 3913 2436 3960 καὶ
2468 3913 2606 3960 ὄκνοι
2631 3912 2759 3982 πρὸς
2785 3911 2874 3969 τὰς
2905 3906 3150 3984 ἕργασίας
3180 3908 3630 3983 ἁντεισίρχονται.

575 3991 830 4049 fratrum
861 4001 1040 4061 coetu,
1071 4003 1128 4052 et
1154 3995 1214 4051 in
1242 3997 1431 4069 ipsius
1455 3997 1655 4051 locum
1679 3995 2053 4068 suspiciones
2083 4013 2310 4070 prave,
2332 3997 2875 4070 aemulationesque
2906 4002 2964 4053 et
2985 3999 3431 4070 contentiones,
3463 4017 3536 4058 ac
3571 3997 3833 4074 quedam
3851 3990 3915 4050 ad

577 4083 889 4153 agendum
919 4085 1202 4154 segnities
1237 4085 1585 4143 succedant.

649 4176 706 4230 2.
734 4173 1142 4238 Quamobrem
1180 4174 1285 4246 qui
1317 4174 1602 4230 fratribus
1630 4174 1996 4234 distribuunt
2025 4193 2230 4234 neces-

2409 4183 2462 4234 2.
2508 4179 2869 4254 Προσπαθείας
2925 4181 3015 4252 μεν
3059 4177 3147 4232 οὖν
3195 4186 3284 4234 καὶ
3315 4180 3626 4254 φιλονεικίας
3666 4177 3753 4234 διά
3788 4197 3833 4230 τε
3864 4175 3918 4227 τὰ

581 4262 764 4327 saria,
791 4269 914 4318 tum
940 4263 1020 4319 ob
1049 4279 1121 4320 ea
1151 4279 1286 4336 quas
1317 4264 1474 4321 dicta
1494 4270 1652 4332 sunt,
1677 4271 1806 4322 tum
1835 4267 1915 4323 ob
1937 4267 2053 4325 alia
2079 4269 2232 4340 ejus-

579 4350 720 4407 dem
768 4353 1003 4423 generis
1031 4353 1242 4425 multa,
1273 4370 1408 4427 quae
1440 4355 1710 4412 accidere
1741 4356 1952 4428 solent,
1999 4374 2101 4416 eos
2129 4374 2230 4416 ne-

652 4501 698 4538 "
742 4502 897 4558 Psal.
926 4519 1033 4572 cxi,
1060 4509 1111 4560 5.
1189 4507 1236 4541 ⁷³
1277 4508 1455 4562 lCor.
1480 4523 1533 4576 χ,
1556 4511 1645 4564 29.
1725 4509 1772 4543 ⁷³
1812 4509 1940 4565 Act.
1969 4523 2045 4580 iv,
2077 4513 2164 4566 35.

653 4653 765 4720 (6'2)
807 4649 897 4708 Sic
923 4651 1066 4722 Reg.
1093 4652 1323 4725 primus
1349 4653 1542 4711 codex
1562 4656 1805 4725 optimae
1830 4658 2241 4715 11009.Εῶϋο-

582 4736 703 4802 nes.
732 4727 962 4802 veteres
994 4729 1050 4802 et
1097 4724 1328 4802 aliquot
1355 4742 1508 4802 mss.
1561 4724 1894 4802 πληρούσθω.
1929 4726 2090 4783 Οὗτοι
2127 4734 2238 4802 μέν,

583 4792 822 4868 omissis
853 4793 1134 4868 quielegi
1164 4792 1425 4868 possunt
1453 4798 1514 4853 in
1547 4792 1849 4855 contextu.

654 4865 771 4951 (Q3)_
798 4865 890 4920 Sic
922 4865 1086 4951 Qolb.
1133 4865 1326 4951 codex
1373 4873 1531 4951 nota:
1578 4871 1844 4951 optimae.
1876 4872 1998 4951 "Hic
2038 4876 2241 4951 autem

585 4936 905 5008 Scriptura:
947 4937 1116 4992 locus
1160 4943 1218 4994 et
1249 4939 1308 4994 in
1335 4939 1508 4994 editis
1538 4946 1594 4995 et
1618 4936 1678 4996 in
1705 4942 2008 4998 veteribus
2037 4942 2243 4998 multis

581 5006 752 5084 libris
779 5007 966 5084 deest,
1008 5009 1118 5064 etsi
1147 5011 1227 5065 ad
1260 5011 1522 5084 auctoris
1554 5013 1934 5084 propositum
1979 5014 2244 5070 maxime

583 5079 739 5135 facit.
775 5078 1109 5152 Aliquanto,
1129 5087 1268 5152 post
1288 5082 1410 5136 duo
1439 5078 1578 5138 mss‘.
1613 5078 1700 5135 xuii.
1726 5084 1891 5140 ἄλλοι.

800 5151 1200 5230 Ἀςιιὶᾳιιὶριλο
1243 5152 1378 5230 libri
1426 5153 1626 5230 ἑκάστῳ
1651 5229 1655 5230 7
1677 5157 1987 5230 saccis/nant
2022 5154 2138 5211 Nec
2161 5157 2242 5213 ita

583 5222 774 5277 multo
796 5221 1139 5297 iniraVColb.
1175 5221 1446 5277 Διεδίὸοτο
1478 5221 1547 5297 o‘“;
1569 5221 1770 5297 ἑκάστῳ
1793 5221 1923 5280 καθὸ
1955 5229 2035 5281 οἷν.

655 5293 1260 5369 (ὖὸξῒζάἰιὶῌβιμῳδ-ε.
1303 5297 1331 5354 ἦ
1365 5296 1596 5369 προσκλή
1611 5293 1756 5364 σεως,
1792 5315 1901 5353 nec
1941 5298 2023 5354 ita
2052 5297 2243 5356 multo

627 5367 730 5442 ost.
753 5363 936 5443 iidem
966 5365 1212 5443 illilihri
1240 5363 1451 5443 οιηῃρε
1478 5371 1611 5420 κατὰ
1632 5363 1992 5443 πρόσκλησινξ
2023 5370 2085 5424 in
2114 5372 2244 5442 qui-

631 5448 698 5512 us
719 5434 879 5512 idem
901 5443 992 5490 est
1013 5438 1245 5493 vitium.
1266 5439 1381 5512 Sed
1405 5434 1724 5512 utrumque
1754 5441 1958 5497 locum
1974 5457 2046 5496 ex
2070 5434 2244 5498 sacro

583 5507 746 5559 textu
772 5504 1016 5576 vulgato
1051 5510 1445 5566 correximus.
1489 5504 1648 5582 Heg:
1676 5513 1906 5585 primus
1936 5529 2047 5587 pro
2083 5517 2242 5567 ’ποιῶν

2239 4510 2289 4545 ’³⁸
2337 4513 2358 4567 l
2383 4510 2538 4566 Tim.
2561 4526 2620 4577 v,
2648 4513 2738 4566 2i.

2340 4270 2584 4345 εἰρημένα
2637 4275 2726 4321 καὶ
2792 4268 2921 4321 ἀλλα
2994 4269 3157 4322 πολλὰ
3225 4280 3446 4325 τοιαῦτα
3513 4269 3918 4344 ἔπισυμϐαίνοντα

2338 4361 2640 4434 καθαρεύειν
2697 4357 2762 4420 εἰς
2818 4359 2976 4432 οἷκρον
3039 4358 3315 4432 ἀναγκαῖον
3372 4367 3506 4424 ποὺς
3556 4364 3622 4415 τὰ
3683 4362 3794 4434 τρὸς
3840 4357 3916 4411 τήν

2817 4511 2863 4547 ⁷³
2905 4513 3078 4570 lCor.
3105 4528 3184 4586 x1,
3217 4516 3304 4569 t6.

2349 4661 2536 4720 habet
2564 4671 2744 4720 ποιεῖν.

2446 4738 2541 4810 66-
2581 4735 2732 4810 Editi
2761 4734 2982 4810 et_duo
3026 4752 3173 4810 mss,
3215 4736 3368 4789 πάλιν
3408 4737 3735 4810 φιλονεικίαν,
3759 4727 3918 4810 male.

2348 4804 2496 4874 Reg.
2514 4807 2734 4880 _tert_ius
2779 4807 3104 4880 φιλονεικίας,
3134 4807 3353 4880 bene:
3405 4801 3511 4864 ilbi
3557 4823 3670 4864 vox
3716 4801 3918 4872 ὑποψίαν

2349 4875 2692 4951 supplenda
2714 4875 2812 4951 est
2839 4895 2913 4951 ex
2940 4879 3378 4951 superioribus.

2444 4946 2514 5031 δῖ
2539 4946 3317 5031 ολῌάίιὶνπεριϐαλεῑῦκᾼ-ᾳιὶᾳυὶ
3336 4958 3452 5031 tres
3470 4950 3606 5006 libri
3623 4963 3754 5005 cum
3770 4946 3917 5031 Yoss.

2351 5017 2714 5096 ὑπερϐάλλειν.Δ
2752 5015 2984 5077 Ibidem
3010 5015 3302 5096 editiones
3333 5030 3562 5096 veteres
3590 5015 3918 5096 προκεκληειέ·

2349 5109 2446 5168 vos.
2474 5091 2719 5168 Antiqui
2743 5097 3005 5168 quatuor
3025 5091 3176 5168 libri
3195 5097 3408 5164 praeter
3432 5092 3602 5148 Voss.
3626 5091 3918 5168 17.099251116-

2351 5165 2514 5232 μένοι.
2548 5163 2688 5236 Reg.
2723 5163 2930 5219 tél‘lius
2968 5163 3398 5236 προκεκλιμένοιζ
3456 5179 3611 5236 quas
3659 5163 3916 5236 ιεοιίοηεε

2351 5229 2566 5308 omnes
2593 5229 2673 5289 ad
2700 5250 2904 5308 veram
2927 5229 3116 5308 prope
3142 5229 3427 5308 accedere
3457 5229 3644 5308 fateor
3661 5229 3913 5308 quidem.

2352 5303 2456 5379 sed
2471 5310 2617 5379 puto
2634 5305 2850 5362 nullam
2867 5303 2976 5379 pro
2992 5303 3135 5362 vera
3145 5306 3353 5362 haberi
3366 5307 3591 5379 posse.)
3601 5303 3768 5358 udico
3782 5303 3914 5376 enirn

2349 5373 2679 5451 legendum
2711 5373 3250 5451 apoaiezhaz'voi.__et
3276 5373 3676 5432 ita’cdendum
3708 5373 3911 5451 curavi:

2447 5449 2513 5501 68
2580 5444 2880 5504 Editiones
2901 5444 3130 5504 veteres
3148 5449 3200 5511 ἐξ
3218 5450 3286 5499 ὧν
3307 5451 3446 5517 ἡμῖν,
3462 5451 3751 5517 corrupte.
3771 5444 3912 5517 Begu

2351 5515 2584 5588 primus
2609 5523 2665 5574 et
2689 5501 2896 5576 tertius
2917 5501 3056 5576 cum
3071 5501 3240 5578 Eolb.
3261 5501 3398 5583 iiiw
3419 5501 3446 5576 ii
3475 5501 3906 5592 nmeinendat‘e.
