4082 6178
172 268 294 321 1001

1347 265 1657 321 HEGULJE
1687 264 1935 323 FUSIUS
1961 264 2353 323 ΤΗΑΟΤΑΤᾹΞ

3393 275 3529 329 1002

165 394 353 461 χρείαν
405 386 735 459 ἐπινέμοντας
776 395 836 461 τι]
891 383 1231 462 ἀδελφότητι.
1287 391 1528 442 Διάθεσίν
1571 409 1631 461 γε
1669 395 1772 462 μὴν

1891 405 2047 445 eesse
2078 396 2166 446 est
2196 405 2433 445 summe
2464 390 2543 445 ab
2569 402 2777 445 amore
2808 386 3186 459 singulari'et
3215 408 3245 447 δ
3280 399 3529 453 conten-

162 480 412 533 τοιαύτην
464 475 668 539 ἑαυτοῖς
722 474 1016 530 συνειδέναι
1062 478 1346 550 ὀφείλουσι,
1403 484 1493 531 καὶ
1532 474 1772 536 σπουδὴν

163 568 433 623 τοσαύτην
481 562 877 619 ὶπιδείκνυσοαι
920 567 1071 619 αύτοί
1116 584 1171 619 τε
1216 572 1306 619 καὶ
1351 570 1401 620 οἱ
1464 572 1557 626 τὴν
1614 567 1770 625 οἴλλην

166 656 422 731 ἐργασίαν
487 661 617 729 πρὸς
681 661 776 715 τὴν
826 666 929 715 τῶν
988 654 1220 730 ἀδελφῶν
1277 660 1566 732 ὑπηρεσίαν
1626 658 1770 711 ἔκτε-

163 746 389 814 λοῡντες,
441 749 509 808 ὡς
556 746 651 801 οὐκ
680 744 992 823 ἀνθρώποις,
1034 745 1139 800 ἀλλ’
1173 748 1313 818 αύτῷ
1361 756 1433 819 τῷ
1480 754 1654 824 Κυρίῳ
1684 747 1770 812 ἆξ-

166 838 602 911 υπηρετούμινοι,
646 844 719 906 τῷ
770 831 866 889 δ’ιά
901 835 1094 894 πολλὴν
1132 834 1437 908 ἀγαθοτητα
1474 838 1541 899 εἰς
1590 838 1768 892 ἑαυτὸν

164 923 488 997 λογιζομένῳ
551 928 648 983 την
714 923 787 985 εἰς
851 928 967 985 τούς
1032 922 1395 997 ἀνακειμένους
1462 928 1572 999 (69)
1631 925 1770 999 αύτῷ

164 1019 324 1086 τιμήν
373 1030 431 1067 τε
480 1017 571 1067 καὶ
621 1008 883 1083 σπουδὴν,
923 1018 1013 1066 καὶ
1057 1011 1330 1086 βασιλείας
1382 1015 1610 1089 οὐρανῶν
1647 1014 1770 1076 κλη-

165 1104 415 1173 ρονομίαν
475 1102 601 1175 ὑπερ
659 1104 855 1155 τούτων
920 1100 1360 1176 ίπαγγελλομίνῳ.
1429 1112 1580 1158 Δεῦτε
1642 1108 1766 1181 γὰρ,

167 1196 353 1264 φησιν,
413 1193 463 1244 οἰ
529 1190 863 1264 εὐλογημένοι
921 1200 1014 1244 τοῦ
1084 1198 1286 1269 Πατρός
1342 1214 1464 1266 μου,
1522 1193 1769 1269 κληρονο-

168 1283 378 1352 μήσατε
459 1283 554 1338 τὴν
635 1282 1024 1355 ἡτοιμασμένην
1108 1280 1231 1355 ύμῖν
1307 1280 1585 1354 βασίλειαν
1669 1284 1771 1339 ἀπὸ

170 1367 469 1429 καταϐολῆς
505 1373 729 1441 κόσμου.
769 1367 891 1422 Ὀτι
916 1368 991 1445 ἐρ’
1023 1371 1144 1422 ὅσον
1174 1368 1455 1430 ίποιησατε
1484 1371 1555 1426 ἐνὶ
1580 1377 1771 1426 τούς-ῶν

171 1466 269 1511 τῶν
314 1454 549 1531 ἀδελφῶν
576 1477 678 1532 μου
708 1467 807 1511 τῶν
838 1456 1149 1529 ἐλαχίστων,
1179 1458 1293 1533 ἐμοὶ
1339 1459 1485 1520 ἕποιὴ
1497 1481 1638 1517 σατε.
1674 1468 1773 1517 Καὶ

172 1544 226 1599 ἐκ
274 1554 369 1601 τοῦ
408 1545 635 1601 ἐναντίου
665 1555 757 1608 τῆς
795 1546 1032 1620 ἀμελείας
1073 1550 1341 1623 γνωρίζειν
1387 1555 1472 1604 τὸν
1510 1549 1771 1625 κίνδυνον,

172 1643 526 1709 μεμνημένους
554 1643 646 1689 τοῦ
676 1637 925 1699 εἰπόντος·
969 1637 1377 1712 Ἐπικατάρατος
1420 1648 1520 1703 πᾶς
1560 1643 1586 1693 ὀ
1614 1649 1772 1694 ποιῶν

1883 478 2038 535 tione
2054 494 2239 550 puros
2253 495 2384 537 esse
2400 484 2582 551 atque
2602 483 2995 550 expurgatos.
3014 480 3294 553 Saneque
3309 480 3535 541 debent

1880 568 2062 637 hujus
2092 569 2342 623 aﬂectus
2391 568 2504 623 sibi
2547 568 2666 640 ipsi
2714 567 2939 625 conscii
2965 583 3122 631 esse,
3153 586 3225 624 ac
3262 570 3532 628 studium

1878 657 2033 713 adeo
2062 673 2354 727 magnum
2398 658 2735 730 ostendere,
2791 662 2914 713 tam
2961 656 3101 727 ipsi,
3140 675 3331 730 quam
3359 660 3399 717 ii
3427 661 3535 734 qui

1880 744 1997 803 alio
2037 762 2285 803 munere
2316 746 2652 817 funguntur
2700 745 2779 801 ad
2827 745 3081 802 fratrum
3109 747 3531 819 ministerium,

1877 838 2171 908 tanquam
2203 836 2249 891 si
2282 852 2403 892 non
2447 834 2820 901 hominibus,
2870 834 2974 890 sed
3009 835 3263 892 Domino
3294 837 3412 910 ipsi
3438 838 3530 895 in:

1877 925 2157 987 serviant.
2199 925 2301 999 qui
2323 924 2402 982 ob
2446 924 2697 981 multam
2727 923 3061 980 bonitatem
3091 923 3291 983 delata
3313 925 3385 982 iis
3422 927 3531 1001 qui

1877 1030 1938 1069 se
1958 1013 2071 1086 ipsi
2092 1020 2542 1083 consecrarunt,
2566 1015 2858 1070 honorem
2882 1016 2937 1069 et
2959 1012 3247 1084 studium,
3281 1016 3529 1087 perinde

1875 1103 2080 1166 habet.
2108 1105 2283 1178 quasi
2306 1122 2376 1161 ea
2405 1105 2536 1181 ipse
2559 1105 2909 1176 accepisset,
2932 1109 2989 1159 et
3014 1119 3122 1174 pro
3145 1103 3240 1160 his
3268 1106 3529 1164 haeredi-

1879 1198 2058 1250 tatem
2090 1194 2258 1263 regni
2290 1193 2580 1249 ctelorum
2625 1192 2955 1264 poslicetur.
3020 1191 3217 1249 Venite
3244 1194 3406 1252 enim
3435 1196 3530 1254 in-
3576 1206 3589 1223 ‘

1879 1282 2028 1354 quit,
2062 1282 2358 1338 benedicti
2406 1282 2609 1338 Patris
2657 1279 2836 1351 378
2867 1282 3000 1350 mei,
3031 1281 3323 1351 possidete
3348 1299 3532 1354 para-

1882 1376 2005 1425 tum
2056 1371 2218 1426 vobis
2268 1385 2523 1440 regnum
2573 1383 2610 1423 a
2656 1368 3082 1424 constitutione
3116 1369 3345 1425 mundi.
3384 1372 3531 1430 Nam

1882 1466 2169 1531 quatenus
2181 1459 2410 1528 fecistis
2434 1459 2542 1513 uni
2559 1473 2633 1514 er
2654 1456 2742 1512 his
2763 1457 3066 1527 fratribus
3088 1459 3229 1513 meis
3249 1458 3531 1531 minimis,

1882 1547 2028 1603 mihi
2047 1548 2276 1617 fecistis
2296 1547 2365 1601 ⁷⁸.
2397 1551 2735 1619 Contraque
2766 1550 3007 1617 oportet
3036 1546 3307 1618 segnitiei
3347 1554 3405 1605 et
3440 1549 3533 1606 in-

1881 1653 2061 1693 curiae
2083 1652 2411 1706 agnoscere
2430 1634 2786 1709 periculum,
2809 1651 2879 1691 ac
2904 1634 3251 1691 meminisse
3272 1635 3537 1713 ejus,qui

173 1727 240 1777 τά
266 1727 397 1799 ἔργα
446 1730 636 1799 Κυρίου
684 1724 903 1799 ἀμελῶς.
934 1724 1055 1781 Ὀτι
1104 1726 1162 1780 ού
1192 1732 1346 1800 μόνον
1374 1737 1468 1792 τῆς
1500 1728 1772 1803 βασιλείας

1891 1723 2069 1781 dixit:
2100 1725 2455 1782 Matedictus
2493 1725 2683 1780 omnis
2728 1725 2836 1796 qui
2878 1724 3033 1794 facit
3081 1739 3266 1795 opera
3293 1726 3542 1785 Domini

173 1812 522 1886 ἕκϐοίλλονται,
575 1812 704 1868 ἀλλά
749 1820 839 1870 καὶ
885 1820 973 1875 τὴν
1001 1818 1117 1888 (70)
1159 1824 1251 1871 τοῦ
1292 1824 1487 1894 Κυριου
1533 1816 1770 1893 φρικώδη

174 1907 261 1955 καὶ
301 1902 523 1978 γοϐιράν
569 1902 764 1963 ἐκείνην
826 1901 1138 1978 ἕκδίχονται
1189 1910 1325 1960 κατὰ
1374 1916 1476 1960 τῶν
1527 1912 1772 1963 τοιούτων

176 1990 462 2065 ἀπόφασιν·
491 1995 780 2066 Πορεύεσθε
818 1991 907 2047 ἀπ’
940 1993 1090 2068 ἐμοῦ,
1130 1996 1180 2049 οἱ
1213 2001 1584 2071 κατηραμένοι,
1618 1998 1684 2058 εἰς
1713 2002 1772 2051 τὸ

174 2090 276 2156 πῦρ
307 2084 368 2133 τὸ
407 2080 634 2152 αἰώνιον,
673 2085 732 2137 τὸ
762 2084 1148 2157 ἡτοιμασμένον
1186 2094 1258 2155 τῷ
1289 2082 1516 2158 διαϐόλῳ
1546 2091 1636 2141 καὶ
1665 2094 1773 2150 τοῖς

172 2168 416 2244 ἀγγελοις
471 2169 649 2224 αὐτοῦ.
704 2172 767 2224 Εἰ
823 2167 882 2225 δι
933 2172 983 2224 οἱ
1040 2177 1135 2232 τὴν
1191 2172 1480 2247 ίπιμίλειαν
1540 2180 1629 2229 καὶ
1679 2181 1775 2237 τήν

179 2261 471 2333 ὑπηρεσίαν
518 2262 873 2334 προσάγοντες
933 2269 1183 2316 τοσοῦτον
1233 2267 1324 2338 μεν
1381 2272 1477 2329 τῆς
1534 2262 1776 2329 σπουδῆς

179 2353 237 2402 τὸ
278 2345 465 2421 κέρδος
511 2351 840 2426 εὑρίσκουσι,
888 2358 1138 2405 τοσοῦτον
1185 2348 1247 2406 δε
1282 2361 1376 2419 τῆς
1428 2352 1666 2428 ἀμελείας
1717 2357 1775 2413 τὸ

178 2446 347 2512 κρῖμα
390 2435 722 2510 ἐκδέχονται·
782 2443 949 2494 πόσου
996 2438 1193 2512 ἀγῶνος
1236 2447 1423 2517 χρείακ
1441 2451 1548 2507 τοῖς
1590 2442 1779 2499 ὑποδε-

177 2531 426 2600 χομένοις
469 2532 563 2588 τὴν
602 2528 890 2602 ὑπηρεσίαν
929 2533 1057 2603 πρὸς
1094 2533 1152 2581 τὸ
1192 2528 1368 2594 ἀξίους
1408 2531 1623 2597 ἑαυτούς
1652 2531 1780 2589 ἀπο-

179 2612 351 2679 δείξαι
396 2625 490 2676 τῆς
542 2625 641 2668 τῶν
686 2614 918 2689 ἀδελφῶν
971 2639 1057 2670 7w
1115 2625 1305 2693 Κλρὲνλ
1358 2628 1717 2698 προσηγορίας
1758 2640 1773 2692 ;

178 2701 273 2757 διά
324 2714 421 2767 τῆς
471 2713 565 2758 τοῦ
615 2711 809 2780 Κυρίου
862 2703 1235 2775 διδασκαλίας,
1310 2711 1557 2772 ταυτας·
1612 2725 1776 2776 υῑίις

173 2796 275 2871 γάρ
346 2792 406 2849 ἀν
467 2798 661 2868 ποιήσῃ
717 2796 830 2868 (71)
884 2799 942 2847 τὸ
1000 2796 1196 2871 θίλημα
1260 2806 1350 2850 τοῦ
1408 2805 1612 2875 Πατρός
1672 2822 1773 2874 μου

169 2891 259 2935 τοῦ
302 2881 354 2934 ἄν
393 2883 650 2959 ούρανοῖς,
696 2880 847 2946 οὗτος
891 2904 993 2958 μου
1032 2890 1122 2941 καὶ
1167 2883 1388 2961 ἀδελφος
1435 2899 1525 2943 καί
1574 2886 1770 2966 ἀδελφὴ

175 2975 266 3022 καὶ
301 2976 375 3044 μή
384 2990 483 3046 τηρ
510 2969 668 3037 ίοτίν,

245 3064 298 3117 3.
344 3059 484 3115 Ἐπιὶ
528 3060 554 3112 ὃ
603 3079 663 3132 γι
707 3065 780 3135 μὴ
832 3064 891 3114 τό
939 3063 1138 3137 θέλημα
1188 3071 1279 3117 τοῦ
1333 3072 1465 3119 Θεοῦ
1518 3068 1631 3140 (72)
1681 3065 1775 3123 διὰ
1804 3088 1845 3145 ο

174 3152 371 3212 παντὸς
430 3157 521 3203 τοῦ
569 3147 693 3225 βίου
739 3155 933 3205 σκοπόν
988 3154 1317 3229 προθέμενος,
1379 3156 1514 3208 ὥστε
1570 3163 1660 3210 καὶ
1725 3158 1774 3211 ἄν

174 3240 328 3311 ὑγεία
375 3242 465 3292 τὸν
510 3244 669 3295 κόπον
720 3247 813 3300 τῆς
858 3239 1066 3312 ἀγάπης
1113 3239 1209 3296 διὰ
1253 3252 1347 3306 τῆς
1389 3242 1629 3308 σπουδῆς
1675 3258 1776 3300 τῶν

178 3335 271 3381 τοῦ
323 3332 520 3402 Κυριου
584 3331 745 3405 ἔργων
816 3326 1199 3399 ἐνδείκνυσθαι,
1260 3337 1349 3385 καὶ
1406 3332 1455 3385 ἒν
1509 3332 1780 3410 ἀρρωστίᾳ

178 3423 358 3468 πᾶσαν
414 3418 677 3489 ὑπομονὴν
718 3424 809 3470 καὶ
854 3420 1220 3495 μακροθυμίαν
1276 3425 1407 3495 μετὰ
1456 3431 1634 3499 χαρᾶς
1674 3423 1780 3478 ίπι-

182 3502 515 3573 δείκνυσθαι,
557 3503 801 3559 κίνδυνον
839 3511 972 3581 ἔχει·
1012 3517 1215 3584 πρῶτον
1257 3515 1349 3584 μὶν
1378 3517 1468 3586 καὶ
1507 3516 1774 3586 μέγιστον,

178 3595 263 3647 ὅτι
288 3601 385 3647 τοῦ
433 3598 627 3670 Κύρίου
672 3593 1110 3673 ἀπηλλοτρίωται,
1142 3603 1232 3655 καὶ
1265 3607 1362 3662 τῆς
1405 3584 1517 3651 τῶν
1546 3584 1778 3676 ἀδελφῶν

177 3684 344 3739 αὑτοῦ
390 3680 628 3760 μερίδος,
661 3681 756 3738 διὰ
779 3688 839 3739 τὸ
875 3690 948 3760 μὴ
994 3695 1157 3741 ποιεῖν
1186 3693 1243 3741 τὸ
1276 3689 1473 3762 θελημα
1503 3700 1595 3744 τοῦ
1623 3700 1777 3762 Θεοῦ,

178 3774 365 3827 εαυτρν
414 3772 743 3846 ἀποσχίσας
790 3770 1029 3851 δεύτερον
1060 3772 1141 3844 δε,
1182 3778 1261 3831 ὅτι
1291 3778 1514 3843 ἀναξίως
1541 3786 1780 3855 μετέχειν

179 3862 353 3935 τολμᾷ
392 3870 494 3915 τῶν
530 3867 640 3925 τοῖς
686 3860 854 3927 ἀξίοις
903 3866 1319 3940 ἡτοιμασμένων.
1377 3872 1562 3944 Διόπερ
1616 3868 1778 3943 ἀναγ-

172 3958 329 4003 καῖον
358 3956 447 4002 καὶ
487 3948 540 4002 ἄν
580 3954 747 4024 τούτῳ
777 3953 1076 4025 μιμνῆσθαι
1121 3960 1212 4006 τοῦ
1248 3952 1565 4009 ’Δποστόλου
1606 3957 1779 4011 εἰπόν-

174 4058 284 4101 τος’
372 4046 741 4113 Συνεργοῦντις
812 4037 873 4094 δε
939 4047 1029 4095 καὶ
1100 4043 1499 4118 παρακαλοῦμεν
1562 4053 1634 4120 μὴ
1709 4048 1781 4111 εἰς

177 4133 325 4183 κενὸν
369 4134 468 4189 τὴν
502 4131 667 4204 χάριν
708 4138 803 4184 τοῦ
849 4138 984 4186 Θεοῦ
1022 4128 1282 4195 δέξασθαι
1325 4136 1480 4208 ὑμᾶς*
1532 4142 1622 4191 καὶ
1660 4142 1781 4202 τοὺς

181 4218 252 4280 εἰς
309 4222 470 4271 τόπον
508 4216 740 4293 ἀδιλγῶν
796 4227 887 4273 τοῦ
947 4226 1143 4297 Κυρίου
1194 4221 1474 4289 κληθέντας
1531 4230 1604 4298 μή
1646 4230 1780 4281 καθ-

182 4306 405 4381 υϐρίσαι
429 4312 516 4367 τὴν
546 4311 794 4369 τοιαύτην
816 4317 910 4363 τοῦ
940 4317 1075 4364 Θεοῦ
1104 4312 1287 4389 χάριν,
1315 4309 1429 4386 μηδ
1433 4316 1454 4365 'c
1492 4312 1781 4391 προδοῦναι

1882 1814 2257 1886 negligenter
2270 1815 2341 1868 ττ.
2369 1813 2593 1869 Etenim
2625 1828 2748 1868 non
2792 1829 2823 1868 e
2851 1826 3040 1882 regno
3063 1811 3263 1870 solum
3290 1814 3537 1887 ejiciun-

1884 1902 2111 1973 tur,sed
2136 1890 2368 1960 Domini
2389 1903 2571 1959 etiam
2593 1904 2948 1973 exspectant
2966 1902 3322 1960 sententiam
3342 1903 3533 1978 illam,

1882 2010 2020 2067 quae
2041 1990 2329 2050 adversus
2351 1990 2691 2047 istiusmodi
2709 1989 2989 2046 homines
3007 1988 3129 2046 lata
3157 1996 3270 2060 est,
3291 1991 3538 2054 horren-

1883 2081 2027 2139 dam
2042 2081 2289 2155 quidem
2307 2086 2363 2137 et
2388 2078 2715 2136 terribilem
2739 2095 2753 2135 :
2778 2078 3075 2136 Discedite
3093 2094 3131 2135 a
3148 2096 3259 2150 me,
3285 2084 3535 2140 maledi-

1884 2173 1984 2239 cti,
2016 2172 2080 2229 in
2124 2173 2314 2242 ignem
2342 2176 2654 2237 arternum,
2682 2168 2786 2241 qui
2812 2173 3068 2240 paratus
3095 2174 3179 2225 est
3200 2169 3440 2229 diabolo
3477 2176 3537 2231 et

1886 2260 2118 2332 angelis
2143 2260 2270 2332 ejus
2291 2259 2360 2312 τε.
2396 2257 2570 2325 Quod
2594 2258 2644 2313 si
2672 2257 2713 2314 ii
2730 2257 2836 2330 qui
2867 2256 2929 2311 in
2947 2272 3159 2313 curam
3190 2260 3247 2313 et
3266 2259 3535 2319 ministe-

1884 2347 2041 2404 rium
2070 2344 2685 2404 incumbuntlucrum
2717 2349 2949 2401 tantum
2972 2360 3045 2399 ex
3075 2361 3190 2401 suo
3220 2345 3420 2406 studio
3450 2365 3539 2407 re-

1890 2439 2102 2506 ferunt,
2136 2442 2192 2493 et
2208 2436 2511 2509 judicium
2542 2442 2663 2492 tam
2692 2450 2874 2505 grave
2896 2451 2970 2490 ex
2996 2434 3365 2507 negligentia
3386 2454 3542 2512 prse-

1885 2527 2201 2600 stolantur,
2225 2525 2537 2600 quantaiis
2566 2524 2672 2601 qui
2694 2522 3075 2581 ministrandi
3098 2541 3322 2582 munus
3354 2527 3543 2585 susci-

1884 2618 2079 2693 piunt,
2110 2634 2266 2690 opus
2286 2622 2376 2674 est
2394 2614 2816 2684 sollicitudine,
2837 2618 2901 2670 ut
2922 2630 2984 2670 se
3005 2613 3264 2671 reddant
3291 2614 3534 2687 dignos,

1884 2709 1990 2787 qui
2033 2713 2322 2765 vocentur
2372 2705 2605 2763 Domini
2644 2704 2906 2761 fratres?
2948 2702 3011 2760 id
3049 2704 3219 2778 quod
3250 2706 3540 2764 Dominus

1883 2798 2081 2866 docet,
2108 2814 2247 2855 cum
2277 2795 2456 2853 dicit:
2516 2795 2866 2867 Quicunque
2898 2793 3054 2851 enim
3075 2794 3292 2865 fecerit
3322 2796 3535 2854 volun-

1884 2894 2068 2947 tatem
2091 2887 2296 2944 Patris
2320 2886 2452 2949 mei,
2476 2901 2580 2956 qui
2608 2885 2669 2940 in
2700 2883 2865 2940 cretis
2888 2890 2995 2953 est,
3018 2883 3111 2939 hic
3128 2899 3291 2941 meus
3322 2890 3377 2941 et
3395 2886 3533 2958 fra-

1885 2980 1976 3031 ter
2004 2981 2059 3032 et
2088 2988 2263 3030 soror
2291 2978 2346 3029 et
2380 2979 2573 3029 mater
2601 2976 2683 3027 est
2709 2970 2781 3025 7°.

1957 3068 2007 3120 3.
2061 3060 2341 3134 Quisquis
2389 3059 2565 3116 enim
2614 3058 2713 3114 Dei
2759 3058 3133 3113 Voluntntem
3188 3074 3292 3131 per
3345 3064 3533 3118 totam

1887 3167 2064 3209 suam
2096 3151 2281 3207 vitam
2313 3164 2565 3220 scopum
2598 3146 2710 3201 sibi
2744 3161 2862 3200 non
2897 3147 3228 3218 proposuit,
3263 3147 3346 3202 sic
3383 3152 3445 3205 ut
3485 3156 3544 3206 et

1885 3241 1945 3298 in
1978 3238 2230 3295 sanitate
2264 3254 2368 3309 per
2398 3235 2667 3292 studium
2698 3249 2949 3307 Operum
3000 3233 3232 3289 Domini
3264 3234 3542 3295 Ostendat

1888 3329 2222 3389 dilectionis
2251 3327 2545 3389 laborem,
2577 3330 2634 3380 et
2672 3324 2734 3379 in
2780 3321 3127 3379 inﬁrmitate
3160 3323 3541 3383 tolerantiam

1888 3436 2135 3478 omnem
2156 3423 2338 3488 atque
2354 3414 2658 3470 lenitatem
2685 3428 2822 3468 cum
2847 3411 3071 3481 gaudio
3088 3420 3545 3486 commonstret,

1887 3512 1939 3566 is
1972 3511 2032 3565 in
2067 3507 2331 3582 periculo
2363 3508 2653 3559 versatur.
2692 3503 2953 3556 Primum
2984 3502 3231 3572 quidem
3259 3509 3317 3559 et
3345 3507 3545 3562 maxi-

1888 3616 2057 3658 mum
2081 3603 2191 3662 est,
2224 3592 2391 3668 quod
2412 3610 2447 3649 a
2480 3591 2734 3648 Domino
2756 3597 2811 3646 et
2841 3607 2877 3647 a
2906 3590 3160 3645 fratrum
3185 3592 3371 3665 ipsius
3402 3611 3546 3651 con-

1889 3688 2071 3746 sortio
2102 3685 2176 3742 sit
2204 3681 2597 3741 abalienatus,
2633 3680 2927 3753 quoniam
2961 3680 3268 3750 separavit
3296 3697 3361 3735 se
3391 3681 3544 3755 ipse,

1890 3776 2164 3835 cum‘Dei
2210 3771 2579 3830 voluntatem
2629 3787 2749 3825 non
2797 3769 2929 3824 fecit
2963 3784 2975 3822 :
3009 3766 3346 3824 secundum
3378 3787 3544 3842 vero,

1887 3866 2055 3942 quod
2075 3864 2257 3922 audet
2288 3862 2531 3931 indigne
2562 3860 2865 3933 particeps
2900 3855 3025 3912 tieri
3055 3856 3265 3913 eorum
3296 3873 3432 3931 qua:
3462 3861 3551 3917 di-

1889 3955 2026 4028 guis
2058 3958 2273 4028 parata
2304 3956 2465 4007 sunt.
2490 3953 2876 4022 Quapropter
2902 3945 3086 4001 etiam
3108 3944 3169 4001 in
3200 3945 3315 4001 hoc
3348 3963 3549 4021 operte

1895 4046 2148 4119 pretium
2179 4048 2271 4099 est
2301 4039 2655 4097 meminisse
2686 4034 2975 4111 Apostoli,
3008 4034 3114 4108 qui
3146 4034 3331 4092 dixit:
3357 4039 3551 4110 Adju-

1890 4139 2092 4192 vantes
2115 4138 2313 4190 auten:
2336 4131 2512 4187 etiam
2535 4128 3030 4197 exl:ortamur,ne
3048 4134 3107 4186 in
3137 4144 3391 4185 vacuum
3413 4144 3554 4200 gra-

1892 4227 2041 4283 tiam
2065 4224 2177 4281 Dei
2190 4221 2496 4292 recipiatis
2511 4221 2558 4255 ⁸ο
2588 4236 2601 4273 :
2628 4225 2685 4275 et
2708 4218 2996 4290 jubemus
3019 4237 3122 4277 eos
3144 4220 3246 4294 qui
3269 4220 3328 4275 in
3346 4218 3550 4276 locum

1892 4317 2144 4374 fratrum
2194 4309 2428 4369 Domini
2479 4309 2672 4364 vocati
2721 4317 2879 4381 sunt,
2935 4310 3114 4366 talem
3169 4311 3265 4366 Dei
3294 4309 3553 4383 gratiam

184 4402 244 4450 τὸ
277 4404 530 4450 τοσοῦτον
573 4396 778 4472 ἀξίωμα
823 4395 858 4451 δ
864 4402 918 4452 ti:
959 4407 1055 4463 τῆς
1097 4398 1334 4473 ἀμελείας
1379 4411 1479 4455 τῶν
1517 4412 1609 4457 τοῦ
1647 4413 1778 4460 Θεοῦ

1895 4402 2261 4463 contumelia
2295 4415 2416 4456 non
2447 4396 2909 4471 atﬁoere,ueque
2941 4400 3296 4470 dignitatem
3325 4405 3553 4459 tantam

188 4484 517 4559 θελημιὶτων,
574 4487 876 4542 ὑπακοῦσαι
922 4484 981 4544 δε
1039 4488 1231 4565 μᾶλλον
1284 4497 1359 4562 τῷ
1410 4491 1551 4564 αύτῷ
1618 4494 1780 4549 Ἀπο-

189 4574 367 4648 στόλῳ
415 4573 635 4649 λέγοντι.
700 4576 993 4655 Παρακαλῶ
1040 4578 1175 4652 ὑμᾶς
1226 4576 1326 4651 ἐγὼ
1381 4581 1409 4632 ὁ
1466 4576 1681 4657 δέσμιος
1736 4585 1788 4639 ἕν

192 4666 396 4739 κυρίῳ,
447 4661 601 4727 ἀξίως
650 4675 1011 4740 περιπατῆσαι
1054 4675 1153 4731 τῆς
1206 4666 1462 4738 κλήσεως,
1519 4667 1581 4736 ἧς
1633 4671 1791 4735 illi-

192 4755 343 4810 9m.

1897 4493 2169 4551 amittere
2199 4490 2278 4546 ob
2307 4487 2644 4558 neglectam
2668 4486 2771 4543 Dei
2801 4488 3199 4559 voluntatem,
3229 4488 3335 4545 sed
3357 4491 3557 4563 potius

1899 4585 2320 4654 obtemperare
2341 4577 2538 4634 eidem
2561 4574 2875 4649 Apostolo,
2898 4578 3120 4636 dicenti
3148 4596 3160 4634 :
3188 4580 3441 4637 Obsecro
3461 4595 3555 4635 vos

1901 4690 2007 4744 ego
2047 4673 2279 4728 vinctus
2326 4668 2388 4722 in
2420 4666 2673 4723 Domino
2705 4672 2768 4722 ut
2811 4668 2993 4739 digne
3022 4668 3342 4726 ambuletis
3380 4684 3556 4726 voca-

1908 4767 2088 4829 tione,
2115 4774 2236 4831 qua
2267 4758 2466 4813 vocati
2484 4756 2621 4810 estis
2640 4756 2709 4811 ⁸¹.

260 4894 321 4973 1:
345 4894 548 4973 ῃιωι,
576 4910 719 4973 ny,
750 4898 842 4970 as,
870 4899 966 4954 to.
1037 4896 1084 4934 ’⁸⁸
1125 4899 1342 4956 ieram.
1373 4916 1576 4973 xum,
1613 4911 1697 4965 to.
1776 4913 1778 4923 ‘

1891 4906 2073 4965 latth.
2105 4917 2243 4971 xxv,
2270 4899 2364 4953 H.
2438 4898 2487 4933 τε
2520 4896 2723 4954 Iatth.
2756 4912 2850 4967 ιιι,
2892 4902 2981 4954 50.
3060 4900 3108 4934 ⁸ο
3136 4901 3179 4953 ιι
3220 4900 3351 4954 Cor.
3382 4910 3464 4964 vr,
3509 4898 3560 4952 1.

188 4966 239 5005 ⁸⁸
274 4964 498 5038 Εριιοο.
528 4981 606 5041 iv,
653 4972 707 5024 t.

259 5090 380 5173 (φ)
415 5091 556 5173 Reg.
585 5092 820 5164 primus
849 5091 926 5173 είς
942 5094 1083 5173 Διτιειξς
1120 5091 1193 5156 εἰς
1212 5093 1801 5173 μαξτὸν-ἀνακείμίνους.

192 5159 435 5246 Ibidem
464 5159 641 5246 idem,
669 5179 818 5246 ωδε.
847 5169 907 5246 et
932 5162 1099 5246 qub.
1141 5159 1798 5246 mt‘pacilitqobpawis

193 5232 557 5318 κλιρονομῄν,
589 5234 957 5318 διακοράθι
995 5237 1160 5318 γοεε.
1217 5232 1290 5317 εἰς
1333 5238 1490 5292 αύτόν
1536 5232 1802 5318 ἀνααειμίο

197 5322 391 5365 ms...
420 5305 763 5433 elapsam»
792 5305 1232 5381 ὶπαγγειλαμένῳ.
1263 5310 1270 5317 ’

274 5380 391 5433 1701
423 5380 577 5433 Eam
712 5382 723 5394 '
781 5384 871 5433 καὶ
905 5387 999 5432 τοῦ
1034 5385 1229 5433 Κυοίου
1258 5400 1270 5432 1

274 5380 391 5446 (70)
423 5377 577 5435 Εαῐιί
609 5377 737 5433 ἀλλά
781 5384 871 5433 καὶ
900 5377 999 5432 τοῦ
1034 5377 1229 5454 κυρίου
1258 5385 1368 5439 τήν.
1400 5385 1471 5436 At
1501 5400 1646 5439 mss.
1677 5384 1803 5440 duo

202 5454 272 5503 ut
303 5463 363 5504 ιιι
390 5456 703 5507 contextu.

271 5523 352 5590 (71
366 5524 385 5594 )
413 5521 668 5595 Antiqui
704 5523 831 5580 duo
878 5520 1017 5579 libri
1064 5522 1208 5582 ὅστις
1244 5527 1473 5581 ποιήσει.
1513 5527 1641 5583 Ι.οι
1683 5525 1809 5585 duo

608 5610 856 5669 PATROL.
890 5611 991 5667 Gn.
1022 5612 1200 5668 XXXI.

1915 5116 2061 5157 mss.
2095 5092 2245 5157 οὗτός
2275 5090 2613 5167 μουηΕιΙὶίὶο
2641 5089 2819 5167 Paris.
2846 5090 2989 5167 ἐμοῦ.

1980 5174 2097 5239 (72)
2136 5157 2299 5239 Reg;
2330 5164 2566 5239 primus
2607 5166 2663 5216 et
2700 5157 2877 5239 “vo-ss;
2922 5166 2990 5239 et
3021 5157 3202 5238 Coll).
3238 5157 3434 5239 θέλημα
3472 5166 3563 5239 τοῦ

1912 5226 2130 5314 Κυρίου.
2175 5226 2665 5314 ιιῑίάρωηοοᾴρκ·
2691 5229 2879 5314 Colb.‘
2909 5227 3257 5314 mamma
3472 5226 3567 5314 διά

1910 5298 2121 5369 aberat
2150 5325 2185 5362 a
2216 5304 2498 5374 vulgatis.
2527 5301 2731 5358 statim
2770 5298 2962 5374 codex
2996 5302 3158 5354 Voss.
3199 5308 3257 5355 et
3287 5300 3454 5358 Colb.
3481 5306 3566 5355 τὸν

1916 5384 2109 5435 σκοπὸν
2157 5385 2272 5438 τῆς.
2320 5371 2426 5430 Alii
2470 5390 2621 5428 mss.
2672 5376 2730 5425 et
2784 5371 2928 5426 editi
2979 5375 3064 5422 τὸν
3104 5375 3282 5427 κόπον.
3333 5376 3445 5428 Nec
3488 5375 3569 5430 ita

1917 5452 2105 5509 multo
2144 5451 2281 5520 post
2311 5449 2449 5513 Heg.
2504 5444 2734 5514 primus
2768 5446 2962 5516 Κυρίου
2992 5445 3152 5515 ἔργων
3192 5440 3351 5503 δῆλον
3382 5454 3564 5499 ποιεῖν.

3109 5608 3174 5660 32
