4082 6178
241 226 370 297 i009

1399 245 1532 299 REG
1544 244 1704 299 ULIE
1754 243 2006 301 FUSIUS
2059 243 2441 298 TRACTA'P:E

3469 248 3604 306 101.0

237 365 483 438 μένοντας
537 365 725 426 αὐτοὺς
780 374 872 437 τῷ·
901 375 1046 438 κακῷ
1096 370 1187 418 καὶ
1254 370 1326 439 μὴ
1390 363 1829 440 καταδεχομένου.

1957 372 2073 423 tem
2098 367 2432 436 ignominia
2463 365 2665 421 afficit:
2699 365 2790 420 sin
2812 379 2916 418 eos
2935 364 2996 420 in
3024 364 3185 420 malo
3207 381 3606 438 perseverare,

231 460 322 512 τήν
385 451 675 528 διόρθωσιν
703 451 821 528 ἴδη,
853 463 966 517 τοῖς
1014 458 1080 508 τὰ
1136 464 1358 508 τοιαῦτα
1421 460 1610 531 κρίνείν
1652 457 1844 518 ἱκανοῖς

232 539 490 605 ἐπιδείξει
527 543 680 614 (93)’
749 547 838 596 καὶ
893 547 1023 617 μετὰ
1072 550 1168 604 τὴν
1215 553 1315 597 τῶν
1347 543 1596 598 πλειόνων
1652 566 1846 621 μαρτυ-

233 637 351 707 ρίαν
384 637 502 685 τότε
552 633 892 706 χωριζέσθω.
926 637 1336 709 Χωρισθήσεται
1385 631 1443 687 δε
1480 635 1654 688 οὐκέτι
1697 631 1845 689 ἀδελ-

231 730 360 794 φῶν,
441 719 570 772 ἀλλά
631 720 926 796 ἀλλοτρίων,
984 732 1074 775 τοῦ
1125 729 1320 800 Κυρίου
1386 727 1473 775 τὸν
1544 722 1845 798 ἑπιμένοντα

225 809 299 880 τῷ
375 817 523 880 κακῷ
588 808 770 881 ἐθνικῷ
826 815 917 862 καὶ
984 810 1171 885 τελώνῃ
1234 815 1620 885 συγκρίνοντος.
1672 811 1840 864 Ἔστω

223 900 325 973 γάρ
393 916 496 965 σοι,
548 903 727 970 φησὶν,
779 900 804 950 ό
857 908 1092 961 τοτοῦτος
1142 905 1315 974 ὥσπερ
1374 901 1399 951 ό
1452 899 1644 960 ἐθνικὸς
1686 902 1839 952 καὶὸ

223 986 475 1050 τελώνης.
528 987 588 1040 Εἰ
642 983 701 1040 δὲ
743 984 838 1040 διὰ
894 985 1035 1041 ἰδίαν
1093 993 1392 1061 κουφότητα
1447 985 1703 1060 ἀποπηδᾷ
1745 997 1840 1051 τῆς

223 1079 514 1148 συναφείας
558 1077 666 1147 (94)
721 1084 820 1128 τῶν
867 1073 1118 1150 ἀδελφῶν,
1152 1081 1210 1129 τὸ
1261 1078 1447 1130 ἑαυτοῦ
1493 1076 1700 1140 ἀσθενὲς
1751 1078 1836 1130 θε-

213 1168 561 1240 ραπευσάτω,
605 1165 634 1224 ἢ
681 1170 752 1238 μὴ
804 1163 1236 1240 καταδεξάμενος,
1288 1163 1650 1240 ἀπρόσδεκτος
1701 1169 1835 1219 ἔστω

217 1261 338 1314 ταῖς
372 1250 745 1328 ἀδελφότησιν.
798 1255 913 1310 Ἐὰν
979 1252 1038 1308 δε
1087 1252 1180 1309 διὰ
1229 1255 1432 1314 ἐντολήν
1486 1264 1578 1309 τοῦ
1638 1260 1831 1330 Κυρίου

218 1341 382 1404 ἄλλος
442 1340 677 1414 ἀλλαχοῦ
740 1343 969 1409 ἕλκηται,
1033 1344 1092 1396 οὐ
1170 1349 1494 1420 χωρίζονται
1564 1347 1612 1397 οἱ
1654 1354 1832 1398 τοιοῦ-

215 1451 323 1500 τοι,
392 1428 500 1482 ἀλλ’
564 1431 860 1504 οἰκονομίαν
918 1433 1228 1507 πληροῦσιν.
1287 1432 1478 1492 Ἀλλην
1543 1431 1601 1487 δε
1660 1435 1830 1486 αἰτίαν

209 1525 510 1600 χωρισμοῦ
539 1517 771 1595 ἀδελφῶν
821 1523 847 1576 ό
897 1522 1044 1595 λόγος
1083 1523 1142 1575 οὐ
1187 1519 1578 1596 καταδέχεται·
1633 1533 1830 1600 πρῆτον

211 1615 334 1684 μὲν,
367 1610 452 1662 ὅτι
495 1612 553 1662 τὸ
595 1614 893 1684 συναγαγὸν
953 1613 1113 1685 ὄνομα
1141 1612 1258 1682 (95)
1297 1620 1388 1665 τοῦ
1440 1617 1634 1688 Κυρίου
1684 1614 1829 1685 ἡμῶν

226 1705 397 1757 Ιησοῦ
453 1707 688 1772 Χριστοῦ
738 1698 1087 1773 ἀτιμάξεαι·
1145 1704 1321 1755 ἔπειτα
1361 1699 1440 1769 δὲ,
1502 1703 1583 1754 ὅτι
1613 1700 1737 1755 οὐδὲ
1794 1705 1824 1762 ἡ
1857 1731 1898 1784 Β

216 1785 538 1850 συνείδησις
581 1789 800 1842 ἑκάστου
853 1795 983 1865 πρὸς
1033 1795 1119 1844 τὸν
1167 1791 1334 1866 ἕτερον
1391 1793 1692 1866 καθαρεύειν
1725 1788 1825 1845 δυ-

212 1881 463 1944 νήσεται,
516 1876 643 1930 ἀλλά
696 1875 769 1931 δι’
800 1877 1035 1952 ὑποψίας
1084 1879 1321 1942 ἀλληλοις
1379 1882 1604 1936 ἔσονται.
1661 1873 1827 1934 Tauro

216 1966 283 2022 δὲ
332 1966 653 2021 ἐναντιοῦται
700 1977 875 2042 σαφῶς
932 1978 1004 2041 τῷ
1047 1972 1418 2046 προστάγματι
1469 1977 1560 2023 τοῦ
1628 1974 1824 2046 Κυρίου

215 2058 460 2122 εἰπόντος
503 2079 515 2092 ·
580 2057 702 2111 Ἐὰν
759 2062 1062 2134 προσφέρῃς
1117 2062 1175 2112 τό
1237 2053 1402 2135 δῶρόν
1458 2079 1551 2111 σου
1619 2058 1700 2111 ἐπὶ
1766 2064 1824 2111 τό

216 2151 622 2224 θυσιαστήριον,
648 2151 738 2198 καὶ
787 2147 891 2201 ἐκεῖ
925 2150 1189 2222 μνησθῇς,
1239 2150 1318 2201 ὅτι
1374 2150 1398 2200 ὁ
1449 2138 1667 2221 ἀδελφός
1729 2169 1822 2201 σου

213 2239 339 2309 ἔχει
379 2257 426 2289 τι
456 2239 592 2289 κατά
638 2256 732 2288 σου
764 2236 934 2309 ’.ἄφες
964 2238 1066 2290 ἐκεῖ
1105 2241 1162 2290 τὸ
1203 2233 1372 2311 δῶρόν
1410 2257 1503 2290 σου
1535 2240 1823 2311 ἔμπροσθεν

209 2336 312 2379 τοῦ
379 2330 787 2402 θυσιαστηρίου,
844 2326 933 2379 κάἱ
988 2328 1156 2400 ὕπαγε
1185 2350 1198 2362 ·
1253 2337 1456 2402 πρῶτον
1505 2324 1824 2401 διαλλάγηθι

208 2425 288 2486 τῷ
345 2413 553 2488 ἀδελφῷ
605 2435 720 2483 σου,
753 2420 842 2469 καὶ
902 2420 1016 2468 τότε
1067 2416 1222 2468 ῖλθὼν
1268 2420 1525 2494 πρόσφερε
1554 2421 1612 2469 τὸ
1653 2413 1822 2493 δῶρόν

211 2525 336 2561 σου.

778 2618 1093 2666 ΕΡΩΤΗΣΙΣ
1145 2612 1264 2669 ΑΖ.

195 2702 279 2772 ,Εἰ
329 2700 418 2776 δεῖ
452 2701 710 2776 προφάσει
739 2709 838 2754 τῶν
881 2710 1196 2774 προσευχῶν
1243 2707 1334 2755 καὶ
1381 2712 1477 2766 τῆς
1510 2699 1822 2776 ψαλμῳδιας

292 2773 501 2849 ἀμελεζῶ
529 2773 627 2826 τῶν
677 2777 853 2848 ἔργων,
885 2773 977 2825 καὶ
1008 2773 1149 2825 ποῖοι
1195 2779 1368 2845 καιροὶ
1399 2783 1489 2835 τῆς
1518 2773 1820 2849 προσευχῆς

293 2841 607 2911 ἐπιτήδειοι,
643 2841 991 2919 κοὶἴπρὼτον,
1033 2845 1077 2897 εἰ
1095 2850 1205 2918 χρὴ
1235 2841 1569 2920 ἐργάζεσθαᾷ

827 2957 1202 3006 ΑΠΟΚΡῙΣΙΣ.

288 3056 335 3104 Ι.
395 3054 498 3102 Τοῦ
568 3053 764 3123 Κυρίου
822 3049 967 3122 ἡμῶν
1027 3050 1205 3108 Ἰησοῦ
1272 3056 1506 3123 Χριστοῦ
1567 3050 1818 3122 λέγοντος,
1851 3079 1892 3136 C

215 3139 426 3205 Ἀξιος,
458 3139 562 3211 οὐχ
593 3137 766 3199 άπλῶς
810 3140 1046 3205 ἕκαστος,
1094 3135 1218 3192 οὐδὲ
1264 3140 1334 3202 ὡς
1382 3142 1584 3212 ἔτυχεν,
1628 3137 1734 3191 ἀλλ’
1762 3137 1822 3190 Ὀ

211 3230 447 3304 ἐργάτης
474 3236 570 3288 τῆς
620 3236 813 3302 τροφῆς
859 3230 1020 3280 αυτου
1068 3228 1181 3281 ἐστι
1211 3245 1223 3258 ’
1270 3233 1360 3280 καὶ
1385 3248 1476 3281 του
1522 3227 1821 3282 Αποστόλου

211 3318 643 3391 προστάσσοντος
702 3321 887 3388 κοπιᾲν
950 3322 1039 3368 καὶ
1096 3316 1412 3392 ἐργάξεσθαι
1477 3318 1594 3379 ταῖς
1659 3313 1824 3380 ἰδίαις

207 3410 378 3480 χερσὶ
427 3407 485 3456 τὸ
546 3403 762 3475 ἀγαθὸν,
807 3406 889 3456 ἵνα
937 3407 1137 3476 ἔχωμεν
1193 3407 1302 3474 κ96)
1360 3402 1705 3478 μεταδιδόναι
1752 3414 1823 3478 τῷ

211 3500 406 3570 χρείαν
465 3497 660 3566 ἔχοντι,
711 3498 769 3546 τὸ
822 3498 934 3566 μεν,
985 3495 1066 3557 ὁτι
1120 3499 1230 3570 χρὴ
1290 3495 1605 3570 ἐργάζεσθαι
1653 3515 1823 3550 σπου-

213 3583 384 3646 δαίως
429 3580 590 3644 δῆλόν
639 3583 781 3636 ἐστιν
827 3584 1056 3639 αὐτόθεν.
1087 3585 1161 3636 Οὐ
1200 3605 1302 3660 γαρ
1330 3589 1589 3659 πρόφασιν
1621 3583 1820 3660 ἀργίας,

207 3672 340 3730 οὐδὲ
407 3672 682 3746 ἀποφυγὴν
757 3678 914 3726 πόνου
995 3678 1081 3726 τὸν
1147 3683 1238 3735 τῆς
1309 3673 1571 3737 εὐσεϐείας
1631 3678 1823 3727 σκοπὸν

213 3764 467 3835 ἡγεῖσθαι
523 3766 652 3835 χρὴ,
705 3759 836 3813 ἀλλά
883 3761 1128 3814 ὑπόθεσιν
1175 3760 1463 3828 ἀθλήσεως,
1516 3768 1604 3815 καὶ
1657 3768 1823 3816 πόνων

211 3856 618 3928 περισσοτέρων,
665 3856 754 3902 καὶ
814 3851 1079 3924 ὑπομονῆς
1107 3860 1198 3912 τῆς
1230 3851 1276 3904 ἐν
1319 3851 1578 3924 θλίψεσιν,
1614 3854 1695 3904 ἶνα
1733 3859 1823 3908 καὶ

212 3944 342 4015 ἡμῖν
547 3940 748 4010 λέγειν·
805 3939 882 3993 Ἐν
931 3945 1075 4012 κόπῳ
1111 3946 1201 3992 καὶ
1259 3943 1472 4013 μόχθῳ,
1517 3941 1566 3994 ἐν
1625 3940 1824 4018 ἀγρυπ-

209 4036 352 4091 νίαις
412 4033 816 4105 περισσοτέρως,
870 4029 918 4082 ἐν
966 4029 1100 4102 λιμῷ
1156 4035 1246 4082 καὶ
1306 4027 1494 4102 δίψει·
1559 4031 1616 4082 οὐ
1670 4035 1822 4104 μόνον

211 4116 310 4172 διὰ
363 4122 450 4169 τὸν
509 4118 858 4190 ὑπωπιασμὼ
900 4136 990 4169 του
1041 4122 1283 4191 σώματος
1329 4123 1605 4192 χρησίμου
1659 4124 1822 4182 οὔσης

212 4210 341 4280 ἡμῖν
394 4208 510 4275 (97)
552 4215 646 4268 τῆς
697 4208 940 4268 τοιαύτης
990 4205 1220 4280 ἀγωγῆς,
1275 4205 1402 4259 ἀλλά
1458 4213 1548 4260 καὶ
1589 4203 1684 4261 διὰ
1727 4214 1820 4268 τὴν

208 4297 284 4358 εἰς
334 4300 421 4347 τὸν
472 4295 695 4353 πλησίον
731 4293 957 4367 ἀγάπην,
989 4297 1070 4348 ἵνα
1117 4301 1204 4348 καὶ
1255 4303 1363 4358 τοῖς
1411 4295 1691 4350 ἀσθενουσι
1721 4305 1820 4351 τῶν

207 4381 450 4456 ἀδελφῶν
509 4380 582 4435 δι’
628 4385 773 4456 ἡμῶν
907 4388 1037 4445 Θεὸς
1084 4388 1176 4444 τὴν
1227 4384 1536 4460 αὖτάρκειαν
1583 4390 1816 4461 παρέχῃ,

204 4476 350 4526 κατὰ
372 4476 457 4524 τὸν
499 4472 546 4524 ἐν
567 4481 682 4534 ταῖς
728 4474 984 4546 Πράξεσιν
1015 4476 1114 4525 ὑπὸ
1162 4493 1252 4526 του
1303 4475 1622 4527 Ἀποστολου
1669 4471 1820 4528 δεδο-

205 4567 360 4635 μένον
404 4565 564 4614 τύπον
611 4565 746 4628 (98),
801 4563 1071 4624 εἰπόντος.
1126 4564 1301 4614 Πάντα
1364 4559 1613 4626 ὑπέδειξα
1673 4566 1815 4636 ὑμῖν,

204 4655 294 4705 ὅτι
333 4653 469 4702 οὕτω
517 4670 806 4713 κοπιωντας
857 4648 941 4702 δεῖ
981 4649 1452 4723 ἀντιλαμϐάνεσθαι
1509 4671 1610 4704 των
1664 4652 1818 4706 ἀσθε-

201 4745 434 4794 νούντων
467 4761 479 4772 ·
548 4744 638 4790 καὶ
688 4739 840 4792 πάλιν
869 4761 882 4774 υ
951 4739 1064 4794 Ἵνα
1115 4743 1276 4812 ἔχητε
1339 4739 1687 4814 μεταδιδόναι
1743 4753 1815 4815 τῷ

285 4867 337 4900 ”
371 4864 576 4921 Matth.
611 4879 770 4937 xviri.
800 4868 886 4921 l7.
961 4865 1009 4900 ’ί
1044 4865 1247 4922 Matth.
1278 4881 1336 4932 ν,
1369 4870 1458 4937 23,
1489 4866 1580 4923 24.

202 4952 308 5001 xx,
342 4939 438 4993 35.
515 4937 565 4971 "
589 4936 805 5010 Ephes.
829 4949 912 5002 iv,
942 4939 1039 4993 28.
1065 4942 1068 4946 '

287 5061 404 5129 (93)
443 5062 604 5132 Unus
625 5076 741 5115 ms.
767 5063 964 5122 ἱκανοῖς
989 5056 1248 5132 ἐπιδείξῃ.

284 5135 403 5206 (94)
444 5130 596 5206 Edtti
633 5136 980 5206 et_quat_uor
1009 5147 1158 5206 mss.
1190 5130 1287 5195 τῆς
1320 5138 1643 5206 συμφωνίας.
1676 5137 1819 5203 Reg.

259 5205 451 5259 rimus
479 5208 536 5258 et
561 5202 755 5258 Coisl.’
773 5203 980 5258 itidem
1001 5203 1240 5275 primus
1263 5213 1354 5264 τῆς
1381 5202 1828 5277 suscensem—

229 5293 356 5332 ius.

285 5352 398 5410 (95)
439 5345 605 5413 Regii
645 5344 770 5400 duo
819 5361 971 5418 mss:
1016 5349 1074 5399 τὸ
1126 5348 1432 5418 συναγωγὸν
1464 5350 1644 5418 ὄνομα.
1697 5349 1828 5401 Mox

206 5418 356 5475 editi
403 5424 462 5474 et
493 5420 632 5486 Reg.
670 5417 909 5489 _Tertius
942 5413 1183 5474 δύναται.
1225 5413 1356 5473 ΑΜ
1377 5413 1648 5489 quinque
1678 5433 1826 5474 mss.

207 5484 624 5565 praeterjloss.
654 5484 963 5565 δυνήσεται.

282 5563 404 5633 (96)
432 5563 577 5631 Reg.
603 5559 814 5620 tertius
831 5564 890 5616 et
909 5559 1052 5618 editi
1081 5560 1260 5634 ἔχητε,
1295 5565 1361 5615 ut
1393 5559 1692 5618 habeatis.
1723 5559 1834 5617 Alii

1659 4869 1710 4904 ’³
1735 4867 1934 4940 Matth,
1961 4884 2012 4931 χ,
2047 4871 2132 4926 ιο.

1955 457 2578 517 necemendationcm
2611 455 2929 511 admittere
2956 455 3189 521 viderit,
3212 456 3281 512 iis
3308 458 3412 529 qui
3432 457 3507 512 de
3521 473 3608 514 re-

1951 548 2069 603 bus
2090 546 2395 619 ejusmodi
2411 546 2688 616 judicare
2710 544 2964 616 possint,
2995 544 3304 617 indicabit,
3329 550 3387 602 et
3408 546 3490 602 ita
3508 547 3609 604 de-

1951 654 2122 694 mum
2154 636 2438 692 adhibitis
2471 634 2740 706 plurium
2790 633 3144 689 testimoniis
3189 634 3454 693 secedat.
3473 638 3608 692 1am

1951 731 2155 782 autem
2183 740 2306 780 non
2343 722 2732 796 separabitur
2753 738 2787 777 a
2807 721 3241 788 fratribus,sed
3260 722 3339 778 ab
3370 723 3604 792 alienis,

1949 831 2087 869 cum
2130 813 2420 870 Dominus
2473 811 2784 867 hominem
2837 809 2898 864 in
2941 809 3103 865 malo
3145 817 3603 882 permanentem

1948 902 2185 958 ethnico
2217 907 2274 957 et
2303 899 2627 973 publicano
2655 904 2984 970 comparet.
3037 897 3148 963 Qui
3172 898 3357 968 enim,
3383 897 3600 973 inquit,

1947 990 2240 1063 ejusmodi
2257 990 2468 1059 est,Sit
2483 989 2593 1044 tibi
2609 993 2762 1043 sicut
2781 987 3054 1043 ethnicus
3075 993 3128 1043 et
3144 988 3509 1057 publicanus
3527 991 3597 1044 ’0.

1947 1081 2114 1146 Quod
2145 1079 2193 1134 si
2221 1078 2502 1134 subducit
2531 1093 2593 1131 se
2624 1092 2661 1132 a
2681 1075 2933 1131 fratrum
2955 1078 3257 1133 consortio
3280 1078 3599 1151 suaipsius

1943 1169 2198 1235 levitate,
2246 1183 2419 1224 suam
2465 1166 2873 1222 inﬁrmitatem
2914 1169 3111 1234 curet;
3147 1171 3250 1221 aut
3278 1165 3329 1221 si
3365 1167 3530 1234 nolit,
3561 1183 3598 1224 a

1941 1257 2229 1313 fratribus
2261 1272 2385 1312 non
2415 1255 2788 1312 admittatur.
2844 1256 3134 1310 Caeterum
3187 1255 3236 1309 si
3295 1254 3447 1311 alius
3479 1254 3596 1312 alio

1941 1347 2212 1403 trahatur
2259 1350 2504 1418 propter
2552 1343 2786 1401 Domini
2833 1341 3214 1406 mandatum,
3265 1343 3413 1400 tales
3470 1359 3595 1400 non

1940 1435 2305 1491 submovent
2325 1451 2408 1505 se,
2442 1434 2548 1490 sed
2573 1449 2823 1490 munere
2853 1448 2925 1489 ac
2956 1432 3287 1488 ministerio
3323 1449 3436 1489 suo
3461 1433 3594 1489 fun-

1940 1530 2185 1595 guntur.
2217 1523 2408 1580 Aliam
2438 1527 2732 1596 praeterea
2769 1537 3031 1590 causam,
3073 1521 3152 1576 ob
3195 1537 3382 1596 quam
3425 1538 3598 1596 sepa-

1935 1613 2109 1670 randi
2135 1613 2254 1668 sint
2285 1612 2681 1681 fratres,ratio
2709 1626 2832 1666 non
2862 1609 3148 1666 admittit:
3169 1611 3435 1683 primum
3465 1611 3595 1684 qui-

1937 1703 2097 1766 dem,
2132 1702 2420 1775 quoniam
2450 1699 2686 1758 nomini
2713 1699 2952 1756 Domini
2977 1699 3166 1756 nostri
3193 1702 3330 1756 Jesu
3361 1699 3592 1768 Christi,

1935 1792 2101 1866 qnod
2147 1792 2311 1864 ipsos
2355 1791 2690 1862 conjunxit,
2745 1789 2998 1845 infertur
3025 1788 3317 1858 dedecus;
3351 1790 3593 1857 deinde,

1935 1882 2226 1955 quoniam
2254 1881 2731 1954 uniuscujusque
2758 1878 3129 1934 conscientia
3157 1894 3302 1949 erga
3336 1879 3594 1935 alterum

1935 1987 2089 2044 pura
2112 1987 2245 2027 esse
2276 1987 2400 2027 non
2439 1970 2671 2042 poterit,
2701 1968 2808 2024 sed
2847 1972 3056 2024 mutua
3089 1967 3293 2024 futura
3321 1973 3414 2024 est
3442 1969 3594 2026 inter

1933 2059 2062 2116 illos
2094 2060 2378 2134 suspicio.
2403 2062 2522 2116 Hoc
2553 2063 2757 2115 autem
2787 2063 2992 2130 aperte
3020 2063 3254 2132 pugnat
3278 2074 3417 2114 cum
3439 2074 3591 2130 prie-

1932 2155 2107 2222 cepto
2137 2149 2393 2217 Domini,
2411 2148 2519 2222 qui
2541 2147 2657 2204 ait:
2681 2148 2753 2204 Si
2768 2149 2946 2218 offers
2965 2162 3184 2204 munus
3206 2152 3370 2203 tuum
3392 2147 3475 2204 ad
3502 2147 3591 2204 al-

1933 2245 2084 2309 tare,
2116 2245 2169 2296 et
2201 2239 2287 2294 ibi
2309 2238 2662 2294 recordatus
2705 2238 2892 2310 fueris
2922 2239 3064 2308 quia
3080 2238 3284 2307 frater
3315 2242 3453 2292 tuus
3485 2237 3589 2294 ha-

1934 2329 2025 2385 bet
2053 2328 2292 2401 aliquid
2323 2329 2644 2384 adversum
2673 2331 2748 2394 te,
2772 2327 3045 2398 relinque
3071 2326 3162 2402 ibi
3179 2341 3398 2381 munus
3419 2331 3587 2382 tuum

1931 2424 2071 2474 ante
2095 2419 2316 2485 altare,
2345 2422 2400 2473 et
2427 2417 2596 2486 vade,
2617 2417 2792 2486 prius
2831 2417 3227 2472 reconciliare
3249 2417 3442 2487 fratri
3462 2421 3586 2483 tuo,

1930 2513 1984 2563 et
2013 2513 2156 2563 tunc
2189 2509 2427 2564 veniens
2458 2506 2604 2577 o/fer
2629 2520 2850 2561 munus
2872 2506 3123 2561 tuum“.

2349 2615 2874 2672 INTERROGATIO
2921 2615 3166 2672 XXXVII.

1927 2707 2026 2764 An
2059 2722 2308 2776 precum
2340 2712 2393 2763 et
2421 2706 2774 2776 psalmodiis:
2798 2705 3038 2762 obtentu
3059 2710 3114 2761 et
3141 2704 3382 2760 nomine
3400 2719 3586 2776 opera

1998 2781 2121 2832 sint
2152 2777 2536 2849 negligenda,
2568 2784 2775 2848 etquae
2807 2782 3073 2846 tempora
3095 2778 3436 2846 precationi
3463 2776 3586 2833 sint

2003 2850 2218 2906 idonea
2244 2868 2256 2905 :
2291 2855 2346 2906 et
2371 2851 2658 2919 primum,
2686 2864 2766 2904 an
2798 2855 3070 2918 oporteat
3100 2850 3363 2918 operari.

2553 2958 2957 3013 RESPONSIO.

2004 3053 2051 3106 t.
2095 3049 2243 3105 Cum
2294 3046 2571 3102 Dominus
2625 3050 2828 3100 noster
2872 3047 3042 3100 Jesus
3093 3045 3358 3101 Christus
3397 3043 3582 3113 dicat,

1928 3139 2163 3208 Dignus
2181 3141 2286 3201 est,
2320 3151 2440 3188 non
2465 3133 2832 3204 simpliciter,
2851 3149 3038 3204 neque
3056 3131 3583 3188 indiscriminatim

1928 3224 2202 3298 quilibet,
2231 3223 2334 3278 sed
2364 3221 2691 3292 Operarius
2713 3221 2840 3276 cibo
2858 3237 2962 3275 suo
2983 3222 3063 3275 22:
3094 3219 3415 3292 Apostolus
3441 3235 3582 3276 vero

1924 3315 2136 3388 jubeat
2165 3313 2464 3376 laborare,
2485 3311 2836 3382 bonumque
2866 3309 3126 3383 propriis
3147 3309 3430 3366 manibus
3461 3308 3584 3366 efﬂ-

1930 3409 2155 3472 cere,ut
2175 3402 2333 3458 unde
2357 3402 2701 3457 tribuamus
2719 3400 2938 3470 egenti,
2955 3399 3130 3472 382
3155 3399 3493 3456 habeamus
3512 3401 3583 3470 93,

1930 3494 2246 3563 diligenter
2275 3489 2683 3548 laborandum
2706 3506 2857 3552 esse,
2884 3505 2947 3545 re
2980 3491 3114 3562 ipsa
3151 3489 3355 3563 liquet.
3383 3494 3585 3564 Neque

1930 3585 2092 3639 enim
2137 3582 2375 3655 pietatis
2409 3597 2664 3653 scopum
2695 3596 2804 3636 ceu
2843 3581 3110 3649 segnitiei
3141 3584 3496 3652 prietextum
3527 3585 3586 3636 et

1929 3672 2155 3728 laboris
2182 3671 2390 3741 fugam
2411 3669 2632 3726 ducere
2654 3673 2889 3740 oportet
2915 3686 2928 3724 :
2954 3668 3059 3724 sed
3080 3685 3188 3725 ceu
3215 3669 3582 3738 certaminis,

1930 3761 2302 3834 majorisque
2323 3759 2549 3816 laboris
2572 3775 2642 3814 ac
2673 3763 2891 3814 nostrae
2924 3759 2982 3813 in
3006 3757 3585 3814 aﬂlictionibustole-

1929 3850 2136 3908 rantiae
2162 3849 2478 3906 materiam
2513 3853 2567 3903 et
2587 3847 2990 3915 occasionem,
3015 3852 3080 3903 ut
3105 3852 3164 3902 et
3193 3847 3367 3903 nobis
3387 3846 3585 3902 dicere

1927 3941 2138 3997 liceat:
2164 3941 2236 3995 In
2272 3939 2476 3996 labore
2497 3945 2550 3994 et
2592 3953 2887 4006 (erumna,
2914 3939 2975 3994 in
3005 3939 3227 4009 uigiliis
3265 3937 3585 3994 abundan-

1931 4031 2150 4099 tius,in
2169 4031 2334 4099 fame
2350 4035 2403 4084 et
2425 4029 2616 4083 siti“.
2647 4028 2881 4100 Quippe
2909 4044 3032 4084 non
3059 4029 3137 4084 ob
3159 4028 3428 4101 corporis
3459 4043 3587 4084 cas-

1928 4119 2280 4190 tigationem
2305 4117 2509 4182 modo,
2528 4115 2636 4172 sed
2659 4116 2838 4172 etiam
2862 4122 3110 4189 propter
3125 4117 3477 4173 charitatem
3499 4133 3586 4174 er-

1929 4225 2006 4279 ga
2029 4206 2561 4280 proximum,utilis
2581 4205 2759 4262 nobis
2780 4211 2868 4262 est
2887 4205 3238 4277 hujusmodi
3258 4207 3393 4263 vitae
3408 4206 3584 4276 ratio,

1928 4303 1993 4352 ut
2013 4303 2069 4352 et
2095 4296 2350 4352 infirmis
2371 4292 2658 4351 fratribus
2681 4311 2787 4368 per
2813 4311 2924 4351 nos
2949 4295 3102 4351 Deus
3126 4295 3467 4368 suppeditet
3486 4312 3586 4352 ne-

1929 4386 2216 4453 cessaria,
2240 4385 2415 4457 juxta
2439 4384 2700 4440 formam
2723 4384 2783 4440 in
2806 4385 2964 4441 Actis
2982 4385 3062 4442 ab
3083 4385 3369 4459 Apostolo
3394 4386 3587 4443 tradi-

1926 4481 2074 4545 tam,
2114 4491 2252 4530 cum
2294 4475 2416 4530 ait:
2458 4476 2668 4530 Omnia
2699 4475 2935 4531 ostendi
2965 4477 3148 4538 vobis,
3178 4476 3459 4546 quoniam
3502 4477 3589 4534 sic

1927 4565 2292 4628 laborantes,
2311 4569 2542 4632 oportet
2565 4565 2867 4633 suscipere
2888 4567 3156 4634 inﬁmos
3169 4567 3239 4622 9‘.
3254 4567 3322 4624 Et
3341 4577 3586 4623 rursus:

1936 4654 2010 4709 Ut
2059 4652 2332 4709 habeatis
2373 4653 2536 4708 unde
2589 4653 2873 4710 tribuatis
2925 4657 3215 4724 egenti”;
3259 4673 3383 4729 quo
3420 4655 3590 4726 digni

1925 4741 2292 4815 judicemur,
2326 4741 2432 4814 qui
2463 4742 2789 4799 audiamus
2824 4761 2836 4800 :
2887 4745 3114 4814 Venite,
3147 4747 3437 4803 benedicti
3472 4747 3590 4802 Pa-

2211 4867 2260 4902 “
2291 4867 2510 4939 Ephes.
2534 4883 2614 4934 iv,
2636 4871 2726 4924 28.
2805 4871 2854 4906 “
2876 4873 2918 4926 ll
2954 4874 3084 4926 Cor.
3120 4885 3192 4939 xx,
3232 4874 3321 4925 27.
3381 4871 3428 4906 ⁸⁵
3459 4872 3586 4927 Act.

1934 5065 2214 5136 quinque
2255 5080 2401 5119 mss.
2431 5067 2657 5136 ἔχωμεν.

2005 5134 2133 5205 (97)—
2174 5135 2418 5208 Antiqui
2468 5134 2592 5189 duo
2629 5134 2763 5190 libri
2807 5135 3247 5208 χρησιμευοὺσης
3291 5137 3436 5208 ἡμῖν.
3479 5136 3592 5194 lbi-

1935 5202 2074 5285 dem
2099 5202 2260 5286 .vlieg.
2321 5202 2550 5286 primus
2598 5202 3173 5286 τοιαύτηςςδξαγωγῆξ..
3215 5202 3441 5286 Rursus
3478 5210 3595 5266 hoc

1937 5277 2069 5398 ipso
2090 5277 2156 5363 in
2189 5276 2328 5331 loco
2357 5283 2592 5330 veteres
2624 5276 2748 5330 duo
2795 5276 2927 5330 libri
2960 5291 3098 5330 cum
3133 5279 3303 5332 Voss.
3335 5282 3467 5354 πρὸς
3506 5286 3593 5335 τὸν

1937 5367 1973 5398 π
1995 5367 2174 5398 ιησιον.

1941 5488 2143 5546 Codex
2182 5484 2365 5547 Vobs:
2381 5484 2806 5563 παραδεδομένον
2835 5488 3014 5549 τύπον.
