4082 6178
334 275 459 334 1013

1498 280 1683 393 ΒΕΟΡ
1695 280 1798 338 LIE
1834 279 2080 339 FUSIUS
2114 279 2501 338 TRACTATE

3541 282 3682 335 10M

337 401 601 476 ορθοῦμεν,
658 402 779 453 ὅταν
824 399 896 475 ἐφ’
943 400 1137 478 ἑκάστη
1193 401 1418 480 ένεργείᾳ
1471 409 1567 464 τήν
1614 422 1669 456 τε
1720 399 1908 456 εὖοδία

2037 401 2154 459 bus
2175 419 2526 471 avocemus,
2543 417 2680 460 cum
2703 402 2763 458 in
2779 402 3047 476 qualibet
3066 402 3296 459 actione
3315 416 3352 458 a
3370 399 3491 458 Deo
3512 405 3691 475 expo’

332 498 420 550 τῆς
477 489 730 566 έργασίας
771 493 916 564 παρά
963 499 1096 545 Θεοῦ
1142 492 1384 567 αἰτῶμεν,
1434 499 1523 547 καὶ
1569 498 1663 552 την
1719 493 1932 570 εὐχαρι-

333 583 478 630 στίαν
546 587 618 650 τῷ
671 575 933 633 δεδωκότι
987 584 1046 634 τὸ
1104 581 1321 656 ἐνεργεῖν
1379 581 1786 656 ἀποκληρῶμεν,
1841 586 1930 635 καὶ

326 670 412 720 τὸν
463 671 660 720 σκοπὸν
701 677 795 730 τῆς
841 672 968 743 πρὸς
1023 670 1179 723 αὑτὸν
1223 671 1601 747 εὐαρεστήσεως
1626 673 1702 742 (9)
1726 670 1929 744 φυλάσ-

329 776 517 831 σωμεν,
558 761 696 812 καθά
741 764 1072 834 προείρηται.
1135 759 1296 828 Ἐπεὶ,
1333 761 1483 834 εἰμὴ
1533 769 1701 814 ταῦτα
1748 768 1928 814 τοῦτον

323 849 437 919 ἔχει
493 851 582 900 τὸν
633 853 844 924 τρόπον,
898 858 1007 913 πῶς
1057 846 1279 902 δύναται
1337 850 1638 924 συμϐαίνειν
1688 849 1929 913 ἀλλήλοις

320 938 386 989 τὰ
414 938 515 990 ὑπό
547 945 640 990 τοῦ
684 938 1004 992 Ἀποστόλου
1044 939 1304 1014 εἰρημένα,
1331 979 1334 982 .
1357 944 1414 993 τό
1452 959 1508 993 τε
1551 936 1926 1000 ’Δδιαλείπτως

316 1028 703 1099 προσεύχεσθε,
761 1033 850 1078 καὶ
911 1030 992 1095 τὸ,
1051 1031 1232 1081 Νύκτα
1295 1033 1385 1082 καὶ
1442 1031 1638 1103 ἡμέραν
1709 1028 1926 1102 ἐργαζό-

313 1134 461 1188 μενοι
489 1132 504 1183 ;
566 1116 640 1169 Οῦ
666 1119 769 1191 μὴν
800 1113 979 1175 ἐπειδὴ
1013 1119 1042 1176 ἡ
1073 1119 1184 1189 (ιο)
1229 1115 1278 1170 έν
1325 1122 1480 1172 παντὶ
1509 1127 1674 1194 καιρῷ
1701 1118 1925 1193 εὐχαρι-

317 1210 443 1257 στία
471 1211 562 1258 καὶ
602 1210 740 1278 νόμῳ
783 1209 1186 1280 προστέτακται,
1232 1211 1322 1259 καὶ
1369 1206 1623 1281 ἀναγκαία
1669 1210 1814 1280 ἡμῶν
1858 1217 1920 1281 τῇ

313 1294 424 1367 ξωῇ
459 1291 729 1348 δέδεικται
776 1297 913 1348 κατά
951 1315 1005 1348 τε
1056 1299 1210 1369 φύσιν
1240 1302 1330 1349 καὶ
1363 1297 1532 1369 λόγον,
1589 1299 1936 1378 παρορᾶσθαεδ

313 1379 399 1436 δεῖ
458 1387 579 1444 τοῦς
632 1381 1114 1458 διατετυπωμίνους
1178 1390 1388 1460 καιροὺς
1447 1395 1548 1439 τῶν
1609 1396 1922 1462 προσευχῶν

312 1471 361 1524 έν
427 1481 548 1535 ταῖς
614 1470 980 1546 ἀδελφότησιν,
1050 1476 1140 1538 οῦς
1209 1473 1502 1548 ἀναγκαίως
1568 1474 1919 1549 ἐξελεξάμεθα,

310 1561 538 1615 ἑκάστου
604 1559 744 1615 ἰδίαν
805 1566 923 1617 τινὰ
973 1565 1267 1638 ὑπόμνησιν
1319 1573 1417 1617 τῶν
1464 1566 1608 1638 παρά
1655 1573 1742 1617 τοῦ
1787 1573 1920 1618 Θεοῦ

309 1650 524 1724 ἀγαθῶν
554 1655 786 1726 ἰχοντος·
835 1657 922 1708 τὸν
963 1657 1052 1728 μὲν
1082 1655 1197 1727 (Η)
1240 1657 1443 1730 ᾆοθρον,
1484 1658 1619 1708 ὥστε
1648 1659 1713 1708 τὰ
1741 1664 1922 1732 πρῶτα

2041 492 2272 549 scimus
2302 497 2360 549 et
2386 491 2621 549 felicem
2653 493 2851 565 operis
2882 508 3252 559 successum,
3286 496 3343 548 et
3370 491 3425 548 ei
3445 490 3548 562 qui
3569 491 3688 547 vim

2038 581 2260 651 agendi
2280 581 3020 654 impertivit,rependimus
3042 581 3290 652 gratias,
3306 579 3692 652 cumque,uti

2038 676 2214 728 antea
2237 671 2486 741 dictum,
2503 670 2882 744 propositum
2905 671 2957 726 ei
2983 670 3266 743 placendi
3289 669 3690 726 custodimus.

2038 761 2265 816 Etenim
2297 761 2413 817 nisi
2442 761 2571 816 haec
2593 760 2672 816 ita
2695 777 2759 816 se
2785 760 3070 831 habeant,
3101 760 3206 832 qui
3228 759 3355 814 tieri
3385 764 3602 832 potest,
3626 762 3694 816 ut

2035 847 2373 906 echmreant
2399 851 2551 906 inter
2581 866 2642 905 se
2665 866 2800 922 quas
2827 849 2906 905 ab
2938 849 3224 922 Apostolo
3251 848 3411 904 dicta
3441 851 3602 917 sunt,
3633 853 3692 905 et

2033 937 2180 993 illud
2209 937 2505 1007 videlicet,
2538 939 2684 994 Sine
2708 939 3150 994 intermissione
3169 938 3408 994 orate":
3441 935 3686 1002 etillud,

2030 1027 2219 1084 Nocte
2238 1033 2292 1082 et
2313 1028 2408 1082 die
2427 1033 2740 1097 operantes
2756 1028 2776 1060 ⁸
2791 1029 2818 1084 ?
2840 1025 3041 1098 Neque
3062 1042 3224 1093 vero,
3241 1025 3533 1098 quoniam
3557 1039 3691 1094 gra-

2031 1117 2250 1172 tiarum
2290 1116 2446 1172 actio
2488 1115 2620 1185 lege
2649 1116 2829 1171 etiam
2873 1121 3172 1188 prascepta
3200 1121 3292 1170 est
3337 1115 3504 1170 omni
3532 1119 3686 1170 tcm-

2030 1221 2197 1278 pore,
2222 1221 2482 1278 eamque
2508 1205 2644 1261 vitae
2675 1211 2894 1260 nostrae
2929 1205 3334 1261 necessariam
3365 1219 3496 1258 esse
3526 1209 3582 1260 et
3613 1217 3688 1259 ex

2030 1299 2248 1350 natura
2286 1299 2342 1350 et
2386 1311 2454 1350 ex
2482 1295 2716 1350 ratione
2755 1299 3297 1366 commonstratum
3321 1296 3428 1358 est,
3461 1292 3685 1348 idcirco

2030 1387 2266 1456 oportet
2296 1384 2718 1456 precationum
2741 1388 3017 1456 tempora
3054 1387 3112 1439 et
3141 1383 3391 1438 fratrum
3423 1396 3685 1438 conven-

2030 1474 2189 1530 tibus
2215 1473 2537 1529 constituta
2565 1473 2890 1543 negligere,
2921 1489 3061 1546 quae
3087 1471 3436 1528 necessario
3461 1469 3684 1541 delegi-

2028 1580 2184 1633 mus,
2202 1563 2367 1636 quod
2394 1579 2605 1619 eorum
2635 1562 2952 1635 quodlibet
2981 1568 3232 1634 accepta
3257 1578 3293 1618 a
3317 1565 3436 1618 Deo
3461 1559 3684 1617 beneﬁ-

2028 1655 2120 1712 cia
2145 1653 2431 1724 singulari
2453 1655 2726 1728 quodam
2751 1654 2934 1710 modo
2960 1653 3020 1710 in
3044 1653 3402 1710 memoriam
3423 1655 3680 1708 revocet.

305 1749 578 1818 κινήματα
615 1753 709 1807 τῆς
754 1744 962 1817 ψυχῆς,
994 1749 1084 1797 καὶ
1126 1753 1218 1798 τοῦ
1262 1754 1370 1816 νοῦ,
1425 1744 1733 1819 ἀναθήματα
1791 1743 1908 1798 εἶναι

2026 1744 2374 1801 Matutinum
2426 1744 2697 1816 quidem,
2739 1749 2804 1800 ut
2840 1743 3025 1800 animi
3075 1759 3146 1798 ac
3194 1742 3412 1798 mentis
3462 1745 3683 1797 nostras

307 1842 467 1903 Θεοῦ,
525 1838 615 1886 καὶ
660 1831 828 1908 μηδὲν
872 1836 1038 1908 ἕτερον
1085 1833 1462 1908 ἀναλαμϐάνειν
1519 1835 1590 1897 εἰς
1641 1832 1912 1911 φροντίδα,

304 1928 428 2000 πρὶν
484 1924 514 1984 ἣ
561 1931 624 1996 τῇ
685 1925 828 1992 ποιρά
866 1931 1000 1977 Θεοῦ
1058 1922 1221 1998 έννοίᾳ
1273 1923 1695 1997 ένευφρανθῆναι,
1747 1926 1916 1987 καθὼς

301 2018 603 2088 γέγραπται
635 2014 766 2082 (12)·
822 2012 1118 2086 Ἐμνὴσθην
1173 2020 1265 2065 τοῦ
1324 2020 1477 2080 Θεοῦ,
1539 2017 1628 2065 καὶ
1690 2013 1916 2088 ηῦφροίνο

305 2105 422 2161 θην·
467 2099 610 2176 μηδὶ
653 2109 806 2175 σῶμα
847 2109 1064 2160 κινῆσαι
1109 2104 1238 2176 πρὸς
1278 2100 1544 2176 έργασίαν,
1593 2107 1714 2177 πρὶν
1753 2111 1912 2162 ποιῆ-

309 2210 402 2244 σαι
453 2194 510 2244 τὸ
580 2190 866 2264 εἰρημένον,
934 2192 1014 2243 ὅτι
1079 2193 1212 2265 Πρὸς
1256 2194 1313 2243 σε
1363 2190 1739 2266 προσεύξομαι,
1801 2194 1910 2245 Κύ-

300 2301 404 2356 ριε·
453 2285 544 2333 καὶ
601 2284 658 2333 τὸ
715 2285 853 2356 πρωὶ
907 2279 1191 2353 εἰσακοῦση
1262 2287 1357 2343 τῆς
1423 2289 1594 2354 φωνῆς
1659 2300 1782 2353 μουο
1849 2283 1909 2334 τὸ

299 2375 438 2444 πρωὶ
514 2373 930 2445 παραστησομαί
983 2389 1088 2436 σοι,
1151 2373 1242 2422 καὶ
1303 2367 1566 2443 έπόψομαι
1607 2371 1734 2440 (13)·
1801 2371 1908 2422 ποί-

297 2459 377 2512 λιν
409 2455 471 2512 δι
517 2461 652 2511 κατὰ
680 2463 776 2518 τήν
818 2462 999 2531 τρίτην
1048 2461 1185 2534 ὥραν
1232 2459 1302 2522 εἰς
1350 2463 1444 2518 την
1488 2464 1792 2534 προσευχὴν
1825 2455 1907 2511 ἀν-

303 2550 576 2618 ίστασθαι,
619 2553 710 2601 καὶ
760 2548 1086 2622 έπισυνάγειν
1133 2555 1228 2609 τὴν
1274 2547 1623 2624 ἀδελφότητα,
1683 2547 1778 2602 κᾶν
1821 2552 1908 2602 τύ-

297 2656 478 2708 χωσιν
521 2637 666 2690 ἄλλοι
696 2641 828 2710 πρὸς
866 2638 995 2690 ὒλα
1037 2641 1163 2714 ἔργα
1207 2643 1595 2715 μεμερισμένοι·
1642 2642 1731 2690 καὶ
1769 2640 1904 2691 ὑπο-

296 2728 628 2798 μνησθέντας
687 2735 784 2789 τῆς
840 2736 931 2781 τοῦ
993 2732 1290 2802 Πνεῦματος
1352 2725 1566 2805 δωρεᾶς,
1621 2738 1712 2791 τῆς
1769 2731 1906 2782 κατά

297 2819 392 2874 την
435 2820 619 2892 τρίτην
650 2818 787 2891 ὤραν
818 2825 926 2879 τοῖς
981 2815 1287 2878 ἀποστόλοις
1335 2814 1641 2891 δεδομένης,
1672 2836 1902 2894 προσκν-

293 2914 456 2965 νιξσαι
511 2908 713 2968 πάντας
763 2903 1121 2980 ὁμοθυμαδὸν,
1186 2907 1258 2969 εἰς
1317 2910 1376 2959 τὸ
1430 2906 1606 2970 ἀξίους
1662 2909 1903 2978 γενέσθαι

293 3000 384 3047 καὶ
424 2995 618 3056 αὐτοὺς
666 3003 762 3056 τῆς
806 2992 1086 3068 ὑποδοχῆς
1115 3003 1206 3048 τοῦ
1245 2996 1533 3068 ἀγιασμοῦ,
1565 3001 1654 3048 καὶ
1691 2996 1902 3048 αἰτοῦν-

289 3103 379 3145 τας
408 3089 506 3143 την
534 3086 659 3161 παρ’
699 3084 859 3138 αὑτοῦ
903 3082 1128 3157 ὁδηγίαν
1156 3089 1246 3137 καὶ
1297 3081 1652 3138 διδασκαλίαν
1690 3088 1815 3160 πρὸς
1843 3088 1902 3137 τὸ

291 3178 557 3247 συμφέρον
590 3216 604 3241 ,
681 3177 818 3227 κατά
877 3177 963 3227 τὸν
1041 3174 1279 3228 εἰπόντα’
1364 3171 1600 3249 Καρδίαν
1667 3176 1902 3247 καθαρὰν

288 3267 473 3315 κτίσον
499 3261 547 3314 ἐν
579 3261 710 3335 ἐμοὶ,
754 3265 779 3315 ὁ
825 3267 972 3333 Θεὸς,
998 3269 1086 3316 καὶ
1116 3271 1317 3337 πνεῦμα
1348 3263 1488 3326 εῦθὶς
1531 3262 1822 3336 έγκαίνισον
1853 3261 1902 3315 έν

287 3359 396 3412 τοίς
422 3349 666 3423 ἑγκοὲτοις
695 3372 818 3424 μοιν
843 3357 914 3426 μή
949 3351 1248 3428 ἀποῤῥίψης
1271 3371 1336 3426 με
1363 3351 1463 3404 ἀπὸ
1495 3360 1586 3405 τοῦ
1615 3357 1902 3426 προσώπου

291 3459 410 3508 σου,
444 3446 536 3492 καὶ
585 3445 644 3494 τὸ
696 3443 903 3514 Πνεῦμα
941 3461 1034 3494 σου
1082 3445 1139 3494 τὸ
1187 3443 1335 3514 οἶγιον
1381 3446 1452 3515 μὴ
1496 3440 1772 3514 ἀντανέλης
1818 3439 1904 3494 ἀπ’

290 3529 440 3582 έποῦ·
485 3526 686 3592 ἀπόδος
722 3549 814 3603 μοι
857 3535 950 3589 τὴν
990 3529 1297 3602 ἀγαλλίασιν
1344 3539 1434 3584 τοῦ
1476 3536 1732 3605 σωτηρίου
1784 3550 1900 3596 σου,

287 3624 378 3671 καὶ
409 3621 669 3692 πνεύματι
708 3619 1001 3692 ἡγεμονικῷ
1035 3620 1279 3691 στηριξον
1309 3640 1392 3694 με’
1425 3625 1514 3672 καὶ
1545 3619 1798 3692 ἀλλαχοῦ·
1831 3623 1901 3672 Τό

288 3711 502 3781 Πνεῦμὰ
534 3727 631 3760 σου
675 3711 732 3761 τό
762 3707 955 3780 ἀγαθὸν
994 3706 1255 3780 ὁδηγήσει
1284 3729 1348 3782 με
1391 3708 1440 3761 έν
1483 3717 1550 3783 γῇ
1585 3709 1776 3784 εὐθείᾳ·
1810 3714 1902 3763 καὶ

284 3800 396 3869 (14)
429 3796 568 3849 οὕτω
596 3796 749 3850 πάλιν
779 3805 878 3850 τῶν
909 3800 1068 3871 ἶργων
1095 3800 1334 3870 ἔχεσθαι.

359 3907 414 3962 4.
469 3903 577 3958 Κᾶν
602 3903 912 3980 πορρωτέρω
953 3901 1013 3958 δέ
1060 3924 1161 3957 που
1221 3901 1316 3958 διὰ
1361 3911 1456 3965 τὴν
1513 3915 1613 3960 τῶν
1662 3910 1819 3982 ἔργων
1857 3907 1896 3968 ἦ

282 4001 385 4046 τῶν
440 3998 611 4046 τόπων
665 3997 820 4066 φῦσιν
901 3991 1172 4066 διάγοντες
1229 3992 1613 4070 ἀπολειφθῶσι,
1672 3996 1901 4072 πληροῦν

285 4078 587 4152 ἀναγκαίως
635 4080 928 4153 ὀφείλουσιν
997 4085 1100 4135 ἐκεῖ
1155 4083 1352 4136 ἕκαστα
1398 4087 1462 4136 τὰ
1509 4094 1653 4158 κοινῇ
1707 4081 1900 4147 δοξαν-

285 4187 372 4236 τα,
415 4167 589 4243 μηδέν
635 4167 1041 4245 διακρινόμενοι.
1094 4173 1176 4224 ὃτι
1231 4171 1398 4225 Ὀπου
1452 4172 1512 4224 ἀν
1572 4175 1673 4226 ὦσι
1718 4171 1816 4227 δύο
1865 4175 1894 4236 ἦ

286 4265 426 4332 τρεῖς
495 4262 813 4330 συνηγμένοι
847 4300 861 4325 ,
930 4265 1089 4331 φησὶν
1157 4261 1183 4312 ὀ
1254 4263 1464 4334 Κύριος,
1537 4262 1602 4323 εἰς
1658 4267 1716 4315 τὸ
1779 4261 1898 4336 ἐμὸν

290 4349 471 4421 ὄνομα,
526 4346 630 4400 έκεί
697 4348 802 4420 εἰμι
861 4347 910 4401 έν
957 4353 1100 4422 μέσῳ
1155 4350 1360 4406 αὐτῶν.
1416 4351 1498 4404 Ἐν
1545 4347 1606 4404 δι
1651 4356 1712 4411 τῆ
1774 4354 1894 4426 ἕκτη

2024 1833 2203 1908 primi
2229 1838 2427 1889 motus
2460 1836 2579 1890 Deo
2605 1837 3052 1900 consecrentur,
3071 1837 3130 1888 et
3151 1831 3297 1888 nihil
3322 1829 3486 1888 aliud
3517 1829 3682 1902 prius

2024 1920 2363 1978 curandum
2394 1921 2818 1994 suscipiamus,
2843 1935 3030 1993 quam
3047 1917 3359 1974 exhilarati
3388 1917 3681 1974 fuerimus

2023 2012 2125 2068 Dei
2145 2011 2525 2081 cogitatione,
2544 2011 2696 2066 sicut
2715 2009 3005 2082 scriptum
3027 2012 3145 2063 est:
3168 2009 3399 2064 Memor
3421 2009 3524 2078 fui
3545 2007 3674 2076 Dei,

2021 2108 2077 2159 et
2103 2102 2430 2158 delectatus
2451 2116 2579 2157 sum
2598 2101 2618 2134 9
2649 2116 2663 2155 :
2705 2115 2902 2172 neque
2932 2113 3154 2170 corpus
3184 2102 3321 2152 ante
3349 2096 3677 2152 admovea-

2019 2194 2116 2246 tur
2135 2189 2321 2264 operi,
2347 2206 2533 2263 quam
2561 2188 2936 2245 effecerimus
2961 2185 3126 2260 quod
3157 2185 3387 2241 dictum
3415 2190 3541 2240 est:
3575 2185 3676 2240 Ad

2019 2287 2074 2338 te
2084 2281 2287 2348 orabo,
2297 2281 2442 2336 Dom
2450 2281 2570 2349 ine;
2583 2294 2758 2334 mane
2773 2277 3054 2334 exaudies
3067 2291 3260 2331 vocem
3276 2289 3463 2330 meam
3474 2274 3675 2331 .Mane

2017 2371 2219 2427 astabo
2268 2370 2379 2426 tibi
2419 2376 2472 2426 et
2519 2369 2724 2426 videbo
2750 2369 2814 2423 ίο.
2864 2369 3090 2422 Rursus
3131 2381 3273 2420 vero
3302 2363 3476 2420 tertia
3520 2362 3674 2420 hora

2016 2465 2298 2530 surgatur
2325 2458 2405 2514 ad
2441 2457 2838 2530 precandum,
2886 2456 3215 2528 fratresque
3245 2455 3671 2522 convocentur,

2015 2548 2248 2605 etiamsi
2279 2548 2457 2604 divisi
2496 2547 2595 2603 alii
2633 2545 2764 2602 aliis
2791 2544 3076 2618 operibus
3106 2543 3320 2598 fuerint
3354 2541 3672 2614 occupati;

2013 2643 2073 2694 et
2101 2638 2182 2694 ita
2213 2637 2468 2711 Spiritus
2490 2637 2722 2693 donum
2745 2634 3153 2691 circatertiam
3181 2634 3393 2689 horam
3424 2634 3670 2704 aposto-

2012 2727 2086 2784 lis
2119 2726 2404 2783 collatum
2431 2727 2491 2783 in
2522 2725 2880 2782 memoriam
2909 2723 3273 2793 redigentes,
3304 2736 3515 2777 omnes
3545 2735 3670 2777 uno

1965 2833 1974 2838 κ
2013 2816 2350 2890 eodemque
2376 2816 2582 2872 animo
2607 2815 2776 2872 illum
2805 2817 3186 2879 venerentur,
3216 2816 3273 2867 ut
3292 2811 3406 2884 ipsi
3427 2825 3669 2884 quoque

2011 2908 2163 2964 ﬁant
2186 2907 2376 2976 digni,
2397 2907 2623 2979 quibus
2655 2907 2940 2961 sanctitas
2983 2902 3344 2968 conferatur,
3369 2899 3670 2972 simulque

2011 3001 2240 3070 petant,
2274 3000 2338 3052 ut
2367 2995 2488 3050 dux
2522 2995 2597 3050 sit
2643 2993 2892 3058 itineris,
2939 3009 3008 3048 ac
3039 3008 3110 3048 ea
3139 3008 3275 3064 quae
3308 2989 3469 3046 utilia
3505 2993 3667 3058 sunt,

2013 3084 2282 3148 edoceat,
2311 3084 2484 3152 juxta
2514 3098 2676 3150 eum,
2707 3081 2810 3154 qui
2840 3080 3025 3135 dixit:
3060 3079 3181 3134 Cor
3209 3077 3497 3132 mundum
3530 3089 3670 3130 creo

2013 3175 2076 3229 in
2108 3188 2216 3238 me,
2242 3174 2420 3239 Deus,
2455 3177 2509 3227 et
2529 3172 2810 3241 spiritum
2833 3174 3058 3224 rectum
3092 3167 3312 3221 innova
3334 3169 3397 3219 in
3428 3165 3669 3220 viscerio

2013 3262 2122 3318 bus
2147 3263 2310 3319 meis.
2342 3261 2434 3317 Ne
2457 3261 2749 3332 projicias
2780 3273 2869 3314 me
2889 3273 2924 3312 a
2941 3257 3104 3326 facie
3134 3261 3260 3323 tua,
3286 3259 3338 3310 et
3368 3253 3666 3322 Spiritum

2012 3358 2289 3408 sanctum
2313 3357 2478 3406 tuum
2513 3365 2587 3405 ne
2606 3347 2852 3416 auferas
2882 3361 2917 3401 α
2949 3359 3059 3402 me.
3090 3343 3291 3400 Redde
3327 3341 3478 3398 mihi
3522 3341 3666 3397 laeti-

2016 3443 2161 3498 tiam
2190 3441 2483 3496 salutaris
2524 3439 2633 3506 tui,
2672 3443 2728 3494 et
2752 3437 2974 3507 spiritu
3005 3434 3339 3505 principali
3376 3433 3670 3500 confirma

2012 3532 2259 3588 me“.Et
2277 3528 2448 3586 alibi:
2467 3529 2732 3600 Spiritus
2755 3533 2890 3582 tuus
2905 3525 3091 3581 bonus
3112 3524 3360 3580 deducet
3375 3523 3535 3578 mein
3555 3527 3668 3577 ter-

2013 3636 2145 3676 ram
2177 3628 2400 3676 rectam
2423 3621 2490 3677 ι’.
2535 3616 2747 3690 Sicque
2769 3631 2978 3672 rursus
3009 3612 3439 3670 incumbamus
3469 3609 3669 3683 operi-

2010 3708 2150 3767 bus.

2081 3910 2135 3964 4.
2177 3906 2348 3973 Quod
2397 3905 2449 3962 si
2479 3905 2630 3962 forte
2671 3902 2858 3976 aliqui
2887 3904 3136 3976 propter
3163 3915 3414 3972 operum
3446 3900 3551 3952 aut
3578 3895 3664 3952 lo-

2011 4012 2220 4054 corum
2261 4001 2540 4052 naturam
2593 3993 2829 4064 longius
2861 3989 3181 4057 abfuerint,
3221 3987 3338 4044 illic
3377 3987 3503 4042 sine
3542 3985 3666 4042 ulla

2008 4085 2382 4143 haesitatione
2412 4085 2654 4154 singula
2675 4099 2811 4156 quae
2833 4079 3233 4136 communiter
3259 4081 3482 4132 statuta
3503 4079 3660 4142 sunt,

2009 4175 2259 4248 exsequi
2289 4172 2629 4230 necessario
2659 4171 2880 4228 debent
2906 4188 2918 4226 :
2953 4185 3098 4226 nam
3128 4167 3212 4234 Si,
3244 4165 3436 4238 inquit
3464 4164 3663 4220 Domi-

2008 4279 2147 4329 nus,
2175 4263 2294 4318 duo
2330 4263 2424 4318 vel
2453 4269 2571 4318 tres
2600 4267 2740 4317 sunt
2770 4258 3123 4330 congregati
3148 4258 3209 4312 in
3245 4255 3484 4310 nomine
3511 4268 3661 4316 meo,

2009 4353 2096 4409 ibi
2115 4369 2246 4409 sum
2273 4354 2336 4408 in
2361 4352 2551 4407 medio
2577 4365 2780 4406 eorum
2799 4350 2866 4405 ¹³.
2898 4351 3073 4404 Sexta
3102 4361 3358 4419 quoque
3375 4343 3528 4400 liora
3556 4359 3663 4398 ne-

291 4440 401 4511 ὦρα
456 4439 598 4489 κατά
644 4442 871 4510 μίμησιν
915 4447 1013 4490 τῶν
1062 4439 1225 4510 ἀγίων
1279 4437 1566 4511 ἀναγκαίαν
1625 4443 1752 4494 εἶναι
1805 4447 1899 4501 την

2021 4441 2335 4499 :essariam
2365 4457 2498 4497 csse
2528 4439 2960 4512 precationem,
2995 4440 3343 4492 sanctorum
3384 4431 3663 4504 exemplo

290 4530 602 4602 προσευχὴν
655 4525 953 4601 ἐκρίναμεν,
1017 4537 1118 4580 τῶν
1164 4527 1432 4599 λεγόντων·
1483 4529 1732 4604 Ἐσπέρας
1809 4537 1899 4584 καὶ

290 4622 429 4689 πρωὶ
496 4619 589 4666 καὶ
647 4616 973 4689 μεσημϐρίας
1031 4613 1366 4690 διηγήσομαι
1434 4623 1523 4671 καὶ
1591 4619 1896 4692 ἀπαγγελῶ,

289 4712 380 4760 καὶ
425 4706 793 4758 εἰσακουσεται
841 4714 930 4767 τῆς
973 4714 1109 4779 φωνῆ
1124 4727 1143 4768 ς
1193 4726 1315 4780 μου·
1371 4712 1458 4760 καὶ
1506 4710 1640 4762 ὥστε
1689 4711 1898 4784 ρυσθῆ-

357 4885 378 4918 ⁷
422 4886 443 4940 ι
477 4883 684 4941 Thess.
713 4900 769 4952 ν,
803 4889 888 4941 t7.
983 4885 1004 4920 ⁸
1045 4883 1090 4940 Il
1116 4884 1318 4942 Thess.
1351 4901 1435 4954 ιιι,
1465 4889 1519 4944 8.

283 4989 458 5041 exui,
491 4979 576 5030 to.
657 4974 702 5010 ³³
741 4973 940 5032 Matth.
973 4979 1235 5041 xvm,20.
1316 4977 1360 5011 "
1401 4976 1550 5033 Psal.
1578 4993 1690 5050 Liv,
1721 4982 1808 5036 t8.

353 5154 430 5228 (9)
473 5152 677 5208 Codex
705 5151 872 5207 Colb.
923 5161 1012 5212 τῆς
1051 5155 1184 5228 πρὸς
1227 5157 1356 5205 Θεὸν
1398 5153 1539 5228 εὑαρ.
1588 5156 1716 5211 Mox
1750 5158 1890 5226 Reg.

285 5225 521 5297 primus
544 5227 658 5298 ἔχει
684 5228 769 5276 τὸν
791 5229 1000 5298 τρόπον.

350 5299 463 5368 (t0)
496 5293 750 5368 Additus
789 5293 879 5350 e'st
907 5293 1192 5350 articulus
1221 5310 1294 5350 ex
1325 5296 1528 5351 multis
1555 5296 1890 5355 codicibus.

354 5365 475 5436 (Η)
517 5365 670 5422 Edili
701 5368 901 5441 fdus“).
937 5368 1170 5441 Veteres
1211 5373 1474 5441 quatuor
1503 5367 1639 5423 libri
1664 5371 1750 5420 τὸν
1781 5374 1896 5441 μέν,

359 5443 476 5508 (t2)
517 5441 661 5508 Reg.
687 5439 930 5511 primus
957 5442 1014 5492 et
1044 5439 1212 5493 Voss.
1253 5446 1309 5494 et
1352 5439 1518 5494 Colb.
1555 5442 1693 5511 κατά
1722 5439 1898 5511 τινα.

288 5514 607 5589 ﬂagtium.
633 5510 959 5589 Aliquanto
985 5514 1116 5582 post
1137 5510 1263 5589 duo
1279 5526 1425 5589 mss.
1456 5514 1576 5584 πρὶν
1598 5510 1772 5589 ἣέπορῆ
1784 5510 1898 5589 σαι.

360 5580 480 5652 (t3)
515 5583 660 5650 Reg.
706 5580 942 5654 primus
985 5580 1404 5661 παραστήσομαι
1447 5580 1531 5639 σοι
1567 5587 1657 5638 καὶ
1709 5580 1903 5654 iub-bo-

1615 4889 1636 4923 ’
1678 4887 1834 4945 Psal.
1858 4905 2046 4961 Lxxvt,
2071 4891 2126 4946 4.

2003 4531 2437 4603 judicavimus,
2473 4530 2578 4603 qui
2603 4528 2838 4584 dicunt:
2891 4528 3140 4597 Vespere
3176 4531 3228 4581 et
3259 4539 3434 4580 mane
3458 4529 3511 4579 et
3538 4537 3662 4578 me-

2009 4621 2162 4677 ridie
2191 4619 2459 4676 narrabo
2499 4625 2552 4676 et
2583 4617 2999 4674 annuntiabo:
3038 4621 3092 4672 et
3141 4614 3422 4671 exaudiet
3462 4626 3660 4667 vocem

2007 4713 2283 4769 meam“.
2316 4713 2378 4767 Et
2409 4713 2472 4767 ut
2512 4708 2838 4766 liberemur
2867 4705 2946 4764 ab
2975 4706 3224 4764 incursu
3253 4708 3310 4760 et
3358 4699 3662 4759 daemonio

2205 4891 2252 4928 ¹⁰
2290 4887 2444 4947 Psal.
2476 4905 2533 4946 v.
2557 4890 2612 4960 ι,
2638 4891 2694 4948 5.
2771 4889 2814 4925 ¹¹
2856 4885 3008 4945 Psal.
3040 4900 3094 4954 ι,
3128 4885 3214 4953 t2,
3240 4885 3328 4938 t3.
3419 4881 3466 4914 η
3504 4875 3657 4935 Psal.

2003 5181 2124 5232 μαι,
2156 5164 2211 5216 et
2243 5158 2472 5215 videbo.
2492 5155 2714 5232 iCodex
2757 5156 2925 5232 γοοδ.
2955 5153 3012 5232 et
3032 5145 3216 5232 'Colb.
3249 5149 3338 5197 καὶ
3367 5143 3655 5232 tab-b35735,

2006 5215 2060 5286 et
2096 5215 2315 5286 uideris
2347 5245 2456 5284 me.
2489 5231 2629 5294 Reg.
2663 5226 2872 5280 tertius
2898 5227 2987 5294 καὶ
3022 5217 3202 5289 ἐπόψιι
3235 5235 3318 5290 με,
3352 5223 3405 5272 et
3436 5215 3662 5272 videbis

2005 5317 2118 5358 me.
2145 5301 2295 5356 Ιίόὶιί
2325 5293 2740 5373 παραστησομαί
2765 5293 3052 5373 ecflictim.
3197 5360 3230 5373 ﬂ
3327 5360 3338 5371 .

2080 5375 2194 5442 (14)
2236 5358 2602 5442 Ρειειὶἒιιιιιιῃ
2637 5358 2732 5442 ⁸Ξιοιὶ
2763 5363 2969 5442 addidi
3000 5377 3070 5419 ex
3115 5360 3375 5442 antiquis
3419 5358 3664 5415 duobus

2007 5430 2196 5499 libris.
2251 5442 2460 5499 Statim
2511 5437 2652 5494 editi
2691 5443 2749 5491 et
2794 5435 2920 5491 duo
2973 5451 3124 5491 mss.
3170 5430 3439 5504 διάγοντες
3506 5451 3665 5484 κατα-

2008 5511 2277 5636 λῖιγθῶσι.
2331 5511 2495 5581 Regii
2533 5507 2771 5583 primus
2812 5511 2870 5568 et
2906 5507 3114 5571 tertius
3157 5504 3530 5580 ἀπολειφθῶσι,
3576 5518 3667 5560 re-

2010 5597 2042 5638 c
2071 5599 2187 5640 lus.
