4082 6178
219 264 355 318 1017

1393 265 1690 322 REGULE
1740 266 1986 324 FUSIUS
2024 266 2408 322 ἹἮΑΟΤΑΤΑΞ

3445 265 3584 318 1018

213 390 308 444 τὸν
352 381 595 442 ἰδιότητα
629 391 730 437 τῶν
777 390 948 437 τόπων
993 391 1084 438 καὶ
1123 391 1216 445 τὴν
1265 384 1670 446 ίπιτηδειότητα
1718 397 1818 440 τῶν

1935 387 2205 446 locorum
2225 392 2529 453 naturam,
2553 391 2608 444 et
2632 388 3108 456 negotiationum
3137 401 3275 459 quae
3297 385 3356 440 iu
3387 386 3590 456 singu-

215 479 264 527 ίν
303 475 502 546 ἑκάστῃ
552 479 710 547 χώρᾳ
747 484 1116 548 πραγματειῶν
1147 498 1160 510 ο
1251 485 1406 547 κοινῷ
1455 473 1514 530 δὲ
1561 477 1698 548 λόγῳ
1728 481 1821 536 τήν

213 564 436 634 ἐκλογήν
476 567 672 616 τούτων
722 565 1176 618 ὑποτυπώσασθαι
1243 562 1486 632 δυνατὸν,
1569 567 1690 619 ὅσαι
1764 570 1824 621 τὸ

215 654 479 726 εἰρηνικὸν
507 655 686 705 καὶτὸ
725 652 980 727 ἀθόρυϐον
1021 661 1116 716 τῆς
1168 655 1308 718 ζωῆς
1352 657 1497 728 ἡμῶν
1544 657 1658 726 (25)
1698 671 1822 708 συν-

214 750 461 817 τηροῦσι,
503 747 634 814 μήτε
663 741 858 804 πολλῆς
904 749 1262 818 πραγματείας
1309 744 1376 805 εἰς
1424 749 1513 797 τὸν
1562 749 1822 820 πορισμὸν

217 841 308 892 τῆς
350 832 546 893 οἰκείας
593 831 716 892 ὕλης
767 829 1027 904 δεόμεναι,
1079 839 1211 905 μήτε
1256 833 1448 887 πολλοῦ
1487 842 1578 887 τοῦ
1632 833 1825 906 ἀγῶνος

217 925 345 995 πρὸς
373 926 467 980 τὴν
523 929 624 974 τῶν
672 920 1102 996 ἀπεργασθέντων
1159 919 1471 997 διάπρασιν,
1522 929 1654 995 μήτε
1701 926 1823 976 ὅσαι

219 1016 517 1082 συντυχίας
541 1012 667 1082 ἡμῖν
703 1008 908 1084 ἀνδρῶν
952 1013 1000 1072 ἦ·
1041 1021 1302 1084 γυναικῶν
1346 1012 1588 1088 ἀπρεπεῖς
1620 1015 1649 1072 ἣ
1696 1013 1824 1086 βλα-

216 1099 370 1175 ϐερὸς
434 1100 808 1173 προξενοῦσιν·
879 1099 989 1152 ἀλλ’
1072 1101 1121 1153 ἕν
1189 1107 1344 1154 παντὶ
1394 1107 1589 1154 σκοπὸν
1620 1103 1822 1156 ὀἰκεῖον

215 1192 342 1263 ἡμῖν
415 1193 728 1264 προκεῖσθαι
789 1192 1018 1263 νομίζειν
1071 1193 1199 1264 βχρῆ
1263 1196 1358 1250 τὴν
1405 1191 1673 1263 λιτότητα,
1734 1198 1823 1246 καὶ

213 1285 310 1338 τὴν
383 1279 658 1345 εὐτέλειαν,
724 1283 1004 1352 φεύγοντας
1082 1285 1141 1332 τὸ
1203 1283 1475 1354 ὑπηρετιίν
1520 1280 1824 1354 ἐπιθυμίαις

213 1366 501 1442 ἀνθρώπων
550 1365 788 1430 ἀνοήτοις
845 1373 936 1421 καὶ
982 1367 1283 1442 βλαϐεραῖς,
1332 1365 1428 1422 διὰ
1465 1378 1556 1422 τοῦ
1597 1372 1663 1422 τά
1715 1370 1824 1422 ἐπι-

215 1458 515 1528 ζητούμενα
577 1457 700 1530 παρ’
767 1457 939 1510 αὐτῶν
1014 1458 1405 1530 ίξιργοὶζεσθαι.
1445 1458 1580 1512 Ἀλλ’
1626 1458 1676 1513 ίν
1731 1463 1820 1532 μὲν

215 1555 278 1618 τῇ
347 1547 625 1618 ὑφαντικῇ,
682 1549 740 1596 τὸ
807 1545 1260 1619 ἆμπολιτευόμενον
1322 1557 1384 1620 τῇ
1433 1550 1683 1620 σννηθείᾳ
1728 1557 1820 1602 τοῦ

219 1633 364 1707 βίου,
417 1634 481 1687 οῦ
511 1638 572 1687 τὸ
611 1638 744 1707 πρὸς
792 1636 958 1707 ἄγραν
1008 1640 1098 1688 καὶ
1150 1633 1359 1708 παγίδα
1402 1645 1502 1690 τῶν
1549 1642 1672 1691 νίων
1721 1640 1820 1690 ὑπὸ

216 1732 316 1777 τύν
349 1722 654 1778 ἀκολάστων
685 1723 1062 1798 ίπινοοῦμινον,
1115 1722 1470 1800 παραδεκτέον
1514 1728 1640 1799 ἡμῖν
1684 1729 1818 1798 (26).

216 1813 437 1886 Ὁμοίως
461 1808 542 1877 δε,
583 1817 672 1864 καὶ
725 1811 808 1865 ἰπὶ
861 1821 1243 1886 σκυτοτομικῆς
1291 1821 1398 1877 τοῖς
1441 1817 1509 1867 τὰ
1563 1813 1825 1888 ἀναγκαῖα

219 1911 306 1962 τῆς
330 1906 520 1974 χρείας
551 1901 862 1963 ἐπιζητοῦσι
891 1899 988 1955 διὰ
1021 1911 1116 1966 τῆς
1157 1907 1346 1975 τέχνης
1391 1906 1820 1979 ὑπηρετησωμεν.

219 1988 552 2063 Οἱκοδομικὴ
603 1988 682 2059 δὲ,
733 1996 823 2044 καὶ
871 1997 1158 2062 τεκτονικὴ,
1210 1998 1299 2046 καὶ
1345 1992 1686 2065 χαλκευτικὴ,
1735 2002 1825 2052 καὶ

215 2086 469 2156 γεωργία,
511 2081 667 2133 αὑταὶ
714 2083 805 2153 μεν
847 2082 962 2134 καθ’
1008 2082 1192 2144 ἑαυτὰς
1247 2081 1530 2154 ἀναγκαῖαι
1577 2090 1650 2153 τῷ
1697 2082 1822 2156 βίῳ,

217 2175 307 2221 καὶ
332 2169 464 2220 πολὺ
511 2172 570 2222 τὸ
622 2175 893 2243 χρήσιμον
951 2173 1326 2244 παριχόμεναι,
1377 2177 1466 2225 καὶ
1523 2181 1595 2243 τῷ
1649 2173 1824 2244 οἰκείῳ

216 2256 354 2329 λόγῳ
403 2255 499 2310 οὐκ
544 2255 832 2316 ἀπόϐλητοι
879 2261 1042 2331 ἡμῖν’
1083 2260 1215 2318 πλὴν
1263 2261 1384 2313 ὅταν
1432 2266 1556 2314 ποτὲ
1605 2263 1633 2320 ἦ
1678 2264 1826 2336 θορυ-

216 2343 336 2408 309;
367 2348 480 2412 (27)
527 2347 650 2420 ἡμῖν
701 2346 1004 2420 ἐμποιῶσιν,
1063 2349 1092 2408 ἦ
1145 2353 1203 2401 τὸ
1246 2349 1503 2424 ἡνωμένον
1545 2351 1824 2415 τῆςζζωῆς

215 2445 316 2489 τῶν
393 2432 628 2511 ἀδελφῶν
705 2432 1000 2505 διασπῶσι,
1087 2441 1202 2492 τότε
1269 2437 1425 2500 αῦτάς
1491 2438 1546 2503 ἐξ
1597 2438 1825 2512 ἀνάγκης

218 2524 568 2596 ἑκκλίνωμεν·
623 2536 969 2600 προτιμῶντες
1030 2529 1123 2590 τὰς
1165 2532 1352 2600 τέχνας
1399 2531 1492 2592 τὰς
1543 2526 1826 2602 διατηροῦ-

221 2633 314 2675 σας
365 2614 493 2686 ἡμῖν
547 2618 635 2672 τὴν
676 2613 1066 2689 ἀπερίσπαστον
1130 2618 1268 2678 ζωὴν
1342 2624 1432 2671 καὶ
1507 2615 1824 2694 εὐπάρεδρον

219 2707 291 2773 τῷ
326 2706 528 2776 Κυρίῳ,
561 2707 650 2754 καὶ
700 2707 826 2776 μήτε
869 2711 1054 2779 καιροῦ
1107 2703 1440 2778 ψαλμῳδίας,
1494 2711 1625 2780 μήτε
1663 2727 1827 2783 προσ-

221 2801 412 2862 ευχῆς,
496 2795 629 2864 μήτε
698 2800 788 2853 τῆς
825 2792 1011 2856 λοιπῆς
1058 2795 1295 2858 εὐταξίας
1345 2793 1662 2869 ἀφελκοῦσας
1707 2800 1826 2858 τοῦς

220 2889 284 2954 τῇ
317 2879 547 2938 ἀσκήσει
595 2889 691 2944 τῆς
739 2881 998 2945 εὐσεϐείας
1062 2893 1600 2959 προσκαρτεροῦντας.
1662 2886 1822 2953 Ἐπεὶ,

223 2970 430 3040 ὃτανγι
455 2965 622 3041 μηδὲν
669 2970 888 3046 ὑπάρχῃ
940 2971 1063 3049 παρ’
1102 2973 1270 3026 αὐτῶν
1315 2973 1384 3034 εἰς
1427 2977 1521 3032 τὴν
1569 2994 1827 3048 προηγου-

1929 476 2003 532 lis
2035 477 2386 546 regionibus
2413 477 2564 533 tiunt
2595 477 3111 534 commoditatem.
3145 480 3205 532 In
3229 475 3582 532 universum

1933 569 2134 623 tamen
2167 567 2250 622 ita
2279 567 2499 623 harum
2524 565 2793 622 delectus
2822 565 3132 636 designari
3162 569 3381 638 potest,
3416 569 3482 620 ut
3502 580 3584 620 eae

1933 660 2731 728 exerceantur,quaacunque
2755 656 2888 712 vitae
2915 659 3135 712 nostra
3156 658 3398 710 servant
3416 653 3588 726 quie-

1932 748 2054 799 tem
2073 748 2251 816 atque
2298 743 2810 816 tranquillitatem,
2833 751 2890 800 et
2923 760 3061 816 quae
3091 759 3288 814 neque
3315 741 3590 810 indigent

1931 839 2175 903 negotio
2201 832 2390 888 multo
2420 832 2499 888 ad
2513 849 2686 888 suam
2714 833 2986 906 ipsarum
3017 831 3332 888 materiam
3363 846 3586 903 paran-

1934 921 2099 987 dam,
2129 937 2326 993 neque
2359 921 2546 978 multa
2576 921 2997 992 sollicitudine,
3032 919 3110 976 ad
3155 936 3226 976 ea
3256 935 3391 992 quas
3419 917 3580 974 facta

1935 1016 2077 1067 sunt
2128 1009 2538 1079 divendenda,
2578 1027 2837 1083 qumque
2867 1026 3067 1082 neque
3095 1009 3361 1064 virorum
3387 1021 3584 1080 neque

1933 1099 2252 1155 mulierum
2283 1100 2460 1171 385
2493 1099 2811 1156 indecoros
2833 1115 3197 1169 congressus
3229 1096 3406 1153 nobis
3439 1110 3583 1151 con-

1933 1188 2155 1254 ciliant,
2190 1194 2294 1245 aut
2317 1189 2534 1244 noxios
2562 1208 2574 1244 :
2611 1189 2914 1260 siquidem
2937 1187 3300 1260 peculiarem
3322 1200 3580 1258 scopum

1931 1276 2108 1332 nobis
2138 1277 2202 1333 in
2229 1277 2514 1333 omnibus
2536 1278 2916 1349 propositum
2946 1293 3080 1332 esse
3111 1274 3585 1332 existimandum

1931 1371 2044 1428 est,
2078 1366 2525 1438 simplicitatem
2557 1367 2782 1422 scilicet
2803 1372 2985 1439 atque
3013 1366 3303 1421 vilitatem
3329 1382 3342 1428 ;
3374 1361 3584 1418 nobis-

1928 1471 2048 1528 que
2073 1454 2438 1523 oavendum,
2473 1471 2546 1511 ne
2578 1455 2770 1511 stultis
2799 1472 2871 1511 ac
2901 1455 3096 1512 noxiis
3131 1454 3450 1509 hominum
3481 1467 3587 1506 cu-

1930 1543 2286 1616 piditatibus
2308 1545 2808 1614 inserviamus,iis
2836 1544 3331 1615 efﬁciendis,qua3
3360 1541 3509 1614 ipsis
3527 1540 3588 1596 in

1931 1632 2132 1690 studio
2170 1648 2300 1688 esse
2325 1631 2536 1689 solent.
2573 1635 2767 1700 Quare
2805 1633 2867 1688 in
2909 1635 3158 1690 textoria
3204 1631 3475 1704 quidem,
3524 1629 3586 1687 id

1864 1745 1901 1798 Β
1930 1721 2097 1796 quod
2120 1722 2181 1777 in
2220 1721 2353 1778 vitas
2373 1722 2808 1778 consuetudine
2837 1728 3132 1790 versatur,
3165 1736 3288 1776 non
3311 1714 3479 1793 quod
3509 1718 3588 1775 ad

1927 1811 2182 1882 juvenes
2211 1809 2549 1882 captandos
2562 1809 2880 1882 aclaqueis
2899 1809 3256 1865 irretiendos
3283 1807 3361 1864 ab
3392 1807 3589 1880 impu-

1931 1898 2398 1972 risquibusdam
2416 1899 2825 1968 excogitatum
2843 1903 2994 1969 est,a
3023 1897 3200 1954 nobis
3223 1897 3455 1952 assumi
3485 1895 3592 1952 de-

1931 1988 2338 2045 bet.Similiter
2365 2004 2609 2062 quoque
2640 1987 2701 2043 in
2724 1985 3037 2052 sutoria,in
3077 1987 3148 2042 iis
3184 1985 3380 2040 solum
3401 1984 3586 2040 rebus

1931 2094 2069 2151 quas
2092 2075 2170 2133 ad
2203 2077 2613 2133 necessarium
2663 2075 2797 2131 vitm
2836 2091 3014 2131 usum
3037 2074 3445 2148 requiruntur,
3478 2089 3588 2145 per

1932 2172 2124 2223 artem
2172 2182 2421 2238 operam
2477 2171 2750 2223 nostram
2804 2179 3130 2238 ponamus.
3176 2163 3585 2219 Architectura

1931 2269 2096 2323 vero,
2142 2260 2201 2312 et
2245 2269 2344 2311 ars
2383 2254 2663 2324 lignaria,
2704 2261 2762 2310 et
2802 2254 3038 2320 teraria,
3092 2257 3150 2309 et
3196 2250 3584 2322 agricultura,

1931 2345 2080 2417 ipsa:
2102 2343 2349 2417 quidem
2400 2358 2507 2417 per
2541 2359 2603 2399 se
2651 2343 3006 2400 necessaria:
3045 2345 3190 2398 sunt
3234 2341 3390 2407 vitae,
3434 2336 3587 2395 mul-

1932 2439 2183 2508 tumque
2213 2433 2470 2491 afferunt
2512 2433 2803 2503 utilitatis,
2832 2448 2942 2489 nec
3000 2431 3244 2505 speciali
3290 2431 3519 2486 ratione
3550 2446 3587 2486 a

1930 2526 2109 2583 nobis
2133 2525 2472 2597 rejiciendae
2499 2530 2639 2582 sunt
2665 2542 2678 2580 :
2708 2525 2814 2580 sed
2854 2530 3055 2580 tamen
3087 2522 3584 2596 quandocunque

1932 2619 2038 2673 aut
2056 2615 2234 2672 nobis
2263 2619 2469 2671 creant
2498 2614 2843 2679 tumultum,
2868 2611 3476 2684 autconjunctionem
3499 2609 3584 2665 vi-

1933 2709 2005 2760 tae
2053 2702 2308 2761 fratrum
2339 2701 2698 2775 distrahunt,
2729 2702 2861 2760 illas
2885 2708 3025 2759 tunc
3039 2717 3287 2758 necesse
3325 2704 3415 2756 est
3441 2697 3587 2754 vita-

1931 2809 1994 2850 re
2025 2813 2040 2862 ;
2065 2810 2204 2850 cum
2231 2807 2332 2848 eas
2359 2797 2512 2849 artes
2539 2799 2906 2865 anteponere
2931 2791 3285 2855 debeamus,
3318 2805 3453 2862 qua:
3484 2802 3582 2843 ne-

1930 2901 2050 2960 que
2070 2884 2256 2941 vitam
2279 2888 2550 2940 nostram
2569 2883 3127 2955 distrahant,neque
3149 2880 3586 2954 impedimento

1934 2975 2051 3029 sint
2078 2971 2668 3046 quominusassidua
2700 2971 2930 3027 Domini
2954 2971 3272 3045 praesentia
3295 2974 3582 3038 servetur,

223 3063 383 3131 μένην
458 3059 595 3119 ζωὴν
677 3059 1154 3129 καταϐλάπτεσθαι,
1218 3061 1413 3114 πολλῶν
1493 3071 1596 3115 εἰσι
1650 3084 1819 3137 προτι-

1935 3067 1990 3118 et
2016 3077 2153 3135 qua:
2184 3073 2379 3132 neque
2405 3076 2440 3115 a
2465 3065 2735 3131 tempore
2753 3065 2855 3114 aut
2877 3059 3584 3131 psalmodim,autpi'eca-

221 3153 464 3222 μότεραι,
515 3152 604 3200 καὶ
659 3148 892 3222 μάλιστα
940 3152 968 3208 ἠ
1014 3155 1261 3226 γεωργία,
1336 3150 1548 3204 αῦτὸθιν
1623 3156 1827 3225 ἔχουσα

222 3247 325 3288 τῶν
383 3232 680 3308 ἀναγκαίων
738 3240 824 3290 τὸν
877 3243 1155 3312 πορισμὸν,
1224 3244 1312 3292 καὶ
1385 3245 1480 3304 τῆς
1545 3240 1627 3294 ἐπὶ
1697 3241 1824 3294 πολὺ

222 3327 443 3390 πλάνης,
477 3329 566 3378 καὶ
603 3325 710 3378 ἄνω
766 3333 856 3380 καὶ
902 3331 1042 3382 κάτω
1086 3325 1384 3404 διαδρομῆς
1428 3332 1648 3405 ῥυομένη
1708 3337 1825 3393 τοὺς

222 3423 597 3488 γεωργοῦντας,
657 3421 811 3488 μόνον
886 3417 947 3484 εἰ,
1016 3417 1134 3470 καθ’
1218 3418 1270 3470 ὃν
1338 3423 1540 3492 εἴπομεν
1611 3426 1820 3496 τρόπον,

223 3507 354 3575 μήτε
425 3500 528 3556 ἀπὸ
601 3511 842 3576 γειτόνων
912 3513 1040 3579 μήτε
1107 3505 1206 3560 ἀπὸ
1277 3512 1526 3560 συνοίκων
1576 3509 1826 3584 θορύϐους

224 3593 346 3663 ἡμῖν
380 3597 557 3664 επιὶγει
587 3598 675 3646 καὶ
701 3597 962 3668 ταραχάς.

1934 3150 2131 3220 tionis,
2163 3148 2532 3221 autreliquaa
2567 3148 2900 3218 disciplima
2933 3150 3182 3202 avocent
3212 3161 3314 3200 eos
3359 3141 3461 3214 qui
3520 3141 3581 3196 in

1935 3239 2170 3314 pietatis
2197 3239 2479 3295 exercitio
2511 3238 2811 3292 insistunt.
2843 3239 3036 3302 Quare
3073 3232 3373 3308 siquando
3408 3233 3467 3287 in
3499 3232 3583 3286 eis

1933 3328 2079 3385 nihil
2098 3329 2262 3397 insit,
2283 3327 2449 3401 quod
2498 3325 2805 3400 praecipuo
2870 3327 3001 3381 vitae
3053 3330 3272 3380 nostra:
3313 3323 3583 3378 instituto

1934 3424 2168 3480 noceat,
2198 3419 2288 3472 lite
2317 3416 2591 3489 plurimis
2641 3416 2774 3471 aliis
2807 3413 3247 3488 anteponenda:
3307 3418 3466 3478 sunt,
3527 3414 3584 3466 et

1933 3509 2196 3564 maxime
2227 3506 2616 3576 agricultura,
2644 3519 2784 3561 cum
2816 3521 2921 3578 per
2943 3519 3006 3560 se
3037 3507 3350 3575 comparet
3375 3516 3582 3557 neces-

1932 3599 2114 3666 saria,
2152 3595 2482 3669 liberetque
2535 3613 2570 3652 a
2607 3595 2876 3665 longiore
2905 3593 3221 3664 vagatione
3263 3590 3583 3661 agricolas,

221 3681 638 3754 impediatque
658 3685 988 3756 quominus
1018 3683 1361 3743 discurrant
1391 3687 1509 3742 huc
1549 3692 1604 3742 et
1641 3683 1800 3757 illuc,
1835 3688 1884 3743 si
1905 3687 2112 3757 modo,
2141 3690 2206 3742 ut
2235 3685 2523 3757 diximus,
2557 3701 2757 3759 neque
2789 3701 2824 3741 a
2868 3683 3096 3748 vicinis,
3137 3695 3334 3754 neque
3375 3696 3412 3736 a
3443 3694 3583 3735 con-

222 3771 645 3829 tubernalibus
677 3774 970 3830 tumultus
1004 3775 1177 3831 nobis
1207 3781 1264 3832 et
1293 3775 1502 3833 turbas
1527 3776 1761 3833 excitet.

790 3889 1107 3938 ΕΡΩΤΙΙΣΙΣ
1126 3883 1253 3939 ΛΘ’.

229 3975 339 4029 Πῶς
357 3974 468 4042 χρὴ
501 3973 766 4024 ποιεῖσθαι
792 3981 891 4024 τῶν
921 3971 975 4024 ἐκ
1004 3981 1100 4034 τῆς
1122 3961 1366 4045 ἐργασίας
1385 3977 1475 4033 τὴν
1509 3969 1820 4047 διάπρασιν,

731 4067 820 4114 καὶ
845 4071 951 4122 πῶς
981 4059 1294 4135 ἀποδημεῖν.

833 4173 1208 4226 ΑΠΟΚΡΙΣΙΣ.

294 4263 406 4329 Χρὴ
465 4253 526 4309 δε
576 4253 896 4318 σπουδάζειν
953 4263 1042 4310 καὶ
1087 4262 1152 4312 τὰ
1209 4257 1262 4310 ἐκ
1315 4266 1413 4310 τῶν
1454 4258 1706 4333 ἐργασιῶν
1745 4264 1816 4331 μὴ

223 4347 425 4419 μακράν
472 4365 572 4399 που
653 4343 1008 4416 διατίθεσθαι,
1084 4353 1216 4421 μήτε
1284 4344 1620 4420 δημοσιιὺιιν
1696 4349 1819 4400 ίαν-

222 4436 482 4504 1004(28)
524 4442 617 4497 τῆς
669 4437 911 4508 πράσιως
953 4437 1131 4490 ἕνεκεν.
1192 4436 1588 4510 Εῦπρεπεστίρα
1638 4437 1736 4510 γὰρ
1787 4438 1815 4494 ἠ

223 4521 293 4593 ἐφ’
353 4524 457 4584 ἑνὸς
506 4528 666 4576 τόπου
721 4521 986 4596 διαγωγὴ,
1039 4529 1128 4577 καὶ
1166 4525 1529 4597 ὠφελιμωτέρα
1585 4530 1717 4598 πρὸς
1768 4545 1821 4578 τε

224 4618 313 4670 τὴν
342 4609 628 4685 οἰκοδομὴν
685 4612 913 4672 ἀλλήλων
969 4620 1058 4665 καὶ
1110 4612 1297 4688 ἀκριϐῆ
1363 4620 1686 4688 συντήρησιν
1729 4623 1820 4668 τοῦ

217 4701 333 4753 καθ’
363 4704 561 4776 ἠμραν
602 4701 748 4774 βίον,
788 4705 922 4754 ὥστε
966 4704 1230 4773 αἱρεῖσθαι
1281 4702 1471 4775 μᾶλλον
1524 4707 1614 4756 καὶ
1671 4705 1821 4775 ὑφαι-

215 4798 322 4862 ρεῖν
352 4809 405 4842 τι
436 4800 532 4854 τῆς
563 4790 730 4857 ἀξίας,
785 4793 813 4850 ἦ
861 4793 987 4867 ὑπὲρ
1027 4795 1142 4858 (29)
1188 4791 1366 4864 ὀλίγου
1409 4789 1627 4868 κέρδους
1667 4794 1820 4866 ὑπερ-

219 4911 468 4973 δειοτητα
497 4923 616 4987 τῶν,
638 4914 802 4987 quod
830 4931 1118 4971 mancum
1138 4921 1264 4972 erat
1291 4921 1345 4972 et
1376 4916 1671 4973 mutilum.
1699 4916 1816 4972 lbi-

217 4987 356 5064 dem
389 4988 486 5064 hi_c
507 4986 620 5064 ipsi
649 4986 803 5064 quos
835 4987 1128 5064 mox_d_i_xi
1151 4987 1285 5064 libri
1317 4996 1473 5064 χώρᾳ
1497 4991 1814 5062 πραγμάτων

287 5063 403 5126 (25)
431 5057 636 5130 Codex
675 5057 837 5113 Voss.
872 5063 930 5130 et
957 5057 1120 5114 Colb.
1152 5059 1291 5121 ζωῆς
1313 5057 1456 5130 ᾗμίνξ

290 5123 405 5195 (26)
450 5128 595 5200 Edlli
625 5134 713 5180 καὶ
744 5123 949 5200 παγίδα
980 5131 1078 5181 υπὸ
1114 5138 1209 5182 τῶν
1235 5123 1358 5182 νέων
1388 5139 1485 5182 τῶν
1514 5128 1814 5181 ἀκολαστων

221 5200 338 5271 ἡμῖν
368 5196 724 5273 παραδεκτέον
755 5196 1134 5273 ἐπινοοῦμενον,
1179 5201 1356 5256 male.
1399 5202 1556 5270 Regii
1584 5201 1814 5273 primus

220 5280 270 5344 et
301 5272 508 5344 tertius
533 5275 601 5344 ut
632 5272 690 5326 in
721 5271 1039 5344 contextu;
1081 5278 1154 5344 et_
1177 5274 1259 5328 ita
1289 5288 1531 5344 quoque
1553 5271 1612 5327 in
1643 5271 1810 5344 Coll).

219 5340 460 5416 lenitur.
485 5342 604 5397 nisi
625 5342 792 5415 quod
833 5359 942 5413 pro
970 5338 1332 5416 Fa‘oad‘sxn'o;
1376 5338 1812 5416 Μίδαι-παραδέ-

217 5432 391 5482 χεται.
419 5415 550 5470 Mox
580 5412 721 5487 mss.
755 5412 1026 5468 nonnulli
1046 5412 1480 5487 ξῦπηρετὴσωμεν.
1511 5412 1811 5487 Εςίξιῖὑπη-

215 5479 803 5560 Earcqoyfv.-lbidem
848 5501 991 5540 mss.
1026 5479 1523 5555 ᾱιιάοζκοδὸμικὴ
1585 5479 1642 5554 δι
1698 5487 1807 5560 καί,

222 5549 366 5612 Edilt
391 5549 723 5638 ὸὲκοδομική
749 5574 803 5608 τε
833 5560 947 5614 καί.

2358 3883 2873 3940 INTERROGATIO
2927 3879 3153 3938 XXXIX.

1968 3989 2270 4057 Quomodo
2295 4005 2480 4060 opera
2507 3991 2628 4046 sint
2660 3988 2990 4053 vendenda,
3025 3985 3540 4058 suscipiendaque

2533 4079 2956 4147 peregrinatio.

2555 4165 2957 4223 RESPONSlO.

2002 4260 2193 4329 Atque
2216 4255 2277 4311 in
2319 4271 2390 4314 eo
2431 4255 2613 4311 etiam
2642 4254 2995 4326 ponendum
3048 4251 3317 4309 studium
3365 4255 3475 4320 est,
3508 4266 3584 4306 ne

1930 4361 2115 4418 opera
2128 4345 2338 4418 procul
2359 4343 2941 4409 divendamus,neve
2963 4357 3074 4396 nos
3093 4341 3261 4413 ipsos
3280 4338 3584 4396 vendendi

1929 4451 2114 4490 causa
2141 4433 2358 4489 demus
2417 4433 2475 4488 in
2507 4431 2842 4504 publicum.
2903 4431 3365 4490 Convenientius
3420 4430 3584 4486 enim

1929 4524 2104 4580 fuerit
2141 4523 2204 4579 in
2235 4537 2356 4578 uno
2385 4521 2722 4593 eodemque
2747 4519 2882 4576 loco
2913 4520 3297 4591 commorari,
3355 4519 3586 4576 utilius-

1929 4629 2072 4684 que,
2095 4617 2223 4667 tum
2244 4611 2323 4667 ad
2356 4616 2630 4667 mutuam
2669 4609 3157 4676 aedificationem,
3189 4616 3318 4664 tum
3346 4608 3425 4665 ad
3457 4623 3585 4682 per-

1930 4704 2149 4758 lectam
2175 4700 2515 4773 quotidiani
2547 4699 2737 4756 victus
2796 4699 3345 4754 conservationem.
3384 4699 3581 4762 Quare

1930 4791 2217 4848 malimus
2237 4789 2471 4846 detrahi
2497 4789 2728 4861 aliquid
2758 4788 2834 4844 de
2871 4789 3084 4860 pretio,
3139 4803 3328 4859 quam
3353 4784 3580 4840 modici

1932 4987 1943 5000 ‘
1994 4915 2384 5000 (27)_Antiqui
2406 4914 2529 4970 duo
2559 4913 2694 4970 libri
2725 4914 2754 4971 ἦ
2788 4913 3028 4988 θόρυϐον.
3070 4913 3200 4968 Mox
3253 4921 3411 4963 unus
3461 4921 3575 4960 ms.

1924 4995 2225 5060 ἐμποιοῦσι.

1993 5061 2108 5128 (28)
2149 5061 2288 5129 Reg.
2331 5057 2562 5129 primus
2585 5053 3144 5129 inlacrimauit-oi;
3183 5045 3582 5129 Statimalius

1926 5111 2607 5202 i’athéﬂhfrrépaxat
2639 5111 3020 5202 ᾧφελιμωτέρα,
3051 5121 3318 5176 securius
3371 5125 3425 5174 et
3471 5122 3583 5174 uti-

1924 5201 2039 5254 lius
2063 5208 2144 5255 est
2169 5197 2234 5254 id
2257 5197 2455 5254 eodem
2480 5199 2605 5254 loco
2626 5197 2861 5264 degere.

1995 5271 2105 5342 (29)
2135 5273 2273 5338 Reg.
2310 5271 2538 5342 primus
2596 5262 2872 5342 τῆς-ἀξίοις
2907 5285 2919 5296 ⁶
2950 5339 2957 5342 _
2985 5264 3114 5342 ὥστε
3170 5264 3240 5334 μή
3299 5262 3581 5342 κινηθῆναι

1921 5333 2060 5410 ἡμᾶς
2084 5333 2186 5392 ἀπὸ
2217 5333 2325 5391 τοί
2339 5346 2516 5402 τόπου,
2552 5342 2580 5396 ἤ
2607 5339 2764 5410 ὑπέρ,
2786 5337 2872 5389 sic
2895 5339 2958 5388 ut
2985 5351 3021 5388 α
3061 5333 3204 5410 loco
3219 5349 3340 5389 non
3391 5333 3581 5410 dimo-

1923 5402 2187 5466 veamur.
2223 5414 2348 5466 Mox
2379 5409 2531 5464 alius
2559 5402 2712 5480 rms.'
2745 5409 3025 5480 ὑπερορίως
3065 5402 3379 5480 ἀποδημεῖν.
3433 5405 3587 5464 Sub-

1919 5481 2059 5556 inde
2093 5485 2232 5554 Reg.
2277 5480 2508 5558 primus
2529 5479 2761 5554 ἄκαρπον
2789 5479 2936 5562 ἡμῶν
2967 5482 3080 5542 τήν,
