4082 6178
538 315 676 372 1019

1892 304 1950 361 S.
2001 301 2252 360 BASlLll
2299 301 2540 358 MAGNI.

3759 299 3910 354 1020

531 437 685 496 lucri
711 433 904 506 gratia
934 435 1104 489 extra
1132 429 1424 489 terminos
1449 427 1638 486 abire.
1664 425 1839 495 Quod
1863 427 1914 484 si
1957 427 2019 483 id
2057 425 2187 483 ﬁeri

2308 429 2470 499 epieu;
2489 421 2809 497 ἀποδημεῖν.
2867 421 2987 475 Ἐὰν
3043 417 3105 475 δε
3149 427 3303 474 τοῦτο
3350 418 3610 474 ἀδύνατον
3656 421 3688 480 ἡ
3743 428 3913 496 πεῖρα

531 543 658 584 non
712 538 896 597 posse
935 519 1210 577 docuerit
1248 517 1640 592 experientia,
1689 531 1890 590 operte
1927 514 2187 589 pretium

533 621 644 683 est,
671 629 746 670 ne
773 609 1179 685 peregrinatio
1210 608 1287 664 sit
1327 607 1504 665 nobis
1532 606 1928 672 infructuosa,
1961 610 2018 661 et
2055 605 2190 661 loca

535 711 594 762 et
614 703 886 759 civitates
904 700 1144 774 piorum
1165 698 1440 754 virorum
1465 696 1740 766 seligere,
1768 700 1950 767 atque
1965 693 2190 751 multos

534 795 769 857 fratres,
802 805 1065 862 quorum
1098 787 1321 858 singuli
1347 803 1458 844 sua
1486 787 1753 860 ipsorum
1771 800 1956 858 opera
1981 799 2192 856 expor-

535 885 680 950 tent,
705 879 784 936 ad
812 895 915 934 eos
947 877 1054 950 qui
1103 875 1590 947 designabuntur
1635 878 1969 930 conventus
2015 870 2193 929 simul

537 983 896 1028 concurrere
925 985 938 1036 ;
964 965 1269 1038 simulque
1299 963 1622 1037 proficisci,
1655 966 1721 1018 ut
1750 979 1888 1018 cum
1917 962 2188 1035 psalmis,

535 1059 960 1134 precibusque,
995 1059 1053 1110 et
1079 1052 1697 1110 mutuamdiﬁcatione
1725 1051 1835 1106 iter
1847 1051 2190 1107 conficiant.

539 1153 686 1208 Cum
717 1153 916 1204 autem
949 1144 1332 1218 pervenerint
1359 1141 1436 1198 ad
1469 1140 1693 1210 locum,
1725 1139 1949 1209 eligant
1977 1140 2193 1196 eadem

539 1236 892 1297 diversoria,
925 1240 1054 1289 tum
1086 1237 1309 1288 mutum
1363 1229 1649 1286 custodite
1681 1229 1894 1299 gratia,
1952 1233 2084 1285 tum
2130 1233 2197 1285 ut

537 1326 771 1383 nullum
796 1321 1082 1396 precandi
1109 1326 1369 1393 tempus,
1404 1335 1602 1392 neque
1652 1319 1955 1383 diurnum,
1994 1333 2196 1390 neque

543 1416 720 1487 386
761 1416 1148 1474 nocturnum,
1178 1424 1290 1465 nos
1310 1408 1577 1480 effugiat,
1612 1412 1825 1464 tumut
1870 1407 2197 1480 unusquis-

537 1521 656 1578 que
676 1519 748 1559 ex
777 1501 1097 1557 hominum
1119 1499 1592 1556 intractabilium
1625 1504 2023 1555 etavarorum
2053 1512 2198 1553 cou-

539 1609 748 1664 gressu
802 1590 1002 1646 minus
1058 1589 1490 1646 detrimentum
1541 1587 1824 1662 accipiat,
1856 1587 1906 1644 si
1937 1587 2011 1643 sit
2057 1601 2197 1642 cum

537 1680 814 1753 pluribus
835 1693 1022 1751 quam
1054 1677 1102 1734 si
1133 1677 1300 1733 solus
1322 1681 1501 1732 esset.
1536 1679 1684 1732 Nam
1722 1675 1815 1731 vel
1857 1674 2198 1746 injuriosis-

2300 512 2472 587 δείξῃ,
2505 512 2805 586 ἐκλέγεσθαι
2840 517 2930 566 καὶ
2975 516 3165 575 τόπους
3210 516 3301 565 καὶ
3349 510 3522 573 πόλεις
3570 506 3778 585 ἀνδρῶν
3819 509 3912 563 εῦ-

2297 602 2488 669 λαϐῶν,
2531 607 2595 664 ὡς
2633 607 2704 676 μή
2756 604 2990 676 ἄκαρπον
3053 603 3181 674 ἡμῖν
3233 604 3321 659 τὴν
3389 597 3694 674 ἀποδημίαν
3766 605 3886 671 γίνε

2301 694 2448 760 σθαι,
2482 698 2571 744 καὶ
2599 690 2646 744 ἐν
2674 700 2791 753 ταῖς
2840 687 3304 764 ἀποδεδειγμέναις
3354 693 3682 764 πανηγύρεσι
3733 689 3914 742 πλείο-

2299 802 2389 844 νας
2437 782 2568 855 όμοῦ
2619 779 2934 855 συνδραμεῖν
2988 788 3086 832 τῶν
3131 776 3382 852 ἀδελφῶν,
3451 781 3671 832 ἕκαστον
3727 782 3797 831 τὰ
3851 778 3913 832 ἐκ

2300 879 2397 932 τῆς
2437 871 2633 932 οἰκείας
2684 869 2934 946 ἐργασίας
2990 868 3367 942 ἐπιφερόμενον.
3424 873 3524 922 Καὶ
3574 873 3754 926 κοινὴν
3809 871 3912 940 μὶν

2301 966 2396 1020 τήν
2438 957 2744 1034 ἀποδημίαν
2796 959 3117 1026 στέλλεσθαι,
3179 961 3248 1019 ὡς
3303 962 3394 1010 καὶ
3448 962 3543 1016 την
3590 954 3716 1010 ὀδόν
3772 960 3915 1030 μετὰ

2301 1050 2522 1124 ψαλμῶν
2577 1055 2666 1102 καὶ
2719 1057 3034 1124 προσευχῶν
3081 1052 3171 1100 καὶ
3227 1057 3323 1108 τῆς
3373 1045 3422 1098 ἐν
3477 1045 3723 1108 αλλήλοις
3785 1051 3911 1119 (30)

2304 1136 2590 1211 οἰκοδομῆς
2617 1137 2832 1191 ἐκτελεῖν
2855 1159 2869 1172 ι
2911 1142 3001 1189 καὶ
3031 1135 3113 1189 ἐπὶ
3142 1139 3231 1189 τόν
3287 1140 3443 1188 τόπον
3475 1137 3582 1205 (3i)
3637 1132 3696 1188 δε
3752 1154 3913 1206 γενοο

2304 1233 2504 1303 μένους,
2531 1229 2626 1290 τὰς
2663 1227 2822 1288 αὐτὰς
2875 1228 3138 1302 αἱρεῖσθαι
3203 1226 3510 1296 καταγωγὰς
3567 1233 3664 1285 τῆς
3703 1243 3760 1276 τε
3820 1222 3914 1276 ἆλ-

2303 1318 2468 1378 λήλων
2503 1316 2735 1390 φυλακῆς
2785 1317 2965 1384 ἕνεκεν,
3020 1319 3110 1367 καὶ
3148 1322 3239 1368 τοῦ
3287 1311 3491 1387 μηδένα
3526 1317 3709 1388 καιρόν
3744 1331 3914 1388 προσο

2307 1416 2490 1480 ευχῆς,
2545 1411 2677 1479 μήτε
2727 1407 2969 1479 ἡμερινὸν
3024 1409 3158 1477 μήτε
3207 1407 3518 1477 νυκτερινόν,
3584 1404 3727 1475 ἡμᾶς
3787 1399 3915 1454 δια-

2307 1499 2526 1571 φεύγειν,
2557 1500 2646 1548 καὶ
2684 1497 2771 1556 τὰς
2800 1503 2901 1548 τῶν
2933 1492 3406 1548 δυσσνναλλάκτων
3431 1493 3547 1560 (32)
3592 1497 3683 1544 καὶ
3721 1491 3914 1546 πλεον-

3430 1579 3464 1635 δ
3469 1580 3679 1641 meum
3773 1584 3918 1655 μετὰ

3334 1677 3720 1745 Παραιτοῦνται
3801 1673 3912 1745 γὰρ

2307 1594 2520 1640 εκτικῶν
2591 1590 2882 1658 συντυχίας
2953 1583 3324 1656 ἀϐλαϐέστερον

2307 1676 2551 1730 πλειόνων
2608 1678 2726 1726 ὄντα
2781 1674 2812 1732 ᾖ
2871 1673 2988 1726 καθ’
3051 1673 3252 1730 ἐαυτὸν.

540 1768 680 1825 simi
726 1767 941 1824 nolunt
969 1783 1092 1823 suae
1122 1765 1436 1838 injustitim
1453 1769 1632 1821 testes
1660 1765 1885 1820 multos
1913 1762 2161 1820 habere.

2308 1765 2523 1826 πολλοὺς
2587 1767 2726 1837 ἔχειν
2789 1765 2884 1825 τὰς
2933 1759 3151 1826 ἀδικίας
3195 1764 3462 1836 μάρτυρας
3507 1764 3598 1813 καὶ
3635 1762 3684 1812 οἱ
3733 1758 3917 1832 βιαιό-

1039 1964 1569 2024 INTERROGATIO
1589 1966 1696 2020 XL.

719 2059 806 2115 De
827 2055 1121 2114 nundinis
1149 2071 1282 2128 qua
1308 2057 1467 2125 ﬁunt
1496 2056 1558 2111 in
1591 2054 1998 2112 conventibus.

1161 2163 1575 2220 RESPONSIO.

611 2253 1150 2310 Verumenimvero
1174 2267 1250 2308 ne
1301 2267 1404 2308 eas
1447 2250 1694 2324 quidem
1724 2249 2198 2306 nundinationes

539 2358 678 2416 quae
707 2341 770 2397 in
791 2340 954 2406 locis,
973 2341 1078 2396 ubi
1108 2343 1408 2412 martyres
1456 2339 1751 2407 coluntur,
1795 2338 1966 2404 fiunt,
2021 2337 2198 2394 nobis

542 2431 860 2491 convenire
886 2430 1147 2486 ostendit
1187 2431 1518 2502 Scriptura.
1551 2433 1677 2486 Non
1709 2428 1866 2484 enim
1911 2427 2062 2484 alius
2094 2445 2197 2484 cu-

538 2523 827 2595 jusquam
880 2519 967 2576 rei
996 2518 1191 2588 gratia
1243 2517 1303 2574 in
1354 2517 1658 2590 martyriis
1711 2521 1813 2574 aut
1849 2516 1996 2572 locis
2025 2516 2197 2588 adja-

543 2611 816 2668 centibus
845 2609 1019 2666 decet
1047 2607 1416 2664 Christianos
1461 2605 1728 2679 reperiri,
1762 2621 1951 2678 quam
1982 2605 2199 2663 orandi

543 2716 750 2764 causa,
779 2704 836 2754 et
863 2703 928 2754 ut
959 2702 1312 2754 sanctorum
1340 2695 1768 2760 constantiam,
1791 2694 1896 2767 qui
1935 2710 2046 2767 pro
2077 2693 2199 2768 pie-

544 2793 659 2845 tate
679 2787 759 2844 ad
788 2792 1044 2843 mortem
1079 2801 1272 2858 usque
1295 2783 1694 2849 decertarunt,
1743 2784 1804 2840 in
1837 2784 2196 2840 memoriam

539 2873 1017 2940 revocantes,ad
1047 2873 1306 2930 similem
1338 2872 1792 2928 aemulationem
1851 2872 2194 2943 incitentur,

538 2963 1046 3036 meminerintque
1077 2978 1375 3036 perquam
1421 2961 1741 3018 horrenda:
1787 2960 1888 3018 ire“:
1935 2960 2195 3029 Domini,

539 3057 807 3128 quicum
827 3057 885 3110 et
904 3067 1145 3125 semper
1165 3056 1222 3107 et
1245 3052 1470 3124 ubique
1495 3051 1653 3107 mitis
1676 3055 1837 3107 esset
1865 3055 1924 3107 et
1951 3049 2195 3106 humilis

539 3142 746 3210 corde,
775 3143 862 3198 uti
890 3141 1180 3213 scriptum
1210 3144 1389 3207 est“,
1422 3141 1483 3196 iu
1504 3156 1608 3196 eos
1639 3140 1799 3196 solos
1832 3139 1936 3212 qui
1968 3139 2194 3195 circum
2222 3139 2263 3192 C

539 3230 834 3305 templum
888 3229 1230 3286 vendebant
1289 3229 1694 3302 emebantque
1743 3229 2052 3299 ﬂagellum
2097 3229 2194 3285 in-

537 3320 731 3377 tendit
757 3323 825 3390 ”,
860 3325 1154 3391 tanquam
1193 3319 1243 3375 si
1281 3324 1623 3375 mercatura
1678 3319 2039 3390 precationis
2086 3317 2194 3373 do-

537 3422 708 3464 mum
724 3407 785 3463 in
805 3407 1110 3463 latronum
1133 3407 1488 3479 speluncam
1509 3411 2193 3479 transmutasset.Neque

537 3510 681 3551 vero
743 3495 1036 3568 quoniam
1060 3495 1160 3552 alii
1193 3496 1320 3567 jam
1387 3512 1522 3552 eam
1570 3512 1706 3569 qua:
1749 3496 1916 3568 apud
1953 3501 2194 3552 sanctos

537 3583 850 3641 obtinebat
874 3583 1378 3641 consuetudinem
1403 3584 1724 3656 violavere,
1756 3585 1863 3657 qui
1891 3601 2030 3640 cum
2082 3600 2193 3656 pro

538 3691 601 3730 se
629 3674 886 3731 invicem
930 3690 1102 3730 orare
1144 3673 1516 3744 debuissent,
1539 3680 1597 3731 et
1617 3691 1738 3730 una
1757 3691 1896 3730 cum
1922 3673 2194 3747 pluribus

536 3762 725 3818 Deum
757 3762 1102 3831 adorare,et
1130 3779 1270 3818 cum
1300 3761 1589 3834 lacrymis
1618 3761 2196 3834 implorare,ipsum-

535 3866 654 3923 que
684 3866 795 3923 pro
836 3851 1100 3923 peccatis
1129 3849 1457 3924 propitium
1503 3849 1775 3917 reddere,
1817 3850 2045 3921 gratias
2080 3865 2193 3923 pro

534 3940 844 3997 beneficiis
875 3940 1305 4014 rependere,ac
1338 3940 1868 3997 verbisliortativis
1898 3957 2031 3996 sese
2056 3940 2195 3996 tedi-

536 4029 918 4102 ﬂcare(quod
933 4028 1136 4084 adhuc
1156 4033 1365 4085 nostra
1385 4029 1562 4084 etiam
1589 4030 1882 4085 memoria
1908 4029 2195 4086 usitatum

538 4124 595 4174 et
620 4118 1015 4175 observatum
1041 4117 1223 4174 fuisse
1251 4117 1582 4186 novimus),
1615 4133 1728 4190 pro
1777 4119 1870 4174 his
1910 4120 2195 4175 omnibus

536 4206 756 4276 forum,
781 4207 1228 4278 nundinasque,
1265 4222 1336 4262 ac
1384 4222 1710 4263 commune
1749 4208 2092 4280 emporium
2139 4212 2198 4264 et

537 4299 776 4368 tempus
807 4295 951 4352 illud
965 4301 1023 4352 et
1048 4295 1252 4351 locum
1273 4293 1560 4362 efﬁciunt,
1589 4295 1877 4351 continuo
1891 4297 2196 4352 nosetiam

535 4383 649 4440 hos
678 4385 899 4441 imitari
929 4401 1041 4458 par
1061 4391 1170 4448 est,
1212 4385 1466 4458 ejusque
1491 4385 1571 4441 rei
1604 4385 2062 4458 participatione
2093 4386 2194 4442 ab-

2307 1874 2475 1911 τατοι.

2891 1964 3207 2015 ΕΡΩΤΗΣῙΣ
3233 1957 3321 2014 Μ’.

2595 2052 2723 2126 Περὶ
2745 2057 2844 2104 τῶν
2875 2047 2922 2102 ἐν
2947 2045 3187 2110 συνόδοις
3215 2054 3611 2123 πραγματειῶν,

2914 2163 3293 2214 ΑΠΟΚΡῙΣΙΣ.

2379 2249 2513 2304 Ἀλλ’
2562 2244 2686 2302 οὐδε
2729 2250 2823 2309 τὰς
2866 2245 2914 2300 ἐν
2962 2255 3068 2308 τοῖς
3104 2251 3418 2321 μαρτυρίοις
3461 2251 3731 2320 γινομένας
3784 2245 3914 2318 ἄγοι

2305 2345 2494 2416 ρασίας
2521 2339 2712 2398 οἰκείας
2742 2339 2866 2396 ἡμῖν
2923 2338 2950 2390 ό
2990 2335 3140 2408 λόγος
3193 2333 3477 2391 δείκνυσιν.
3529 2336 3605 2389 Οῦ
3660 2337 3767 2410 γὰρ
3827 2335 3915 2387 ἄλ·

2305 2429 2396 2482 λου
2447 2431 2584 2490 τινός
2636 2429 2795 2480 ἕνεκεν
2851 2425 2899 2478 ἐν
2936 2433 3043 2488 τοῖς
3098 2430 3405 2502 μαρτυρίοις
3447 2427 3474 2486 ἦ
3529 2423 3576 2477 ἐν
3629 2432 3742 2487 τοῖς
3791 2429 3914 2499 περὶ

2307 2518 2440 2570 αὐτὰ
2482 2522 2658 2576 τόποις
2684 2517 2794 2586 (33)
2835 2517 3110 2588 φαίνεσθαι
3148 2515 3410 2594 ἐπιϐάλλει
3463 2520 3822 2589 Χριστιανοῖς,
3879 2514 3909 2572 ἦ

2305 2613 2612 2680 προσευχῆς
2681 2605 2842 2658 ἕνεκεν
2901 2610 2992 2657 καὶ
3046 2611 3138 2657 τοῦ
3193 2605 3264 2668 εἰς
3320 2607 3615 2676 ὑπόμνησιν
3667 2602 3914 2664 ἐλθόντας

2304 2703 2396 2756 τῆς
2433 2703 2532 2747 τῶν
2562 2694 2725 2766 ἁγίων
2766 2696 2892 2767 ὑπερ
2939 2693 3195 2755 εὐσεϐείας
3235 2697 3401 2769 μέχρι
3449 2695 3672 2746 θανάτου
3727 2693 3915 2745 ἐνστα-

2307 2804 2436 2846 σεως
2464 2788 2594 2860 πρὸς
2645 2787 2732 2836 τὸν
2783 2783 2938 2845 ζῆλον
2994 2786 3082 2835 τόν
3135 2785 3314 2856 ὅμοιον
3361 2791 3763 2858 προτραπῆναιο
3810 2801 3911 2855 με-

2303 2878 2595 2947 μνημένους
2669 2881 2760 2933 τῆς
2833 2874 3191 2946 γοεῖερωτοίτης
3274 2872 3433 2947 ὀργῆς
3511 2879 3605 2924 τοῦ
3686 2877 3910 2945 Κυρίου,

2304 2964 2406 3032 ὅτι,
2465 2968 2649 3038 καίπερ
2717 2965 2932 3017 πάντοτε
2982 2965 3073 3014 καὶ
3133 2968 3410 3033 πανταχοῦ
3459 2963 3626 3036 πραῢς
3672 2961 3762 3028 ὢν,
3817 2965 3912 3013 καὶ

2303 3055 2537 3113 ταπεινός
2584 3059 2647 3124 τῇ
2713 3048 2933 3125 καρδίᾳ,
2991 3053 3164 3114 καθὼς
3219 3052 3526 3125 γέγραπται,
3581 3055 3758 3123 μόνοις
3797 3056 3910 3111 τοῖς

2303 3147 2422 3217 περὶ
2473 3145 2530 3194 τό
2582 3143 2714 3215 ἱερὸν
2752 3139 2987 3193 πωλοῦσι
3042 3145 3132 3193 καὶ
3183 3139 3508 3213 ἀγοράζουσι
3545 3144 3640 3197 τὴν
3668 3141 3912 3211 μάστιγα

2305 3229 2655 3284 ἐπανετείνατο
2717 3230 2854 3301 (34),
2902 3232 2973 3292 ὡς
3019 3238 3115 3293 τῆς
3169 3229 3420 3305 ἐμπορίας
3471 3232 3557 3281 τόν
3619 3227 3757 3281 οἰκον
3810 3237 3908 3289 τῆς

2303 3327 2610 3395 προσευχῆς
2657 3322 3049 3392 μεταποιούσης
3097 3319 3163 3379 εἰς
3213 3318 3466 3377 σπήλαιον
3521 3317 3753 3391 λῃστῶν.
3828 3317 3905 3369 Οῦ

2301 3413 2425 3482 μὴν,
2487 3405 2666 3466 ἐπειδὴ
2750 3409 2912 3482 ἕτεροι
2979 3406 3320 3484 προλαϐόντες
3396 3409 3744 3482 παρέφθειραν
3807 3411 3904 3466 τὴν

2302 3505 2684 3572 κεκρατηκυῖαν
2751 3495 2834 3549 ἐπὶ
2889 3504 2990 3548 τῶν
3044 3497 3204 3568 ἁγίων
3259 3499 3553 3564 συνήθειαν,
3627 3501 3717 3548 καὶ
3786 3493 3902 3548 ἄντὶ

2299 3594 2390 3640 τοῦ
2438 3587 2833 3660 προσεύχεσθαι
2885 3588 3010 3662 ὑπερ
3077 3584 3322 3653 διλλήλων,
3396 3590 3484 3638 καὶ
3546 3589 3679 3658 μετὰ
3739 3583 3903 3637 πλειόο

2301 3697 2400 3728 νων
2470 3682 2780 3749 προσκυνεῖν
2831 3680 2921 3727 καὶ
2975 3673 3312 3749 προσκλαίειν
3373 3682 3447 3746 τῷ
3515 3683 3648 3745 Θεῷ,
3700 3677 3789 3726 καὶ
3825 3673 3901 3736 ἐξα

2304 3765 2612 3817 ιλσίσκεσθαι
2663 3767 2752 3836 μὶν
2813 3764 2968 3816 αὐτόν
3017 3763 3142 3838 ὑπὲρ
3201 3772 3300 3816 τῶν
3355 3763 3639 3837 ἁμαρτιῶν,
3686 3762 3906 3837 ενὶχοιρι⁸

2303 3861 2441 3906 στεῖν
2499 3850 2558 3907 δὴ
2611 3854 2737 3928 ὑπερ
2790 3861 2890 3905 τῶν
2939 3853 3260 3928 εὐεργεσιῶν,
3318 3849 3613 3925 οἰκοδομεῖν
3689 3847 3748 3904 δε
3811 3848 3906 3904 διὰ

2300 3950 2394 3995 τοῦ
2430 3941 2588 4014 λόγου
2628 3951 2720 4003 τῆς
2769 3940 3170 4017 παρακλήσεως,
3221 3942 3344 4016 ὅπερ
3394 3943 3470 3994 ἔτι
3525 3946 3616 3993 καὶ
3674 3939 3757 3992 ἐπὶ
3809 3948 3907 4002 τῆς

2303 4033 2549 4105 ἡμετέρας
2625 4036 2832 4104 μνήμης
2901 4034 3214 4105 τηρούμενον
3293 4033 3538 4102 ἔγνωμεν,
3610 4028 3722 4083 ἀντὶ
3791 4034 3910 4082 τοῦ·

2301 4139 2403 4173 των
2480 4119 2696 4193 ἀγορὰν,
2783 4125 2875 4173 καὶ
2933 4126 3245 4194 πανήγυριν,
3297 4125 3389 4171 καὶ
3436 4121 3607 4172 κοινόν
3659 4117 3909 4194 ἐμπόριον

2303 4213 2389 4262 τόν
2440 4228 2496 4262 τε
2554 4213 2735 4284 καιρόν
2779 4214 2870 4261 καὶ
2921 4212 3008 4261 τόν
3065 4214 3221 4262 τόπον
3283 4217 3576 4273 ποιοῦνται,
3641 4206 3749 4266 ἤδη
3819 4215 3910 4260 καὶ

2304 4300 2438 4371 ἡμᾶς
2477 4296 2775 4351 ἀκολουθεῖν
2828 4299 3002 4360 αὐτοῖς
3053 4307 3310 4372 προσῆκε,
3370 4303 3460 4350 καὶ
3529 4296 3776 4371 βεϐαιοῦν
3846 4301 3915 4351 τὰ

2303 4388 2474 4441 ἄτοπα
2561 4396 2624 4460 τῇ
2700 4392 2941 4461 κοινωνίᾳ
3008 4396 3102 4441 τοῦ
3155 4390 3503 4462 πράγματοςο
3557 4386 3688 4440 ἀλλὰ
3737 4396 3915 4462 μιμεῖ-

523 4473 722 4529 ἐιιιιάει
751 4479 810 4530 et
860 4474 1066 4546 inepta
1123 4476 1487 4532 conﬁrmare
1519 4493 1533 4531 :
1583 4475 1688 4530 sed
1719 4475 1895 4530 nobis
1923 4489 2028 4531 eos
2052 4492 2195 4532 con-

2309 4478 2433 4529 σοαι
2465 4478 2575 4545 (35)
2602 4479 2696 4538 τὰς
2735 4476 2818 4529 ἐπὶ
2847 4485 2938 4530 τοῦ
2995 4481 3190 4552 Κυρίου
3243 4479 3389 4551 ἡμῶν
3444 4477 3624 4535 ἰησοῦ
3670 4485 3914 4550 Χριστοῦ

533 4567 750 4618 ventus
779 4562 860 4618 ad
889 4564 1256 4622 imitandum
1279 4581 1622 4639 proponere
1645 4565 1964 4633 debemus,
1984 4565 2091 4638 qui
2119 4565 2195 4622 de

538 4653 795 4709 Domino
826 4659 1032 4710 nostro
1061 4656 1122 4711 in
1156 4656 1491 4725 Evangeliis
1538 4660 1881 4724 narrantur,
1940 4661 2196 4729 Aposto-

533 4740 695 4814 lique
743 4739 1056 4804 mandata,
1106 4748 1402 4816 tauquam
1458 4759 1596 4816 quae
1629 4743 1710 4799 ad
1757 4744 1918 4800 hanc
1975 4745 2199 4816 agendi

532 4829 832 4888 rationem
863 4830 1228 4897 conducant,
1252 4831 1558 4903 perﬁcere.
1589 4835 1675 4887 lta
1694 4836 1898 4888 autem
1948 4833 2153 4890 scribit
2180 4851 2195 4890 :

608 4939 652 4974 "
683 4938 884 4995 Matth.
911 4954 996 5007 Il,
1027 4943 1116 4994 29.
1195 4939 1244 4974 ³³
1269 4939 1440 4995 Joan.
1470 4953 1535 5007 ιι,
1569 4939 1657 4996 15.

611 5040 720 5101 (30)
754 5036 917 5107 Regii
943 5036 1066 5091 duo
1097 5052 1236 5092 cum
1270 5038 1439 5091 Voss.
1467 5044 1564 5096 τῆς
1585 5034 1633 5087 ἐν
1656 5034 1911 5107 ἀλλήλοις.
1958 5037 2104 5094 Editi
2145 5040 2196 5092 εν

539 5107 733 5233 ἀδόλοις.
775 5105 955 5165 Paulo
981 5117 1118 5164 ante
1148 5109 1209 5165 in
1231 5107 1399 5164 COlb.
1430 5107 1648 5180 legitur
1677 5105 1976 5182 ἀποδημίαν
2026 5119 2196 5164 ποιεῖ-

544 5199 578 5233 σ
617 5201 689 5233 αι.

544 5199 689 5235 quae.

611 5252 726 5322 (3|)
758 5252 997 5307 Veteres
1035 5251 1159 5308 duo
1189 5250 1324 5322 libri
1345 5249 1429 5305 ίπὶ
1449 5259 1549 5303 τῶν
1578 5254 1768 5307 τόπων.

614 5320 904 5391 (32)Unus
936 5339 1050 5379 ms.
1079 5333 1178 5376 τῶν
1210 5320 1602 5379 δυσαλλοίκτων.
1637 5321 1864 5380 Ibidem
1895 5322 2064 5381 alius'
2079 5341 2196 5381 ms.

541 5398 632 5444 καὶ
653 5392 984 5448 πλεονεκτῶν.

609 5465 727 5530 (33)
782 5464 949 5541 Regii
990 5465 1113 5522 duo
1139 5479 1301 5541 cum
1340 5468 1532 5541 _Voss.
1592 5466 1641 5520 ἐν
1679 5472 1950 5541 τοῖςπερὶ
2013 5467 2200 5530 αὐτοὺς

541 5536 748 5592 τόπους.
828 5535 1034 5591 Codex
1113 5537 1277 5594 Colb.
1333 5537 1384 5590 ἐν
1439 5545 1545 5600 τοῖς
1593 5544 1713 5600 περὶ
1763 5535 1948 5600 αὐτοὺς
2004 5543 2198 5600 τόποις.

543 5591 735 5660 Editio
764 5591 1285 5684 Parispariteriac
1314 5591 1495 5672 Basili.
1514 5591 1563 5670 ἐν
1587 5591 1990 5692 τοήέςπιρὶαύτὰ
2004 5591 2198 5681 τόποις.

2305 4565 2354 4620 ἐν
2384 4574 2493 4629 τοῖς
2525 4566 2858 4638 Εὑαγγελίοις
2894 4569 3260 4640 ἱστορουμένας
3315 4564 3587 4634 συνόδους,
3642 4572 3734 4618 καὶ
3779 4567 3916 4625 πλη-

2303 4663 2427 4730 ροῦν
2476 4659 2541 4709 τὰ
2593 4658 2693 4710 ὑπό
2740 4664 2830 4709 τοῦ
2858 4657 3183 4710 ’Δποστόλου
3215 4659 3279 4717 ὡς
3322 4657 3664 4710 συντελοῦντα
3701 4664 3774 4726 τῷ
3807 4676 3917 4708 τοι·

2307 4747 2441 4817 οὑτω
2469 4748 2616 4817 τύπῳ
2683 4743 3080 4819 διατεταγμένα.
3132 4749 3323 4822 Γράφει
3371 4743 3432 4799 δι
3484 4747 3685 4808 οὕτως·
3746 4745 3916 4799 Ὅταν

2310 4838 2663 4909 συνέρχησθε,
2717 4838 2936 4901 ἕκαστος
2992 4839 3134 4912 ὑμῶν
3224 4836 3432 4910 ψαλμὸν
3523 4840 3655 4908 ἔχει,
3754 4833 3916 4891 δεδα-

2304 5039 2626 5116 ᾼιὶιιιιερίο
2649 5046 2979 5116 post_unus
3008 5042 3352 5116 mnes-eave
3364 5060 3456 5116 σιν,
3477 5038 3915 5116 ἐξελθόντας.Νθϐ

2307 5113 2388 5168 ita
2410 5112 2600 5186 multo
2629 5112 2766 5186 post
2795 5113 3071 5186 impressi
3102 5112 3238 5168 libri
3257 5112 3358 5164 ·και
3383 5113 3622 5164 πάντοτε.
3673 5114 3914 5168 Veteres

2306 5189 2427 5239 tres
2458 5183 2596 5258 libri
2614 5183 2839 5258 prieter
2868 5183 3067 5258 Vosss.
3100 5188 3285 5258 καίπερ
3313 5186 3550 5237 πάντοτε.

2378 5258 2490 5325 (34)
2512 5253 2668 5342 .Edi'ti
2698 5260 2755 5342 et
2782 5258 2921 5325 Reg.
2950 5255 3182 5328 primus
3219 5253 3578 5309 ἐπανετείνετο.
3639 5253 3750 5310 Alii
3787 5253 3915 5313 duo

2309 5343 2435 5382 mss
2452 5370 2465 5384 .
2505 5332 2876 5381 ἐπανετείνατο.

2382 5401 2509 5472 (35_)_
2527 5398 2708 5472 Paulo
2727 5399 2906 5472 aliter
2933 5400 3103 5454 Voss.
3135 5401 3226 5457 την
3257 5403 3524 5472 κοινωνίαν
3549 5406 3642 5450 τοῦ
3668 5401 3915 5472 πράγμαο

2309 5487 2394 5531 τος
2419 5491 2430 5503 -
2466 5467 2591 5544 ἀλλὰ
2620 5470 2809 5543 μᾶλλον
2833 5467 3035 5544 μιμ.Σ
3070 5473 3213 5540 Reg.
3266 5470 3498 5544 primus
3552 5478 3615 5542 τῇ
3667 5467 3916 5544 κοινωνίᾳ

2307 5548 2398 5593 τοῦ
2429 5538 2758 5615 πράγματος.
2785 5538 3084 5615 μᾶλλονδέ.
3114 5538 3286 5615 Haud
3315 5540 3497 5615 longe
3524 5538 3700 5615 voces
3731 5538 3915 5615 Ἰησοῦ

2310 5611 2551 5685 Χριστοῦ
2574 5611 2927 5680 addidimus
2956 5627 3025 5676 ex
3047 5612 3316 5687 antiquis
3342 5611 3587 5670 duobus
3611 5611 3802 5670 libris.
