4082 6178
577 268 710 326 1023

571 481 799 534 tantum
823 492 977 543 esse,
999 475 1175 548 eique
1197 475 1402 531 animo
1425 471 1609 529 alacri
1633 479 1690 528 et
1716 471 1981 527 studioso
2003 471 2229 526 incum-

569 564 730 631 bere,
763 569 821 620 et
867 564 1032 620 velut
1081 565 1198 622 Deo
1241 565 1602 636 inspectore,
1655 561 1916 634 impigro
1948 560 2144 616 studio
2175 564 2232 616 et

571 653 886 709 attentiore
922 653 1236 722 diligentia
1295 652 1441 708 illud
1490 650 1792 724 inculpate
1843 665 2141 715 exercere,
2168 651 2234 705 ut

574 759 812 815 semper
849 742 1047 798 dicere
1079 743 1306 816 possit:
1341 743 1495 798 Ecce
1543 742 1696 797 sicut
1735 741 1900 794 oculi
1922 754 2228 795 servorum

571 833 636 887 in
667 833 947 888 manibus
979 833 1354 888 dominorum
1401 846 1669 895 suorum,
1695 831 1782 885 ita
1829 829 1994 884 oculi
2038 827 2234 882 nostri

551 921 655 977 -ad
673 923 995 976 Dominum
1021 923 1208 977 Deum
1229 927 1501 976 nostrum
1525 921 1570 954 ³⁸
1595 936 1610 973 :
1645 933 1766 972 non
1790 922 1992 972 autem
2014 916 2092 971 ab
2113 916 2230 972 alio

573 1009 650 1066 ad
683 1009 844 1066 aliud
879 1011 1156 1066 transire.
1180 1013 1297 1066 Nec
1325 1009 1485 1065 enim
1505 1013 1721 1063 natura
1736 1010 1942 1062 nostra
1957 1004 2230 1077 pluribus

572 1099 752 1154 simul
786 1099 1140 1154 muneribus
1185 1099 1354 1167 fungi
1392 1103 1609 1169 potest,
1639 1095 1898 1167 ideoque
1920 1110 2104 1150 unam
2134 1109 2229 1150 ar-

573 1194 688 1243 tem
741 1192 1019 1243 accurate
1071 1187 1353 1250 factitare,
1387 1201 1572 1258 quam
1619 1185 1840 1240 multas
1882 1183 2231 1256 imperfecte

573 1276 886 1348 attingere,
917 1275 1119 1331 utilius
1167 1280 1279 1333 est.
1310 1276 1540 1331 Etenim
1589 1273 1639 1329 si
1669 1273 2010 1328 distrahant
2033 1271 2231 1344 plura,

571 1369 628 1420 et
657 1380 730 1420 ex
759 1363 876 1418 alio
916 1363 996 1420 ad
1029 1363 1192 1419 aliud
1227 1369 1628 1432 transeamus,
1660 1360 2232 1435 prmterquamquod

575 1452 808 1508 nullum
835 1468 990 1526 opus
1023 1452 1377 1519 absolvitur,
1404 1453 1544 1508 inde
1577 1454 1755 1508 etiam
1788 1453 1974 1506 animi
2002 1450 2232 1519 levitas,

571 1541 621 1598 si
663 1541 792 1612 jam
822 1541 998 1610 inest,
1030 1542 1434 1612 redarguitur,
1467 1547 1572 1596 aut
1625 1541 1674 1596 si
1715 1540 1990 1596 nondum
2036 1538 2229 1609 fuerit,

571 1631 978 1700 ingeneratur.
1005 1631 1177 1696 Quod
1210 1633 1258 1686 si
1290 1632 1369 1686 ita
1394 1630 1724 1704 aliquando
1754 1628 2079 1684 necessitas
2101 1643 2233 1700 pos-

572 1719 740 1785 tulet,
773 1736 882 1792 par
927 1725 1015 1775 est
1047 1737 1180 1775 cum
1210 1719 1315 1792 qui
1355 1719 1470 1776 ido:
1499 1735 1604 1775 eus
1625 1724 1734 1779 est.
1764 1718 1896 1774 aliis
1927 1718 2109 1774 etiam
2139 1733 2232 1773 ar-

573 1807 734 1864 tibus
767 1809 1078 1882 suppetias
1108 1809 1345 1864 venire:
1379 1824 1575 1882 neque
1595 1807 1657 1864 id
1682 1823 1718 1864 ιι
1758 1807 2108 1878 semetipso,
2129 1805 2234 1861 sed

573 1897 624 1953 si
651 1898 901 1970 quando
915 1897 1209 1954 invitatus
1232 1899 1323 1963 sit,
1356 1897 1439 1954 sic
1465 1904 1530 1954 ut
1548 1897 1605 1955 id
1629 1912 2023 1970 nequaquam
2055 1896 2234 1968 388

571 1987 867 2043 faciamus
886 1993 1092 2044 nostro
1120 1987 1312 2060 primo
1337 1987 1606 2054 consilio,
1637 1986 1743 2042 sed
1773 2003 1921 2044 casu
1962 1985 2231 2060 quodam

573 2080 842 2146 urgente,
876 2077 1398 2148 quemadmodum
1423 2082 1480 2132 et
1526 2077 1587 2132 in
1627 2075 1896 2150 corporis
1947 2074 2235 2131 membris

572 2165 657 2233 fit,
691 2166 962 2239 quando,
998 2166 1293 2223 titubante
1325 2165 1497 2239 pede,
1549 2181 1738 2223 manu
1783 2165 2116 2221 innitimur.
2169 2167 2236 2219 Et

572 2269 804 2318 rursus,
849 2255 1373 2326 quemadmodum
1412 2272 1448 2310 a
1493 2255 1694 2327 seipso
1746 2259 1937 2310 artem
1985 2252 2233 2324 aggredi

571 2340 1068 2397 detrimentosum
1095 2348 1185 2399 est
1217 2359 1229 2398 :
1283 2344 1369 2398 sic
1425 2342 1756 2400 detrectare
1801 2343 2122 2416 imperata,
2147 2342 2233 2398 di-

577 2445 767 2501 gnum
801 2434 889 2486 est
909 2430 1398 2503 reprehensione:
1431 2431 1597 2504 quod
1627 2431 1834 2501 ﬁat,ne
1855 2432 2052 2487 alatur
2074 2447 2234 2487 arro-

572 2521 793 2592 gantia:
837 2519 1088 2576 vitium:
1133 2536 1286 2577 neve
1327 2519 1686 2576 obedientim
1717 2521 2112 2576 etdocilitatis
2140 2537 2233 2576 re-

569 2608 716 2679 gula
765 2607 1150 2665 dissolvatur.
1200 2612 1494 2665 Craterum
1518 2608 2058 2666 instrumentorum
2091 2625 2236 2666 cura

571 2697 877 2769 praecipue
907 2697 988 2752 ad
1009 2698 1308 2770 cujusque
1333 2698 1476 2754 artis
1500 2697 1782 2771 opiﬁcem
1803 2699 2027 2754 attinet.
2062 2697 2234 2765 Quod

574 2785 622 2839 si
655 2785 804 2841 forte
836 2785 1167 2858 aliquando
1198 2787 1533 2855 contigerit,
1565 2790 1629 2841 ut
1678 2786 1923 2860 aliquod
1965 2788 2233 2858 negliga-

572 2879 688 2942 tur,
716 2889 786 2930 ea
833 2890 930 2930 res
961 2880 1257 2947 tanquam
1287 2891 1425 2949 quin
1455 2877 1731 2932 omnium
1761 2877 2102 2932 communis
2135 2877 2231 2946 sit,

571 2966 656 3020 ita
687 2965 1068 3020 convenienti
1096 2965 1284 3021 modo
1315 2965 1392 3022 ab
1437 2966 1509 3022 iis
1555 2966 1752 3022 curari
1799 2966 1979 3022 debet
2022 2967 2126 3040 qui
2171 2967 2233 3023 id

1949 263 2008 317 S.
2053 263 2303 318 BASILII
2339 263 2576 319 MAGNI.

641 393 694 446 2.
739 390 1031 444 Caeterum
1056 400 1555 460 unumquemque
1577 383 2123 456 oportetoperisuo
2143 382 2229 438 in-
2268 387 2312 438 Α

3761 264 3868 319 1οὶ¹ι

2415 387 2469 438 2.
2509 381 2763 434 Ἕκαστον
2821 384 2992 452 μέντοι
3043 399 3154 454 χρη
3203 387 3264 451 τῇ
3328 375 3436 452 ἰδίᾳ
3487 380 3690 454 ἐργασίᾳ
3728 401 3869 454 προσ-

2341 475 2502 542 έχειν,
2558 476 2648 522 καὶ
2699 473 2890 532 ταύτης
2941 469 3329 541 ἐπιθυμητικῶς
3376 474 3661 542 φροντίζειν,
3699 478 3777 522 καὶ
3819 476 3874 534 ὡς

2341 569 2475 614 Θεοῦ
2548 559 2853 634 ἐφορῶντος,
2923 559 2971 612 ἐν
3031 555 3238 630 σπουδῇ
3301 561 3463 630 ἀόκνῳ
3526 563 3609 611 καὶ
3655 560 3874 632 ἐπιμελείᾳ

2340 654 2739 724 προσεχεστέρᾳ
2769 648 3045 722 ἀμέμπτως
3082 650 3273 705 ταύτην
3305 651 3416 716 (44)
3461 646 3784 723 ἀποπληροῦν,
3812 652 3878 702 ἱνα

2340 741 2440 812 ἔχη
2491 738 2792 813 παρρησίαν
2848 737 3009 810 λέγειν
3065 738 3147 789 ἀεὶ
3218 741 3294 788 τό·
3357 735 3492 790 Ἰδοὺ
3547 740 3610 799 ὡς
3662 739 3877 811 οφθαλμοὶ

2341 824 2540 880 δούλων
2600 827 2672 888 εἰς
2736 834 2922 900 χεῖρας
2979 833 3079 878 τῶν
3149 830 3341 902 κυρίων
3402 825 3581 888 αὐτῶν,
3632 828 3779 889 οὑτως
3841 831 3880 880 oi

2341 917 2595 990 ὀφθαλμοὶ
2648 919 2793 989 ἡμῶν
2850 919 2985 990 πρὸς
3054 917 3243 988 Κύριον
3299 919 3384 967 τὸν
3443 920 3566 968 Θεὸν
3615 918 3763 988 ἡμῶν·
3809 923 3880 969 καὶ

2339 1011 2411 1080 μὴ
2464 1006 2641 1060 ἄλλοτε
2672 1006 2742 1069 εἰς
2785 1005 2909 1058 ἄλλο
2939 1002 3219 1075 ἀποπηδᾲν
3252 1006 3383 1074 (45).
3414 1001 3549 1058 Οὐδὲ
3574 1009 3668 1078 γὰρ
3697 1007 3723 1064 ἡ
3754 1009 3882 1078 φύσις

2342 1099 2486 1169 ἡμῶν
2545 1095 2706 1148 πολλά
2760 1097 2889 1168 ὁμοῦ
2921 1095 3203 1169 κατορθοῦν
3259 1093 3642 1169 ἐπιτηδεύματα
3677 1091 3880 1148 δύναται·

2341 1191 2430 1238 καὶ
2477 1189 2534 1237 τό
2582 1190 2705 1256 μίαν
2757 1184 3042 1257 φιλοπόνως
3094 1183 3307 1236 ἐκτελεῖν
3356 1193 3443 1236 τοῦ
3498 1184 3682 1237 πολλῶν
3733 1183 3884 1244 ἀτελῶς

2343 1274 2662 1347 ἐφάπτεσθαι
2682 1279 3108 1349 χρησιμώτερον,
3143 1274 3199 1326 Ὀ
3220 1276 3320 1348 γάρ
3372 1273 3444 1336 εἰς
3494 1276 3597 1344 (46)
3618 1273 3802 1328 πλείονα
3817 1293 3886 1346 με·

2340 1367 2552 1440 ρισμὸς,
2578 1369 2667 1415 και
2691 1366 2718 1421 η
2753 1363 2933 1416 ἄλλοτε
2964 1364 3041 1417 ἐπ’
3066 1362 3191 1417 ἄλλο
3210 1361 3495 1436 μετάϐασις
3522 1367 3645 1438 πρὸς
3666 1366 3719 1416 τὸ
3752 1359 3886 1434 μηδεν

2341 1453 2562 1508 τελειοῡν
2614 1461 2712 1506 τῶν
2763 1456 2944 1528 ἔργων,
2993 1456 3072 1505 ἔτι
3116 1459 3207 1506 καὶ
3251 1455 3414 1514 ἤθους
3470 1452 3752 1527 ἐλαφρίανῆ
3781 1471 3888 1526 προ-

2343 1544 2695 1615 ϋπάρχουσαν
2745 1541 2966 1615 ἐλέγχει,
3001 1543 3029 1600 ἡ
3095 1546 3185 1594 καὶ
3214 1546 3285 1614 μὴ
3342 1537 3503 1594 οὖσαν
3551 1542 3752 1615 ἐμποιεῖ.
3799 1542 3888 1593 Ἐὰν

2345 1629 2403 1686 δέ
2463 1651 2584 1685 ποτε
2659 1636 2821 1706 χρεία
2877 1630 3170 1705 καταλάϐῃ,
3251 1630 3544 1689 ἐπιϐοηθεῖν
3607 1636 3690 1683 καὶ
3745 1628 3892 1690 οὒλαις

2274 1739 2314 1794 Β
2342 1727 2550 1794 τέχναις
2600 1725 2686 1774 τὸν
2736 1717 3040 1782 ἐπιτηδείως
3088 1723 3279 1792 ἔχοντα
3320 1719 3620 1774 ἀκόλουθον.
3669 1722 3753 1772 Καὶ
3792 1715 3891 1771 οὐδὲ

2342 1819 2495 1864 τοῦτο
2553 1811 2638 1885 ἀφ’
2710 1810 2914 1864 ἑαυτοῦ·
2975 1808 3086 1862 ἀλλ’
3145 1814 3186 1862 εἰ
3251 1829 3380 1862 ποτε
3446 1808 3798 1884 προσκληθείη,
3844 1806 3890 1858 οὐ

2341 1905 2740 1974 προηγουμένως
2811 1902 2954 1973 ἡμῶν
3019 1901 3302 1952 ποιούντων
3376 1907 3549 1966 τοῦτο,
3621 1896 3741 1950 ἀλλά
3786 1899 3892 1949 κατὰ

2342 1994 2672 2064 περίστασινο
2729 1993 2797 2052 ὼς
2845 1993 2934 2041 καὶ
2989 1987 3072 2041 ἐπὶ
3115 1996 3213 2040 τῶν
3280 1987 3448 2060 μελῶν
3519 1995 3607 2040 τοῦ
3672 1993 3889 2060 σώματος,

2343 2079 2486 2148 ὅταν,
2541 2077 2858 2140 ὀκλάσαντος
2892 2085 2981 2131 τοῦ
3021 2077 3206 2144 ποδὸς,
3241 2077 3698 2151 ἐπεστηριζὼμεθα
3724 2085 3776 2148 τῇ
3804 2093 3894 2147 χει·

2339 2171 2414 2241 ρί.
2472 2172 2571 2220 Καὶ
2617 2167 2791 2234 πάλιν,
2837 2170 3010 2241 ὥσπερ
3051 2171 3109 2220 τὸ
3149 2166 3235 2238 ἄγ’
3292 2167 3479 2220 ἑαυτοῦ
3522 2167 3630 2238 (47)
3674 2161 3892 2233 ἐπιπηδῲ

2343 2255 2664 2330 ἀσύμφορον,
2724 2257 2859 2309 οὕτω
2910 2259 2969 2308 τὸ
3035 2258 3376 2331 προσταχθὲν
3423 2261 3494 2329 μὴ
3547 2253 3895 2327 καταδέχεσθαι

2341 2349 2664 2421 κατηγορίας
2693 2345 2860 2410 ἄξιον,
2910 2348 2992 2397 ἱνα
3039 2351 3166 2418 μήτε
3229 2348 3398 2407 πάθος
3468 2342 3740 2406 αὐθαδείας
3804 2347 3894 2415 τρία

2342 2454 2502 2507 γηται
2533 2438 2667 2506 (48),
2707 2440 2838 2508 μήτε
2887 2436 2912 2486 6
2952 2441 3046 2497 τῆς
3100 2437 3343 2498 ὑπακοῆς
3373 2439 3465 2488 καὶ
3506 2435 3773 2496 εὐπειθείας
3809 2434 3897 2503 ὄρος

2342 2520 2646 2581 διαλύηται.
2693 2528 2794 2577 Καὶ
2847 2526 2878 2583 ἡ
2926 2532 3026 2577 τῶν
3077 2523 3355 2598 ἐργαλείων
3411 2522 3472 2579 δε
3515 2530 3711 2598 φροντὶς
3755 2519 3899 2591 διαγέ·
3943 2530 3950 2543 ’

2339 2630 2418 2685 ρει
2465 2614 2554 2684 μεν
2598 2616 2996 2686 προηγουμένως
3043 2621 3116 2683 τῷ
3182 2613 3416 2677 ἑκάστης
3473 2613 3708 2689 ἐργασίας
3757 2628 3900 2680 τεχνι-

2340 2722 2426 2776 τῃ·
2491 2701 2574 2755 ἐὰν
2617 2698 2676 2754 δὲ
2733 2703 2838 2776 ἄρα
2899 2704 3024 2755 ποτὶ
3062 2703 3402 2776 παροφθῆναι
3461 2702 3688 2775 συμϐαίη
3742 2720 3805 2766 τι,
3845 2705 3900 2758 ὡς

2340 2794 2509 2844 κοινὸν
2548 2793 2750 2844 πάντων
2803 2800 3000 2865 κτῆμα,
3056 2793 3188 2844 οὕτω
3240 2800 3338 2855 τῆς
3398 2794 3762 2866 προσηκούσης
3800 2807 3882 2862 προ

3376 1907 3549 1966 τοῦτο,

2339 2886 2481 2942 νοίας
2540 2879 2803 2946 ἀξιούσθω
2864 2882 2966 2932 ὑπὸ
3029 2888 3126 2932 τῶν
3193 2887 3418 2956 πρώτως
3487 2885 3809 2955 θεασαμένων.
3852 2875 3900 2930 Εἰ

2339 2973 2439 3043 γὰρ
2479 2974 2569 3022 καὶ
2615 2971 2643 3027 ἡ
2695 2977 2899 3044 χρῆσις
2948 2969 3117 3022 αὐτῶν
3163 2966 3479 3040 ίδισίζουσα,
3521 2969 3644 3023 ἀλλά
3675 2973 3727 3023 τὸ
3756 2967 3800 3030 ἐξ
3824 2964 3899 3018 αὖ·

571 3055 752 3128 primi
808 3055 1366 3112 animadverterint.
1427 3057 1544 3112 Etsi
1580 3056 1742 3112 enim
1781 3057 2053 3130 ipsorum
2085 3074 2231 3114 usus

2340 3068 2440 3110 τῶν
2490 3065 2757 3133 χρήσιμον
2813 3063 3003 3114 κοινόν.
3048 3061 3118 3112 Τὸ
3156 3061 3256 3134 γὰρ
3292 3062 3368 3122 ὡς
3397 3057 3552 3114 οὐδὲν
3577 3062 3900 3134 προσηκόντων

571 3143 982 3217 quorumdam
1026 3144 1104 3200 sit
1133 3145 1416 3217 proprius
1441 3161 1452 3200 :
1489 3150 1690 3202 tamen
1716 3162 1853 3219 quae
1884 3162 1958 3202 ex
1985 3147 2078 3202 his
2106 3163 2234 3219 per-

569 3232 790 3304 cipitur
817 3232 1062 3304 utilitas,
1098 3235 1440 3290 communis
1470 3240 1579 3290 est.
1633 3235 2027 3292 Contemnere
2073 3236 2234 3292 enim

572 3321 817 3376 alterius
847 3323 991 3376 artis
1021 3325 1442 3391 instrumenta,
1469 3323 1653 3380 veluti
1693 3325 1837 3379 nihil
1870 3325 1946 3380 ad
1973 3342 2035 3380 se
2068 3341 2235 3397 spec-

573 3409 783 3477 tantia,
832 3410 965 3480 ejus
1013 3417 1126 3478 est,
1152 3411 1257 3484 qui
1301 3427 1372 3468 ea
1415 3428 1526 3484 pro
1569 3411 1779 3468 alienis
1803 3413 2004 3469 habet.
2034 3417 2236 3486 Neque

572 3512 716 3552 vero
737 3513 842 3553 eos
861 3499 967 3571 qui
989 3505 1146 3555 artes
1171 3505 1446 3569 tractant,
1469 3502 1642 3557 decet
1659 3501 1773 3557 sibi
1793 3502 2100 3558 vindicare
2119 3504 2211 3558 ins
2232 3538 2235 3541 -

575 3590 1016 3644 trumentorum
1046 3588 1408 3656 dominium,
1441 3591 1522 3646 ita
1555 3603 1616 3645 ut
1647 3596 1750 3645 aut
1797 3591 2048 3646 fratrum
2090 3608 2236 3664 prte-

572 3673 728 3731 fecto
756 3681 1115 3749 potestatem
1164 3694 1286 3734 non
1331 3677 1559 3735 faciant
1588 3679 1682 3735 his
1710 3681 1917 3735 utendi
1943 3682 2020 3735 ad
2049 3697 2238 3754 quam

573 3763 703 3837 ipse
733 3781 982 3839 cunque
1027 3784 1155 3824 rem
1203 3767 1360 3836 velit,
1392 3774 1495 3824 aut
1543 3769 1658 3824 sibi
1712 3769 1860 3841 ipsis
1899 3769 2237 3826 libertatem

573 3853 719 3910 dent
755 3870 827 3910 ea
866 3856 1192 3928 vendendi,
1216 3863 1322 3913 aut
1364 3857 1773 3930 permutandi,
1807 3864 1914 3914 aut
1945 3859 2062 3915 alio
2092 3876 2239 3932 quo-

573 3943 662 4000 vis
681 3944 869 3999 modo
894 3944 1198 4015 tradendi,
1224 3951 1328 4001 aut
1351 3945 1490 4011 alia,
1507 3952 1720 4018 praeter
1743 3963 1814 4002 ea
1835 3964 1969 4020 quae
1992 3949 2236 4024 habent,

573 4035 996 4106 comparandi.
1054 4035 1166 4102 Qui
1219 4037 1380 4091 enim
1434 4035 1621 4092 semel
1670 4037 1753 4092 ita
1802 4038 2025 4106 statuit,
2058 4055 2120 4094 se
2163 4056 2238 4096 ne

574 4140 825 4180 suarum
853 4123 1102 4197 quidem
1131 4140 1427 4180 manuum
1459 4125 1775 4182 dominum
1819 4142 1972 4196 esse,
2002 4128 2109 4183 sed
2135 4128 2239 4201 qui

2340 3157 2441 3200 τῶν
2496 3149 2548 3201 ἐκ
2601 3157 2697 3210 τῆς
2726 3147 2882 3210 οὒίλης
2909 3152 3127 3220 ’τέχνης
3188 3158 3533 3225 καταφρονεῖν
3564 3149 3900 3223 ἀλλοτριώσεως

2343 3235 2610 3300 ἀπόδειξιν
2650 3240 2782 3310 ἔχει.
2824 3238 2901 3290 Οὐ
2940 3242 3042 3311 μὴν
3083 3234 3206 3292 οὐδὲ
3254 3243 3381 3302 τοὺς
3417 3239 3902 3314 μεταχειριζομένους

2341 3331 2430 3388 τάς
2458 3331 2649 3398 τέχνας
2694 3323 3002 3379 δεσποτείαν
3051 3323 3275 3380 ἐκδικεῖν
3321 3338 3426 3381 τῶν
3467 3328 3729 3402 ἐργαλείων
3767 3340 3902 3399 προσο

2343 3419 2569 3483 ήκει,ὡς
2625 3417 2652 3474 ἡ
2711 3424 2783 3487 τῷ
2835 3425 3131 3490 προεστῶτι
3177 3426 3268 3478 τῆς
3309 3415 3664 3491 ἀδελφότητος
3705 3419 3768 3488 μή
3800 3433 3905 3482 συγ·

2341 3513 2535 3578 χωρεῖν
2580 3504 2753 3564 αὐτοῖς
2805 3507 3107 3579 κεχρῆσθαι
3145 3510 3277 3580 πρὸς
3327 3509 3454 3581 ὅπερ
3487 3506 3547 3558 ἃν
3581 3506 3714 3579 θέλῃ,
3745 3506 3771 3564 ᾖ
3810 3503 3904 3555 ἐαν·

2345 3604 2454 3658 τοῖς
2506 3595 2791 3671 ἐπιτρέπειν
2843 3594 3028 3648 πωλεῖν
3083 3596 3219 3648 αὑτά
3271 3598 3301 3655 ἡ
3361 3595 3672 3672 διαμείϐειν,
3728 3598 3754 3655 ἡ
3799 3593 3906 3646 κατά

2346 3685 2496 3738 ἄλλον
2562 3685 2678 3735 τινὰ
2735 3688 2923 3756 τρόπον
2986 3686 3286 3757 προίεσθαιο
3324 3688 3354 3746 ἦ
3423 3693 3514 3739 καὶ
3579 3683 3907 3761 προσκτᾶσθαι

2345 3781 2452 3835 τοῖς
2506 3769 2653 3825 οὖσιν
2686 3773 2851 3844 ἔτερα·
2913 3773 2938 3824 6
2986 3775 3088 3847 γὰρ
3119 3775 3261 3837 ἅπαξ
3304 3781 3493 3849 κρίνας
3531 3772 3666 3849 μηδε
3693 3782 3782 3827 τῶν
3808 3789 3908 3843 χει-

2343 3873 2446 3939 ρῶν
2501 3859 2628 3914 εἷναι
2682 3869 2782 3913 τῶν
2837 3860 3020 3913 ἐαυτοῦ
3065 3865 3260 3937 κύριος,
3312 3863 3422 3917 ἀλλ’
3475 3866 3626 3939 ἐτέρῳ
3681 3868 3766 3921 τὴν
3805 3860 3910 3930 ἐνέρ-

2344 3973 2490 4026 γειαν
2519 3953 2686 4004 αὐτῶν
2757 3951 3039 4024 οἰκονομεῖν
3098 3951 3400 4028 ἐπιτρέψας,
3449 3965 3557 4017 πῶς
3603 3954 3662 4007 ἆν
3706 3953 3729 4005 6
3772 3956 3910 4004 τοιοῦ-

2346 4062 2428 4103 τος
2486 4040 2745 4092 ἀκόλουθα
2799 4043 3052 4113 πράσσοι,
3109 4050 3213 4102 τοῖς
3266 4043 3556 4116 ἐργαλείοις
3612 4053 3698 4103 τῆς
3749 4046 3911 4111 τέχνης

2347 4132 2678 4198 ἐναυθεντῶν,
2769 4134 2858 4182 καὶ
2936 4127 3238 4194 δεσποτείας
3295 4132 3561 4207 ἀξιώματι
3633 4131 3708 4184 ἐπ’
3769 4129 3908 4182 αὐτῶν

575 4214 775 4286 potius
813 4229 1003 4286 opera
1045 4213 1212 4270 alteri
1270 4215 1536 4286 regenda
1575 4218 1897 4286 commisit,
1925 4221 2235 4290 quomodo

2345 4224 2669 4294 κεχρημένος
2689 4235 2704 4285 ;

577 4303 1005 4360 convenienter
1031 4320 1145 4360 suo
1175 4305 1442 4361 instituto
1475 4305 1648 4361 faciet
1678 4307 1782 4379 qui
1837 4308 2137 4378 ejusmodi
2161 4314 2268 4377 est,
2303 4311 2352 4366 si
2398 4326 2707 4366 summum
2731 4309 2828 4380 jus
2862 4308 3136 4385 obtineat
3161 4311 3222 4365 in
3259 4313 3410 4368 artis
3439 4313 3839 4370 instrumenta.
3867 4306 3913 4360 et

575 4391 635 4446 in
666 4391 759 4447 his
798 4392 1052 4449 dominii
1075 4393 1429 4463 dignitatem
1462 4403 1712 4467 usurpet
1740 4397 1767 4452 ‘I

1058 4485 1573 4539 INTERROGATIO
1614 4485 1748 4541 XLII

687 4567 812 4635 Quo
841 4571 1089 4626 consitio
1119 4579 1173 4628 et
1205 4588 1321 4642 quo
1352 4576 1554 4629 animo
1595 4576 1640 4629 ii
1675 4577 1783 4646 qui
1821 4576 2125 4641 laborant,

1105 4661 1386 4718 laborare
1414 4664 1694 4722 debeant.

1204 4751 1611 4807 HESPONSIO.

652 4842 700 4892 l.
743 4840 932 4909 Atque
975 4836 1121 4892 illud
1149 4842 1328 4894 etiam
1370 4854 1548 4895 nosse
1588 4856 1787 4912 operae
1819 4845 2079 4914 pretium
2127 4849 2236 4923 est,

649 4990 697 5024 ³⁸
740 4986 896 5042 Psal.
927 5003 1104 5054 cxxn,
1129 4991 1184 5043 2.

570 5120 830 5208 λέγοντος,
861 5123 959 5175 ὅτι.
1023 5119 1133 5176 Alii
1183 5137 1329 5176 mss.
1400 5127 1458 5178 et
1513 5123 1655 5179 editi
1713 5124 2041 5188 ἐπαινοῦντός
2071 5147 2237 5197 τινας,

581 5213 681 5247 οτι.

649 5264 766 5334 (ili)
795 5265 919 5318 Vox
945 5266 1140 5320 ταύτην
1175 5263 1381 5320 addita
1408 5270 1595 5334 estex
1629 5265 1990 5323 Colhertino.

651 5333 764 5400 (45)
799 5333 962 5408 idem
995 5352 1110 5408 pas.
1141 5335 1263 5408 ἄλλο
1293 5333 1621 5408 μεταπηδᾲν.

588 5405 966 5526 ἰπςιέιρλὶὲιίθω
996 5405 1150 5462 liber
1197 5406 1255 5459 ὀ
1285 5405 1386 5484 γὰρ
1430 5409 1530 5462 ἐπί.
1558 5405 1701 5465 ’Μοκ
1744 5408 1841 5465 hic
1889 5410 2016 5482 ipse
2048 5411 2240 5468 codex

657 5547 775 5618 (47)
802 5529 1000 5608 Ἐιίίεὶο
1031 5548 1204 5604 Basil.
1235 5548 1486 5621 perinde
1508 5555 1571 5608 ut
1602 5551 1786 5610 Paris.
1818 5556 1876 5604 τὸ
1905 5553 1990 5625 ἀφ’
2033 5554 2240 5611 ἑαυτοῦ.

2904 4492 3218 4541 ΕΡΩΤΗΣΙΣ
3259 4488 3385 4544 ΜΒ’.

2346 4581 2484 4648 Ποίῳ
2527 4584 2704 4646 σκοπῷ
2754 4580 2842 4627 καὶ
2891 4583 3016 4649 ποία
3059 4574 3296 4630 διαθέσει
3356 4580 3675 4654 ἐργάζεσθαι
3718 4574 3794 4630 δεῖ
3816 4577 3912 4631 τοὺς

2953 4665 3298 4741 ἐργαζομένου
3309 4689 3348 4729 ς.

2963 4762 3336 4812 ΛΙΙΟΚΡΙΣΙΣ.

2421 4849 2469 4900 1.
2513 4843 2702 4897 Ἐκεῖνο
2750 4849 2926 4917 μέντοι
2976 4841 3166 4896 εἰδέναι
3204 4850 3338 4920 χρὴ,
3383 4848 3466 4898 ὅτι
3504 4849 3530 4898 6
3590 4845 3912 4920 ἐργαζόμενος,

2348 5127 2537 5185 Editio
2566 5130 2704 5184 Ven.
2738 5131 2795 5184 et
2826 5130 2967 5198 Reg.
3004 5128 3210 5184 tertius
3230 5132 3288 5182 τὸ
3314 5129 3500 5201 ἑαυτῷ,
3531 5129 3738 5187 eadem
3764 5124 3917 5201 plane

2349 5201 2674 5278 sententia.
2708 5203 2828 5268 Reg
2861 5192 3096 5272 primus
3117 5206 3173 5256 et
3202 5192 3570 5278 CQi_b._036’irs.o
3599 5192 3917 5278 r6_s’_mirt6q'v

2349 5271 2514 5345 ἐαυτῷ
2547 5271 3075 5345 ἀιλύμρορρνςεθηευ
3101 5289 3224 5327 non
3253 5271 3551 5328 dissimilil
3589 5271 3805 5328 Ibidem
3833 5280 3918 5322 an-

2350 5343 2496 5414 tiqui
2523 5348 2638 5417 tres
2668 5342 2801 5397 libi‘i
2833 5349 3050 5414 praeter
3078 5346 3244 5398 Voss.
3273 5346 3698 5417 προσταχθέντα.

2421 5405 2533 5486 ἰ48)
2569 5416 2707 5483 Res-
2745 5405 2976 5486 priinus
3023 5418 3080 5470 et
3133 5405 3321 5472 V‘oss.‘
3343 5420 3402 5470 et
3443 5405 3609 5472 c611).
3670 5405 3919 5465 αὐθαδείας

2353 5484 2598 5556 αὔξηται,
2629 5501 2702 5544 ne
2733 5484 3036 5554 audeatur
3066 5488 3277 5544 vitium
3303 5487 3694 5557 arrogantia.
