4082 6178
177 248 195 301 1
207 247 316 302 029

1326 241 1634 300 REGULxE
1671 240 1918 303 FUSIUS
1958 235 2376 302 TRACTATE.

3397 258 3532 312 1030

173 369 572 442 ἁμαρτήμασιν,
614 367 745 421 ἀλλὰ
793 368 971 443 πράως
1018 367 1327 442 ἀνεχόμενον
1389 378 1487 422 τῶν
1545 368 1769 443 ἀφηνια-

1904 369 2286 439 ιιιίῑετθιιιθω,
2323 385 2447 426 non
2485 375 2942 443 prmtereuntem
2982 373 3218 432 silentio
3259 383 3533 448 peccata,

176 459 370 519 ζοντων
422 459 542 521 (6'2)
588 463 680 510 καὶ
731 459 819 518 τὰς
877 458 1100 533 ἰατρείας
1138 458 1317 521 αὐτοῖς
1376 458 1426 512 ἓν
1481 461 1627 532 πάσῃ
1693 460 1775 512 εὖ·

177 547 488 620 σπλαγχνίᾳ
550 551 641 600 καὶ
708 550 1006 622 συμμετρίᾳ
1057 549 1412 622 προσάγοντα.
1471 547 1664 600 Ἱκανὸν
1713 545 1773 602 δι

175 640 368 709 τρόπον
404 644 496 697 τῆς
547 637 814 709 θεραπείας
866 644 940 707 τῷ
990 637 1146 688 πάθει
1188 636 1375 689 οἰκεῖον
1424 633 1662 711 ἕξευρεῖν,
1713 637 1773 690 οὐ

174 727 308 798 μετά
354 721 638 786 αὐθαδείας
675 724 1014 798 ἐπιτιμῶντα,
1063 724 1171 777 ἀλλ’
1209 725 1259 778 ἓν
1297 730 1554 802 πραότητι
1597 728 1774 781 νουθε-

176 821 368 866 τοῦντα
411 819 501 866 καὶ
547 810 886 881 παιδεύοντα,
935 815 1105 875 καθὼς
1150 818 1464 890 γέγραπται,
1531 816 1775 890 νηφάλιον

177 901 228 954 ἕν
273 909 385 964 τοῖς
423 912 674 976 παροῦσι,
728 905 1072 978 προορατικόν
1117 911 1218 955 τῶν
1254 904 1558 978 μελλόντων,
1603 907 1775 957 ἱκανὸν

175 994 268 1064 μὶν
305 999 413 1053 τοῖς
442 993 692 1067 ἰσχυροῖς
723 992 1010 1059 συναθλείν,
1033 1002 1133 1044 τῶν
1161 989 1219 1046 δὲ
1249 990 1522 1047 ἀδυνάτων
1563 994 1774 1069 βαστά-

178 1083 285 1143 ζειν
353 1085 419 1134 τὰ
480 1079 832 1155 ἀσθενήματα,
894 1088 985 1135 καὶ
1032 1085 1204 1135 πάντα
1241 1091 1404 1136 ποιεῖν
1457 1091 1547 1138 καὶ
1613 1086 1776 1158 λέγειν

178 1167 466 1243 δυνάμενον
501 1174 635 1243 πρὸς
662 1175 1020 1246 καταρτισμὸν
1046 1179 1147 1224 τῶν
1189 1176 1464 1224 συνόντων·
1506 1176 1577 1244 μή
1613 1172 1776 1244 ἐαυτῷ

175 1257 508 1331 λαμϐάνοντα
576 1263 664 1311 τὸν
719 1265 1067 1334 προστασίαν,
1142 1259 1248 1313 ἀλλ’
1315 1259 1617 1336 ἕγκριθίντα
1679 1270 1778 1313 τῶν

179 1346 229 1399 ἕν
260 1355 379 1410 ταῖς
425 1352 538 1418 (63)
582 1348 764 1409 ἄλλαις
795 1346 1116 1422 ἀδελφότησι
1144 1354 1495 1424 προεχόντων,
1527 1355 1617 1402 καὶ
1659 1353 1779 1403 ἰκα-

178 1442 271 1496 vis
325 1446 509 1511 πεῖραν
555 1446 650 1490 τοῦ
681 1443 874 1512 τρόπου
920 1437 968 1490 ἕν
1007 1447 1080 1510 τῷ
1118 1439 1427 1514 παρελθόντι
1475 1438 1578 1512 βίῳ
1617 1436 1782 1492 δεδωο

180 1531 329 1581 κὸτα.
386 1531 486 1580 Καὶ
538 1523 683 1580 οὗτοι
731 1530 855 1602 γὰρ,
897 1533 1050 1600 φησὶ,
1119 1525 1592 1601 δομικαζίσθωσαν
1645 1536 1782 1603 πρῶ-

180 1635 287 1683 τον,
358 1612 468 1668 εἶτα
531 1612 960 1686 διακονείτωσαν,
1032 1615 1335 1690 ἀνέγκλητοι
1400 1621 1560 1678 ὄντες.
1629 1618 1783 1670 Οὕτω

1881 458 1988 514 sed
2015 458 2265 514 rebelles
2296 459 2648 516 tolerantem
2676 459 2908 533 leniter,
2940 463 3364 536 medelamque
3395 481 3534 522 cum

1882 548 2049 604 omni
2069 547 2573 622 clementiaatque
2587 550 2998 609 moderatione
3012 553 3098 609 eis
3118 553 3533 624 adhibentem.

1885 641 2029 693 Item
2075 637 2365 695 idoneum
2403 655 2554 704 esse,
2583 640 2689 712 qui
2735 640 2986 698 remedii
3017 642 3270 699 modum
3318 643 3536 701 morbo

1885 727 2344 785 convenientem
2375 730 2687 800 excogitet,
2713 747 2836 787 non
2865 737 3070 788 autem
3094 748 3310 807 aspere
3345 734 3537 791 incre-

1885 822 2150 889 pantem,
2194 816 2299 872 sed
2321 833 2459 873 cum
2485 819 2953 876 mansuetudine
2984 822 3536 879 commonefacien-

1886 911 2025 977 tem,
2047 911 2225 976 atque
2241 906 2634 975 erudientem,
2667 908 2752 964 uti
2770 910 3064 982 scriptum
3080 915 3170 967 est
3193 912 3260 978 ⁵⁸,
3281 912 3537 985 pervigi-

1885 994 2002 1051 lem
2015 995 2076 1051 in
2089 994 2580 1052 administrandis
2597 998 2774 1052 rebus
2789 998 3538 1071 praesentibus,providum

1884 1084 2244 1154 futurorum,
2285 1084 2540 1155 peritum
2580 1084 2926 1142 decertandi
2973 1103 3112 1143 cum
3150 1087 3426 1158 fortibus,
3482 1092 3541 1146 et

1885 1172 2174 1235 debilium
2202 1173 2580 1228 inﬁrmitates
2601 1175 2956 1246 perferendi,
2985 1175 3299 1250 talem,qui
3334 1179 3541 1235 omnia

1887 1267 1946 1319 et
1964 1264 2157 1320 lacere
2179 1267 2236 1319 et
2278 1262 2475 1319 dicere
2505 1265 2692 1335 possit
2723 1263 2799 1320 ad
2821 1281 3032 1321 eorum
3067 1267 3172 1340 qui
3197 1283 3403 1324 secum
3441 1268 3541 1325 de-

1891 1357 2057 1423 gunt,
2080 1351 2962 1424 perfectionem.Przefecturam
2993 1370 3116 1410 non
3147 1355 3260 1411 sibi
3292 1373 3540 1414 sumen-

1890 1444 2031 1508 tem,
2074 1440 2181 1496 sed
2235 1441 2339 1513 qui
2364 1440 2632 1497 delectus
2666 1443 2739 1497 sit
2765 1442 2842 1498 ab
2873 1442 2945 1499 iis
2966 1443 3072 1516 qui
3127 1443 3354 1516 primas
3395 1443 3542 1502 obti-

1891 1532 2037 1586 nent
2085 1528 2148 1584 in
2175 1528 2306 1584 aliis
2344 1529 2602 1586 fratrum
2629 1531 3053 1599 conventibus,
3094 1539 3152 1588 et
3177 1533 3282 1605 qui
3323 1533 3383 1589 in
3429 1533 3547 1591 vita

1893 1623 2029 1676 ante
2051 1624 2184 1675 acta
2207 1635 2445 1674 morum
2477 1636 2727 1676 suorum
2753 1621 3062 1694 specimen
3087 1622 3399 1680 sufﬁciens
3427 1623 3549 1680 edi-

180 1710 271 1758 καὶ
325 1706 354 1757 ὁ
409 1713 641 1766 τοιοῦτος
706 1705 1060 1781 ἕπιτρεπίσθω
1115 1712 1211 1766 τὴν
1273 1711 1624 1780 προστασίαν,
1691 1712 1783 1760 καὶ

1904 1709 2062 1766 ierit.
2099 1709 2171 1764 Et
2193 1708 2259 1764 hi
2280 1709 2458 1777 enim,
2483 1709 2699 1782 inquit,
2722 1711 3353 1782 probenturprimum,
3384 1713 3548 1770 dein-

180 1799 276 1852 τήν
330 1794 570 1858 εὐταξίαν
609 1796 824 1871 ὀριζίτω
875 1804 938 1868 τῇ
984 1792 1319 1868 ἀδελφότητι,
1379 1801 1474 1855 τήν
1525 1793 1781 1869 διανομὴν

179 1892 278 1937 τῶν
342 1886 525 1958 ἔργων,
579 1884 698 1939 καθ’
755 1885 782 1937 ὃ
838 1886 1053 1947 ἕκαστος
1105 1886 1221 1959 (64)
1273 1883 1579 1948 ἐπιτηδείως
1645 1888 1779 1958 ἔχει,

182 1992 246 2026 πο
253 1992 507 2045 ιουμενος.

757 2181 1070 2230 ΕΡΩΤΗΣῙΣ
1113 2175 1216 2230 ΜΚ

182 2286 342 2336 Τίσιν
403 2280 691 2358 ίπιτρίπειν
764 2287 874 2359 χρὴ
943 2285 1038 2345 τὰς
1113 2278 1439 2356 ἀποδημιας·

545 2371 848 2433 ἕπανιόντας
879 2371 1066 2435 αὐτοὺς
1099 2370 1411 2450 ἀνακρίνειν.

796 2494 1170 2544 ΔΙΙΟΚΡῙΣῘΣ.

261 2601 316 2652 1.
372 2601 481 2655 Την
527 2599 618 2668 μεν
675 2591 980 2669 ἀποδημίαν
1033 2597 1348 2673 ἑπιτρεπίτω
1407 2605 1478 2668 τῷ
1518 2592 1787 2669 δυναμένῳ

186 2685 429 2748 ἀϐλαϐῶς
485 2682 548 2758 τῇ
600 2684 784 2737 ἑαυτοῦ
828 2685 983 2759 ψυχῇ
1044 2691 1134 2738 καὶ
1189 2685 1458 2758 ὠφελίμως
1508 2693 1618 2749 τοῖς
1670 2705 1789 2738 συν-

182 2777 551 2848 τυγχάνουσιν
593 2774 757 2833 αὐτὴν
799 2779 917 2845 {65)
963 2774 1197 2829 ἕκτελιῖν.
1248 2775 1332 2838 Ὠς
1387 2775 1472 2828 ἐὰν
1523 2781 1594 2849 μὴ
1645 2785 1784 2851 παρῇ

183 2867 213 2917 ὁ
255 2861 580 2930 ἐπιτήδειος,
634 2862 836 2936 βέλτιον
893 2865 942 2917 ίν
999 2861 1172 2938 ἐνδείᾳ
1206 2873 1306 2917 τῶν
1352 2863 1646 2937 ἀναγκαίων
1692 2872 1791 2918 πᾶς

187 2973 286 3007 σαν
358 2953 534 3025 θλίψιν
598 2958 689 3005 καὶ
759 2958 1112 3028 στενοχωρίαν
1177 2957 1344 3027 μέχρι
1407 2959 1498 3006 καὶ
1566 2956 1790 3008 Θανάτου

1526 2285 1614 2335 καὶ
1678 2288 1785 2344 πῶς

1889 1800 1964 1856 de
1990 1799 2350 1866 ministrent,
2385 1800 2623 1855 nultum
2647 1804 2873 1856 crimen
2907 1801 3194 1858 habentes
3211 1804 3280 1853 δ’.
3328 1801 3422 1859 Sic
3440 1801 3548 1876 qui

1890 1887 2190 1962 ejusmodi
2219 1893 2324 1959 est,
2359 1888 2617 1960 accipiat
2659 1889 3102 1961 praefecturam,
3152 1891 3548 1965 instituatquo

1891 1980 2044 2037 inter
2061 1979 2272 2035 fratres
2297 1978 2701 2050 disciplinam,
2733 1984 2791 2035 et
2810 1985 3206 2053 opera,prout
3223 1981 3551 2054 unusquis-

1891 2085 2012 2143 que
2041 2067 2298 2124 idoneus
2322 2070 2432 2134 est,
2473 2066 2883 2140 dispertiatur.

2354 2175 2869 2231 INTERROGATIO
2905 2175 3085 2241 XLIV,

1896 2283 2110 2352 Quibus
2138 2280 2550 2352 permittenda:
2574 2281 2695 2338 sint
2728 2282 3264 2352 peregrinationes,
3306 2287 3362 2338 et
3398 2297 3547 2353 quo-

2067 2371 2267 2441 modo,
2299 2371 2404 2427 ubi
2422 2371 2732 2439 redierint,
2756 2371 2875 2427 sint
2899 2371 3344 2442 interrogandi.

2518 2487 2932 2544 RESPONSIO.

1969 2599 2017 2651 l.
2044 2592 2470 2664 Peregrinandi
2499 2593 2675 2649 detur
2705 2592 2961 2650 facultas
2991 2592 3073 2660 ei,
3110 2591 3222 2666 qui
3238 2592 3386 2649 citra
3421 2591 3553 2648 ani-

1897 2701 2012 2741 mm
2031 2701 2154 2740 suae
2179 2682 2629 2755 detrimentum,
2665 2688 2883 2740 etcum
2907 2682 3153 2740 utilitate
3174 2698 3407 2749 eorum,
3425 2680 3558 2754 qui-

1897 2773 2153 2830 buscum
2203 2771 2496 2843 graditur,
2538 2771 2650 2828 iter
2698 2772 2988 2844 perﬁcere
3046 2771 3260 2844 possit.
3301 2774 3452 2828 Nam
3504 2769 3557 2825 si

1896 2878 2079 2918 nemo
2100 2860 2350 2916 ideneus
2375 2860 2632 2928 affuerit,
2657 2865 2903 2932 praestat
2930 2859 2993 2917 in
3023 2876 3228 2917 rerum
3273 2875 3556 2917 necessa-

1894 2951 2123 3007 riarum
2151 2949 2409 3022 penuria
2455 2948 2845 3006 afﬂictionem
2868 2965 3117 3005 omnem
3155 2957 3336 3022 atque
3377 2949 3550 3020 391

185 3044 503 3114 ὑπενεγκεῖν,
572 3043 602 3101 ἡ
661 3043 992 3116 παραμυθίας
1053 3043 1214 3095 ἕνεκεν
1284 3051 1590 3115 σωματικῆς
1651 3041 1786 3116 βλά-

1904 3039 2242 3109 augustiam
2256 3037 2349 3094 vel
2371 3037 2450 3093 ad
2471 3041 2729 3094 mortem
2751 3052 2945 3109 usque
2969 3037 3414 3109 perpeti,quam
3438 3051 3564 3090 cor-

185 3131 284 3190 εἷην
324 3131 510 3204 ψυχῆς
561 3130 973 3205 ὁμολογουμένην
1012 3137 1272 3206 περιορᾷν.
1329 3131 1494 3184 Καλόν
1532 3134 1634 3208 γάρ
1675 3152 1786 3204 μοι,

186 3226 352 3294 ρησὶν
412 3223 438 3272 ὁ
489 3219 828 3290 Ἀπόστολος,
872 3220 1062 3294 μᾶλλον
1116 3219 1409 3286 ἀποθανεῖν,
1467 3223 1497 3280 ἦ
1555 3225 1615 3274 τὸ
1653 3223 1789 3274 καύ-

185 3311 350 3384 χημοὶ
395 3329 499 3383 μου
554 3311 636 3362 ἱνα
683 3329 762 3372 τις
801 3315 1023 3384 κενωοή⁸
1085 3315 1175 3362 καὶ
1228 3317 1384 3362 τοῦτο
1439 3309 1489 3362 ἓν
1540 3318 1650 3372 τοῖς
1711 3309 1791 3362 ἐπ’

189 3399 455 3462 ἐξουσίας·
509 3403 658 3471 πόσῳ
716 3395 803 3451 οὖν
853 3399 1044 3472 μᾶλλον
1101 3398 1149 3451 ἓν
1201 3405 1311 3460 τοῖς
1362 3399 1477 3451 κατ’
1531 3398 1732 3458 ἐντολήν
1775 3415 1789 3468 ;

195 3495 441 3562 Καίτοιγε
487 3485 613 3542 οὐδὲ
665 3495 820 3541 τοῦτο
881 3487 1290 3563 ἀπαραμύθητον
1341 3489 1368 3541 ὀ
1429 3497 1526 3551 τῆς
1588 3486 1794 3561 ἀγάπης

190 3581 345 3650 νόμος
401 3574 641 3648 ἀφίησιν.
697 3575 814 3629 Ἐὰν
853 3578 951 3651 γὰρ
1021 3574 1196 3648 συμϐῇ
1257 3580 1328 3648 μὴ
1393 3582 1633 3651 παρεῖναι
1696 3581 1796 3648 μιᾷ

192 3663 517 3740 αδιλσρὸτητι
561 3669 649 3718 τὸν
696 3661 1008 3725 ’ἐπιτηδείως
1061 3663 1516 3738 ἁποστελλόμενον,
1566 3667 1616 3717 οἱ
1674 3667 1795 3717 συν-

193 3776 352 3829 εοῃυς
404 3759 464 3808 τό
527 3754 700 3807 λεῖπον
762 3752 1202 3829 ἁναπληρὼσουσι
1267 3758 1393 3822 (66),
1473 3755 1646 3814 κοινὰς
1702 3757 1797 3816 τὰς

193 3842 500 3918 ἀποδημίας
555 3848 645 3897 καὶ
693 3841 1026 3919 ἁχῶρίστους
1085 3841 1312 3902 ἀλλήλων
1367 3845 1685 3916 ποιούμενοι,
1732 3846 1796 3904 ὡς

191 3938 313 3998 τους
358 3954 415 3990 τε
463 3937 599 3986 κατά
644 3933 830 4006 ψυχὴν
881 3931 1134 4002 ἀσθενεῖς,
1174 3934 1202 3992 ἦ
1251 3937 1343 4012 κμὶ
1381 3935 1518 3985 κατὰ
1545 3935 1600 3985 τὸ
1645 3941 1800 4005 σῶμα

193 4027 424 4098 σαθροὺς
476 4021 526 4074 ίν
579 4029 641 4095 τῇ
702 4025 915 4095 τοιαύτη
979 4025 1222 4094 κοινωνία
1258 4029 1369 4084 τοῖς
1431 4021 1798 4097 ἰσχυροτέροις

194 4110 687 4175 οννδιασὼζεσθαι,
735 4110 996 4186 πνῇὁρωθεν
1049 4116 1141 4164 καὶ
1186 4118 1338 4164 τοῦτο
1393 4119 1484 4164 τοῦ
1521 4129 1800 4164 πεπιστευ-

193 4208 349 4276 μένου
420 4202 896 4277 προκαθιστῶντος,
955 4202 1020 4261 ὡς
1071 4204 1143 4273 μὴ
1203 4200 1328 4273 παρ’
1380 4201 1515 4253 αὐτὰ
1568 4198 1652 4253 ἐπὶ
1703 4208 1799 4263 τῆς

192 4298 385 4365 χρείας
432 4292 625 4365 ἄπορον
684 4287 738 4341 ἐκ
775 4297 867 4341 τοῦ
907 4295 1092 4364 καιροῦ
1152 4296 1244 4349 τῆς
1294 4292 1649 4364 στενοχωρίας
1703 4293 1798 4348 τὴν

193 4381 542 4458 παραμυθίαν
572 4380 928 4453 εὑρίσκεσθαι.
975 4380 1121 4431 Μετὰ
1158 4373 1218 4431 δὲ
1247 4382 1341 4437 τὴν
1373 4374 1625 4431 ἐπάνοδον
1670 4376 1798 4431 ἁνα-

192 4478 416 4548 κρινέτω
469 4475 556 4523 τόν
615 4466 908 4542 ἁπόδημον,
978 4473 1105 4530 τίνες
1163 4469 1216 4520 αἱ
1263 4469 1497 4542 πράξεις,
1553 4476 1798 4521 ποταπῶν

193 4560 404 4638 ἀνδρῶν
448 4562 506 4615 αἱ
549 4563 836 4632 συντυχίαι
882 4557 1024 4630 αὖτῷ
1065 4562 1360 4631 γεγόνασινο
1398 4559 1448 4611 οἱ
1478 4557 1625 4630 λόγοι
1651 4562 1798 4629 τίνες,

271 4673 313 4707 ⁸⁸
340 4670 388 4727 ιι
411 4669 558 4726 Tim.
580 4683 638 4740 ιι,
662 4673 750 4724 23.
829 4667 877 4703 “
901 4667 920 4722 Ι
945 4665 1080 4722 Tim
1104 4682 1185 4733 ιιι,
1216 4669 1304 4723 ιο.
1381 4666 1429 4702 ³³
1449 4665 1579 4723 Cor.
1605 4681 1687 4736 ix,
1713 4671 1801 4725 l5.

269 4780 390 4847 (6'2)
410 4775 711 4856 Editiones
737 4777 1043 4856 vetereset
1063 4775 1202 4856 lteg.
1227 4772 1435 4856 tertius
1462 4781 1562 4856 ἰῶν
1584 4793 1802 4856 agnata-

197 4845 418 4915 ζοντων,
459 4848 707 4904 rebelles
746 4846 1051 4918 patienter
1072 4847 1441 4902 tolerentem.
1470 4845 1636 4916 Regii
1669 4845 1798 4918 pri-

197 4939 340 4980 mus
372 4925 433 4976 et
458 4920 664 4976 tertius
692 4933 832 4973 cum
864 4916 1030 4973 Colb.
1053 4925 1154 4968 τῶν
1178 4920 1557 4984 νηπιαζόντων,
1581 4916 1802 4987 pueros

193 4995 505 5065 patienter
551 4991 908 5065 tolerantem
958 5004 981 5045 .·
1037 5003 1227 5061 quam
1281 4987 1666 5065 scripturam_
1689 5003 1802 5060 pro

195 5058 344 5122 'vera
373 5062 559 5120 habet
578 5059 986 5131 Combeﬁsius,
1006 5075 1019 5114 :
1042 5058 1242 5131 neque
1268 5073 1381 5131 ego
1403 5058 1798 5131 contendam,

199 5139 249 5193 si
281 5135 469 5192 futuri
495 5136 610 5190 sint
639 5133 744 5205 qui
769 5130 853 5188 ita
882 5130 1080 5205 velint.
1117 5129 1232 5186 Sed
1261 5129 1557 5187 rationem
1581 5145 1692 5205 cur
1719 5130 1805 5205 ita

197 5205 539 5278 legendum
561 5201 750 5278 putet,
779 5201 1040 5278 probare
1070 5215 1194 5258 non
1221 5216 1495 5278 possum.
1528 5201 1804 5278 Aitenim

199 5271 459 5336 rebelles
506 5271 678 5344 dure,
730 5271 855 5330 non
899 5272 1112 5329 leniter
1152 5271 1517 5343 tractandos,
1569 5288 1712 5328 cum
1749 5277 1807 5330 et

203 5352 373 5424 ipsos
402 5363 652 5424 quoque
683 5345 733 5424 si
769 5359 893 5424 non
930 5359 1198 5424 semper,
1239 5347 1311 5424 _at
1357 5357 1807 5424 nunnunquam

200 5413 444 5479 tamen"
464 5413 680 5476 leniter
705 5415 945 5473 tractari
972 5413 1191 5472 debere
1218 5414 1433 5471 doceat
1461 5413 1806 5486 Apostolus,
1870 5416 1879 5423 '

206 5497 252 5550 ll
296 5494 449 5550 Tim.
484 5507 542 5560 ιι,
580 5495 674 5546 25.

281 5565 388 5638 (63)
424 5555 577 5621 Εὰἱιί
605 5565 701 5623 τὴν
747 5563 1077 5637 προστασίαν
1123 5567 1224 5613 τῶν
1271 5557 1320 5611 ἐν
1359 5563 1495 5624 ταῖς,
1534 5558 1674 5626 etc.,
1704 5555 1809 5613 ubi

1897 3126 2120 3201 poralis
2148 3125 2478 3182 levamenti
2499 3141 2685 3181 causa
2706 3126 3112 3181 certissimum
3141 3124 3358 3179 animae
3387 3121 3564 3178 detri-

1896 3221 2170 3273 mentum
2193 3213 2519 3284 negligere.
2561 3214 2800 3270 Bonum
2829 3219 2913 3270 est
2957 3213 3113 3268 enim
3150 3211 3326 3279 mihi,
3367 3210 3564 3282 inquit

1897 3304 2244 3378 Apostolus,
2297 3303 2491 3374 magis
2538 3303 2714 3372 mori,
2741 3317 2921 3375 quam
2951 3307 3020 3357 ut
3057 3301 3319 3372 gloriam
3365 3313 3559 3356 meam

1899 3395 2032 3467 quis
2079 3393 2414 3450 evacuet“:
2473 3396 2529 3449 et
2577 3391 2695 3448 hoe
2751 3391 2813 3447 in
2847 3390 2938 3456 iis,
2989 3405 3129 3463 quae
3181 3389 3442 3446 liberum
3473 3391 3564 3444 est

1902 3479 2633 3555 omittere,quantoigitur
2660 3479 2856 3551 magis
2882 3481 2944 3536 in
2969 3479 3227 3552 his,quae
3259 3481 3568 3552 prmeepta

1902 3572 2438 3643 sunt?Quanquam
2475 3570 2657 3626 etiam
2697 3569 2839 3625 huic
2868 3568 2982 3642 ipsi
3019 3567 3412 3625 incommodo
3440 3581 3570 3622 me-

1901 3662 2078 3718 detur
2119 3660 2215 3716 lex
2261 3658 2589 3716 charitatis.
2621 3657 2678 3715 Si
2708 3657 2870 3714 enim
2903 3657 3239 3727 contigerit,
3263 3662 3328 3712 ut
3351 3656 3410 3712 in
3444 3671 3569 3712 uno

1901 3750 2154 3806 fratrum
2184 3752 2485 3806 conventu
2504 3747 2679 3816 desit,
2710 3747 2816 3819 qui
2838 3745 3158 3802 commode
3181 3745 3330 3801 mitti
3359 3746 3570 3817 possit,

1903 3839 1943 3896 ii
1971 3840 2074 3912 qui
2105 3838 2432 3912 propinqui
2461 3843 2626 3906 sunt,
2650 3835 3023 3910 supplebunt
3044 3835 3214 3908 quod
3242 3834 3572 3896 deerit,iter

1905 3927 2193 3984 facientes
2225 3926 2425 4004 simul,
2458 3942 2570 3982 nec
2591 3941 2866 3998 unquam
2895 3941 2930 3980 a
2961 3941 3023 3980 se
3048 3924 3309 3981 invicem
3339 3923 3573 3994 disjun-

1905 4022 2142 4088 gentur,
2169 4020 2235 4072 ut
2263 4021 2388 4072 tam
2417 4014 2525 4088 qui
2554 4014 2779 4070 inﬁrmi
2802 4018 2941 4070 sunt
2969 4013 3198 4080 anima,
3232 4027 3424 4084 quam
3465 4007 3576 4084 qui

1906 4122 2160 4180 corpore
2189 4105 2372 4163 etiam
2401 4104 2635 4161 debiles
2668 4108 2832 4173 sunt,
2859 4102 2898 4160 ii
2919 4103 3006 4159 sic
3037 4118 3177 4159 cum
3218 4100 3570 4158 fortioribus

1906 4193 2238 4266 conjuncti,
2264 4193 2602 4250 incolumes
2634 4197 2970 4250 serventur.
3004 4196 3198 4264 Atque
3239 4190 3356 4247 hoc
3385 4190 3568 4260 longe

1909 4289 2088 4342 antea
2124 4298 2161 4340 a
2202 4283 2527 4357 prmposito
2565 4281 2956 4339 constitutum
3010 4279 3104 4347 sit,
3150 4295 3227 4336 ne
3268 4283 3482 4353 postea
3511 4278 3574 4335 in

1909 4373 2044 4448 ipso
2075 4371 2450 4429 necessitatis
2471 4369 2725 4427 articulo
2763 4368 3105 4426 remedium
3137 4367 3357 4438 ullum,
3405 4365 3576 4440 quod

1907 4478 2018 4537 per
2071 4461 2362 4536 temporis
2419 4459 2730 4534 angustias
2796 4457 3086 4516 adhibere
3155 4457 3350 4526 liceat,
3427 4473 3578 4515 nan-

1909 4551 2196 4609 ciscatur.
2263 4553 2555 4609 Craterum
2611 4547 2930 4623 praifectus
2969 4551 3107 4623 post
3159 4547 3420 4609 reditum
3450 4546 3579 4604 via-

1911 4767 2321 4842 supplendum
2349 4765 2528 4842 quod
2541 4783 2614 4825 ex
2640 4765 3237 4842 veteribus‘quatuqr
3264 4759 3576 4842 libris_ad-

1910 4833 2198 4913 didimus.
2235 4844 2319 4896 lta
2365 4833 2480 4896 hoc
2513 4838 2648 4913 loco
2688 4838 2907 4913 legitur
2940 4833 3010 4913 in
3036 4853 3145 4894 ora
3175 4837 3339 4913 Regii
3370 4833 3570 4913 primi,

1909 4915 2041 4974 τίνες
2085 4911 2334 4986 ξγκρίνειν
2373 4914 2458 4963 τὸν
2503 4903 2788 4983 ἡγούμενον
2829 4909 3141 4982 ὀφείλουσιν,
3177 4903 3429 4978 quinam
3469 4903 3575 4958 eti-

1910 4997 2050 5053 gere
2068 4983 2322 5041 debeant
2346 4987 2746 5053 propositum.

1983 5055 2098 5118 (64)
2133 5057 2296 5110 Unus
2320 5069 2433 5126 ms.
2463 5051 2920 5126 καθὼςλέκαστρς-
2966 5122 2976 5126 _
3165 5116 3181 5126 _
3253 5123 3261 5126 _
3297 5117 3308 5126 _
3383 5117 3427 5126 _,
3537 5114 3571 5126 ..

1995 5116 2110 5195 (65)
2139 5127 2263 5182 Vox
2284 5124 2444 5182 αὐτὴν
2465 5123 2636 5195 deest
2659 5123 2734 5195 in_
2752 5122 3012 5195 vulgatis
3036 5135 3050 5174 :
3078 5116 3187 5195 sed
3211 5123 3269 5174 et
3294 5117 3354 5195 in
3383 5116 3576 5195 Vossii

1912 5189 2120 5258 codice
2139 5201 2198 5254 et
2216 5197 2278 5252 in
2303 5194 2436 5252 aliis
2455 5193 2698 5250 duobus
2721 5189 2956 5261 legitur.
2981 5195 3098 5248 Nec
3118 5190 3198 5261 ita
3225 5189 3417 5245 multo
3438 5192 3578 5260 post

1912 5272 2036 5328 duo
2063 5284 2207 5325 mss.
2240 5271 2404 5340 μέχρι
2435 5267 2659 5340 θανάτρυ
2689 5260 3268 5340 υπομίνιιν..ῑζβιτὺιιω
3301 5261 3576 5332 ὑπομένειν

1913 5326 2216 5399 invenitur
2237 5326 2482 5411 quoque
2507 5336 2568 5411 in
2600 5326 2802 5411 V'ossii'
2819 5331 3206 5411 veteriAlibro.

1985 5413 2098 5480 (66)
2123 5401 2279 5479 Reg:
2291 5401 2522 5480 primus
2548 5405 2719 5480 λεῖπον
2752 5401 3218 5480 ἀποπληρῴοήονσι.
3248 5401 3581 5480 Aliquanto

1915 5470 2054 5567 ροέι
2073 5470 2242 5567 galeri
2282 5470 2397 5535 ins.
2452 5477 2812 5567 ἰσχυροτέρως
2865 5470 3254 5566 stuberram.
3299 5470 3434 5533 M61
3483 5474 3582 5532 hic

1915 5548 1936 5613 ί
1944 5568 2051 5630 pse
2073 5550 2228 5610 liber
2249 5550 2659 5624 πεπιστευμένον
2678 5548 2966 5604 natura».
