4082 6178
193 233 350 289 1045

1366 233 1674 292 REGULE
1714 229 1956 297 FUSIUS
1989 235 2401 294 macrum.

3423 243 3563 302 1M6

195 359 424 430 ἀσμεθα
452 379 525 420 εις
550 362 890 433 παραμυθίαν
930 369 1030 413 τῶν
1060 361 1113 414 ὲκ
1150 370 1247 422 τῆς
1276 365 1509 437 κατάρας
1543 363 1805 437 λυπηρῶν,

1946 376 2107 430 onga
2134 363 2498 434 experientia
2519 361 2830 434 multoque
2851 364 3166 437 insumpto
3183 365 3392 423 labere
3413 368 3473 423 in
3497 382 3571 424 ex

192 454 302 504 τήν
345 451 556 500 σύνεσιν
587 452 711 522 ἡμῖν
758 455 847 502 καὶ
898 450 1194 521 κατάληψιν
1236 459 1332 511 τῆς
1379 456 1572 524 τέχνης
1613 455 1810 511 ταὺτης

193 544 300 588 τοῦ
335 545 471 589 Θεοῦ
501 543 894 612 χαρισαμένου·
928 540 1062 592 οὕτω
1091 545 1182 592 καὶ
1220 537 1398 599 ίπειδῆ
1442 539 1809 612 ὲκελεύσθημεν

198 625 282 685 εἰς
311 630 410 684 τὴν
437 631 538 697 γῆν
567 628 720 680 πάλιν
751 627 1170 702 ἀποστραφῆναι,
1197 627 1279 701 ἀφ’
1304 627 1366 691 ἧς
1387 628 1694 702 ἐλήφθημεν,
1717 633 1809 681 καὶ

199 711 454 788 όδυνηρᾷ
493 721 652 789 σαρκὶ
701 717 1121 791 συνεξέτᾶχθημεν
1161 718 1231 780 εἰς
1281 720 1473 792 φθορὰν
1529 715 1812 771 καταδεδι-

197 808 448 875 κασμένη
478 800 572 856 δ’ιά
595 809 690 862 την
719 805 997 880 ἁμαρτίαν,
1022 811 1112 857 καὶ
1144 802 1179 857 δ
1184 804 1238 857 ιὰ
1273 813 1426 858 τοῦτο
1445 814 1554 868 τοῖς
1596 809 1813 858 πάθεσι-

200 893 841 967 τοὺτοις“ὑποϐληθείση,
877 897 1186 968 παρεσχέθη
1237 898 1360 967 ἡμῖν
1403 901 1493 948 καὶ
1541 899 1570 954 ἡ
1625 894 1678 947 ἐκ
1716 904 1812 956 τῆς

205 981 460 1054 ἰατρικῆς
507 987 875 1056 προσαγομένη
926 991 1036 1046 τοῖς
1077 1003 1355 1057 καμνονσι,
1388 988 1525 1037 κατὰ
1563 989 1620 1037 τό
1650 989 1813 1038 ποσόν

200 1079 362 1144 γοῦν,
395 1070 687 1146 ἐπικουρία.

279 1250 337 1302 2.
382 1251 517 1300 Οὔτε
557 1251 657 1323 γὰρ
705 1249 1012 1322 αὐτομάτως
1061 1249 1118 1302 ἐκ
1164 1259 1262 1313 τῆς
1288 1259 1382 1322 γῆς
1408 1249 1736 1308 ἐϐλάστησαν
1762 1247 1817 1298 αἱ

209 1333 463 1408 βοτάναι,
503 1339 558 1387 αἰ
600 1341 730 1410 πρὸς
776 1339 992 1391 ἕκαστον
1038 1347 1140 1391 τῶν
1191 1342 1370 1392 παθῶν
1421 1339 1619 1401 οἰκείως
1665 1341 1818 1409 ἔχου-

209 1441 345 1476 σαι·
394 1422 543 1491 ἀλλὰ,
591 1422 856 1490 δηλονότι,
907 1435 980 1478 τῶ
1012 1424 1310 1499 βουλήματι
1348 1435 1440 1479 τοὺ
1488 1424 1818 1500 δημιουργοῦ

209 1517 341 1587 πρὸς
390 1517 478 1564 τόν
529 1523 625 1576 τῆς
679 1518 925 1590 ἡμετέρας
977 1516 1219 1588 ὠφελείας
1276 1521 1472 1568 σκοπόν
1526 1513 1818 1587 ἐξηνέχθη-

213 1621 335 1655 σαν.
365 1601 424 1654 Ἠ
606 1599 696 1655 οὑν
744 1603 791 1655 ἐν
833 1611 950 1664 ταῖς
995 1605 1188 1678 ῥίζαις,
1237 1611 1328 1657 καὶ
1365 1613 1474 1665 τοῖς
1515 1607 1743 1670 ἄνθεσιν,
1784 1602 1815 1660 ἡ

1916 450 2174 506 colenda
2200 456 2377 519 terra,
2407 451 2484 505 ad
2527 451 2808 506 lenienda
2853 453 2988 522 ejus
3024 456 3457 513 exsecrationis
3483 457 3574 512 in-

1916 539 2244 594 commoda
2274 547 2462 594 artem
2493 540 2872 608 agriculturae
2894 541 3224 615 eﬂ‘ecimus,
3251 547 3372 601 Deo
3394 545 3576 601 nobis

1917 629 2047 698 ejus
2072 629 2213 683 artis
2239 627 2687 696 intelligentiam
2711 633 2894 700 atque
2915 632 3322 700 cognitionem
3348 637 3578 707 imper-

1914 719 2095 773 tiente
2126 733 2139 770 :
2174 717 2260 772 sic
2291 732 2536 789 quoque
2567 717 2670 773 ubi
2700 717 2762 774 in
2801 725 3042 786 terram,
3075 721 3238 776 unde
3267 722 3582 779 fueramus

1918 807 2237 878 assumpti,
2271 806 2474 861 denuo
2505 808 2718 863 reverti
2743 809 2897 877 jussi
2931 825 3167 877 sumus,
3199 815 3257 866 et
3281 811 3362 866 ad
3391 813 3578 870 mole-

1920 901 2076 949 stam
2108 910 2352 949 carnem
2384 896 2559 950 morti
2589 895 2670 950 ob
2699 903 3017 967 peccatum
3037 898 3366 965 addictam,
3391 901 3470 956 ob
3489 901 3581 958 id-

1919 998 2039 1054 que
2069 983 2163 1037 his
2198 984 2426 1038 morbis
2457 983 2815 1054 subjectam,
2834 985 3024 1056 juncti
3054 987 3580 1055 sumus,oblatum

1921 1076 2014 1128 est
2043 1071 2221 1126 nobis
2269 1071 2586 1127 medicinae
2625 1074 2805 1128 etiam
2857 1074 3170 1142 auxilium,
3213 1091 3335 1147 quo
3365 1076 3580 1133 saltem

1922 1159 2370 1232 aliquantulum
2404 1165 2768 1232 egrOtantes
2796 1161 3161 1219 levarentur.

1993 1254 2048 1304 2.
2081 1252 2284 1321 Neque
2314 1249 2477 1304 enim
2509 1249 2752 1306 fortuito
2783 1265 2857 1305 ex
2885 1256 3044 1307 terra
3075 1253 3254 1324 398
3285 1255 3584 1323 germina-

1923 1342 2137 1392 verunt
2166 1337 2393 1404 herbae,
2425 1352 2563 1409 quia
2611 1337 2693 1393 ad
2748 1338 3024 1408 singulos
3063 1340 3312 1396 morbos
3341 1355 3584 1397 accom-

1924 1426 2190 1482 modatae
2222 1432 2362 1482 sunt
2394 1442 2407 1480 :
2442 1427 2566 1482 imo
2609 1432 2768 1483 certe
2793 1427 3101 1498 productae
3146 1433 3288 1486 sunt
3328 1445 3402 1484 ex
3441 1445 3589 1486 con-

1925 1514 2138 1570 ditoris
2167 1514 2494 1581 voluntate,
2529 1515 2869 1572 commodis
2910 1516 3136 1572 nostris
3179 1517 3580 1574 inserviturae.

1931 1603 2337 1669 Quamobrem
2371 1619 2442 1659 ea
2463 1605 2708 1676 quidem
2734 1605 3030 1660 naturalis
3059 1605 3171 1675 vis,
3200 1620 3339 1678 quae
3358 1605 3420 1662 in
3440 1605 3596 1662 radi-

213 1690 444 1764 φύλλοις,
501 1693 532 1750 ἣ
582 1699 822 1767 καρποῖς,
884 1694 913 1750 ἡ
967 1692 1112 1755 ὁποῖς
1153 1697 1328 1765 φύσις,
1364 1695 1392 1752 ἠ
1443 1695 1546 1746 ὅσα
1585 1691 1686 1746 ἀπὸ
1736 1709 1824 1764 μεο

1940 1693 2103 1748 cibus
2124 1693 2294 1755 inest,
2325 1698 2382 1748 et
2407 1693 2467 1748 in
2490 1693 2764 1761 ﬂoribus,
2786 1698 2892 1750 aut
2927 1693 3110 1760 foliis,
3143 1699 3250 1750 aut
3273 1695 3593 1763 fructibus,

212 1779 438 1845 τάλλων,
479 1781 510 1838 ἣ
563 1783 664 1832 ὃσα
711 1780 766 1832 ἐκ
810 1789 906 1843 τῆς
954 1780 1224 1844 θαλάσσης
1272 1786 1386 1854 (18)
1431 1787 1556 1855 πρὸς
1594 1786 1687 1840 τὴν
1727 1787 1825 1840 τῆς

217 1874 420 1942 σαρκὸς
487 1869 729 1941 ὠφέλειαν
794 1869 992 1931 οἰκείοις
1059 1873 1199 1942 ἔχειν
1269 1871 1540 1944 ἐξεύρηται
1574 1911 1588 1938 ,
1670 1870 1826 1942 ὅμοιά

217 1957 334 2010 ἐστι
393 1967 490 2018 τῆς
547 1967 646 2010 τῶν
695 1957 1000 2030 ἐσθιομένων
1067 1965 1156 2012 καὶ
1210 1965 1490 2032 πινομένων
1539 1962 1823 2032 εὑρέσεως·

218 2050 277 2097 τό
334 2043 396 2099 δε
450 2051 867 2120 περινενοημένον
907 2053 997 2100 καὶ
1042 2054 1313 2122 περίεργον
1345 2090 1358 2115 ,
1419 2055 1510 2100 καὶ
1570 2047 1827 2120 ἀσχολίαν

216 2135 414 2192 πολλὴν
466 2134 735 2207 ἐμποιοῦν,
793 2141 882 2188 καὶ
931 2138 1083 2189 οἱονεὶ
1121 2143 1298 2189 πᾶσαν
1352 2139 1498 2210 ἡμῶν
1544 2142 1639 2195 τὴν
1689 2137 1828 2197 ζωὴν

219 2225 296 2286 εἰς
353 2228 448 2282 τήν
498 2233 595 2286 τῆς
655 2229 845 2298 σαρκός
883 2225 1170 2298 ἐπιμέλειαν
1223 2231 1586 2300 περιστρέφον,
1642 2247 1832 2302 παραι-

216 2319 396 2371 τητέον
455 2320 832 2386 Χριστιανοῖςυ
889 2320 980 2366 καὶ
1029 2311 1392 2368 σπουδαστέον
1450 2317 1586 2368 οὑτω
1624 2327 1830 2389 κεχρῆ-

219 2405 352 2455 σθαι
381 2410 445 2474 τῇ
498 2405 685 2475 τέχνῃ,
719 2406 887 2456 εἴποτε
909 2399 1039 2470 δέοι,
1073 2407 1141 2466 ὡς
1181 2409 1252 2477 μὴ
1286 2403 1334 2457 ἐν
1361 2405 1492 2477 αὐτῇ
1533 2410 1627 2464 τὴν
1657 2412 1831 2458 πᾶσαν

218 2493 397 2544 αἰτίαν
446 2499 543 2544 τοῦ
599 2492 852 2562 ὑγιαίνειν
905 2495 936 2553 ἦ
999 2501 1167 2545 νοσεῖν
1213 2495 1478 2563 τίθεσθαι,
1515 2493 1621 2545 ἀλλ’
1655 2497 1724 2557 ὡς
1761 2495 1834 2557 εἰς

222 2579 384 2645 δόξαν
418 2589 556 2634 Θεοῦ
581 2586 673 2633 καὶ
715 2584 875 2633 τὺπον
915 2591 1009 2644 τῆς
1037 2591 1136 2634 τῶν
1172 2581 1362 2654 ψυχῶν
1407 2582 1692 2656 ἐπιμελείας
1738 2589 1832 2642 τὴν

220 2675 428 2745 χρῆσιν
479 2679 580 2721 τῶν
630 2668 719 2721 ἀπ’
753 2670 919 2733 αὐτῆς
967 2673 1082 2741 (t9)
1125 2670 1568 2744 παραλαμϐάνειν.
1604 2673 1686 2725 Ἐν
1715 2672 1834 2746 ἐρη-

224 2766 319 2833 μίᾳ
349 2757 412 2812 δε
441 2768 544 2810 τῶν
589 2759 643 2821 ἐξ
689 2759 928 2832 ἰατρικῆς
978 2759 1332 2832 βοηθημάτων
1362 2766 1432 2833 μὴ
1479 2770 1653 2814 πᾶσαν
1693 2765 1834 2834 ἔχειν

222 2853 320 2907 τὴν
378 2845 577 2901 ἐλπίδα
626 2852 750 2918 πρὸς
806 2853 898 2906 τὴν
947 2857 1046 2901 τῶν
1102 2849 1346 2923 λυπηρῶν
1393 2853 1735 2924 παραμυθίαν
1786 2850 1834 2903 ἐν

222 2946 286 3011 τῇ
321 2944 486 3010 τέχνη
521 2940 710 3010 ταύτῃ,
760 2936 870 2990 ἀλλ’
896 2935 1109 3005 εἰδέναι,
1156 2941 1237 2990 ὃτι
1283 2940 1314 2998 ἣ
1362 2939 1456 2991 οὑκ
1509 2938 1652 2993 ἰάσει
1695 2943 1834 3013 ἡμᾶς

225 3027 578 3102 πειρασθῆναι
633 3028 762 3101 ὑπὲρ
826 3027 854 3079 ὃ
922 3023 1193 3100 δυνάμεθα
1235 3029 1347 3098 (20)
1413 3031 1744 3100 ὑπενεγκεῖν,
1799 3031 1829 3088 ἣ
1865 3063 1906 3118 C

228 3120 407 3191 ὥσπερ
463 3120 580 3168 τότε
619 3118 647 3167 ό
695 3120 908 3192 Κύριος,
965 3120 1090 3170 ποτε
1146 3121 1235 3190 μὶν
1289 3118 1453 3176 πηλόν
1510 3129 1689 3186 ποιῶν,
1751 3120 1835 3173 ἕπ-

230 3211 400 3278 έχριε,
462 3212 555 3258 καὶ
609 3205 868 3276 νίψασθαι
924 3212 1283 3281 προσέτασσεν
1333 3208 1400 3269 εἰς
1459 3213 1546 3259 τόν
1607 3209 1833 3283 Σιλωὰμ,

227 3299 355 3347 ποτε
413 3291 474 3348 δε
536 3295 745 3367 ἠρκεῖτο
799 3304 872 3366 τῷ
920 3293 1220 3368 βουλήματι
1275 3303 1415 3368 μόνῳ
1467 3298 1604 3368 (21),
1657 3297 1833 3370 λέγων,

231 3384 414 3450 Θελω,
484 3387 882 3456 καθαρίσθητιο
955 3389 1101 3446 τινὰς
1159 3382 1219 3438 δὲ
1281 3393 1372 3438 καὶ
1441 3387 1661 3439 έναθλεῖν
1726 3395 1838 3450 τοῖς

231 3474 498 3534 ἐπιπόνοις
561 3471 768 3545 ἀφῆκε,
839 3470 1229 3548 δοκιμωτέρους
1303 3476 1492 3536 αὐτοὺς
1573 3472 1668 3528 διὰ
1739 3487 1838 3539 τῆς

229 3569 417 3638 πείρας
462 3563 920 3637 παρασκευάζων·
961 3565 1097 3617 οὑτω
1148 3570 1238 3617 καὶ
1287 3565 1361 3638 ἐφ’
1400 3567 1578 3640 ἡμῶν,
1618 3567 1702 3618 ότε
1747 3571 1836 3640 μεν

231 3652 463 3728 ἀοράτως
523 3653 577 3705 ἐκ
629 3661 720 3704 τοῦ
767 3652 994 3725 ἀφανοῦς
1050 3654 1397 3726 ἐφαπτόμενος
1427 3697 1440 3720 ,
1501 3656 1622 3706 ὅταν
1685 3663 1836 3708 τοῦτο

234 3747 498 3815 συμφέρον
550 3749 666 3802 ταῖς
711 3742 914 3814 ψυχαῖς
967 3745 1112 3815 ἡμῶν
1168 3745 1470 3816 καταμάθῃ.
1521 3745 1604 3796 ὅτε
1642 3741 1702 3797 δε
1747 3751 1836 3797 καὶ

233 3833 434 3891 ὑλικαῑς
481 3833 785 3906 κεχρῆσθαι
841 3829 1112 3903 βοηθείαις
1175 3831 1258 3883 ἐπὶ
1308 3841 1406 3884 τῶν
1463 3835 1640 3884 παθῶν
1689 3835 1834 3906 ἡμῶν

234 3918 463 3988 εὐδοκεῖ,
519 3929 581 3992 τῇ
633 3923 926 3992 παρατάσει
987 3929 1084 3982 τῆς
1142 3923 1413 3994 θεραπείας
1471 3925 1688 3995 ἔμμονον
1740 3929 1835 3982 τὴν

232 4016 440 4083 μνήμην
478 4018 574 4070 τῆς
627 4012 854 4083 χάριτος
883 4009 1128 4082 ἐμποιῶν,
1165 4010 1195 4068 ἢ
1237 4015 1328 4062 καὶ
1357 4013 1518 4063 τὺπον
1547 4014 1666 4064 τινὰ
1707 4017 1837 4088 πρὸς

232 4105 326 4157 τήν
377 4098 688 4171 ἐπιμέλειαν,
749 4102 817 4160 ὡς
861 4105 1024 4165 εἶπον,
1073 4108 1168 4160 τῆς
1219 4098 1402 4171 ψυχῆς
1457 4105 1833 4176 παρεχόμενος.

231 4188 314 4247 ,ης
356 4190 459 4261 γὰρ
494 4185 579 4238 ἐπὶ
605 4195 694 4246 τῆς
734 4190 929 4260 σαρκὸς
977 4189 1006 4245 ἡ
1049 4205 1104 4239 τε
1140 4195 1234 4238 τοῦ
1282 4186 1554 4260 ἀλλοτρίου
1594 4189 1838 4252 ἀπόθεσις

232 4276 515 4348 ἀναγκαία,
555 4279 645 4327 καὶ.
687 4277 717 4334 ἠ
763 4277 1048 4349 πρόσθεσις
1093 4284 1184 4328 τοῦ
1223 4272 1485 4338 ἐνδέοντος
1510 4298 1523 4311 ·
1574 4280 1709 4332 οὑτω
1747 4296 1839 4352 καὶ

233 4367 314 4418 ἐπὶ
363 4372 462 4425 τῆς
506 4363 689 4436 ψυχῆς
737 4367 882 4436 ἡμῶν
934 4364 1398 4438 ἁποικονομείσθαι
1444 4371 1534 4439 μεν
1576 4372 1635 4420 τό
1685 4367 1839 4423 ἁλλό-

233 4472 400 4527 τριον,
449 4451 863 4526 προσλαμϐάνειν
922 4449 981 4505 δε
1037 4457 1097 4504 τό
1150 4455 1289 4505 κατὰ
1329 4457 1485 4525 φύσιν
1550 4465 1839 4528 προσῆκον.

235 4543 357 4594 ὐτι
387 4542 415 4592 ό
460 4544 590 4601 Θεὸς
635 4540 848 4598 ἐποίησε
893 4544 980 4592 τόν
1001 4541 1270 4612 ἄνθρωπον
1316 4542 1438 4600 εὐθῆ
1467 4563 1479 4576 ·
1514 4550 1603 4597 καὶ
1641 4548 1840 4600 ἔκτισεν

236 4634 379 4703 ἡμᾶς
425 4629 511 4682 επὶ
561 4631 732 4701 ἔργοις
784 4628 1017 4701 ἀγαθοῖς,
1077 4631 1159 4681 ἵνα
1211 4629 1259 4682 ἐν
1315 4631 1489 4692 αὐτοῖς
1553 4643 1840 4707 περιπατή-

238 4737 429 4790 σωμιν.

1933 1787 2039 1836 aut
2091 1780 2309 1847 succis,
2338 1786 2444 1836 aut
2488 1797 2865 1853 quaecunque
2917 1797 2992 1836 ex
3040 1782 3326 1851 metallis,
3370 1788 3476 1839 aut
3522 1797 3597 1839 ex

1933 1871 2088 1926 mari
2137 1870 2218 1926 ad
2264 1871 2534 1942 corporis
2584 1870 2898 1927 utilitatem
2947 1876 3297 1942 opportuna
3332 1888 3469 1928 esse
3497 1872 3601 1930 de-

1933 1961 2236 2032 prehensa
2269 1965 2428 2026 sunt,
2458 1960 2537 2016 ab
2565 1960 2697 2016 aliis
2727 1961 3012 2030 inventis,
3033 1975 3172 2032 quae
3202 1961 3282 2016 ad
3312 1962 3517 2017 cibum
3541 1965 3602 2018 et

1935 2053 2146 2121 potum
2179 2055 2472 2120 spectant,
2504 2048 2652 2103 nihil
2681 2047 3008 2104 differunt:
3041 2049 3151 2104 sed
3197 2053 3400 2104 tamen
3431 2049 3601 2121 quod

1938 2137 2243 2208 superﬂue
2274 2152 2346 2192 ac
2392 2136 2628 2192 curiose
2656 2139 3070 2205 excogitatum
3099 2140 3206 2202 est,
3239 2141 3298 2192 et
3332 2136 3598 2192 multum

1937 2227 2162 2295 negotii
2193 2227 2464 2298 requirit,
2501 2231 2559 2282 et
2585 2226 2763 2298 quasi
2813 2241 3058 2281 omnem
3107 2230 3380 2282 nostram
3411 2226 3602 2283 vitam

1940 2315 2233 2371 convertit
2290 2316 2372 2371 ad
2425 2331 2672 2372 carnem
2731 2315 3088 2384 curandam,
3135 2313 3455 2371 vitandum
3513 2321 3606 2372 est

1943 2405 2292 2462 Christianis
2314 2423 2328 2472 ;
2351 2405 2682 2477 dandaque
2701 2404 2878 2460 nobis
2909 2403 3178 2460 studiose
3197 2419 3384 2476 opera
3403 2409 3513 2473 est,
3539 2408 3608 2460 ut

1943 2495 2042 2557 ita,
2073 2494 2376 2567 siquando
2401 2509 2558 2566 opus
2596 2493 2792 2560 fuerit,
2823 2494 2938 2548 hac
2985 2497 3112 2548 arte
3159 2497 3422 2562 utamur,
3454 2497 3521 2549 ut
3545 2493 3604 2550 ei

1942 2599 2064 2640 non
2086 2583 2427 2641 tribuamus
2455 2599 2702 2640 omnem
2726 2583 2906 2639 bona:
2930 2588 3032 2638 aut
3052 2581 3230 2638 malae
3243 2581 3607 2639 valetudinis

1941 2689 2216 2740 causam,
2243 2673 2351 2728 sed
2380 2679 2441 2728 ut
2461 2672 2539 2727 ad
2561 2671 2995 2728 declarandam
3031 2670 3129 2726 Dei
3157 2669 3412 2740 gloriam
3442 2675 3502 2726 et
3527 2670 3610 2727 ad

1941 2762 2294 2818 habendum
2317 2761 2534 2816 animae
2556 2759 2842 2815 curandae
2863 2757 3382 2830 exemplar,usum
3393 2773 3609 2815 eorum

1942 2866 2080 2924 quae
2129 2849 2324 2918 offert,
2369 2850 2786 2906 admittamus.
2830 2848 3006 2915 Quod
3053 2849 3101 2904 si
3142 2847 3467 2904 defecerint
3491 2863 3606 2904 nos

1945 2941 2259 2997 medicinae
2289 2939 2595 3011 prmsidia,
2619 2953 3011 3010 nequaquam
3028 2937 3278 2994 levandi
3307 2937 3456 2993 mali
3483 2953 3613 2994 om-

1947 3047 2087 3086 nem
2119 3044 2291 3101 spem
2322 3029 2384 3083 in
2415 3029 2526 3083 hac
2552 3033 2679 3082 arte
2705 3042 3076 3098 reponamus
3101 3045 3112 3081 :
3139 3026 3246 3082 sed
3263 3026 3607 3092 sciendum,

1945 3118 2089 3184 fore,
2125 3123 2190 3172 ut
2218 3122 2326 3172 aut
2354 3131 2477 3171 non
2518 3115 2676 3170 sinat
2699 3114 2916 3170 tentari
2937 3130 3051 3169 nos
3081 3114 3239 3170 ultra
3258 3129 3446 3184 quam
3469 3129 3606 3185 pos-

1945 3207 2230 3273 sumus“,
2257 3212 2364 3261 aut
2381 3203 2907 3276 quemadmodum
2929 3201 3074 3256 olim
3099 3201 3606 3266 Dominus,modo

1945 3297 2136 3354 lutum
2169 3295 2420 3355 faciens,
2466 3290 2759 3356 illinebat,
2788 3289 3162 3362 jubebatque
3201 3289 3388 3346 lavari
3426 3290 3488 3346 in
3512 3289 3607 3346 Si-

1944 3385 2107 3442 loam
2125 3387 2196 3450 6‘,
2231 3383 2416 3440 modo
2459 3383 2593 3438 sola
2632 3381 2939 3437 voluntate
2983 3386 3304 3436 contentus
3341 3385 3489 3448 erat,
3519 3379 3609 3436 di-

1945 3492 2090 3532 cens
2115 3493 2129 3532 :
2165 3477 2328 3541 Volo,
2359 3473 2724 3529 mundare“
2751 3469 3092 3543 ;quosdam
3117 3487 3258 3527 vero
3279 3471 3340 3527 in
3361 3471 3610 3527 afﬂicta-

1946 3565 2212 3622 tionibus
2232 3564 2544 3619 decertare
2574 3561 2866 3634 permisit,
2897 3560 3277 3632 probatiores
3305 3561 3472 3632 ipsos
3500 3575 3610 3632 per

1945 3655 2341 3711 tentationem
2371 3652 2676 3718 efﬁciens;
2720 3649 2806 3706 ita
2847 3664 3013 3705 nunc
3035 3664 3284 3720 quoque
3315 3647 3609 3720 peculiari

1945 3742 2153 3814 aliqua
2178 3741 2410 3797 ratione
2440 3754 2618 3809 agere
2663 3737 2990 3794 nobiscum
3034 3735 3195 3801 velit,
3239 3736 3345 3808 qui
3383 3734 3610 3791 scilicet

1945 3830 2276 3904 aliquando
2301 3828 2680 3885 invisibiliter
2698 3826 3080 3898 latenterque
3103 3824 3436 3893 medeatur,
3463 3838 3605 3880 cum

1944 3921 2006 3977 id
2034 3920 2252 3977 animis
2280 3917 2501 3974 nostris
2543 3915 2826 3989 expedire
2853 3914 3230 3986 judicaverit,
3269 3910 3605 3985 aliquando

1944 4026 2087 4066 vero
2117 4012 2344 4064 statuat
2379 4022 2492 4062 nos
2535 4010 2595 4061 et
2620 4005 2768 4078 ipsis
2808 4004 3115 4076 corporeis
3143 4002 3384 4058 auxiliis
3411 4001 3474 4057 in
3492 4016 3604 4057 no-

1947 4100 2082 4156 stris
2107 4096 2336 4154 morbis
2360 4097 2464 4161 uti,
2489 4095 2696 4166 idque,
2725 4100 2788 4150 ut
2816 4094 2932 4150 hac
2960 4091 3291 4148 curationis
3315 4089 3606 4147 dilatione

1947 4189 2189 4244 ﬁrmam
2211 4191 2268 4242 et
2290 4185 2568 4241 stabilem
2591 4184 2809 4240 reddat
2836 4182 3066 4254 accepti
3083 4180 3361 4238 beneﬁcii
3381 4193 3609 4237 memo-

1947 4293 2117 4346 riam,
2145 4280 2249 4332 aut
2276 4275 2481 4343 etiam,
2510 4269 3040 4345 quemadmodum
3070 4269 3217 4340 dixi,
3248 4275 3316 4326 ut
3356 4268 3606 4342 aliquod

1949 4364 2320 4438 exemplum,
2346 4363 2515 4435 quod
2539 4361 2602 4416 in
2622 4359 2909 4417 curandis
2929 4360 3151 4416 animis
3170 4359 3388 4416 imitari
3407 4358 3611 4432 possi-

1951 4472 2107 4526 mus,
2138 4453 2314 4510 nobis
2344 4455 2668 4525 proponat.
2703 4453 2772 4506 Ut
2801 4449 2966 4506 enim
2989 4451 3050 4505 in
3079 4464 3334 4522 corpore
3357 4464 3608 4506 necesse

1949 4551 2039 4601 est
2067 4543 2334 4600 amoveri
2359 4541 2527 4614 quod
2575 4539 2844 4596 alienum
2893 4544 2985 4594 est
3029 4544 3089 4595 et
3124 4537 3519 4605 contrarium,
3550 4542 3610 4594 et

1947 4634 2115 4708 quod
2134 4633 2302 4688 deest
2322 4631 2547 4704 apponi
2574 4647 2589 4685 :
2611 4629 2698 4686 sic
2721 4634 2903 4685 etiam
2923 4628 2986 4684 in
3006 4627 3228 4684 animis
3245 4627 3455 4691 notris.
3481 4641 3606 4682 non

1947 4723 2061 4781 abs
2090 4738 2153 4780 re
2181 4721 2356 4779 fuerit
2379 4720 2548 4793 quod
2579 4718 2845 4775 alienum
2875 4722 2964 4774 est
3002 4724 3061 4774 et
3109 4716 3476 4772 contrarium
3507 4729 3605 4769 re-

235 4823 505 4878 movere,
537 4812 594 4862 et
621 4806 788 4879 quod
815 4807 1154 4862 secundum
1184 4811 1464 4865 naturam
1494 4816 1604 4884 est,
1627 4830 1959 4874 assumere-
1991 4811 2302 4886 Siquidem
2334 4810 2472 4866 fecit
2494 4812 2652 4866 Deus
2681 4807 2994 4864 hominem
3020 4809 3249 4861 rectum
3273 4805 3344 4871 ⁸⁷,
3369 4814 3606 4872 nosque

235 4896 314 4952 ad
357 4896 524 4951 bona
552 4913 740 4968 opera
767 4896 1060 4964 condidit,
1093 4902 1158 4954 ut
1181 4898 1242 4953 in
1273 4898 1358 4954 eis
1397 4900 1806 4960 ambulemus.

308 4991 361 5042 3.
414 4989 512 5037 Καὶ
548 4987 720 5058 ὥσπερ
775 4985 879 5037 ἐκεῖ
932 4994 1122 5060 τομῶν,
1167 4993 1258 5039 καὶ
1306 4991 1561 5058 καύσεων,
1607 4997 1699 5045 καὶ
1747 5014 1834 5046 πι-

306 5112 354 5145 ⁶⁸
383 5114 402 5165 ι
431 5111 563 5166 Cor.
595 5125 656 5178 ι,
694 5113 778 5166 13.

310 5235 430 5307 (181
456 5233 699 5307 Antiqui
742 5232 865 5307 duo
903 5233 1040 5307 libri
1067 5251 1204 5291 cum
1237 5238 1400 5292 Voss.
1435 5237 1492 5288 ἐκ
1519 5246 1614 5300 τῆς
1648 5238 1840 5292 θαλάσ-

240 5325 355 5368 σης.
401 5304 934 5379 Deerat'articulus
965 5305 1026 5362 in
1058 5307 1339 5378 vulgatis.
1387 5310 1517 5365 Mox
1551 5308 1696 5379 Reg.
1731 5315 1839 5367 ter-

243 5379 354 5432 tius
382 5378 526 5447 ἔχειν
552 5375 870 5448 ἑξεὺρηνται.

308 5451 427 5518 (19)
462 5450 606 5523 Reg.
631 5447 860 5523 primus
885 5457 1087 5523 χρῆσιν
1118 5454 1212 5523 τὴν
1231 5447 1544 5523 -ἁπίαὺτῆς,

307 5523 424 5592 (20)
459 5517 663 5576 Codei
693 5521 858 5578 Voss.
886 5517 1018 5593 ὗᾶτὶρ
1054 5522 1080 5573 ὃ
1119 5521 1176 5572 οὑ
1219 5517 1504 5596 δυνάμεθα.
1537 5522 1668 5578 Mox
1695 5519 1844 5580 Cod.

855 5111 902 5145 “
936 5111 1108 5167 Joan.
1142 5127 1222 5178 1x,
1251 5116 1305 5178 6,
1337 5119 1391 5170 7.

1469 5116 1517 5150 ⁵⁸
1548 5116 1748 5172 Matth.
1778 5133 1900 5182 vui,
1932 5121 1985 5173 3.

2015 4997 2068 5050 3.
2103 4994 2170 5048 Et
2197 4988 2720 5064 quemadmodum
2746 4986 2866 5044 illic
2905 4983 3121 5051 secari,
3152 4980 3270 5048 uri,
3302 4982 3362 5036 et
3384 4991 3607 5036 amara

2064 5118 2107 5152 ⁸⁷
2147 5115 2335 5171 Eccle.
2363 5131 2459 5182 vn,
2489 5119 2578 5168 30.

1952 5239 2202 5312 ἐπέχρισε
2228 5243 2349 5298 τοὺς
2379 5235 2694 5324 ὀφθαλμοὺς,
2726 5235 2837 5317 καί,
2888 5230 3070 5324 illth
3087 5193 3326 5284 ‘oculos.
3378 5225 3610 5284 Ibidem

1953 5302 2098 5376 Reg.
2129 5310 2360 5381 primus
2385 5302 2642 5377 νίψασθαι
2666 5302 2999 5375 προσέταξεν.
3073 5369 3089 5382 ι
3577 5371 3610 5382 η

2028 5386 2108 5448 (2t
2126 5394 2141 5449 )
2170 5379 2318 5434 Editi
2366 5385 2424 5432 et
2449 5380 2586 5447 Reg.
2632 5372 2938 5432 secundus
2969 5370 3272 5447 βουλήματι
3310 5376 3473 5446 μόνῷ.
3503 5370 3616 5429 Ain

1955 5456 2075 5506 tres
2095 5467 2244 5506 mss.
2273 5455 2447 5522 μόνον.
