4082 6178
531 245 663 298 1067
1889 236 1947 292 S.
1990 231 2245 292 BASILII
2283 232 2508 290 MAG-NI
3756 232 3886 286 1M8

521 364 966 422 medicamenta
988 378 1228 420 sumere
1248 377 1373 419 non
1401 376 1775 430 recusamus,
1794 358 2064 430 corporis
2084 373 2133 414 si

2281 365 2416 432 κρῶν
2473 359 2754 432 φαρμάκων
2803 355 3138 429 μεταλήψεως
3189 356 3316 429 ὑπερ
3357 364 3452 418 τῆς
3487 362 3580 408 τοῦ
3643 359 3889 427 σώματος

522 453 709 510 nandi
739 469 959 509 causa:
992 453 1076 509 ita
1105 452 1285 508 etiam
1307 451 1425 515 hic,
1449 464 1792 506 sermonem
1822 447 2134 518 objurgatc

2284 449 2554 519 θεραπείας
2601 445 2894 520 ἀνεχόμεθα
2917 463 2930 476 ⁸
2964 446 3098 498 οὑτω
3149 446 3238 499 καί
3289 446 3511 500 ἐνταῦθα
3544 448 3611 497 τά
3650 443 3889 518 τμητικὰ

521 545 679 599 rium
701 543 1098 616 quantumvis
1129 546 1456 607 secantem,
1489 537 1945 596 etamarulenta
1973 553 2133 610 repre

2282 543 2374 588 τοῦ
2418 535 2709 607 ἐλεγκτικοῡ
2739 535 2916 607 λόγου,
2949 541 3036 588 καὶ
3079 538 3146 588 τὰ
3187 538 3350 608 πικρά
3391 544 3490 588 τῶν
3532 535 3887 606 ἐπιτιμήσεων

523 631 887 689 hensionum
915 631 1182 688 remedia
1197 646 1307 704 pro
1327 629 1547 686 anima:
1571 626 1806 684 medela
1825 642 2025 699 operm
2049 641 2135 697 pri

2283 627 2533 700 φάρμακα
2561 627 2686 699 ὑπερ
2721 633 2812 688 τῆς
2851 627 2985 676 κατά
3003 623 3189 695 ψυχὴν
3242 626 3510 699 θεραπείας
3549 619 3888 693 καταδέχεσ-

527 721 674 777 tium
703 726 793 776 est
816 720 1075 792 perferre
1110 737 1122 776 :
1157 718 1324 792 quod
1350 717 1600 792 quidem
1629 716 1700 772 iis
1739 715 1844 790 qui
1870 714 2139 772 emendat

2287 716 2373 766 θαι
2423 720 2556 790 χρή.
2587 713 2748 788 Ὀπερ
2795 722 2902 776 τοῖς
2950 719 3019 787 μὴ
3065 710 3426 767 παιδευθεῖσιν
3481 715 3507 766 ό
3565 715 3890 785 προφητικὸς

526 826 648 866 non
670 810 907 864 fuerant
923 808 1253 880 exprobrat
1277 805 1667 880 propheticus
1689 819 1911 874 sermo,
1933 803 2024 858 his
2045 819 2138 858 vei

2283 802 2437 875 λόγος
2467 801 2797 865 ἑπονειδίζων
2828 805 2941 874 (22)
2975 809 3105 877 φησί
3129 821 3142 832 ⁸
3176 809 3259 862 Μὴ
3303 805 3487 878 ῥητίνη
3522 803 3618 855 οὑκ
3661 806 3806 855 ἔστιν
3843 801 3889 853 ἐν

526 898 619 954 bis
652 916 665 954 :
698 899 994 970 Nunquid
1013 901 1215 954 resina
1238 914 1353 952 non
1380 903 1463 954 est
1487 897 1548 951 in
1575 893 1854 951 Galaad?
1874 899 1976 948 aut
2001 893 2135 950 med

2289 890 2535 960 Γαλαάδ;
2586 894 2613 952 ἡ
2670 893 2844 967 ἰατρός
2892 893 2985 945 οὑκ
3029 896 3170 945 ἔστιν
3221 893 3359 960 ἐκεῖς
3398 895 3492 946 Διά
3521 897 3572 944 τί
3603 892 3701 944 οὑκ
3734 890 3887 948 ἀνέϐη

526 1005 628 1045 cus
667 1005 782 1044 non
812 995 895 1044 est
921 989 1052 1044 ibi?
1084 988 1284 1054 Quare
1318 1002 1439 1042 non
1469 985 1738 1042 ascendit
1768 985 2006 1040 sanatio
2034 985 2138 1050 ﬁlii

2286 987 2431 1044 ¹ίοισις
2461 985 2719 1055 θυγατρός
2742 982 2867 1034 λαοῦ
2893 1002 3022 1055 μον;
3057 986 3152 1036 Καὶ
3194 985 3252 1034 τὸ
3301 982 3514 1035 ἐπὶτῶν
3559 986 3790 1054 χρονίων
3833 977 3893 1031 δέ

523 1081 737 1148 populi
775 1078 1000 1133 mei“?
1030 1082 1218 1149 Atque
1258 1077 1371 1132 hoc
1418 1075 1619 1139 etiam,
1658 1073 1825 1147 quod
1857 1073 1920 1128 in
1953 1072 2135 1127 morb;

2287 1077 2465 1128 παθῶν
2524 1071 2618 1126 ὃιά
2681 1092 2883 1146 μακρου
2945 1077 3140 1147 χρόνου
3207 1077 3294 1123 καὶ
3362 1068 3455 1124 διὰ
3529 1070 3892 1144 βοηθημάτων

525 1167 890 1230 inveteratis,
923 1165 1298 1238 perlongum
1322 1170 1823 1236 tempus,perque
1843 1161 2072 1218 auxilia
2103 1179 2130 1216 s

2291 1162 2531 1234 ἀλγεινῶν
2579 1182 2632 1215 τε
2681 1165 2809 1235 ὁμου
2858 1166 2946 1213 καὶ
2983 1161 3226 1213 ποικίλων
3266 1165 3361 1218 τὴν
3409 1164 3551 1212 ἴασιν
3599 1159 3889 1232 ἀναμένειν,

527 1255 654 1311 mul
684 1254 954 1311 dolorem
985 1255 1250 1310 creantia
1293 1259 1351 1309 et
1388 1253 1578 1321 varia,
1610 1255 1990 1323 exspectatur
2025 1266 2131 1306 sar.

2289 1249 2536 1324 ἔνδειγμά
2568 1253 2678 1305 εστι
2709 1272 2799 1304 του
2830 1256 2920 1303 καὶ
2954 1253 3018 1302 τά
3060 1259 3151 1311 τῆς
3194 1249 3376 1322 ψυχῆς
3406 1249 3769 1320 ἁμαρτήματα
3798 1245 3895 1300 διὰ

529 1349 639 1410 tas,
662 1343 884 1398 indicio
912 1343 1248 1410 est,animm
1265 1357 1512 1414 quoque
1535 1346 1785 1413 peccata
1807 1355 1914 1412 per
1935 1338 2141 1394 sedula

2291 1342 2564 1415 φιλοπόνου
2634 1338 2865 1402 δεήσεως
2911 1345 3000 1392 καὶ
3047 1339 3398 1412 πολυχρονίου
3457 1342 3738 1410 μετανοίας
3804 1343 3894 1389 καὶ

527 1431 1007 1504 preces,et399
1019 1431 1369 1487 diuturnam
1391 1431 1905 1502 pcnnitentiam,ac
1924 1427 2139 1499 discipl

2292 1430 2503 1502 ἀγωγῆς
2535 1430 2796 1495 ἐπιπόνου,
2831 1431 2891 1487 ἣν
2916 1432 3028 1500 (23)
3055 1428 3114 1479 ἀν
3137 1431 3162 1481 ό
3189 1428 3334 1499 λόγος
3354 1430 3478 1500 ἡμῖν
3501 1428 3741 1500 αὐτάρκη
3768 1432 3893 1501 πρὸς

528 1537 675 1577 nam
697 1522 1079 1588 severiorem,
1107 1537 1294 1594 quam
1324 1521 1477 1578 ratio
1503 1519 1582 1576 ad
1608 1519 1985 1576 sanationem
2009 1518 2140 1574 nobi

2293 1523 2432 1572 ἴασιν
2454 1518 2709 1591 ὑποϐάλῃ,
2728 1517 2942 1590 ὀφείλειν
2964 1521 3102 1590 ἡμᾶς
3131 1518 3566 1590 ἐπανορθουσθαι.
3598 1517 3674 1568 υὺ
3697 1522 3890 1584 τοίνυν,

528 1608 928 1664 sufficientem
955 1624 1084 1664 esse
1103 1609 1422 1679 monuerit,
1438 1624 1476 1664 a
1495 1607 1671 1664 nobis
1699 1606 1912 1678 corrigi
1937 1605 2140 1661 deberi

2291 1606 2467 1666 ἐπειδὴ
2503 1627 2630 1668 τινες
2682 1608 2740 1660 οὑ
2771 1606 2936 1669 καλῶς
2989 1616 3225 1679 χρῶνται
3255 1615 3315 1678 τῇ
3350 1612 3508 1678 τέχνῃ
3549 1614 3609 1678 τῇ
3658 1605 3891 1680 ἰατρικῇ,

527 1701 657 1755 Non
678 1698 877 1766 igitur,
905 1697 1196 1770 quoniam
1214 1696 1406 1770 aliqui
1426 1702 1552 1753 arte
1576 1696 1810 1752 medica
1843 1711 1965 1751 non
1996 1693 2139 1767 prob

2292 1701 2530 1770 φευκτέον
2562 1698 2684 1769 ἡμῖν
2732 1704 2906 1749 πᾶσαν
2965 1702 3058 1754 τὴν
3101 1693 3187 1747 ἀπ’
3230 1696 3390 1756 αὑτῆς
3441 1693 3707 1765 ὠφελειαν,
3752 1691 3893 1747 Οὑδε

530 1785 1144 1856 utuntur,ejusnobis
1169 1785 1390 1842 utilitas
1414 1785 1610 1842 omnis
1634 1783 1924 1854 fugienda
1944 1789 2054 1839 est.
2079 1785 2142 1839 Νι

2291 1791 2409 1861 γὰρ,
2444 1783 2622 1844 ἐπειδὴ
2671 1793 2947 1858 μαγειρικῇ
2991 1789 3116 1856 πρός
3162 1793 3358 1859 τρυφῆς
3409 1784 3637 1836 ἐπίνοιαν
3678 1786 3728 1835 οὶ
3776 1789 3890 1856 περὶ

527 1891 646 1947 que
659 1875 1142 1947 enim,quoniam
1160 1874 1629 1947 intemperantes
1648 1873 1901 1946 quidam
1921 1871 2187 1942 volupta-
2224 1926 2265 1981 Β

527 1970 658 2022 tum
684 1969 1007 2020 sectatores
1039 1964 1414 2036 coquinaria,
1441 1968 1544 2020 aut
1579 1961 1846 2035 pistoria,
1874 1967 1978 2018 aut
2007 1966 2139 2017 texti

2292 1974 2353 2038 τῇ
2398 1966 2672 2037 ὑφαντικη,
2717 1963 3103 2037 ὑπερϐαίνοντες
3134 1967 3220 2016 τόν
3266 1965 3382 2036 ὅρον
3429 1971 3529 2014 τῶν
3571 1961 3883 2033 ἀναγκαίων,

527 2055 622 2109 ria
641 2052 721 2109 ad
743 2052 986 2109 delicias
1008 2052 1441 2122 excogitandas
1460 2053 1952 2119 abutantur,cum
1973 2049 2139 2106 limiti

2295 2051 2400 2112 ἠδη
2435 2057 2569 2127 ἡμᾶς
2598 2058 2771 2116 πάσας
2801 2056 2931 2126 ὁμου
2958 2058 3067 2126 χρή
3106 2054 3474 2126 παραιτεῖσθαι
3517 2056 3613 2112 τὰς
3657 2057 3883 2123 τέχνας·

525 2158 731 2199 rerum
771 2143 1253 2198 necessariarum
1300 2143 1618 2211 excedant,
1646 2143 1932 2210 continuo
1975 2155 2137 2196 omni

2293 2149 2352 2196 τό
2385 2145 2620 2202 ἐναητίον
2649 2147 2739 2215 μεν
2771 2140 2876 2210 οὖν,
2918 2144 2970 2196 ἐκ
3007 2151 3096 2202 τῆς
3128 2141 3282 2217 ὀρθῆς
3331 2143 3498 2194 αὑτῶν
3546 2147 3797 2214 χρήσεως
3834 2144 3887 2192 τὸ

531 2231 710 2287 simul
743 2238 904 2288 artes
936 2232 1099 2302 rejici
1145 2249 1182 2287 a
1225 2232 1401 2287 nobis
1429 2231 1693 2286 debent:
1727 2237 1939 2286 contra
1965 2229 2143 2302 potius

2295 2234 2384 2286 ὑπ’
2425 2234 2624 2285 ἐκεινων
2668 2235 3140 2307 παραγθειρόμενον
3172 2229 3483 2302 διελέγχειν.
3520 2232 3675 2283 Οὑτω
3703 2227 3765 2283 δε
3805 2237 3887 2282 καί

529 2320 697 2392 quod
726 2319 805 2375 ab
836 2320 948 2374 illis
983 2326 1334 2393 corruptum
1363 2321 1494 2390 fuit,
1521 2319 1582 2375 id
1622 2335 1695 2375 ex
1722 2325 1883 2376 recto
1913 2320 2141 2390 ipsarui

2297 2322 2380 2374 ἐπὶ
2437 2331 2528 2383 τῆς
2570 2322 2808 2396 ἰατρικῆς
2855 2326 2948 2379 τὴν
2987 2323 3130 2394 παρὰ
3182 2341 3272 2374 του
3323 2329 3456 2373 Θεου
3495 2323 3660 2394 χάριν
3691 2326 3890 2393 πόνηρᾲ

529 2424 648 2463 usu
693 2407 1154 2478 coarguendum
1197 2415 1306 2464 est.
1342 2409 1434 2465 Sic
1464 2409 1648 2464 etiam
1673 2415 1730 2464 et
1758 2408 1820 2464 in
1859 2407 2141 2463 medicina

2297 2408 2590 2464 διαϐάλλειν
2642 2417 2841 2484 χρήσει
2896 2411 2990 2462 οὑκ
3050 2411 3274 2481 εὔλογον.
3307 2414 3375 2462 Τό
3424 2428 3476 2461 τε
3514 2411 3618 2483 γαρ
3679 2409 3729 2462 ἐν
3779 2416 3889 2469 ταῖς

530 2512 645 2569 par
671 2513 794 2554 non
827 2502 916 2552 est
943 2501 1259 2569 acceptum
1289 2513 1326 2552 a
1358 2499 1475 2552 Deo
1517 2512 1741 2552 munus
1769 2496 2077 2552 criminari
2104 2513 2141 2553 o

2294 2505 2456 2573 χερσὶ
2478 2510 2575 2552 τῶν
2605 2501 2790 2573 ἰατρῶν
2817 2507 2903 2558 τὴν
2937 2497 3125 2553 ἐλπίδα
3155 2504 3296 2571 ἔχειν
3338 2507 3427 2559 τῆς
3476 2499 3672 2551 ἑαυτῶν
3720 2501 3889 2570 ὑγείας

530 2585 762 2642 malum
793 2603 992 2642 usum.
1019 2589 1166 2642 Nam
1202 2591 1259 2642 et
1285 2586 1348 2642 in
1373 2585 1752 2641 medicorum
1789 2585 2071 2641 manibus
2094 2602 2142 2642 st

2292 2587 2550 2650 κτηνῶδες
2573 2607 2584 2620 ·
2615 2593 2736 2664 ὅπερ
2768 2592 3077 2661 πάσχοντας
3107 2609 3252 2650 τινας
3288 2597 3387 2640 τῶν
3435 2588 3623 2640 ἀθλίων
3668 2589 3885 2663 ὁρῶμεν,

529 2675 735 2731 uitatis
772 2692 896 2730 suae
934 2691 1102 2747 spem
1135 2674 1454 2742 collocare,
1485 2674 1823 2730 helluinum
1863 2679 1982 2740 est;
2014 2691 2139 2746 quo

2291 2677 2342 2730 οἱ
2389 2683 2477 2730 καὶ
2527 2687 2763 2752 σωτῆρας
2813 2679 2995 2739 αὑτοὺς
3038 2679 3308 2752 ὀνομάζειν
3357 2678 3416 2729 οὑ
3472 2694 3885 2751 παραιτουνται·

530 2769 736 2820 tamen
767 2780 884 2818 usu
914 2763 1112 2819 venire
1139 2763 1450 2819 nonnullis
1479 2764 1714 2819 miseris
1744 2763 2043 2830 videmus,
2078 2780 2142 2836 qi

2291 2773 2348 2821 τό
2379 2787 2431 2820 τε
2469 2770 2634 2826 πάντη
2685 2771 2779 2830 τάς
2823 2767 2913 2820 ἀπ’
2953 2765 3110 2828 αὐτῆς
3137 2771 3246 2828 (24)
3293 2767 3530 2840 ὡφελείας
3581 2766 3887 2839 ἀποφεύγειν

525 2852 709 2908 etiam
738 2868 863 2907 non
902 2858 1185 2908 verentur
1220 2868 1324 2908 eos
1363 2852 1668 2925 appellare
1709 2857 2048 2908 servatores
2080 2871 2093 2908 :
2127 2871 2137 2906 ι

2292 2857 2592 2930 φιλόνεικον.
2629 2857 2761 2910 Ἀλλ’
2805 2860 2977 2930 ὥσπερ
3024 2859 3048 2909 ό
3107 2859 3335 2920 Ἐζεκίας
3388 2862 3480 2915 τὴν
3517 2855 3761 2914 παλάθην
3791 2865 3885 2909 τῶν

525 2940 854 2997 commoda
871 2957 944 2996 ex
969 2956 1043 2997 ea
1065 2943 1376 2998 nascentia
1401 2942 1652 2998 omnino
1677 2943 1964 3010 aversari,
1995 2942 2137 2997 anin

2294 2949 2462 2998 σύκων
2515 2945 2642 3017 ουχὶ
2683 2955 2886 3020 πρῶτον
2935 2951 3099 2998 αἴτιον
3149 2948 3321 3017 ὑγείας
3365 2948 3561 3018 ἠγεῖτο,
3609 2943 3738 2999 οὑδὲ
3776 2949 3885 2998 τοὺ-

526 3035 614 3086 est
641 3029 950 3086 obstinati.
984 3029 1100 3086 Sed
1137 3030 1291 3086 sicut
1320 3031 1592 3087 Ezechias
1626 3030 1882 3087 ﬁcorum
1908 3047 2138 3087 massai

2290 3043 2362 3105 τῷ
2395 3037 2506 3106 (25)
2534 3040 2627 3094 τήν
2659 3036 2827 3088 αἰτίαν
2864 3043 2960 3097 τῆς
2993 3036 3174 3095 ἰάσεως
3211 3055 3302 3088 του
3332 3041 3569 3107 σώματος
3605 3034 3881 3107 ἂογίζετο,

523 3133 647 3174 non
675 3118 932 3190 putabat
958 3119 1217 3190 primam
1241 3136 1373 3176 esse
1395 3120 1670 3176 sanitatis
1691 3137 1814 3175 suis
1836 3135 2088 3176 causam
2109 3123 2130 3155 ⁶

2289 3125 2586 3197 προσετίθει
2617 3121 2675 3176 δε
2703 3132 2765 3196 τῇ
2801 3120 2928 3196 δόξῃ
2971 3131 3063 3176 τοῦ
3089 3131 3222 3177 Θεοῦ
3253 3128 3342 3175 καὶ
3384 3127 3478 3181 τὴν
3510 3123 3596 3176 ἐπὶ
3626 3132 3688 3195 τῇ
3721 3128 3885 3177 κτίσει

522 3223 722 3280 neque
751 3207 804 3264 ei
835 3213 1150 3280 acceptam
1171 3209 1466 3265 referebat
1494 3211 1764 3282 corporis
1795 3209 1888 3265 sui
1919 3210 2134 3266 curati:

2289 3221 2390 3265 τῶν
2422 3216 2590 3266 σύκων
2641 3213 3024 3286 εὐχαριστίαν⁹
3075 3214 3210 3265 οὑτω
3256 3219 3346 3264 καὶ
3392 3215 3562 3285 ἡμεῖς,
3604 3213 3753 3287 παρά
3800 3220 3883 3264 τοῦ

522 3313 684 3362 nem,
721 3297 831 3352 sed
874 3297 952 3353 ad
986 3298 1084 3353 Dci
1115 3297 1370 3368 gloriam
1400 3280 1732 3368 gratiarum
1763 3299 1943 3355 etiam
1991 3300 2134 3356 actic

2291 3300 2494 3373 ἀγαθῶς
2538 3307 2628 3354 καὶ
2677 3311 2932 3376 φρονίμως
2978 3302 3365 3374 οἰκονομοῦντος
3410 3307 3504 3360 τήν
3554 3303 3697 3362 ζωὴν
3747 3305 3884 3374 ἡμῶν

522 3401 662 3441 nem
687 3385 904 3456 adjecit
924 3385 1002 3441 ob
1041 3386 1318 3444 conditas
1356 3387 1506 3444 ﬁcus
1533 3405 1546 3443 :
1581 3388 1663 3444 sic
1694 3405 1806 3444 nos
1834 3404 2101 3462 quoque,
2130 3409 2134 3442 ε

2289 3399 2424 3443 Θεοὺ
2469 3387 2747 3463 δεχόμενοι
2793 3395 2887 3453 τὰς
2928 3391 3156 3462 πληγὰς,
3194 3391 3315 3465 παρ’
3345 3391 3506 3443 αὑτοῦ
3554 3400 3764 3464 πρῶτον

521 3490 559 3531 a
578 3476 698 3530 Deo
714 3473 865 3530 bene
879 3473 1326 3548 prudenterque
1338 3477 1523 3533 vitam
1537 3483 1810 3534 nostram
1824 3477 2133 3534 moderanl

2289 3481 2528 3552 αἰτοῦμεν
2577 3486 2670 3539 τὴν
2717 3489 2910 3552 γνῶσιν
2957 3489 3046 3533 του
3107 3481 3263 3553 λόγου
3312 3480 3426 3534 καθ’
3469 3482 3524 3532 ὃν
3571 3481 3756 3552 ἐπείγει
3799 3484 3887 3542 τὰς

518 3563 734 3637 plagas
760 3563 1118 3636 accipimus,
1152 3565 1418 3638 primum
1456 3566 1705 3639 quidem
1750 3567 1830 3624 ab
1870 3568 2008 3640 ipso
2034 3573 2130 3639 pet

2287 3572 2568 3642 μάστιγας,
2620 3573 2797 3624 ἔπειτα
2850 3566 2909 3622 δε
2948 3574 3035 3627 τὴν
3092 3589 3147 3623 τε
3194 3568 3497 3641 ἀπαλλαγὴν
3554 3579 3655 3622 τῶν
3704 3567 3888 3628 ὀδυνη-

520 3670 680 3719 mus,
704 3659 769 3709 ut
800 3653 1020 3709 indicet
1048 3654 1226 3710 nobis
1258 3671 1530 3724 causam,
1554 3673 1660 3712 cur
1683 3657 1764 3712 ita
1790 3655 2129 3729 plectamur

2286 3667 2388 3732 ρῶν
2444 3664 2534 3711 καὶ
2581 3664 2674 3717 τὴν
2718 3661 3002 3732 ὑπομονὴν,
3052 3663 3179 3734 πρὸς
3226 3663 3284 3711 τό
3339 3663 3432 3710 σὺν
3479 3669 3553 3730 τῷ
3610 3667 3887 3734 πειρασμῷ

519 3743 753 3808 deinde,
795 3748 859 3798 ut
903 3742 1232 3800 liberemur
1261 3743 1339 3800 ab
1386 3745 1479 3800 his
1528 3744 1836 3812 molestiis,
1881 3745 2131 3819 deturqu

2286 3757 2584 3822 παρασχεῖν
2624 3753 2713 3802 καὶ
2744 3753 2836 3808 τὴν
2867 3749 3102 3817 ἔκϐασιν,
3151 3769 3241 3801 του
3289 3745 3550 3802 δύνασθαι
3592 3751 3737 3823 ἡμᾶς
3778 3751 3889 3822 (‘26)

518 3832 698 3889 nobis
727 3832 1038 3905 patientia,
1079 3833 1234 3889 adeo
1266 3838 1333 3890 ut
1358 3849 1482 3890 una
1510 3850 1649 3891 cum
1684 3836 2010 3892 tentatione
2031 3852 2130 3908 pre

989 3849 1038 3901 ει,
1079 3833 1234 3889 adeo
1266 3838 1333 3890 ut
1358 3849 1482 3890 una
1510 3850 1649 3891 cum
1684 3836 2010 3892 tentatione
2031 3852 2179 3908 ρεαδ·
2287 3841 2601 3910 ὑπενεγκεῖν.

520 3927 632 3978 stet
661 3922 844 3978 ctiam
870 3927 1176 3992 eventum,
1199 3939 1324 3996 quo
1353 3923 1658 3995 possimus
1689 3923 1941 3981 sufferre
1961 3927 2032 3979 το.

591 4014 644 4066 4.
679 4009 977 4066 Collatum
1009 4016 1214 4067 autem
1253 4011 1428 4067 nobis
1471 4012 1742 4069 sanitatis
1790 4012 2175 4083 beneﬁcium,

2357 4019 2413 4072 4.
2445 4018 2689 4070 Δόθείσαν
2742 4012 2802 4070 δε
2839 4019 2964 4089 ἡμῖν
3008 4027 3099 4078 τῆς
3142 4018 3323 4078 ἰάσεως
3367 4023 3460 4077 τὴν
3491 4021 3677 4092 χάριν,
3735 4022 3764 4080 ἣ
3803 4016 3893 4073 διά

521 4100 650 4156 sive
697 4115 805 4170 per
835 4100 1046 4155 vinum
1077 4099 1210 4156 oleo
1241 4100 1576 4157 admistum
1596 4103 1670 4172 τι,
1692 4107 1758 4157 ιιι
1781 4102 1842 4158 in
1861 4117 1934 4158 eo
1960 4103 2065 4176 qui
2091 4104 2133 4160 ii

2287 4112 2380 4159 τοῦ
2423 4105 2695 4175 οἰνελαίου,
2726 4109 2789 4167 ὡς
2825 4106 2908 4159 ἐπὶ
2939 4115 3028 4160 τοῦ
3062 4107 3368 4180 ἐμπεσόντος
3408 4110 3479 4170 εἰς
3508 4113 3625 4169 τοὺς
3667 4109 3890 4183 λῃστὰς,

520 4188 666 4246 cidit
692 4189 755 4246 in
784 4189 1072 4260 latrones,
1124 4189 1248 4245 sive
1293 4205 1400 4262 per
1427 4191 1597 4263 ﬁcus,
1641 4195 1706 4247 ut
1751 4191 1814 4247 in
1844 4193 2122 4250 Ezechia"

2289 4195 2318 4254 ἡ
2375 4191 2467 4247 διὰ
2516 4197 2615 4246 τῶν
2666 4199 2854 4261 σύκων,
2911 4199 2974 4256 ὡς
3014 4196 3096 4248 ἐπὶ
3125 4205 3216 4248 του
3251 4197 3506 4265 Ἐζεκίου,
3557 4197 3894 4273 εὐχαρίστως

520 4295 662 4335 cum
693 4279 1024 4349 gratiarum
1058 4280 1294 4336 actione
1320 4281 1666 4354 recipimus.
1696 4285 1810 4338 Nec
1840 4282 2132 4355 quidquai

2289 4280 2661 4357 ὑποδεχόμεθα
2702 4288 2834 4355 (2'7).
2882 4289 2981 4337 Καὶ
3025 4281 3175 4337 οὑδεν
3217 4281 3548 4358 διοισόμεθα,
3584 4291 3683 4340 εἶτε
3716 4289 3774 4340 ἐκ
3803 4295 3894 4341 τοὺ

519 4366 757 4423 ditferre
785 4368 1165 4436 arbitremur,
1195 4369 1317 4424 sive
1344 4370 1528 4427 modo
1561 4370 1847 4427 invisibili
1880 4374 2035 4428 Deus
2066 4387 2131 4429 nc

2291 4373 2510 4446 ἀφανοῦς
2539 4378 2737 4445 γίνοίτο
2787 4377 2910 4446 ἡμῖν
2950 4377 2978 4432 ἡ
3029 4375 3292 4447 ἐπιμέλεια
3340 4384 3430 4428 τοῦ
3472 4384 3629 4444 Θεοῦ,
3674 4381 3778 4430 εἴτε
3807 4384 3895 4430 καὶ

521 4456 849 4519 curet,sive
860 4473 1220 4530 corporeum
1242 4459 1540 4532 quiddam
1563 4461 1879 4518 adhibeat:
1895 4478 2034 4535 quas
2056 4479 2133 4519 co:

2293 4460 2387 4517 διά
2423 4482 2555 4523 τινος
2611 4473 2708 4515 τῶν
2768 4472 3105 4536 σωματικῶν·
3157 4463 3192 4516 ἃ
3238 4464 3482 4525 πολλάκις
3538 4466 3895 4541 ἐνεργέστερον

521 4543 750 4617 poralia
778 4559 1194 4616 saepenumero
1221 4547 1526 4604 etﬁcacius
1557 4565 1682 4605 non
1712 4549 2063 4608 conducunt
2101 4567 2133 4608 a

2292 4553 2426 4624 ἡμᾶς
2469 4553 2585 4623 άγει
2637 4552 2703 4612 εἰς
2735 4554 3085 4610 συναίσθησιν
3134 4561 3229 4614 τῆς
3259 4556 3402 4628 παρὰ
3431 4562 3523 4606 τοῦ
3558 4560 3758 4628 Κυρίου
3785 4557 3895 4626 χά-

522 4649 748 4692 munus
777 4633 1012 4690 Domini
1053 4635 1531 4706 intelligendum.
1569 4643 1762 4712 Atque
1801 4640 1984 4696 etiam
2016 4657 2134 4714 saep

2291 4660 2450 4715 ριτος.
2500 4640 2754 4703 Πολλάκις
2807 4637 2865 4693 δι
2908 4647 2997 4693 καὶ
3050 4645 3181 4716 πρὸς
3241 4640 3484 4696 παιδείαν
3530 4650 3895 4716 περιπεσόντες

521 4722 930 4793 castigationis
948 4739 1136 4780 causa
1155 4725 1216 4781 in
1237 4726 1484 4782 morbos
1505 4727 1774 4800 collapsi,
1791 4729 1871 4785 ad
1891 4745 2133 4803 asperat

2291 4739 2402 4791 ταῖς
2444 4736 2631 4797 νόσοις,
2664 4735 2812 4803 μέρος
2858 4740 2948 4792 τῆς
3001 4728 3325 4792 παιδεύσεως
3371 4738 3462 4785 καὶ
3500 4737 3594 4791 τὴν
3647 4730 3746 4786 διὰ
3797 4743 3894 4786 τῶν

2664 4781 2738 4804 {ﬁt

523 4829 893 4889 gravemque
939 4815 1314 4872 curationem
1343 4818 1766 4888 perferendam
1808 4835 2004 4892 pinnae
2045 4820 2135 4877 loc

2287 4820 2542 4874 ἐπιπόνων
2592 4823 2863 4894 θεραπείαν
2905 4822 3198 4880 ὑποστῆναι
3239 4818 3722 4896 κατεδικάσθημεν.
3765 4828 3895 4877 Οὔτε

2292 1879 2386 1938 τὰς
2425 1873 2615 1937 ἠὸόνάς
2665 1873 2944 1927 ἀκόλαστοι
2973 1878 3284 1947 κέχρηνται,
3334 1875 3360 1932 ᾖ
3415 1881 3475 1946 τῇ
3534 1872 3883 1946 ἀρτοποιίᾳ,ξ

597 5009 647 5044 ⁸⁸
673 5011 888 5066 Jerem.
917 5026 1030 5080 vni,
1059 5013 1148 5065 22.
1227 5011 1274 5046 ⁶⁹
1310 5013 1376 5068 lV
1403 5013 1544 5082 Reg.
1580 5029 1680 5083 xx,
1712 5019 1767 5070 7.
1843 5015 1894 5050 ⁷ο
1924 5017 1942 5070 l
1972 5016 2108 5072 Cor.
2148 5032 2209 5085 x,

1850 5015 1894 5050 το
1924 5017 1942 5070 ι
1972 5016 2108 5072 ρον,
2148 5021 2329 5085 χ,13,
2405 5017 2450 5053 τι
2490 5018 2633 5072 Luc.
2666 5032 2725 5089 x,
2760 5018 2852 5072 34.
2927 5016 2976 5051 ⁷³
3010 5017 3076 5071 IV
3105 5018 3246 5087 Reg.
3279 5031 3383 5088 xx,
3407 5021 3462 5072 7.

540 5257 552 5269 ι
598 5188 803 5269 (εὲμιι
831 5188 1018 5244 Vossii
1051 5189 1231 5246 veteri
1255 5189 1408 5247 libro
1446 5207 1556 5266 pro
1599 5189 1929 5256 ἐπονειδίζων
1960 5193 2152 5264 legitu:

2362 5197 2469 5265 (24)
2495 5194 2646 5250 Editi
2667 5197 2755 5269 τάς
2779 5194 2856 5246 ἐπ’
2878 5193 3057 5254 αὑτῆς.
3082 5193 3295 5269 Aidqu
3316 5197 3581 5269 mare;
3599 5193 3695 5269 ἀπ’
3721 5196 3897 5256 αὑτῆς.

531 5257 872 5321 ἕνονειὸίζων.
1447 5257 1465 5266 ’
2021 5257 2052 5264 ν

2362 5257 2472 5337 (25')
2499 5269 2640 5336 Reg.
2671 5267 2900 5342 primus
2927 5272 3100 5342 τοῦτο.
3131 5265 3356 5342 ibidem
3391 5264 3558 5342 Colb.
3596 5265 3783 5342 ἰάσεως
3808 5274 3897 5320 τοῦ

601 5335 716 5409 (2ζξ)
745 5331 1041 5411 Editiones
1068 5338 1296 5411 Veteres
1312 5339 1380 5411 _et
1407 5335 1553 5406 Reg.
1588 5337 1891 5411 secundus
1921 5343 2010 5390 καὶ
2036 5337 2177 5410 ἀγῶ-

2288 5331 2807 5411 τροῶματοςξηὲᾳαε
2828 5338 2970 5394 huic
2997 5339 3371 5394 curationem
3398 5339 3494 5392 sui
3516 5338 3792 5395 vulneris
3814 5353 3900 5401 νε-

527 5417 612 5482 νος
666 5405 905 5482 ἐπιπόνου
956 5407 1036 5469 ἣν,
1089 5406 1266 5482 male.
1312 5405 1553 5463 Veteres
1607 5414 1724 5464 tres
1777 5409 1911 5482 libri
1961 5405 2139 5482 praete

1262 5449 1266 5461 .
1312 5405 1553 5463 Veteres
1607 5414 1724 5464 tres
1777 5409 1911 5482 libri
1961 5405 2179 5482 praeter
2286 5405 2521 5481 ferebat
2543 5405 2874 5478 acceptam.

473 5551 475 5554 ‹
528 5471 1462 5568 Υξῖξεςεέεί,έξῖίοέγεείπιτεάνοξ
1491 5471 2085 5568 maestissima

1757 5471 2175 5568 Lati‘m'antiqui
2286 5471 2298 5481 ’
2513 5484 2652 5568 Reg.
2683 5471 3198 5568 primus’d‘wu’eem
3220 5483 3369 5568 ὑμᾶςέ

530 5549 656 5600 duo
679 5541 814 5602 libri
835 5541 987 5602 cum
1009 5548 1178 5608 Voss.
1199 5541 1458 5625 ὑποϐάλῃξ
1488 5550 1640 5610 satu
1669 5551 1956 5628 ὑποϐάλλῄ.
2087 5541 2111 5555 ⁸

2087 5541 2111 5555 ⁸
2358 5541 2483 5626 27)
2513 5541 2848 5612 Ιάἶαίωεε.
2879 5551 3210 5628 εὐχαρίστως
3234 5541 3643 5628 ὑποδεχώμεθα,
