4082 6178
190 240 334 296 1049

1351 242 1654 302 REGULE
1699 241 1950 302 FUSIUS
1987 243 2411 303 TBACTATJE.

3417 250 3558 310 1050

186 363 278 416 οὖν
313 364 495 436 τομὰς,
545 364 662 416 οὔτε
699 363 933 433 καύσεις,
983 368 1097 419 οὔτε
1140 362 1234 419 διὰ
1277 366 1382 438 ('28)
1423 374 1520 420 τῶν
1562 365 1789 442 δριμων

1902 368 2290 426 condemnati
2314 384 2547 426 sumus.
2574 371 2778 444 itaque
2803 385 3000 444 neque
3023 370 3336 438 sectiones,
3359 387 3557 448 neque

185 456 280 504 καὶ
346 450 598 505 ἐπιπόνων
654 455 936 527 φαρμάκων
1005 452 1301 528 ἀλγήματα,
1372 459 1488 509 οὔτε
1554 455 1788 527 ἀσιτίας,

188 542 309 594 οὔτε
355 537 564 604 διαίτης
614 541 799 614 ἀκριϐῆ
845 547 1029 617 μίτρα,
1080 547 1196 600 οὔτε
1245 543 1455 617 ἁποχήν
1498 553 1598 598 τῶν
1642 549 1790 620 φθει-

184 635 380 705 ρόντων
418 632 792 705 παραιτεῖσθαι
829 633 970 704 ἡμᾶς
999 634 1024 685 6
1079 633 1228 708 ὀρθὸς
1269 633 1422 705 λόγος
1459 635 1785 710 ὑπαγορεύει·

192 720 490 792 σωζομένου
553 719 706 772 πάλιν
753 719 902 793 λέγω)
943 729 1034 775 τοῦ
1077 731 1273 776 σκοποῦ
1312 731 1402 784 τῆς
1440 727 1574 776 κατὰ
1603 723 1789 797 ψυχήν

186 807 455 881 ὡφελίεας,
508 811 580 872 ὠ,
618 807 667 860 ἕν
698 806 1085 883 ὑποδείγματος
1134 811 1269 883 λόγῳ
1313 817 1406 871 τὴν
1459 813 1643 874 ἑαυτῆς
1683 812 1791 865 ἐπι-

185 897 392 969 μέλειαν
441 893 843 970 παιδευομένης.
891 896 1144 962 Κίνδυνος
1183 897 1241 953 δὲ
1288 901 1394 974 ούχ
1433 903 1459 953 ό
1507 907 1687 974 τυχὼν
1719 902 1790 965 εἰς

183 992 543 1062 μετεωρισμόν
595 992 689 1046 την
743 984 980 1041 διάνοιαν
1028 987 1281 1057 ἐκπεσεῖν,
1337 993 1406 1053 ὡς
1451 994 1644 1052 παντὸς
1681 994 1788 1044 πά·-

187 1078 314 1138 θους
377 1085 474 1128 τῶν
543 1075 596 1139 ἐξ
655 1077 893 1151 ἰατρικῆς
958 1076 1311 1151 βοηθημάτων
1381 1077 1786 1155 προσδεομένου.

186 1165 262 1216 Ou'
312 1168 414 1240 γὰρ
470 1167 642 1218 πάντα
689 1169 890 1238 φύσεως
934 1166 1063 1220 εἰσιν
1104 1165 1517 1242 ἀρρωστήματα,
1559 1166 1682 1222 οὐδὲ
1734 1168 1789 1221 ἐκ

182 1253 519 1326 πλημμελοῦς
550 1251 765 1315 διαίτης
802 1256 948 1328 ἡμῖν,
992 1259 1021 1314 ἦ
1073 1275 1222 1308 τινων
1270 1257 1432 1314 ἄλλων
1479 1266 1788 1332 σωματικῶν

183 1342 368 1418 ἀρχῶν
415 1348 818 1417 προσγινόμενα,
869 1348 998 1419 πρὸς
1049 1345 1177 1418 άπερ
1239 1344 1395 1400 ἐνίοτε
1443 1348 1637 1420 ὁρῶμεν
1695 1351 1788 1406 την

186 1433 428 1506 ἰατρικὴν
457 1435 915 1507 χρησιμεύουσαν.
951 1432 1205 1496 Πολλάκις
1251 1437 1351 1508 γὰρ
1402 1441 1492 1488 καὶ
1539 1436 1791 1508 μάστιγες

183 1521 577 1596 ἁμαρτημάτων
622 1521 724 1574 εἰσὶ
770 1524 836 1573 τὰ
885 1519 1295 1597 ἀρρωστήματα,
1357 1523 1424 1585 εἰς
1473 1523 1788 1600 ἐπιστροφὴν

183 1615 574 1686 προσαγόμενοι.
654 1610 746 1663 ⁴’ον
828 1614 960 1684 γὰρ,
1048 1617 1236 1684 φησιν,
1313 1611 1490 1685 ἀγαπᾷ
1569 1617 1784 1688 Κύριος,

1900 457 2190 526 ustiones,
2224 473 2421 533 neque
2469 459 2700 516 acrium
2720 458 3240 532 molestorumque
3265 461 3559 518 remedio.

1900 563 2037 603 rum
2062 546 2471 613 acerbitatem,
2506 564 2706 623 neque
2745 548 3002 616 inedias,
3046 565 3243 622 neque
3285 554 3558 608 exactam

1901 635 2092 692 diaetae
2123 640 2178 692 et
2207 635 2399 692 victus
2427 637 2744 704 rationem,
2763 653 2960 709 neque
2990 654 3193 694 rerum
3227 637 3558 697 exitialium

1901 725 2331 782 abstinentiam
2359 742 2395 782 a
2425 726 2605 781 nobis
2631 725 3042 799 repudiandas
3064 743 3192 784 esse
3216 733 3378 785 recta
3404 729 3558 785 ratio

1900 813 2131 886 suadet,
2165 814 2334 870 salvo
2380 820 2583 872 tamen
2614 816 2843 886 (rursus
2873 815 3032 885 dico)
3080 817 3394 890 proposito
3421 817 3554 874 ani-

1898 918 2012 958 mae
2045 902 2328 968 utilitatis,
2358 902 2583 976 quippe
2615 903 2709 960 cui
2742 903 2857 958 hoc
2888 903 3233 976 exemplum
3277 901 3550 975 proposi-

1897 995 2027 1048 tum
2055 991 2150 1058 sit,
2175 996 2238 1048 ut
2260 991 2411 1048 illud
2442 992 2502 1047 in
2534 992 2624 1048 sui
2653 992 2845 1065 ipsius
2870 992 3176 1050 curatione
3199 991 3432 1049 imitari
3462 990 3553 1047 di-

1900 1086 2049 1138 scat.
2076 1081 2412 1137 Periculum
2435 1087 2636 1149 autem
2663 1087 2752 1138 est
2780 1097 2903 1138 non
2923 1082 3248 1149 mediocre,
3281 1097 3356 1137 ne
3376 1095 3551 1138 mens

1898 1171 1960 1228 in
1991 1188 2254 1228 errorem
2287 1172 2536 1243 incidat,
2566 1172 2741 1246 quasi
2771 1172 2968 1229 omnis
2999 1173 3247 1228 morbus
3268 1171 3554 1228 subsidiis

1899 1261 2214 1317 medicinae
2245 1261 2558 1332 indigeret.
2604 1265 2729 1318 Non
2767 1263 2927 1317 enim
2958 1266 3186 1317 naturae
3219 1259 3552 1317 tribuenda

1901 1352 2040 1404 sunt
2065 1349 2452 1419 aegritudines
2495 1365 2734 1421 omnes,
2785 1365 2981 1423 neque
3012 1366 3084 1405 ex
3121 1347 3338 1404 vitioso
3368 1347 3552 1415 victu,

1901 1442 2004 1504 aut
2035 1437 2167 1493 aliis
2192 1438 2564 1511 quibusdam
2596 1439 3013 1510 corporalibus
3041 1436 3349 1510 principiis
3378 1434 3555 1491 nobis

1901 1525 2197 1583 accedunt
2220 1545 2231 1582 :
2251 1527 2474 1599 quibus
2493 1527 2742 1600 quidem
2761 1526 3044 1584 curandis
3064 1526 3267 1582 utilem
3287 1541 3415 1581 esse
3437 1539 3559 1580 me-

1899 1614 2165 1670 dicinam
2190 1631 2627 1687 nonnunquam
2658 1615 2952 1671 videmus.
2980 1617 3146 1688 Saepe
3169 1614 3330 1670 enim
3357 1611 3558 1669 morbi

183 1696 450 1752 παιδεύειυ
507 1705 620 1769 καὶ,
675 1703 768 1752 Διά
823 1707 974 1752 τούτο
1041 1699 1090 1752 ἕν
1149 1703 1270 1775 ὑμῖν
1326 1702 1503 1756 πολλοὶ
1559 1702 1789 1767 ἀσθενεῖς

1901 1709 2038 1758 sunt
2065 1707 2454 1776 peccatorum
2481 1703 2738 1768 mulctra,
2776 1703 2855 1759 ad
2879 1702 3317 1760 convertendos
3345 1717 3456 1757 nos
3483 1701 3557 1757 ir-

184 1795 274 1840 καὶ
331 1788 623 1863 ἄρρωστοι,
669 1793 757 1841 καὶ
816 1798 1102 1862 κοιμῶνται
1152 1794 1338 1844 ἱκανοί.
1394 1792 1455 1844 Εἰ
1509 1795 1610 1868 γὰρ
1667 1793 1790 1846 ἐαυ-

184 1881 308 1939 τοὺς
369 1874 691 1952 διεκρίνομεν
749 1879 882 1950 (29),
941 1879 1034 1932 ούκ
1089 1879 1148 1931 ἂν
1208 1879 1531 1956 ἐκρινόμεθα.
1602 1886 1788 1957 Κρινό-

185 1986 330 2039 μενοι
401 1963 460 2019 δὲ
520 1967 620 2018 ὑπὸ
680 1971 895 2041 Κυρίου,
963 1964 1342 2042 παιδευόμεθα,
1412 1971 1494 2022 ἱνα
1552 1975 1623 2042 μὴ
1695 1976 1789 2023 σύν

183 2065 256 2126 τῷ
296 2060 484 2128 κόσμῳ
535 2058 950 2129 κατακριθῶμεν.
1005 2061 1138 2120 Τούς
1193 2055 1280 2110 οὖν
1337 2062 1605 2122 τοιούτους
1656 2062 1789 2118 ἠσυ-

180 2145 474 2216 χάζοντας,
528 2149 618 2196 καὶ
667 2143 947 2217 ἀφεμένους
995 2154 1093 2197 τῶν
1143 2145 1384 2220 ἰατρικῶν
1427 2144 1784 2220 ἐπιτηδευμά-

182 2253 308 2302 των,
354 2235 622 2306 ύπομένειν
650 2238 760 2306 χρὴ
809 2236 874 2286 τὰ
920 2232 1228 2306 ἐπαγόμενα,
1283 2237 1403 2288 ὅταν
1451 2241 1785 2310 γνωρίσωμεν

181 2323 375 2374 ἑαυτῶν
423 2326 490 2374 τὰ
536 2321 978 2396 πλημμελήματα,
1032 2326 1168 2375 κατὰ
1225 2328 1311 2376 τόν
1381 2325 1608 2377 εἰπόντα.
1659 2327 1786 2401 Ὀρ-

177 2417 280 2483 γῆν
339 2415 537 2483 Κυρίου
596 2413 817 2479 ύποίσω,
878 2414 958 2464 ὃτι
1012 2413 1246 2485 ἥμαρτον
1312 2413 1476 2484 αύτῷο
1545 2419 1634 2466 καὶ
1691 2419 1785 2473 τὴν

178 2499 471 2574 διόρθωσιν
502 2497 918 2567 ἐπιδείκνυσθαι,
964 2499 1058 2556 διά
1096 2510 1187 2554 τοῦ
1219 2511 1381 2556 ποιεῖν
1413 2504 1525 2576 (30)
1554 2507 1786 2580 καρπούς

179 2591 365 2654 ἀξίους
422 2601 517 2653 τῆς
564 2596 859 2664 μετανοίας,
929 2596 1018 2644 καὶ
1073 2594 1374 2664 μεμνῆσθαι
1436 2601 1530 2646 τοῦ
1590 2600 1785 2668 Κυριου

178 2682 435 2742 εἰπόντος·
521 2677 649 2748 Ἴδε,
720 2682 871 2753 ὑγιὴς
931 2685 1167 2754 γέγονας·
1237 2686 1426 2755 μηκέτι
1502 2683 1785 2758 ἁμάρτανε,

178 2772 262 2823 ἶνα
311 2776 388 2842 μὴ
431 2774 611 2844 χεῖρόν
657 2775 707 2822 τί
759 2789 842 2822 σοι
888 2774 1122 2842 γένηται.
1168 2777 1368 2823 Γίνεται
1409 2772 1521 2843 (3i)
1569 2768 1628 2825 δέ
1666 2791 1788 2825 ποτε

177 2865 269 2912 καὶ
320 2862 458 2911 κατὰ
504 2859 771 2922 ἑξαίτησιν
826 2860 917 2912 τού
979 2867 1230 2935 πονηροῦ,
1283 2862 1456 2934 ὥσπερ
1500 2859 1786 2933 ἀγωνιστὴν

177 2953 370 3022 μέγαν,
426 2949 794 3019 συγκαθιέντος
860 2949 1002 3019 αύτῷ
1059 2949 1130 3011 εἰς
1181 2953 1268 3001 τόν
1317 2948 1492 3022 ἀγῶνα
1547 2958 1638 3003 τοῦ
1698 2971 1787 3023 φι-

177 3038 482 3111 λανθρωπον
523 3041 804 3104 Δεσπότου,
841 3042 929 3090 καὶ
975 3042 1068 3096 τὴν
1098 3038 1457 3110 μεγαλαυχίαν
1490 3039 1649 3092 αὑτοῦ
1695 3037 1789 3092 διὰ
1818 3071 1859 3126 C

178 3135 275 3190 τῆς
322 3127 397 3189 εἰς
444 3127 602 3199 ἄκρον
657 3127 917 3200 ὑπομονῆς
953 3135 1053 3178 τῶν
1113 3124 1309 3180 δούλων
1367 3128 1551 3180 ἑαυτοῦ
1605 3130 1790 3180 καθαι-

177 3224 416 3291 ροῦντος·
474 3216 595 3289 ὅπερ
663 3213 746 3268 ἐπὶ
801 3223 890 3268 τοῦ
977 3215 1093 3269 Ἰὼϐ
1150 3220 1417 3289 γενόμενον
1484 3219 1789 3290 μεμαθήκα-

179 3325 292 3378 μεν.
347 3305 415 3358 ‘ll
473 3309 563 3356 καὶ
636 3302 706 3365 εἰς
746 3301 1047 3377 ὑπόδειγμα
1093 3313 1203 3368 τοῖς
1265 3303 1590 3381 ἀφερεπόνοις
1645 3326 1785 3380 παρ-

183 3397 401 3468 άγονται
443 3394 544 3446 ύπό
584 3400 676 3444 τού
726 3399 858 3446 Θεοῦ
911 3395 960 3446 οἱ
1027 3389 1305 3466 δυνάμενοι
1357 3399 1523 3468 μέχρι
1565 3396 1785 3446 θανάτου

184 3483 569 3558 ἐγκαρτερῆσαι
634 3490 744 3544 τοῖς
821 3480 1089 3554 ἁλγεινοῐςο
1159 3485 1224 3542 ὡς
1289 3484 1314 3534 ό
1380 3484 1638 3556 Λάζαρος,
1715 3483 1787 3557 ὃς,

183 3577 438 3633 τοιούτοις
501 3571 671 3625 ἕλκεσι
743 3576 1108 3644 συνεχόμενος.
1185 3567 1424 3644 οὐδαμοῦ
1498 3577 1790 3646 γέγραπται

186 3666 302 3716 οὔτε
334 3662 564 3723 αἰτήσας
594 3681 646 3713 τι
676 3664 761 3712 τὸν
787 3660 1034 3712 πλούσιον
1062 3660 1197 3730 (3'2),
1231 3660 1348 3712 οὗτε
1379 3656 1790 3735 δυσαρεστηθιὶς

184 3760 290 3814 τοίς
343 3758 599 3824 παροῦσι-
654 3747 738 3801 διὸ
787 3753 874 3800 καὶ
922 3751 1081 3819 ἔτυχε
1127 3757 1218 3809 τῆς
1268 3747 1318 3800 ἂν
1357 3757 1430 3818 τῷ
1478 3748 1650 3820 κόλπῳ
1698 3757 1790 3803 τοῦ

191 3839 436 3913 Ἀϐραὰμ
493 3836 848 3903 ἀναπαύσεως,
895 3839 964 3899 ὡς
1003 3835 1274 3889 ἀπολαϐὼν
1319 3841 1384 3890 τὰ
1438 3841 1576 3890 κακὰ
1624 3837 1672 3890 ἐν
1724 3847 1785 3911 τῇ

190 3934 294 4000 ζωῇ
341 3927 525 3980 αὐτοῦ.
585 3926 812 4000 Εὖρομεν
861 3921 920 3978 δε
963 3931 1053 3978 καὶ
1091 3923 1248 3984 ἄλλην
1297 3927 1468 3979 αἰτίαν
1509 3925 1789 4002 ἀρρωστηο

192 4021 373 4087 μάτων
427 4024 534 4077 τοῖς
583 4015 753 4087 ἁγίοις
795 4014 1210 4089 συμϐαίνουσαν,
1262 4019 1328 4080 ὡς
1387 4016 1469 4070 ἰπὶ
1512 4026 1603 4070 τοῦ
1643 4017 1792 4071 Ἀπο-

189 4107 401 4164 στόλου.
443 4105 554 4159 Ἱνα
599 4109 697 4178 γὰρ
751 4110 823 4178 μὴ
875 4102 1004 4179 δόξῃ
1054 4105 1378 4179 ὑπερϐαίνειν
1411 4110 1494 4159 τόν
1539 4109 1655 4182 ὅρον
1703 4116 1794 4168 τῆς

186 4196 510 4271 ἀνθρωπίνης
533 4199 752 4268 φύσεως,
782 4200 871 4247 καὶ
899 4200 971 4268 μή
1003 4214 1078 4256 τις
1108 4195 1263 4247 αύτόν
1294 4195 1578 4266 λογίσηται
1607 4197 1723 4267 (33)
1744 4194 1792 4248 ἓν

189 4295 247 4359 τῆ
301 4294 500 4359 ρυσικῆ
553 4293 845 4357 κατασκευῇ
891 4287 1031 4356 ἔχειν
1061 4304 1112 4337 τι
1143 4289 1395 4357 περισσόν
1428 4286 1572 4360 (ὅπερ
1605 4287 1792 4338 ἔπαθον

1899 1797 2141 1862 rogatae.
2163 1793 2342 1860 Quem
2370 1793 2549 1856 enim,
2569 1792 2780 1864 inquit,
2810 1793 3012 1861 diligit
3045 1792 3358 1856 Dominus,
3378 1791 3556 1848 casti-

1898 1882 2081 1951 gat”.
2101 1885 2245 1936 ltcm
2260 1897 2283 1938 .·
2298 1882 2438 1938 Ideo
2455 1883 2614 1938 inter
2631 1897 2729 1937 vos
2751 1882 2930 1937 multi
2949 1882 3271 1952 inﬁrmi,et
3291 1881 3557 1936 imbecil-

1901 1973 2005 2039 les,
2022 1976 2075 2026 ει
2103 1971 2413 2026 dormiunt
2431 1972 2628 2026 multi.
2649 1971 2716 2026 Si
2729 1972 2885 2026 enim
2903 1973 3290 2040 nosmetipsos
3315 1969 3551 2038 diiudi-

1896 2073 2188 2124 caremus,
2216 2074 2334 2114 non
2348 2061 2550 2130 utique
2561 2059 3002 2128 judicaremur.
3021 2060 3175 2114 Dum
3179 2058 3549 2127 judicamur

1895 2155 2094 2206 autem
2100 2164 2161 2219 ,a
2171 2149 2422 2204 Domino
2438 2150 2901 2218 corripimur,ui
2915 2164 3036 2204 non
3048 2164 3181 2203 cum
3197 2147 3307 2203 hoc
3324 2145 3549 2201 mundo

1893 2239 2337 2296 damnentur“.
2362 2238 2541 2311 400
2587 2237 2998 2304 Quamobrem
3029 2237 3134 2310 qui
3169 2239 3315 2292 sunt
3343 2236 3553 2306 hujus-

1895 2326 2083 2395 modi,
2113 2327 2217 2384 ubi
2243 2332 2452 2383 nostra
2493 2328 2768 2400 ipsorum
2809 2327 3026 2384 delicta
3057 2325 3549 2394 cognoverimus,

1895 2432 2014 2472 usu
2037 2415 2355 2472 medicinae
2388 2422 2813 2488 praetermisso,
2847 2430 3060 2487 poenas
3098 2414 3213 2470 sibi
3230 2413 3426 2470 illatas
3452 2412 3554 2468 de-

1894 2504 2042 2562 bent
2071 2504 2308 2561 silentio
2332 2505 2613 2578 perferre.
2642 2505 2819 2575 juxta
2844 2521 3006 2573 eum,
3033 2502 3138 2576 qui
3165 2502 3336 2571 dixit,
3381 2503 3549 2557 Iram

1893 2595 2142 2652 Domini
2150 2595 2427 2665 portabo,
2451 2598 2737 2667 quoniam
2761 2596 3007 2665 peccavi
3030 2594 3142 2650 ei”
3166 2597 3222 2649 et
3247 2593 3330 2648 ita
3349 2607 3554 2648 emen-

1896 2683 2041 2741 dare
2072 2699 2154 2750 se,
2189 2689 2246 2740 ut
2270 2684 2487 2754 dignos
2513 2683 2880 2756 paenitentiae
2911 2682 3140 2738 fructus
3161 2680 3381 2737 edant:
3407 2681 3552 2736 item

1895 2772 2243 2830 meminisse
2276 2773 2533 2840 Domini,
2580 2773 2685 2844 qui
2734 2772 2919 2828 dixit:
2953 2772 3107 2828 Ecce
3129 2786 3314 2826 sanus
3348 2769 3555 2840 factus

1895 2877 1954 2919 es
1969 2877 1993 2918 .'
1997 2864 2131 2932 jam
2145 2863 2276 2917 noli
2283 2877 2554 2930 peccare,
2573 2855 2646 2917 ite
2661 2861 2926 2918 deterius
2945 2861 3058 2916 tibi
3075 2858 3313 2930 aliquid
3326 2860 3558 2915 contin-

1893 2952 2090 3021 gat“.
2111 2948 2406 3006 Accidunt
2430 2953 2633 3006 autem
2673 2950 2856 3005 etiam
2887 2947 3221 3022 aliquando
3251 2945 3556 3016 aegritudi-

1896 3054 2024 3105 nes,
2048 3037 2392 3111 postulante
2413 3037 2682 3108 diabolo,
2713 3053 2853 3093 cum
2877 3037 3101 3092 scilicet
3121 3036 3424 3105 benignus
3441 3036 3557 3090 Do-

1894 3130 2099 3185 minus
2121 3127 2387 3200 aliquem
2409 3126 2568 3182 velut
2584 3125 2852 3198 pugilem
2874 3141 3168 3197 magnum
3189 3141 3328 3179 cum
3343 3124 3477 3194 ipso
3491 3123 3555 3178 in

1896 3220 2203 3274 certamen
2244 3214 2586 3283 committit,
2617 3219 2674 3270 et
2699 3213 3050 3284 jactautiam
3083 3211 3280 3284 ipsius
3311 3224 3553 3266 summa

1896 3320 2212 3362 servorum
2239 3319 2489 3359 suorum
2509 3302 2822 3359 tolerantia
2837 3299 3119 3374 deprimit
3143 3317 3156 3356 :
3181 3298 3348 3374 quod
3368 3297 3556 3354 inlob

1895 3393 2124 3451 factum
2154 3392 2336 3448 fuisse
2373 3391 2698 3447 didicimus
2731 3392 2802 3446 ⁷⁷.
2836 3393 2952 3446 Aut
2979 3389 3159 3446 etiam
3186 3388 3259 3445 iis
3295 3388 3398 3462 qui
3429 3403 3558 3445 ma-

1896 3482 2094 3540 lorum
2117 3481 2506 3538 intolerantes
2547 3485 2707 3544 sunt,
2740 3479 3179 3551 in~exemplum
3206 3495 3244 3535 a
3277 3481 3398 3535 Deo
3422 3493 3558 3552 pro-

1897 3576 2210 3645 ponuntur
2232 3570 2508 3643 quidam,
2539 3570 2644 3642 qui
2675 3569 2933 3626 adversa
2963 3568 3044 3625 ad
3072 3572 3329 3625 mortem
3361 3583 3554 3641 usque

1898 3666 2358 3735 perseveranter
2387 3659 2640 3716 tolerare
2684 3662 3030 3732 potuerunt,
3071 3656 3234 3714 velut
3274 3659 3554 3726 Lazarus,

1897 3751 2162 3824 quicum
2183 3754 2334 3806 totet
2355 3749 2576 3805 talibus
2601 3747 2900 3804 ulceribus
2919 3746 3397 3812 atﬂictaretur",
3413 3760 3555 3800 nus-

1899 3856 2083 3912 quam
2118 3844 2320 3895 tamen
2351 3838 2628 3894 scribitur
2648 3836 2984 3910 quidquam
3011 3835 3090 3892 ab
3121 3834 3222 3890 illo
3251 3833 3432 3889 divite
3451 3837 3558 3890 aut

1900 3927 2208 4002 petivisse,
2233 3932 2335 3984 aut
2367 3943 2678 3984 morosum
2698 3942 2760 3982 se
2781 3924 3134 3999 puestitisse
3157 3927 3214 3980 et
3235 3922 3557 3979 molestum

1901 4017 1981 4075 ob
1998 4022 2352 4090 praesentem
2370 4033 2570 4072 rerum
2587 4016 2970 4080 statum.Qua
2985 4019 3230 4087 propter
3247 4015 3558 4068 assecutus

1902 4113 1991 4163 est
2034 4107 2304 4179 requiem
2352 4107 2412 4162 in
2446 4106 2580 4161 sinu
2632 4104 2908 4170 Abrahae,
2958 4109 3252 4176 tanquam
3277 4099 3563 4173 quirece-

1903 4197 2089 4270 pisset
2118 4197 2278 4252 mala
2305 4197 2365 4251 in
2388 4195 2507 4252 vita
2550 4211 2662 4250 sua
2695 4197 2768 4248 ⁷³.
2819 4195 3174 4265 Quanquam
3209 4195 3266 4248 et
3297 4190 3554 4247 aliorum

1904 4286 2256 4343 morborum
2289 4301 2532 4341 causam
2576 4284 2636 4339 in
2689 4284 2917 4339 sanctis
2965 4282 3308 4351 contingere
3334 4279 3557 4352 reperi-

191 4377 236 4427 οἰ
289 4377 569 4442 Λυκάονες,
623 4379 891 4447 στέμματα
956 4377 1044 4425 καὶ
1109 4376 1334 4447 ταύρους
1399 4375 1786 4449 προσάγοντες),

1906 4391 2064 4442 mus,
2094 4375 2258 4431 velut
2282 4375 2342 4430 in
2366 4373 2670 4447 Apostolo.
2704 4371 2957 4441 Etenim,
2990 4387 3066 4427 ne
3095 4375 3326 4427 naturae
3361 4369 3563 4425 termi-

193 4466 254 4526 εἰς
302 4467 640 4537 παράστασιν
693 4472 786 4525 τῆς
835 4461 1162 4536 ἀνθρωπίνης
1220 4465 1442 4534 φύσεως,
1499 4471 1561 4536 τῆ
1615 4462 1786 4538 ἀρρω-

196 4562 313 4628 στίᾳ
344 4563 506 4613 συνῆν
534 4550 781 4627 διαρκῶς.

1904 4481 2049 4520 num
2075 4464 2374 4520 videretur
2392 4461 2704 4529 excedere,
2735 4477 2884 4517 neve
2915 4459 3217 4533 quispiam
3243 4458 3560 4514 arbitrare-

1904 4560 1999 4610 tur
2020 4571 2158 4610 cum
2191 4552 2543 4609 naturaliter
2573 4551 2799 4625 aliquid
2830 4551 3003 4607 solito
3034 4551 3234 4620 majus
3262 4555 3321 4605 et
3359 4548 3558 4610 excel-

190 4643 406 4700 lentius
434 4642 658 4698 habere
679 4641 868 4714 (quod
907 4641 1106 4698 visum
1136 4645 1228 4698 est
1257 4641 1661 4714 Lycaonibus,
1681 4644 1787 4715 qui
1811 4645 1864 4700 ei
1891 4660 2149 4700 coronas
2175 4642 2443 4699 obtulere
2475 4648 2532 4698 et
2553 4647 2759 4700 tauros
2777 4642 2869 4708 ⁸ο),
2897 4640 3119 4696 idcirco
3144 4639 3221 4696 ad
3242 4638 3557 4695 declaran~

195 4735 332 4792 dam
357 4739 641 4790 naturam
671 4733 1006 4789 humanam
1027 4731 1250 4804 jugiter
1280 4749 1420 4788 cum
1447 4733 1819 4804 aegretudine
1851 4732 2336 4792 conﬂictabatur.

261 4914 310 4948 τ³
344 4914 514 4967 Prov.
544 4927 627 4977 ιιι,
665 4915 749 4967 12.

186 4987 237 5020 τ’
263 4982 414 5040 ibid.
444 4987 534 5044 22.
557 4987 647 5039 25.

851 4912 901 4946 τι
929 4913 947 4966 ι
981 4912 1112 4967 Cor.
1145 4923 1222 4980 XI,
1246 4913 1334 4979 30,
1359 4913 1448 4966 32.

724 4983 772 5017 ⁸ο
796 4985 922 5038 Act.
952 4997 1069 5052 xxv,
1113 4985 1194 5037 t2.

263 5165 381 5231 (ξς)
431 5159 579 5216 Editi
626 5159 685 5212 ού
711 5162 777 5211 τὰ
807 5156 922 5231 διά,
950 5161 1022 5214 At
1049 5157 1354 5231 mss.__duo
1380 5163 1496 5212 οὔτε
1526 5155 1794 5231 διώ-Διί-

202 5229 428 5306 quanto
473 5237 612 5306 post
640 5233 700 5286 in
740 5230 1141 5306 Vossii_veteri
1167 5229 1322 5286 libro
1353 5236 1626 5300 corrupte
1655 5229 1795 5301 legi-

203 5299 290 5362 fur
317 5308 438 5357 οὔτε
469 5299 750 5374 ἆποδοχῆν
775 5310 874 5374 τῶν
901 5303 986 5374 φθ.

264 5377 382 5446 (29)
416 5375 583 5446 Unus
612 5371 756 5446 xii—ss.
786 5371 996 5446 ἑαυτούς
1019 5371 1306 5446 ξκρίνομεν.

290 5441 384 5518 30)
419 5444 659 5518 Veteres
687 5445 811 5518 duo
839 5443 977 5500 libri
1005 5441 1041 5496 δ
1046 5441 1098 5497 ιᾶ
1128 5441 1398 5518 τόποιείν,

290 5451 384 5518 30)
419 5449 659 5501 Veteres
687 5449 811 5500 duo
839 5449 977 5500 libri
1005 5449 1098 5497 διὰ
1128 5449 1187 5498 τὸ
1215 5451 1398 5499 ποιεῖν.

265 5449 382 5597 231)
413 5517 690 5597 Sic_mss_.
735 5515 860 5572 duo
889 5519 1120 5597 printer
1144 5513 1616 5597 gombe_tisium._
1642 5513 1795 5576 Editi

203 5587 460 5660 γίνεσθυί.
482 5590 613 5646 lox
641 5590 782 5660 Reg.
812 5587 1048 5662 primus
1067 5591 1126 5646 et
1152 5589 1319 5646 Voss.
1344 5587 1517 5659 ὥσπερ
1546 5587 1676 5660 γάρ.

1530 4911 1580 4945 ⁷⁵
1613 4911 1781 4968 Mich.
1814 4928 1917 4980 vu,
1950 4916 2000 4968 9.

2614 4911 2658 4945 77
2700 4908 2812 4965 Job
2842 4923 2904 4972 ιι,
2931 4907 2986 4963 6.
3064 4906 3112 4941 ⁷⁸
3146 4906 3282 4960 Luc.
3312 4918 3433 4973 xvr,
3459 4905 3548 4958 20.

2081 4911 2128 4947 ⁷⁸
2156 4914 2327 4970 Joan.
2360 4927 2414 4978 v,
2453 4909 2536 4965 lt.

1975 5162 2086 5232 (32)
2118 5160 2263 5217 Editi
2285 5163 2349 5232 et
2378 5173 2533 5214 unus
2564 5172 2676 5232 ms:
2705 5175 2757 5232 τι
2796 5159 2884 5206 τὸν
2916 5153 3232 5232 πλησίονια
3251 5149 3554 5232 proicimo,

1906 5220 2182 5304 corrupte
2233 5230 2396 5285 Alius
2451 5226 2892 5304 m§._ﬂ.0'50'tov,
2955 5220 3293 5280 emendate.
3351 5220 3557 5277 Codex

1905 5299 2334 5359 νο38.“τοιουτον
2363 5304 2450 5351 τὸν
2480 5299 2746 5350 πλούσιον.

1975 5373 2086 5443 (33)
2111 5376 2249 5444 Reg.
2276 5372 2519 5444 primus
2537 5368 2833 5444 λογίσαιτο,
2851 5364 3046 5444 Vo_s_sii
3072 5368 3244 5444 vetus
3273 5362 3427 5444 liber
3447 5361 3556 5444 ἑλοτ

1901 5436 2108 5514 γίσατρ.
2143 5436 2351 5500 εἶξιίῆη
2370 5446 2492 5514 tres
2521 5436 2907 5514 mss.__p_r&3_ler
2934 5438 3260 5514 Voss._¢_imp_
3279 5436 3555 5514 ἔπαθον-Δοί

1901 5506 2036 5568 λυκ.
2070 5513 2214 5582 Reg.
2249 5512 2460 5568 tertius
2500 5514 2559 5566 et
2599 5506 2742 5568 editi
2780 5509 2958 5582 Δὥσπερ
2999 5509 3067 5565 οἱ.
3101 5506 3554 5582 Nec'itatnulto

1901 5590 2043 5666 post
2068 5580 2236 5642 Colb.
2269 5585 2545 5666 στέμματα
2571 5585 2661 5650 καὶ
2689 5580 2938 5655 τράγους)
2971 5596 3218 5652 corona:
3242 5587 3299 5641 et
3329 5580 3554 5652 hircos.
