4082 6178
581 259 709 322 103i

586 479 773 550 possit
803 477 1102 549 ejusmodi
1146 476 1498 533 hominibus
1561 475 1669 532 eeu
1699 477 1920 549 potius,
1946 476 2112 548 quod
2142 477 2227 532 eis

587 565 921 640 periculum
952 582 1072 622 non
1122 565 1453 639 impendet,
1505 565 1611 638 qui
1655 565 1882 621 scilicet
1905 565 1980 621 ad
2007 581 2228 638 corpus

583 657 922 712 curandum
946 673 1007 712 se
1023 673 1059 712 a
1075 661 1239 712 recta
1263 657 1493 712 ratione
1516 660 1829 712 avertant?
1851 655 1961 721 Qui
1986 671 2131 710 vero
2156 669 2230 710 ex

581 759 772 816 prava
796 744 973 800 diaeta
1002 745 1263 817 sibiipsis
1293 745 1558 800 ascivere
1585 744 2019 807 inﬁrmitatem,
2042 743 2081 799 ii
2106 759 2232 800 cor-

580 833 744 906 poris
765 833 1092 900 curatione,
1123 833 1302 906 quasi
1322 832 1593 906 quodam
1618 841 1759 905 typo
1791 838 1848 888 et
1878 830 2229 906 exemplari,

585 920 662 977 ad
693 921 961 978 animam
988 921 1324 980 curandam
1379 921 1461 978 uti
1503 921 1746 992 debent,
1779 924 1930 978 sicut
1960 921 2232 993 superius

581 1009 812 1066 dictum
830 1016 940 1066 est.
975 1010 1202 1066 Etenim
1241 1017 1298 1067 et
1318 1026 1390 1066 ex
1420 1025 1481 1067 re
1509 1016 1716 1067 nostra
1739 1011 1936 1076 fuerit,
1969 1026 2005 1065 a
2035 1009 2230 1065 noxiis

579 1113 653 1154 ex
675 1097 912 1154 medica
946 1098 1177 1154 ratione
1205 1097 1526 1168 abstinere,
1564 1098 1730 1153 utilia
1769 1097 2040 1165 seligere,
2074 1112 2231 1168 prae-

579 1191 753 1260 cepta
783 1202 1045 1243 servare.
1077 1192 1269 1260 Atque
1293 1187 1427 1260 ipsa
1455 1188 1637 1242 etiam
1666 1187 1938 1260 corporis
1971 1186 2049 1242 ab
2073 1187 2233 1241 inﬁr-

580 1278 785 1333 mitate
809 1275 887 1333 ad
917 1277 1145 1332 bonam
1168 1275 1587 1332 habitudinem
1619 1276 2011 1333 commutatio
2039 1277 2110 1331 sit
2129 1291 2234 1330 no-

579 1365 672 1421 bis
701 1366 833 1421 loco
863 1364 1074 1435 solatii,
1111 1369 1176 1421 ut
1213 1379 1287 1420 ne
1309 1363 1702 1436 desperemus
1733 1365 1808 1421 de
1828 1363 2235 1436 anima,quasi

579 1470 652 1510 ex
668 1452 926 1525 peccatis
944 1452 1021 1508 ad
1044 1469 1217 1508 suam
1239 1453 1429 1524 ipsius
1446 1453 1848 1523 integritatem
1870 1469 2080 1508 rursus
2128 1465 2234 1524 per

581 1541 992 1614 pmnitentiam
1006 1541 1217 1596 reverti
1233 1555 1353 1596 non
1368 1547 1592 1613 posset.
1607 1545 1806 1614 Neque
1820 1529 1998 1611 igitur
2009 1539 2236 1610 fugien-

580 1629 660 1685 da
680 1629 916 1702 penitus
937 1645 1034 1685 ars
1056 1629 1169 1685 ista
1189 1634 1502 1701 est,neque
1524 1631 1668 1686 inea
1687 1631 1886 1686 omnis
1902 1645 2040 1702 spes
2057 1629 2236 1685 collo-

1921 263 1978 318 S.
2023 262 2273 320 BASILII
2309 259 2553 320 IAGNL

659 393 711 448 5.
747 389 899 456 Quid
921 390 1101 459 igitur
1115 385 1507 445 emolumenti
1534 403 1600 444 ex
1628 385 1924 443 medicina
1945 387 2228 443 accedere
2260 387 2311 460 Α,

3743 261 3860 314 10⁸52

2415 391 2466 441 5.
2499 391 2562 440 Τί
2607 381 2694 438 οὖν
2741 393 2851 446 τοῖς
2880 387 3137 446 τοιούτοις
3177 403 3320 458 παρα
3346 391 3435 445 τῆς
3465 382 3682 457 ἰατρικῆς
3701 387 3868 453 γίνοιτο

2338 471 2521 549 κέρδος
2561 491 2575 540 ;
2616 479 2706 526 καὶ
2761 475 2889 545 ούχὶ
2928 472 3115 546 μᾶλλον
3169 469 3425 539 κίνδυνος,
3473 471 3872 548 μετεωριζομένοις

2339 563 2440 617 ἀπὸ
2498 571 2591 616 τοῦ
2632 565 2789 637 ὀρθοῦ
2834 561 2989 634 λόγου
3039 563 3110 622 εἰς
3164 566 3258 620 τὴν
3314 570 3403 613 τού
3457 567 3679 633 σώματος
3722 559 3871 632 ἐπιμί-

2336 653 2520 716 λειαν;
2567 657 2683 712 Τοῖς
2729 671 2786 723 γε
2823 657 2926 723 μὴν
2973 649 3027 702 ἐκ
3073 657 3299 724 πονηρᾶς
3359 645 3565 710 διαίτης
3607 654 3691 708 τήν
3741 647 3874 724 ἀρρωο

2339 745 2490 794 στίαν
2560 740 2760 800 ἑαυτοῖς
2828 740 3238 812 συναθροίσασιν
3303 735 3404 790 οἷον
3464 741 3602 810 τύπῳ
3663 741 3754 789 τινὶ
3808 742 3876 788 καὶ

2339 833 2667 905 ύπογραμμῷ
2712 832 2972 903 χρηστέον
3003 835 3064 900 τῇ
3114 835 3207 879 τού
3258 833 3493 900 σώματος
3525 829 3748 901 Θεραπεία
3773 831 3877 902 πρὸς

2339 923 2433 978 τὴν
2489 926 2580 978 τῆς
2634 918 2816 989 ψυχῆς
2855 915 3161 988 ἐπιμέλειαν,
3211 918 3348 968 καθά
3399 921 3637 990 πρότερον
3689 919 3861 990 είρηται

2338 1009 2396 1061 Ἣ
2445 1011 2546 1081 γὰρ
2595 1005 2775 1078 ἀποχὴ
2810 1015 2910 1058 τῶν
2965 1003 3300 1078 βλαπτόντων
3365 1009 3497 1058 κατὰ
3550 1009 3632 1056 τὸν
3688 1005 3880 1078 ἰατρικὸν

2339 1099 2489 1169 λόγον
2540 1099 2627 1148 καὶ
2673 1097 2798 1168 ἡμῖν
2847 1093 2984 1146 ἐστιν
3030 1094 3300 1167 ὠφέλιμος,
3343 1095 3372 1152 ἡ
3425 1091 3599 1165 ἐκλογή
3645 1102 3734 1147 τῶν
3771 1114 3882 1167 χρη·

2345 1191 2528 1259 σίμων,
2589 1188 2619 1243 ἠ
2663 1183 2862 1257 φυλακή
2904 1192 3004 1236 τῶν
3048 1183 3514 1256 παραγγελμάτων.
3552 1188 3645 1236 Καὶ
3687 1183 3801 1240 αύτή
3837 1180 3883 1235 δε

2342 1278 2371 1334 ἡ
2427 1284 2518 1336 τῆς
2557 1276 2750 1348 σαρκὸς
2793 1273 2894 1326 ἀπὸ
2938 1272 3234 1347 ἀρῥωστίας
3281 1277 3408 1347 πρὸς
3445 1271 3632 1335 εὐεξίαν
3668 1271 3882 1345 μεταϐολὴ

2342 1365 2650 1440 παραμυθία
2700 1365 2924 1434 γινέσθω
2980 1365 3106 1436 πρὸς
3159 1366 3217 1414 τὸ
3265 1369 3337 1434 μὴ
3385 1360 3739 1432 ἀπογινώσκειν
3781 1362 3887 1433 ἡμᾶς

2342 1462 2438 1514 τῆς
2489 1453 2692 1525 ψυχῆς,
2743 1455 2808 1512 ὡς
2855 1451 2912 1503 ού
2969 1446 3262 1523 δυναμένης
3310 1449 3365 1504 ἐκ
3413 1458 3512 1503 τῶν
3551 1449 3888 1525 ἁμαρτημάτων

2344 1547 2473 1615 πρὸς
2512 1547 2604 1600 την
2644 1543 2834 1594 οἰκείαν
2873 1538 3026 1592 πάλιν
3065 1539 3373 1613 ὁλοκληρίαν
3407 1536 3499 1592 διὰ
3542 1548 3630 1600 τῆς
3665 1541 3890 1610 μετανοίας

2346 1631 2652 1684 ἐπανελθεῖν.
2723 1631 2856 1681 Οὔτε
2911 1624 2999 1680 οὖν
3056 1633 3296 1700 φευκτέον
3351 1631 3519 1685 πάντη
3574 1632 3660 1686 τήν
3718 1631 3888 1698 τέχνην,

582 1719 802 1774 cauda.
822 1718 934 1775 Sed
948 1717 1472 1791 quemadmodum
1488 1719 1709 1775 utimur
1721 1718 1970 1792 quidem
1985 1717 2237 1790 agricul-

2347 1723 2462 1772 οὔτε
2515 1716 2590 1770 ἐπ’
2640 1717 2770 1789 αὐτῇ
2826 1719 3000 1776 πάσας
3047 1720 3142 1778 τὰς
3189 1713 3412 1778 ἐλπίδας
3461 1720 3600 1787 ἔχειν
3638 1714 3889 1766 ἀκόλουθον.

585 1812 736 1877 tum,
765 1808 870 1863 sed
895 1813 1095 1863 tamen
1118 1823 1154 1863 a
1177 1809 1294 1863 Deo
1321 1809 1582 1880 petimus
1602 1807 1847 1879 fructus,
1875 1807 2236 1880 etquemad-

582 1897 835 1952 modum
859 1899 1291 1953 committimus
1314 1897 1796 1968 gubernaculum
1820 1896 2236 1968 gubernatori,

583 1988 772 2042 Deum
803 2002 942 2042 vero
975 2002 1264 2056 rogamus
1294 1992 1358 2043 ut
1381 2002 1453 2042 ex
1480 1987 1697 2060 pelago
1724 1987 2061 2042 evadamus
2082 1987 2241 2041 inco-

584 2077 819 2131 lumes:
866 2077 947 2131 ita
979 2091 1242 2148 quoque,
1277 2076 1345 2146 si,
1377 2092 1514 2132 cum
1547 2077 1698 2132 ratio
1732 2077 1892 2139 sinit,
1933 2073 2241 2131 medicum

583 2165 1060 2234 advocemus,ab
1087 2181 1158 2222 ea
1179 2181 1315 2237 quae
1339 2165 1398 2221 in
1431 2165 1549 2222 Deo
1572 2166 1858 2239 ponenda
1879 2172 1967 2222 est
1991 2182 2095 2238 spe
2117 2180 2241 2221 non

583 2255 944 2309 excidimus.
983 2255 1226 2310 \‘idetur
1255 2260 1458 2310 autem
1494 2256 1639 2311 mihi
1669 2255 1796 2310 haec
1827 2272 1924 2308 ars
1947 2254 2026 2309 ad
2057 2251 2244 2310 conti“

583 2341 850 2396 nentiam
877 2357 1123 2412 quoque
1154 2357 1276 2396 non
1303 2357 1524 2414 parum
1547 2343 1840 2398 conferre.
1871 2341 2054 2397 Video
2075 2341 2242 2397 enim

583 2434 640 2484 et
661 2428 997 2500 voluptates
1030 2430 1108 2484 ab
1138 2430 1274 2501 ipsa
1299 2430 1580 2498 rescindi,
1615 2436 1672 2486 et
1702 2431 2040 2486 satietatem
2066 2429 2241 2484 dam-

584 2517 800 2582 nari,et
823 2518 1015 2572 victus
1041 2518 1411 2586 varietatem,
1436 2518 1812 2592 nimiamque
1847 2518 1904 2573 in
1939 2533 2242 2590 apparan-

588 2606 683 2661 dis
697 2605 1099 2661 condimentis
1116 2605 1421 2662 solertiam
1437 2605 2066 2663 velutincommodam
2083 2606 2243 2662 able-

594 2695 747 2763 gari:
766 2700 821 2750 et
842 2693 902 2750 in
931 2711 1175 2750 summa
1198 2693 1596 2763 indigentiam
1617 2695 1696 2750 ab
1717 2695 1931 2750 eadem
1954 2694 2245 2767 appellari

593 2783 866 2838 sanitatis
893 2790 1167 2852 matrem,
1212 2783 1254 2838 it
1283 2790 1384 2839 aut
1442 2799 1514 2838 ex
1539 2783 1654 2844 hac
1705 2785 1883 2840 etiam
1916 2791 2083 2856 parte
2113 2784 2246 2854 ejus

595 2870 912 2926 consilium
943 2871 1114 2944 401
1142 2872 1317 2927 nobis
1363 2872 1566 2928 inutile
1615 2889 1738 2929 non
1782 2874 1874 2929 sit.
1911 2875 2038 2929 Sive
2068 2872 2248 2942 igitur

597 2960 821 3015 utimur
849 2959 1177 3033 aliquando
1209 2960 1523 3017 medicinae
1549 2963 1883 3034 praeceptis,
1908 2963 2030 3017 sive
2057 2979 2130 3016 ea
2159 2976 2249 3016 re-

2351 1807 2484 1860 Ἀλλ’
2541 1810 2609 1869 ὡς
2650 1806 2957 1878 κεχρήμεθα
2997 1807 3085 1877 μὲν
3128 1813 3190 1878 τῇ
3233 1814 3524 1879 γεωργικῇ,
3567 1804 3816 1876 αἰτούμεθα
3847 1798 3893 1854 δι

2348 1897 2491 1970 παρά
2526 1903 2618 1948 τοῦ
2659 1902 2791 1947 Θεοῦ
2817 1897 2936 1956 τούς
2963 1897 3208 1967 καρπούς·
3239 1898 3328 1946 καὶ
3356 1903 3431 1964 τῷ
3459 1892 3727 1968 κυϐερνήτῃ
3757 1897 3831 1964 μεν
3848 1894 3892 1942 τὸ

2349 1987 2464 2055 (34)
2492 1981 2750 2042 πηδάλιον
2782 1982 3136 2056 ἐπιτρέπομεν,
3182 1991 3253 2053 τῷ
3293 1990 3412 2054 Θεῷ
3461 1980 3518 2035 δε
3543 1981 3894 2055 προσευχόμεθα

2349 2074 2403 2126 ἐκ
2454 2081 2547 2126 τοῦ
2599 2073 2848 2144 πελάγους
2903 2071 3243 2130 ἀποσωθῆναι
3286 2073 3427 2124 οὕτω
3482 2078 3570 2124 καὶ
3608 2073 3764 2144 ἰατρὸν
3811 2069 3875 2121 εἰσ

2351 2165 2580 2233 ἄγοντες,
2629 2163 2712 2214 ὅτε
2741 2160 2890 2232 λόγος
2938 2168 3212 2236 συγχωρεῖ
3254 2161 3395 2234 (35),
3428 2169 3520 2224 τῆς
3549 2166 3672 2236 πρὸς
3699 2163 3808 2213 Θεὸν
3834 2155 3895 2209 ἔλ-

2350 2248 2504 2312 πίδος
2550 2251 2644 2302 οὐκ
2688 2249 3035 2322 ἀφιστάμεθα.
3082 2249 3227 2323 Ἐμοὶ
3268 2245 3326 2302 δὲ
3371 2254 3619 2323 καὶπρὸς
3655 2248 3897 2323 ὲγκράτειαν

2351 2339 2410 2392 ού
2459 2343 2642 2413 μικρὸν
2676 2339 2930 2392 συντελεῖν
2959 2339 2990 2397 ἠ
3037 2342 3197 2410 τέχνη
3246 2343 3504 2411 φαίνεται.
3541 2339 3668 2413 ’0ρώ
3703 2339 3810 2411 γὰρ,
3841 2337 3899 2386 ὅτι

2351 2434 2440 2481 καὶ
2469 2431 2664 2501 τρυφὰς
2716 2425 2998 2480 ἀποκόπτει
3047 2428 3181 2499 (36),
3211 2433 3300 2480 καὶ
3325 2428 3633 2501 πλησμονὴν
3664 2424 3899 2486 διαϐάλλει,

2351 2522 2441 2569 καὶ
2514 2516 2775 2569 ποικιλίαν
2835 2513 3068 2583 διαίτης,
3139 2522 3228 2569 καὶ
3301 2535 3575 2591 περιεργον
3645 2515 3901 2591 ἀρτυμάτων

2353 2604 2602 2671 ἐπίνοιαν,
2658 2607 2721 2665 ὡς
2773 2603 3094 2680 ἀσύμφορον,
3139 2603 3525 2678 ἀποπέμπεται⁸
3581 2611 3666 2658 καὶ
3700 2607 3752 2657 τὸ
3802 2603 3903 2673 σύμ·

2352 2714 2474 2761 παν,
2515 2698 2608 2752 τὴν
2656 2691 2854 2746 ἔνδειαν
2897 2695 3096 2769 μητέρα
3149 2703 3240 2754 τῆς
3284 2693 3467 2765 ὑγείας
3513 2694 3760 2759 ἀποκαλεῖ,
3803 2692 3904 2741 ὥστε

2352 2788 2443 2835 καὶ
2498 2786 2632 2835 κατὰ
2676 2791 2824 2834 τοῦτο
2873 2783 2966 2834 ούκ
3028 2783 3303 2856 ἄχρηστος
3360 2786 3490 2857 ἡμῖν
3543 2785 3573 2842 ἡ
3617 2783 3731 2857 παρ’
3778 2780 3904 2835 αὐτῆς

2358 2871 2648 2944 συμϐουλή,
2698 2873 2815 2924 Εἴτε
2859 2868 2946 2924 οὖν
2985 2874 3239 2945 χρώμεθα
3278 2891 3407 2924 ποτε
3431 2880 3540 2934 τοῖς
3585 2880 3672 2934 τῆς
3711 2869 3903 2940 ἰατρικῆς

2355 2960 2786 3036 παραγγέλμασιν
2845 2962 2977 3030 (37),
3036 2963 3132 3013 εἴτε
3188 2964 3607 3035 παραιτούμεθα,
3663 2959 3782 3011 κατά
3817 2971 3905 3008 τινα

597 3048 924 3121 pudiamus
951 3047 1030 3105 ob
1061 3048 1333 3122 aliquam
1356 3065 1602 3106 causam
1638 3067 1871 3116 earum,
1917 3067 2076 3124 quas
2108 3055 2246 3106 ante

2355 3059 2454 3101 τῶν
2519 3046 3018 3123 προαποδεδομίνων
3083 3048 3269 3120 λόγων,
3328 3051 3355 3100 ὀ
3425 3054 3613 3110 σκοπὸς
3674 3058 3756 3108 τῆς
3809 3047 3906 3119 πρὸς

597 3139 1087 3204 memoravimus,
1115 3138 1234 3194 huc
1277 3141 1679 3211 spectandum
1727 3145 1834 3208 est,
1869 3144 1932 3195 ut
1966 3143 2084 3196 Deo
2118 3138 2245 3209 pla~

597 3241 865 3290 ccamus,
915 3226 1386 3298 consulaturque
1425 3230 1645 3284 animas
1694 3227 1949 3295 utilitati,
2001 3233 2059 3284 et
2086 3243 2246 3284 com-

599 3316 834 3385 pleatur
863 3315 1220 3370 mandatum
1291 3316 1580 3387 Apostoli,
1609 3317 1711 3388 qui
1741 3316 1883 3372 dicit
1908 3334 1919 3371 :
1945 3315 2078 3372 Sive
2109 3331 2250 3388 ergo

600 3403 1006 3467 manducatis,
1057 3405 1179 3459 sive
1205 3404 1421 3473 bibitis,
1473 3406 1596 3461 sive
1624 3406 1771 3477 quid
1797 3407 2023 3475 facitis,
2051 3407 2246 3463 omnia

600 3491 663 3545 in
694 3489 955 3560 gloriam
993 3491 1097 3546 Dei
1117 3492 1386 3561 facite“.

670 3614 712 3647 ³¹
749 3615 926 3670 ICor.
959 3631 1018 3685 x,
1046 3614 1134 3670 3t.

665 3738 778 3808 (34)
813 3737 962 3793 Editi
1005 3738 1291 3812 κυϐερνήτῃ
1328 3737 1387 3792 δε
1414 3744 1492 3792 τό.
1528 3740 1768 3813 Antiqui
1800 3746 1916 3797 tres
1954 3742 2089 3798 libri
2132 3762 2230 3794 κυ-

601 3807 819 3884 ϐερνήτῃ
849 3813 938 3884 μεν
965 3815 1042 3864 τό.

833 3879 983 3960 ἣδε..
1025 3881 1329 3960 tertiusnet
1347 3879 1538 3960 _Vos_s.
1573 3889 1952 3960 συγχωρήσει.
2008 3883 2236 3960 Ibidem

597 3948 740 4006 editi
762 3948 862 4012 ’τῆς
893 3948 1020 4026 πρὸς
1045 3951 1196 4002 αὐτὸν
1217 3948 1446 4014 ἐλπίδος.
1472 3948 1862 4008 (30άὶοόὲήὸο
1887 3957 2062 4026 pauci
2091 3971 2237 4026 pra:-

950 4084 1332 4096 —_

2358 3143 2486 3192 Θεὸν
2551 3139 2928 3212 εὐαρεστήσεως
2997 3138 3266 3203 σωςέσθω,
3336 3145 3432 3192 καὶ
3491 3143 3521 3198 ἠ
3590 3138 3785 3211 ὠφέλεια
3835 3141 3906 3191 τῆς

2355 3227 2538 3299 ψυχῆς
2581 3227 2973 3300 οἰκονομεῖσθω,
3007 3232 3096 3279 καὶ
3133 3231 3192 3278 τὸ
3223 3233 3550 3302 πρόσταγμα
3588 3235 3673 3280 τοὺ
3699 3227 3908 3278 ’Δποστό-

2354 3317 2444 3368 λου
2498 3316 2832 3390 πληρούσθω,
2901 3315 3150 3377 εἰπόντος’
3230 3319 3346 3368 Εἴτε
3413 3315 3502 3370 οὖν
3567 3317 3766 3380 ἐσθίετε,
3833 3311 3908 3363 εἶτε

2356 3410 2548 3474 πίνετε,
2624 3405 2721 3457 εἶτε
2804 3424 2854 3456 τι
2938 3411 3150 3472 ποιεῖτε,
3219 3408 3396 3458 πάντα
3471 3413 3539 3468 εἰς
3604 3401 3749 3468 δόξαν
3807 3405 3910 3454 Θεοῦ

2355 3503 2565 3550 ποιεῖτε.

2343 3747 2430 3798 ter
2457 3745 2618 3797 Voss.
2649 3751 2738 3803 τῆς
2768 3745 2892 3814 πρὸς
2914 3740 3304 3814 Θεὸνίλπίδος.

2417 3815 2530 3956 ἕξω)
2553 3817 2613 3868 ln
2634 3812 2822 3869 Vossii
2843 3814 3025 3870 veteri
3046 3813 3202 3869 libro
3223 3814 3649 3888 legitur-mugiat;
3671 3812 3910 3864 ἐπικύπτει.

2442 3890 2506 3939 37
2570 3888 2728 3940 Unus
2781 3901 2888 3956 ms.
2937 3886 3169 3956 ἰατρικῆς
3210 3887 3597 3956 ἐπαγγέλμασι,
3649 3889 3766 3941 Mox
3794 3883 3908 3948 Reg.

2442 3883 2530 3955 37)
2570 3888 2728 3940 Unus
2781 3901 2888 3959 ΨΒ.
2937 3886 3169 3959 ἰατρικῆς
3210 3883 3597 3959 ἐπαγγέλμασι,
3649 3889 3766 3941 Mox
3794 3883 3908 3948 Reg.

2350 3953 2582 4024 primus
2607 3953 2967 4012 enitendatUs
2999 3953 3083 4008 τὸν
3112 3953 3502 4030 ἀποδεδομένον
3532 3957 3697 4028 λογον.

3685 4107 3912 4126 ..ι-...-

1762 4190 1892 4237 ΤΟΥ
1928 4191 2013 4237 ΕΝ
2053 4190 2272 4238 ΑΓΙΟῙΣ
2313 4189 2566 4238 ΠΑΤΡΟΣ
2607 4193 2799 4239 ΗΜΩΝ

1867 4318 2696 4441 ΒΑΣΙΛΕΙΟΥ

1543 4509 2093 4556 ΑΡΧΙΕΠΙΣΚΟΠΟΥ
2134 4507 2520 4558 ΚΑῘΣΑΡΕΙΑΣ
2561 4511 3038 4560 ΚΑΠΠΑΔΟΚΙΑΣ

1015 4634 1583 4720 ΚΕΦΑΑΛΙΑ
1639 4638 1863 4724 ΤΩΝ
1915 4635 2220 4726 ΟΡΩΝ

2347 4637 2495 4725 QN
2547 4643 2847 4727 KATA
2901 4608 3561 4729 EIIITOMHN.

1145 4855 1662 4963 SANCTI
1737 4860 2264 4968 PATRIS
2337 4861 2860 4970 NOSTRI
2936 4863 3465 4970 BASILII

1514 5034 1878 5090 C/ESARE/E
1922 5011 2387 5094 CAPPA'DOCIAC
2429 5040 3072 5096 ARCHIEPIBPISCOPI

848 5263 850 5266 θ
934 5150 1336 5233 CAPITA
1429 5154 2123 5241 REGULARUM
2214 5155 2698 5239 BREVIUS
2775 5158 3632 5242 TRACTATARUM-

615 5331 789 5404 401
821 5337 852 5390 1
881 5339 967 5388 An
1015 5331 1189 5390 liceat
1235 5341 1340 5391 aut
1385 5333 1667 5409 expediat
1704 5337 1990 5411 cuipiam,
2039 5342 2103 5394 ut
2131 5338 2244 5394 sibi

2365 5337 2408 5389 α’
2459 5338 2519 5390 Ei
2557 5338 2750 5402 ἓξεστιν
2790 5341 2818 5399 ἡ
2875 5345 3122 5416 συμφέρει
3173 5347 3275 5395 τινὶ
3323 5342 3486 5412 ἑαυτῷ
3527 5339 3816 5414 ἐπιτρέπειν,
3851 5335 3924 5383 καὶ

683 5422 986 5490 permittat
1012 5422 1114 5476 {tut
1140 5422 1333 5481 facere
1364 5434 1467 5482 aut
1494 5426 1692 5483 dicere
1720 5443 1856 5499 qua:
1878 5427 2041 5483 bona
2066 5434 2259 5498 putat,

681 5508 828 5564 citra
855 5510 1264 5572 testimonium
1290 5514 1633 5577 divinarum
1664 5515 2125 5590 Scripturarum.

2438 5436 2602 5480 ποιεῖν
2648 5430 2675 5486 ἦ
2730 5427 2894 5500 λέγειν
2944 5429 2979 5481 ἃ
3028 5431 3229 5502 νομίζει
3275 5431 3422 5497 καλὰ,
3463 5431 3582 5482 ἄνευ
3622 5436 3712 5488 τῆς
3745 5427 3924 5500 μαρτν·

2439 5519 2560 5592 ρίας
2587 5524 2687 5570 τῶν
2720 5519 3069 5572 Θεοπνεύστων
3115 5525 3345 5596 Γραγῶν.
