4082 6178
227 255 377 315 1053
1259 261 1693 319 REGULARUI
1738 264 1839 320 BR]

1983 265 2145 322 IRUM
2183 263 2433 323 CAPITU
2443 270 2546 324 LA.
3455 277 3595 332 1054

224 382 265 456 β
314 389 476 437 Ποίαν
498 385 774 457 ὁμολογίαν
801 382 1138 437 ἀπαιτεῖσθαι
1169 381 1252 438 δεῖ
1301 386 1422 459 παρ’
1455 387 1684 446 ἀλλήλων
1715 393 1833 450 τοὺς

2003 391 2249 456 Qualem
2283 393 2717 463 professionem
2748 412 2785 452 a
2817 412 2881 452 se
2934 400 3146 453 mutuo
3197 397 3441 467 exigere
3488 398 3597 454 de-

301 473 390 527 ἕπὶ
418 479 473 527 τὸ
505 475 632 527 αὐτὸ
785 479 919 526 κατὰ
945 479 1072 528 Θεὸν
1095 473 1461 549 βουλομνους.

2009 480 2170 552 bent,
2203 483 2309 555 qui
2345 484 2522 539 simul
2541 484 2879 541 secundum
2910 488 3096 543 Deum
3119 487 3321 543 vivere
3355 487 3590 544 volunt;

218 581 260 636 γ
284 568 388 616 Τὸν
425 564 784 638 ἁμαρτόνοντα
838 572 947 625 πῶς
976 563 1374 639 επις-τρέψομεν,
1413 567 1443 625 ἦ
1478 571 1550 639 μὴ
1583 566 1830 644 ἔπιστρί-

2003 571 2318 636 Quomodo
2338 579 2756 630 convertemus
2773 580 3257 646 peccantem,aut
3280 576 3595 649 quomodo

301 673 464 724 γοντα
489 661 602 714 πῶς
629 656 770 724 ἔχειν
800 658 936 727 χρή.

2011 673 2156 728 erga
2183 675 2324 716 eum
2352 661 2457 732 qui
2477 679 2540 717 se
2573 677 2694 717 non
2723 664 3026 734 convertit,
3056 663 3214 719 afﬁci
3235 664 3557 720 debemus.

222 737 274 794 δ’
318 742 437 796 Ἐἰν
465 761 546 805 τις
583 748 672 793 καὶ
704 743 778 803 εἰς
831 745 898 796 τὰ
933 743 1045 813 (38)
1095 747 1261 818 μικρὰ
1305 744 1663 820 ἁμαρτήματα
1716 765 1832 800 στεσ

2001 746 2058 802 Si
2087 747 2224 818 quis
2251 747 2430 804 etiam
2480 749 2562 804 ob
2614 749 2772 806 levia
2827 757 3079 822 peccata
3117 756 3330 820 urgeat
3381 753 3596 808 fratres

298 839 512 905 νοχωρῇ
562 835 682 894 τοὺς
737 829 1008 905 ἀδελφοὺς,
1040 831 1195 904 λέγων
1226 834 1326 901 ὃτι,
1365 834 1617 905 Ὀγείλετε
1668 853 1831 907 μετα-

2010 835 2234 902 dicens,
2286 839 2698 909 pmnitentiam
2756 839 2834 895 ab
2891 839 3038 911 ipsis
3088 855 3218 896 esse
3264 840 3589 910 agendam,

297 929 511 988 νοῆσαι,
542 927 745 994 μήποτε
773 926 864 974 καὶ
894 921 1052 983 αὐτὸς
1079 921 1421 995 ἄσπλαγχνος
1449 921 1587 991 ἐστι,
1617 929 1708 976 καὶ
1737 929 1834 982 τὴν

2005 924 2288 996 nunquid
2317 929 2377 981 et
2413 927 2542 998 ipse
2564 926 2990 984 immisericors
3019 931 3126 990 est,
3160 931 3220 984 et
3236 927 3592 984 charitatem

300 1007 513 1081 ἀγάπην
543 1009 809 1064 καταλύει.

694 1013 809 1064 κύει.
2009 1011 2306 1069 dissolvit.

221 1099 256 1152 ε’
290 1106 408 1159 Πῶς
432 1099 620 1173 ὀγείλει
655 1118 732 1160 τις
760 1105 1082 1172 μετανοῆσαι
1117 1099 1192 1174 ἐφ’
1226 1100 1428 1175 ἑκάστῳ
1466 1100 1828 1176 ἁμαρτήματι.

2003 1101 2143 1164 Quae
2173 1102 2385 1173 cuique
2429 1118 2540 1175 pro
2581 1119 2826 1178 quoque
2856 1110 3104 1176 peccato
3132 1105 3372 1178 agenda
3401 1104 3594 1178 pani-

2010 1189 2194 1246 tentia
2218 1191 2314 1248 sit.

221 1275 270 1342 ς’
318 1275 380 1327 Ὀ
417 1275 554 1348 λόγῳ
609 1275 870 1349 ὁμολογῶν
909 1285 1190 1349 μετανοεῖν,
1222 1281 1280 1330 τὸ
1331 1275 1389 1331 δι
1428 1278 1716 1352 ἁμάρτημα
1755 1284 1826 1352 μὴ

1994 1277 2104 1343 Qui
2130 1279 2327 1335 verbis
2347 1280 2662 1337 conﬁtetur
2682 1299 2743 1338 se
2765 1283 3074 1355 poenitere,
3096 1286 3414 1355 peccatum
3442 1296 3587 1339 vero

295 1362 684 1440 διορθούμενος,
723 1371 959 1429 ποταπός
978 1365 1138 1422 ἔστιν.

2008 1382 2131 1422 non
2159 1368 2424 1438 corrigit,
2453 1370 2800 1440 cuiusmodi
2829 1377 2938 1426 est.

217 1455 264 1517 ζ
293 1460 362 1508 τί
389 1459 450 1507 τὸ
476 1462 640 1531 κρίμα
663 1464 765 1508 τῶν
793 1452 1139 1510 ἀδικούντων
1164 1459 1286 1520 τοὺς
1316 1457 1720 1533 ἁμαρτανοντας.

2002 1457 2322 1520 Quodnam
2352 1459 2429 1515 sit
2450 1460 2750 1530 judicium
2779 1462 3076 1517 adversus
3105 1473 3210 1517 eos
3246 1461 3352 1534 qui
3383 1460 3593 1517 defeno

1485 1565 1489 1568 ·
2007 1544 2160 1601 dunt
2185 1555 2503 1618 peccantes
2519 1589 2534 1604 .

218 1635 266 1694 η’
296 1639 399 1689 Τὸν
428 1644 774 1711 μετανοοῦντα
799 1641 1032 1708 γνησίως
1069 1644 1180 1700 πῶς
1202 1633 1604 1714 προσδέχεσθαι
1622 1643 1755 1713 χρή.

2001 1633 2189 1698 Quem
2239 1650 2371 1692 vere
2409 1636 2678 1709 panitet,
2729 1636 3044 1710 quomodo
3095 1636 3148 1692 is
3203 1634 3596 1710 recipiendus

1855 1740 1902 1796 Β
2009 1727 2120 1779 est.

223 1816 250 1867 θ
285 1817 422 1888 Πρὸς
450 1817 538 1866 τὸν
563 1812 887 1887 ἅμετανόητα
913 1814 1280 1889 ἁμαρτάνοντα
1315 1824 1420 1876 πῶς
1450 1812 1792 1890 διατεθῶμεν.

1997 1810 2312 1876 Quomodo
2341 1828 2486 1884 erga
2507 1829 2646 1870 eum
2671 1815 2775 1888 qui
2821 1814 2970 1872 citra
3011 1813 3429 1888 pauitantiam
3458 1829 3596 1888 pee-

2009 1907 2127 1970 cat,
2158 1900 2516 1959 efﬁciamur.

225 1991 252 2042 ι’
285 1996 447 2062 γυχή
470 1991 755 2064 ἁμαρτίαις
778 1991 991 2054 πολλαῖς
1015 1992 1467 2066 ταλαιπωρήσασα
1503 1995 1636 2065 μετὰ
1664 2011 1831 2047 ποτα-

1980 1993 2009 2045 0
2037 1991 2272 2056 Quanto
2297 2007 2436 2047 cum
2469 1992 3116 2064 tremore,quantisque
3137 2007 3278 2048 cum
3301 1990 3592 2063 lacrymie

294 2088 396 2132 ποῦ
429 2078 587 2152 φόϐου
609 2086 698 2132 καὶ
723 2081 970 2133 ποταπῶν
1005 2077 1246 2156 δακρύων
1269 2081 1452 2153 ὀφείλει
1483 2080 1833 2157 ἀναχωρῆσαι

2010 2079 2288 2135 recedere
2329 2079 2510 2137 debet
2566 2097 2602 2137 a
2649 2081 2912 2154 peccatis
2943 2080 3167 2148 anima,
3211 2096 3349 2152 quin
3375 2080 3591 2136 misere

296 2177 394 2221 τῶν
427 2169 840 2244 ἁμαρτημάτων.
1051 2208 1055 2213 -

2010 2167 2280 2224 volutata
2311 2177 2400 2224 est
2425 2170 2490 2228 in
2519 2169 2720 2226 multis
2745 2170 3021 2241 peccatis.

227 2257 294 2310 ια’
325 2265 441 2320 Πῶς
468 2259 716 2333 κατορθοῖ
738 2277 820 2321 τις
847 2262 905 2311 τὸ
930 2267 1084 2332 μῖσος
1103 2263 1234 2334 πρὸς
1257 2263 1325 2312 τὰ
1348 2261 1723 2335 ἁμαρτήματα.

1407 2265 1554 2335 ιαρτή
1561 2280 1723 2333 ματα.
1943 2259 2003 2311 ll
2037 2257 2353 2322 Quomodo
2372 2257 2564 2314 oderit
2589 2257 2727 2330 quis
2753 2263 3019 2330 peccata.

225 2345 299 2419 ιβ’
329 2354 446 2409 Πῶς
474 2346 845 2422 πληροφορηθῇ
872 2351 900 2407 ἠ
944 2347 1123 2420 ψυχὴ,
1153 2351 1234 2402 ὅτι
1259 2348 1449 2422 ἀφῆκεν
1482 2349 1612 2423 αὐτῇ
1635 2351 1664 2403 ὁ
1703 2353 1834 2414 Θεὸς

1979 2347 2007 2400 2
2038 2347 2353 2412 Quomodo
2380 2362 2741 2420 persuasum
2765 2363 2895 2404 esse
2925 2349 3122 2419 potest
3143 2346 3591 2414 animm,Deum

293 2454 362 2488 τα
390 2435 770 2510 ἁμαρτήματα.

2011 2435 2124 2492 sibi
2154 2442 2403 2508 peccata
2423 2437 2747 2494 dimisisse.

227 2523 288 2595 ιγ’
319 2525 380 2578 Εἰ
409 2529 520 2599 χρὴ
541 2529 628 2576 τὸν
649 2527 780 2598 μετὰ
809 2528 866 2577 τὸ
899 2523 1182 2598 βάπτισμα
1202 2525 1631 2602 ἐξαμαρτήσαντα
1651 2525 1834 2599 ἀπογι-

1979 2528 2006 2580 3
2036 2533 2146 2594 An,
2175 2525 2281 2598 qui
2326 2531 2464 2598 post
2484 2525 2790 2599 baptisma
2819 2526 3110 2598 peccavit,
3134 2523 3354 2581 debeat
3389 2524 3464 2580 de
3493 2538 3591 2579 aa-

291 2618 514 2664 νὼσκειν
569 2621 667 2674 τῆς
723 2613 908 2666 ἑαυτοῦ
976 2618 1261 2687 σωτηρίας,
1319 2613 1368 2667 ἄν
1423 2615 1610 2674 πλήθει
1661 2624 1832 2668 κακῶν

2009 2615 2130 2670 lute
2163 2631 2276 2671 sua
2303 2615 2913 2688 desperare,maxime
2943 2617 2993 2672 si
3014 2616 3078 2672 in
3104 2615 3308 2671 multis
3331 2613 3594 2686 peccatis

293 2703 572 2774 εὐροθεντα
593 2717 606 2731 °
642 2701 672 2759 ἣ
699 2702 794 2762 ἕως
821 2702 936 2773 (39)
964 2707 1116 2755 ποίου
1137 2708 1325 2778 μέτρον
1345 2704 1610 2778 ἁμαρτιῶν
1633 2703 1835 2758 ἐπελπί-

2009 2704 2422 2777 deprehensus
2443 2706 2618 2762 fuerit
2646 2722 2660 2761 ε
2696 2707 2792 2762 vel
2814 2723 3002 2780 usque
3031 2705 3111 2762 ad
3138 2717 3328 2776 quam
3354 2717 3595 2760 menu-

297 2791 404 2850 ζειν
430 2795 541 2865 χρὴ
569 2798 631 2863 τῇ
656 2798 748 2842 τοῦ
771 2799 904 2843 Θεοῦ
922 2791 1282 2864 φιλανθρωπίᾳ
1313 2789 1404 2844 διὰ
1423 2802 1515 2854 τῆς
1538 2797 1829 2866 μετανοίας.

2013 2810 2145 2850 ram
2170 2799 2559 2866 peccatorum
2589 2797 2961 2868 sperandum
2990 2795 3067 2851 sit
3087 2794 3150 2850 in
3179 2793 3282 2849 Dei
3329 2791 3592 2848 bonitate

231 2965 284 3021 ιδ
324 2969 418 3020 Ἐκ
447 2973 609 3020 ποίαν
637 2976 848 3042 καρπῶν
886 2967 1074 3040 ὀφείλει
1125 2965 1510 3042 δοκιμάζεσθαι
1561 2971 1591 3028 ἠ
1635 2969 1833 3032 ἀληθὴς

2013 2899 2119 2955 per
2147 2887 2578 2954 paenitentiam.

1979 2973 2010 3027 4
2044 2973 2126 3028 Ex
2155 2969 2378 3043 quibus
2415 2969 2710 3027 fructibus
2742 2970 2986 3042 probari
3014 2969 3193 3026 debet
3231 2985 3374 3026 vera
3397 2969 3591 3041 pani-

297 3060 573 3130 μετάνοια.
1863 3086 1907 3130 ο

1863 3086 1907 3130 ο
2013 3056 2214 3115 tentia.

341 3086 573 3111 ῐῖανυιοι.

231 3086 374 3198 ιε’ἒί
403 3145 519 3198 ἐστι
548 3149 628 3212 τὸ,
655 3147 886 3208 Ποσοὶκις
917 3145 1124 3221 ἁμάρτῃ
1168 3166 1234 3207 εις
1264 3145 1353 3219 ἔμε
1377 3148 1405 3199 ὀ
1445 3143 1665 3220 ἁδελφός
1707 3166 1828 3220 μου,

2015 3086 2215 3115 ιυυιιει.

1979 3153 2008 3202 5
2038 3146 2190 3212 Quid
2219 3147 2512 3219 signiﬁcet
2538 3148 2654 3203 hoc
2686 3165 2699 3202 :
2735 3147 2974 3214 Quoties
3012 3151 3350 3215 peccaverit
3396 3147 3461 3200 in
3498 3159 3591 3200 me

297 3240 390 3287 καὶ
415 3233 604 3307 ἀφήσω
644 3235 806 3305 αὐτῷ.

2005 3237 2209 3307 frater
2226 3253 2408 3303 meus,
2439 3238 2493 3293 et
2519 3236 2820 3292 dimittam
2842 3237 2896 3291 ei
2911 3235 2954 3272 ⁸³
2982 3235 3023 3287 '.

231 3324 295 3388 ις’
326 3330 420 3382 Διή
449 3329 500 3376 τί
530 3327 653 3376 ποτε
683 3343 772 3396 μεν
809 3326 838 3382 ἠ
870 3323 1024 3396 ψυχὴ
1066 3329 1155 3376 καὶ
1183 3328 1254 3396 μὴ
1298 3325 1702 3391 σπουδάζουσα,
1737 3323 1834 3376 αὑ-

2065 3329 2150 3380 :ur
2177 3325 2510 3398 aliquando
2533 3326 2738 3381 anima
2752 3324 2931 3380 etiam
2952 3323 3100 3380 citra
3119 3328 3406 3380 conatum
3430 3337 3591 3380 com-
3662 3345 3677 3360 -

295 3416 533 3486 τομάτως
591 3410 788 3485 σχεδὸν
831 3411 1142 3486 ὶμπεσόντος
1196 3418 1378 3477 πόνον,
1424 3417 1831 3486 κατανύσσεται⁹

2010 3413 2318 3487 pungitur,
2351 3413 2556 3470 dolore
2577 3413 2698 3469 fere
2719 3413 3068 3469 naturaliter
3092 3413 3154 3468 in
3175 3428 3238 3468 se
3256 3411 3591 3478 incidente;

294 3507 420 3555 ποτε
453 3499 512 3555 δι
551 3505 739 3565 ἄπονος
769 3503 933 3564 οὕτως
953 3502 1113 3571 εστὶν,
1141 3505 1206 3565 ὡς
1229 3508 1318 3556 καὶ
1347 3501 1636 3577 βιαζομένῃ
1671 3523 1833 3556 κατα-

2012 3501 2341 3575 aliquando
2363 3518 2504 3558 vero
2541 3502 2625 3557 ita
2648 3500 2876 3558 doloris
2907 3515 3120 3573 expers
3152 3506 3257 3566 est,
3311 3507 3375 3558 ut
3411 3502 3592 3556 etiam

294 3600 519 3662 νυγῆναι
547 3597 618 3664 μὴ
651 3588 931 3647 δύνασθαι.

2011 3592 2228 3663 quovis
2269 3596 2490 3646 conatu
2518 3589 2812 3654 adhibito,
2842 3589 3170 3662 compungi
3197 3605 3322 3644 non
3374 3589 3592 3661 possit.

230 3681 289 3742 ιζ
321 3681 440 3734 Ἐάν
487 3701 568 3741 τις
604 3685 741 3734 κατὰ
776 3689 893 3734 νοῦν
931 3685 1261 3754 μνημονεύσῃ
1311 3689 1404 3735 τοῦ
1462 3689 1660 3754 φαγεῖν,
1721 3678 1832 3735 εἶτα

1981 3680 2094 3736 7Si
2123 3679 2261 3752 quis
2293 3680 2609 3736 comedere
2653 3680 2716 3736 in
2770 3679 2976 3736 animo
3023 3677 3319 3746 habuerit,
3373 3675 3593 3732 deinde

293 3778 537 3841 καταγνῷ
557 3770 760 3836 ἑαυτοῦ,
792 3770 837 3823 εἰ
863 3775 954 3824 καί
983 3771 1132 3832 οὗτος
1174 3774 1243 3834 ὡς
1284 3776 1611 3846 μεριμνήσας
1640 3768 1830 3843 ἔγκλη-

2009 3767 2506 3825 condemnaverit
2531 3784 2593 3824 se
2619 3769 2838 3841 ipsum,
2887 3782 2966 3822 an
3021 3765 3086 3821 id
3143 3763 3255 3821 sibi
3299 3770 3589 3836 tanquam

298 3861 361 3917 θή
373 3879 544 3914 σεται.

2008 3856 2184 3912 anxie
2214 3856 2468 3912 sollicito
2500 3857 2858 3912 vertendum
2893 3855 2966 3910 sit
2990 3854 3147 3910 vitio.

227 3947 291 4006 ιε’
313 3948 378 4002 Εἰ
405 3954 515 4022 χρὴ
545 3947 593 4000 ἂν
625 3945 937 4021 ἀδελφότητι
961 3957 1033 4020 τῷ
1073 3947 1493 4024 ὶξαμαρτήσαντί
1521 3967 1642 4002 ποτε
1669 3968 1826 4022 φρον-

1980 3948 2004 4000 Β
2035 3950 2126 4001 An
2153 3961 2262 4018 par
2289 3945 2484 4014 fuerit,
2516 3946 2568 4001 ei
2600 3946 2702 4018 qui
2753 3946 2814 4000 in
2846 3947 3098 4000 fratrum
3151 3946 3453 3999 conventu
3483 3941 3592 3998 ali-

293 4033 422 4090 τίδα
446 4041 561 4089 τινὰ
590 4037 905 4110 ἐγχειρίζειν
934 4041 1066 4111 μετὰ
1109 4036 1299 4096 πολλὴν
1329 4038 1560 4096 ἄσκησιν
1595 4055 1606 4067 ·
1641 4044 1730 4091 καὶ
1783 4037 1827 4092 εἰ

2005 4036 2252 4107 quando
2302 4034 2572 4106 deliquit,
2632 4049 2858 4089 munus
2914 4031 3164 4105 aliquod
3214 4029 3585 4087 demandare

291 4132 429 4200 χρὴ,
461 4132 616 4180 ποίαν
644 4130 866 4186 ταύτην.

2006 4131 2142 4195 post
2164 4123 2417 4179 multam
2445 4121 2954 4188 exercitationem,
2982 4128 3040 4177 et
3068 4121 3116 4176 si
3143 4135 3254 4193 par
3278 4121 3376 4190 sit,
3407 4118 3591 4192 quale

2006 4211 2253 4267 tandem
2285 4211 2432 4266 illud
2467 4227 2602 4267 esse
2629 4211 2831 4268 debet.

222 4304 286 4358 ιϐ’
315 4305 434 4358 Ἐάν
467 4325 548 4365 τις
577 4307 933 4362 ὑποπτεύηται
963 4303 1047 4357 ἰπὶ
1077 4303 1435 4377 ἁμαρτήματι,
1463 4311 1736 4376 προφανῶς
1763 4301 1824 4358 δε

1979 4305 2001 4356 9
2035 4301 2090 4356 Si
2120 4300 2256 4373 quis
2284 4300 2448 4355 venit
2471 4301 2533 4355 in
2561 4299 2971 4373 suspicionem
3001 4298 3249 4372 peccati,
3272 4297 3450 4370 402
3478 4312 3591 4354 nec

288 4402 447 4447 τοῦτο
475 4399 547 4466 μὴ
587 4402 733 4466 ποιῇ,
762 4394 806 4447 εἰ
832 4390 867 4448 δ
871 4401 914 4446 εἰ
939 4393 1094 4446 αὐτὸν
1134 4393 1412 4466 ἐπιτηρεῖν,
1449 4395 1530 4445 ἱνα
1559 4398 1651 4445 καὶ
1683 4393 1818 4465 ἐφευ-
1854 4433 1900 4488 D

2004 4395 2206 4448 tamen
2233 4396 2436 4461 aperte
2463 4389 2610 4445 illud
2661 4392 2996 4447 committat
3021 4407 3034 4446 ;
3063 4389 3342 4462 nunquid
3370 4387 3593 4445 debeat

289 4485 414 4555 ρεθῇ
447 4483 474 4534 ὃ
500 4483 866 4537 ὑποπτεύεται.
1854 4478 1896 4488 ”

2001 4480 2050 4535 is
2074 4479 2403 4548 observari,
2437 4484 2502 4534 ut
2529 4479 3018 4551 deprehendatur
3037 4478 3203 4552 quod
3234 4481 3588 4550 suspectum

2005 4574 2116 4623 est.

217 4660 262 4712 κ’
291 4661 353 4713 Εἰ
407 4665 514 4734 χρὴ
572 4663 656 4712 τὸν
710 4659 758 4711 ἐν
804 4659 1064 4734 ἁμαρτίας
1104 4659 1440 4722 ἱξετασθέντα
1487 4661 1686 4731 φεύγειν
1724 4664 1819 4717 τὴν

1978 4661 2000 4713 3
2032 4664 2121 4712 An
2144 4656 2240 4714 ille
2270 4656 2375 4732 qui
2404 4657 2467 4713 in
2495 4657 2757 4730 peccatis
2781 4662 3057 4713 versatus
3084 4655 3278 4723 fuerit,
3313 4654 3590 4724 refugere

288 4752 421 4821 πρὸς
459 4753 580 4811 τοὺς
636 4745 968 4822 ἑτεροδόξονς
1017 4754 1307 4812 κοινωνίαν,
1340 4750 1370 4808 ἡ
1410 4752 1500 4801 καὶ
1549 4752 1680 4822 πρὸς
1708 4751 1822 4810 τοὺς

1999 4748 2218 4803 debeat
2237 4747 2654 4803 haereticorum
2683 4747 3158 4816 societatem,aut
3188 4745 3371 4801 etiam
3403 4757 3585 4815 prave

285 4847 460 4902 κακῶς
488 4841 682 4903 ζῶντας
710 4835 1097 4914 διακρίνεσθαι.

2002 4833 2330 4891 viventium
2352 4837 2858 4894 consuetudinem
2881 4836 3207 4892 declinare.

218 4929 292 4981 κα’
329 4931 490 4981 Πόθεν
519 4931 544 4980 ὁ
569 4933 955 5003 μετευωρισμός
983 4934 1073 4981 καὶ
1099 4930 1148 4980 οἱ
1186 4924 1527 5000 διαλογισμοί
1551 4949 1564 4961 ο
1597 4933 1685 4980 καὶ
1711 4935 1820 4989 πῶς

1973 4927 1990 4977 l
2027 4924 2191 4979 Unde
2223 4927 2439 4981 mentis
2471 4926 2791 4994 aberratio,
2847 4933 2904 4981 et
2951 4925 3130 4980 variae
3162 4919 3578 4990 cogitationes,

286 5019 479 5081 αὐτοὺς
509 5015 627 5093 διόρ
635 5020 774 5071 θωσὸ
778 5020 931 5091 μεθα.

2001 5019 2058 5069 et
2091 5015 2404 5086 quomodo
2434 5015 2598 5088 ipsas
2626 5016 3019 5085 corrigamus.

217 5107 298 5180 ιβ’
331 5109 492 5162 Πόθεν
513 5111 568 5160 αἱ
593 5113 885 5182 νυκτεριναὶ
908 5112 1188 5180 φαντασίαι
1212 5109 1268 5160 αἱ
1298 5108 1544 5182 ἀπρεπεῖς
1563 5113 1813 5180 γίνονται.

1975 5108 1997 5160 2
2031 5104 2195 5161 Unde
2226 5113 2562 5162 nascuntur
2585 5105 2900 5160 inhonesta
2927 5103 3031 5158 illa
3053 5100 3186 5155 visa
3220 5102 3403 5153 noctu
3446 5111 3587 5152 con-

2003 5195 2293 5266 tingentia
2305 5237 2318 5249 .

208 5285 289 5357 κγ’
313 5284 447 5346 Ἐως
476 5290 638 5337 ποίων
664 5285 910 5359 ῥημάτων
941 5285 970 5342 ἠ
1002 5283 1282 5359 ἀργολογία
1301 5290 1552 5359 κρίνεται.

1929 5283 1998 5334 23
2026 5281 2132 5334 Per
2167 5279 2374 5350 qualia
2396 5279 2578 5336 verba
2605 5277 2836 5333 otiosus
2864 5290 3061 5330 sermo
3087 5271 3420 5345 judicatur.

282 5394 324 5428 ⁸¹
358 5393 558 5449 Matth.
586 5408 748 5463 xvui,
777 5396 866 5448 2i.

279 5504 397 5571 (38)
431 5500 622 5556 Editio
665 5501 846 5557 Paris.
879 5501 962 5554 έοὲν
990 5520 1066 5566 τις
1091 5506 1181 5555 καὶ
1217 5503 1301 5558 τά.
1335 5498 1524 5555 Editio
1552 5501 1694 5567 Ven.
1730 5499 1818 5554 ἐάν

2002 5495 2117 5564 (39)
2141 5492 2314 5557 Illud,
2345 5494 2381 5571 ἦ
2407 5481 2527 5571 ἰοῖςζ
2548 5497 2605 5547 et
2633 5491 2950 5571 quidquid
2982 5489 3252 5571 sequi-tur
3284 5508 3475 5566 usque
3506 5493 3589 5551 ad

213 5563 296 5633 τις
311 5578 404 5624 καὶ
436 5572 508 5634 εἰς
528 5575 595 5624 τοὶ
1055 5563 1061 5566 ἤ
1686 5563 1689 5567 ’

1931 5578 2144 5637 vocem
2171 5569 2469 5637 μετανοίας,
2489 5563 2667 5622 deest
2684 5563 2750 5622 in
2777 5563 2998 5630 Veneta
3020 5563 3308 5628 editione.
