4082 6178
201 251 338 306 1057

1233 243 1660 303 ΒΕϐυιΑῐὶιΙΜ
1697 243 2102 310 Βιιενιοιιωε
2140 246 2512 308 CAPITULA.

3419 263 3558 326 £058

197 368 275 424 νον
315 377 380 426 Τί
436 371 548 426 ἐστι
606 371 867 446 φιλαυτία,
923 375 1014 424 καὶ
1078 378 1188 433 πῶς
1232 375 1480 446 γνωρίσει
1534 370 1715 424 ἐαυτὸν
1775 373 1800 424 6

1939 376 1980 428 4
2018 373 2170 439 Quid
2216 379 2306 432 est
2349 391 2522 433 amor
2572 376 2702 434 sui:
2761 377 2905 436 item
2951 381 3266 453 quomodo
3313 385 3418 457 qui
3468 388 3562 446 sui

273 462 540 534 φίλαυτος.

199 551 262 604 νε’
304 557 438 604 Ποία
467 549 696 627 διαφορὰ
729 557 943 628 πικρίας
990 556 1081 604 καὶ
1128 553 1316 624 θυμοῦ,
1366 556 1456 604 καὶ
1495 549 1671 623 ὀργῆς,
1712 555 1802 604 καὶ

269 641 473 717 παροξυ
480 651 638 714 σμοῦ.
732 706 742 714 _

199 730 278 796 νς’
317 737 411 794 Τίς
468 731 608 785 ἐστιν
651 733 676 784 6
713 731 1043 806 ὑψηλόφρων,
1096 736 1186 784 καὶ
1230 735 1312 793 τίς
1359 733 1385 783 6
1425 729 1650 797 ἀλαζὼν,
1711 735 1801 784 καὶ

271 826 354 882 τίς
404 823 431 874 ὁ
487 823 826 894 ὑπερήφανος·
891 826 973 882 τίς
1021 817 1080 874 δε
1126 823 1154 873 6
1201 825 1572 894 τετυφωμένος,
1631 824 1722 872 καὶ
1775 821 1801 872 6

271 930 404 983 πεφυ
412 916 681 983 σιωμένος.

198 998 275 1062 νζ
316 1000 434 1053 Ἐάν
481 1021 562 1062 τις
614 999 883 1073 ἐλάττωμα
925 1003 1024 1074 ἔχῃ
1081 997 1423 1076 ἀδιόρθωτον,
1470 1005 1560 1052 καὶ
1591 1002 1802 1071 συνεχέ-

275 1081 470 1166 στερονκ
511 1094 1020 1162 καταγινωσκόριενος
1076 1088 1398 1163 βλάπτηται,
1453 1089 1498 1142 εἰ
1555 1083 1804 1162 συμφέρει

271 1178 464 1250 μᾶλλον
490 1177 759 1251 ἐπαφιέναι
793 1177 956 1248 αυτῷ.

199 1266 275 1325 η’
314 1267 372 1319 Ὀ
420 1267 531 1320 κατ’
578 1263 916 1326 ἐπιτήδευσιν
961 1267 1286 1340 ψευσάμενος
1333 1271 1564 1341 κρίνεται
1625 1272 1800 1340 μόνον,

272 1358 302 1415 ᾖ
328 1361 419 1409 καὶ
444 1359 470 1410 6
491 1359 626 1409 κατὰ
645 1357 858 1428 ἄγνοιάν
880 1377 930 1410 τι
949 1360 1092 1430 παρὰ
1109 1361 1166 1410 τὸ
1193 1355 1289 1415 ἄλη
1301 1358 1379 1419 θὶς
1406 1355 1673 1419 ἀπολύτως
1689 1359 1803 1431 (41)

274 1446 644 1520 φθεγξάμενος.

201 1534 273 1587 νθ⁹
312 1534 430 1588 Ἐὰν
456 1534 717 1610 ἐνθυμηθῇ
745 1556 827 1600 τις
846 1545 1069 1596 ποιῆσαι
1089 1540 1242 1610 μόνον
1272 1554 1343 1603 τι,
1366 1540 1455 1588 καὶ
1483 1541 1555 1609 μὴ
1580 1541 1800 1610 ποιήσῃ,

275 1625 318 1676 εἰ
345 1630 438 1677 καὶ
465 1621 610 1687 οὗτος
647 1627 719 1688 ὡς
744 1625 981 1697 ψεύστης
1008 1631 1254 1701 κρίνεται.

205 1802 242 1866 ξ’
281 1807 409 1879 Περὶ
451 1823 543 1856 του
576 1813 844 1877 προπετῶς
889 1805 1202 1880 ὁρισαμένου
1255 1805 1451 1880 πρᾶξαί
1487 1824 1540 1858 τι
1581 1813 1681 1858 τῶν
1727 1809 1798 1879 μή

273 1893 595 1968 ἀρεσκόντων
617 1902 753 1966 Θεῷ.

206 1981 277 2046 ξα’
314 1983 433 2038 Ἐάν
490 2002 570 2045 τις
625 1989 752 2056 μήτε
804 1983 1117 2059 ἐργάζεσθαι
1178 1981 1443 2055 δύνηται,
1498 1990 1630 2058 μήτε
1684 1988 1804 2048 τοὺς

271 2071 517 2145 ψαλμοὺς
539 2074 724 2146 μαθεῖν
757 2072 1036 2146 βούληται.

207 2159 286 2233 ξβ
322 2166 387 2215 Τί
427 2161 511 2215 ἐὰν
535 2167 730 2236 ποιήσῃ
761 2183 862 2230 τις,
909 2165 980 2227 ὡς
1006 2162 1213 2240 κρύψας
1237 2165 1298 2217 τὸ
1339 2162 1606 2230 τάλαντον,
1649 2183 1805 2218 κατα-

277 2256 526 2324 κρίνεται.

209 2337 284 2410 ἔν’
319 2345 382 2393 Τί
411 2339 497 2393 ἐὰν
526 2346 724 2415 ποιήσῃ
757 2361 857 2408 τις,
888 2345 1252 2416 κατακρίνεται
1299 2345 1367 2405 ὡς
1397 2340 1579 2396 ἐκεῖνοι
1608 2345 1658 2396 οἱ
1685 2363 1806 2417 707-

275 2431 529 2500 γύσαντες
558 2435 693 2484 κατὰ
715 2440 813 2483 τῶν
834 2431 1095 2504 ἐσχάτων.

209 2514 271 2580 Et?
320 2523 386 2572 Ti
435 2519 547 2573 ἐστι
594 2523 651 2573 τὸ
701 2517 1072 2590 σκανδαλίσαι,
1128 2523 1218 2574 καὶ
1260 2529 1370 2585 πῶς
1421 2520 1548 2576 αὐτό
1586 2523 1807 2596 φυλαξό-

275 2610 434 2680 μεθα.

204 2695 265 2759 ξε’
306 2705 425 2760 Πῶς
448 2701 544 2756 τήν
575 2696 817 2757 ἀλήθειαν
847 2698 895 2752 ἐν
922 2695 1108 2772 ἀδικιᾳ
1145 2717 1229 2762 τες
1255 2703 1492 2772 κατέχει.

205 2784 280 2849 Eg;
317 2790 383 2838 Ti
413 2786 553 2839 ἐστιν
583 2789 710 2861 ἔρις,
738 2792 828 2840 καὶ
853 2793 904 2840 τί
935 2788 1075 2841 ἐστιν
1105 2788 1319 2862 ἐριθεία.

203 2874 276 2936 ξζ
314 2879 379 2928 Τί
405 2875 549 2928 ἐστιν
571 2875 894 2950 ἀκαθαρσία,
925 2883 1014 2930 καὶ⁹
1034 2882 1087 2930 τί
1117 2878 1260 2931 ἐστιν
1292 2877 1552 2952 ἀσέλγεια.

201 2963 275 3027 En'
312 2969 378 3018 Ti
432 2962 571 3018 ἴδιον
611 2967 802 3040 θυμοῦ,
851 2972 941 3020 καί
983 2971 1036 3019 τί
1085 2963 1225 3020 ἴδιον
1274 2966 1678 3041 ἀγανακτήσεως
1726 2986 1805 3022 ευ·

269 3053 427 3127 λόγου
436 3097 450 3111 .

205 3141 277 3206 ζθ⁹
318 3147 446 3214 Περὶ
508 3152 601 3196 τοῦ
653 3150 788 3218 μήτε
829 3145 1039 3199 ἔλαττον
1092 3145 1354 3208 ἐσθίοντος
1418 3155 1519 3198 τῶν
1589 3146 1801 3214 λοιπῶν,

270 3237 405 3304 μήτε
435 3241 590 3306 σῶμα
633 3237 845 3306 ἔχοντος
893 3234 1319 3310 κατερριμμένον,
1367 3239 1459 3288 καὶ
1504 3232 1805 3308 ἀδυναμίαν

276 3323 346 3383 εἰς
376 3328 436 3375 τὸ
468 3326 615 3396 ἦογον
645 3321 985 3398 ὀδυρομένου.

207 3409 242 3462 ο”
280 3413 380 3463 Τὸν
411 3418 824 3488 παραχρώμενον
867 3421 977 3475 τοῖς
1019 3414 1242 3486 ἱματίοις
1274 3413 1305 3472 ἣ
1355 3409 1668 3487 ὑποδήμασι
1696 3421 1808 3475 πῶς

279 3496 314 3552 δ
319 3509 365 3552 εἰ
387 3503 758 3576 μετέρχεσθαι.

208 3589 281 3642 ια’
321 3591 442 3644 Εἰσί
477 3610 609 3654 τινες
653 3593 704 3644 oi
755 3594 855 3666 πρὸ
902 3599 992 3646 τοῦ
1037 3591 1263 3653 πλείονος
1310 3594 1370 3645 τὸ
1413 3587 1668 3666 ἠδύτερον
1706 3599 1808 3644 τῶν

279 3676 581 3751 ἐδεσμάτων
611 3679 993 3747 ἐπιζητοῦντες,
1024 3681 1172 3734 ἄλλοι
1197 3677 1256 3734 δί
1281 3685 1340 3734 τὸ
1368 3681 1540 3735 πλεῖον
1560 3680 1751 3754 μᾶλλον
1773 3681 1804 3741 ἣ

278 3787 336 3822 το
365 3765 472 3826 ἡδὺ
499 3766 595 3822 διὰ
621 3773 710 3823 τὸν
747 3775 901 3846 κόρον
932 3770 1188 3824 θέλουσινο
1216 3777 1327 3833 πῶς
1370 3771 1459 3824 οὖν
1491 3769 1811 3846 ἀμφοτέρους

277 3857 383 3916 πλη
389 3866 622 3933 ροφορεῖν
652 3865 763 3934 χρή
776 3901 789 3915 .

207 3945 286 4020 οβ’
326 3953 454 4023 Περὶ
480 3955 572 4000 τοῦ
618 3948 666 4000 ἐν
706 3945 1022 4023 ἀδελφότητι
1066 3948 1302 4024 ἐισίμνως
1342 3954 1460 4025 περὶ
1505 3953 1602 4010 τὴν
1645 3951 1809 4024 μετά-

271 4036 434 4108 ληψιν
462 4034 930 4112 ἀναστρεφομένου,
963 4044 1054 4093 καὶ
1077 4038 1386 4114 λαϐρότερον
1418 4039 1699 4104 ἐσθίοντος.

205 4214 278 4287 ον’
317 4220 446 4290 Περὶ
483 4225 576 4270 τοῦ
603 4222 675 4291 μὴ
726 4219 772 4272 ἐν
820 4218 1072 4292 ἐπιθυμιᾳ
1109 4226 1200 4280 τῆς
1251 4225 1344 4271 τοῦ
1389 4214 1616 4291 ἀδελφοῦ
1660 4213 1811 4292 διορ-

281 4307 485 4367 θώσεως
530 4307 827 4380 ἐλέγχοντος
873 4311 962 4360 τὸν
1009 4307 1392 4384 ἁμαρτάνοντα,
1444 4305 1550 4359 ἀλλ’
1578 4307 1626 4360 ἐν
1655 4309 1811 4360 πάθει

278 4403 373 4457 τῆς
403 4396 590 4450 ἐαυτοῦ
621 4393 957 4458 ἐκδικήσεως.

209 4481 286 4538 οδ
328 4491 458 4560 Περὶ
502 4495 601 4538 τῶν
650 4486 996 4560 ἐξερχομένων
1055 4485 1110 4540 ἐκ
1153 4493 1249 4549 τῆς
1301 4483 1668 4560 ἀδελφότητος,
1722 4490 1812 4540 καὶ

280 4581 483 4648 μονήρη
519 4573 637 4647 βίον
669 4575 764 4648 ζῇν
784 4579 1222 4650 προαιρουμένων.

212 4663 274 4717 οε⁶
314 4664 375 4717 Ei
399 4668 593 4726 παντὸς
641 4662 1027 4741 ἂμαρτὴματος,
1062 4669 1159 4718 εἴτε
1196 4668 1330 4718 κατὰ
1367 4672 1508 4731 νοῦν,
1551 4669 1649 4720 εἴτε
1676 4667 1814 4720 κατὰ

279 4754 453 4825 λόγον,
486 4757 587 4806 εἴτε
627 4756 763 4806 κατὰ
804 4754 1013 4830 πρᾶξιν,
1052 4759 1138 4808 τὸν
1171 4759 1396 4808 Σατανᾶν
1444 4758 1610 4810 αἴτιον
1648 4755 1811 4829 λέγειν

282 4841 386 4898 δεῖ.

209 4933 286 4999 στ’
345 4932 408 4986 Εἰ
461 4936 571 5008 χρὴ
631 4933 900 5008 οἰκονομία
957 4929 1115 4992 δῆθεν
1166 4937 1445 5009 χρησίμου
1496 4938 1637 4998 τινὸς
1687 4934 1812 5008 ψεῦο

283 5020 320 5076 δ
325 5023 498 5080 εσθαι.

212 5112 284 5175 οξ
319 5119 386 5168 Τί
412 5113 526 5166 ἐστι
548 5109 718 5178 δόλος,
751 5117 842 5165 καὶ
871 5115 924 5165 τί
954 5113 1065 5166 ἐστι
1094 5114 1405 5172 κακοήθεια.

211 5203 284 5261 ου’
323 5203 624 5277 Ἐρενρεταὶ
656 5211 826 5255 κακῶν
856 5207 987 5264 τίνες
1014 5206 1176 5259 εὶσίν.

213 5292 287 5345 οϐ’
352 5291 469 5345 Ἐάν
529 5311 604 5352 τις
673 5299 910 5364 συνεχῶς
976 5290 1162 5345 ἐαυτοῦ
1227 5291 1667 5365 ἐπιλαμϐάνηται,
1734 5291 1816 5344 ὅτι

287 5382 530 5456 σκληρῶς
580 5386 927 5456 προσφέρεται
969 5389 1042 5453 τῷ
1094 5377 1320 5456 ἀδελφῷ,
1367 5390 1474 5444 πῶς
1524 5378 1818 5456 διορθωθή·

293 5491 464 5527 σεται.

290 5598 405 5671 (Η)
446 5594 638 5656 Εὰίείο
664 5593 806 5657 Ven.
838 5598 896 5656 et
925 5595 1296 5673 Regﬁtertius
1315 5594 1495 5658 ἄληθες
1524 5593 1819 5659 ἂκωλύτως.

1979 462 2170 535 ipsius
2190 479 2396 522 amore
2425 466 2761 539 corripitur,
2794 476 3116 538 cognoscet
3143 473 3558 545 semetipsum.

1913 555 1978 606 5‘5
2019 552 2338 617 Quodnam
2369 561 2456 610 est
2495 554 2820 611 discrimen
2869 557 3022 612 inter
3065 561 3562 635 amaritudinem,

1981 641 2480 713 indignationem,
2510 643 2664 704 iram
2689 650 2747 701 et
2774 645 3184 705 irritationem.

1914 735 1980 787 56
2020 732 2160 798 Quis
2209 738 2296 788 est
2325 733 2429 805 qui
2474 733 2594 789 alta
2633 734 2806 807 sapit,
2851 740 2908 792 et
2951 738 3088 810 quis
3133 755 3448 812 arrogans,
3506 748 3563 801 et

1981 823 2117 896 quis
2145 823 2482 896 superbus:
2530 824 2673 881 item
2703 825 2840 898 quis
2882 827 3164 895 fastosus,
3202 836 3258 885 et
3300 833 3438 905 quis
3477 834 3561 891 in-

1983 913 2181 970 ﬂatus.

1914 1006 1977 1058 57
2021 1001 2078 1058 Si
2105 1001 2239 1074 quis
2265 1001 2407 1058 vitio
2435 1003 2699 1074 cuipiam
2721 1003 3149 1064 inemendabili
3173 1009 3246 1066 sit
3259 1009 3560 1070 obnoxius

1983 1095 2040 1146 et
2066 1091 2435 1163 frequentius
2457 1093 2858 1165 reprehensus
2886 1094 3138 1168 laeditur,
3170 1114 3247 1156 an
3273 1100 3563 1172 profuerit

1985 1179 2180 1250 magis
2212 1182 2325 1235 hoc
2353 1180 2464 1252 ipsi
2497 1182 2858 1253 permittere.

1913 1272 1981 1325 58
2019 1273 2110 1324 An
2140 1269 2339 1325 solum
2359 1269 2662 1340 judicetur
2687 1271 2757 1339 is,
2788 1273 2894 1344 qui
2923 1272 2998 1330 de
3023 1273 3320 1334 industria
3350 1279 3562 1337 menti-

1984 1363 2079 1413 tus
2116 1362 2206 1413 est
2234 1375 2247 1412 :
2281 1363 2385 1414 aut
2407 1359 2586 1415 etiam
2613 1359 2683 1427 is,
2715 1360 2819 1433 qui
2847 1361 3120 1420 nesciens
3140 1364 3370 1437 aliquid
3389 1368 3564 1427 abso-

1983 1446 2102 1503 lute
2132 1452 2342 1504 contra
2366 1447 2681 1504 veritatem
2710 1448 2947 1506 locutus
2974 1450 3170 1510 fuerit.

1913 1539 1982 1590 59
2023 1534 2080 1591 Si
2105 1534 2242 1608 quis
2269 1535 2620 1605 cogitaverit
2644 1537 2940 1595 duntaxat
2965 1539 3196 1613 aliquid
3220 1541 3564 1614 facere,nec

1983 1629 2188 1680 tamen
2215 1623 2437 1692 fecerit,
2465 1641 2545 1680 an
2573 1625 2622 1682 is
2652 1641 2897 1701 quoque
2925 1629 3090 1686 velut
3116 1631 3383 1690 mendax
3407 1633 3565 1705 judi-

1985 1718 2169 1769 cetur.

1915 1806 1984 1859 60
2019 1802 2100 1858 De
2130 1817 2202 1858 eo
2231 1801 2333 1874 qui
2379 1808 2653 1875 proterve
2683 1803 2947 1862 decrevit
2973 1805 3172 1865 facere
3200 1809 3432 1882 aliquid
3457 1827 3564 1870 eo-

1983 1907 2120 1948 rum
2145 1907 2282 1962 que:
2312 1890 2633 1964 displicent
2663 1895 2801 1949 Deo.

1915 1986 1976 2038 6t
2023 1980 2080 2037 Si
2108 1979 2246 2053 quis
2288 1995 2484 2052 neque
2535 1981 2772 2054 operari
2809 1987 3029 2054 potest,
3062 1999 3259 2057 neque
3289 1987 3563 2060 psalmos

1983 2069 2213 2126 discere
2240 2069 2398 2125 velit.

1867 2241 1874 2247 ο
1914 2164 1982 2218 62
2025 2158 2178 2225 Quid
2199 2157 2405 2216 fecerit
2432 2159 2588 2231 quis,
2605 2163 2670 2216 ut
2687 2159 3121 2219 condemnetur
3139 2166 3434 2237 tanquam
3453 2163 3562 2238 qui

1984 2250 2271 2306 talentum
2296 2248 2638 2306 occultavit.

1915 2345 1980 2397 63
2021 2337 2174 2406 Quid
2202 2338 2403 2394 fecerit
2429 2339 2590 2412 quis,
2616 2343 2682 2396 ut
2707 2339 3142 2397 condemnetur
3165 2346 3458 2415 tanquam
3478 2342 3564 2400 illi

1983 2429 2087 2502 qui
2123 2432 2654 2486 murmuraverunt
2679 2433 2890 2486 contra
2918 2434 3278 2502 postremos.

1915 2521 1984 2577 64
2022 2517 2178 2584 Quid
2204 2521 2294 2573 est
2317 2516 2682 2574 offendiculo
2709 2532 2862 2588 esse,
2889 2521 2946 2575 et
2973 2533 3096 2592 qua
3121 2519 3184 2576 id
3214 2520 3445 2578 ratione
3470 2537 3568 2580 ca-

1984 2606 2283 2664 vebimus.

1915 2704 1983 2756 65
2021 2697 2338 2766 Quomodo
2367 2697 2505 2771 quis
2525 2697 2835 2754 veritatem
2861 2697 3092 2756 detinet
3117 2698 3180 2756 in
3207 2699 3526 2772 injustitia.

1914 2793 1982 2845 66
2021 2789 2175 2855 Quid
2198 2793 2288 2844 est
2315 2787 2644 2858 altercatio,
2675 2793 2731 2844 et
2753 2788 2901 2861 quid
2921 2789 3246 2848 contentio.

1913 2882 1978 2932 67
2019 2877 2174 2943 Quid
2199 2881 2288 2933 est
2309 2876 2715 2942 immunditia,
2742 2881 2797 2932 et
2827 2877 2978 2949 quid
3005 2878 3350 2951 impuritas.

1912 2970 1981 3023 68
2020 2965 2174 3032 Quid
2199 2971 2287 3023 est
2307 2965 2618 3038 proprium
2638 2965 2760 3033 iraa,
2783 2971 2839 3023 et
2863 2967 3009 3038 quid
3032 2969 3346 3041 proprium
3377 2985 3567 3043 aequas

1842 3073 1884 3130 (ς
1986 3054 2441 3126 indignationis.

1915 3147 1983 3200 69
2022 3143 2104 3199 De
2141 3159 2212 3199 eo
2237 3143 2338 3216 qui
2369 3143 2505 3198 licet
2541 3158 2664 3200 non
2694 3142 2896 3199 minus
2941 3143 3080 3199 edat
3111 3159 3298 3216 quam
3346 3144 3565 3214 caateri,

1984 3247 2181 3306 neque
2203 3232 2278 3288 sit
2305 3231 2494 3288 fracto
2515 3237 2569 3288 et
2595 3231 2860 3288 invalido
2887 3247 3158 3304 corpore,
3181 3233 3569 3306 conqueritur

1986 3326 2208 3394 tamen,
2240 3325 2533 3394 tanquam
2566 3321 2664 3392 qui
2694 3335 2818 3377 non
2848 3325 3032 3393 queat
3055 3322 3316 3394 operari.

1915 3414 1986 3466 70
2024 3409 2340 3477 Quomodo
2366 3408 2713 3482 puniendus
2743 3407 2840 3477 sit,
2883 3409 2988 3481 qui
3015 3409 3287 3467 vestibus
3315 3415 3421 3468 aut
3449 3409 3570 3468 cal-

1989 3498 2312 3556 ceamentis
2337 3498 2630 3554 abutitur.

1916 3594 1978 3647 7t
2025 3591 2154 3646 Non
2182 3588 2402 3645 desunt
2431 3587 2537 3661 qui
2566 3586 2846 3644 ciborum
2885 3585 3239 3644 suavitatem
3286 3591 3570 3660 expetant

1988 3678 2183 3748 magis
2211 3692 2402 3750 quam
2444 3676 2708 3749 copiam,
2761 3675 2863 3732 alii
2910 3690 3051 3731 vero
3093 3675 3379 3732 satietatis
3423 3690 3569 3746 ergo

1988 3765 2228 3839 copiam
2254 3769 2636 3838 anteponunt
2656 3763 2967 3821 suavitati:
2997 3764 3104 3836 qui
3128 3763 3312 3835 igitur
3331 3763 3570 3836 utrique

1989 3853 2286 3913 tractandi
2317 3853 2455 3911 sint.

1916 3947 1986 4001 72
2026 3947 2106 4000 De
2152 3959 2224 4001 eo
2271 3943 2374 4016 qui
2419 3942 2482 3999 in
2527 3942 2678 3999 cibis
2714 3939 3022 3998 sumendis
3075 3939 3436 3998 immodeste
3484 3939 3573 3998 in-

1988 4037 2076 4092 ter
2126 4033 2339 4092 fratres
2383 4032 2701 4104 recumbit,
2752 4036 2858 4090 aut
2885 4030 3160 4089 voracius
3192 4046 3327 4090 sese
3355 4031 3570 4102 ingur-

1991 4124 2156 4195 gitat.

1917 4218 1986 4270 73
2029 4217 2108 4270 De
2157 4227 2231 4269 eo
2281 4211 2387 4286 qui
2436 4226 2560 4269 non
2603 4211 2880 4268 fraternas
2921 4209 3362 4268 emendationis
3413 4209 3572 4266 desi-

1993 4302 2159 4360 derio
2188 4301 2496 4372 redarguit
2521 4300 3114 4374 delinquentem,sed
3144 4315 3213 4357 ex
3230 4299 3478 4356 libidine
3509 4316 3573 4356 se

1995 4392 2198 4466 ipsum
2223 4389 2580 4447 ulciscendi.

1922 4483 1993 4539 74
2030 4485 2110 4538 De
2134 4481 2207 4538 iis
2236 4480 2341 4552 qui
2369 4478 2658 4536 recedunt
2682 4495 2720 4537 a
2759 4479 3013 4538 fratrum
3047 4485 3374 4551 conventu,
3415 4495 3571 4554 pra:-

1991 4572 2312 4644 feruntque
2343 4569 2529 4626 vitam
2559 4568 2911 4626 solitariam.

1920 4666 1988 4718 75
2029 4659 2208 4734 404
2258 4664 2348 4717 An
2377 4659 2607 4734 peccati
2646 4659 2961 4733 cujusque,
3009 4659 3134 4716 sive
3177 4664 3400 4728 mente,
3451 4659 3573 4717 sive

1989 4751 2196 4819 verbo,
2227 4751 2353 4808 sive
2379 4765 2558 4823 opere
2587 4753 2891 4824 patratum
2911 4750 3106 4821 fuerit,
3131 4756 3440 4808 auctorem
3472 4751 3572 4807 Sa-

1987 4848 2196 4900 tanam
2219 4841 2420 4898 dicere
2449 4844 2752 4914 oporteat.

1919 4937 1989 4990 76
2026 4936 2115 4989 An
2152 4935 2426 5006 oporteat
2468 4929 2725 5001 mentiri,
2764 4929 3036 4987 videlicet
3063 4929 3222 4986 utilis
3251 4926 3574 4998 cujusdam

1992 5022 2345 5079 oeconomia:
2376 5036 2586 5077 causa.

1919 5112 1988 5167 77
2029 5111 2182 5177 Quid
2209 5115 2299 5168 est
2327 5110 2526 5178 dolus,
2551 5114 2607 5166 et
2637 5107 2785 5182 quid
2813 5120 3048 5165 morum
3081 5102 3462 5178 perversitas.

1921 5199 1992 5256 78
2029 5201 2370 5256 lnventores
2396 5198 2695 5254 malorum
2726 5197 2829 5268 qui
2869 5197 3012 5251 sint.

1924 5293 1994 5346 79
2034 5289 2090 5346 Si
2114 5289 2250 5363 quis
2278 5289 2522 5345 assidue
2552 5303 2614 5343 se
2644 5286 2844 5358 ipsum
2871 5289 3134 5349 accuset,
3163 5283 3331 5358 quod
3362 5283 3576 5342 durius

1997 5381 2205 5434 tractet
2243 5377 2508 5445 fratrem,
2540 5373 2851 5448 quomodo
2883 5373 3236 5444 corrigetur.
