4082 6178
595 265 732 323 1089

1978 261 2033 315 8.
2068 260 2315 316 BASILII
2350 261 2568 317 MAGNI

3778 257 3888 313 l080

592 394 661 447 80
704 374 867 447 [inde
897 387 982 452 ﬁt,
1028 391 1091 442 ut
1136 385 1378 442 animus
1424 386 1626 447 noster
1667 383 1841 456 quasi
1894 382 2241 437 destituatur

2355 380 2404 433 π’
2446 383 2606 433 Πόθεν
2634 380 2994 453 ἐπισυμϐαῖνει
3033 384 3090 431 τὸ
3135 382 3309 451 ὥσπερ
3341 384 3401 449 τῇ
3437 373 3637 449 διανοίᾳ
3663 376 3889 429 ἐπιλείπειν

666 479 845 535 bonis
894 474 1399 546 cogitationibus,
1452 471 2077 544 sollicitudinibusque
2129 474 2245 526 Deo

665 567 919 639 placitis.

595 661 654 712 8t
705 656 759 711 Si
792 654 871 727 pii
904 656 1042 707 sunt
1072 651 1287 707 eodem
1320 650 1505 707 modo
1533 648 1924 719 objurgandi,
1948 652 2130 719 atque
2147 646 2246 701 alii

664 742 860 815 quivis
888 740 1314 796 indifferentes.

594 838 662 888 82
704 832 762 889 Si
788 832 936 886 forte
968 845 1120 885 anus
1148 827 1309 885 idem
1341 833 1657 899 peccatum
1702 825 2032 889 admiserit,
2081 823 2247 895 quod

664 918 1147 981 adolescentula,
1183 933 1326 972 num
1361 916 1627 971 obnoxia
1654 915 1726 969 sit
1756 913 1994 969 mulctae
2024 911 2244 967 eidem.

591 1014 657 1066 83
696 1011 753 1064 Si
783 1010 920 1081 quis
952 1007 1144 1061 multa
1186 1012 1343 1060 recte
1383 1004 1648 1073 gesserit,
1672 1002 1985 1073 deliquerit
2013 1016 2156 1055 vero
2188 1000 2246 1054 in

662 1113 787 1153 uno
807 1097 1117 1160 duntaxat,
1144 1093 1457 1166 quomodo
1481 1107 1620 1147 cum
1642 1106 1713 1146 eo
1739 1089 1915 1145 nobis
1943 1088 2249 1159 agendum

700 1206 773 1242 ει.

592 1193 780 1333 848:):
810 1289 880 1329 eo
911 1271 1013 1344 qui
1035 1270 1423 1326 tumultuosis
1448 1269 1720 1325 moribus
1750 1272 1930 1339 atque
1949 1266 2251 1322 turbulen-

661 1365 734 1418 tis
756 1361 1041 1433 praeditus
1070 1366 1179 1414 est.

591 1457 656 1507 85
702 1450 758 1506 Si
807 1449 1126 1505 conveniat
1153 1446 1384 1519 aliquid
1416 1450 1729 1518 proprium
1761 1445 1988 1501 habere
2024 1445 2082 1499 in
2123 1443 2245 1499 fra-

659 1545 818 1594 trum
850 1536 1153 1593 societate.

588 1634 656 1686 88
694 1627 751 1682 Si
779 1626 917 1698 quis
946 1626 1146 1681 dicat:
1184 1628 1386 1697 Neque
1417 1624 1649 1697 accipio
1672 1623 2029 1691 afratribus,
2051 1637 2247 1694 neque

661 1716 745 1771 eis
775 1716 875 1779 do,
911 1714 1012 1769 sed
1052 1715 1199 1770 meis
1244 1720 1561 1768 contentus
1590 1730 1722 1768 sum
1754 1731 1765 1767 :
1806 1713 1953 1784 quid
1985 1728 2126 1783 erga
2160 1718 2245 1766 ta-
2275 1726 2321 1783 Β

660 1806 777 1861 lem
808 1804 1259 1861 observandum
1293 1809 1401 1858 est.

588 1899 653 1949 8'7
697 1895 753 1950 Si
800 1894 1120 1964 unicuique
1164 1893 1339 1947 liceat
1383 1906 1560 1946 suum
1611 1897 1781 1947 vetus
1824 1890 2246 1946 indumentum

658 1983 829 2048 dare,
861 1997 999 2037 cum
1027 1981 1305 2048 voluerit,
1332 1996 1404 2035 ex
1434 1987 1754 2052 praecepto.

588 2076 657 2128 88
695 2072 847 2137 Quid
881 2076 967 2126 est
1006 2070 1344 2126 sollicitudo
1378 2070 1556 2138 hujus
1584 2071 1734 2125 vitae.

588 2165 658 2216 89
698 2161 849 2227 Quia
878 2160 1165 2231 scriptum
1199 2166 1324 2214 est:
1357 2161 1627 2215 Pretium
1665 2159 2091 2228 redemptionis
2116 2162 2246 2216 ani-

659 2266 773 2306 ma?
797 2251 931 2311 viri,
955 2264 1076 2304 sua:
1097 2250 1284 2315 ipsius
1305 2248 1534 2303 divitia:
1551 2248 1627 2302 ἐς
1651 2248 1794 2319 quid
1829 2248 2007 2304 nobis
2029 2250 2248 2304 facien-

657 2336 808 2390 dum
839 2342 950 2401 est,
973 2336 1081 2406 qui
1110 2336 1201 2389 his
1226 2335 1606 2390 destituimur
1626 2338 1655 2390 ?

588 2427 657 2479 90
698 2423 755 2480 Si
784 2422 919 2478 licet
966 2428 1328 2478 nocturnum
1366 2423 1791 2478 vestimentum
1840 2424 2085 2489 habere,
2120 2425 2244 2481 sive

658 2527 730 2567 ex
757 2511 896 2584 pilis
929 2510 1295 2570 conlectum,
1329 2510 1455 2565 sive
1484 2509 1669 2565 aliud.

587 2604 649 2655 91
696 2600 753 2657 Si
800 2600 981 2655 frater
1018 2601 1118 2671 qui
1153 2598 1299 2653 nihil
1331 2599 1643 2669 proprium
1685 2600 1965 2672 suppetit,
1995 2605 2243 2671 rogatus

657 2688 833 2744 fuerit
867 2688 946 2744 ab
971 2687 1197 2759 aliquo,
1239 2690 1302 2741 lit
1344 2686 1445 2740 det
1486 2686 1545 2740 id
1576 2687 1775 2758 ipsum
1813 2688 1980 2759 quod
2012 2693 2237 2758 gestat:

656 2775 799 2847 quid
827 2776 1023 2830 facere
1052 2775 1291 2840 debeat,
1320 2774 1579 2830 maxime
1618 2774 1675 2829 si
1701 2776 1903 2831 nudus
1934 2777 2243 2849 fuerit,qui

653 2863 819 2935 peﬁL

583 2955 654 3008 92
693 2955 843 3007 Cum
874 2951 1165 3007 Dominus
1185 2951 1397 3021 jubeat
1415 2951 1580 3007 bona
1598 2951 2018 3024 vendere,qua
2040 2958 2241 3010 mente

656 3043 712 3093 et
736 3054 859 3110 quo
892 3053 1073 3093 sensu
1098 3038 1157 3093 id
1181 3037 1524 3093 faciendum
1556 3043 1664 3094 est.

584 3132 653 3185 93
694 3128 805 3193 Qui
831 3127 1018 3184 semel
1058 3128 1220 3183 bona
1251 3142 1363 3183 sua
1392 3126 1650 3198 reliquit,
1711 3134 1766 3184 et
1809 3129 2123 3201 proprium
2151 3130 2237 3187 ni-

654 3216 737 3272 bil
763 3216 988 3272 habere
1027 3214 1335 3285 professus
1377 3220 1489 3279 est,
1520 3230 1644 3286 quo
1673 3216 1880 3272 animo
1926 3220 2011 3273 uti
2058 3218 2239 3275 debet

655 3305 833 3360 rebus
880 3304 960 3360 ad
1001 3305 1183 3360 vitam
1233 3305 1612 3374 necessariis,
1672 3304 1851 3363 veluti
1894 3308 2114 3363 vestitu
2164 3324 2235 3363 ac

653 3392 835 3448 victu.

582 3486 652 3538 94
692 3484 771 3536 De
796 3496 866 3536 eo
894 3481 998 3553 qui
1027 3480 1345 3553 dereliquit
1369 3482 1610 3548 tributa,
1640 3487 1698 3539 et
1725 3483 1980 3540 accessit
2002 3484 2082 3541 ad
2102 3484 2232 3541 fra-

651 3575 794 3627 tres.

580 3663 648 3715 95
686 3664 774 3714 An
796 3657 1077 3729 expediat
1106 3658 1179 3713 iis
1208 3658 1314 3729 qui
1343 3673 1553 3715 recens
1591 3659 1989 3723 advenerunt,
2032 3662 2232 3719 statim

650 3746 889 3803 divinas
918 3746 1255 3818 Scripturas
1283 3745 1570 3802 ediscere.

578 3840 647 3891 96
684 3840 772 3890 An
801 3835 1270 3907 permittendum
1302 3834 1375 3889 sit
1406 3834 1649 3890 cuilibet
1676 3835 1914 3904 volenti,
1948 3842 2013 3893 ut
2040 3837 2235 3894 discat

644 3922 898 3989 litteras,
926 3928 1032 3979 aut
1054 3921 1297 3978 lectioni
1326 3928 1516 3977 vacet.

578 4017 643 4069 97
686 4011 744 4070 Si
770 4012 907 4083 quis
934 4011 1112 4067 dicit:
1159 4010 1302 4067 Volo
1348 4010 1427 4067 ad
1457 4010 1767 4068 modicum
1798 4017 2037 4085 tempus
2066 4030 2103 4071 a
2125 4031 2234 4071 vo-

647 4100 741 4156 bis
768 4100 1079 4155 utilitatem
1111 4116 1345 4170 capere,
1370 4116 1517 4154 num
1550 4100 1940 4173 excipiendus
1972 4102 2066 4160 sit.

576 4192 643 4246 98
690 4187 859 4254 Quali
882 4188 1090 4245 animo
1121 4187 1408 4260 praeditus
1436 4204 1572 4244 esse
1611 4189 1792 4247 debet
1819 4190 2139 4264 prmfectus
2168 4193 2233 4249 in

643 4276 717 4333 iis
738 4291 877 4348 quin
900 4276 1191 4348 praecipit,
1223 4281 1329 4333 aut
1354 4277 1684 4335 constituit.

2426 470 2719 542 λογισμοὺς
2768 472 3017 541 ἀγαθοὺς,
3068 474 3157 520 καὶ
3214 473 3457 540 μερίμνας
3509 465 3804 539 ἀρεσκουσας
3838 477 3895 518 τώ

2429 564 2556 629 Θεῷ.

2360 648 2442 701 πα’
2486 648 2543 701 ΙΞί
2601 652 2710 719 χρὴ
2772 650 2901 708 ἴσως
2959 647 3199 718 ἐπιτιμᾷν
3255 653 3363 707 τοῖς
3414 643 3643 697 εὐλαϐέσι
3688 650 3769 697 καὶ
3816 652 3897 703 τοῖς

2431 734 2740 810 ἀδιαφόροις
2756 780 2766 791 .

2355 825 2447 899 πβ¹
2488 825 2605 879 Ἐὰν
2638 824 2813 897 συμϐῇ
2854 829 2942 883 τὴν
2972 823 3323 897 πρεσϐυτέραν
3365 820 3663 896 ἁμαρτήσαι
3700 824 3752 872 τὸ
3798 821 3899 872 αὐτὸ

2427 924 2487 973 τῆ
2513 919 2749 989 νεωτέρα,
2779 915 2823 965 εἰ
2851 922 2923 984 τῷ
2961 914 3100 982 αὐτῷ
3130 915 3398 964 ὑπόκειται
3422 912 3672 982 ἐπιτιμίῳ.

2356 1003 2442 1075 κγ’
2481 1004 2598 1057 Ἐάν
2626 1022 2724 1068 τις,
2770 1002 2935 1054 πολλὰ
2962 1004 3250 1075 κατορθῶν,
3299 1002 3345 1053 ἐν
3376 1003 3445 1054 ἐνὶ
3490 1005 3623 1072 μόνῳ
3663 995 3900 1071 διαπταίῃ,

2426 1102 2536 1155 πῶς
2567 1092 2723 1144 αὑτὸν
2750 1092 3099 1164 παρέλθωμεν.

2330 1268 2443 1323 ηπδν
2486 1276 2609 1343 Περὶ
2666 1278 2759 1322 τοῦ
2827 1267 2948 1330 ἦθος
3005 1271 3213 1341 ἔχοντος
3278 1266 3614 1341 θορυϐοποιὸν
3658 1272 3741 1318 καὶ
3779 1284 3905 1340 rasa.

2473 1356 2622 1421 ὠδες.

2448 1381 2622 1430 μοις.

2353 1381 2525 1501 πίνει
2552 1454 2662 1521 χρὴ
2697 1452 2838 1519 ἔχειν
2859 1468 2910 1500 τι
2939 1443 3077 1499 ἴδιον
3109 1447 3156 1499 ἐν
3178 1443 3512 1519 ἀδελφότητι.

2355 1624 2443 1689 πς’
2482 1624 2595 1678 Ἐὰν
2645 1622 2702 1677 δὲ
2745 1624 2864 1696 λέγῃ
2921 1642 3001 1685 τις
3051 1626 3151 1689 ὅτι,
3200 1626 3335 1675 Οὔτε
3374 1621 3623 1695 λαμϐάνω
3664 1622 3793 1694 παρὰ
3837 1626 3907 1678 τῆς

2430 1711 2797 1784 ἀδελφότητος,
2834 1717 2950 1765 οὗτε
2998 1709 3219 1784 δίδωμι,
3266 1712 3396 1763 ἀλλὰ
3435 1720 3543 1773 τοῖς
3581 1711 3713 1782 ἐμοῖς
3754 1707 3907 1781 ἄρκον·

2427 1822 2543 1875 μαιι
2576 1808 2628 1854 τί
2655 1799 2689 1854 ὃ
2694 1810 2736 1854 εἰ
2760 1806 2884 1875 πρὸς
2913 1805 2999 1852 τὸν
3024 1809 3255 1853 τοιοῦτον
3281 1799 3667 1876 παραφυλάξαι.

2355 1891 2439 1951 πξ
2484 1892 2538 1944 Εἰ
2564 1892 2758 1952 ἔξεστιν
2792 1890 2993 1941 ἑκάστω
3019 1894 3076 1941 τό
3116 1889 3333 1941 παλαιόν
3354 1888 3521 1942 αὐτοῦ
3544 1890 3735 1960 ἱμάτιον
3762 1882 3907 1937 δουναι

2426 1982 2554 2032 ὅπου
2587 1981 2669 2032 ἐὰν
2701 1979 2816 2051 θέλῃ
2852 1980 2923 2039 εἰς
2954 1978 3176 2035 ἐντολήν.

2354 2068 2441 2126 πη⁹
2479 2074 2570 2130 Τίς
2596 2069 2733 2121 ἐστιν
2766 2070 2794 2125 ἡ
2830 2073 3053 2143 μέριμνα
3083 2069 3113 2124 ἡ
3140 2066 3394 2139 ﬁta-matri.

2351 2158 2436 2210 πθ’
2478 2154 2687 2215 Ἐπειδὴ
2720 2162 3031 2229 γέγραπται,
3070 2160 3269 2228 Λύτρον
3310 2157 3501 2228 ψυχῆς
3543 2150 3720 2229 ἀνδρὸς
3748 2154 3770 2203 ὁ
3802 2147 3907 2207 ἴδιος

2424 2246 2660 2314 πλοῦτος,
2697 2249 2820 2318 ἡμῖν
2854 2242 2910 2297 δὲ
2952 2246 3010 2297 οὐ
3052 2251 3404 2320 προεχώρησε
3452 2253 3619 2311 τοῦτο,
3661 2248 3707 2294 τί
3732 2246 3907 2297 ποιήσο-

2423 2353 2549 2408 se:

2350 2425 2393 2496 γ’
2435 2426 2494 2477 Ei
2524 2426 2690 2487 ἔξεστι
2715 2427 3003 2496 νυκτερινὸν
3033 2424 3237 2495 ἱμάτιον
3264 2426 3431 2496 ἔχειν,
3465 2426 3566 2476 εἶτε
3592 2426 3808 2497 τρίχινον
3831 2421 3906 2469 ιίτε

2425 2513 2644 2566 ἀλλοῖον.

2348 2603 2435 2674 γα’
2476 2601 2591 2655 Ἐὰν
2622 2598 2859 2673 ἁδελφός,
2894 2598 2950 2653 ἰδ
2956 2621 3028 2652 ιον
3072 2600 3165 2651 οὐκ
3194 2604 3329 2671 ἔχων
3367 2597 3541 2665 οὐδὲν,
3591 2600 3765 2669 αἰτηθῇ
3793 2594 3905 2667 παρά

2421 2710 2554 2751 τινος
2586 2690 2711 2742 αὐτὸ
2751 2690 2777 2741 ὃ
2807 2698 2970 2762 φορεῖ,
3004 2695 3057 2741 τί
3098 2688 3287 2761 ὀφείλει
3330 2698 3577 2757 ποιῆσαι,
3626 2687 3829 2760 μάλιστα
3860 2679 3905 2733 δε

2420 2778 2504 2830 ἐὰν
2536 2783 2727 2851 γυμνὸς
2760 2777 2787 2836 ἦ
2824 2782 2850 2831 ὁ
2890 2779 3136 2840 αἰτήσας.

2344 2953 2431 3027 ἰβ’
2469 2962 2572 3007 Τοῦ
2606 2960 2800 3028 Κυρίου
2838 2957 3270 3028 προστάσσοντος
3299 2955 3493 3009 πωλεῖν
3528 2974 3594 3007 τα
3620 2968 3904 3026 υπαρχοντα,

2417 3050 2466 3097 τί
2496 3040 2859 3116 διανοούμενον
2889 3049 2997 3117 χρὴ
3028 3052 3181 3096 τοῦτο
3202 3052 3395 3099 ποιεῖν.

2342 3131 2422 3204 γ’γ’
2461 3136 2558 3185 Τὸν
2599 3133 2739 3194 ἀπαξ
2788 3130 3238 3203 αποκτησάμενον,
3290 3138 3385 3186 καὶ
3421 3131 3560 3186 ἴδιον
3607 3128 3759 3205 μηδὲν
3793 3132 3903 3197 ἔχειν

2414 3220 2866 3292 ἐπαγγειλάμενον,
2916 3226 3045 3293 ποια
3105 3217 3319 3292 διανοίᾳ
3365 3223 3671 3294 κεχρῆσθαι
3715 3216 3789 3271 δεῖ
3817 3222 3904 3273 τοῖς

2413 3312 2539 3381 πρὸς
2567 3312 2626 3360 τὸ
2653 3308 2749 3380 ζῇν
2772 3306 3092 3379 ἀναγκαίοις.
3126 3310 3232 3363 οἷον
3262 3308 3455 3367 ἐσθῆτι
3478 3317 3570 3362 καῖ
3594 3314 3767 3383 τροφῇ.

2338 3480 2423 3553 ’κδ’
2466 3488 2591 3557 Περὶ
2646 3490 2737 3534 τοῦ
2796 3483 3173 3545 καταλιπόντος
3224 3488 3442 3557 φόρους,
3492 3490 3583 3537 και
3632 3479 3901 3551 ἀδελφότητι

2408 3569 2799 3643 προσελθόντος.

2336 3658 2407 3732 γε’
2452 3660 2514 3713 Εἰ
2545 3665 2794 3733 συμφέρει
2841 3666 2953 3721 τοῖς
3005 3662 3128 3733 οἰρτι
3181 3666 3635 3736 προσερχομένας
3674 3658 3808 3717 εὐθὺς
3852 3654 3902 3701 τὰ

2410 3747 2514 3801 ἀπὸ
2539 3757 2638 3800 τῶν
2667 3755 2878 3823 Γραφῶν
2909 3748 3263 3821 ἐκμανθάνειν.

2338 3835 2421 3907 ἰς’
2461 3836 2521 3889 Εἰ
2566 3833 2651 3888 δεῖ
2676 3841 2833 3888 παντὶ
2878 3846 2951 3907 τῷ
2985 3836 3282 3909 βουλομένῳ
3331 3838 3620 3913 ἐπιτρέπειν
3659 3836 3907 3909 γράμματα

2336 3972 2337 3975 η
2410 3926 2707 3996 μανθάνειν,
2740 3926 2769 3983 ἠ
2805 3922 3188 3997 ἀναγνώσμασι
3210 3931 3522 3998 προσέχειν.

2338 4012 2417 4085 γε
2459 4014 2573 4068 Ἐὰν
2604 4013 2724 4086 λέγῃ
2759 4034 2839 4077 τις
2886 4017 2989 4079 ὅτι,
3036 4015 3174 4068 Θέλω
3212 4015 3335 4086 παρ’
3378 4018 3503 4088 ὑμῖν
3549 4014 3714 4085 ὀλίγον
3748 4012 3906 4083 χρόνον

2411 4102 2757 4173 ὠφεληθῆναι,
2787 4103 2831 4154 εἰ
2858 4100 2942 4154 δεῖ
2961 4103 3116 4155 αὐτὸν
3144 4100 3575 4177 προσδέχεσθαι.

2339 4189 2419 4263 γη’
2462 4194 2701 4243 Ποταπὸν
2734 4192 2978 4265 φρόνημα
3004 4191 3194 4264 ὀφείλει
3223 4195 3367 4264 ἔχειν
3415 4198 3447 4244 ὅ
3480 4196 3757 4268 προεστὼς,
3781 4187 3823 4239 ἐν
3847 4179 3908 4241 οἷς

2412 4278 2711 4350 ἐπιτάσσει,
2739 4280 2767 4338 ἣ
2800 4276 3175 4335 διατάσσεται.

574 4367 643 4418 99
682 4366 963 4429 Quonam
1014 4365 1233 4421 atfectu
1275 4371 1549 4437 oporteat
1587 4367 2000 4440 increpantem
2043 4368 2235 4426 incre-

2343 4367 2418 4438 γθ’
2462 4375 2676 4441 Ποταπῇ
2712 4364 2950 4421 διαθεσει
2982 4364 3067 4421 δεῖ
3096 4369 3335 4443 ἐπιτιμᾷν
3362 4375 3453 4424 τὸν
3483 4369 3802 4442 ἐπιτιμῶντα.

646 4467 821 4522 pare.

579 4541 676 4594 100
715 4538 827 4604 Qui
857 4538 1191 4595 forinsecus
1214 4541 1547 4600 adveniunt
1567 4543 2061 4616 mendicantque,
2083 4560 2231 4618 quo-

642 4626 827 4683 modo
854 4626 967 4683 bos
997 4627 1386 4686 dimittamus.

573 4718 668 4773 101
711 4716 792 4771 De
822 4730 916 4784 eo,
944 4715 1043 4771 cui
1067 4715 1295 4774 credita
1322 4717 1695 4790 dispensatio
1734 4724 1845 4791 est,
1884 4725 1942 4777 et
1964 4721 2041 4778 de
2063 4738 2227 4779 men-

638 4804 1002 4860 dicentibus.

570 4896 671 4949 102
708 4895 788 4950 De
805 4893 1147 4964 egrediente
1166 4908 1206 4949 a
1222 4892 1477 4951 fratrum
1494 4899 1649 4952 caatu
1663 4912 2031 4971 quacunque
2044 4898 2222 4976 405

637 4981 712 5036 de
743 4997 947 5037 causa.

568 5074 668 5127 103
710 5073 860 5129 Cum
913 5086 1029 5127 usu
1075 5071 1280 5128 veniat
1330 5086 1809 5148 nonnunquam,
1868 5080 1935 5133 ut
1991 5082 2050 5134 et
2094 5077 2224 5152 ipse

635 5160 836 5216 senior
877 5159 1119 5217 labatur
1147 5160 1211 5218 in
1243 5160 1569 5234 aliquibus,
1601 5179 1681 5219 an
1726 5164 1801 5219 sit
1844 5164 1977 5239 ipse
2017 5166 2223 5225 redar-

635 5248 939 5320 guendus.

634 5406 683 5439 ³³
721 5409 892 5463 Prov.
926 5424 1048 5478 xui,
1080 5412 1133 5464 8.

2340 4544 2383 4618 ρ’
2422 4548 2558 4606 Τοὺς
2610 4544 2792 4608 ἔξωθεν
2845 4546 3162 4621 ἐρχομένους
3213 4552 3305 4600 καὶ
3362 4552 3771 4623 προσαιτοῦντας
3814 4546 3904 4597 πῶς

2409 4632 2757 4706 ἀπολύσομεν.

2334 4720 2414 4795 ρα’
2454 4727 2580 4797 Περὶ
2619 4730 2712 4775 τοῦ
2743 4721 3171 4797 ἕγχειριζομένου
3209 4729 3299 4784 τὴν
3329 4724 3648 4797 οἰκονομίαν,
3690 4725 3773 4773 καὶ
3802 4716 3901 4786 περί

2406 4818 2505 4861 τῶν
2534 4815 2979 4884 προσαιτούντων.

2331 4898 2419 4975 ρβ⁸
2459 4905 2586 4974 Περὶ
2616 4909 2707 4955 τοῦ
2760 4900 3100 4977 ἑξερχομένου
3142 4900 3246 4955 ἀπὸ
3294 4898 3664 4976 ἀδελφότητος,
3702 4895 3808 4951 καθ’
3853 4892 3897 4944 ὃν

2406 4985 2605 5046 δήποτε
2632 4989 2805 5061 λόγον.

2330 5076 2407 5151 ργ’
2445 5074 2653 5137 Ἐπειδή
2687 5077 2961 5153 συμϐαίνει
3009 5083 3082 5144 εἷς
3115 5100 3233 5134 τινα
3269 5086 3359 5135 καὶ
3410 5079 3566 5133 αὐτὸν
3616 5077 3895 5130 ὅλισθαίνειν

2404 5170 2489 5219 τὸν
2512 5166 2881 5243 πρεσϐύτερον,
2924 5170 2969 5222 εἰ
2999 5166 3111 5224 δέοι
3138 5171 3296 5224 αὐτὸν
3325 5170 3653 5242 ἐλέγχεσθαι.
