4082 6178
205 279 338 334 1061

1234 277 1662 334 REGULARUI
1718 277 2120 334 BREVIORUM
2157 280 2526 336 CAPITULA.

200 397 284 475 ρδ’
313 407 430 462 Πῶς
457 405 567 474 χρὴ
595 403 689 462 τὰς
718 396 1001 472 φροντίδας
1029 401 1338 474 ἐγχειρίζειν
1362 405 1468 461 τοῖς
1499 397 1759 472 ἀδελφοῖς.

1941 404 2010 455 Oi-
2048 403 2192 466 Quaa
2220 403 2372 459 ratio
2401 403 2659 460 tenenda
2688 404 2762 460 sit
2787 403 2848 460 in
2885 403 3100 461 oﬂiciis
3128 404 3418 462 fratribus
3447 407 3556 464 de-

201 575 270 648 ρε’
303 577 362 628 Ei
389 580 499 650 χρὴ
532 579 652 638 τοὺς
684 576 1080 650 εἰσερχομένους
1120 575 1189 636 εἰς
1238 573 1568 648 ἀδελφότητα
1620 576 1800 637 εὐθέως

276 669 466 736 τέχνας
493 667 791 736 μανθάνειν.

201 753 286 828 ρςί
322 759 497 815 Ποίοις
534 753 817 825 ἐπιτιμίοις
857 755 1159 825 κεχρῆσθαι
1206 749 1288 805 δεῖ
1326 751 1376 805 ἐν
1410 750 1746 826 ἀδελφότητι.

201 931 283 1004 ρξ’
313 936 436 1003 Περὶ
464 938 556 982 του
585 930 816 1001 λέγοντος
841 927 1120 1002 ἐπιθυμίαν
1147 931 1288 1000 ἔχειν
1326 931 1494 1002 συζῇν
1532 938 1592 1002 τῇ
1641 927 1799 984 iam-

279 1025 488 1090 ῳότητι,

199 1109 283 1183 ρη’
319 1109 378 1162 Ei
400 1113 508 1179 χρὴ
535 1111 620 1160 τόν
645 1116 948 1181 προεστῶτα
985 1106 1127 1167 ἐκτὸς
1158 1116 1253 1169 τῆς
1277 1113 1613 1181 προεστώσης
1637 1107 1804 1160 λαλεῖν

276 1193 470 1268 ἀδελφῇ
503 1215 606 1247 τινι
635 1198 700 1247 τά
736 1199 864 1267 πρὸς
894 1191 1180 1268 οἰκοδομὴν
1205 1205 1298 1256 τῆς
1326 1201 1574 1258 πίστεως.

200 1375 278 1447 ρθ’
312 1374 372 1425 Ei
401 1378 508 1448 χρὴ
541 1376 629 1425 τόν
660 1382 968 1446 προεστῶτα
1004 1376 1134 1446 μετὰ
1179 1382 1272 1434 τῆς
1317 1380 1662 1446 προεστώσης
1698 1393 1801 1426 πυ-

274 1471 409 1524 κνῶς
437 1459 796 1533 διαλέγεσθαι.

201 1552 266 1624 ρι’
298 1552 359 1606 Εἰ
384 1557 517 1624 χρὴ,
559 1550 1030 1623 ἐξομολογουμένης
1069 1548 1293 1624 ἀδελφῆς
1322 1559 1394 1604 τῶ
1442 1550 1798 1624 πρεσϐυτέρῳ,

275 1646 367 1692 καὶ
396 1645 491 1698 τήν
518 1639 872 1714 πρεσϐυτέραν
901 1648 1162 1716 παρεῖναι.

1980 489 2275 559 legendis.

1911 583 2010 636 105
2051 588 2136 635 An
2168 581 2369 638 statim
2402 588 2466 638 ut
2486 582 2668 655 aliqui
2689 583 2748 639 in
2781 583 3036 640 fratrum
3064 591 3430 644 conventum
3465 587 3558 645 in-

1978 669 2166 737 gressi
2188 670 2422 737 fuerint,
2451 671 2710 728 debeant
2738 678 2895 728 artes
2925 671 3181 729 discere.

1913 760 2014 813 106
2049 757 2405 827 Cujusmodi
2458 761 2646 831 pmnis
2700 761 2761 817 in
2807 760 3062 817 fratrum
3126 761 3412 820 societate
3473 765 3560 822 uti

1981 852 2272 917 oporteat.

1916 939 2012 993 107
2058 938 2133 990 De
2159 951 2232 991 eo
2251 935 2356 1008 qui
2382 937 2523 992 dicit
2543 953 2761 1009 cupere
2791 954 2852 993 se
2884 937 3066 994 simul
3095 954 3237 995 cum
3258 939 3556 997 fratribus

1983 1039 2201 1079 Vivere.

1915 1116 2016 1168 108
2056 1119 2143 1168 An
2172 1114 2489 1170 conveniat
2533 1114 2904 1185 praefectum,
2954 1115 3236 1186 praefecte
3281 1117 3558 1188 abeute,

1982 1217 2119 1256 cum
2153 1218 2357 1257 sorore
2389 1202 2593 1274 aliqua
2643 1203 2804 1276 loqui
2845 1203 2920 1258 de
2964 1204 3056 1269 iis,
3084 1219 3222 1276 quae
3257 1206 3560 1276 pertinent

1981 1290 2061 1344 ad
2088 1289 2228 1346 ﬁdei
2258 1289 2745 1346 rediﬁcationem.

1915 1381 2015 1432 109
2052 1384 2140 1432 An
2169 1379 2488 1434 conveniat
2534 1379 2886 1450 praefectum
2935 1395 3075 1436 cum
3127 1381 3409 1452 praefecte
3441 1381 3561 1438 fre-

1979 1473 2232 1538 quenter
2260 1467 2543 1538 colloqui.

1915 1559 2015 1610 110
2053 1561 2140 1610 An
2186 1555 2320 1626 ipso
2367 1557 2599 1612 seniore
2645 1556 2866 1613 sororis
2913 1557 3360 1614 confessionem
3406 1557 3563 1616 exci-

1983 1645 2200 1715 piente,
2232 1645 2365 1715 ipsa
2391 1645 2574 1700 etiam
2603 1646 2806 1701 senior
2834 1646 3052 1702 adesse
3077 1646 3319 1703 debeat.

201 1730 304 1806 ρια’
336 1730 417 1790 Ei,
444 1737 537 1782 τοῦ
567 1728 920 1802 πρεσϐυτέρου
950 1731 1190 1800 γενέσθαι
1228 1748 1279 1781 τι
1317 1729 1707 1804 προστάξαντος
1756 1727 1798 1781 ἐν

1958 1739 2004 1788 :l
2055 1734 2110 1788 Si
2140 1733 2364 1801 senior,
2410 1750 2614 1789 sorore
2664 1733 2900 1789 seniore
2941 1734 3152 1804 inscia,
3183 1735 3432 1806 jusserit
3461 1735 3563 1792 ali-

275 1826 386 1878 ταῖς
417 1815 663 1889 ἀδελφαῖς
713 1821 856 1892 παρὰ
889 1827 1088 1888 γνῶσιν
1119 1827 1214 1878 τῆς
1256 1817 1626 1891 πρεσϐυτέρας,
1667 1817 1805 1870 εὐλό-

274 1927 383 1977 γως
413 1904 690 1976 ἀγανακτεῖ
726 1907 756 1963 ἠ
817 1905 1164 1980 πρεσϐυτέρα.

204 1994 310 2067 ριβ
336 1996 454 2047 Ἐάν
481 2013 555 2054 τις
583 1994 842 2066 προσέλθῃ
876 2004 948 2065 τῷ
978 1999 1114 2047 κατά
1139 1999 1268 2048 Θεὸν
1300 1993 1422 2068 βίῳ,
1458 1994 1499 2047 εἰ
1527 1991 1804 2047 ἀκόλουθόν

276 2083 390 2136 ἐστι
416 2089 502 2135 τόν
533 2093 836 2157 προεστῶτα
873 2086 992 2136 ἄνευ
1022 2091 1236 2158 γνώμης
1284 2094 1382 2136 τῶν
1432 2080 1663 2156 ἀδελφῶν
1718 2088 1804 2135 τόν

276 2181 508 2224 τοιοῦτον
537 2169 960 2244 προσδέχεσθαι.

204 2259 306 2336 pr]
337 2261 396 2314 Ei
422 2257 644 2312 δύναται
675 2263 700 2312 ό
727 2258 981 2334 φροντίδα
1007 2261 1200 2333 ψυχῶν
1237 2260 1686 2335 ἐγκεχειρισμένος
1713 2281 1804 2332 φυ-

275 2349 428 2413 λάξαι
468 2354 546 2417 τό,
591 2351 708 2404 Ἐὰν
759 2357 830 2424 μὴ
890 2359 1173 2425 στραφῆτε,
1219 2355 1309 2402 καὶ
1355 2353 1575 2422 γένησθε
1627 2352 1691 2410 ὡς
1743 2352 1805 2400 τὰ

277 2436 492 2493 παιδία.

201 2526 305 2603 pthy
337 2530 399 2582 Ei
430 2525 514 2581 δεῖ
540 2535 696 2582 παντὶ
719 2538 790 2601 τῷ
822 2530 1156 2580 ἑπιτάσσοντι
1182 2532 1271 2581 καὶ
1292 2523 1652 2600 οἱῳδηποτοῡν
1673 2531 1806 2580 υπα-

274 2618 467 2672 κούειν.

204 2707 290 2781 ριε’
324 2714 443 2767 Πῶς
473 2708 750 2758 ὑπακούειν
779 2703 1017 2766 ἀλληλοις
1047 2710 1177 2778 χρή.

205 2796 306 2869 ρις’
334 2799 512 2868 Μέχρι
541 2800 708 2846 πόσου
747 2795 1023 2844 ὑπακούειν
1064 2797 1198 2864 χρὴ.

206 2973 303 3048 ριζ
329 2973 389 3024 Ὀ
417 2978 488 3045 μὴ
533 2971 1008 3046 πληροφοροὺμενος
1039 2966 1086 3020 ἐν
1123 2987 1233 3028 τοις
1262 2967 1380 3020 καθ’
1438 2968 1633 3040 ἡμέραν
1673 2971 1806 3040 πρὸς

1982 1823 2125 1895 quid
2159 1838 2194 1876 a
2224 1823 2530 1878 sororibus
2552 1823 2700 1891 ﬁeri,
2729 1838 2805 1876 an
2830 1823 3032 1879 senior
3058 1822 3161 1880 illa
3184 1825 3319 1894 jure
3341 1839 3412 1879 ac
3440 1837 3566 1878 me-

1984 1912 2095 1966 rito
2118 1911 2480 1981 indignetur.

1919 2005 2016 2055 112
2054 2000 2110 2054 Si
2135 1998 2271 2072 quis
2297 1999 2618 2054 acceditad
2641 1999 2825 2055 vitam
2843 2014 2980 2070 quae
3005 1999 3343 2055 secundum
3367 2003 3558 2055 Deum

1983 2095 2091 2156 est,
2125 2105 2199 2144 an
2223 2087 2539 2146 conveniat
2573 2087 2752 2143 talem
2801 2087 2985 2160 recipi
3026 2104 3062 2145 a
3099 2087 3380 2160 prafecto
3410 2087 3562 2144 citra

1985 2193 2351 2234 consensum
2380 2176 2652 2233 fratrum.

1917 2271 2016 2323 113
2058 2272 2150 2322 An
2181 2266 2373 2338 possit
2413 2267 2462 2320 is
2511 2265 2603 2319 cui
2655 2264 3001 2320 animarum
3047 2279 3193 2320 cura
3218 2262 3565 2320 concredita

1982 2361 2091 2417 est,
2123 2356 2236 2410 hoc
2264 2355 2586 2410 observare
2610 2369 2623 2406 :
2647 2353 2780 2408 Nisi
2801 2354 3079 2408 conversi
3092 2353 3358 2420 fueritis,
3381 2357 3436 2408 et
3458 2352 3560 2420 fa-

1983 2449 2065 2499 cti
2087 2445 2332 2513 fueritis
2361 2444 2516 2499 sicut
2549 2442 2803 2509 parvuli
2822 2441 2896 2495 ⁸⁸.

1917 2536 2016 2589 114
2052 2531 2336 2605 Nunquid
2364 2530 2551 2586 cuivis
2581 2536 2638 2586 et
2665 2528 2924 2602 quodvis
2949 2528 3276 2600 imperanti
3311 2526 3558 2583 obedire

1985 2620 2324 2676 conveniat.

1916 2713 2017 2765 115
2056 2708 2372 2774 Quomodo
2403 2707 2514 2763 sibi
2547 2706 2808 2763 invicem
2838 2705 3083 2762 obedire
3113 2707 3412 2777 oporteat.

1914 2797 2016 2854 116
2055 2797 2143 2853 Ad
2161 2813 2462 2869 quosnam
2483 2795 2772 2851 terminos
2792 2810 2856 2851 se
2875 2793 3060 2850 debet
3077 2792 3398 2850 extendere
3421 2791 3566 2849 obe-

1982 2887 2227 2943 dientia.
3330 2921 3333 2925 -

1915 2979 2012 3030 117
2054 2975 2159 3039 Qui
2188 2991 2311 3030 non
2358 2973 2682 3030 assentitur
2725 2971 2794 3027 iis
2841 2987 2980 3042 quae
3032 2970 3145 3026 sibi
3175 2967 3447 3042 quotidie
3472 2969 3562 3025 in-

277 3067 366 3120 τὴν
397 3061 735 3134 προκειμένην
766 3057 966 3116 ἐντολὴν
997 3057 1339 3129 ἐπιτάγμασι,
1371 3059 1561 3128 τέχνην
1610 3051 1668 3107 δὲ
1705 3076 1798 3128 μα-

1975 3063 2634 3134 junguntur,quautum
2655 3059 2862 3118 attinet
2881 3057 3351 3129 adlpropositum
3371 3056 3566 3128 quod-

281 3152 386 3201 θεῖν
415 3148 696 3215 ἐπιζητων,
728 3155 873 3199 ποῖον
905 3146 1070 3207 πάθος
1106 3152 1269 3212 νοσεῖ,
1299 3149 1388 3196 καὶ
1418 3143 1460 3196 εἰ
1496 3149 1606 3219 χρὴ
1641 3141 1802 3196 αὐτοῦ

279 3237 584 3309 ἀνέχεσθαι.

205 3324 308 3398 ριη’
354 3325 412 3378 Ὀ
473 3320 758 3385 σπουδαῖος
807 3324 872 3385 εἰς
915 3329 1008 3381 τὴν
1052 3321 1278 3400 ἐντολὴν,
1325 3325 1414 3375 καὶ
1459 3320 1802 3398 ἐργαζόμενος

278 3414 384 3486 οὐχ
414 3413 440 3466 ὃ
471 3412 830 3478 ἑπιτοίσσεται,
863 3411 968 3464 ἀλλ’
997 3412 1023 3464 ὁ
1050 3413 1200 3472 αὐτὸς
1232 3410 1382 3475 θέλει,
1415 3417 1561 3464 ποῖον
1609 3412 1800 3484 μιοθὸν

279 3506 413 3574 ἔχει.

203 3591 303 3664 ριθ’
329 3591 390 3643 Ei
418 3590 611 3653 ἔξεστιν
643 3588 842 3660 ἑκάστῳ
872 3589 1245 3663 παραιτεῖσθαι
1274 3591 1332 3638 τὸ
1363 3585 1688 3661 ἐγχειρισθεν
1719 3588 1798 3661 έρ-

275 3700 387 3752 γον,
416 3684 506 3730 καὶ
531 3677 653 3730 ἄλλο
683 3675 970 3738 ἐπιζητεῖν.

202 3767 278 3842 ρκ’
307 3769 368 3820 Εἰ
399 3765 484 3820 δεῖ
511 3766 720 3820 ἀπιέναι
752 3787 851 3820 που
899 3772 1066 3843 χωρὶς
1105 3767 1447 3839 ὑπομνήσεως
1491 3770 1584 3816 τοῦ
1642 3782 1800 3837 προε-

277 3877 445 3909 στωτο
454 3878 474 3918 ς
483 3899 495 3911 .

200 3946 315 4020 ρχα’
345 3946 406 3998 Ei
436 3946 600 4008 ἔξεστι
628 3946 1001 4018 παραιτεῖσθαι
1021 3945 1086 3996 τά
1116 3943 1382 4017 βαρύτερα
1406 3949 1506 3994 τῶν
1547 3943 1726 4016 ἔργων.

198 4034 321 4109 ρλβ’
358 4035 476 4086 Ἐάν
530 4054 628 4103 τις,
671 4035 987 4106 ἐπιτιμηθεὶς
1032 4031 1266 4103 εὐλογίαν
1322 4035 1394 4104 μὴ
1442 4029 1636 4096 λαϐεῖν,
1675 4028 1796 4102 λέγῃ

273 4126 376 4189 ὅτι,
409 4121 526 4175 Ἐἀν
555 4127 626 4195 μή
656 4121 797 4174 λάϐω
837 4121 1091 4193 εὖλογίαν,
1135 4121 1228 4173 οὒκ
1258 4119 1419 4173 ἐσθίω
1452 4141 1466 4153 ·
1513 4119 1557 4172 εἰ
1598 4115 1680 4171 δεῖ
1711 4118 1802 4170 αὖ·

272 4217 362 4265 τόν
393 4211 678 4283 ἀνέχεσθαι
689 4254 702 4267 .

1981 3151 2126 3206 dam
2165 3155 2552 3222 praeceptum,
2613 3152 2670 3203 et
2727 3152 2921 3201 artem
2972 3145 3204 3199 discere
3247 3142 3455 3214 cupit;
3506 3142 3558 3197 is

1977 3239 2143 3312 quali
2170 3238 2383 3294 morbo
2409 3236 2664 3302 laborat,
2690 3239 2746 3290 et
2762 3231 3040 3304 nunquid
3058 3230 3292 3287 tolerari
3314 3229 3553 3287 debeat.

1914 3332 2011 3384 118
2052 3326 2162 3392 Qui
2194 3333 2470 3382 strenuus
2499 3323 2669 3380 estin
2697 3319 2985 3377 mandato
3015 3317 3413 3389 conﬁciendo,
3453 3317 3562 3374 sed

1977 3415 2120 3473 facit
2143 3414 2305 3488 quod
2339 3411 2454 3469 sibi
2487 3429 2605 3468 non
2631 3406 3106 3483 prrecipitur,sed
3134 3407 3302 3480 quod
3334 3406 3448 3480 ipsi
3472 3411 3562 3464 est

1979 3503 2290 3576 placitum,
2316 3501 2558 3574 qualem
2589 3498 2929 3554 mercedem
2957 3496 3161 3552 habet.

1911 3599 2011 3650 119
2049 3599 2138 3648 An
2156 3592 2329 3648 liceat
2355 3590 2677 3661 unicuique
2709 3585 2977 3642 delatum
2999 3584 3113 3640 sibi
3141 3600 3364 3639 munus
3390 3599 3560 3640 recu-

1977 3698 2133 3750 sare,
2161 3686 2218 3736 et
2246 3679 2412 3735 aliud
2443 3684 2662 3751 petere.

1915 3774 2012 3826 120
2053 3772 2142 3824 An
2171 3768 2488 3824 conveniat
2539 3765 2743 3836 aliquo
2790 3761 2958 3819 abire
2987 3775 3110 3816 non
3142 3758 3373 3815 monito
3403 3773 3560 3831 prae-

1981 3858 2159 3913 fecto.

1913 3951 2007 4003 121
2051 3953 2139 4002 An
2166 3945 2394 4001 licitum
2424 3943 2499 3998 sit
2523 3940 2798 4012 graviora
2828 3954 3018 4011 opera
3041 3937 3310 4009 rejicere.

1915 4040 2015 4092 l22
2054 4035 2158 4092 Cui
2191 4049 2374 4108 pmna
2404 4032 2532 4087 haec
2564 4031 2828 4098 irrogata
2854 4027 2981 4096 fuit,
3023 4024 3310 4081 nimirum
3343 4027 3407 4078 ut
3433 4037 3560 4079 non

1981 4124 2238 4196 accipiat
2281 4119 2805 4178 benedictionem:
2840 4117 2889 4172 si
2921 4117 2968 4171 is
2998 4113 3194 4170 dicat:
3241 4112 3362 4169 Nisi
3389 4126 3561 4167 acce-

1980 4228 2125 4286 pero
2153 4209 2662 4276 benedictionem,
2704 4221 2827 4262 non
2873 4203 3025 4261 edo:
3060 4199 3341 4274 nunquid
3371 4197 3562 4256 feren-

1981 4301 2098 4357 dus
2130 4306 2238 4356 est.

195 4411 299 4465 ρχγ
343 4391 461 4444 Ἐάν
491 4409 565 4450 τις
592 4388 821 4447 λυπῆται
845 4393 916 4462 μὴ
946 4386 1338 4460 ἐπιτρεπόμενος
1367 4392 1531 4439 ποιεῖν
1553 4385 1578 4437 ὃ
1597 4390 1668 4458 μὴ
1696 4381 1798 4438 δύ-

1944 4395 2009 4447 23
2051 4391 2106 4448 Si
2131 4390 2268 4463 quis
2297 4385 2574 4444 molestia
2616 4382 2932 4482 atﬁciatur,
2961 4378 3130 4454 quod
3159 4392 3285 4434 non
3315 4375 3560 4450 permit-

269 4499 422 4532 ναται
447 4474 758 4540 ἐπιτηδείως
785 4483 969 4543 ποιεῖν,
1005 4475 1047 4528 εἰ
1075 4480 1185 4549 χρὴ
1215 4474 1374 4529 αὐτοῦ
1406 4473 1713 4548 ἀνέχεσθαι.

197 4654 316 4732 ρκό
343 4657 403 4711 Εἰ
433 4653 518 4710 δεῖ
543 4658 673 4730 μετά
701 4656 967 4731 αἱρετικῶν
997 4655 1027 4713 ἡ
1061 4656 1193 4728 μετά
1235 4652 1482 4712 Ἑλλήνων
1533 4653 1803 4727 εὑρεθέντα

272 4768 376 4800 που
417 4748 706 4799 συνεσθίειν
737 4744 932 4814 αὐτοῖς,
965 4745 994 4803 ἣ
1029 4741 1364 4804 ἀσπάζεσθαι
1385 4742 1586 4804 αὐτούς.

197 4930 299 5005 ρκί
329 4932 429 4981 Τὸν
457 4931 823 4999 πιστευόμενον
871 4928 1038 5000 ἔργον,
1079 4929 1167 4976 καὶ
1211 4923 1460 4976 ποιοῦντά
1524 4942 1578 4976 τι
1626 4927 1799 4996 χωρὶς

271 5020 612 5091 ὑπομνήσεως
641 5019 783 5091 παρά
830 5018 886 5068 τὸ
937 5011 1337 5086 διατεταγμένον
1389 5012 1547 5084 αὐτῷ,
1609 5012 1652 5065 εἰ
1717 5007 1802 5063 δεῖ

273 5111 414 5180 ἶχειν
446 5111 504 5159 τό
539 5109 706 5181 ἔργον.

197 5286 314 5362 ρκςί
339 5293 451 5349 Πῶς
480 5287 544 5337 ἄν
574 5303 650 5343 τις
670 5289 739 5357 μὴ
770 5283 1020 5340 ἡττηθείη
1061 5289 1151 5343 τῆς
1176 5279 1227 5333 ἐν
1267 5278 1517 5354 βρώμασι
1584 5273 1798 5351 φιληδο-

271 5381 399 5436 νίας.

272 5542 320 5576 ⁸⁸
353 5538 555 5598 Matth.
587 5551 754 5607 xvm,
785 5540 838 5593 3.

1975 4478 2336 4537 taturfacere
2352 4475 2412 4532 id
2441 4472 2608 4548 quod
2620 4468 2942 4529 commode
2967 4468 3166 4525 facere
3182 4481 3309 4522 non
3338 4469 3555 4539 potest.

1979 4585 2058 4626 an
2086 4566 2437 4626 tolerandus
2469 4565 2566 4622 sit.

1910 4661 2013 4716 124
2046 4662 2136 4714 An
2153 4656 2250 4713 ille
2279 4656 2384 4730 qui
2403 4667 2664 4728 usquam
2683 4649 2744 4706 in
2764 4646 3081 4706 hmreticos
3117 4649 3174 4701 et
3199 4643 3452 4715 gentiles
3472 4641 3564 4698 in-

1976 4745 2138 4810 cidit,
2170 4744 2390 4801 debeat
2415 4757 2540 4798 una
2584 4754 2724 4796 cum
2769 4737 2916 4810 ipsis
2943 4735 3150 4793 cibum
3177 4745 3419 4804 capere,
3451 4743 3575 4799 aut

1975 4836 2142 4910 ipsos
2171 4834 2456 4891 salutare.

1910 4901 2022 4982 125-
2047 4923 2154 4980 Cui
2201 4937 2422 4979 munus
2487 4915 2735 4991 aliquod
2797 4912 3098 4971 creditum
3163 4913 3280 4968 est.
3326 4910 3384 4962 et
3432 4901 3560 4991 sine

1979 5014 2100 5070 ulla
2123 4990 2604 5070 commonitione
2622 5006 2765 5062 facit
2792 5000 3022 5075 aliquid
3051 5002 3270 5071 praeter
3304 4994 3366 5051 id
3391 4990 3559 5066 quod

1978 5101 2093 5177 ipsi
2122 5103 2461 5173 injunctum
2506 5097 2615 5152 fuit
2657 5093 2913 5148 debetne
2959 5087 3054 5143 ille
3096 5097 3326 5139 munus
3370 5094 3558 5136 suum

1913 5198 2235 5351 122621;:
2243 5231 2572 5341 .Quomodo
2599 5267 2737 5340 quis
2765 5279 2888 5320 non
2921 5261 3194 5317 vincatur
3225 5275 3262 5316 a
3283 5257 3569 5330 volupta-

1983 5371 2038 5422 te
2060 5363 2429 5422 eduliorum.
