4082 6178
568 300 705 356 1063
1948 289 2007 350 S.
2042 289 2180 351 BASI

2273 291 2291 350 Ι
2322 289 2540 352 ΜΑΒΝΙ
3770 297 3885 354 to“

567 425 665 480 127
711 421 926 480 Dicunt
954 419 1205 495 quidam
1236 418 1363 477 fieri
1391 433 1515 476 non
1546 432 1746 491 posse,
1777 420 1844 473 ut
1870 416 2058 475 homo
2095 433 2178 474 no

2274 424 2301 477 ι
2329 422 2447 494 ρκζ“
2478 421 2709 491 Λέγουσί
2738 435 2891 486 τινες,
2935 418 3017 470 ὅτι
3054 413 3313 470 ἀδύνατόν
3340 413 3455 470 ἔστι
3490 421 3561 489 μὴ
3610 385 3886 491 ὀργισθῆναι

634 511 953 569 irascatur.

2400 509 2687 569 ἄνθρωπον.

569 562 676 658 123
689 562 1024 672 -έιίιῖῌιὶε
1054 598 1184 655 vult
1203 597 1634 655 abstinentiam
1666 611 1853 670 supra
1883 596 2037 653 vires
2056 611 2181 653 exe!

2497 562 2507 583 Α
2680 562 2683 563 ,

2327 596 2448 671 ρειτί
2475 604 2560 668 Τῷ
2592 596 2788 650 θελοντι
2814 595 3220 671 ἐγκρατεύεσθαι
3247 596 3373 670 ὑπερ
3396 590 3639 670 δύναμιν,
3672 599 3794 652 ὥστε
3814 605 3888 653 καὶ

633 704 789 760 cere,
820 688 904 744 ita
933 692 998 743 ut
1025 687 1205 745 etiam
1234 687 1297 743 in
1330 686 1643 750 mandato,
1669 684 1837 759 quod
1856 685 1973 742 sibi
1995 700 2221 758 propo-

2402 685 2471 747 εἰς
2511 690 2606 745 τὴν
2660 690 3000 762 προκειμένην
3048 684 3253 745 ἐντολὴν
3301 681 3695 758 ἐμποδίζεσθαι,
3735 688 3776 741 εἰ
3822 685 3891 741 δεῖ

633 776 816 846 nitur,
849 774 1231 833 conﬁciendo
1278 774 1664 856 impediatur,
1719 788 1866 830 num
1907 772 1973 829 id
2001 773 2057 830 ei
2082 786 2220 845 per-

1106 774 1231 831 ndo
1278 774 1664 856 impediatur,
1719 788 1866 830 num
1907 772 1973 829 id
2001 773 2057 830 ei
2082 786 2220 845 per—
2402 782 2717 849 συγχωρεῖν.

630 863 995 921 mittendum
1021 868 1127 921 est.

566 958 667 1011 129
703 955 783 1010 De
810 968 881 1009 eo
909 953 1016 1027 qui
1045 953 1304 1010 multum
1345 952 1601 1025 jejunat,
1657 957 1715 1009 et
1743 952 1803 1009 in
1833 952 2072 1009 edendo
2095 967 2174 1009 no

2330 949 2444 1024 μεθ’
2476 954 2601 1026 Περὶ
2619 958 2712 1004 τοῦ
2740 949 2903 1004 πολλὰ
2930 953 3290 1017 νηστεύοντος,
3323 948 3371 1003 έν
3420 947 3484 1003 δε
3525 959 3585 1025 τῇ
3638 951 3892 1025 μεταλήψει

632 1048 833 1116 potest
859 1043 1063 1099 cibum
1091 1041 1359 1099 tolerare.

2402 1045 2475 1113 μὴ
2511 1036 2799 1113 δυναμένου
2828 1038 3111 1113 ἀνέχεσθαι
3146 1048 3239 1092 τοῦ
3272 1038 3570 1113 βρώματος.

564 1134 666 1190 130
705 1129 1025 1198 Quomodo
1064 1131 1471 1203 jejunandum
1522 1131 1615 1200 sit,
1662 1131 1767 1188 ubi
1810 1130 2042 1204 jejunio
2063 1144 2176 1202 opu

2326 1127 2401 1203 ρλ’
2430 1137 2545 1192 Πῶς
2574 1134 2684 1204 χρὴ
2706 1132 2993 1196 νηστεύειν,
3014 1130 3138 1182 ὅταν
3166 1134 3327 1204 χρεία
3352 1134 3567 1201 ’γίνηται
3593 1135 3832 1192 νηστείας.

633 1221 829 1276 fuerit.

564 1225 814 1375 “tingui
841 1323 966 1365 non
992 1309 1156 1382 capit
1183 1308 1376 1379 cibos,
1422 1323 1581 1382 quos
1625 1307 1839 1365 fratres
1869 1307 2077 1377 edunt,
2109 1323 2174 1363 se

2329 1306 2438 1384 ρλα’
2475 1306 2532 1361 Ὀ
2566 1311 2638 1381 μὴ
2671 1307 3076 1381 μεταλαμϐάνων
3120 1309 3231 1361 ὅθεν
3276 1310 3327 1361 οἱ
3386 1305 3600 1383 ἀδελφοὶ
3637 1307 3889 1376 ἐσθίουσα,

629 1396 783 1455 alios
809 1398 1080 1471 requirit,
1112 1412 1263 1454 num
1292 1403 1458 1454 recte
1484 1397 1645 1453 facit.

2401 1396 2508 1449 ἀλλ’
2539 1397 2710 1471 ἕτερον
2754 1398 3037 1468 έπιςητῶν,
3061 1398 3103 1450 εἰ
3131 1397 3298 1461 καλῶς
3326 1406 3486 1452 ποιεῖ.

565 1490 666 1544 132
703 1485 812 1552 Qui
840 1478 1024 1542 dicit:
1079 1486 1145 1542 Id
1188 1485 1334 1542 mihi
1385 1492 1579 1553 nocet,
1630 1489 1689 1541 et
1735 1500 1895 1557 egre
1941 1484 2074 1554 fert,
2103 1484 2177 1540 ni:

2325 1485 2440 1562 ρλβ’
2469 1486 2530 1539 Ὀ
2557 1487 2717 1559 λέγων
2749 1489 2849 1554 ὃτι,
2883 1487 3103 1540 Βλοίπτει
3157 1507 3221 1561 με
3263 1496 3438 1555 τοῦτο,
3489 1492 3576 1541 καὶ
3615 1486 3892 1560 λυπούμενος

629 1574 796 1631 aliud
817 1573 1028 1631 datum
1053 1574 1227 1630 fuerit
1255 1592 1268 1630 :
1297 1574 1443 1648 quid
1476 1574 1591 1631 hoc
1618 1578 1726 1631 est.

1574 1590 1591 1630 3
1618 1578 1726 1631 est.
2398 1575 2483 1630 έάν
2514 1575 2637 1629 ἄλλο
2667 1581 2739 1649 μὴ
2769 1572 2924 1649 δοθῇ,
2947 1581 3000 1628 τί
3029 1575 3186 1631 ἔστιν.

564 1669 662 1721 133
706 1664 761 1721 Si
790 1664 974 1721 etiam
1004 1664 1473 1721 murmuraverit
1498 1663 1594 1720 ille
1624 1664 1903 1721 ciborum
1933 1679 2138 1721 causa.

1800 1680 1903 1720 um
1933 1679 2138 1721 causa.
2325 1665 2435 1742 ρλγ¹
2463 1669 2577 1719 Ἐὰν
2609 1662 2669 1719 δὲ
2693 1668 2781 1717 καὶ
2803 1669 3044 1739 γογγύσῃ
3073 1662 3167 1718 διὰ
3199 1663 3411 1741 βρῶμα.

566 1756 666 1810 134
707 1752 766 1810 Si
788 1753 973 1810 etiam
1002 1753 1195 1810 iratus
1224 1758 1461 1809 recuset
1481 1753 1825 1810 necessaria
1854 1753 2148 1826 accipere.

2280 1777 2293 1826 ς
2326 1752 2438 1831 ρλό
2470 1756 2588 1810 Ἐὰν
2627 1752 2687 1808 δί
2724 1759 2816 1808 καὶ
2843 1755 3110 1830 ὀργισθεὶς
3135 1764 3463 1831 παραιτῆται
3488 1753 3659 1808 λαϐεῖν
3686 1756 3749 1807 τὰ
3786 1756 3892 1829 πρὸς

1508 1862 1517 1871 ’
2396 1850 2486 1905 τὴν
2515 1850 2719 1919 χρείαν.

564 1953 664 2007 135
702 1954 792 2005 An
844 1948 1164 2005 conveniat
1213 1947 1483 2021 aliquem
1527 1947 1853 2020 fatigatum
1878 1947 2176 2022 quidquat

2326 1950 2424 2027 ρλε⁹
2454 1952 2515 2007 Εἰ
2541 1955 2651 2028 χρὴ
2685 1954 2772 2004 τόν
2811 1952 3075 2025 κάμνοντα
3114 1951 3268 2006 αὐτόν
3321 1951 3650 2014 ἐπιζητῆσαι
3697 1949 3891 2003 πλέοντι

633 2036 938 2095 consuetis
968 2036 1230 2110 amplius
1260 2038 1584 2110 requirere.

1208 2054 1230 2092 ε
1260 2038 1584 2110 requirere.
2397 2049 2490 2104 τῆς
2523 2042 2820 2103 συνηθείας.

567 2130 666 2184 136
705 2129 797 2183 An
854 2141 1103 2183 necesse
1163 2126 1239 2183 sit
1292 2141 1505 2182 omnes
1570 2125 1649 2182 ad
1696 2125 1914 2183 horam
1979 2126 2179 2200 prand.

2324 2129 2439 2205 ρλς·’
2468 2131 2528 2184 Εἰ
2555 2128 2835 2203 ἀναγκαῖον
2864 2132 3060 2191 πάντας
3085 2130 3414 2203 συνάγεσθαι
3476 2129 3528 2183 έν
3566 2138 3625 2203 τῇ
3673 2130 3774 2204 ὥρᾳ
3816 2134 3889 2179 τοῦ

632 2215 996 2272 convenire:
1047 2219 1106 2271 et
1154 2214 1203 2271 si
1250 2215 1388 2287 quis
1441 2231 1566 2271 non
1605 2215 1886 2285 occurrit,
1936 2215 2043 2272 sed
2083 2219 2221 2289 post

2400 2217 2640 2295 ἀρίστου,
2668 2224 2759 2272 καὶ
2783 2222 2870 2272 τόν
2902 2218 3407 2293 ἀπολιμπανόμενον,
3438 2222 3531 2272 καὶ
3556 2221 3685 2293 μετά
3724 2220 3774 2270 τό
3800 2216 3889 2293 ἄρι-

633 2302 961 2378 prandium
993 2303 1175 2374 venit,
1206 2303 1521 2377 quomodo
1550 2304 1729 2360 nobis
1755 2320 1895 2360 cum
1927 2319 1998 2361 eo
2033 2320 2219 2375 agen-

1755 2320 1895 2360 cum
1927 2319 1998 2361 eo
2033 2320 2219 2375 agen-
2401 2327 2520 2362 στον
2546 2307 2848 2383 ἐρχόμενον,
2877 2317 2985 2370 πῶς
3013 2307 3364 2382 παρελθωμεν.

638 2392 786 2449 dum
811 2393 903 2449 sit.

568 2485 666 2540 137
708 2482 798 2538 An
828 2485 987 2537 recte
1017 2480 1219 2551 faciat,
1248 2479 1356 2554 qui
1380 2479 1549 2537 verbi
1580 2480 1779 2551 gratia
1824 2481 2031 2539 statuit
2056 2487 2178 2541 cert

2325 2484 2434 2562 ρλξ
2481 2486 2542 2541 Εἰ
2582 2484 2736 2539 καλόν
2790 2484 2903 2539 έστι
2953 2490 3012 2539 τὸ
3068 2494 3243 2560 κρῖναι
3293 2485 3384 2539 έπὶ
3415 2483 3650 2554 τοσόνδε,
3682 2485 3885 2556 εἰτύχοι,

635 2570 908 2646 quodam
933 2576 1037 2628 aut
1060 2570 1197 2627 cibo
1238 2574 1344 2627 aut
1393 2574 1545 2644 potu
1591 2570 1671 2627 ad
1699 2570 1950 2644 aliquod
1979 2576 2219 2646 tempus

2398 2580 2589 2650 χρόνον
2616 2574 2957 2648 ἀποσχέσθαι
2980 2571 3138 2628 τοῦδέ
3165 2594 3303 2637 τινος
3322 2584 3420 2629 τοῦ
3461 2575 3730 2651 βρώματος
3754 2573 3779 2632 ἦ
3814 2576 3884 2624 τοῦ

635 2661 957 2719 abstinere.

2396 2671 2645 2739 πόματος.

567 2755 668 2809 138
705 2756 796 2807 An
821 2754 1096 2823 oporteat
1141 2749 1293 2805 inter
1335 2748 1549 2806 fratres
1595 2748 1861 2825 aliquem
1905 2748 2045 2825 plus
2083 2748 2179 2808 alii

2325 2752 2435 2830 ρλη’
2460 2754 2520 2808 Εἰ
2542 2760 2653 2828 χρὴ
2696 2752 2745 2806 ἓν
2774 2750 3091 2828 ἀδελφότητι
3120 2773 3237 2807 τινα
3276 2752 3433 2809 πλέον
3480 2762 3580 2809 τῶν
3626 2753 3774 2807 ἄλλων
3819 2769 3887 2808 νη-

630 2838 930 2911 jejunare.

2399 2846 2615 2898 στεύειν.

568 2931 668 2984 139
709 2925 1136 2983 lmbecilliores
1162 2925 1242 2982 ad
1266 2925 1541 2983 laborem
1573 2926 2096 3001 evadimus,aucto
2133 2927 2180 3001 je

2325 2931 2434 3009 ρλϐ’
2463 2939 2569 2995 Τῆς
2600 2936 2837 2994 νηστείας
2880 2930 3274 3007 έπιτεινομίνης,
3327 2931 3636 3008 ἀτονώτεροι
3678 2929 3889 3004 γινόμεθα

625 3015 821 3087 junio.
852 3013 1006 3081 Quid
1036 3014 1217 3087 igitur
1260 3016 1457 3086 magis
1488 3015 1646 3073 facto
1677 3032 1831 3090 opus
1859 3021 1950 3074 est
1970 3017 1998 3073 7
2031 3017 2220 3074 Labo-

2400 3020 2468 3082 εἰς
2497 3024 2555 3074 τό
2581 3023 2748 3096 ἔργον.
2796 3025 2861 3073 Τί
2887 3016 2975 3074 οὖν
3003 3025 3114 3096 χρὴ
3163 3019 3356 3095 μᾶλλον
3395 3040 3410 3090 ;
3475 3016 3788 3095 Ἐμποδίζειν
3832 3020 3887 3084 τῷ

629 3121 840 3162 remne
868 3104 1209 3162 rescindere
1231 3111 1475 3179 propter
1493 3106 1816 3178 jejunium,
1850 3123 1926 3165 an
1954 3107 2219 3180 neglige-

2276 3130 2290 3185 ς
2398 3111 2533 3186 ἔργῳ
2560 3106 2653 3163 διὰ
2680 3113 2778 3168 τὴν
2823 3114 3088 3179 νηστείαν,
3132 3110 3160 3169 ἦ
3211 3117 3452 3185 παρορᾴν
3496 3109 3685 3167 εκείνην
3724 3103 3805 3160 διὰ
3843 3104 3888 3154 τὸ

629 3212 692 3252 re
716 3195 1017 3268 jejunium
1044 3200 1293 3268 propter
1319 3195 1614 3253 laborem.
2401 3201 2546 3274 ἔργον
2579 3216 2594 3267 ;

561 3288 661 3342 140
702 3286 758 3343 Si
788 3285 924 3358 quis
976 3290 1322 3359 temperans
1359 3300 1482 3340 non
1535 3284 1713 3342 fuerit
1750 3285 1812 3341 in
1838 3288 2034 3344 noxiis
2066 3288 2173 3346 cibi

2326 3286 2411 3363 ρμ’
2441 3287 2560 3341 Ἐάν
2584 3307 2664 3351 τις
2691 3292 2763 3361 μὴ
2787 3286 3160 3363 ἕγκρατεύηται
3180 3292 3295 3359 περὶ
3323 3290 3395 3340 τὰ
3427 3287 3656 3363 βλαϐερὰ
3672 3293 3760 3338 τῶν
3778 3280 3890 3356 βρω-

634 3371 968 3443 capiendis,
995 3370 1119 3427 imo
1169 3387 1312 3427 vero
1354 3371 1450 3427 his
1494 3372 1739 3429 abunde
1770 3375 2026 3449 sumptis
2068 3376 2216 3434 inci-

2398 3379 2592 3451 μάτων,
2624 3375 3030 3450 μεταλαμϐάνων
3062 3371 3122 3429 δι
3143 3372 3369 3449 ἀφειδῶς
3400 3383 3625 3431 κακώσει
3654 3375 3886 3449 περιπέσῃ,

630 3458 739 3516 dat
765 3458 829 3515 in
858 3457 1166 3529 morbum,
1217 3459 1498 3534 nunquid
1545 3476 1691 3519 cura
1718 3461 1881 3519 illius
1916 3465 1992 3523 sit
2020 3466 2217 3523 susci-

1802 3480 1881 3519 .u8
1916 3465 1992 3523 sit
2020 3466 2217 3523 susei-
2400 3466 2443 3520 εἰ
2463 3470 2574 3542 χρὴ
2609 3466 2769 3519 αὐτοῦ
2800 3464 3092 3540 ἐπιμέλειαν
3121 3466 3414 3523 ποιεῖσθαι.

632 3546 882 3622 pienda.

562 3640 655 3697 141
699 3644 789 3696 An
840 3638 1161 3696 conveniat
1190 3639 1543 3713 peregrinos
1569 3641 1818 3716 reperiri
1842 3643 1905 3701 in
1937 3642 2174 3701 ofﬁcinis

2190 3663 2213 3700 ι.
2327 3643 2447 3719 ρμα’
2468 3642 2528 3699 Ei
2559 3640 2642 3698 δεῖ
2670 3643 2842 3708 ξένους
2872 3642 3265 3720 ένευρίσκεσθαι
3289 3651 3405 3708 τοῖς
3437 3642 3802 3719 ἐργαστηρίοις.

562 3731 664 3786 142
703 3732 793 3785 An
814 3727 1079 3786 debeant
1108 3729 1366 3786 artiﬁces
1391 3746 1549 3804 opus
1579 3730 1658 3788 ab
1685 3731 1891 3807 aliquo
1921 3733 2174 3808 acciperc

2326 3732 2453 3807 ρμβ’
2490 3733 2552 3788 Εἰ
2574 3737 2685 3810 χρὴ
2717 3738 2833 3796 τούς
2857 3738 3100 3806 τεχνίτας
3131 3730 3397 3805 δέχεσθαι
3421 3735 3565 3811 παρά
3593 3751 3722 3792 τινος
3747 3731 3887 3802 ἔργον,

632 3816 782 3875 citra
811 3816 1080 3891 praefecti
1110 3818 1492 3877 sententiam.

2397 3824 2517 3877 ἄνευ
2545 3827 2759 3897 γνώμης
2786 3830 2878 3877 τοῦ
2906 3832 3254 3898 προεστῶτος.

561 3909 659 3966 143
701 3905 1019 3974 Quomodo
1047 3907 1286 3981 operari
1313 3908 1642 3967 commissa
1671 3909 1786 3968 sibi
1808 3909 2173 3971 instrument

2327 3911 2449 3988 PP'I'
2489 3919 2609 3982 Πῷς
2634 3911 2927 3986 ὄφείλουσιν
2957 3911 3316 3986 ἐπιμελεῖσθαι
3358 3914 3412 3967 οἱ
3456 3911 3773 3990 ἐργαζόμενοι
3808 3909 3889 3956 τῶν

629 3995 896 4054 debeant
927 4012 1234 4055 accurare.

2397 4004 2817 4075 πεπιστευμένων
2840 4001 3011 4063 αὐτοῖς
3039 4009 3258 4061 σκευῶν,

564 4083 666 4143 144
708 4084 767 4143 Si
793 4083 930 4158 quis
955 4101 1028 4142 ex
1056 4085 1424 4158 negligentia
1452 4085 1702 4162 aliquod
1726 4089 1961 4163 perdat,
1989 4094 2095 4149 aut
2113 4090 2176 4150 a1,

2322 4086 2449 4167 ρμδ⁷
2480 4090 2598 4145 Ἐὰν
2624 4086 2685 4144 δέ
2713 4109 2795 4154 τις
2824 4088 2877 4154 ἐξ
2903 4087 3141 4164 ἀμελείας
3166 4085 3398 4166 ἀπολέσῃ
3429 4109 3503 4158 τι,
3531 4088 3561 4148 ἦ
3593 4086 3647 4142 ix
3673 4093 3889 4156 ampo-

631 4188 756 4248 quo
783 4187 891 4246 per
917 4178 1333 4247 contemptum
1365 4175 1674 4235 abutatur.

1457 4181 1674 4235 utatur.
2396 4184 2596 4243 νήσεως
2623 4183 2878 4256 παραχρή
2889 4198 3069 4238 σηται,

565 4263 665 4319 145
707 4262 765 4320 Si
789 4262 926 4336 quis
956 4280 1030 4320 ex
1061 4264 1265 4338 seipso
1309 4265 1487 4323 alicui
1531 4267 1898 4335 commodet,
1932 4273 2037 4328 aut
2061 4269 2177 4328 illu<

1957 4273 2037 4328 tut
2061 4269 2217 4328 illud
2323 4267 2429 4346 ρμε⁸
2461 4268 2578 4323 Ἐὰν
2606 4265 2666 4323 δι
2694 4267 2779 4342 ἀφ’
2806 4268 2991 4323 ἑαυτοῦ
3016 4274 3196 4343 χρήσῃ
3220 4273 3325 4323 τινὶ
3350 4268 3383 4329 ἦ
3414 4266 3569 4342 λάϐῃ.

630 4351 912 4410 accipiat.

630 4367 759 4408 acet
807 4367 912 4410 nat.

564 4440 665 4534 143
708 4367 1048 4534 Sipurgente
1072 4442 1451 4514 necessitate,
1483 4446 1847 4522 praepositus
1869 4446 1947 4505 ab
1962 4446 2097 4522 ipso
2114 4464 2176 4525 pe

2275 4479 2289 4531 ι
2322 4448 2445 4525 ρμς’
2469 4447 2583 4505 Ἐὰν
2616 4444 2695 4520 δι,
2726 4452 2817 4502 καὶ
2849 4450 3183 4522 συνεχούσης
3211 4452 3425 4524 χρείας,
3458 4449 3485 4501 ὁ
3527 4446 3776 4522 προεστὼς
3797 4440 3887 4491 ἑπι-

628 4532 714 4585 tat
740 4527 1236 4605 instrumentum,
1266 4539 1325 4592 et
1354 4536 1752 4596 contradicat.

2242 4527 2280 4534 ’-
2394 4541 2602 4613 ζητήσῃ
2634 4537 2755 4615 παρ’
2792 4537 2972 4591 ἑαυτοῦ
3006 4545 3208 4607 σκεῦος,
3241 4543 3332 4591 καὶ
3361 4536 3597 4611 ἀντείπῃ.

561 4619 659 4676 147
701 4617 852 4676 Cum
897 4620 1034 4693 quis
1086 4621 1388 4695 explenda
1433 4624 1655 4682 cellarii
1703 4630 1808 4683 aut
1853 4627 2034 4702 coqui
2082 4644 2173 4686 ωε

2322 4628 2442 4705 ρμζ
2461 4628 2520 4682 '0
2545 4612 2663 4703 περὶ
2688 4612 2746 4681 τὸ
2772 4630 2916 4703 ἔργον
2945 4635 3038 4681 τοῦ
3063 4626 3333 4705 κελλαρίου
3366 4627 3396 4687 ἦ
3430 4633 3522 4680 τοῦ
3556 4625 3811 4699 μαγείρου,
3857 4612 3880 4673 ἦ

620 4707 905 4772 nere,vel
934 4710 1153 4783 quovis
1205 4710 1323 4767 alio
1371 4712 1730 4784 hujusmodi
1759 4710 2120 4784 destinetur,
2160 4718 2215 4775 si

2391 4723 2511 4793 περί
2553 4737 2605 4771 τι
2644 4716 2766 4770 οἶλλο
2806 4724 3036 4771 τοιοῦτον
3081 4715 3493 4790 ἀσχολούμενος,
3527 4713 3609 4766 έὰν
3636 4714 3704 4786 μὴ
3731 4705 3880 4781 φθάσῃ

626 4812 751 4855 non
770 4797 1103 4856 interfuerit
1122 4799 1183 4856 in
1205 4802 1528 4859 constituto
1548 4803 1905 4876 psalmodim
1932 4810 1990 4864 et
2007 4823 2215 4881 preca-

2392 4813 2634 4883 παρεῖναι
2656 4814 2730 4878 τῷ
2768 4811 2943 4860 κανόνι
2966 4814 3056 4869 τῆς
3083 4801 3397 4879 ψαλμῳδίας
3442 4806 3532 4857 καὶ
3568 4809 3660 4863 τῆς
3694 4810 3885 4871 προσεν·

590 4968 593 4969 ν
627 4886 806 4946 tionis
837 4892 1133 4962 tempore,
1180 4887 1311 4947 isne
1349 4890 1585 4948 nullum
1626 4893 1847 4952 anima:
1890 4892 2202 4954 detrimen-

1890 4892 2215 4954 detrimen-
2392 4904 2524 4970 χῆς,
2557 4896 2601 4950 εί
2627 4892 2795 4970 μηδεν
2827 4897 3106 4971 ζημιοῦται
3138 4898 3230 4955 τὴν
3268 4894 3476 4968 ψυχήν.

625 4981 755 5035 tum
778 4978 1022 5036 patitur.

625 4994 755 5035 tum
778 4994 1022 5067 pautur.

559 5068 660 5125 148
701 5065 952 5134 Qualem
997 5068 1315 5142 potestatis
1364 5085 1720 5129 mensuram
1776 5070 1933 5131 inter
1969 5072 2171 5148 dispen

2319 5070 2442 5149 ρμη¹
2480 5079 2635 5127 Ποῖον
2660 5070 2841 5150 μέτρον
2872 5071 3115 5138 ὶξουσίας
3143 5068 3258 5146 ἔχει
3282 5067 3331 5125 έν
3364 5078 3427 5145 τῇ
3456 5062 3712 5141 οἰκονομίᾳ
3745 5059 3770 5113 ὁ
3810 5071 3883 5112 πι-

622 5155 888 5214 sandum
936 5155 1208 5215 obtineat
1249 5157 1301 5214 is
1345 5157 1442 5215 cui
1484 5157 1709 5218 cellarii
1756 5177 1903 5220 cura
1930 5159 2043 5221 fuit
2070 5178 2212 5222 con-

627 5245 874 5305 credita.

1840 5178 1903 5220 ra
1930 5159 2043 5221 fuit
2070 5178 2212 5222 con-
2395 5163 2623 5225 στευθεὶς
2651 5168 2745 5223 τὴν
2769 5159 3019 5239 φροντίδα
3043 5169 3135 5216 τοῦ
3161 5161 3452 5237 κελλαρίου.

557 5336 656 5390 149
696 5335 950 5393 Cuinam
970 5332 1202 5408 judicio
1250 5329 1553 5396 obnoxius
1600 5340 1711 5398 erit
1752 5353 2126 5417 (monemus,
2161 5363 2169 5400 ε

2320 5336 2438 5419 ρμθ’
2463 5347 2526 5398 Τί
2545 5346 2604 5397 τό
2634 5350 2801 5419 κρῖμα
2826 5350 2919 5396 τοῦ
2949 5341 3358 5416 οἰκονομοῦντος,
3388 5338 3471 5393 ἰὰν
3512 5354 3563 5389 τι
3607 5330 3733 5387 κατά
3772 5334 3878 5400 προ-

622 5422 855 5497 aliquid
872 5425 1077 5485 fecerit
1105 5443 1216 5502 pro
1246 5444 1649 5502 personarum
1700 5432 1952 5505 ratione,
1976 5440 2081 5499 aut
2102 5452 2213 5509 per

622 5513 1095 5571 contentionem.
1497 5541 1501 5547 -

1781 5432 1952 5505 tione,
1976 5440 2081 5499 aut
2102 5452 2213 5509 per
2395 5432 2736 5504 σωποληψίαν
2763 5432 2792 5492 ἣ
2827 5431 3137 5505 φιλονεικίαν
3170 5436 3393 5491 ποιήσι).

556 5598 908 5750 impria
936 5602 1304 5678 negligentia
1344 5619 1473 5667 non
1519 5605 1754 5669 dederit
1788 5609 1959 5672 fratri
1994 5626 2168 5673 neces

2318 5611 2387 5690 ρν’
2420 5611 2537 5669 Ἐὰν
2568 5607 2629 5668 δι
2652 5610 2918 5687 ἀμελήσας
2936 5612 3009 5686 μή
3060 5601 3142 5685 δῷ
3192 5617 3266 5684 τῷ
3311 5600 3510 5681 ἀδελφῷ
3549 5601 3611 5658 τὰ
3637 5597 3756 5672 πρὸς
3793 5587 3869 5646 fi”

2390 5706 2596 5750 νιιίιν.

791 5726 809 5746 .
2388 5706 2596 5779 χρείαν.
