4082 6178
173 276 308 331 1065

1208 268 1645 329 REGULARUM
1684 272 2089 330 BREVIORUM
2137 272 2499 329 CAPITULA.

3391 287 3527 342 1066

160 396 268 475 ρνα’
310 397 371 451 Εἰ
396 396 564 461 ἔξεστι
583 403 657 470 τῷ
687 397 1029 472 ὑπηρετοῦντι
1056 395 1184 469 μετὰ
1213 401 1382 469 φωνῆς
1408 394 1646 469 μείζονος
1670 393 1754 449 λα-

1885 399 1969 452 151
2014 398 2106 453 An
2133 395 2497 455 ministranti
2523 396 2699 455 liceat
2721 412 2866 456 voce
2894 397 3101 457 altiore
3126 399 3315 475 loqui.

229 487 352 542 λεῖν.

159 575 277 651 ρνβ⁶
326 581 454 653 Περὶ
482 583 575 632 τοῦ
607 578 733 649 ὑπερ
776 572 998 650 δύναμιν
1042 577 1325 649 κάμνοντος
1371 573 1422 627 ἐν
1457 582 1518 649 τῇ
1569 575 1767 651 ὑπηρε-

233 671 351 740 σία.

161 756 270 832 ρνγ’
300 757 359 810 Ἠ
390 758 457 809 τὰ
481 758 595 830 ἔρια
614 757 956 809 πιστευθεῖσα
985 764 1096 818 πῶς
1125 755 1259 809 αὐτὰ
1288 754 1471 829 ὀφείλει
1497 758 1657 829 ἔχειν.

160 931 275 1011 ρνδ’
304 934 420 989 Ἐὰν
450 933 626 1008 συμϐῇ
661 933 865 1006 ὀλίγους
895 937 1043 996 ὄντας
1070 931 1345 1006 ἀδελφοὺς,
1393 939 1483 986 καὶ
1536 933 1764 986 πλείοσιν

232 1021 482 1096 ἀδελφαῖς
530 1022 1050 1099 ἑξυπηρετουμένους,
1104 1022 1173 1085 εἰς
1225 1021 1455 1095 ανάγκην
1500 1022 1764 1095 ἐμπίπτειν

230 1120 326 1171 τοῦ
384 1109 699 1167 διίστασθαι
747 1110 1102 1171 ἀπἠἰιλλήλων
1147 1108 1607 1186 διαμεριξομένους
1636 1116 1766 1187 πρὸς

228 1206 298 1257 τὰ
322 1205 470 1275 ἔργα,
505 1202 548 1256 εἰ
578 1198 852 1254 ἀκίνδυνόν
878 1200 993 1254 ἐστι
1021 1204 1078 1254 τὸ
1105 1208 1358 1256 τοιοῦτον.

153 1292 250 1369 ρνέ
292 1300 411 1355 Πῶς
439 1288 524 1345 δεῖ
550 1293 937 1367 προσφέρεσθαι
961 1298 1067 1354 τοῖς
1092 1290 1140 1343 ἐν
1170 1299 1241 1363 τῷ
1266 1288 1576 1364 ξενοδοχείῳ
1602 1290 1764 1367 ἀρρώ-

230 1401 402 1443 στοις.

154 1470 269 1546 ρνς-’
300 1474 401 1525 Τὸν
429 1474 832 1543 πεπιστευμένον
861 1467 1115 1545 φροντίδα
1134 1474 1251 1530 ἤτοι
1279 1469 1570 1543 χελλαρίου,
1602 1471 1631 1530 ἦ
1666 1470 1762 1523 οῦδ·

223 1560 317 1613 λου
342 1563 480 1622 τινὸς
510 1563 770 1628 τοιούτου,
812 1559 855 1612 εἰ
898 1557 983 1614 δεῖ
1022 1562 1243 1613 πάντοτε
1287 1563 1430 1632 ἔχειν
1467 1565 1560 1619 τὴν
1607 1581 1762 1635 φρον-

220 1646 376 1718 τίδα,
406 1651 436 1710 ἦ
471 1654 561 1702 καὶ
594 1648 1023 1704 ἑναλλάσσεσθαι.

147 1739 257 1813 ρνζ
290 1746 508 1813 Ποταπῇ
540 1736 775 1793 διαθέσει
806 1737 992 1811 ὀφείλει
1020 1757 1098 1801 τις
1131 1734 1389 1792 δουλεύειν
1411 1746 1544 1811 Θεῷ.

149 1828 261 1906 ρνη’
291 1836 509 1903 Ποταπῇ
547 1825 785 1882 διαθέσει
819 1827 1006 1901 ὀφείλει
1056 1824 1313 1900 δέχεσθαί
1360 1848 1440 1890 τις
1486 1832 1544 1882 τὸ
1590 1826 1760 1883 ἐπιτί-

218 1937 361 1992 μιον.

144 2007 251 2084 ρνθ’
283 2008 341 2060 Ὀ
372 2006 691 2079 λυπούμενος
714 2009 850 2060 κατὰ
888 2014 984 2061 τοῦ
1007 2005 1408 2080 ἐπιτιμήσαντος
1435 2007 1575 2079 αὐτῷ
1606 2027 1762 2061 ποτα-

222 2102 321 2158 πός
361 2096 525 2152 ἐστιν.

141 2186 220 2262 pf
250 2189 399 2240 Μετά
416 2191 573 2250 ποίας
598 2181 883 2248 διαθέσεως
910 2184 1170 2259 ὀφείλομεν
1194 2186 1463 2259 ὑπηρετεῖν
1484 2193 1594 2248 τοῖς
1615 2183 1762 2242 ἀδελ-

224 2284 361 2350 φοῖς.

139 2365 259 2442 ρξοί
290 2368 435 2419 Μετὰ
463 2373 703 2426 ποταπῆς
751 2371 1107 2427 ταπεινώσεως
1157 2364 1343 2438 ὀφείλει
1371 2385 1451 2428 τις
1501 2362 1760 2439 δέχεσθαι

216 2460 313 2517 τὴν
355 2456 647 2530 ὑπηρεσίαν
681 2458 823 2530 παρὰ
852 2462 943 2508 τοῦ
976 2451 1221 2526 ἀδελφοῦ.

134 2543 260 2621 ρξβ.
296 2549 514 2603 Ποταπή
549 2543 597 2596 ἐν
618 2542 857 2606 ἀλλήλοις
886 2547 1027 2616 ἔχειν
1059 2540 1144 2596 δεῖ
1171 2548 1263 2602 τὴν
1296 2542 1523 2616 ἀγάπην.

129 2634 252 2709 ρξγ’
282 2639 429 2706 Ποίῳ
449 2639 624 2707 τροπῳ
656 2630 855 2706 δυνηθῇ
891 2653 971 2695 τις
999 2635 1333 2710 κατορθῶσαι
1362 2639 1456 2692 τὴν
1494 2637 1620 2711 πρὸς
1670 2638 1755 2689 τὸν

208 2724 315 2782 πλη
325 2728 442 2776 σίον
472 2721 700 2795 ἀγάπην.

127 2810 250 2889 ριξδ
281 2820 349 2868 Τί
375 2811 492 2866 ἐστι
516 2816 594 2881 τὸ,
621 2818 705 2873 Μὴ
730 2817 946 2889 κρίνετε,
978 2818 1068 2866 καὶ
1099 2812 1157 2866 ου
1187 2817 1258 2886 μὴ
1293 2814 1526 2886 κριθῆτε.

124 2992 227 3057 PE"
256 3000 383 3054 Πῶς
409 2996 657 3068 γνωρίσει
685 3011 779 3059 τις,
804 2991 849 3044 εἰ
879 2991 1018 3063 ζήλῳ
1050 2997 1183 3044 Θεοῦ
1213 2998 1431 3043 κινεῖται
1467 2994 1603 3045 κατὰ
1652 3000 1744 3045 τοῦ

197 3083 596 3156 ἁμαρτάνοντος
626 3077 870 3153 ἀδελφοῦ,
896 3081 925 3139 ἦ
960 3080 1246 3155 ὀργίζεται.

123 3173 241 3246 μές’
282 3174 432 3225 Μετά
460 3177 614 3231 ποίας
645 3166 929 3232 διαθέσεως
960 3171 1237 3221 ὑπακούειν
1278 3166 1360 3221 δεῖ
1382 3177 1452 3240 τῷ
1499 3169 1568 3232 εἰς
1595 3171 1741 3244 ἔργον

196 3270 300 3322 τῆς
328 3260 535 3323 ἐντολῆς
565 3263 940 3331 κατεπείγοντι.

125 3350 241 3425 pi:
278 3354 497 3407 Ποταπὴ
532 3347 720 3421 ὀφείλει
746 3348 875 3399 εἰναι
904 3350 932 3405 ἡ
966 3346 1145 3418 ψυχὴ,
1174 3349 1252 3399 ὅτε
1281 3346 1404 3408 ὅλως
1442 3346 1741 3411 κατηξιώθη

199 3440 259 3493 ἐν
292 3447 368 3511 τῷ
398 3442 527 3514 ἔργῳ
558 3444 649 3490 τοῦ
680 3444 813 3490 Θεοῦ
838 3435 1253 3508 καταληφθῆναι.

126 3530 243 3602 ρξη¹
282 3531 432 3582 Μετὰ
459 3535 701 3589 ποταπῆς
728 3522 1008 3586 διαθέσεως
1034 3522 1116 3578 δεῖ
1161 3525 1436 3599 λαμϐάνειν
1470 3528 1674 3598 ἱμάτιον
1715 3526 1743 3585 ᾖ

202 3614 491 3689 ὑπόδημα,
526 3617 631 3667 οἷον
663 3614 724 3666 ἂν

126 3709 241 3781 ρξθ
293 3707 414 3759 Ἐὰν
459 3702 676 3777 ἀδελφὸς
700 3710 937 3777 νεώτερος
979 3702 1242 3777 ἐπιταχθῇ
1297 3700 1517 3767 διδάξαι
1564 3724 1618 3756 τι
1663 3709 1748 3757 τὸν

198 3796 559 3871 πρεσϐύτερον
582 3793 699 3846 καθ’
730 3792 959 3860 ἡλικίαν,
990 3802 1097 3857 πῶς
1144 3794 1282 3865 αὐτῷ
1327 3795 1747 3868 προσενεχθήσε-

199 3907 318 3941 ται.

123 3986 201 4053 ρο¹
240 3976 304 4031 Εἰ
344 3972 427 4029 δεῖ
457 3977 583 4036 ἴσως
611 3976 895 4048 προσέχειν
921 3979 992 4043 τῷ
1031 3971 1201 4027 πλεῖον
1250 3974 1610 4047 κατορθοῦντι,
1659 3979 1749 4027 καὶ

198 4073 283 4138 τῷ
314 4066 545 4120 ἔλαττον.

124 4256 240 4329 ροοί
278 4255 399 4308 Ἐὰν
430 4250 491 4307 δὲ
518 4252 749 4313 λυπῆται
780 4256 807 4307 ὀ
836 4252 1075 4320 ἐλάττων,
1106 4255 1502 4327 προτιμωμένου
1531 4259 1619 4304 τοῦ
1671 4252 1750 4305 ευρ

199 4343 550 4417 λαϐεστίρου.

200 4434 249 4459 ι,

124 4450 234 4509 ρῳ

205 4543 298 4577 σει
338 4521 711 4595 μεταλάϐωμεν
749 4529 842 4573 τοῦ
883 4527 1124 4594 σώματος
1152 4527 1243 4571 του
1278 4524 1492 4593 Κυρίου.

298 4440 525 4503 Ποταπῷ
557 4431 717 4505 φόϐῳ,
752 4432 781 4491 ἦ
815 4436 940 4504 ποίᾳ
968 4431 1312 4504 πληροφορίᾳ,
1345 4430 1373 4488 ἡ
1416 4434 1541 4502 ποία
1567 4427 1750 4484 διαθέ-

134 4612 245 4685 νογ⁹
279 4612 343 4665 Ei
365 4608 451 4664 δεῖ
481 4610 529 4663 ἓν
559 4619 621 4684 τῇ
656 4613 766 4685 ὥρᾳ
790 4616 880 4671 τῆς
908 4608 1022 4662 κατ’
1054 4606 1193 4661 οἷκον
1222 4606 1539 4681 ψαλμῳδίας
1575 4608 1753 4662 λαλιάν

203 4722 330 4755 τινα
355 4701 620 4773 γίνεσθαι.

126 4789 251 4865 pec"
286 4799 405 4850 Πῶς
437 4786 643 4861 δυνηθῇ
682 4807 764 4849 ⁴ιἰς
807 4784 1111 4850 ἐνδιαθίτως
1155 4792 1246 4840 καὶ
1296 4789 1428 4860 μετὰ
1462 4789 1758 4862 προθυμίας

202 4886 386 4934 ποιεῖν
416 4881 513 4941 τὰς
542 4877 747 4941 ἐντολὰς
773 4885 867 4931 τοῦ
901 4882 1114 4954 Κυρίου.

132 4972 240 5039 pr."
276 4978 400 5032 na;
430 4974 667 5043 φαίνεται
697 4970 723 5021 ὁ
754 4967 965 5040 ἀγαπῶν
995 4972 1082 5022 τὸν
1108 4963 1325 5040 ἀδελφὸν
1355 4971 1489 5021 κατὰ
1510 4973 1605 5027 τὴν
1628 4966 1759 5021 ἕντο-

204 5062 313 5120 λήν
340 5068 435 5113 τοῦ
466 5064 659 5133 Κυρίου
673 5101 686 5114 .

124 5152 249 5227 ρος-ν’
277 5157 432 5211 Τίνες
467 5151 597 5202 εἰσὶν
628 5152 677 5201 οὶ
707 5148 894 5222 ἐχθροὶ
923 5147 1011 5211 οὓς
1039 5146 1244 5220 ἀγαπᾷν
1265 5150 1722 5223 προσετάχθκμεν.

121 5240 246 5316 po:
284 5248 403 5301 Πῶς
433 5238 726 5311 ὀφείλουσιν
747 5240 797 5291 οἱ
818 5235 1033 5292 δυνατοὶ
1054 5240 1118 5290 τὰ
1141 5236 1476 5312 ἀσθενήματα
1506 5245 1604 5290 τῶν
1626 5234 1695 5288 ἀδ
1700 5257 1762 5288 υ-

202 5333 387 5383 νάτων
415 5327 729 5401 βαστάζειν.

204 5476 273 5509 ³⁵
316 5475 455 5529 Luc.
486 5488 570 5542 v1,
594 5476 683 5527 37.

314 5582 563 5637 Pauor"
603 5580 706 5636 Gn.
746 5577 918 5635 XXXI.

1878 581 1982 636 152
2019 580 2101 635 De
2132 592 2203 634 eo
2229 577 2336 651 qui
2366 577 2520 635 ultra
2557 593 2743 651 quam
2775 578 2929 635 vires
2956 578 3150 653 ipsius
3178 581 3332 640 ferre
3350 583 3524 659 407

1947 670 2229 739 possunt,
2251 667 2313 722 in
2341 660 2743 723 ministrando
2774 667 3157 739 defatigatur.
3192 722 3197 726 .

1877 760 1975 812 153
2019 756 2125 812 Cui
2149 755 2306 811 lana
2354 755 2714 812 concredita
2761 762 2920 823 sunt,
2971 759 3283 831 quomodo
3311 762 3535 823 debeat

1939 845 2072 903 illas
2095 861 2401 903 accurare.

1876 936 1974 991 154
2018 934 2076 992 Si
2115 935 2266 992 forte
2289 952 2424 992 cum
2451 937 2633 1009 pauci
2665 940 2808 993 sunt
2845 936 3080 1007 fratres,
3112 943 3169 995 et
3196 939 3533 1001 inserviunt

1942 1023 2219 1097 pluribus
2250 1024 2576 1096 sororibus,
2613 1041 2683 1081 eo
2723 1026 3094 1081 necessitatis
3119 1027 3440 1088 deveniunt
3463 1038 3530 1091 ut

1940 1131 1978 1171 a
2008 1129 2073 1170 se
2100 1113 2363 1170 invicem
2386 1104 2760 1186 separentur,
2784 1114 2863 1171 ad
2889 1130 3075 1188 opera
3092 1117 3329 1187 agenda
3350 1119 3531 1179 divisi

1941 1206 2146 1258 utrum
2176 1201 2239 1259 id
2273 1200 2541 1275 periculo
2571 1206 2762 1258 vacet.

1873 1295 1971 1348 1ὃὸ
2013 1291 2333 1353 Quomodo
2362 1292 2425 1348 in
2457 1291 2725 1365 hospitio
2758 1296 3013 1349 tractare
3035 1297 3309 1367 oporteat
3336 1313 3529 1370 agro-

1938 1386 2158 1439 tantes.
2690 1402 2701 1411 ο

1874 1472 1972 1525 156
2014 1468 2300 1542 Nunquid
2324 1469 2373 1525 is
2400 1469 2495 1526 cui
2527 1469 2776 1541 cellarii,
2816 1474 2920 1527 aut
2964 1470 3208 1529 alterius
3229 1476 3531 1546 ejusmodi

1941 1575 2087 1615 cura
2113 1558 2336 1614 tradita
2362 1564 2471 1626 est,
2501 1558 2722 1615 debeat
2749 1576 2987 1634 semper
3008 1561 3168 1619 illius
3192 1579 3403 1621 curam
3422 1566 3530 1624 ba-

1940 1646 2103 1714 bere,
2138 1650 2244 1703 aut
2269 1646 2599 1703 immutari.

1790 1752 1835 1808 B
1878 1737 1976 1792 157
2016 1737 2144 1801 Quo
2172 1736 2376 1792 animo
2405 1736 2543 1808 quis
2570 1736 2788 1794 debeat
2818 1740 2935 1794 Deo
2967 1740 3210 1798 servire.

1872 1828 1976 1883 158
2015 1828 2145 1892 Quo
2175 1824 2394 1883 aﬂ‘ectu
2419 1825 2638 1885 debeat
2664 1826 2862 1899 quivis
2886 1827 3180 1887 mulctam
3208 1833 3523 1892 sustinere.

1869 2011 1993 2066 159.
2013 2006 2125 2075 Qui
2154 2022 2314 2078 agre
2344 2005 2454 2063 fert
2480 2006 2915 2080 increpantem,
2944 2009 3142 2083 qualis
3170 2017 3279 2069 est.

1871 2191 1972 2245 160
2009 2190 2134 2255 Quo
2181 2186 2388 2245 animo
2413 2186 2748 2259 debeamus
2774 2187 3059 2245 fratribus
3086 2172 3395 2249 inservire.

1868 2375 1969 2430 161
2004 2371 2131 2435 Qua
2158 2367 2495 2426 humilitate
2533 2367 2754 2426 debeat
2799 2369 2937 2442 quis
2967 2385 3005 2427 a
3052 2369 3233 2428 fratre
3257 2372 3522 2434 ministe-

1935 2477 2093 2518 rium
2123 2474 2416 2531 accipere.

1871 2554 1972 2607 162
2009 2553 2211 2607 Mutua
2235 2547 2497 2605 cbaritas
2528 2547 2726 2621 qualis
2752 2564 2886 2605 esse
2915 2548 3115 2607 debet.

1870 2644 1967 2695 163
2010 2637 2324 2706 Quomodo
2355 2638 2492 2712 quis
2513 2637 2774 2711 proximi
2794 2637 3177 2696 dilectionem
3206 2639 3519 2714 acquirere

1933 2728 2133 2787 valeat
2174 2747 2188 2786 :

1867 2821 1969 2875 161
2006 2818 2309 2885 Quidnam
2334 2818 2450 2874 sibi
2496 2817 2634 2875 velit
2676 2818 2824 2877 illud
2849 2836 2862 2875 :
2885 2819 3089 2877 Nolite
3106 2820 3413 2891 judicare,
3436 2832 3495 2880 ει

1930 2925 2050 2964 non
2075 2908 2593 2978 judicabimini“.

1861 3003 1961 3055 165
1998 2997 2319 3065 Quomodo
2362 3000 2688 3067 cognoscet
2734 2996 2891 3069 quis,
2943 3001 3142 3055 utrum
3187 3000 3288 3056 Dei
3317 3000 3516 3058 studio

1924 3092 2379 3145 commoveatur
2390 3087 2454 3143 in
2467 3091 2819 3157 peccantem
2833 3085 3076 3141 fratrem
3086 3102 3184 3148 ,au
3197 3088 3516 3153 irascatur,

1857 3182 1957 3233 166
1997 3178 2125 3243 Quo
2152 3175 2359 3231 animo
2381 3174 2433 3230 ei
2454 3174 2559 3247 qui
2580 3175 2659 3231 ad
2681 3174 3040 3231 mandatum
3065 3175 3513 3233 conﬁciendum

1927 3269 2118 3335 urget,
2148 3263 2620 3320 auscultandum
2653 3262 2747 3320 sit.

1860 3358 1955 3412 167
2000 3353 2205 3421 Qualis
2235 3353 2413 3409 debet
2441 3368 2573 3409 esse
2603 3352 2827 3421 anima,
2859 3351 3110 3426 quando
3138 3369 3387 3427 prorsus
3416 3355 3512 3415 di-

1927 3461 2051 3515 gna
2071 3444 2284 3501 habita
2311 3449 2419 3515 est,
2451 3459 2590 3517 qua
2621 3444 2684 3499 in
2709 3442 2811 3499 Dei
2842 3458 3024 3515 opere
3050 3449 3402 3517 occupetur.

1860 3536 1962 3591 168
2001 3536 2129 3601 Quo
2159 3533 2379 3590 affectu
2405 3533 2829 3589 vestimentum
2859 3538 2959 3589 aut
3009 3533 3511 3608 calceamentum,

1930 3623 2354 3697 qualecunque
2397 3622 2644 3679 tandem
2692 3621 2887 3690 fuerit,
2919 3623 3192 3694 accipere
3238 3631 3515 3697 oporteat

1860 3716 1961 3771 169
2002 3714 2062 3770 Si
2091 3712 2275 3770 frater
2293 3712 2499 3784 junior
2537 3711 2826 3783 jubeatur
2869 3710 3096 3784 aliquid
3119 3711 3337 3769 docere
3361 3712 3511 3771 alte-

1930 3819 2068 3860 rum
2099 3806 2270 3859 atate
2301 3800 2709 3873 grandiorem,
2734 3799 3046 3873 quomodo
3067 3800 3268 3873 ipsum
3299 3800 3506 3859 adibit.

1860 3986 1963 4042 170
2006 3983 2065 4042 Si
2113 3981 2364 4056 aqualis
2404 3980 2692 4040 habenda
2744 3981 2819 4038 sit
2862 3981 3033 4047 ratio,
3079 3984 3209 4038 tum
3234 3981 3367 4053 ejus
3406 3981 3513 4055 qui

1931 4072 2160 4146 aliquid
2189 4071 2382 4142 magis
2410 4076 2569 4128 recte
2615 4069 2775 4139 facit,
2826 4076 2955 4127 tum
2998 4069 3157 4127 illius
3180 4071 3285 4144 qui
3308 4071 3512 4128 minus

1927 4168 2108 4219 recte.

1864 4257 1955 4308 171
2006 4252 2061 4310 Si
2089 4250 2322 4308 tristitia
2347 4250 2644 4308 afﬁciatur
2688 4249 2952 4315 inferior,
3005 4266 3145 4307 cum
3169 4250 3220 4307 is
3252 4250 3357 4324 qui
3387 4267 3515 4309 ma-

1931 4342 2021 4412 gis
2054 4341 2189 4414 pius
2222 4344 2331 4407 est,
2358 4340 2473 4396 sibi
2500 4339 2908 4412 anteponitur.

1865 4435 1965 4487 172
2004 4430 2113 4497 Qui
2162 4430 2397 4496 timore,
2442 4434 2545 4485 aut
2589 4445 2714 4502 qua
2754 4428 2895 4484 ﬁdei
2962 4428 3356 4502 plenitudine,
3410 4437 3517 4490 aut

1932 4536 2057 4593 quo
2074 4519 2278 4576 animo
2295 4534 2517 4591 corpus
2530 4517 2766 4575 Domini
2780 4517 2958 4574 nobis
2976 4519 3397 4592 accipiendum
3419 4521 3516 4580 sit.

1868 4615 1968 4668 173
2007 4615 2096 4666 An
2122 4608 2334 4665 deceat
2364 4612 2634 4682 tempore
2659 4607 3042 4682 psalmodia,
3069 4626 3207 4682 qua
3234 4608 3299 4666 in
3329 4609 3517 4668 domo

1933 4700 2023 4768 ﬁt,
2055 4697 2358 4771 colloquia
2386 4698 2523 4755 seri.

1870 4794 1971 4847 174
2009 4788 2327 4856 Quomodo
2352 4788 2543 4861 possit
2569 4787 2706 4861 quis
2731 4804 2803 4844 ex
2830 4788 3034 4845 animo
3064 4793 3122 4845 et
3151 4804 3293 4845 cum
3313 4787 3519 4845 alacri-

1941 4883 2063 4936 tate
2100 4878 2351 4951 exsequi
2378 4877 2617 4934 Domini
2648 4877 2961 4934 mandata.

1872 4973 1971 5025 175
2010 4967 2330 5034 Quomodo
2359 4971 2597 5024 constat
2634 4967 2715 5022 ab
2763 4965 2969 5038 aliquo
3016 4964 3210 5021 amari
3240 4965 3514 5031 fratrem,

1936 5057 2111 5128 juxta
2135 5056 2373 5113 Domini
2412 5055 2797 5112 mandatum.

1874 5151 1976 5201 176
2016 5145 2274 5212 Quinam
2296 5144 2415 5199 sint
2437 5144 2662 5199 inimici
2687 5157 2843 5215 quos
2860 5140 3106 5210 diligere
3130 5140 3287 5210 jussi
3312 5156 3524 5197 sumus

1876 5239 1975 5290 177
2018 5233 2333 5299 Quomodo
2363 5231 2626 5288 debeant
2662 5232 2846 5287 fortes
2886 5228 3330 5286 imbecillorum
3357 5230 3525 5289 inﬁr-

1947 5322 2185 5380 mitates
2214 5325 2473 5394 portare.

3127 5573 3200 5629 34
