4082 6178
606 314 740 366 1067
1997 308 2052 364 S.
2089 305 2328 360 BASILII
2364 307 2571 360 “AV-Nl
3774 313 3880 364 l068

605 437 704 492 178
743 433 892 500 Quid
924 437 1028 498 est.
1056 433 1307 488 alterum
1336 431 1575 486 alterius
1599 445 1781 486 onera
1810 437 2048 504 portare
2067 431 2137 486 ⁸⁸.

2003 445 2048 485 ‘e
2067 431 2137 486 ⁸⁸.
2284 432 2330 484 Α
2363 427 2471 503 ροη’
2501 426 2563 480 Τί
2590 426 2701 480 ἐστι
2723 432 2780 480 τὸ
2812 427 3039 486 ἀλλήλων
3164 427 3302 501 βάρη
3335 426 3615 500 βαστάζειν.

603 530 701 582 179
743 522 1058 591 Quomodo
1085 526 1278 594 potest
1307 521 1443 592 quis
1475 521 1708 592 absque
1740 521 2028 576 charitate
2061 519 2215 574 ﬁdem

2363 517 2468 593 ροθ’
2511 524 2621 577 Πῶς
2657 514 2874 570 δύναταί
2902 537 2982 579 τις
3019 518 3136 570 ἄνευ
3178 516 3377 588 ἀγάπης
3422 522 3586 569 πίστιν
3633 523 3884 577 κτήσασθαι

670 614 895 671 habere
922 616 1175 671 tantam,
1207 611 1269 666 ut
1304 615 1534 666 montes
1565 610 1902 678 transferat,
1952 614 2054 665 aut
2084 608 2248 664 bona

2435 609 2718 672 τοσαύτην,
2771 609 2904 660 ὥστε
2951 611 3042 680 ὄρη
3093 606 3434 677 μεθιστάνειν,
3466 607 3494 665 ἦ
3525 610 3584 657 τὰ
3629 609 3886 681 ὑπάρχοντα

671 720 784 758 sua
831 701 1036 758 omnia
1080 699 1179 754 det
1221 699 1616 770 pauperibus,
1669 704 1774 754 aut
1816 697 1994 771 408
2034 713 2256 770 corpus

2437 697 2602 747 πάντα
2654 693 2839 747 δοῦναι
2895 703 3152 766 πτωχοῖς,
3207 696 3236 752 ἦ
3295 691 3608 770 παραδουναι
3641 700 3693 747 τὸ
3740 697 3888 750 ἑαυτοῦ

651 799 851 847 suum
879 787 1097 858 tradat,
1131 792 1195 844 ut
1226 792 1534 843 exuratur.

1345 792 1534 843 ratur.
2440 794 2612 857 σῶμα,
2643 785 2725 836 ἶνα
2763 787 2955 857 nues.

603 883 702 939 180
742 882 871 946 Quo
901 879 1106 935 animo
1129 882 1185 933 et
1204 894 1328 950 qua
1349 878 1671 932 attentione
1695 893 1766 932 ca
1792 873 2093 933 audienda
2117 876 2206 932 sin

2363 873 2446 948 ρπ’
2474 878 2616 928 Μετὰ
2643 883 2884 936 ποταπῆς
2913 871 3193 934 διαθέσεως
3220 879 3309 926 καὶ
3356 883 3621 948 προσοχῆς
3671 874 3890 947 ὀφείλομεν

669 981 805 1042 quae
837 967 1013 1024 nobis
1039 967 1243 1022 cibum
1276 965 1656 1021 sumentibus
1687 965 1992 1036 leguntur.

2439 963 2640 1017 ἀκούειν
2672 972 2770 1016 τῶν
2797 963 2845 1016 ἐν
2874 972 2946 1035 τῷ
2983 972 3148 1038 καιρῷ
3179 972 3273 1025 τῆς
3302 964 3618 1037 μεταλήψεως
3644 983 3894 1038 παραναγι-

2437 1059 2772 1125 νωσκομένων
2803 1059 2951 1125 ἡμῖν.

602 1148 695 1206 181
742 1148 799 1206 Si
849 1147 985 1202 dua:
1029 1145 1283 1200 fratrum
1335 1145 1654 1199 societates
1702 1144 1920 1200 fuerint
1978 1145 2132 1200 inter
2195 1160 2214 1201 ε

2335 1207 2338 1209 Α
2365 1142 2484 1217 ρπα’
2517 1143 2632 1197 Ἐὰν
2663 1141 2791 1195 ὦσιν
2819 1139 3163 1215 ἀδελφότητες
3203 1143 3422 1201 πλησίον
3475 1142 3709 1209 ἀλλήλων,
3755 1148 3830 1195 καὶ
3876 1145 3895 1200 ἡ

668 1238 902 1306 vicinae,
934 1242 992 1292 et
1017 1235 1203 1291 altera
1226 1238 1487 1303 egestate
1510 1232 1760 1293 laboret.
1788 1235 1976 1290 altera
2005 1248 2146 1290 vero
2180 1236 2258 1291 ad

2437 1236 2526 1305 μεν
2553 1235 2831 1303 πτωχεύει,
2867 1234 2896 1289 ἠ
2933 1228 2991 1284 δὲ
3018 1232 3164 1305 ἑτέρα
3194 1237 3308 1305 περὶ
3338 1236 3432 1290 τήν
3461 1237 3710 1284 κοινωνίαν
3739 1228 3901 1301 δυσχε-

668 1323 1137 1399 impertiendum
1168 1325 1240 1380 sit
1269 1324 1506 1389 arctior,
1535 1323 1849 1396 quomodo
1889 1323 2136 1395 inopem
2169 1321 2257 1378 tif-

2438 1324 2654 1394 ρεστέρα
2681 1316 2733 1391 ᾖ,
2763 1328 2872 1381 πῶς
2903 1317 2985 1372 δεῖ
3013 1324 3105 1378 τὴν
3152 1323 3529 1392 πτωχεύουσαν
3567 1323 3686 1394 πρὸς
3727 1323 3808 1378 τὴν
3845 1323 3899 1391 μή

669 1416 766 1471 ﬁci
794 1419 1029 1488 oportet
1058 1429 1200 1482 erga
1222 1419 1519 1469 tenacem.

2438 1405 2830 1481 μεταδιδοῦσαν
2863 1405 3215 1463 διατίθεσθαι.

604 1502 700 1556 182
742 1500 969 1566 Quibus
1003 1497 1298 1553 fructibus
1340 1496 1587 1570 probari
1637 1496 1816 1554 debet
1846 1498 1946 1570 qui
1973 1512 2047 1553 ex
2083 1498 2216 1552 mist

2367 1496 2493 1572 ρπβ
2523 1497 2612 1552 Ἐκ
2635 1503 2794 1551 ποίων
2825 1507 3033 1574 καρπῶν
3074 1495 3463 1572 δοκιμάζεσθαι
3502 1498 3677 1571 ὀφείλει
3723 1499 3746 1548 6
3794 1514 3903 1568 συμά

669 1589 929 1647 ricordia
956 1591 1310 1660 peccantem
1343 1585 1673 1656 redarguit.

2441 1589 2616 1648 παθῶς
2647 1587 2871 1659 ἐλέγχων
2892 1591 2976 1640 τὸν
3007 1587 3384 1662 ἁμαρτάνοντα.

603 1683 705 1738 183
742 1681 797 1734 Si
828 1679 1139 1747 contingat
1188 1692 1636 1748 nonnunquam
1688 1679 1753 1731 ut
1800 1675 1985 1750 aliqui
2038 1679 2099 1733 in
2144 1677 2215 1733 fre

2371 1675 2490 1748 ρπγ’
2519 1678 2632 1729 Ἐὰν
2666 1676 2838 1748 συμϐῇ
2873 1696 3012 1736 τινας
3043 1675 3090 1728 ἐν
3123 1673 3439 1748 ἀδελφότητι
3471 1677 3660 1738 ζῶντας
3686 1667 3904 1745 διαφανῆ·

673 1774 830 1825 trum
848 1770 1148 1823 conventu
1164 1765 1430 1820 viventes
1451 1764 1948 1822 dissideantinter
1971 1783 2142 1836 se,an
2165 1782 2263 1840 pes

2294 1779 2336 1834 Β
2448 1783 2538 1816 σαι
2568 1767 2696 1838 πρὸς
2726 1763 2990 1830 ἀλλήλους,
3020 1765 3062 1817 εἰ
3087 1762 3333 1817 ἁκίδυνόν
3385 1764 3523 1818 ἔστιν
3569 1763 3753 1837 ἀγάπης
3785 1763 3906 1814 ἕνεκεν

669 1857 859 1914 riculo
875 1858 1048 1911 vacet
1068 1870 1192 1909 una
1209 1869 1348 1909 cum
1369 1855 1454 1910 eis
1476 1853 2035 1923 versari,charitatis
2052 1872 2260 1914 causa.

1757 1855 2260 1914 :haritatiscausa.
2449 1856 2922 1929 συμπεριφέρεσθαι
2952 1862 3063 1916 τοῖς
3091 1858 3369 1915 τοιούτοις.

604 1951 706 2004 184
743 1945 1060 2011 Quomodo
1106 1943 1296 2016 possit
1342 1945 1502 2016 quis,
1544 1945 1781 2016 quoties
1820 1944 1911 2000 vel
1966 1946 2216 2001 hortatu

2373 1940 2496 2016 ρπδ’
2527 1950 2638 2004 Πῶς
2677 1941 2877 2016 δυνηθῇ
2902 1964 3001 2010 τις,
3031 1949 3119 1996 καὶ
3145 1945 3228 1996 ὅτε
3256 1944 3564 2020 παρακαλεῖ,
3597 1947 3679 1995 καὶ
3702 1943 3772 1994 ὅτε
3801 1939 3905 2008 ἰλίγ-

669 2038 765 2093 vel
794 2033 1258 2106 arguit,studere
1290 2049 1412 2089 non
1446 2033 1645 2089 solum
1669 2035 1983 2106 quomodo
2011 2036 2266 2092 scienter

2446 2051 2554 2103 χει,
2610 2037 2678 2104 μὴ
2731 2037 2882 2104 μόνον
2935 2029 3255 2094 σπουδάζειν
3304 2031 3659 2106 ἐπιστημόνως
3711 2029 3907 2095 λαλῆσαι,

670 2126 975 2198 loquatur,
1009 2122 1114 2178 sed
1135 2122 1316 2178 etiam
1339 2121 1652 2195 quomodo
1680 2121 1945 2179 debitam
1970 2128 2096 2178 tum
2122 2125 2259 2194 Deo,

2446 2119 2572 2172 ἀλλὰ
2597 2127 2688 2173 καὶ
2720 2127 2812 2179 τὴν
2842 2118 3080 2175 διάθεσιν
3110 2126 3204 2181 τὴν
3231 2122 3561 2196 ὀφειλομένην
3610 2124 3775 2184 σώζειν
3815 2120 3907 2190 πρὸς

669 2219 800 2271 tum
830 2213 903 2269 iis
953 2227 1200 2284 quoque
1246 2210 1616 2283 quibuscum
1669 2226 2015 2268 sermonem
2058 2211 2261 2278 habet,

1969 2229 2015 2268 :n
2058 2211 2261 2278 habet,
2445 2229 2499 2262 τε
2535 2213 2621 2262 τὸν
2653 2214 2780 2263 Θεὸν
2801 2215 2890 2263 καὶ
2914 2214 3045 2286 πρὸς
3073 2209 3298 2272 ἐκείνους
3321 2214 3405 2274 οἱς
3425 2211 3581 2266 λαλεῖ.

672 2303 859 2359 animi
889 2300 1270 2357 affectionem
1297 2304 1513 2355 servet.
2526 2349 2529 2352 .

601 2389 701 2449 185
744 2393 800 2448 Si
824 2390 957 2464 quis
987 2391 1049 2446 id
1070 2387 1379 2462 loquendo
1401 2389 1707 2444 auditores
1734 2388 1844 2444 sibi
1869 2391 2213 2445 assentientt

2371 2388 2476 2462 ρπε¹
2517 2388 2636 2441 Ἐάν
2664 2407 2741 2449 τις
2771 2388 2822 2440 ἄν
2871 2385 3094 2452 διαλέξει
3144 2385 3634 2463 συνδιατιθεμένους
3670 2389 3782 2462 ὁρῶν
3822 2388 3907 2444 τοὺς

671 2481 902 2547 videns,
933 2480 1216 2549 gaudeat,
1249 2493 1372 2550 quo
1403 2483 1581 2549 pacto
1611 2483 1936 2548 cognoscet
1965 2479 2259 2551 seipsum,

2443 2478 2717 2540 ἀκούοντας
2741 2483 2932 2553 χαίρῃ,
2963 2487 3073 2542 πῶς
3096 2485 3341 2552 γνωρίσει
3393 2481 3592 2547 ἑαυτὸν,
3641 2479 3682 2532 εί
3725 2474 3907 2530 suam

669 2570 965 2627 aﬂ‘ectune
1005 2567 1168 2623 bono
1197 2565 1450 2635 laetetur,
1480 2581 1559 2622 an
1588 2566 1809 2622 vitiosa
1829 2567 2098 2639 quadam
2122 2567 2264 2624 affe-

1791 2567 2098 2639 iquadam
2122 2567 2264 2624 aﬂ‘e-
2443 2568 2611 2640 ἀγαθῇ
2645 2573 2845 2644 χαίρει,
2881 2569 2910 2628 ἦ
2943 2571 3097 2622 πάθει
3121 2574 3223 2622 τινὶ
3256 2565 3403 2642 ἰδίῳ.

672 2659 869 2716 ctione
900 2656 1015 2713 sibi
1045 2656 1312 2728 propria.

603 2748 702 2804 186
742 2751 853 2802 Pro
876 2745 1102 2818 quibus
1141 2744 1351 2800 amicis
1375 2743 1644 2800 animam
1683 2760 1908 2816 ponere
1938 2745 2215 2802 debemus

2369 2747 2490 2821 ρπς·’
2518 2750 2650 2821 Υπὲρ
2684 2755 2924 2799 ποταπῶν
2957 2747 3111 2819 φίλων
3142 2749 3338 2800 τιθέναι
3361 2752 3460 2808 τὴν
3482 2748 3659 2820 ψυχὴν
3679 2744 3905 2818 ὀφείλομεν.

600 2839 698 2892 187
741 2837 831 2890 An
862 2833 1286 2906 unusquisque
1321 2832 1399 2889 ab
1427 2833 1496 2888 iis
1526 2834 1630 2906 qui
1665 2834 1778 2889 sibi
1803 2836 2095 2903 sanguine
2115 2852 2212 2892 cor

2368 2835 2488 2911 ρπξ
2513 2836 2572 2888 Εἰ
2601 2841 2710 2910 χρὴ
2738 2839 2882 2911 ποιρὰ
2920 2845 3018 2888 τῶν
3049 2839 3184 2889 κατὰ
3211 2839 3388 2911 σοὶρκα
3413 2839 3610 2892 οἰκείων
3635 2833 3853 2908 δεχεσθαί
3872 2845 3909 2881 τι

661 2926 1022 2997 junguntur,
1049 2922 1386 2996 quidquam
1411 2924 1682 2996 accipere
1707 2923 1948 2979 debeat.
2441 2928 2679 2979 ἕκαστον.

600 3017 701 3071 188
724 3012 1040 3080 Quomodo
1070 3027 1174 3068 eos
1208 3012 1312 3084 qui
1341 3013 1531 3067 nostri
1571 3011 1712 3067 olim
1748 3012 1910 3067 fuere
1933 3013 2212 3069 contubei

2367 3013 2487 3088 ρπη’
2521 3021 2636 3076 Πῶς
2665 3010 2860 3087 ἴδωμεν
2889 3017 3010 3077 τοὺς
3038 3018 3162 3068 ποτε
3194 3021 3473 3079 συνοίκους
3502 3019 3662 3090 ἡμῶν,
3699 3014 3726 3074 ἣ
3757 3025 3910 3082 W77!-

664 3104 857 3167 nales,
892 3105 948 3158 et
979 3117 1082 3158 eos
1121 3102 1224 3174 qui
1266 3101 1629 3171 cognatione
1671 3101 1848 3158 nobis
1881 3103 2262 3174 conjungun-

1378 3101 1629 3157 natione
1671 3101 1848 3158 nobis
1881 3103 2262 3174 conjungun-
2289 3140 2330 3196 ο
2443 3110 2540 3164 νείς
2572 3104 2990 3179 εἰσερχομένους.

666 3197 781 3260 tur,
812 3208 953 3248 cum
981 3191 1295 3256 accedunt,
1325 3190 1670 3246 videamus.

599 3283 700 3336 189
742 3281 800 3337 Si
850 3279 1239 3335 adhortando
1289 3279 1468 3334 etiam
1509 3279 1697 3335 velint
1743 3295 1858 3336 nos
1901 3281 1974 3336 ait
2011 3283 2211 3354 propri

2365 3282 2482 3356 ρπθ’
2521 3281 2637 3336 Ἐὰν
2665 3278 2724 3335 δε
2750 3287 2840 3334 καὶ
2877 3282 3248 3356 παρακαλῶσιν
3295 3286 3443 3357 ἡμᾶς
3488 3284 3702 3345 θέλοντες
3744 3279 3909 3351 ἀγαγεῖν

670 3369 982 3426 reducere.

2439 3371 2509 3433 εὶς
2532 3374 2597 3424 τὰ
2624 3369 2762 3427 ἴδια.

601 3460 704 3516 190
741 3463 830 3514 An
860 3461 1135 3530 oporteat
1157 3472 1268 3512 nos
1302 3457 1570 3513 misereri
1601 3464 1997 3529 cognatorum
2033 3477 2213 3518 secun

2363 3446 2444 3536 μεθ’
2474 3461 2532 3514 Ei
2553 3457 2588 3513 δ
2593 3468 2634 3514 εἰ
2663 3460 2814 3514 ἐλεεῖν
2838 3465 2960 3522 τοὺς
2987 3464 3122 3515 κατὰ
3153 3465 3325 3537 σάρκα
3358 3464 3600 3531 οἰκείους,
3654 3462 3907 3532 ίπιθνμοῡν-

667 3548 816 3604 dum
847 3561 1116 3609 carnem,
1164 3545 1421 3602 salutem
1460 3545 1703 3603 illorum
1733 3551 2252 3622 concupiscentee.

1548 3561 1703 3603 trum
1733 3551 2252 3622 concupiscentee.
2433 3562 2525 3613 τας
2555 3555 2640 3608 τὴν
2674 3555 2934 3625 σωτηρίαν
2974 3551 3160 3607 αὐτῶν.

600 3640 693 3695 191
742 3637 884 3704 Quis
911 3641 999 3692 est
1026 3641 1401 3693 mansuetus.

2361 3625 2475 3714 9502'
2504 3645 2591 3700 Τίς
2616 3638 2751 3691 ἔστιν
2779 3641 2804 3690 ὁ
2834 3641 3023 3712 πραΰς.

601 3733 701 3784 192
741 3729 884 3794 Οιιεθ
911 3729 998 3782 est
1024 3725 1258 3782 tristitia
1305 3723 1642 3781 secundum
1692 3730 1900 3798 Deum,
1929 3733 1986 3785 et
2013 3743 2151 3802 quae
2183 3748 2210 3786 ν

2507 3732 2598 3789 Τίς
2625 3726 2762 3780 ἔστιν
2793 3729 2822 3786 ἠ
2855 3728 2991 3786 λύπη
3025 3731 3054 3788 ἡ
3082 3732 3214 3782 κατὰ
3253 3733 3408 3798 Θεὸν,
3458 3736 3547 3783 καὶ
3593 3735 3671 3792 τίς
3697 3729 3723 3786 ἠ
3749 3731 3826 3778 τοῦ
3847 3724 3910 3772 κό-

669 3815 881 3872 mundi
909 3813 1166 3870 tristitia.

985 3813 1166 3870 stitia.
2436 3837 2594 3890 σμου.

601 3908 699 3960 193
741 3902 926 3970 Quale
950 3905 1038 3958 est
1059 3901 1119 3956 in
1147 3901 1382 3957 Christo
1411 3902 1724 3970 gaudium.

1542 3902 1724 3958 dium.
2359 3891 2474 3983 pby'
2505 3911 2639 3959 Ποία
2667 3905 2715 3958 ἐν
2745 3915 2962 3980 Χριστῷ
2987 3911 3154 3983 χαρά.

601 3995 701 4049 194
738 3991 988 4058 Qualem
1034 3989 1265 4045 luctum
1319 3989 1730 4061 admittemus,
1771 3996 1837 4049 ut
1881 3994 2213 4052 beatitudin

2358 3981 2476 4071 ρδό
2508 4002 2659 4048 Ποῖον
2687 3999 2868 4058 πένθος
2900 3981 3249 4070 ἀναλάϐωμεν,
3294 3999 3380 4051 ἶνα
3423 3997 3803 4069 καταξιωθῶμεν
3844 3995 3912 4043 τοῦ

668 4081 835 4151 digni
865 4079 1200 4136 efﬁciamur
1214 4080 1256 4114 ⁸⁷
1269 4119 1282 4134 .

1177 4095 1200 4133 r
1214 4080 1256 4114 ⁸⁷
1269 4119 1282 4134 .
2429 4094 2789 4160 μακαρισμοῦ.

600 4175 699 4226 195
739 4169 1060 4235 Quomodo
1085 4169 1222 4241 quis
1248 4169 1455 4224 omnia
1487 4168 1626 4226 facit
1653 4170 1729 4226 ad
1770 4171 2023 4240 gloriam
2055 4173 2175 4230 Dei.

1954 4189 2023 4228 .m
2055 4173 2175 4230 Dei.
2356 4159 2458 4248 ρ⁸7ε’
2490 4159 2606 4236 Πῶς
2634 4177 2804 4227 πάντα
2842 4177 2912 4236 εἰς
2950 4172 3107 4239 δόξαν
3139 4185 3272 4230 Θεοῦ
3298 4186 3442 4230 ποιεῖ
3468 4199 3566 4242 τις.

597 4261 699 4313 196
739 4256 1059 4324 Quomodo
1089 4256 1211 4312 edit
1238 4257 1375 4330 quis
1417 4257 1690 4332 bibitque
1713 4260 1792 4315 ad
1835 4261 2088 4331 gloriam
2125 4266 2201 4319 De

2058 4279 2088 4318 n
2125 4264 2247 4321 Dei.
2355 4248 2472 4338 ρθξ
2497 4269 2610 4325 Πῶς
2633 4263 2794 4316 ἆσθίει
2824 4283 2922 4330 τις,
2952 4269 3040 4317 καὶ
3065 4269 3202 4317 πίνει
3226 4266 3294 4326 εἰς
3327 4263 3488 4330 δόξαν
3520 4273 3670 4320 Θεοῦ.

598 4347 695 4399 197
738 4346 1058 4411 Quomodo
1087 4346 1302 4403 efﬁciet
1331 4346 1578 4405 dextera
1615 4352 1680 4405 ut
1718 4349 1958 4407 sinistra
1988 4367 2110 4408 non
2142 4368 2210 4409 co

2354 4339 2470 4428 ρ¹7ζ¹
2500 4361 2617 4416 Πῶς
2646 4359 2856 4412 ποιησει
2887 4357 2916 4414 ἡ
2952 4353 3099 4419 δεξιὰ
3131 4357 3212 4407 ἱνα
3239 4361 3308 4429 μὴ
3348 4364 3582 4431 γινώσκη
3615 4355 3715 4422 (42)
3762 4354 3788 4410 ἡ
3819 4347 3914 4420 ἄρι-

665 4438 938 4501 gnoscat.
2276 4502 2277 4506 η

2276 4499 2316 4517 ἢ
2431 4445 2588 4517 στεροὲ
2603 4481 2614 4497 .

598 4499 697 4576 198
738 4521 892 4585 Quid
940 4523 1017 4578 sit
1062 4523 1394 4593 humilitas,
1443 4532 1499 4583 et
1537 4528 1849 4598 quomodo
1889 4544 2024 4586 eam
2078 4547 2210 4589 asse

2521 4499 2530 4517 .

2299 4501 2318 4553 )
2353 4516 2468 4607 ρθῆ
2494 4538 2558 4585 Τί
2589 4532 2699 4585 ἐστι
2729 4536 3198 4608 ταπεινοφροσύνη,
3231 4539 3320 4586 καὶ
3359 4543 3472 4597 πῶς
3502 4535 3661 4593 αὐτὴν
3686 4529 3911 4602 κατορθώ-

663 4623 942 4681 quemur.

2429 4640 2603 4694 σομεν.

595 4701 694 4755 199
735 4698 1048 4787 Quomodo
1069 4702 1444 4771 exoptaverit
1471 4703 1606 4774 quis
1646 4719 1712 4759 se
1742 4706 1923 4762 etiam
1955 4709 2206 4781 periculi

2350 4696 2463 4783 ρ’νσ
2490 4718 2606 4773 Πῶς
2643 4712 2705 4763 ἄν
2734 4731 2810 4771 τις
2847 4713 3207 4786 προθυμηθείη
3240 4717 3328 4766 καὶ
3357 4717 3491 4787 πρὸς
3520 4709 3784 4770 κινδύνους
3811 4708 3910 4777 ὑπερ

661 4786 925 4858 objicere
955 4803 1064 4860 pro
1097 4789 1331 4844 Domini
1361 4791 1676 4848 mandato.

2420 4809 2514 4862 τῆς
2541 4799 2742 4862 ἐντολῆς
2764 4809 2855 4854 τοῦ
2891 4807 3082 4878 Κυρίου
3121 4786 3643 4876 παραϐουλεύεσθαι.ι

589 4879 694 4934 200
735 4875 1052 4942 Quomodo
1074 4876 1113 4932 ii
1152 4877 1256 4949 qui
1297 4876 1522 4934 diutius
1571 4879 1629 4934 in
1655 4881 1756 4936 Dei
1782 4897 1964 4953 opere
1995 4884 2201 4943 labora

2352 4888 2395 4941 σ’
2422 4892 2489 4942 Οἱ
2512 4893 2887 4964 προκάμνοντες
2918 4891 2966 4944 ἐν
2995 4899 3067 4962 τῷ
3097 4893 3228 4964 ἔργῳ
3257 4900 3348 4944 τοῦ
3397 4901 3552 4959 Θεοῦ,
3609 4900 3716 4952 πῶς
3759 4884 3914 4940 δύνατ’

660 4967 894 5035 verunt,
920 4965 1154 5037 possint
1182 4981 1391 5021 recens
1424 4967 1720 5023 accedens
1749 4970 1982 5039 juvare.

1907 4987 1982 5026 re.
2417 4997 2505 5030 ται
2535 4979 2738 5051 ὠφελεῖν
2763 4983 2880 5039 τοὺς
2904 4981 3025 5054 ἄρτι
3045 4985 3519 5054 προσερχομένους.

587 5059 684 5112 201
732 5055 1048 5120 Quomodo
1074 5055 1210 5129 quis
1243 5057 1632 5114 attentionem
1657 5059 1718 5114 in
1746 5061 2052 5132 precando
2074 5079 2199 5122 esse

659 5147 898 5200 auetur.

2351 5086 2420 5120 σα
2459 5075 2577 5131 Πῶς
2615 5071 2862 5144 κατορθοῖ
2889 5090 2967 5132 τις
2993 5069 3040 5122 ἐν
3061 5079 3122 5144 τῇ
3156 5079 3433 5146 προσευχῇ
3458 5074 3516 5122 τὸ
3547 5069 3909 5143 ἂμετεὼριστον.

659 5159 898 5216 quetur.

661 5399 708 5434 ⁸⁸
735 5399 860 5456 Gal.
893 5418 970 5471 v1,
1004 5405 1056 5457 2.
1136 5403 1179 5437 ⁸⁷
1211 5404 1410 5461 Matth.
1444 5421 1504 5475 v,
1539 5410 1591 5461 5.

661 5576 776 5648 (42)
807 5576 899 5633 Sic
920 5579 1060 5648 Reg.
1091 5579 1323 5636 tertius.
1354 5583 1522 5649 Ediii,
1560 5591 1675 5646 Πῶς
1705 5585 1731 5637 ὁ
1761 5593 1986 5642 ποιεῖ....
2018 5593 2146 5660 γινὺ
2213 5607 2347 5644 σκει.
