4082 6178
214 235 352 286 1069

1261 233 1690 286 ltEGlIlARl'M
1745 233 2141 287 UBEVIOBIIM
2185 234 2547 287 CAPITUA.

3444 246 3579 297 1070

215 355 303 428 σβ¹
330 356 390 409 Εἰ
423 353 647 408 δυνατὸν
679 354 1046 430 καρτορθῶσαι
1085 353 1132 406 έν
1171 360 1323 407 παντὶ
1369 358 1459 405 καὶ
1493 357 1709 406 πάντοτε
1754 355 1809 405 τό

1947 356 2033 409 ΞΟ2
2064 361 2150 409 An
2179 354 2307 409 ﬁeri
2337 355 2546 426 possit,
2593 358 2658 410 ut
2686 355 2746 410 in
2775 357 3155 414 omnibuset
3205 376 3444 433 semper
3487 379 3580 420 ac-

286 444 667 520 ἀμετεώριστον
678 488 691 500 .

219 535 302 607 η’
329 541 442 588 Τῶν
470 535 586 586 κατ’
620 533 826 591 έντολὴν
855 539 946 586 τοῦ
981 537 1175 610 Κυρίου
1214 535 1628 608 κατορθωμάτων
1665 537 1814 586 πότεο

283 640 372 699 ρον
403 624 454 676 ὂν
483 627 670 698 μέτρον
700 621 842 676 ἐστὶν
871 622 921 675 έν
957 629 1139 691 πᾶσιν,
1169 624 1198 682 ἦ
1232 625 1258 675 ὁ
1286 626 1376 696 μεν
1406 623 1576 676 πλεῖον
1615 625 1751 694 ἔχοι,
1785 623 1810 673 ὁ

282 711 341 767 δε
367 714 597 768 ἔλαττον.

211 890 296 946 σδ¹
337 897 454 956 Πῶς
480 892 822 956 καταξιοῡταί
841 911 919 954 τις
949 894 1243 965 Πνεύματος
1273 889 1431 964 ἀγίου
1459 891 1700 963 γενέσθαι
1725 894 1811 963 μέ⁴

280 1001 462 1054 τοχος.

210 1072 277 1125 σε’
309 1077 454 1134 Τίνες
485 1071 615 1124 εἰσὶν
645 1072 694 1124 οἱ
718 1075 927 1142 πτωχοὶ
953 1078 1026 1142 τῷ
1054 1073 1329 1144 πνεύματι.

212 1160 302 1226 ag"
321 1168 424 1214 Τοῦ
455 1165 650 1234 Κυρίου
683 1159 1140 1233 παραγγέλλοντος,
1172 1165 1243 1234 μὴ
1276 1165 1525 1234 μεριμνᾷν
1546 1164 1598 1212 τί
1629 1161 1809 1231 φάγω-

280 1269 394 1324 μεν,
424 1252 453 1310 ἢ
489 1255 540 1302 τί
569 1255 783 1322 πίωμεν,
818 1252 847 1308 ᾖ
886 1253 938 1302 τί
974 1249 1369 1324 περιϐαλώμεθα
1401 1270 1414 1283 ·
1469 1253 1632 1326 μέχρι
1673 1253 1812 1312 τίνος

281 1341 428 1394 ἐστὶν
464 1343 494 1399 ἠ
537 1338 734 1408 ἐντολὴ,
777 1340 807 1399 ᾖ
831 1348 936 1401 πῶς
960 1342 1328 1413 κατορθοῦται.

211 1521 292 1582 σξ
317 1525 433 1575 Τίνι
462 1519 596 1592 λόγῳ
629 1515 711 1572 δεῖ
734 1517 1068 1593 έργάζεσθαι.

212 1610 292 1668 σι’
336 1609 396 1663 Εἰ
423 1608 580 1662 καλόν
618 1609 735 1662 ἔστι
763 1612 821 1662 τὸ
847 1607 1071 1662 καθόλου
1104 1612 1257 1680 σιγὴν
1290 1607 1487 1663 ἀσκεῖν.

213 1701 290 1754 σθ’
329 1707 449 1761 Πῶς
470 1693 775 1773 δυνηθῶμεν
797 1698 1088 1772 φοϐηθῆναι
1117 1701 1182 1751 τὰ
1219 1700 1451 1774 κρίματα
1479 1705 1571 1752 τοῦ
1598 1706 1752 1754 Θεοῦ.
1833 1715 1882 1774 Β

213 1782 277 1835 σι’
306 1786 396 1841 Τίς
425 1779 565 1833 ἐστιν
598 1781 626 1838 ἡ
661 1781 761 1832 ὑπὸ
787 1787 880 1832 τοῦ
912 1778 1234 1832 Ἀποστόλου
1263 1775 1662 1855 παραδιδομένη
1709 1799 1808 1831 κα-

278 1870 507 1928 ταστολὴ
541 1875 758 1942 κοσμία.

212 1959 313 2013 cui
333 1965 400 2014 Τί
440 1963 501 2012 τὸ
530 1963 716 2051 μέτρον
740 1967 837 2021 τῆς
859 1961 988 2033 πρὸς
1017 1960 1146 2011 Θιόν
1172 1957 1400 2030 ἀγάπης.

213 2049 321 2124 σιβ’
344 2056 459 2110 Πῶς
488 2047 837 2123 κατορθοῦται
865 2049 896 2106 ἡ
928 2050 1054 2123 πρὸς
1094 2052 1224 2102 Θεὸν
1255 2047 1452 2120 ἀγάπη.

211 2140 311 2213 σιοί
341 2144 472 2193 Τίνα
499 2138 614 2192 έστὶ
643 2140 710 2191 τά
735 2143 1075 2213 γνωρίσματα
1107 2145 1204 2201 τῆς
1228 2142 1355 2214 πρὸς
1389 2139 1516 2192 Θεὸν
1547 2136 1769 2209 ἀγάπης.

217 2226 323 2283 σιδ¹
352 2232 668 2303 Χρηστὸτης
694 2232 780 2280 καὶ
806 2226 1119 2299 ἀγαθωσύνη
1151 2232 1254 2280 τίνι
1284 2224 1619 2300 διαφέρουσιν
1648 2225 1810 2286 ἀλλή-

283 2316 402 2373 λων.

214 2405 309 2460 σιε’
337 2411 427 2467 Τίς
457 2404 597 2459 ἐστιν
629 2406 656 2458 ὁ
683 2407 783 2459 ὑπὸ
813 2412 905 2460 τοῦ
947 2411 1141 2480 Κυρίου
1167 2406 1578 2480 μακαριζόμενος
1609 2404 1810 2480 εἰρηνο-

276 2501 448 2559 ποιός.

210 2586 316 2651 σις’
346 2585 430 2639 Ἐν
455 2590 560 2638 τίνι
591 2592 884 2661 στραφῆναι
910 2581 992 2638 δεῖ
1019 2589 1110 2638 καὶ
1139 2586 1380 2657 γενέσθαι
1408 2586 1476 2646 ὡς
1501 2585 1567 2636 τὰ
1593 2579 1808 2638 παιδία.

209 2762 312 2824 σιξ
336 2769 458 2825 Πῶς
489 2759 763 2837 δεξώμεθα
790 2767 883 2821 τὴν
924 2760 1197 2835 βασιλείαν
1237 2769 1329 2814 τοῦ
1369 2768 1502 2815 Θεοῦ
1561 2762 1626 2822 ὡς
1681 2780 1809 2813 παι-

277 2851 416 2908 δίον.

213 2942 318 3001 σιη’
351 2946 514 2996 Ποίαν
537 2944 741 2994 σύνεσιν
772 2941 931 2995 αἰτεῖν
960 2942 1105 3015 παρά
1129 2947 1221 2994 τοῦ
1253 2947 1385 2994 Θεοῦ
1417 2939 1698 3013 ὀφεᾶὀμεν.

208 3122 308 3175 σιθ’
340 3121 457 3174 Ἐἀν
508 3119 911 3194 εύεργετηθῶμεν
956 3122 1097 3195 παρά
1131 3139 1304 3190 τινος,
1346 3127 1458 3182 πῶς
1505 3115 1809 3192 δυνηθῶμεν

278 3217 371 3264 καὶ
401 3219 475 3281 τῷ
510 3215 684 3283 Κυρίῳ
713 3214 808 3268 τὴν
837 3208 1162 3284 ὀφειλομένην
1203 3209 1547 3282 εὐχαριστίαν
1577 3210 1809 3284 καθαρὰν

277 3306 369 3354 καὶ
400 3299 678 3373 ὁλόκληρον
707 3296 1017 3368 ἀποδοῦναι,
1051 3305 1140 3353 καὶ
1169 3304 1262 3359 τὴν
1282 3303 1412 3376 πρὸς
1433 3303 1518 3353 τὸν
1540 3299 1807 3372 εὐεργέτην

278 3389 640 3463 ἐπιστημόνως
663 3389 959 3463 πληρῶσαι.

210 3579 289 3631 σκ’
320 3578 383 3633 Ei
406 3583 564 3632 παντὶ
590 3585 662 3649 τῷ
694 3576 990 3651 βουλομένῳ
1023 3574 1264 3650 ἀδελφαῖς
1296 3576 1674 3648 συντυγχάνειν
1699 3573 1807 3629 έπε-

276 3672 480 3744 τρέπειν
505 3673 614 3742 χρή
626 3708 639 3722 .

206 3766 326 3811 σκα’
367 3765 471 3811 Τοῦ
501 3764 693 3830 Κυρίου
723 3753 1074 3818 διδάσκοντος
1101 3756 1498 3829 προσεύχεσθαι
1521 3759 1592 3828 μὴ
1635 3753 1804 3806 εἰσελ-

275 3851 383 3902 θεῖν
413 3848 488 3910 εἰς
506 3851 816 3922 πειρασμὸν,
850 3847 895 3900 εἰ
934 3842 1017 3899 δεῖ
1051 3847 1446 3922 προσεύχεσθαι
1475 3849 1546 3917 μὴ
1590 3861 1802 3916 περιπε-

275 3943 386 3992 σεῖν
414 3933 629 3998 ὀδύναις
661 3944 1000 4009 σωματικαῖς.
1078 3937 1082 3941 ’

349 4031 443 4089 Τίς
473 4024 612 4078 ἔστιν
643 4028 668 4078 ὁ
696 4022 964 4088 ἀντίδικος
993 4024 1216 4077 ἑκάστου
1263 4025 1426 4097 ἡμῶν,
1479 4023 1506 4081 ἢ
1563 4027 1652 4076 καὶ
1691 4030 1802 4085 πῶς

272 4117 418 4187 αύτῷ
447 4115 592 4174 εὐνοή
602 4133 777 4188 σομεν.

203 4207 321 4278 σκγ¹
351 4206 412 4257 Ὀ
445 4205 598 4259 Θέλων
627 4201 721 4257 διά
763 4224 880 4257 τινα
916 4204 1066 4276 λόγον
1110 4202 1392 4276 ἀρέσκοντα
1430 4206 1536 4273 Θεῷ
1578 4208 1801 4259 νηστεῦ-

275 4314 391 4361 σαι,
425 4291 605 4352 ἐπειδὴ
640 4299 729 4346 καὶ
753 4297 823 4356 ὡς
850 4293 908 4346 ού
937 4293 1067 4346 θέλει
1093 4298 1323 4365 φαίνεται
1347 4297 1456 4352 τοῖς
1495 4289 1800 4366 ἀνθρώποις,

271 4390 326 4438 τί
357 4390 590 4443 ποιήσει.

207 4471 324 4528 ηδ’
355 4475 418 4527 Εἰ
445 4479 534 4527 καὶ
561 4481 650 4526 νῦν
679 4475 728 4525 οἱ
757 4475 847 4546 μεν
878 4470 979 4524 ἀπὸ
1008 4476 1100 4531 τῆς
1132 4477 1340 4545 πρώτης
1373 4471 1512 4545 ὧρας
1560 4468 1805 4544 immij-

271 4584 382 4628 ται,
414 4565 466 4614 οἱ
493 4560 552 4615 δε
591 4561 692 4616 ἀπὸ
723 4571 816 4624 τῆς
847 4558 1140 4626 ἑνδεκάτης,
1183 4563 1272 4612 καὶ
1302 4564 1426 4620 τίνες
1455 4559 1584 4612 εἰσὶν
1609 4560 1774 4614 οὗτοι.

205 4654 312 4706 σκε’
342 4660 448 4705 Τοῦ
481 4657 676 4727 Κυρίου
708 4651 937 4713 εἰπόντος
960 4672 972 4684 ο
1028 4649 1196 4702 Ὀπου
1229 4648 1311 4701 ἐάν
1337 4645 1439 4702 ὦσι
1467 4645 1563 4701 δύο
1593 4649 1622 4706 ἦ
1672 4655 1804 4722 τρεῖς

277 4747 601 4814 συνηγμένοι
632 4741 703 4803 εἰς
741 4745 799 4793 τὸ
831 4740 951 4814 ἐμὸν
979 4745 1159 4813 ὄνομα,
1191 4738 1292 4792 ἐκεῖ
1317 4739 1424 4812 εἰμι
1457 4742 1506 4790 εν
1535 4743 1680 4810 μέσῳ
1705 4738 1806 4791 αὖ·

269 4841 377 4885 τῶν
407 4853 421 4864 ·
455 4840 564 4894 πῶς
588 4835 774 4884 τούτου
806 4830 1192 4893 καταξιωθῆναι
1231 4824 1554 4901 δυνηθῶμεν.

201 4921 325 4986 σκς-’
360 4927 464 4974 Τοῦ
495 4919 818 4972 Ἀποστόλου
857 4919 1085 4991 λέγοντος
1109 4939 1121 4952 ο
1182 4913 1610 4990 Λοιδορούμενοι,
1663 4916 1805 4970 εὐλο-

268 5018 465 5084 γοῦμεν
494 5031 506 5044 '
543 5009 1023 5084 βλασφημούμενοι,
1055 5007 1452 5083 παρακαλοῦμεν
1485 5027 1498 5040 ·
1521 5015 1632 5068 πῶς
1669 5005 1803 5078 696i-

1989 443 2262 515 quiratur
2291 445 2556 500 attentio.

1921 535 2026 588 203
2061 535 2268 588 Utrum
2299 548 2508 588 eorum
2539 549 2675 606 quae
2706 535 3044 592 secundum
3071 539 3308 596 Domini
3331 541 3586 600 manda-

2008 626 2136 677 tum
2169 623 2339 686 ﬁunt.
2389 637 2508 677 una
2541 627 2598 677 et
2617 622 2828 679 eadem
2880 640 3168 682 mensura
3195 627 3257 684 in
3297 630 3584 688 omnibus

1995 710 2092 777 sit,
2128 725 2206 766 an
2263 709 2417 766 alius
2449 711 2770 783 majorem,
2797 711 2950 767 alius
2979 728 3124 770 vero
3151 715 3376 774 habeat
3393 719 3585 777 mino-

1989 815 2111 854 rem
2122 841 2135 854 .

1921 892 2026 945 204
2059 888 2374 955 Quomodo
2404 889 2542 962 quis
2582 889 2834 946 efﬁcitur
2862 891 3102 964 dignus,
3128 894 3232 966 qui
3260 896 3368 952 ﬁat
3397 897 3580 970 Spiri-

1989 983 2082 1034 tus
2107 979 2296 1050 sancti
2326 980 2645 1052 particeps.

1923 1067 2104 1139 409
2135 1072 2238 1124 205
2272 1069 2382 1133 Qui
2414 1069 2532 1124 sint
2561 1083 2861 1141 pauperes
2893 1070 3185 1142 spiritu".

1919 1158 2025 1213 206
2056 1161 2204 1213 Cum
2243 1158 2534 1214 Dominus
2569 1159 2882 1231 praecipiat
2908 1165 2971 1215 ut
2997 1175 3073 1216 ne
3118 1161 3308 1218 simus
3340 1164 3574 1223 solliciti

1991 1247 2138 1320 quid
2170 1248 2450 1309 edamus.
2482 1254 2586 1304 aut
2612 1249 2763 1321 quid
2792 1248 3102 1317 bibamus,
3129 1257 3235 1308 aut
3263 1268 3387 1325 quo
3416 1260 3576 1328 tega-

1990 1352 2128 1392 mur
2145 1339 2212 1404 ⁸⁸,
2247 1353 2568 1411 quousque
2589 1337 2651 1394 id
2673 1337 2952 1395 mandati
2983 1354 3048 1394 se
3065 1341 3575 1418 extendit,etquo-

1989 1427 2173 1483 modo
2203 1427 2512 1500 perﬁcitur
2525 1471 2538 1484 .

1917 1520 2018 1572 207
2045 1517 2176 1582 Qua
2203 1522 2402 1573 mente
2430 1517 2711 1574 laborare
2740 1520 3036 1591 oporteat.

1917 1609 2023 1662 208
2058 1615 2146 1660 An
2166 1605 2400 1662 bonum
2433 1606 2511 1662 sit
2538 1607 2780 1679 penitus
2816 1607 3122 1664 silentium
3142 1610 3434 1668 excolere.

1920 1700 2022 1752 209
2055 1695 2373 1761 Quomodo
2398 1696 2603 1753 timere
2625 1699 3002 1769 potuerimus
3032 1697 3136 1754 Dei
3161 1699 3413 1770 judicia.

1918 1788 2024 1841 210
2054 1786 2198 1852 Quis
2220 1786 2291 1842 sit
2322 1785 2579 1843 amictus
2609 1787 2703 1842 ille
2733 1787 3024 1845 honestus
3045 1787 3126 1844 ab
3145 1791 3433 1862 Apostolo
3465 1795 3576 1850 tra-

1989 1874 2172 1932 ditus.

1921 1969 2018 2020 211
2058 1964 2201 2032 Quis
2229 1965 2450 2022 modus
2469 1964 2756 2035 diligendi
2787 1968 2997 2022 Deum.

1917 2058 2020 2109 212
2052 2055 2370 2120 Quomodo
2401 2055 2502 2111 Dei
2529 2053 2766 2111 dilectio
2797 2054 3157 2113 obtineatur.

1916 2143 2021 2200 213
2048 2145 2190 2208 Quae
2227 2144 2346 2200 sint
2368 2143 2589 2200 indicia
2613 2143 2922 2201 charitatis
2947 2160 3092 2218 erga
3114 2148 3323 2204 Deum.

1919 2236 2024 2288 214
2055 2234 2116 2288 ln
2147 2249 2270 2306 quo
2300 2233 2647 2306 discrepant
2676 2249 2714 2290 a
2741 2250 2804 2289 se
2846 2233 3105 2291 invicem
3135 2236 3480 2308 benignitas
3513 2242 3573 2294 et

1987 2321 2250 2380 bonitas.

1917 2413 2022 2468 215
2051 2412 2193 2478 Quis
2226 2410 2303 2468 sit
2339 2410 2629 2484 paciﬁcus
2686 2411 2783 2468 ille
2823 2411 2928 2484 qui
2958 2427 2997 2469 a
3044 2412 3301 2471 Domino
3357 2413 3574 2472 dicitur

1988 2501 2205 2557 beatus
2219 2503 2287 2554 σο.

1916 2593 2022 2645 216
2058 2589 2123 2645 In
2153 2605 2277 2662 qua
2304 2603 2367 2646 re
2395 2589 2661 2646 converti
2681 2591 2977 2662 oporteat,
3002 2605 3072 2646 ac
3098 2589 3227 2647 fieri
3255 2591 3419 2648 velut
3443 2607 3576 2665 par-

1990 2679 2165 2736 vulos
2199 2681 2269 2734 9'.

1917 2771 2021 2824 217
2053 2767 2368 2832 Quomodo
2401 2768 2812 2842 suscipiamus
2841 2783 3099 2841 regnum
3131 2769 3233 2827 Dei
3257 2769 3420 2828 velut
3442 2787 3577 2845 par-

1989 2857 2188 2915 vulus.

1918 2951 2022 3004 218
2053 2946 2306 3013 Qualem
2357 2946 2810 3017 intelligentiam
2859 2962 2896 3004 a
2938 2949 3056 3004 Deo
3105 2964 3429 3022 exposcere
3473 2951 3576 3007 de-

1989 3036 2264 3092 beamus.
2707 3063 2713 3069 -

1919 3125 2022 3182 219
2054 3126 2107 3182 Si
2161 3123 2523 3180 beneﬁcium
2571 3123 2983 3197 acceperimus
3021 3123 3101 3180 ab
3142 3123 3367 3196 aliquo,
3415 3141 3568 3198 quo-

1990 3214 2175 3270 modo
2201 3219 2332 3270 tum
2348 3214 2602 3269 Domino
2618 3214 2888 3269 debitam
2905 3213 3239 3282 gratiarum
3269 3213 3568 3272 actionem

1989 3321 2211 3378 puram
2242 3320 2314 3360 ac
2368 3304 2664 3374 integram
2697 3302 3055 3376 persolvere,
3077 3307 3206 3359 tum
3227 3319 3364 3360 eam
3385 3304 3569 3363 etiam

1986 3411 2125 3468 qua:
2154 3393 2548 3452 benefacienti
2575 3393 2850 3464 debetur,
2866 3393 3009 3450 scite
3030 3398 3086 3451 et
3109 3394 3219 3450 rite
3239 3394 3568 3468 rependere

1985 3485 2343 3559 poterimus.

1912 3579 2018 3631 220
2045 3580 2133 3631 An
2163 3573 2412 3648 quilibet
2457 3572 2678 3629 volenti
2707 3571 3180 3645 permittendum
3210 3573 3375 3630 situt
3421 3589 3566 3632 cum
3629 3628 3634 3630 .

1985 3663 2295 3720 sororibus
2325 3663 2387 3718 in
2413 3662 2782 3736 colloquium
2806 3662 3029 3719 veniat.

1912 3757 2009 3809 221
2037 3755 2185 3809 Cum
2216 3753 2502 3809 Dominus
2531 3751 2744 3808 doceat
2763 3751 3064 3807 orandum
3091 3767 3242 3822 esse,
3276 3755 3340 3807 ut
3367 3767 3443 3808 ne
3471 3752 3564 3809 in-

1984 3849 2209 3899 tremus
2239 3843 2299 3898 in
2330 3841 2718 3898 teutationem
2749 3844 2817 3912 θ’,
2855 3856 2932 3898 an
2962 3841 3265 3896 orandum
3294 3841 3370 3898 sit
3399 3846 3462 3898 ut
3487 3856 3565 3898 ne

1981 3933 2042 3988 in
2070 3931 2337 4005 corporis
2361 3931 2600 3987 dolores
2632 3926 3002 3987 incidamus.

1911 4026 2015 4078 222
2047 4023 2186 4088 Quis
2208 4021 2280 4077 sit
2325 4021 2806 4094 uniuscujusque
2845 4025 3115 4076 nostrum
3159 4020 3560 4090 adversarius,

1980 4111 2369 4184 quomodove
2399 4125 2543 4181 erga
2563 4111 2761 4183 ipsum
2793 4110 3017 4166 erimus
3049 4109 3326 4166 benevoli
3343 4112 3413 4166 ⁸³.

1911 4205 2012 4256 223
2056 4199 2165 4266 Qui
2209 4200 2288 4256 ob
2315 4199 2582 4272 aliquam
2608 4199 2904 4254 rationem
2928 4199 3046 4254 Deo
3103 4198 3386 4271 placitam
3410 4199 3564 4271 jeju-

1984 4304 2128 4345 nare
2151 4289 2294 4350 vult,
2327 4304 2466 4344 cum
2492 4287 2600 4343 etsi
2619 4303 2744 4344 non
2774 4287 2915 4344 velit
2937 4287 3172 4344 videtur
3199 4287 3276 4344 ab
3305 4288 3564 4346 homini-

1982 4377 2118 4445 bus,
2141 4376 2290 4450 quid
2317 4377 2512 4432 faciet.

1912 4470 2016 4523 224
2043 4472 2133 4522 An
2163 4467 2345 4522 etiam
2385 4481 2548 4522 nunc
2595 4465 2693 4522 alii
2732 4481 2769 4522 a
2793 4465 2991 4539 prima
3023 4465 3175 4522 hora
3215 4470 3561 4540 operentur,

1983 4556 2082 4612 alii
2111 4555 2190 4612 ab
2212 4555 2556 4622 undecima,
2587 4560 2644 4612 et
2663 4555 2916 4628 quinam
2946 4555 3008 4611 hi
3035 4554 3238 4611 sint“.

1911 4649 2015 4701 225
2042 4647 2189 4700 Cum
2245 4644 2538 4702 Dominus
2571 4644 2822 4700 dixerit:
2865 4645 2975 4701 Ubi
3001 4645 3121 4702 duo
3147 4647 3241 4702 vel
3281 4652 3401 4702 tres
3430 4647 3566 4716 fue-

1986 4737 2112 4791 rint
2138 4735 2489 4806 congregati
2507 4736 2571 4789 in
2592 4735 2832 4791 nomine
2860 4750 3009 4802 meo,
3039 4735 3128 4790 ibi
3165 4749 3298 4790 sum
3349 4736 3413 4789 in
3446 4749 3564 4790 me-

1984 4827 2085 4881 dio
2115 4841 2318 4882 eorum
2336 4826 2406 4894 ⁸³,
2425 4830 2739 4897 quomodo
2755 4824 2871 4881 hoc
2881 4823 3048 4894 digni
3063 4824 3215 4880 efﬁci
3229 4822 3560 4878 valeamus.

1915 4920 2020 4972 226
2043 4915 2188 4971 Cum
2220 4914 2540 4987 Apostolus
2567 4914 2728 4970 dicat
2761 4931 2774 4968 :
2807 4915 2964 4968 Dum
3001 4911 3442 4972 maledicimur.
3475 4909 3564 4965 be-

1994 5005 2328 5062 "edicimus
2350 5020 2364 5059 :
2387 5004 2528 5059 dum
2580 5003 3076 5075 blasphemamur,
3131 4999 3560 5055 obsecramus"

272 5405 324 5439 "
364 5401 567 5460 Matth.
609 5417 666 5466 v,
697 5403 748 5455 3.
828 5400 874 5434 ”
907 5397 1105 5455 Matth.
1128 5414 1207 5468 v1,
1242 5401 1333 5454 31.
1414 5396 1464 5431 ὀ
1494 5395 1692 5451 Matth.
1719 5411 1774 5460 v,
1815 5397 1869 5449 9.
1946 5395 1990 5427 "
2026 5392 2225 5448 Matth.
2256 5405 2419 5453 xvm,
2454 5394 2506 5445 3.
2583 5391 2632 5423 "
2661 5389 2798 5443 Luc.
2831 5399 2973 5454 nu,
3015 5391 3102 5445 40.
3179 5389 3228 5423 ⁵³
3253 5389 3454 5447 Matth.
3506 5406 3562 5458 v,

201 5519 299 5569 25.
388 5512 438 5545 "
472 5508 676 5564 Matth.
717 5523 820 5578 xx,
855 5511 873 5562 1
907 5521 1042 5578 sqq.
1119 5506 1167 5540 95
1198 5503 1400 5562 Matth.
1439 5505 1704 5567 xvm,20.
1779 5501 1827 5536 ⁸⁸
1854 5503 1873 5555 ι
1896 5502 2031 5556 Cor.
2064 5513 2147 5563 tv,
2172 5503 2255 5554 12.
