4082 6178
577 232 706 305 tot:
1952 239 2009 297 s.
2052 238 2302 296 manu
2338 238 2558 295 nam
3753 235 3867 291 ωτι

637 370 1312 447 quomodobenedicere
1341 367 1561 424 debeat
1586 365 1683 423 cui
1723 364 2124 432 maledicitur,
2157 367 2216 419 et

2258 362 2303 417 Α
2407 360 2480 414 λιι
2509 359 2734 433 εὐλογεῖν
2754 360 2780 412 6
2808 354 3226 434 λοιδορούμινος,
3256 357 3286 417 ἦ
3317 361 3364 412 τί
3390 356 3729 432 παρακαλιῑνό
3758 357 3870 431 βλι-

639 463 785 536 quid
816 462 1131 518 obsecrare
1151 459 1253 531 qui
1284 456 1760 530 blasphematur.

1178 459 1253 531 [ui
1284 456 1760 530 blasphematur.
2409 452 2790 524 σφημούμενος.

565 557 665 610 227
690 555 901 610 Utrum
930 556 1197 624 oporteat
1227 562 1731 621 unumquemque
1753 560 1826 602 ea
1851 560 1990 619 quas
2015 541 2177 598 senti

2337 539 2453 601 σκξ
2482 539 2543 592 Εἰ
2568 543 2683 612 χρὴ
2712 540 2928 591 ἕκαστον
2967 536 3305 591 ἀνατίθισθαι
3328 543 3415 590 καὶ
3457 536 3636 612 ἐτίροις
3656 536 3688 590 ἃ
3711 545 3872 613 φρονιί,

638 642 770 699 aliis
800 643 981 697 etiam
1005 638 1363 711 patefacere,
1397 652 1474 694 an
1500 652 1640 693 cum
1697 634 1811 691 sibi
1855 648 2219 707 persuasum

2408 630 2438 688 ἦ
2480 627 2529 681 ἐν
2554 628 2878 704 πληροφορίᾳ
2907 634 2999 681 τοῦ
3025 626 3331 705 ἀρέσκοντος
3352 634 3462 699 Θεῷ
3486 632 3751 702 γινόμενον,
3772 629 3873 703 παρ’

638 732 832 798 fuerit,
853 744 982 785 rem
1005 727 1133 783 ﬁeri
1167 730 1285 784 Deo
1303 726 1609 801 placitam,
1641 740 1776 782 eam
1803 722 2023 779 debeat
2053 719 2221 795 apud

1261 743 1285 783 ο
1303 726 1609 801 placitam,
1641 740 1776 782 eam
1803 722 2023 779 debeat
2053 719 2221 795 apud
2404 717 2572 791 ἑαυτῷ
2609 722 2873 791 κατέχειν.

640 820 913 892 seipsum
940 816 1269 874 continere.

567 912 671 965 228
691 905 973 979 Nunquid
1001 905 1281 962 voluntas
1324 920 1534 961 eorum
1580 904 1686 976 qui
1716 901 2179 959 scandalizantui

2336 896 2452 956 σκτί
2479 896 2538 950 Εἰ
2566 894 2651 950 ἐπὶ
2680 900 2835 949 παντὶ
2863 897 3139 970 πράγματι
3175 894 3512 970 πληροφοριῐι
3536 900 3639 970 χρὴ
3669 898 3721 948 τὸ
3752 895 3879 954 θέλη-

637 997 697 1052 in
728 995 895 1052 omni
926 1011 987 1051 re
1010 994 1309 1067 explenda
1334 993 1424 1055 sit.
1460 1010 1538 1049 an
1586 1008 1729 1048 vero
1760 992 1881 1047 sint
1908 989 2221 1063 quaedam,

2404 1007 2479 1060 μα
2507 993 2607 1038 τῶν
2639 981 3147 1058 σκανδαλιζομένων,
3179 986 3209 1045 ἦ
3244 988 3355 1038 ἐστι
3384 989 3515 1051 τινὰ,
3542 984 3624 1057 ἀφ’
3645 986 3707 1037 ὧν
3730 986 3782 1038 οὐ
3815 982 3881 1039 δεῖ

637 1085 699 1141 in
728 1084 951 1159 quibus
984 1083 1366 1139 simulatione
1398 1082 1692 1138 utendum
1722 1096 1845 1136 non
1877 1080 1970 1149 sit,
2013 1095 2219 1153 quan-

2013 1095 2219 1153 quan-
2404 1076 2834 1151 προσποιήσοαι,
2871 1076 2968 1127 κᾶν
2997 1094 3129 1136 τινες
3156 1071 3622 1136 σκανδαλίζωνται.

637 1191 823 1248 quam
854 1172 1210 1230 scandalum
1264 1172 1575 1246 patiuntur
1601 1169 1894 1227 nonnulli.

564 1269 669 1321 229
688 1268 777 1320 Au
793 1268 1067 1335 oporteat
1083 1262 1298 1318 vetitas
1324 1261 1589 1317 actiones
1615 1260 1763 1317 citra
1782 1257 2176 1316 verecundia:

2334 1253 2445 1308 σκθ¹
2465 1254 2526 1308 Εἰ
2552 1258 2663 1326 χρὴ
2687 1256 2779 1317 τὰς
2818 1252 3243 1329 ἀπηγορωμένας
3267 1254 3478 1329 πράξεις
3504 1252 3880 1327 ἀνιπαισχυντό-

636 1350 922 1408 omnibus
950 1349 1279 1422 publicare,
1311 1354 1414 1406 aut
1454 1348 1757 1422 aliquibus
1786 1347 2108 1412 duntaxat,
2158 1351 2218 1405 et

2400 1364 2543 1420 τερον
2566 1343 2884 1420 ἐξαγορεύειν
2912 1350 3095 1412 πᾶσιν,
3121 1345 3150 1403 ἡ
3182 1349 3317 1413 τισὶ,
3349 1350 3439 1399 καὶ
3468 1350 3629 1408 ποίοις
3660 1349 3850 1416 τούτοις,

637 1440 890 1513 quinam
923 1438 982 1495 hi
1009 1439 1149 1495 sint.

562 1534 667 1587 230
693 1528 848 1595 Quid
868 1533 925 1585 et
950 1528 1166 1594 cultus,
1198 1532 1255 1585 et
1283 1527 1421 1602 quis
1448 1533 1538 1584 est
1565 1527 1875 1584 rationalis
1925 1527 2121 1584 cultus
2146 1530 2174 1564 9‘

2180 1529 2216 1584 τ,
2331 1521 2404 1577 σλ’
2432 1528 2495 1576 Τί
2515 1520 2629 1575 ἐστι
2652 1520 2885 1594 λατρεία,
2916 1526 3007 1575 καὶ
3035 1526 3108 1583 τίς
3137 1520 3279 1576 ἐστιν
3309 1525 3339 1582 ἡ
3372 1522 3555 1595 λογική
3581 1522 3792 1597 λατριία.

564 1625 661 1675 231
700 1620 755 1675 Si
786 1618 966 1675 frater
989 1617 1196 1690 inique
1217 1634 1280 1673 se
1305 1622 1474 1688 gerat
1501 1617 1561 1673 in
1595 1633 1713 1687 me,
1746 1622 1803 1674 et
1827 1616 2111 1673 inimicus
2145 1634 2172 1672 ς

2331 1612 2440 1666 σλα’
2467 1612 2586 1665 Ἐὰν
2615 1608 2830 1684 ἀδελφὸς
2868 1616 3217 1687 πονηριύηται
3261 1613 3329 1673 εἰς
3376 1612 3463 1686 ἐμὰ
3485 1654 3500 1681 ,
3527 1618 3616 1667 καὶ
3667 1612 3880 1688 ἐχθραίνῃ

635 1707 803 1775 mibi,
863 1711 966 1763 aut
995 1706 1326 1780 aliquando
1355 1706 1537 1763 etiam
1569 1706 1878 1772 sacerdos,
1912 1722 1991 1763 an
2040 1706 2220 1763 liceat

2268 1713 2293 1767 3
2399 1721 2509 1775 μοι,
2534 1702 2564 1760 ἡ
2592 1699 2750 1754 ἐνίοτε
2779 1706 2870 1755 καὶ
2903 1704 3079 1776 ἱερεὺς,
3106 1702 3151 1755 si
3177 1703 3346 1766 ἔξεστί
3371 1722 3465 1775 μοι
3498 1706 3589 1765 τὰς
3636 1699 3880 1776 δεδομένας

633 1796 783 1853 mihi
805 1796 951 1852 data
978 1796 1054 1853 de
1082 1795 1341 1852 inimicis
1389 1801 1690 1870 praecepta
1747 1796 1931 1853 etiam
1980 1811 2123 1867 erga
2155 1796 2221 1853 il-

2155 1796 2221 1853 il.
2398 1796 2518 1866 περὶ⁵
2556 1789 2761 1867 ἐχθρῶν
2786 1788 2992 1852 ἐντολὰς
3027 1795 3119 1844 καὶ⁵
3143 1790 3221 1845 ἐπ’
3260 1791 3425 1845 αὐτοῦ
3451 1791 3737 1866 φυλάσσω.

633 1888 761 1943 lum
791 1902 1055 1943 servare.

564 1980 668 2033 232
698 1976 754 2033 Si
775 1975 912 2049 quis
943 1975 1021 2031 ab
1043 1976 1248 2048 aliquo
1276 1975 1499 2047 injuria
1515 1974 1764 2032 affectus
1789 1976 2016 2032 nemini
2034 1976 2176 2050 41(

2331 1968 2449 2044 σλβ’
2467 1969 2581 2024 Ἐάν
2606 1989 2685 2031 τις
2713 1966 2984 2033 eamea;
3013 1971 3114 2023 ὑπό
3139 1989 3275 2032 τινος
3301 1968 3497 2044 μηδενὶ
3521 1970 3758 2030 amomi
3776 1970 3882 2043 λόγῳ

634 2065 695 2121 id
725 2066 959 2132 referat,
1013 2064 1272 2121 lenitatis
1299 2069 1356 2121 et
1407 2066 1708 2138 patientia:
1763 2081 1969 2135 causa,
2016 2074 2072 2122 et
2100 2070 2218 2123 Deo

2398 2061 2765 2134 μακροθυμίας
2787 2058 2878 2112 καί
2906 2058 3251 2126 ἀνεξικακίας,
3281 2057 3416 2135 δόξῃ
3458 2058 3518 2115 δε
3546 2070 3618 2134 τῷ
3638 2068 3741 2133 Θεῷ
3784 2060 3885 2112 am.

630 2152 927 2225 judicium
943 2152 1279 2227 relinquere
1296 2152 1591 2222 videatur,
1623 2170 1702 2210 an
1732 2154 2070 2212 secundum
2105 2158 2217 2212 Do-

1941 2154 2070 2212 ium
2105 2158 2217 2212 Do.
2400 2145 2614 2203 διδόναι
2640 2152 2699 2202 τὸ
2728 2156 2914 2223 κρῖμα,
2944 2149 2987 2203 εἰ
3006 2152 3145 2202 κατὰ
3174 2153 3366 2223 Κύριον
3398 2159 3553 2208 ποιεῖ.

636 2243 867 2300 minam
901 2242 1100 2299 faciat.

562 2334 666 2386 233
699 2332 780 2384 Ex
809 2330 1096 2386 omnibus
1121 2335 1280 2387 recte
1306 2331 1478 2387 factis
1509 2332 1558 2388 si
1586 2332 1681 2388 vel
1712 2349 1902 2390 unum
1924 2334 2085 2390 desit
2108 2334 2174 2391 ali

2329 2326 2439 2400 σλγ¹
2468 2329 2553 2382 Ἐκ
2583 2328 2785 2381 πάντων
2809 2335 2910 2380 τῶν
2936 2330 3354 2403 κατορθωμάτων
3403 2329 3487 2384 ἐὰν
3526 2331 3574 2385 ἐν
3609 2330 3743 2404 λείπῃ
3781 2334 3877 2395 τινὶ,

632 2418 749 2484 cui,
782 2421 985 2473 utrum
1014 2423 1335 2490 propterea
1377 2419 1634 2476 salutem
1665 2436 1790 2477 non
1820 2422 2213 2494 adipiscatur.

1503 2425 1634 2476 item
1665 2436 1790 2477 non
1820 2422 2213 2494 adipiscatur.
2398 2416 2445 2470 εἰ
2476 2413 2568 2470 διὰ
2603 2423 2756 2470 τοῦτο
2782 2416 2841 2469 οὐ
2868 2416 3115 2478 σώζεται.

557 2510 661 2563 234
691 2505 1008 2573 Quomodo
1040 2507 1177 2579 quis
1212 2511 1464 2563 mortem
1501 2509 1738 2564 Domini
1768 2511 2169 2568 annuntiabit.

2136 2517 2174 2568 ι,
2329 2502 2442 2559 σλδ¹
2473 2512 2589 2568 Πῶς
2618 2509 2705 2559 τὸν
2734 2508 2950 2559 θάνατόν
2980 2526 3056 2568 τις
3084 2515 3175 2560 τοῦ
3209 2514 3410 2584 Κυρίου
3435 2510 3743 2583 καταγγιλιῑ.

556 2600 662 2653 235
688 2601 777 2652 An
796 2594 1078 2668 expediat
1102 2594 1292 2652 multa
1316 2611 1389 2651 ex
1417 2596 1737 2669 Seripturis
1769 2599 2056 2655 ediscere.

2328 2594 2425 2648 σλί
2451 2595 2514 2647 Εἰ
2541 2601 2790 2670 συμφέρει
2810 2595 2978 2649 πολλά
2995 2594 3328 2670 ἐκμανθάνειν
3356 2604 3507 2675 παρά
3532 2609 3631 2653 τῶν
3654 2606 3851 2675 Γραφών.

561 2688 663 2740 236
694 2686 799 2750 Qui
823 2683 990 2753 digni
1038 2683 1227 2739 habiti
1279 2688 1441 2750 sunt,
1491 2690 1555 2741 ut
1608 2686 1898 2744 discerint
1947 2694 2173 2761 quatuo

2330 2683 2443 2748 σλς·’
2470 2683 2626 2737 Ὀσοι
2656 2685 3062 2749 κατηξιώθησαν
3091 2690 3157 2739 τὰ
3180 2692 3422 2764 τέσσαρα
3460 2690 3737 2763 Εὐαγγέλια
3758 2688 3882 2761 ἐκμα-

629 2771 973 2841 Evangelia,
1016 2772 1330 2844 quomodo
1379 2772 1540 2830 hanc
1591 2775 1851 2845 gratiam
1905 2778 2212 2852 suscipere

1979 2778 2212 2852 scipere
2400 2774 2523 2842 θιίν,
2556 2782 2668 2853 πῴς
2696 2774 2963 2847 ὀφείλουσι
2991 2780 3085 2835 τὴν
3113 2778 3277 2852 χάριν
3307 2774 3591 2843 δέξασθαι.

629 2858 910 2915 debeant.

558 2951 661 3005 237
687 2947 946 3015 Quinam
974 2949 1215 3007 animus
1256 2949 1532 3023 dirigitur
1559 2953 1639 3010 ad
1670 2953 1769 3011 Dei
1819 2955 2170 3015 voluntaten

2329 2953 2438 3014 σλζ
2477 2957 2694 3012 Ποτειπή
2739 2951 2896 3026 ψυχὴ
2928 2956 3296 3010 κατιυθύνιται
3335 2963 3473 3033 πρὸς
3510 2963 3570 3013 τὸ
3613 2959 3790 3033 θέλημα
3812 2961 3884 3009 τοῦ

2248 3061 2289 3118 C
2402 3051 2556 3098 Θεοῦ.

554 3133 661 3186 238
692 3129 973 3204 Nunquid
1019 3130 1148 3187 ﬁeri
1186 3132 1395 3206 possit,
1429 3137 1497 3190 ut
1545 3134 1684 3207 quis
1712 3135 1841 3192 sine
1867 3135 1989 3193 ulla
2041 3135 2163 3194 inte

2327 3132 2437 3192 σλιί
2468 3133 2528 3185 Εἰ
2554 3128 2777 3186 δυνατόν
2808 3130 2920 3186 ἐστι
2945 3136 3006 3186 τό
3036 3131 3389 3202 ἀδιαλείπτως
3410 3140 3638 3211 ψάλλειν,
3679 3139 3705 3198 ἡ
3743 3136 3886 3208 ἀναγι-

624 3219 913 3276 missione
936 3220 1178 3292 psallat,
1233 3221 1490 3292 legatve,
1532 3229 1639 3279 aut
1677 3224 1835 3281 seria
1896 3230 2110 3283 tractet
2139 3227 2217 3285 de

2393 3229 2631 3288 νὼσκειν,
2667 3223 2697 3281 ἠ
2725 3219 3261 3298 σπουδαιολογεωθαι
3288 3232 3413 3302 πιρὶ
3440 3239 3541 3283 τῶν
3563 3230 3790 3304 ῥημάτων
3814 3232 3886 3279 τοῦ

630 3307 734 3365 Dei
752 3308 968 3379 verbis,
1002 3324 1112 3366 nec
1130 3309 1317 3367 ullum
1338 3313 1626 3385 temporis
1648 3313 1912 3385 spatium
1942 3315 2215 3373 medium

2393 3319 2549 3379 Θεοῦ,
2581 3317 2672 3365 καὶ
2703 3308 2982 3387 διάστημα
3017 3319 3091 3387 μὴ
3131 3319 3375 3387 γίνεσθαι
3406 3319 3648 3387 καθόλου,
3687 3315 3771 3371 διὰ
3812 3319 3886 3372 τὶν

629 3396 821 3463 detur,
841 3412 982 3454 cum
1007 3414 1127 3454 usu
1150 3398 1366 3469 veniat,
1396 3406 1460 3456 ut
1481 3401 1755 3458 nonnulli
1775 3402 2214 3461 sordidioribus

2393 3400 2872 3474 ἐπισυμϐαίνουσάν
2893 3422 3033 3457 τισιν
3059 3402 3291 3478 ἀνάγκην
3315 3416 3420 3461 τῶν
3443 3411 3799 3485 ῥυπαρωτέρων
3812 3410 3885 3459 τοῦ

627 3486 895 3559 corporis
922 3488 1383 3549 necessitatibus
1408 3495 1709 3560 cogantur
1739 3491 2111 3549 satisfacere.

1271 3489 1383 3545 bus
1408 3495 1709 3560 cogantur
1739 3491 2111 3549 satisfacere.
2396 3495 2637 3563 σώμανος
2667 3498 2883 3565 χρειῶν.

560 3579 666 3633 239
696 3575 837 3641 Quis
863 3575 941 3632 sit
964 3574 1162 3633 bonus
1192 3578 1535 3646 thesaurus,
1566 3583 1625 3636 et
1651 3580 1791 3653 quis
1820 3581 2042 3640 malus.

2324 3577 2432 3632 σλθ’
2460 3584 2552 3642 Τίς
2575 3581 2602 3632 6
2632 3581 2900 3657 θησαυρός
2927 3584 2954 3635 6
2974 3582 3192 3655 ἀγαθός,
3225 3591 3316 3639 καὶ
3339 3593 3428 3650 τίς
3458 3591 3484 3642 6
3509 3592 3744 3663 πονηρός.

558 3666 1093 3755 24ΟᾼΟιιειιηοὺῗινεηι
1136 3668 1290 3725 dicta
1320 3668 1396 3724 sit
1446 3668 1570 3725 lata
1600 3675 1799 3741 porta,
1854 3675 1912 3727 et
1943 3672 2170 3745 spatios

2324 3666 2408 3741 σμ’
2436 3671 2585 3722 Κατὰ
2611 3674 2663 3722 τί
2687 3668 2906 3723 πλατεῖα
2929 3674 2958 3730 ἡ
2984 3672 3119 3733 πύλη
3145 3679 3234 3727 καὶ
3261 3675 3565 3755 εὐρύχωρος
3589 3681 3620 3738 ἠ
3647 3674 3757 3738 όδός
3775 3679 3889 3750 εἰρκ-

630 3753 748 3824 via,
772 3770 910 3827 quas
937 3754 1102 3813 ducit
1122 3756 1204 3813 ad
1232 3756 1619 3813 interitum".

2392 3776 2480 3810 ται
2508 3760 2539 3817 ἠ
2574 3756 2856 3832 ἀπάγουσα
2895 3761 2963 3822 εἰς
2991 3760 3269 3819 ἀπώλειαν.

561 3845 660 3899 241
695 3842 1009 3909 Quomodo
1030 3849 1293 3914 angusta
1340 3844 1417 3899 sit
1437 3850 1633 3916 porta,
1656 3850 1714 3902 et
1743 3851 1908 3904 arcta
1928 3849 2044 3916 via,
2076 3866 2173 3923 qua

2326 3848 2446 3922 σμα’
2478 3856 2591 3911 Πῶς
2621 3856 2768 3911 στενή
2801 3854 2831 3910 ἠ
2860 3851 2996 3911 πύλη
3019 3858 3109 3906 καὶ
3139 3855 3453 3929 τεθλιμμένη
3488 3860 3519 3917 ἡ
3549 3856 3667 3920 όδός
3704 3860 3732 3917 ἡ
3773 3855 3888 3909 ἀπά-

630 3930 796 4020 ducit
824 3931 902 3988 ad
932 3931 1133 4004 vitam,
1158 3938 1217 3990 et
1240 3932 1554 4006 quomodo
1593 3937 1733 4007 quis
1760 3951 1871 4008 per
1898 3936 2099 4010 ipsam
2122 3938 2213 3995 in-

2392 3958 2565 4011 γουσα
2595 3942 2661 4002 εἰς
2689 3945 2784 4000 τὴν
2816 3941 2977 4010 ζωὴν,
3005 3948 3096 3996 καὶ
3143 3953 3249 4007 πῶς
3300 3942 3376 3999 δι’
3428 3948 3593 4012 αὐτῆς
3635 3968 3706 4009 τις
3757 3946 3890 4020 tisip-

632 4019 1019 4089 grediatur”.

963 4023 993 4057 ’θ
1004 4063 1019 4078 .
2395 4047 2575 4100 χιται.

558 4112 663 4164 242
686 4108 829 4176 Quis
852 4109 926 4167 sit
950 4110 1136 4168 illud:
1165 4112 1467 4169 Fraterno
1500 4127 1721 4181 amore,
1756 4113 1838 4171 ad
1870 4130 1972 4172 vos
2000 4123 2170 4174 mutu

2325 4116 2453 4191 σμβ¹
2480 4122 2545 4172 Τί
2564 4116 2677 4172 ἐστι
2704 4123 2783 4189 τὸ,
2832 4128 2906 4195 Τῇ
2941 4120 3252 4199 φιλαδελφίᾳ
3281 4125 3354 4191 εἰς
3383 4126 3633 4191 ἀλλήλους
3660 4126 3892 4201 φιλόστορ-

629 4198 965 4267 ditigendos
983 4201 1169 4269 proni
1176 4204 1213 4255 ί.

892 4199 965 4256 los
983 4201 1169 4269 proni
1176 4204 1213 4255 ί.
2392 4226 2504 4279 γοι.

560 4286 662 4342 243
690 4287 831 4352 Quis
876 4287 991 4344 sibi
1033 4288 1167 4346 velit
1194 4290 1541 4362 Apostolus,
1572 4308 1713 4348 cum
1767 4292 1918 4351 dixit
1977 4298 2168 4354 :lrasc

2326 4295 2446 4369 σμγ’
2475 4301 2539 4350 Τί
2569 4295 2813 4369 βούλεται
2841 4299 3002 4372 λέγων
3030 4302 3056 4354 6
3090 4302 3406 4370 Ἀπόστολος
3431 4329 3445 4342 ·
3505 4307 3796 4381 Ὀργίζεσθι
3818 4305 3892 4354 καὶ

630 4376 847 4432 miniet
878 4378 1065 4434 nolite
1106 4394 1359 4448 peccare
1394 4381 1536 4451 ;sed
1588 4398 1706 4438 non
1751 4384 1987 4440 occidat
2035 4402 2215 4457 super

2281 4416 2294 4466 ι
2393 4391 2465 4459 μὴ
2495 4387 2809 4463 ἁμαρτάνετε
2834 4410 2845 4423 ·
2880 4392 2906 4442 6
2933 4391 3073 4453 ἣλιος
3096 4398 3167 4466 μὴ
3198 4392 3460 4451 ἐπιδυέτω
3496 4398 3578 4453 ἐπὶ
3623 4406 3693 4470 τῷ
3726 4412 3893 4468 παρορ-

624 4464 1049 4522 iramveslram
1078 4469 1099 4502 ⁸
1128 4484 1141 4522 z
1171 4484 1242 4524 ac
1271 4469 1452 4526 etiam
1501 4486 1643 4528 cum
1672 4471 1815 4528 alibi
1847 4472 1996 4530 dixit
2025 4491 2040 4531 :
2086 4477 2218 4534 0m-

2392 4474 2574 4549 γίσμῷ
2604 4480 2745 4551 ὑμῶν
2767 4500 2782 4513 θ
2814 4485 3047 4554 καίτοιγε
3069 4480 3303 4556 ἀλλαχοῦ
3331 4487 3487 4540 εἰπών
3506 4510 3520 4524 ·
3550 4495 3712 4542 Πᾶσα
3730 4487 3892 4559 πικρία

629 4566 742 4695 msb
757 4555 1132 4674 .agnaritudo,
1159 4561 1216 4613 el
1244 4557 1603 4631 indignatio,
1651 4566 1708 4617 et
1736 4562 1831 4618 ira
1863 4563 2127 4622 tollatur
2176 4583 2214 4624 ιι

631 4655 705 4696 vo
748 4655 797 4696 is
843 4682 856 4696 .

1933 4563 2127 4622 ιιαιω·
2176 4583 2214 4624 ιι
2395 4570 2486 4618 καὶ
2517 4568 2699 4641 θυμὸς,
2731 4573 2821 4622 καὶ
2850 4569 2980 4646 ὀργή
3013 4570 3220 4647 ἀρθήτω
3253 4573 3338 4649 ἀφ’
3380 4579 3545 4651 ὑμῶν.

557 4729 663 4785 244
689 4729 846 4796 Quid
877 4728 953 4788 sit
973 4730 1122 4835 illud
1153 4750 1167 4788 :
1200 4734 1354 4791 Date
1375 4735 1571 4792 locum
1596 4739 1705 4794 ira?
1724 4739 1770 4794 ⁸.

1782 4827 1793 4835 _
1910 4828 1924 4835 _
2096 4832 2106 4835 Α
2326 4747 2451 4824 σμδ’
2475 4756 2538 4805 Τί
2564 4750 2677 4806 ἐστι
2697 4756 2775 4818 τὸ,
2810 4758 2929 4809 Δότε
2953 4762 3110 4812 τόπον
3141 4769 3203 4833 τῇ
3233 4761 3388 4835 ὀργῇ,

557 4822 659 4875 245
692 4819 943 4929 ῼιιίειεὶῑ
966 4818 1235 4894 prudens
1265 4827 1328 4879 ut
1348 4839 1624 4898 serpens,
1661 4831 1719 4884 et
1747 4827 2005 4902 simplex
2059 4832 2169 4890 sict

2361 4815 2371 4824 .
2761 4815 2769 4818 τ
3177 4815 3199 4833 ,-
3261 4815 3271 4838 ,
3301 4815 3318 4835 ,

2326 4838 2434 4913 σμε’
2459 4845 2551 4902 Τίς
2576 4840 2716 4895 ἐστιν
2746 4842 2773 4895 6
2803 4849 3044 4921 φρόνιμος
3073 4850 3139 4911 ὡς
3168 4852 3194 4903 6
3223 4855 3357 4925 ὄφις,
3401 4859 3493 4908 καὶ
3534 4849 3886 4929 ἀκέραιοςὼςὴ

630 4908 937 4967 columba.

1301 5001 1318 5007 _
2392 4934 2703 5007 περιστερά.

555 5002 660 5055 246
690 4999 843 5066 Quid
864 4999 1156 5073 signiﬁcet
1176 5000 1324 5060 illud
1349 5003 1661 5061 :Cltaritas
1691 5022 1811 5063 non
1832 5007 2110 5070 indecore
2138 5028 2167 5069 ι

630 5089 848 5160 gerit“.

1910 5007 2110 5070 iecore
2138 5028 2203 5071 se
2327 5018 2450 5093 σμς’
2474 5025 2538 5073 Τί
2575 5019 2716 5075 ἐστιν
2738 5044 2751 5058 ·
2791 5023 2849 5078 Ἦ
2883 5023 3056 5098 ἀγάπη
3082 5029 3175 5083 οὐκ
3206 5030 3522 5109 ἀσχημονεῖ.

627 5390 872 5491 "Eam:
899 5405 1005 5491 xii,
1036 5396 1082 5448 ί.
1156 5394 1204 5428 ’⁸
1228 5396 1404 5453 Marc.
1427 5411 1529 5469 vu,
1562 5403 1646 5456 13.
1723 5404 1771 5438 9’
1797 5401 1942 5460 ibid.
1980 5407 2062 5461 14.
2145 5408 2239 5464 ¹Βι

2264 5424 2355 5467 ιω.
2387 5423 2489 5483 xu,
2524 5413 2610 5471 to.
2685 5416 2708 5451 ³
2735 5415 2952 5490 Ephes.
3002 5433 3085 5491 ιν,
3113 5424 3204 5481 26.
3283 5425 3306 5461 ⁸
3330 5423 3475 5483 ibid.
3508 5429 3595 5483 31.
3672 5426 3693 5461 ⁸
3718 5423 3876 5479 Rom.

556 5490 660 5550 xu,
689 5480 769 5533 t9.
845 5478 867 5512 ⁸
899 5479 1079 5538 lCor.
1118 5498 1263 5553 xm,
1307 5489 1361 5542 5.
