4082 6178
218 273 358 330 1073
1278 275 1705 334 ΒΕϐυιιΑΒυΜ
1747 279 1814 334 BP

1959 280 2150 336 ORUM
2190 276 2541 335 CAPITULA
3436 285 3570 339 107ιῦ

215 397 345 471 σμξ
372 403 437 451 Ti
467 397 609 451 ἱστιν
652 400 684 458 ἡ
736 397 786 452 ἂν
826 404 1000 474 Κυρίῳ
1047 404 1339 474 καύχησις,
1389 406 1478 455 καὶ
1520 406 1596 463 τίς
1634 404 1664 461 ἡ
1704 400 1809 456 ἀπ·-

1959 406 2022 459 47
2062 405 2203 469 Quae
2235 402 2311 459 sit
2339 400 2612 474 gloriatio
2659 401 2719 458 in
2764 404 3071 475 Domino‘,
3103 408 3162 461 et
3196 419 3333 478 quae
3366 406 3440 463 sit
3485 406 3572 462 in-

285 492 627 563 ηγορευμένη.

214 575 338 649 qui
390 576 449 628 Εἰ
498 581 687 652 Κύριος
756 574 956 632 δίδωσι
996 584 1201 653 σοιρίαν,
1248 585 1340 634 καὶ
1386 578 1488 633 ἀπὸ
1525 588 1809 655 προσώπου

288 665 452 719 αὑτοῦ
534 675 732 738 γνῶσις
802 674 893 721 καὶ
976 672 1204 732 σύνεσις·
1273 675 1362 723 καὶ
1437 670 1479 723 εἰ
1552 666 1646 723 διὰ
1717 678 1809 723 τοῦ

290 759 590 829 Πνεύματος
746 761 838 831 μεν
904 755 1119 811 δίδοται
1181 758 1333 832 λόγος
1401 764 1608 832 σοφίας,
1672 759 1809 832 illus

282 842 347 898 δέ
396 844 550 917 λόγος
596 851 857 918 γνώσεως,
908 856 1016 910 πῶς
1069 847 1276 920 ὶγπιαλεῖ
1313 856 1419 910 τοῖς
1470 851 1731 922 μαθηταῖς
1783 851 1808 901 6

284 939 482 1012 Κύριος
546 937 647 1002 ὅτι,
718 936 916 1010 Ἀκμὴν
988 942 1079 990 καὶ
1148 940 1289 1011 ὑμεῖς
1355 937 1594 992 ἀσύνετοί
1668 939 1804 992 ἕστε·

280 1029 375 1078 καὶ
417 1024 445 1077 6
476 1022 793 1088 Ἀπόστολος
832 1026 1065 1079 αἰτιᾶταί
1105 1047 1248 1090 τινας
1290 1031 1357 1090 ὡς
1407 1026 1698 1089 ἀσυνέτους.

206 1205 315 1278 σμθ
356 1209 423 1258 Ti
466 1202 578 1257 ἔστι
614 1208 674 1257 τό
704 1206 868 1277 ὅσιον,
899 1211 990 1259 καὶ
1029 1211 1082 1260 τί
1120 1206 1233 1261 ἔστι
1270 1210 1329 1260 τό
1361 1205 1589 1262 δίκαιον.

206 1292 281 1346 σν’
321 1300 444 1356 Πῶς
494 1289 696 1346 δίδωσί
734 1314 810 1355 τις
850 1314 909 1347 το
965 1296 1114 1369 ἅγιον
1153 1293 1262 1358 τοῖς
1314 1302 1489 1365 κυσὶν,
1541 1296 1570 1354 ἦ
1627 1294 1807 1369 βάλλει

271 1387 396 1443 τοὺς
442 1388 777 1457 μαργαρίτας
830 1386 1118 1459 ἲμπροσθεν
1177 1393 1278 1437 τῶν
1334 1391 1555 1461 χοίρων⁸
1615 1386 1645 1444 ἦ
1697 1393 1807 1446 πῶς

279 1471 560 1544 συμϐαίνει
628 1476 685 1524 τὸ
751 1470 1108 1548 ἐπιφερόμενον
1146 1494 1160 1508 ·
1225 1479 1441 1533 Μήποτε
1503 1479 1804 1531 καταπατήο

276 1579 445 1613 σωσιν
499 1560 688 1624 αὐτοὺς
734 1568 844 1625 τοῖς
899 1568 1056 1616 ποσὶν
1106 1562 1295 1631 αὐτῶν,
1355 1568 1444 1616 καὶ
1500 1568 1807 1637 στραφέντες

272 1650 511 1724 ῥήξωσιν
550 1651 704 1723 ὑμᾶς.

1986 492 2251 549 terdicta.

1917 585 2022 637 248
2061 580 2125 636 Si
2166 580 2454 636 Dominus
2492 579 2596 635 dat
2627 579 3010 654 sapientiam,
3038 585 3095 636 et
3121 598 3158 636 a
3188 582 3337 639 facie
3381 583 3572 656 ipsius

1987 671 2218 726 oriatur
2247 670 2511 740 cognitio
2541 676 2598 725 ct
2625 669 2985 742 prudentia:
3016 670 3156 725 item
3189 672 3238 725 si
3271 688 3377 743 per
3395 674 3569 746 Spiri-

1989 765 2116 816 tum
2149 759 2247 816 alii
2278 760 2455 815 datur
2486 775 2684 815 sermo
2710 759 3037 831 sapientiae,
3072 758 3172 814 alii
3197 775 3340 815 vero
3369 778 3569 819 sermo

1987 849 2586 919 scientiae,quomodo
2604 848 2926 921 exprobrat
2949 849 3236 904 Dominus
3256 848 3568 922 discipulis

1988 938 2168 996 illud:
2212 939 2430 994 Adhic
2459 944 2513 995 et
2537 954 2635 994 vos
2673 939 2802 994 sine
2822 938 3229 1008 intelligentia
3265 939 3474 994 estis":
3513 946 3571 997 et

1986 1044 2108 1101 qua
2136 1028 2365 1084 ratione
2407 1026 2728 1099 Apostolus
2774 1025 3074 1098 quosdam
3124 1031 3366 1083 accuset
3407 1027 3572 1085 velut

1986 1117 2423 1190 imprudentes.

1914 1212 2019 1264 249
2061 1207 2216 1273 Quid
2242 1207 2316 1262 sit
2346 1211 2645 1274 sanctum,
2670 1210 2727 1262 et
2754 1206 2902 1279 quid
2943 1206 3287 1277 sitjustum.

1915 1302 2020 1353 250
2062 1296 2379 1363 Quomodo
2410 1297 2510 1353 det
2536 1298 2674 1369 quis
2695 1301 2973 1352 sanctum
3005 1294 3279 1361 canibus,
3312 1300 3415 1352 aut
3441 1311 3570 1367 pro-

1980 1386 2149 1457 jiciat
2212 1384 2571 1455 margaritas
2612 1391 2749 1441 ante
2787 1400 3046 1457 porcos:
3100 1388 3205 1440 aut
3255 1378 3568 1462 quemado

1984 1474 2295 1544 contingat
2322 1473 2488 1546 quod
2508 1474 2814 1546 sequitur:
2856 1473 3188 1544 Nequando
3217 1474 3569 1529 conculcent

1985 1579 2084 1621 eas
2107 1553 2359 1633 pedibus
2384 1564 2530 1631 suis,
2554 1569 2608 1619 et
2632 1564 2908 1619 conversi
2928 1563 3311 1632 disrumpunt
3334 1577 3432 1618 vos
3450 1563 3493 1617 ³.

206 1739 312 1791 σνοί
370 1746 492 1801 Πῶς
554 1742 679 1792 ποτε
733 1743 823 1813 μὶν
891 1739 1202 1816 ἀπαγορεύει
1261 1743 1288 1794 ό
1346 1745 1536 1816 Κύριος
1604 1740 1807 1816 βαστά-

1959 1747 2010 1799 51
2058 1740 2377 1808 Quomodo
2427 1740 2717 1797 Dominus
2752 1740 3057 1797 interdum
3103 1739 3422 1812 prohibeat
3467 1754 3565 1810 ge-

274 1829 385 1889 ζειν
457 1828 738 1902 βαλάντιον
807 1835 898 1884 καὶ
960 1838 1133 1908 πήραν
1206 1833 1277 1893 εἰς
1338 1829 1483 1901 ὀδόν,
1559 1837 1681 1886 ποτε
1747 1829 1807 1885 δε

270 1916 431 1989 λέγει·
489 1918 645 1971 Ἀλλὰ
694 1927 782 1971 νῦν
822 1922 847 1972 6
895 1924 1032 1993 ἔχων
1082 1920 1359 1994 βαλάντιον
1407 1921 1582 1999 ἀράτω
1620 1925 1807 1997 ὁμοίως

273 2011 367 2059 καὶ
412 2011 606 2081 πήραν·
647 2013 739 2061 καὶ
789 2010 815 2060 6
865 2014 937 2082 μὴ
980 2012 1117 2082 ἔχων
1163 2011 1459 2070 πωλησάτω
1498 2015 1559 2065 τό
1602 2014 1805 2085 ἱμάτιον

279 2097 467 2164 αὑτοῦ,
500 2101 590 2150 καὶ
622 2096 934 2171 ἁγορασάτῶ
972 2101 1271 2173 μάχαιραν.

206 2184 323 2257 σνβ’
387 2191 482 2248 Τίς
547 2185 689 2239 ἔστιν
757 2188 784 2239 6
849 2189 1007 2262 ἄρτος
1071 2190 1098 2240 6
1164 2188 1448 2259 ἑπιούσιος,
1517 2190 1571 2243 ὃν
1655 2187 1807 2245 δίδο-

290 2276 414 2329 σθαι
468 2278 596 2350 ἡμῖν
653 2276 769 2330 καθ’
812 2278 1009 2352 ἡμέραν
1051 2282 1449 2353 προσεύχεσθαι
1496 2278 1806 2354 ὶδιδάχθηο

274 2389 388 2445 μεν.

203 2459 316 2532 σνγ’
370 2462 436 2512 Τί
475 2455 591 2510 ἔστι
628 2459 688 2509 τό
718 2455 986 2525 τάλαντον,
1016 2462 1106 2510 καὶ
1135 2465 1244 2519 πῶς
1281 2458 1409 2512 αὖτό
1439 2457 1805 2512 πολυπλασιά-

277 2566 455 2622 σομεν.

203 2635 316 2692 ad”
359 2642 425 2690 Ti
475 2635 616 2689 ἔστιν
658 2636 690 2694 ἡ
720 2635 974 2711 τράπεζα,
1008 2634 1083 2709 ἐφ’
1204 2632 1310 2689 ἔδει
1342 2655 1418 2704 σε,
1453 2642 1614 2710 φησὶν
1643 2638 1672 2689 ό
1701 2639 1807 2692 Κύ-

274 2747 409 2805 ριος,
440 2725 618 2801 βαλεῖν
646 2729 706 2779 τό
733 2724 1003 2802 ἀργύριον.

207 2826 308 2871 σνς’
362 2824 470 2870 Ποῦ
517 2814 753 2869 ἀπελθεῖν
800 2817 1141 2889 προσετάχθη
1186 2818 1213 2869 6
1251 2815 1498 2887 ἀκούσας,
1551 2817 1708 2892 ’Δρον
1748 2821 1805 2871 τὸ

280 2910 395 2975 σὸν,
445 2910 535 2959 καὶ
564 2906 750 2977 ὕπαγε.

208 2996 325 3062 σνς’
379 3001 467 3058 Τίς
524 2994 669 3049 ἔστιν
708 2996 735 3048 6
786 2998 976 3069 μισθός
1031 2996 1087 3049 ὃν
1142 2996 1469 3072 λαμϐάνουσι
1540 3003 1631 3051 καὶ
1660 2999 1805 3051 οὗτοι

281 3088 480 3160 ὁμοίως
506 3092 616 3147 τοῖς
641 3082 913 3157 ἇσχάτοις.

210 3176 322 3238 σνς’
375 3180 519 3237 Τίνες
574 3174 705 3228 εἰσὶν
751 3177 957 3252 ἄχυρον
1010 3183 1418 3252 κατακαιόμενον
1482 3181 1610 3253 πυρὶ
1657 3174 1807 3230 668i-

285 3284 414 3339 στω.

211 3357 324 3418 σνη⁹
362 3361 456 3418 Τίς
498 3354 639 3409 ἐστιν
690 3356 717 3409 6
768 3355 868 3409 ὐπό
914 3365 1006 3410 τοῦ
1061 3357 1378 3412 ’Λποστόλου
1416 3360 1809 3431 καταγινωσκό-

281 3464 449 3521 μενος,
510 3447 591 3500 ότι
665 3444 836 3500 Θέλων
899 3446 949 3499 ἓν
1013 3451 1455 3524 ταπεινοφροσύνῃ
1522 3452 1613 3501 καὶ
1677 3449 1810 3522 θρη-

287 3558 461 3612 σκεεᾳ,
489 3542 582 3590 καὶ
618 3539 687 3589 τὰ
723 3536 860 3609 ἕξῇς.

213 3633 325 3684 σνθ⁹
355 3633 445 3689 Τίς
470 3626 608 3680 ἔστιν
639 3628 665 3677 6
695 3626 821 3687 ζίων
850 3634 923 3698 τῷ
952 3631 1226 3703 πνεύματι.

217 3718 295 3784 σξ
340 3724 449 3772 Τοῦ
496 3715 819 3771 Ἀποστόλου
867 3715 1104 3789 λέγοντος
1150 3721 1273 3772 ποτε
1319 3722 1428 3793 μὶν,
1486 3723 1571 3779 Μὴ
1610 3721 1816 3791 γίνεσθε

286 3811 527 3884 ἅγρονες·
592 3809 718 3860 ποτε
783 3802 863 3873 δε,
944 3812 1029 3866 Μὴ
1107 3810 1313 3880 γίνεσθε
1379 3814 1616 3884 φρόνιμοι
1690 3809 1814 3883 παρ’

288 3900 518 3959 ἑαυτοῖς·
576 3896 620 3950 εἰ
676 3892 902 3949 δυνατόν
947 3900 1020 3970 μὴ
1073 3894 1201 3951 εἶναι
1244 3904 1487 3973 φρόνιμον
1532 3900 1659 3977 παρ’
1696 3899 1816 3953 ἰαυ-

286 3993 365 4059 τῷ
393 3990 483 4040 τόν
510 3991 583 4059 μὴ
616 3987 834 4059 ἄφρονα.

216 4149 334 4215 σξιί
368 4155 489 4210 Πῶς
519 4147 829 4211 αἰτήσαντες
871 4167 989 4201 τινα
1015 4153 1106 4202 καὶ
1138 4148 1284 4203 αὐτοὶ
1320 4152 1371 4203 οἱ
1399 4150 1540 4223 άγιοι
1581 4152 1675 4205 οὐκ
1698 4150 1820 4205 ἕλα-

289 4239 384 4294 6ον
414 4241 560 4312 παρὰ
586 4246 678 4291 τοῦ
706 4243 923 4314 Κυρίου.

218 4328 346 4404 σξβ’
396 4333 492 4390 τίς
534 4326 676 4381 ἔστιν
726 4330 757 4387 ἠ
810 4326 1041 4401 διαφορά
1068 4334 1339 4403 πτωχείας
1373 4335 1466 4383 καὶ
1503 4336 1699 4393 πενίας·
1730 4336 1822 4384 καὶ

296 4427 412 4481 πῶς
468 4417 709 4477 ἀληθεύει
762 4419 788 4471 6
846 4415 1013 4471 Δαεὶδ
1075 4418 1254 4493 λέγων·
1312 4420 1443 4492 Ἐγὼ
1500 4417 1560 4475 δε
1606 4426 1823 4493 πτωχός

296 4508 409 4582 εἰμι
447 4512 539 4560 καὶ
570 4512 744 4569 πίνης.
1753 4514 1761 4533 ‘

224 4597 344 4669 σξγ’
400 4602 466 4650 Τί
512 4596 759 4670 βουλεται
811 4594 1033 4663 διδάξαι
1084 4601 1111 4653 6
1166 4604 1357 4677 Κύριος
1404 4596 1499 4654 διὰ
1538 4609 1638 4653 τῶν
1694 4603 1828 4654 ὑπο-

301 4682 626 4759 δειγμάτων,
694 4688 767 4747 οἷς
826 4685 1052 4763 ἐπιφέρει
1114 4693 1193 4757 τό,
1264 4689 1439 4751 Οὕτως
1495 4690 1584 4743 οὖν
1630 4696 1729 4751 πᾶς
1781 4687 1832 4752 ἑξ

299 4777 470 4848 ὑμῶν,
539 4776 595 4836 ὃς
669 4775 763 4828 οὐκ
838 4776 1197 4832 ἀποτάσσεται
1256 4785 1391 4832 πᾶσι
1464 4788 1571 4843 τοῖς
1648 4779 1832 4834 ἑαυτοῦ

299 4866 668 4938 ὑπάρχουσιν,
710 4864 770 4918 οὐ
801 4861 1024 4920 δύναταί
1061 4887 1163 4941 μου
1204 4865 1334 4921 εἶναι
1361 4870 1619 4943 μαθητής.

224 4952 353 5021 «ξδ’
381 4961 454 5009 Τό
487 4954 751 5030 εἰλικρινὶς
779 4962 832 5009 τί
864 4955 1023 5013 ἑστιν.

230 5045 342 5111 cii
396 5044 457 5099 Εἰ
511 5048 642 5119 πρὸς
692 5049 881 5119 μόνους
935 5052 1051 5109 τοὺς
1108 5050 1261 5122 ἱερεῖς
1312 5053 1518 5124 εἴρηται
1584 5054 1662 5117 τό,
1723 5050 1838 5104 Ἐὰν

304 5137 618 5210 προσῳέρης
675 5140 734 5188 τό
793 5132 959 5212 δῶρόν
1020 5156 1115 5191 σου
1182 5137 1266 5192 ἰπὶ
1325 5143 1383 5191 τό
1439 5141 1839 5212 θυσιαστήριον,

306 5229 402 5278 καὶ
440 5227 509 5278 τὰ
546 5224 679 5287 ἱξῆς.

1987 1839 2144 1889 stare
2175 1831 2484 1887 sacculum
2515 1836 2572 1886 et
2600 1846 2809 1903 peram
2838 1832 2898 1887 in
2929 1831 3046 1899 via,
3082 1830 3387 1886 interdum
3427 1846 3567 1886 vero

1985 1921 2175 1978 dicat-
2201 1922 2320 1978 Sed
2349 1937 2508 1976 nunc
2529 1922 2636 1992 qui
2650 1921 2959 1976 saccutum
2988 1921 3188 1988 habet,
3213 1920 3383 1977 tollat
3406 1920 3566 1975 simi-

1986 2007 2128 2063 liter
2150 2012 2207 2063 et
2230 2020 2461 2075 peram.
2492 2006 2569 2061 Et
2595 2008 2699 2077 qui
2722 2021 2841 2062 non
2869 2005 3067 2069 habet,
3100 2004 3322 2061 vendat
3352 2010 3565 2062 vestem

1982 2112 2177 2165 suam,
2208 2100 2263 2151 et
2290 2101 2445 2150 emat
2475 2094 2804 2163 gladium”.

1912 2190 2016 2241 252
2055 2186 2199 2250 Quis
2220 2184 2299 2239 sit
2320 2184 2495 2256 panis
2511 2183 2927 2256 quotidianus,
2951 2183 3128 2254 cujus
3146 2182 3567 2255 quotidianam

1979 2272 2363 2345 largitionem
2386 2287 2602 2342 rogare
2628 2271 2823 2328 edocti
2850 2287 3084 2328 sumus.

1910 2458 2013 2512 253
2056 2451 2207 2520 Quid
2241 2451 2317 2509 sit
2345 2450 2660 2519 talentum,
2691 2456 2747 2508 et
2777 2451 3088 2525 quomodo
3118 2451 3263 2509 illud
3288 2452 3569 2526 multipli-

1982 2542 2279 2601 cabimus.

1910 2637 2016 2691 25i
2056 2633 2211 2700 Quid
2257 2633 2331 2689 sit
2378 2649 2611 2703 mensa,
2660 2632 2720 2689 in
2765 2649 2952 2706 quam
2997 2631 3316 2705 oportebat
3366 2636 3440 2700 te,
3473 2631 3563 2688 in-

1982 2722 2113 2796 quit
2144 2722 2452 2789 Dominus,
2479 2722 2711 2779 mittere
2736 2721 3078 2794 pecuniam.

1912 2817 2015 2869 255
2058 2814 2187 2878 Quo
2220 2811 2613 2883 abirejussus
2656 2816 2743 2867 est
2784 2811 2889 2883 qui
2917 2810 3164 2880 audivit,
3193 2812 3356 2869 Tolle
3384 2810 3558 2883 41],

1984 2901 2146 2974 quod
2174 2906 2345 2956 tuum
2367 2906 2477 2966 est,
2502 2915 2556 2957 et
2579 2900 2731 2957 vade
2752 2901 2819 2955 ιο.

1910 2991 2016 3046 256
2056 2991 2347 3055 Quaenam
2380 2987 2454 3043 sit
2500 3004 2730 3044 merces
2776 3005 2966 3061 quam
3014 2989 3078 3046 hi
3119 2990 3345 3063 pariter
3382 2993 3566 3062 atque

1986 3077 2180 3135 ultimi
2210 3076 2531 3148 accipiunt.

1914 3172 2017 3225 257
2062 3166 2323 3232 Quinam
2396 3165 2516 3221 sint
2563 3164 2740 3238 palea
2806 3181 2943 3238 quae
3006 3166 3380 3225 comburitur
3432 3167 3570 3238 igne

1984 3256 2343 3314 inexstincto
2366 3258 2430 3311 ¹¹.

1916 3352 2023 3405 258
2064 3346 2358 3413 Quisnam
2381 3346 2454 3401 sit
2474 3345 2578 3419 qui
2606 3344 3049 3401 condemnatur
3070 3345 3149 3401 ab
3172 3345 3457 3419 Apostolo
3476 3346 3572 3402 his

1991 3435 2220 3492 verbis:
2262 3436 2474 3492 Volens
2511 3436 2572 3493 in
2609 3435 2951 3491 humilitate
2968 3441 3023 3491 et
3054 3436 3347 3505 religione
3369 3437 3433 3502 ¹²,
3456 3439 3570 3492 etc.

1921 3621 2025 3674 259
2067 3617 2359 3682 Quisnam
2387 3613 2461 3670 sit
2490 3613 2726 3670 fervens
2753 3612 2966 3687 spiritu
2990 3615 3058 3667 ’³.

1921 3710 2029 3763 260
2068 3709 2217 3762 Cum
2232 3703 2552 3777 Apostolus
2571 3719 2733 3760 nunc
2745 3702 2997 3776 quidem
3012 3703 3201 3760 dicat:
3220 3702 3423 3759 Nolite
3441 3702 3581 3772 ﬁeri

1992 3795 2405 3865 imprudentes
2423 3795 2495 3849 ηε
2517 3810 2678 3849 nunc
2698 3809 2861 3859 vero,
2887 3795 3087 3852 Nolite
3104 3794 3430 3863 prudentes
3457 3808 3580 3849 esse

1995 3885 2163 3956 apud
2192 3885 2654 3953 vosmetipsos",
2688 3900 2766 3940 an
2795 3884 2926 3939 ﬁeri
2957 3885 3171 3955 possit,
3209 3888 3274 3941 ut
3298 3881 3463 3956 apud
3493 3897 3581 3938 se-

1995 3975 2326 4046 metipsum
2365 3971 2632 4044 prudens
2680 3987 2803 4028 non
2851 3972 2926 4029 sit
2976 3973 3026 4028 is
3069 3972 3175 4045 qui
3222 3971 3582 4045 imprudens

1998 4079 2123 4121 non
2154 4068 2261 4120 est.

1928 4159 2027 4211 261
2072 4151 2479 4220 Quamobrem
2504 4150 2613 4222 ipsi
2635 4151 2817 4208 etiam
2835 4152 3029 4208 sancti
3049 4151 3285 4225 aliquas
3312 4167 3406 4207 res
3426 4166 3585 4222 quas

1999 4244 2285 4317 petivere,
2322 4258 2443 4298 non
2476 4242 2854 4313 impetrarim
2887 4257 2923 4297 a
2954 4241 3227 4298 Domino.

1932 4338 2037 4390 262
2076 4332 2232 4399 Quid
2260 4332 2489 4389 intersit
2524 4331 2679 4387 inter
2708 4330 3156 4387 mendicitatem
3186 4334 3244 4387 et
3271 4332 3587 4403 pauperta-

2004 4428 2127 4479 tem
2154 4438 2167 4478 :
2201 4426 2257 4478 et
2284 4419 2597 4495 quomodo
2627 4436 2835 4476 verum
2867 4418 3030 4476 dicat
3059 4419 3417 4486 David,cum
3466 4419 3585 4474 ait:

2007 4513 2139 4584 Ego
2168 4515 2365 4569 autem
2387 4511 2698 4568 mendicus
2717 4524 2847 4566 sum
2880 4516 2933 4567 et
2962 4524 3197 4581 pauper
3219 4511 3285 4564 ίσ.

1937 4607 2043 4660 263
2083 4601 2241 4669 Quid
2263 4601 2390 4657 vult
2416 4600 2632 4657 docere
2668 4600 2958 4657 Dominus
2986 4616 3091 4672 per
3120 4598 3423 4673 exempla,
3458 4595 3592 4670 qui-

2011 4692 2128 4748 bus
2154 4690 2288 4762 subj
2300 4689 2467 4761 ungit
2496 4689 2638 4745 illud
2664 4709 2677 4743 :
2701 4690 2799 4746 Sic
2828 4706 2970 4761 ergo
2996 4691 3187 4746 omnis
3208 4705 3284 4749 ex
3308 4688 3470 4745 vobis
3492 4683 3597 4755 qui

2014 4796 2139 4837 non
2171 4780 2485 4837 renuntiat
2531 4780 2808 4836 omnibus
2858 4777 3026 4836 bonis
3056 4780 3200 4846 suis,
3256 4793 3374 4831 non
3406 4775 3597 4843 potest

2018 4885 2184 4927 meus
2214 4884 2336 4927 esse
2371 4868 2711 4939 discipulus
2735 4871 2777 4906 η
2790 4911 2803 4925 .

1948 4964 2052 5018 264
2092 4960 2247 5027 Quid
2278 4960 2354 5016 sit
2380 4959 2713 5017 sinceritas.

1949 5055 2054 5109 265
2093 5056 2186 5108 An
2212 5048 2294 5106 ad
2319 5049 2480 5106 solos
2529 5049 2873 5106 sacerdotes
2923 5047 3151 5102 dictum
3184 5042 3288 5098 sit:
3319 5042 3389 5098 Si
3423 5040 3601 5110 o/I'ers

2026 5156 2246 5196 munus
2279 5144 2444 5195 tuum
2473 5139 2555 5195 ad
2582 5139 2783 5194 altare
2806 5138 2874 5200 επ,
2901 5140 2958 5190 et
2985 5134 3237 5204 reliqua.

314 5442 337 5477 ⁶
392 5442 440 5500 ll
487 5442 621 5499 Cor.
663 5456 716 5507 x,
750 5445 846 5513 17.
921 5443 941 5478 τ
995 5441 1198 5501 Matth.
1244 5458 1338 5513 xv,
1382 5445 1468 5497 l6.
1550 5442 1572 5478 ⁸
1622 5440 1821 5499 Matth.
1860 5454 1960 5509 m,
2001 5444 2054 5513 6.
2132 5438 2154 5473 ⁹
2198 5438 2333 5494 Luc.
2374 5452 2513 5513 xm.“
2548 5439 2636 5513 3_6.
2717 5436 2764 5470 ¹⁰
2793 5433 2993 5513 Matth.
3035 5450 3138 5513 xs.
3184 5434 3270 5513 1}.
3300 5435 3363 5513 _"
3415 5434 3614 5492 Matth.

233 5529 333 5579 ιιι,
391 5516 482 5570 12.
565 5515 612 5549 ¹²
664 5512 891 5570 Coloss.
934 5530 995 5585 η,
1046 5520 1130 5571 18.
1214 5515 1257 5551 ⁸³
1296 5514 1473 5571 Rom.
1528 5527 1624 5586 xu,
1678 5519 1756 5569 ll.

247 5588 342 5644 18.
422 5586 465 5621 ¹⁷
529 5586 673 5643 Luc.
717 5600 838 5653 xiv,
897 5588 985 5643 33.
1064 5588 1109 5623 ¹⁸
1154 5586 1353 5645 Matth.
1400 5602 1460 5653 γ,
1520 5590 1612 5645 23.

1835 5515 1880 5549 ¹⁴
1930 5505 2142 5584 Ephes.
2194 5522 2252 5575 γ,
2308 5513 2389 5563 t7.
2470 5510 2515 5542 ¹⁸
2564 5509 2731 5563 Rom.
2781 5523 2871 5575 su,
2932 5511 3017 5564 16.
3095 5509 3142 5543 ¹⁶
3191 5505 3339 5563 Psal.
3382 5520 3616 5575 X\'\\‘lll,
