4082 6178
260 158 391 209 10ῖῖ

1288 159 1470 225 HEtiU
1485 158 1714 210 [ΑΒΜ]
1751 159 2146 212 BHEVlOlilIM
2199 158 2441 210 (lAl’l'l‘li
2457 159 2466 208 Ι
2481 163 2558 209 .Α.

3489 163 3622 214 1078

262 296 370 334 σπη
441 286 483 329 Ο
535 278 686 330 θέλων
723 278 1207 350 ἐξομολογήσασθαι
1255 282 1346 339 τὰς
1390 279 1647 353 ἁμαρτιας
1688 279 1866 340 αὐτοῦ,

1991 283 2085 332 288
2120 279 2226 342 Qui
2261 279 2383 333 vult
2416 280 2681 334 confiteri
2717 284 2960 350 peccata
3003 295 3133 345 sua,
3169 296 3313 334 num
3344 283 3624 338 omnibus

336 367 383 417 εἰ
410 373 571 418 πᾶσιν
617 367 1040 440 ἐξομολογεῖσθαι
1071 368 1255 440 ὀφείλει
1283 373 1373 419 καὶ
1402 376 1506 427 τοῖς
1531 374 1806 438 τυχοῦσιν,
1834 369 1862 425 ἣ

316 461 475 510 τίσιν.

265 545 386 597 σπΘ’
435 546 492 597 ’0
512 549 841 618 μετανοήσας
876 543 960 598 ἔπι
991 564 1349 620 αμαρτηματι,
1379 550 1468 598 καὶ
1513 545 1666 598 πάλιν
1709 545 1780 606 εἰς
1808 549 1868 598 τὸ

337 634 464 686 αὐτὸ
497 634 732 707 ἐμπεσὼν
755 636 1062 710 ἁμάρτημα,
1093 639 1145 686 τί
1165 640 1284 692 ποιη
1297 653 1395 689 σει.

273 707 357 783 σθ’
391 730 507 786 Πῶς
537 727 836 798 περισσεύει
864 744 938 784 τις
968 726 1016 776 ἐν
1046 731 1118 794 τῷ
1139 723 1272 799 ἔργῳ
1305 727 1494 798 Κυρίου
1521 725 1756 777 πάντοτε.

258 887 376 962 σθό
407 908 497 964 Τίς
547 900 687 955 ἐστιν
736 903 761 953 ὁ
815 905 1239 976 συντετριμμένος
1286 900 1588 974 κάλαμος,ἧ
1618 901 1867 973 16mm-

335 1010 486 1063 μενον
527 990 684 1043 λίνον⁹
719 994 941 1052 καὶπῶς
982 1009 1061 1052 τις
1108 993 1166 1042 τό
1207 993 1296 1062 μὲν
1326 989 1384 1042 οὐ
1415 989 1669 1055 κατεάξει,
1703 992 1760 1040 τό
1811 986 1870 1044 δὲ

329 1080 389 1132 οὐ
421 1079 598 1132 σϐέννυ
606 1099 710 1134 σιν.

434 1170 497 1224 Ei
515 1176 623 1246 χρη
659 1166 1022 1244 ὶνὰδελφότητι
1039 1165 1260 1222 παιδίων
1283 1167 1544 1241 βιωτικῶν
1567 1165 1692 1222 εἶναι
1715 1163 1868 1220 ιδοίσο

322 1259 499 1315 καλόν.
669 1269 678 1278 ⁸

255 1334 374 1420 σίηί
433 1357 550 1410 Ιιώς
625 1345 709 1402 δεῖ
771 1350 1157 1422 προσφέρεσθαι
1209 1355 1316 1409 τοῖς
1371 1350 1436 1400 τὰ
1507 1348 1722 1424 μείζονα
1767 1355 1865 1398 τῶν

335 1438 724 1512 ἁμαρτημάτων
782 1440 1229 1513 παραιτουμένοις,
1274 1439 1339 1490 τὰ
1379 1432 1440 1489 δέ
1493 1439 1658 1510 μικρά
1714 1431 1866 1490 ἀδια-

301 1600 312 1614 ο
325 1533 497 1600 φόρως
528 1535 788 1580 ποιοῦσιν·

2054 375 2109 423 et
2131 368 2499 440 quibuslibet
2529 371 2708 425 debet
2737 370 3028 441 conﬁteri,
3061 375 3164 426 aut
3192 370 3438 441 quibus.

1983 551 2087 602 289
2117 549 2305 612 Quem
2334 547 2610 619 paenituit
2631 551 2944 620 peccati,et
2970 565 3181 604 rursus
3207 548 3268 604 in
3293 549 3456 606 idem
3485 565 3629 623 pec-

2049 643 2250 691 catum
2281 636 2522 705 labitur,
2554 637 2702 709 quid
2732 638 2928 695 faciet.

1976 725 2080 779 290
2113 725 2427 790 Quomodo
2449 725 2585 798 quis
2606 742 2843 799 semper
2864 726 3055 798 magis
3077 743 3148 783 ac
3170 727 3364 797 magis
3392 726 3631 800 proficit

2047 814 2107 872 in
2137 830 2318 886 opere
2350 814 2601 870 Domini.

1977 910 2072 964 291
2113 907 2255 972 Qua:
2286 905 2360 961 sit
2386 905 2621 963 arundo
2648 906 2918 977 contrita,
2945 910 3047 961 aut
3065 905 3367 975 fumigans.
3390 904 3584 961 linum
3610 921 3623 956 :

2048 1000 2105 1051 et
2132 995 2442 1068 quomodo
2468 997 2602 1068 quis
2627 996 2790 1053 illam
2812 1012 2935 1053 non
2965 997 3318 1067 confringet,
3339 995 3456 1052 hoc
3486 1011 3624 1053 vero

2048 1101 2168 1140 non
2202 1085 2589 1155 extinguet“.

1975 1177 2079 1230 292
2101 1179 2188 1228 An
2230 1174 2551 1232 conveniat
2578 1175 2640 1230 in
2672 1174 2922 1232 fratrum
2949 1179 3242 1230 conventu
3294 1189 3621 1250 puerorum

2048 1263 2268 1320 suaculo
2299 1263 2677 1322 addictorum
2710 1264 3071 1334 magistrum
3101 1280 3255 1320 esse.

1977 1356 2078 1408 293
2109 1353 2425 1419 Quomodo
2457 1370 2595 1410 cum
2641 1353 2710 1409 iis
2743 1352 3052 1422 agendum
3099 1354 3189 1424 sit,
3223 1352 3328 1426 qui
3357 1353 3623 1409 devitant

2047 1442 2329 1512 graviora
2350 1450 2619 1516 peccata,
2648 1443 2804 1502 levia
2830 1459 2968 1500 vero
2999 1447 3242 1516 patrant
3271 1441 3624 1500 indiscrimi-

2040 1532 2257 1592 natim.

262 1610 387 1676 ἠδ’
417 1616 504 1670 Ἐκ
532 1621 684 1679 ποίας
722 1616 884 1676 αἰτίας
915 1615 1152 1672 ἐκπίπτει
1194 1628 1269 1678 τις
1298 1624 1392 1678 τῆς
1423 1610 1456 1668 δ
1463 1633 1696 1676 ιηνεκους
1737 1618 1865 1686 μνη-

1991 1627 2074 1678 191
2104 1624 2232 1688 Qua
2259 1622 2333 1678 de
2365 1640 2549 1681 causa
2580 1639 2702 1680 non
2728 1628 2920 1682 servet
2941 1622 3157 1697 aliquis
3189 1621 3502 1681 assiduam
3525 1620 3626 1680 Dei

321 1725 424 1779 μης
452 1714 544 1760 τοῦ
577 1713 730 1760 Θεοῦ.

270 1781 377 1857 σ¹7ε’
401 1795 486 1850 Ἐκ
506 1800 666 1850 ποίων
701 1799 929 1868 σημείων
959 1794 1268 1869 γνωρίζεται
1296 1793 1320 1846 ό
1345 1796 1618 1868 μετέωρος.

255 1959 376 2039 ὦς’
409 1981 523 2037 Πῶς
582 1972 952 2050 πληροφορηθῇ
1003 1972 1181 2046 ψυχὴ,
1243 1975 1321 2027 ὅτι
1349 1981 1448 2026 τῶν
1475 1971 1863 2045 ἁμαρτημάτων

325 2065 624 2137 καθαρεύει.

265 2138 382 2214 UL):
424 2160 543 2215 Πῶς
575 2150 675 2206 ἀπὸ
703 2159 801 2204 τῶν
829 2151 1212 2226 ἁμαρτημάτων
1243 2149 1563 2225 ἐπιστρέφειν
1594 2153 1728 2224 χρη.

272 2227 390 2303 σξη
419 2242 480 2295 Ei
509 2244 578 2296 τὰ
619 2239 754 2295 καλὰ
782 2259 879 2294 κατ
943 2236 1083 2294 ἰδίαν
1127 2239 1396 2316 ἀρέσκειαν
1443 2247 1606 2294 ποιεῖν
1637 2240 1663 2290 ὁ
1719 2236 1864 2310 λόγος

336 2351 627 2409 συγχωρει.

260 2407 381 2483 σίτσ
412 2407 538 2486 Πως-
565 2421 940 2498 πληροφυρηοῇ
987 2419 1141 2493 ψυχὴ
1189 2418 1482 2480 ἀποστῆναι
1512 2427 1606 2480 τῆς
1635 2413 1862 2492 φιλωδο-

325 2512 458 2576 ξιας·

253 2601 294 2656 τ’
324 2606 419 2662 Τίς
469 2602 495 2654 ό
561 2604 754 2674 τρόπος
804 2606 899 2661 τῆς
945 2596 1282 2673 ἐπιστροφῆς,
1337 2597 1418 2652 ὁτι
1473 2617 1591 2671 περι
1639 2595 1861 2673 ἀοράτου

328 2689 471 2744 ἐστὶν
495 2691 519 2742 ὁ
547 2689 714 2762 λόγος.

255 2778 332 2833 τα’
366 2782 468 2832 Eia
518 2776 578 2834 δε
607 2779 748 2854 εἳπη,
795 2779 876 2832 ὅτι
918 2797 976 2832 ου
1024 2782 1404 2850 καταγινώσχει
1440 2796 1540 2850 μου
1588 2778 1646 2830 τό
1689 2780 1864 2830 συνεὶ-

329 2865 446 2931 δός.

2041 1711 2422 1772 memoriam.

1972 1804 2076 1858 295
2104 1801 2331 1867 Quibus
2359 1801 2543 1873 signis
2573 1806 2974 1873 cognoscatur
3003 1801 3111 1874 qui
3139 1818 3262 1860 non
3284 1807 3372 1861 est
3399 1805 3625 1861 attento

2041 1891 2266 1947 animo.

1969 1983 2074 2035 296
2097 1979 2412 2045 Quomodo
2439 1980 2678 2036 animus
2703 1979 2928 2040 habeat
2952 1995 3312 2052 persuasum
3334 1997 3396 2038 se
3426 1997 3461 2037 a
3490 1996 3626 2056 pec-

2041 2070 2190 2124 catis
2220 2084 2439 2140 purum
2471 2085 2622 2126 esse.

1969 2161 2069 2214 297
2105 2158 2419 2222 Quomodo
2447 2174 2482 2213 a
2512 2157 2772 2230 peccatis
2802 2159 3070 2220 converti
3094 2163 3390 2232 oporteat.

1969 2251 2072 2304 298
2100 2251 2187 2304 An
2244 2247 2550 2320 Scriptura
2593 2246 2902 2320 permittat
2954 2246 3122 2304 bona
3171 2245 3367 2303 facere
3399 2244 3478 2302 ad
3507 2243 3623 2302 sibi

2041 2336 2154 2407 ipsi
2183 2335 2570 2408 placendum.

1969 2429 2073 2482 299
2107 2424 2425 2491 Quomodo
2457 2424 2573 2483 sibi
2612 2423 3001 2499 persuadebit
3055 2424 3316 2494 animus,
3349 2440 3411 2482 se
3441 2439 3477 2480 a
3505 2422 3627 2494 glo-

2040 2514 2144 2570 rite
2179 2515 2376 2572 studio
2403 2514 2666 2571 alienum
2696 2531 2848 2572 esse.

1971 2608 2075 2661 300
2107 2606 2244 2671 Quis
2275 2605 2494 2662 modus
2527 2605 2959 2674 conversionis,
2994 2621 3134 2662 cum
3170 2605 3244 2662 de
3295 2621 3359 2661 re
3386 2603 3499 2660 sub
3525 2619 3625 2660 as-

2043 2700 2285 2770 pectum
2315 2712 2440 2753 non
2470 2697 2723 2756 cadente
2751 2696 2819 2755 ﬁt
2848 2713 3069 2755 sermo.

1972 2787 2070 2841 301
2098 2785 2270 2850 Quod
2296 2785 2345 2843 si
2375 2786 2537 2844 dicat
2584 2787 2722 2860 quis
2751 2804 2764 2844 :
2792 2791 2922 2845 Non
2967 2803 3106 2846 mea
3135 2803 3231 2844 me
3264 2785 3630 2847 condemnat

2046 2875 2434 2936 conscientia.

258 2957 345 3033 τβ’
379 2959 440 3011 Εἰ
469 2963 577 3032 χρή
621 2955 722 3011 ἀπὸ
753 2965 848 3024 τῆς
921 2957 1220 3030 οἰκονομίας
1251 2952 1462 3012 διδόναι
1505 2961 1610 3015 τοῖς
1663 2948 1858 3007 ἐνδεέσι

1991 2967 2081 3022 102
2110 2967 2200 3020 An
2251 2980 2325 3018 ex
2355 2963 2500 3022 cella
2531 2966 2780 3038 penaria
2835 2964 3210 3038 erogandum
3253 2965 3327 3022 sit
3371 2962 3630 3020 externis

329 3057 430 3101 τῶν
457 3048 659 3112 ἔξωθεν.

256 3136 337 3210 τογ’
378 3138 438 3192 Εἰ
488 3144 596 3212 χρη
649 3144 755 3199 τοῖς
801 3141 946 3214 παρὰ.
1000 3138 1202 3190 πάντων
1250 3134 1542 3208 λεγυμένοις
1585 3133 1863 3188 ὑπακούειν

337 3226 390 3280 ἐν
424 3223 757 3300 ἀδελφότητι.

257 3313 342 3376 τόν
372 3317 435 3372 Εἰ
458 3316 584 3394 ὑπὲρ
629 3337 730 3371 των
776 3313 1213 3392 παραδεδομένων
1250 3323 1311 3390 τῇ
1361 3310 1675 3386 ἀδελφότητι
1722 3311 1866 3384 παρὰ

333 3415 436 3460 τῶν
509 3406 708 3466 οἰκείων
781 3406 1022 3461 θελόντων
1095 3401 1306 3460 διδόναι
1370 3423 1424 3456 τι
1491 3406 1600 3476 χρὴ
1677 3397 1866 3472 δέχεσ-

333 3498 447 3554 Θαι.

259 3587 323 3638 τέ
379 3587 440 3640 Ei
490 3583 573 3640 δεῖ
629 3585 905 3659 λαμϐάνειν
957 3587 1101 3658 παρά
1148 3592 1245 3636 τῶν
1299 3583 1500 3646 ἔξωθεν,
1565 3582 1681 3639 ἦτοι
1732 3581 1868 3633 κατὰ

340 3679 505 3749 χάριν
543 3676 732 3748 γιλὶας,
765 3677 794 3735 ἡ
828 3674 1339 3749 προκατειλημμένης
1372 3675 1686 3743 συγγενείας.

260 3872 345 3938 τς’
405 3871 552 3926 Μετᾶ
601 3891 754 3926 ποιου
803 3874 999 3945 τρόπου
1045 3874 1104 3924 τό
1152 3868 1528 3943 ἀμετεώριστον
1579 3866 1869 3939 κατορθοῦ-

333 3982 444 4018 ται.

265 4052 350 4114 τζ
383 4052 444 4104 Ei
481 4055 589 4125 χρὴ
645 4050 696 4114 ἐξ
746 4049 1026 4126 ἐφημεριας
1051 4047 1386 4121 ἀπάρχεσται
1415 4055 1510 4108 τῆς
1560 4041 1871 4118 ψαλμῳδιας

337 4142 371 4200 ἡ
391 4148 488 4204 τῆς
511 4149 784 4214 προσευχῆ
796 4161 838 4203 ς.

260 4229 349 4289 τη’
391 4230 454 4283 Ei
509 4235 618 4304 χρὴ
649 4234 736 4284 τὸν
763 4226 984 4283 διδόντα
1025 4248 1080 4281 τι
1109 4225 1157 4280 ἐν
1187 4223 1497 4298 ἀδελφότητι
1544 4223 1866 4298 ἀμείϐεσταυ

337 4323 432 4372 καὶ
478 4319 522 4372 εἰ
571 4319 686 4372 κατ’
707 4318 982 4392 ἀναλογίαν
1031 4325 1126 4374 τοῦ
1183 4314 1411 4392 δόματος
1455 4319 1720 4370 ποιεῖσθαι
1775 4322 1870 4377 τὴν
1898 4359 1944 4415 D

341 4405 635 4464 ἀντίδοσιν.

262 4498 347 4552 τίν’
389 4499 452 4552 Ei
505 4508 604 4552 τῶν
665 4505 896 4559 συνητων
921 4505 1012 4554 καὶ
1064 4503 1198 4555 κατὰ
1247 4504 1402 4574 φύσιν
1425 4504 1702 4573 γινομένων
1749 4502 1872 4569 τινὶ,

344 4595 456 4667 χρὴ
483 4588 674 4664 τολμᾷν
707 4593 780 4654 εἰς
808 4611 1076 4646 κοινωνιαν
1115 4600 1213 4644 τῶν
1234 4591 1392 4664 ἁγίων
1421 4591 1801 4667 παρέρχεσθαι.

264 4785 336 4841 τε’
366 4785 428 4840 Εἰ
453 4791 562 4859 χρη
601 4791 670 4849 εἰς
697 4791 865 4840 κοινόν
891 4784 1030 4840 οἶκον
1059 4782 1420 4860 προαομιδήν
1440 4787 1698 4858 γίνεσθαι.

264 4947 377 5001 τια’
407 4947 467 5001 Ei
497 4953 604 5022 χρὴ
653 4949 720 5010 εἰς
767 4947 1043 5021 iniam-1'1”
1097 4947 1441 5021 ἀπέρχεσται,
1491 4946 1877 5008 ὶπιζητούντωυ

350 5056 500 5090 τινων
508 5079 520 5091 ι

265 5125 384 5199 τιβ’
433 5125 493 5180 Ei
546 5130 656 5201 χρὴ
707 5130 828 5188 τοὺς
880 5125 1346 5199 ἐπισκεπτομένους
1384 5123 1597 5202 λαῑκοὺς
1659 5125 1879 5196 προτρέ-

357 5217 556 5269 πεσθαι
577 5215 646 5277 εἰς
674 5216 858 5288 εὐχήν.

279 5306 388 5379 τεγ’
421 5306 484 5360 Εἰ
521 5311 632 5380 χρὴ
667 5301 984 5384 ἐργάζεσθαι
1009 5304 1450 5378 ἕπισκεπτομένως
1471 5309 1638 5354 τινῶν.

357 5434 403 5468 ιι
442 5432 645 5489 Matth.
678 5447 784 5501 xu,
813 5435 902 5487 20.

2041 3051 2328 3125 inopibus
2340 3094 2354 3108 .

1973 3145 2074 3198 303
2108 3147 2197 3196 An
2227 3140 2288 3196 in
2319 3140 2582 3198 fraterna
2604 3140 3033 3195 communitate
3058 3139 3129 3194 iis
3153 3155 3290 3212 qua:
3321 3137 3627 3211 aquibus-

2044 3230 2133 3286 vis
2163 3229 2465 3299 dicuntur,
2494 3229 2907 3286 obediendum
2935 3229 3034 3284 sit.

1973 3318 2079 3380 304
2107 3317 2312 3371 Utrum
2346 3331 2453 3384 pio
2481 3314 2553 3371 iis
2603 3313 2706 3387 qui
2740 3313 3022 3370 fratribus
3074 3312 3234 3369 fuere
3263 3311 3471 3382 oblati,
3525 3312 3627 3368 ali-

2043 3405 2190 3477 quid
2249 3405 2518 3478 accipere
2549 3407 2826 3476 oporteat
2880 3403 2960 3460 ab
3009 3419 3218 3460 eorum
3250 3401 3626 3476 parentibus,

2046 3494 2095 3550 si
2125 3493 2270 3549 dare
2292 3493 2520 3567 aliquid
2551 3493 2866 3550 voluerint.

1976 3583 2080 3638 305
2104 3592 2192 3638 An
2221 3582 2300 3639 ab
2343 3583 2603 3639 externis
2634 3583 2954 3639 conveniat
2981 3583 3272 3656 accipere,
3326 3581 3452 3637 sive
3483 3579 3631 3636 ami-

2048 3672 2222 3744 citiae,
2252 3672 2378 3728 sive
2399 3672 2614 3744 prioris
2637 3671 3104 3745 propinquitatis
3130 3671 3341 3742 gratia.

1984 3853 2160 3926 413
2191 3853 2296 3908 306
2329 3853 2460 3919 Qua
2486 3851 2719 3913 ratione
2747 3851 2966 3910 vitatur
2995 3850 3214 3910 mentis
3235 3849 3557 3907 aberratio.

1983 4039 2083 4092 307
2115 4039 2207 4092 An
2259 4034 2505 4092 alternis
2533 4033 2764 4090 vicibus
2813 4033 3224 4106 incipiendum
3276 4031 3352 4088 sit
3379 4031 3633 4104 psallere

2051 4130 2154 4180 aut
2194 4124 2447 4196 precari.

1984 4219 2086 4272 308
2117 4219 2206 4270 An
2233 4213 2519 4271 fratribus
2549 4212 2778 4285 aliquid
2805 4211 2992 4279 danti,
3015 4209 3277 4267 vicissim
3304 4208 3634 4265 retribuere

2055 4309 2368 4378 oporteat;
2401 4308 2459 4359 et
2487 4303 2537 4358 si
2589 4301 2870 4358 convenit
2918 4317 3030 4373 pro
3082 4300 3313 4357 ratione
3363 4299 3448 4356 rei
3475 4298 3634 4356 datas

2053 4393 2384 4467 rependere
2417 4392 2600 4448 vices.

1983 4485 2090 4541 309
2130 4483 2187 4540 Si
2213 4487 2521 4547 consueta,
2555 4485 2772 4553 etquae
2799 4479 3132 4536 secundum
3159 4483 3442 4537 naturam
3475 4483 3632 4550 sunt,

2056 4572 2323 4644 cuipiam
2356 4571 2734 4642 contingant,
2787 4586 2865 4625 an
2892 4570 3112 4624 audere
3139 4569 3359 4626 debeat
3387 4568 3466 4624 ad
3495 4584 3636 4624 san-

2058 4667 2295 4718 ctorum
2320 4660 2814 4718 communionem
2844 4660 3149 4716 accedere.

1986 4757 2089 4810 310
2124 4751 2409 4825 Nunquid
2439 4752 2499 4807 in
2548 4751 2861 4807 communi
2891 4749 3076 4806 domo
3129 4747 3503 4805 Dominicam
3531 4762 3641 4802 cae-

2057 4859 2200 4899 nam
2231 4842 2552 4898 conveniat
2571 4841 2885 4898 celebrari.
3573 4852 3576 4854 '

1989 4938 2089 4992 311
2127 4935 2336 4990 Utrum
2368 4949 2506 4988 cum
2538 4931 2726 5005 aliqui
2755 4933 2990 5000 rogant,
3020 4944 3123 4984 eos
3171 4926 3427 4982 invisere
3457 4939 3638 4997 opor-

2056 5030 2196 5083 teat.

1991 5121 2094 5174 312
2125 5118 2218 5171 An
2264 5114 2402 5171 laici
2431 5113 2537 5186 qui
2568 5129 2680 5169 nos
2709 5109 2978 5167 invisunt
3021 5105 3389 5164 adhortandi
3417 5103 3534 5161 sint
3561 5102 3642 5160 ad

2062 5204 2489 5278 precationem.

1993 5300 2093 5352 313
2131 5301 2219 5352 An
2251 5311 2390 5350 cum
2424 5291 2608 5364 aliqui
2629 5305 2742 5346 nos
2772 5287 3030 5356 visitant,
3053 5283 3639 5359 oporteatlaborare.
