4086 6186
207 235 341 287 1113

1340 231 1635 288 REGULE
1674 227 1972 289 BREVIUS
2010 235 2424 292 ΤΒΑΕΤΔΤΑΞ.

3423 237 3559 299 1114

202 357 388 425 ἔφαγες
445 350 547 404 ἀπὸ
583 358 676 404 τού
724 349 899 414 ξύλου,
948 346 1007 403 οὖ
1061 350 1383 424 ἐνετειλάμην
1438 372 1523 406 σοι
1548 397 1563 425 ,
1616 356 1802 405 τούτου

1916 357 2125 411 uxoris
2144 363 2282 424 tute,
2304 364 2361 414 et
2381 357 2687 415 comedisti
2710 356 2786 413 de
2804 357 2991 427 ligno,
3021 374 3099 416 ex
3121 375 3230 431 quo
3258 364 3384 418 solo
3409 380 3563 434 pras-

199 446 362 513 μόνου
381 446 456 514 μὴ
489 448 689 513 φαγεῖν,
712 440 1093 515 ἑπικατάρατος
1121 443 1150 499 η
1175 450 1234 501 τῆ
1269 441 1318 494 έν
1346 448 1456 503 τοῖς
1479 445 1657 515 ἔργοιυ
1684 461 1802 495 σου·

197 535 289 582 καὶ
318 533 389 581 τὰ
410 529 544 592 ἑξῆς.

774 643 1087 690 ΕΡΩΤΗΣΙΣ
1135 637 1242 691 ΜΖ

416 745 479 798 Εἰ
517 740 602 798 δεῖ
636 750 746 805 τοῖς
783 744 1168 820 ἁμαρτάνουσιν
1209 746 1589 819 ἑφησυχάζειν.

825 857 1199 907 ΑΠΟΚΡΙΣΙΣ.

263 960 391 1012 Ὀτι
426 962 519 1032 μὶν
549 958 608 1011 ού
648 954 750 1026 δεῖ,
785 962 995 1033 φανερόν
1028 957 1083 1011 ἐκ
1134 967 1235 1011 τῶν
1285 968 1377 1013 τοῦ
1424 964 1618 1032 Κυρίου
1657 978 1806 1032 προς-

193 1050 478 1121 ταγμάτων
544 1045 593 1099 ἓν
657 1051 748 1119 μὲν
814 1056 875 1119 τῇ
948 1047 1152 1118 Παλαιᾴ
1229 1050 1462 1121 Διαοηκη
1554 1048 1801 1108 εἰπόντος·

196 1136 429 1210 ἘλτΙῙ-ιῷ
496 1134 715 1208 ἲλθκξεις
783 1140 868 1188 τὸν
939 1135 1160 1194 πλησίον
1211 1156 1345 1203 σου,
1399 1142 1489 1190 καὶ
1541 1137 1600 1189 ού
1657 1135 1798 1208 λήψῃ

197 1222 271 1279 δί’
330 1226 490 1278 αὐτόν
553 1225 850 1300 ἁμαρτίαν·
912 1223 961 1277 έν
1031 1222 1090 1278 δὲ
1159 1234 1232 1297 τῷ
1296 1225 1615 1299 Εύαγγελίῳ·
1688 1226 1802 1277 Ἐὰν

197 1314 408 1389 ἁμάρτῃ
628 1314 700 1376 εἱς
758 1317 814 1367 σὶ
872 1315 899 1366 ό
951 1311 1168 1387 ἁδελφός
1227 1334 1345 1383 σου,
1403 1315 1590 1387 ὕπαγε,
1657 1313 1802 1384 ἷλεγ-

197 1404 283 1467 ξον
351 1403 510 1455 αὐτόν
584 1403 780 1476 μεταξύ
844 1411 940 1456 σοῦ
1018 1407 1107 1456 καὶ
1184 1404 1340 1457 αὐτοῦ
1417 1409 1574 1477 μόνου
1600 1446 1613 1458 .
1686 1402 1802 1454 Ἐάν

199 1512 295 1546 σου
360 1491 560 1564 ἀκούσῃ
590 1534 604 1557 ,
674 1488 967 1567 ἐκέρδησας
1032 1497 1119 1545 τόν
1202 1490 1420 1565 ἀδελφόν
1508 1512 1622 1545 σου·
1716 1491 1800 1544 ἐὰν

196 1578 258 1633 δὲ
308 1585 383 1654 μὴ
445 1578 672 1653 ἀκούσῃ,
724 1581 991 1656 παράλαϐε
1032 1585 1164 1655 μετὰ
1216 1590 1313 1635 σοῦ
1372 1584 1450 1634 ἔτι
1496 1583 1584 1634 ἕνα
1614 1583 1642 1640 ἦ
1680 1577 1798 1647 δύο,
1832 1569 1872 1624 Β

194 1673 281 1722 ἶνα
357 1668 443 1722 ἐπὶ
520 1674 784 1743 στόματος
851 1667 949 1723 δύο
1023 1673 1299 1746 μαρτύρων
1353 1672 1382 1729 ἦ
1441 1679 1599 1745 τριῶν
1677 1689 1801 1723 σταο

197 1760 420 1816 ϐήσεται
487 1764 588 1810 πᾶν
643 1759 791 1832 ῥῆμα
844 1760 980 1829 (60).
1050 1759 1167 1813 Ἐὰν
1226 1756 1286 1813 δε
1331 1763 1643 1835 παρακούσῃ
1714 1758 1802 1811 αύ-

397 1847 506 1900 siti
574 1856 635 1920 τῇ
720 1847 1024 1922 Ἐκκλησίᾳο
1101 1848 1185 1901 εὰν
1237 1846 1296 1902 δι
1369 1855 1459 1902 καὶ
1547 1857 1638 1909 τῆς
1696 1848 1805 1902 Ἐκ-

196 1936 424 1997 κλησίας
494 1939 830 2009 παρακούσῃ,
910 1941 1044 1990 ἔστω
1129 1957 1215 1993 σοι
1288 1937 1463 2013 ὥσπερ
1528 1940 1554 1990 ό
1611 1936 1805 1998 fama;

198 2031 289 2078 καὶ
341 2024 565 2087 τελώνης
607 2024 808 2078 Ἠλίκον
858 2022 918 2079 δὲ
973 2026 1085 2079 ἐστι
1136 2030 1194 2079 τὸ
1251 2035 1415 2102 κρῖμα
1483 2034 1574 2079 τοῦ
1629 2027 1803 2100 ἁμάρ-

194 1857 315 1919 τῶν,

199 2119 437 2188 τήματος
465 2116 673 2180 τούτου,
727 2115 904 2175 ἔξεστι
933 2124 1124 2185 γνῶναι
1170 2124 1377 2188 πρῶτον
1424 2119 1514 2189 μεν
1571 2114 1623 2178 ἑξ
1678 2114 1805 2167 ἀπο-

201 2206 408 2275 φάσεως
464 2210 556 2254 τού
618 2208 810 2275 Κυρίου
877 2203 1168 2266 καθολικῶς
1236 2204 1485 2267 εἰπόντος·
1548 2204 1606 2259 Ὀ
1663 2202 1807 2258 ἀπει-

204 2293 306 2343 Θών
355 2299 427 2362 τῷ
642 2291 738 2343 οὐκ
794 2291 977 2363 ἅψεται
1033 2297 1127 2351 τὴν
1185 2293 1345 2354 ζωήν·
1414 2292 1521 2346 ἀλλ’
1586 2295 1617 2352 ἡ
1673 2293 1799 2367 ὀργὴ

198 2379 291 2432 τοῦ
338 2384 470 2432 Θεοῦ
516 2387 658 2452 μενεί
706 2379 783 2433 ἐπ’
853 2380 1026 2435 αὐτόν·
1087 2384 1265 2435 ἔπειτα
1313 2387 1404 2434 καὶ
1460 2380 1512 2445 ἐξ
1562 2384 1803 2455 ἱστοριῶν

200 2471 248 2522 ἓν
301 2488 359 2521 τε
406 2476 468 2541 τῇ
531 2468 736 2539 Παλαιᾴ
785 2474 875 2521 καὶ
920 2478 980 2542 τῇ
1045 2478 1205 2543 Καινῇ
1260 2477 1434 2545 Γραφῆ
1496 2475 1801 2544 φερομένων.

200 2553 344 2610 Ἰδού
385 2558 491 2630 γὰρ
546 2559 573 2609 ό
744 2556 945 2632 Ἀχαρ,
995 2560 1152 2617 ἡνίκα
1204 2558 1385 2629 Exitio:
1429 2562 1523 2618 τὴν
1560 2558 1803 2630 γλῶσσαν

199 2651 295 2705 τήν
336 2654 555 2720 χρυσῆν
584 2646 675 2698 καί
712 2652 806 2705 τὴν
848 2646 1024 2717 ψιλὴν,
1058 2646 1144 2699 ἐπὶ
1173 2648 1284 2718 (61)
1335 2650 1507 2701 πάντα
1550 2648 1636 2700 τόν
1680 2647 1804 2700 λαόν

198 2739 404 2807 γέγονεν
459 2734 586 2809 ὀργὴ
640 2740 856 2808 Κυρίου,
904 2740 1137 2807 καίτοιγε
1193 2736 1527 2807 ἀγνοήσαντα
1575 2742 1667 2789 καὶ
1716 2739 1802 2789 τὸν

200 2826 551 2899 ἡμαρτηκότα
611 2828 702 2877 καὶ
747 2828 806 2877 τό
865 2824 1172 2900 ἁμάρτημα,
1234 2829 1424 2900 μέχρις
1490 2826 1574 2878 ὅτε
1638 2824 1808 2898 ἔφανε-

199 2916 344 2987 ρὼθη
391 2915 419 2966 ό
474 2918 864 2989 προειρημένος,
922 2920 1013 2967 καὶ
1059 2916 1145 2967 τὸν
1195 2913 1406 2988 φοϐερόν
1453 2913 1641 2968 ἐκεῖνον
1695 2915 1807 2988 ἅμα

200 3008 336 3055 πᾶσι
368 3009 479 3065 τοῖς
524 2999 680 3063 ἰδίοις
708 3003 821 3074 (6'!)
868 3004 1134 3075 ὑπέμεινεν
1186 3001 1410 3076 ὀλεθρον.
1471 3002 1530 3055 ’0
1578 3000 1638 3056 δι
1686 3002 1805 3057 Ηλεὶ

201 3096 389 3166 καὶπερ
454 3090 548 3143 ούκ
605 3090 952 3163 έφηᾱ-υχάσας
1002 3098 1110 3153 τοῖς
1169 3090 1354 3144 ἑαυτοῦ
1415 3093 1565 3160 υἱοῖς,
1621 3093 1806 3155 οἵτινες

203 3187 339 3237 ἦσαν
387 3181 495 3232 υἱοὶ
549 3179 742 3252 λοιμοὶ,
799 3178 1043 3241 πολλάκις
1111 3176 1170 3232 δὲ
1227 3180 1402 3242 αύτοίς
1464 3185 1804 3254 παραινέσας,

201 3273 291 3322 καὶ
355 3268 545 3336 εἰπὼν,
607 3273 737 3336 Μὴ,
794 3273 983 3339 τέκνα,
1045 3268 1141 3321 ούκ
1216 3268 1390 3341 ἀγαθά
1451 3268 1623 3322 ἀκούω
1688 3275 1806 3345 περὶ

202 3361 369 3433 ὑμῶν,
413 3364 504 3412 καὶ
546 3358 684 3432 λόγῳ
734 3359 928 3413 πλείονι
964 3362 1371 3423 κατασκευάσας
1408 3368 1499 3422 τῆς
1544 3380 1599 3414 τε
1641 3360 1807 3436 ἁμαρ-

201 3453 320 3511 τίας
371 3452 431 3502 τό
478 3450 671 3502 ἄτοπον
723 3454 813 3501 καὶ
867 3457 959 3510 τῆς
1009 3454 1233 3523 κρίσεως
1280 3453 1340 3503 τό
1391 3450 1681 3522 ἄφευκτόν,
1726 3452 1808 3503 ὅτι

202 3543 270 3611 μὴ
311 3538 436 3599 ὅλως
483 3536 777 3606 ἑξεδίκησε,
830 3534 971 3611 undi
1031 3542 1115 3591 τόν
1169 3543 1432 3613 πρέποντα
1484 3538 1640 3599 ζῆλον
1689 3538 1805 3591 κατ’

203 3628 374 3680 αὐτῶν
447 3624 777 3695 ἐπεδείξατο,
858 3635 1105 3681 τοσοῦτον
1173 3628 1441 3702 παρώξυνε
1500 3632 1594 3687 τὴν
1650 3627 1805 3702 ὀργὴν

202 3726 294 3771 τοῦ
325 3723 475 3785 Θεοῦ,
507 3721 572 3780 ὡς
618 3723 707 3771 καὶ
753 3722 840 3771 τόν
885 3717 1007 3771 λαόν
1050 3725 1158 3781 τοῖς
1213 3718 1348 3780 υἱοῖς
1398 3718 1558 3771 αὑτοῦ
1591 3737 1809 3772 συνανα-

200 3806 455 3877 λωθῆναι,
485 3813 576 3860 καὶ
622 3812 717 3867 τὴν
751 3806 970 3861 κιϐωτόν
1014 3808 1175 3866 αὐτὴν
1219 3810 1319 3861 ὑπὸ
1361 3816 1461 3861 τῶν
1510 3807 1807 3882 ἀλλοφύλων

200 3896 487 3970 ληφθῆναι,
536 3902 627 3950 καὶ
684 3897 838 3950 αὐτὸν
883 3896 967 3951 ἐπί
1020 3900 1226 3960 τούτοις
1273 3898 1388 3970 (63)
1442 3898 1634 3973 οἰκτρῷ
1677 3898 1806 3953 τέλει

206 3988 587 4046 Θανατωθῆναι.
634 3987 697 4040 Εἰ
741 3984 800 4040 δε
840 3989 977 4040 κατὰ
1021 3996 1123 4039 τῶν
1165 3991 1237 4060 μὴ
1296 3993 1685 4059 συνεγνωκότων
1733 3996 1806 4040 τῶ

202 4075 598 4153 ἁμαρτήσαντι,
650 4077 740 4129 καί
791 4079 928 4130 κατὰ
990 4084 1089 4129 τῶν
1135 4075 1482 4130 κωλυσάντων
1524 4077 1659 4149 (64),
1716 4083 1806 4130 καὶ

200 4163 706 4241 διαμαρτυραμένων
763 4168 821 4219 τὸ
877 4166 1209 4239 ἁμάρτημα,
1276 4168 1507 4224 τοσαύτη
1572 4168 1601 4225 ἠ
1673 4165 1801 4240 ὀργὴ

199 4255 476 4323 ἱξεκαύθη,
530 4261 581 4308 τί
627 4257 688 4308 ἄν
736 4275 817 4318 τις
877 4259 1014 4307 εἰποι
1086 4261 1203 4328 περί
1279 4264 1380 4308 τῶν
1443 4259 1804 4327 γινωσκόντων
1839 4241 1880 4295 D

198 4350 287 4397 καί
332 4345 818 4417 ἐφησυχαζόντων;
874 4345 1075 4405 υῖτινες
1118 4343 1203 4397 ἐὰν
1235 4348 1308 4417 μὴ
1353 4340 1711 4407 ἐπιδείξωνται
1740 4347 1804 4397 τὰ

270 4490 322 4525 ³³
360 4491 506 4546 Gen.
532 4504 615 4553 ιιι.
652 4493 736 4546 17.

196 4580 247 4616 ’⁸
288 4581 310 4634 1
343 4579 488 4649 Reg.
505 4593 567 4647 ιι,
588 4580 680 4634 24.

269 4703 383 4773 (59)
419 4703 581 4757 Unus
602 4717 717 4775 ms.
742 4701 825 4755 ἐὰν
855 4702 1161 4775 ἁμαρτήσῃ.

271 4772 388 4843 (60)
421 4774 565 4843 Reg.
606 4772 920 4847 primusge't
943 4772 1310 4847 γοδς-παρῇ
1344 4777 1444 4847 ira»
1466 4772 1632 4847 ῥῆμα.

268 4842 382 4915 (61)
408 4842 655 4919 Antiqui
682 4843 802 4919 duo
817 4842 963 4919 libri
988 4848 1045 4899 et
1066 4842 1249 4919 editio
1273 4842 1677 4919 Pansam;
1705 4848 1796 4896 καὶ

197 4914 292 4977 τὴν
312 4914 639 4981 moli-137%.
663 4914 771 4972 Alii
792 4917 915 4972 duo
936 4931 1084 4987 mss.
1111 4918 1326 4987 praeter
1353 4914 1518 4987 voss.
1539 4919 1597 4971 et
1626 4917 1795 4973 Com-

195 4988 319 5046 δεῖ,
368 4996 604 5063 lgna-3,
657 4992 748 5063 διαὶ
802 4989 895 5046 τήν
942 4984 1137 5063 itif)»;
1177 4984 1280 5063 ini.
1342 4984 1530 5063 Editio
1576 4987 1796 5063 veneta

194 5055 527 5139 utramque
558 5059 878 5139 lectionem
909 5055 1163 5139 praefert,
1204 5055 1383 5139 sicut
1417 5055 1481 5139 in
1512 5062 1797 5139 contextu

194 5125 628 5258 ξδιέοἰιζψιλήν,
654 5129 715 5185 in
741 5125 1013 5200 margine
1038 5143 1180 5185 vero
1208 5125 1413 5185 στολήν.
1445 5127 1598 5199 Lege
1620 5133 1796 5185 notas

199 5232 217 5256 ε
248 5219 285 5258 o
334 5218 438 5258 ιιι.

198 5202 438 5258 Nobilii.

267 5276 373 5341 (62)
398 5271 602 5330 Codex
629 5274 796 5329 Voss.
837 5275 990 5325 παισὶ
1018 5276 1122 5331 τοῖς
1152 5258 1329 5337 ἰδίοις,
1362 5286 1486 5328 una
1506 5287 1639 5328 cum
1670 5265 1794 5327 suis

189 5340 420 5415 pueris.
470 5342 622 5401 Editi
653 5348 710 5400 et
736 5342 857 5400 duo
888 5360 1035 5415 mss.
1068 5357 1179 5415 pro
1204 5340 1360 5415 παισί
1379 5342 1606 5415 habent
1636 5347 1792 5415 πᾶσι.

195 5411 366 5473 Haud
384 5413 565 5485 longe
583 5431 699 5471 vox
719 5417 825 5468 υἱοί
847 5411 1051 5470 addita
1066 5411 1237 5469 estex
1252 5412 1442 5485 tribus
1462 5411 1790 5469 codicibus.

193 5486 465 5546 Subinde
504 5484 658 5559 inse.
703 5492 822 5559 tres
865 5502 1006 5559 cum
1048 5487 1216 5559 voss.
1259 5484 1790 5559 αὑτοῖς-παραινέσας.

192 5561 336 5634 Reg.
359 5557 668 5617 secundus
691 5557 944 5633 perinde
967 5561 1033 5615 ut
1050 5555 1192 5615 editi
1212 5555 1424 5619 αύτούς.
1438 5554 1561 5615 Hoc
1576 5554 1711 5629 ipso
1730 5554 1794 5612 in

835 4489 883 4525 ”
925 4487 1104 4544 Levii.
1137 4502 1251 4559 xix,
1294 4490 1379 4543 17.

1478 4487 1527 4522 ³³
1566 4486 1770 4544 Matth.
1812 4501 1980 4557 xvm,
2019 4488 2201 4540 13-17.

1916 457 2189 511 ceperam
2215 446 2343 513 tibi,
2357 462 2433 503 ne
2451 446 2799 510 comederes,
2815 447 3137 504 maledicta
3157 455 3325 507 terra
3344 453 3407 508 in
3427 467 3566 523 ope-

1916 532 2085 587 ribus
2105 536 2220 590 tuis
2231 537 2298 605 ³⁸,
2335 540 2392 591 et
2422 541 2655 592 caetera.

2376 642 2888 698 INTERROGATIO
2922 642 3103 698 XLVII

2110 750 2178 806 Si
2211 764 2352 821 erga
2388 765 2482 806 eos
2510 750 2618 821 qui
2632 756 2910 820 peccant,
2939 751 3236 809 silendum
3267 756 3367 811 sit.

2534 858 2942 915 BESPONSIO.

1985 962 2140 1017 Sane
2162 962 2330 1034 quod
2353 963 2471 1019 hoc
2499 963 2626 1019 ﬁeri
2645 978 2768 1019 non
2799 962 3036 1034 debeat,
3057 965 3447 1038 perspicuum
3472 974 3567 1026 est

1914 1064 1985 1105 ex
2011 1051 2325 1124 praeceptis
2355 1052 2609 1119 Domini,
2638 1053 2744 1124 qui
2772 1053 2833 1109 in
2865 1053 3050 1110 Veteri
3080 1054 3330 1126 quidem
3359 1059 3565 1115 Testa-

1912 1142 2117 1195 mento
2146 1137 2297 1194 dixit
2322 1141 2408 1193 “z
2458 1141 2848 1208 Correptione
2883 1142 3172 1211 corripies
3216 1147 3561 1212 proximum

1914 1231 2123 1282 tuum:
2172 1233 2228 1283 et
2258 1243 2379 1284 non
2409 1230 2658 1300 accipies
2694 1236 3005 1296 peccatum
3031 1238 3285 1300 propter
3322 1234 3518 1303 ipsum
3547 1252 3562 1303 ;

1912 1313 1973 1369 in
1999 1316 2323 1386 Evangelio
2345 1334 2487 1374 vero
2501 1318 2570 1374 ²⁸ε
2593 1319 2662 1374 Si
2675 1320 3015 1387 peccaverit
3031 1321 3094 1375 in
3112 1325 3166 1376 te
3180 1322 3385 1390 frater
3405 1329 3564 1393 tuus,

1914 1404 2084 1468 vade,
2118 1408 2356 1474 corripe
2387 1422 2519 1463 eum
2559 1408 2722 1464 inter
2758 1413 2814 1463 te
2842 1413 2895 1464 et
2940 1410 3129 1477 ipsum
3175 1409 3389 1465 solum.
3419 1410 3488 1466 Si
3513 1417 3570 1469 te

1914 1493 2201 1563 audierit,
2226 1496 2501 1552 lucratus
2520 1512 2577 1553 es
2596 1500 2850 1567 fratrem
2874 1503 3041 1553 tuum
3054 1513 3080 1568 ,'
3096 1498 3150 1554 si
3161 1504 3362 1555 autem
3379 1505 3566 1556 tenon

1914 1583 2199 1647 audierit,
2226 1584 2445 1642 adhibe
2471 1591 2661 1642 tecum
2680 1586 2885 1643 adhuc
2901 1602 3087 1643 unum
3108 1589 3203 1644 vel
3219 1588 3389 1657 duos,
3407 1594 3474 1644 ut
3500 1590 3566 1645 in

1913 1687 2014 1729 Ore
2050 1673 2307 1729 duorum
2341 1675 2433 1730 vel
2475 1676 2659 1731 trium
2691 1677 2927 1732 testium
2956 1682 3066 1732 stet
3096 1692 3269 1733 omne
3297 1676 3561 1734 verbum.

1916 1759 2085 1827 Quod
2110 1761 2165 1815 si
2202 1776 2322 1817 non
2364 1763 2628 1819 audierit
2656 1778 2774 1823 eos.
2814 1763 2913 1819 dic
2939 1763 3254 1830 Ecclesiae;
3285 1764 3340 1821 si
3364 1770 3562 1823 autem

1911 1849 2241 1906 Ecclesiam
2263 1866 2497 1922 quoque
2520 1867 2639 1907 non
2655 1852 2937 1917 audierit,
2960 1853 3038 1907 sit
3068 1853 3180 1908 tibi
3202 1853 3359 1910 sicut
3373 1854 3566 1911 ethni-

1913 1954 2013 1994 cus
2046 1943 2101 1994 et
2126 1938 2509 2007 publicanus.
2561 1942 2743 1995 Porro
2771 1955 2961 2012 quam
2988 1956 3175 2010 grave
3203 1940 3280 1996 sit
3306 1939 3563 2012 hujusce

1914 2026 2142 2099 peccati
2164 2026 2733 2098 judicium,intelligi
2758 2032 2953 2100 potest
2981 2027 3180 2099 primo
3208 2027 3458 2100 quidem
3488 2044 3562 2085 ex

1913 2117 2206 2172 sententia
2236 2115 2490 2182 Domini,
2521 2117 2626 2189 qui
2655 2116 2717 2172 in
2747 2116 3099 2173 universum
3128 2116 3277 2173 dixit
3291 2118 3359 2171 “:
3385 2116 3559 2184 Quis-

1914 2207 2045 2277 quis
2075 2220 2195 2260 non
2223 2204 2419 2261 obedit
2445 2206 2621 2269 Filio,
2657 2221 2777 2262 non
2818 2205 3033 2262 videbit
3063 2206 3247 2262 vitam
3274 2221 3288 2260 :
3336 2206 3441 2262 sed
3463 2207 3563 2262 ira

1914 2294 2026 2350 Dei
2051 2293 2309 2350 manebit
2335 2308 2516 2362 super
2532 2309 2696 2350 eum:
2720 2292 2938 2351 deinde
2962 2309 3039 2350 ex
3064 2292 3328 2350 historiis
3355 2292 3560 2363 etiam,

1912 2398 2051 2455 quae
2081 2388 2209 2438 tum
2252 2382 2314 2437 in
2352 2381 2572 2450 Veteri,
2613 2387 2740 2439 tum
2768 2381 2831 2438 in
2875 2384 3042 2439 Nova
3085 2381 3392 2455 Scriptura
3419 2381 3568 2437 refe-

1912 2476 2147 2528 runtur.
2178 2473 2325 2527 Ecce
2353 2470 2510 2526 enim
2538 2469 2788 2543 quando
2822 2469 3021 2526 Achar
3047 2468 3280 2526 furatus
3323 2474 3416 2526 est
3458 2469 3567 2526 lin-

1914 2574 2098 2629 guam
2126 2575 2374 2616 auream
2403 2564 2461 2615 et
2482 2558 2936 2627 vestem,iratus
2962 2562 3051 2615 est
3079 2558 3369 2614 Dominus
3398 2556 3568 2614 omni

1912 2646 2159 2720 populo,
2205 2646 2389 2719 idque
2421 2651 2549 2702 tum
2586 2647 2816 2719 peccati
2846 2650 3174 2712 auctorem,
3198 2650 3325 2703 tum
3354 2660 3568 2718 pecca-

1912 2740 2043 2793 tum
2071 2736 2272 2807 ipsum
2296 2734 2618 2805 ignoranti,
2637 2734 2831 2791 donec
2851 2734 3117 2791 detectus
3135 2739 3294 2792 esset
3310 2734 3568 2806 is,cujus

1910 2831 2036 2902 jam
2078 2824 2238 2881 facta
2287 2829 2377 2880 est
2410 2824 2661 2891 mentio,
2703 2840 2774 2881 ac
2806 2822 2979 2896 531
3016 2823 3384 2882 horrendum
3414 2822 3568 2880 illud

1911 2912 2161 2970 exitium
2190 2927 2315 2968 una
2354 2927 2494 2968 cum
2525 2912 2651 2967 suis
2677 2911 2964 2968 omnibus
3005 2913 3286 2970 subiisset
3314 2915 3383 2968 ³⁷.
3439 2910 3568 2969 Heli

1913 3017 2075 3068 vero,
2123 3000 2361 3057 etiamsi
2397 2988 2633 3056 silentio
2680 3016 2805 3056 non
2846 3000 3024 3057 ferret
3064 3001 3221 3057 ﬁlios
3262 3016 3429 3069 suos,
3459 3000 3567 3073 qui

1912 3094 2081 3145 erant
2096 3088 2571 3160 ﬁliipestilentes,
2590 3088 2697 3144 sed
2714 3104 3132 3160 smpenumero
3157 3088 3564 3144 commonuis-

1914 3182 2004 3235 set
2026 3178 2216 3251 ipsos,
2243 3194 2316 3235 ac
2345 3177 2592 3233 dixisset
2610 3179 2693 3233 ²⁸ε
2725 3177 3087 3245 Notite,ﬁtii,
3118 3193 3238 3233 non
3270 3177 3424 3233 bona
3452 3191 3563 3233 au-

1913 3268 2012 3324 dio
2032 3268 2106 3324 de
2141 3268 2331 3338 vobis;
2370 3267 2634 3340 itemque
2660 3264 2930 3337 longiore
2951 3281 3229 3322 sermone
3249 3270 3307 3322 et
3332 3264 3565 3339 peccati

1913 3358 2353 3416 absurditatem
2379 3363 2437 3414 et
2454 3356 2854 3414 inevitabilem
2873 3355 3443 3413 condemnationem
3463 3372 3568 3430 pa-

1914 3447 2232 3514 tefecisset,
2262 3447 2555 3520 quoniam
2587 3450 2791 3503 tamen
2820 3460 2944 3502 non
2974 3445 3216 3519 penitus
3243 3445 3408 3503 ultus
3437 3446 3565 3503 fue-

1912 3542 2023 3604 rat,
2055 3551 2253 3609 neque
2288 3536 2352 3592 in
2383 3551 2486 3592 eos
2526 3535 2870 3592 ostenderat
2906 3534 3190 3591 idoneam
3232 3534 3566 3591 aemulatio-

1913 3641 2076 3693 nem,
2108 3625 2263 3681 adeo
2282 3624 2663 3697 exasperavit
2680 3624 2832 3680 iram
2855 3624 2977 3693 Dei,
2998 3628 3063 3679 ut
3079 3629 3136 3679 et
3154 3623 3416 3695 populus
3443 3637 3566 3680 una

1914 3732 2053 3772 cum
2077 3714 2216 3771 ﬁliis
2258 3715 2448 3788 ipsius
2482 3715 2880 3786 interemptus
2926 3712 3017 3779 sit,
3059 3716 3116 3767 et
3144 3718 3322 3785 capta
3370 3712 3441 3767 sit
3481 3711 3562 3768 ab

1913 3804 2265 3877 alienigenis
2295 3820 2437 3861 arca
2464 3804 2618 3877 ipsa,
2657 3809 2716 3860 et
2758 3804 2888 3876 ipse
2930 3817 3173 3876 quoque
3213 3800 3565 3859 miseranda

1912 3901 2105 3951 morte
2133 3894 2437 3949 interierit.
2462 3892 2630 3959 Quod
2662 3892 2713 3948 si
2745 3892 3039 3949 adversus
3068 3906 3173 3947 eos
3196 3890 3302 3964 qui
3325 3889 3563 3947 sceleris

1912 3982 2139 4039 auctori
2171 3981 2397 4038 conscii
2421 3997 2543 4037 non
2563 3980 2824 4050 fuerunt,
2846 3980 2970 4036 imo
2995 3980 3100 4053 qui
3124 3980 3563 4053 prohibuerunt

1913 4077 2250 4145 peccatum,
2305 4076 2364 4128 et
2410 4070 2837 4145 testimonium
2901 4070 3217 4127 reddidere
3272 4070 3563 4126 adversus

1910 4161 2082 4229 illud,
2124 4162 2212 4219 ira
2241 4165 2407 4217 tanta
2434 4159 2674 4227 exarsit,
2706 4158 2925 4232 ecquid
2953 4158 3092 4231 quis
3122 4158 3320 4215 dicere
3351 4158 3565 4231 poterit

1912 4251 1988 4308 de
2015 4252 2089 4308 iis
2115 4250 2221 4324 qui
2252 4249 2469 4321 sciunt,
2500 4255 2557 4306 et
2588 4253 2792 4305 tamen
2821 4248 3278 4305 conticescunt?
3303 4247 3410 4312 Qui
3433 4246 3564 4320 qui.

1912 4340 2076 4409 dem,
2106 4339 2226 4397 nisi
2247 4356 2317 4397 ea
2347 4337 2731 4412 praestiterint
2753 4353 2891 4411 quae
2923 4335 3003 4394 ab
3027 4334 3317 4410 Apostolo
3347 4336 3426 4393 ad
3457 4335 3564 4392 Co-

2306 4484 2355 4518 ²⁶
2392 4484 2561 4538 ioan.
2598 4496 2684 4553 ιιι,
2729 4484 2818 4537 36.
2924 4481 2967 4516 ³⁷
3009 4483 3191 4537 Josue
3233 4496 3334 4550 vn,
3372 4484 3558 4537 21-26.

1909 4698 2054 4778 loco
2069 4696 2260 4778 co_dex
2281 4696 2454 4778 Voss.
2486 4700 2595 4762 Μὴ,
2628 4699 2799 4778 τέκνα,
2825 4697 2952 4778 υἱοί,
2985 4698 3056 4769 μὴ
3092 4694 3287 4778 ἀγαθά.
3395 4763 3422 4778 Δ
3507 4767 3516 4778 ο

1972 4773 2084 4843 (63)
2115 4773 2255 4843 Reg.
2288 4769 2543 4842 primus,
2573 4777 2664 4821 τοῦ
2709 4763 2865 4843 exigo,
2906 4763 3040 4821 ὥστε
3083 4763 3172 4820 καὶ
3205 4771 3299 4825 τὴν
3333 4763 3554 4843 κιϐωτόν

1904 4836 1995 4914 τού
2026 4849 2160 4897 Θεοῦ
2203 4836 2490 4914 ληφθῆναι,
2529 4836 2621 4914 καί
2667 4843 2753 4892 τόν
2794 4839 3223 4914 λαόνητού-βεού
3272 4843 3381 4914 τοῖς
3423 4836 3554 4914 uici;

1902 4913 2065 4966 αὐτοῦ
2121 4904 2546 4972 συναναλωθῆναι
2594 4912 2693 4964 ύπό
2740 4920 2836 4963 τῶν
2885 4908 3193 4980 ἀλλοφύλων,
3253 4910 3343 4957 καὶ
3395 4904 3552 4980 αὐτόν

1904 4984 1987 5038 ἐπὶ
2017 4987 2238 5047 τούτοις.
2287 4983 2482 5040 Codex
2514 4983 2697 5039 Voss.
2759 4984 2844 5033 τόν
2886 4977 3023 5031 λαόν
3055 4985 3145 5029 τού
3186 4983 3345 5029 Θεοῦ.
3369 5015 3382 5029 .
3405 5015 3418 5029 .
3457 4977 3552 5032 τὴν

1902 5055 2123 5110 κιϐωτόν
2163 5055 2487 5114 ἀναλωθῆναί
2515 5074 2571 5107 τε
2596 5059 2685 5106 καὶ
2715 5052 2887 5104 αὐτόν.

1974 5129 2087 5198 (64)
2119 5130 2258 5198 Reg.
2294 5113 2742 5198 pri’mus‘manu
2770 5118 3096 5198 recentiore
3146 5124 3244 5198 τῷν
3282 5118 3354 5198 μὴ
3381 5113 3553 5198 κωλυ-

1906 5186 2123 5250 σάνττρίνο
2158 5186 2265 5253 εέἀ
2294 5186 2654 5268 particulam
2694 5188 3246 5268 neganteminepte
3275 5186 3551 5268 additam

1902 5284 2036 5339 esse
2061 5268 2284 5339 vident,
2299 5257 2544 5339 'opinor,
2578 5257 2808 5339 omnes}
2834 5258 2922 5339 lbi
2937 5260 3103 5339 enim
3130 5257 3329 5339 sermo
3345 5264 3448 5339 _c.s_t
3478 5257 3555 5339 de

1903 5336 2065 5411 Heli;
2096 5329 2292 5411 deque
2318 5329 2561 5408 reliquis
2591 5334 2722 5411 eius
2751 5329 3068 5411 similibus,
3096 5329 3200 5411 qui
3228 5329 3557 5411 prohibent

1900 5400 2149 5482 quidem
2181 5400 2513 5482 peccatum,
2547 5400 2653 5460 sed
2696 5400 2959 5458 mollius.
2994 5400 3135 5459 Mox'
3153 5400 3298 5470 Reg.
3340 5401 3553 5457 tertius

1903 5478 2114 5538 τοιαύτη
2149 5478 2361 5553 ἧόργῆ.
