4086 6186
581 310 714 365 “‘27

1954 294 2016 352 S.
2055 293 2300 350 BASILII
2344 292 2562 349 MAGNI

3763 296 3879 350 U28

572 447 745 491 veam
775 428 991 487 cadent
1006 426 1075 483 ‘9.
1099 427 1168 481 Et
1196 421 1388 480 multa
1406 419 1831 492 hujuscemodi
1852 398 2229 492 poteritquis

2350 418 2433 467 mi
2492 414 2540 467 έν
2591 422 2700 479 τοῖς
2755 414 3113 488 new/7mm,
3166 418 3259 467 καὶ
3312 416 3451 490 παρὰ
3503 424 3573 487 τῷ
3621 414 3880 491 ’Δποστὸλῳ

573 519 843 579 invenire
878 524 1007 575 tum
1026 517 1089 572 in
1119 510 1479 580 Evangeliis,
1499 514 1627 566 tum
1654 508 1821 582 apud
1851 506 2226 581 Apostolum.

578 614 725 668 Cum
747 623 891 664 vero
903 605 983 662 ob
1002 619 1077 661 ea
1094 617 1231 676 quas
1251 599 1312 655 in
1326 602 1618 671 potestate
1631 605 1839 655 nostra
1851 597 2047 670 posita
2067 599 2228 663 sunt,

578 697 908 755 offenditur
927 692 1083 767 quis,
1108 695 1213 746 aut
1241 687 1599 745 scandalum
1628 687 1875 759 patitur,
1892 691 2034 742 tunc
2060 699 2232 740 revo-

577 786 778 843 canda
803 787 942 839 sunt
971 780 1031 837 in
1068 776 1428 835 memoriam
1455 776 1583 831 haec
1614 774 1850 833 Domini
1888 774 1966 829 ad
1999 775 2232 828 Petrum

575 874 785 942 verba,
817 870 1067 946 quando
1089 867 1271 925 dixit:
1304 865 1469 936 Ergo
1496 865 1672 921 liberi
1698 869 1838 920 sunt
1866 865 2015 933 filii;
2035 868 2099 918 ut
2128 877 2236 919 au-

578 971 693 1021 tem
718 979 840 1019 non
862 959 1341 1017 scandalizemus
1362 970 1475 1027 eos,
1498 956 1800 1026 profectus
1819 953 1900 1009 ad
1916 966 2086 1008 mare
2103 953 2234 1007 mit-

578 1058 635 1109 te
667 1053 913 1109 hamum
933 1067 956 1103 .·
986 1051 1039 1104 et
1065 1062 1196 1103 eum
1231 1044 1452 1114 piscem
1485 1044 1591 1114 qui
1607 1043 1841 1111 primus
1871 1039 2232 1103 ascenderit,

577 1143 769 1199 tolle:
798 1144 1082 1209 etaperto
1111 1150 1212 1192 ore
1241 1138 1388 1204 ejus,
1416 1133 1679 1188 invenies
1707 1136 1985 1187 staterem
2007 1143 2030 1201 ;
2058 1131 2233 1186 illum

574 1229 931 1298 sumens,da
953 1228 1033 1283 eis
1051 1240 1164 1294 pro
1186 1238 1278 1278 me
1296 1228 1349 1278 et
1372 1222 1506 1286 te”,
1526 1222 1666 1276 item
1689 1235 1826 1292 quae
1850 1219 1928 1274 ab
1950 1216 2234 1291 Apostolo

577 1320 658 1377 ad
682 1317 1018 1377 Corinthios
1040 1313 1262 1385 scripta
1282 1315 1422 1366 sunt
1444 1309 1538 1367 liis
1560 1309 1789 1365 verbis:
1813 1308 1950 1364 Non
1977 1306 2234 1365 mandu-

580 1410 726 1465 cabo
753 1420 996 1463 carnem
1027 1405 1091 1458 in
1123 1408 1435 1468 aeternum,
1457 1414 1532 1455 ne
1556 1399 1817 1469 fratrem
1842 1414 2035 1454 meum
2064 1412 2237 1453 scan-

578 1495 930 1558 dalizem'“;
966 1508 1036 1548 ac
1066 1505 1272 1546 rursus
1296 1505 1309 1544 :
1335 1490 1573 1544 Bonum
1598 1494 1683 1544 est
1714 1503 1835 1543 non
1865 1487 2238 1543 manducare

580 1598 847 1647 carnem,
879 1587 933 1637 et
962 1594 1084 1635 non
1117 1578 1312 1634 bibere
1332 1578 1562 1643 vinum,
1590 1592 1779 1647 neque
1802 1576 1864 1631 in
1894 1590 2010 1647 quo
2036 1575 2239 1645 frater

581 1680 719 1728 tuus
749 1670 1097 1741 oﬂ'enditur,
1124 1673 1231 1724 aut
1259 1666 1740 1734 scandalizatur,
1763 1670 1869 1721 aut
1885 1665 2241 1733 inﬁrmatur

2343 505 2485 578 εὖροι
2527 524 2607 568 τις
2651 506 2734 559 ἄν.
2765 504 2926 559 ’Ὀταν
2970 501 3030 558 δε
3076 503 3160 557 ἐπὶ
3206 510 3316 565 τοῖς
3357 502 3406 557 ἓν
3448 502 3653 577 έξουσίᾳ
3691 507 3884 581 ἡμετέρᾳ

2341 598 2593 666 κειμένοις
2643 598 2948 668 προσκόπτει
2996 613 3096 660 τις,
3138 594 3168 652 ᾖ
3215 589 3642 661 σκανδαλίξηται,
3672 594 3737 655 εἰς
3778 593 3883 645 ἀνά-

2343 701 2535 754 μνησιν
2580 681 2741 734 ἐλθεῖν
2784 679 2869 735 δεῖ
2909 686 3025 734 τότε
3070 689 3170 735 τῶν
3206 689 3297 733 τοῦ
3341 685 3531 756 Κυρίου
3562 682 3634 753 (5)
3670 686 3783 756 πρὸς
3813 687 3883 735 τόν

2345 775 2536 846 Πέτρον
2583 772 2853 847 ῥημάτων,
2895 771 3161 832 εἰπόντος·
3212 769 3348 846 ’Ἆρα
3385 789 3446 842 γε
3502 769 3737 844 ἐλεύθεροί
3780 771 3884 823 εἰσιν

2344 864 2393 914 οἱ
2442 864 2547 915 υἱοί
2573 883 2585 896 ο
2637 864 2720 914 ῖνα
2767 858 2826 927 δε
2873 866 2945 934 μὴ
2999 857 3424 933 σκανδαλίσωμεν
3470 861 3680 928 αὐτοὺς,
3724 880 3885 936 πορευ-

2347 953 2451 1013 θεὶς
2503 951 2572 1013 εἰς
2629 955 2724 1009 τὴν
2785 950 3088 1021 θάλασσαν,
3152 949 3280 1023 βάλε
3334 952 3649 1025 ἄγκιστρον,
3698 955 3778 1002 καὶ
3820 954 3887 1001 τὸν

2346 1038 2691 1094 ἀναϐαίνοντα
2746 1040 2823 1112 (6)
2889 1048 3091 1117 πρῶτον
3171 1039 3325 1114 ἰχθὺν
3399 1033 3520 1114 ἆρον
3556 1059 3569 1072 ·
3629 1043 3713 1091 καὶ
3770 1037 3888 1093 ἀνοί-

2345 1130 2437 1193 ξας
2501 1132 2558 1181 τὸ
2627 1132 2797 1203 στόμα
2859 1128 3057 1195 αὐτοῦ,
3115 1130 3353 1203 εὑρήσεις
3419 1137 3682 1204 στατῆραο
3736 1126 3888 1181 ἐκεῖνον

2343 1218 2547 1287 λαϐὼν,
2606 1216 2695 1280 δὸς
2757 1218 2936 1280 αὐτοῖς
2997 1215 3109 1271 ἀντὶ
3164 1217 3289 1290 ἐμοῦ
3349 1223 3440 1270 καὶ
3494 1226 3621 1271 σοῦ·
3680 1223 3761 1270 καὶ
3811 1226 3888 1269 τῶν

2344 1316 2435 1361 τοῦ
2491 1307 2810 1361 Ἀποστόλου
2857 1311 2988 1382 πρὸς
3047 1309 3352 1380 Κορινθίους
3392 1309 3721 1382 γραμμάτων,
3754 1305 3795 1359 ἐν
3830 1308 3890 1368 οἷς

2345 1416 2542 1469 φησιν·
2590 1397 2665 1449 0'3
2718 1401 2788 1469 μὴ
2850 1399 2998 1469 φάγω
3050 1401 3175 1470 κρέα
3231 1397 3301 1459 εἰς
3349 1401 3438 1449 τόν
3492 1403 3673 1464 αἰῶνα,
3715 1397 3787 1448 ἵνα
3830 1400 3885 1470 μὴ

2343 1489 2429 1539 τὸν
2492 1482 2711 1559 ἀδελφόν
2777 1505 2879 1559 μου
2944 1482 3281 1538 σκανδαλίσω
3308 1506 3322 1519 ·
3380 1491 3469 1539 καὶ
3521 1485 3701 1541 πάλιν·
3755 1483 3888 1538 Καλὸν

2345 1578 2405 1627 τό
2464 1580 2533 1648 μὴ
2580 1581 2769 1647 ,φαγεῖν
2818 1579 2971 1650 κρέα,
3027 1571 3168 1649 μηδὲ
3218 1582 3354 1628 πιεῖν
3403 1573 3564 1642 οἶνον,
3611 1571 3737 1648 μηδὲ
3780 1572 3889 1643 ὶνῷ

2348 1665 2373 1716 ό
2438 1661 2653 1736 ἀδελφός
2718 1683 2812 1716 σου
2875 1668 3227 1739 προσκόπτει,
3295 1665 3327 1723 ἦ
3402 1660 3810 1724 σκανδαλίζεται,
3862 1661 3885 1721 ἦ

578 1763 648 1817 ⁷³.
685 1763 879 1826 Quam
909 1762 1113 1815 autem
1144 1755 1541 1813 metuendum
1567 1756 1642 1811 sit
1666 1754 1725 1810 in
1751 1754 1842 1825 iis,
1875 1767 2010 1826 qua;
2036 1753 2240 1808 viden—

2350 1751 2571 1807 ἀσθενεῖ.
2615 1750 2793 1813 Ὀπως
2825 1748 2885 1804 δέ
2923 1751 3033 1805 έστι
3083 1751 3293 1827 φοϐερὸν
3340 1756 3399 1805 τὸ
3445 1751 3528 1806 ἐπὶ
3556 1760 3655 1813 τοῖς
3690 1750 3733 1803 έν
3770 1751 3888 1814 ἐξον-

576 1855 676 1906 tur
693 1849 810 1905 sita
838 1863 973 1903 esse
996 1848 1057 1902 in
1081 1848 1378 1920 potestate
1401 1850 1627 1912 nostra,
1652 1842 1966 1917 aspernari
1992 1841 2239 1897 fratrem

577 1938 683 2011 qui
704 1937 785 1993 ob
807 1938 939 1993 hinc
962 1933 1252 1991 seandalo
1274 1932 1551 1999 afﬁcitur,
1585 1931 1849 1988 ostendit
1867 1935 2239 2004 praeceptum

581 2026 843 2089 Domini,
872 2024 977 2097 qui
1006 2025 1067 2079 in
1111 2022 1465 2079 universum
1511 2020 1794 2094 prohibet
1835 2019 2014 2092 438
2059 2034 2240 2074 omne

579 2113 859 2171 scandali
889 2128 1102 2184 genus,
1130 2128 1201 2169 ac
1231 2111 1473 2167 dicit“:
1519 2109 1722 2167 Videte
1739 2124 1815 2167 ne
1844 2110 2239 2166 contemnatis

576 2219 766 2259 unum
796 2216 870 2259 ea:
897 2202 987 2259 his
1004 2201 1253 2270 pusillis
1274 2216 1296 2256 :
1323 2200 1456 2256 dico
1477 2200 1635 2256 enim
1660 2198 1843 2268 vobis,
1866 2201 2008 2270 quia
2037 2196 2244 2269 angeli

578 2304 785 2346 eorum
802 2304 1033 2359 semper
1049 2288 1258 2346 vident
1268 2288 1487 2357 faciem
1505 2287 1715 2343 Patris
1731 2286 1863 2357 mei,
1878 2287 1987 2357 qui
1998 2287 2059 2340 in
2076 2284 2242 2341 ccelis

582 2385 686 2436 est.
709 2380 865 2446 Quin
907 2383 964 2434 et
993 2377 1156 2433 idem
1186 2381 1442 2433 testatur
1471 2376 1824 2449 Apostolus,
1855 2374 1963 2447 qui
1992 2373 2242 2447 quidem

582 2468 770 2525 modo
793 2467 997 2524 dicit“
1022 2484 1035 2522 :
1070 2466 1190 2522 Sed
1218 2467 1330 2521 hoc
1349 2466 1628 2534 judicate
1654 2465 1868 2534 magis,
1899 2478 1974 2519 ne
1996 2463 2242 2532 ponatis

583 2557 1013 2628 offendiculum
1028 2555 1242 2625 fratri,
1255 2554 1351 2610 vel
1365 2552 1723 2609 scandalum
1734 2567 1758 2608 .’
1769 2551 1954 2607 modo
1972 2566 2112 2607 vero
2126 2551 2243 2607 hoc

582 2644 871 2703 delictum
892 2642 1309 2700 vehementius
1328 2639 1627 2696 interdicit
1643 2639 1962 2696 verborum
1987 2654 2244 2712 appara-

581 2740 652 2791 tu
679 2733 984 2801 uberiore,
1014 2730 1120 2785 ubi
1161 2730 1241 2784 ait
1269 2750 1282 2784 :
1312 2728 1379 2784 Si
1418 2729 1551 2800 quis
1598 2733 1753 2784 enim
1785 2729 2002 2784 viderit
2033 2736 2109 2795 te,
2142 2730 2248 2800 qui

584 2821 765 2879 habes
785 2820 1122 2882 scientiam,
1135 2820 1201 2873 in
1218 2818 1402 2873 idolio
1418 2816 1879 2885 recumbentem,
1896 2831 2098 2873 nonne
2112 2832 2245 2873 con-

581 2908 835 2967 scientia
855 2908 1005 2977 ejus,
1020 2907 1127 2978 qui
1139 2907 1420 2975 inﬁrmus
1438 2911 1544 2972 est,
1559 2905 1963 2974 zdzﬁcabitur
1980 2906 2062 2961 ad
2081 2920 2247 2961 man-

581 2996 933 3055 ducandum
949 2994 1287 3065 idolothyta
1300 2997 1329 3050 ?
1346 2994 1425 3049 Et
1438 2994 1659 3063 peribit
1676 2995 1737 3049 in
1741 2994 1954 3062 ﬁrmus
1963 2994 2166 3063 frater
2178 2995 2244 3049 in

2350 1846 2439 1915 σία
2475 1843 2683 1894 κεῖσθαι
2715 1836 2937 1894 δοκοῦσι
2981 1847 3225 1917 περιορᾷν
3265 1845 3354 1894 τὸν
3402 1839 3616 1916 ἀδελφόν
3649 1836 3889 1894 σκανδαλι-

2349 1930 2559 2004 ζόμενον
2606 1928 2655 1981 έν
2706 1932 2911 1991 τούτοῖς
2950 1930 3049 2001 (7),
3101 1926 3337 1982 δείκνυσι
3381 1934 3472 2003 μὲν
3524 1931 3554 1989 ἡ
3606 1938 3691 1983 τοῦ
3733 1932 3888 2000 Κυρίου

2347 2016 2708 2095 παραγγελία,
2773 2018 2995 2071 καθόλου
3056 2019 3227 2071 πάντα
3293 2015 3682 2093 σκανδαλισμοῦ
3739 2021 3887 2091 τρόπον

2350 2105 2796 2180 ἀπαγορεύοντος,
2858 2111 2948 2158 καὶ
3011 2105 3251 2178 λέγοντος
3282 2127 3295 2141 ·
3365 2106 3551 2182 Ὁρᾶτε
3626 2113 3691 2181 μὴ
3757 2125 3889 2158 κατα-

3639 2197 3753 2270 λέγω
3812 2196 3887 2270 γὰρ

2350 2287 2470 2358 ὑμῖν
2496 2329 2512 2355 ,
2566 2286 2646 2337 ὃτι
2710 2287 2759 2338 οἱ
2826 2284 3038 2357 ἄγγελοι
3103 2285 3272 2337 αὐτῶν
3337 2282 3375 2338 δ
3382 2290 3622 2351 ιαπαντός
3682 2285 3890 2361 βλέπουσι

2350 2202 2641 2273 φρονήσητε
2717 2196 2825 2258 ἐνὸς
2896 2204 2997 2248 τῶν
3062 2205 3261 2272 μικρῶν
3337 2200 3531 2250 τούτων
3564 2219 3577 2231 ·

2349 2376 2408 2428 τὸ
2474 2378 2750 2448 πρόσωπον
2812 2380 2904 2427 τοῦ
2967 2378 3172 2448 Πατρός
3227 2393 3366 2448 μου,
3426 2384 3518 2429 τοῦ
3574 2375 3619 2428 ἔν
3678 2375 3885 2449 οὐρανοῖς.

2351 2470 2623 2539 Μαρτυρεῖ
2660 2459 2719 2515 δὲ
2765 2467 2855 2515 καὶ
2894 2464 2919 2514 ό
2970 2462 3287 2526 Ἀπόστολος
3336 2465 3414 2535 (8)
3460 2465 3614 2538 λέγων
3650 2467 3759 2518 ποτὶ
3786 2467 3886 2537 μέν·

2356 2551 2509 2603 Ἀλλὰ
2564 2559 2717 2605 τοῦτο
2756 2557 2963 2628 κρίνατε
3018 2550 3247 2626 μᾶλλον,
3293 2556 3356 2605 τὸ
3409 2559 3480 2629 μὴ
3531 2557 3713 2608 τιθέναι
3755 2558 3889 2626 πρόσ-

2352 2660 2531 2716 κομμα
2595 2649 2667 2712 τῷ
2745 2637 2950 2713 ἀδελφῷ
3017 2641 3047 2700 ἦ
3120 2637 3419 2695 σκάνδαλον
3453 2665 3467 2677 ·
3542 2646 3659 2697 ποτὶ
3716 2638 3768 2695 δε
3820 2637 3892 2692 διὰ

2351 2734 2723 2805 περισσοτέρας
2787 2737 3120 2791 κατασκευῆς
3196 2728 3547 2807 σφοδρότερον
3619 2731 3891 2804 ἀπαγορεύων

2352 2822 2411 2872 τὸ
2460 2820 2672 2886 ἄτοπον,
2703 2815 2776 2871 δι’
2825 2820 2892 2871 ὧν
2935 2839 3093 2892 γησιν
3118 2841 3131 2854 ·
3174 2821 3289 2875 Ἐὰν
3334 2825 3439 2897 γάρ
3486 2842 3563 2887 τις
3605 2819 3690 2895 ’ίδῃ
3729 2824 3792 2886 σε,
3826 2822 3890 2871 τόν

2354 2909 2547 2979 ἔχοντα
2607 2916 2800 2980 γνῶσιν
2834 2950 2848 2973 ,
2916 2906 2965 2961 έν
3032 2905 3275 2981 εἰδωλείῳ
3344 2917 3742 2986 κατακείμενον,
3795 2908 3893 2979 οὐχὶ

2354 2997 2384 3055 ἠ
2476 2994 2781 3059 συνείδησις
2864 2997 3025 3050 αὐτοῦ
3109 2996 3363 3062 ἀσθενοῦς
3444 3005 3585 3064 ὄντος
3655 2995 3893 3071 οἰκοδομη-

582 3094 692 3145 tua
710 3087 985 3154 scientia,
1004 3091 1255 3154 propter
1272 3098 1443 3155 quem
1476 3083 1752 3140 Christus
1778 3090 2052 3140 mortuus
2077 3086 2240 3141 est“.

2358 3087 2576 3144 θήσεται
2636 3085 2704 3146 εἰς
2757 3089 2816 3138 τὸ
2876 3089 2943 3140 τὰ
2994 3083 3318 3141 εἰδωλόθυτα
3378 3088 3607 3157 ἐσθίειν;
3661 3093 3741 3142 καὶ
3790 3086 3895 3139 ἀπο-

584 3174 818 3242 Quibus
839 3174 914 3230 ad
918 3173 1144 3244 jungit:
1164 3173 1266 3229 Sic
1288 3178 1485 3228 autem
1506 3180 1822 3241 peccantes
1844 3175 1906 3229 in
1924 3174 2175 3243 fratres,
2190 3180 2245 3231 et

579 3265 985 3336 percutientes
1000 3263 1423 3318 conscientiam
1441 3276 1644 3317 eorum
1656 3262 1984 3331 inﬁrmam,
1995 3267 2059 3319 in
2073 3263 2246 3321 Chri-

584 3358 743 3409 stum
760 3351 1041 3421 peccatis.
1067 3351 1469 3420 Quapropter,
1490 3350 1545 3405 si
1563 3365 1695 3406 esca
1713 3353 2091 3408 scandalizat
2116 3353 2247 3421 fra-

589 3450 741 3497 trem
762 3454 981 3502 meum.
1005 3454 1127 3494 non
1167 3439 1547 3496 manducabo
1575 3454 1814 3496 carnem
1841 3441 1903 3496 in
1931 3446 2241 3505 aeternum,

588 3544 665 3586 ne
686 3530 951 3599 fratrem
988 3541 1182 3583 meum
1223 3529 1719 3584 scandalizem".
1759 3529 1827 3584 Et
1860 3527 1978 3585 alio
2006 3530 2067 3584 in
2109 3528 2244 3587 loco

587 3620 916 3691 postquam
935 3614 1115 3672 dixit:
1139 3616 1236 3672 An
1262 3631 1369 3686 ego
1390 3617 1553 3671 solus
1573 3622 1628 3672 et
1650 3616 1969 3673 Barnabas
1999 3632 2119 3673 non
2140 3619 2245 3675 ha-

588 3707 788 3764 bemus
809 3710 1161 3775 potestatem
1190 3705 1300 3761 hoc
1324 3706 1715 3775 operandi"?
1745 3705 2001 3761 subinde
2028 3706 2246 3778 adjun-

586 3797 674 3867 git
697 3814 713 3852 :
740 3795 862 3852 Sed
890 3810 1013 3851 non
1045 3797 1143 3851 usi
1168 3810 1372 3850 sumus
1413 3794 1528 3852 hac
1553 3801 1871 3865 potestate,
1899 3798 2002 3853 sed
2042 3798 2245 3855 omnia

584 3886 968 3952 sustinemus,
982 3898 1059 3940 ne
1071 3883 1234 3955 quod
1249 3883 1675 3953 oﬂ'endiculum
1692 3885 1897 3940 demus
1911 3886 2243 3956 Evangelia

588 3973 897 4032 Christi".
934 3974 1249 4040 Caeterum,
1278 3988 1418 4027 cum
1447 3987 1576 4028 rem
1606 3972 1690 4029 ita
1707 3973 2079 4030 horrendam
2109 3991 2244 4033 esse

581 4062 1067 4119 demonstratum
1098 4061 1193 4123 sit,
1225 4060 1288 4116 in
1331 4060 1403 4116 iis
1445 4077 1582 4133 quae
1612 4063 1673 4117 in
1715 4068 2010 4134 potestate
2037 4068 2245 4122 nostra

582 4152 783 4224 posita
830 4154 993 4217 sunt,
1023 4148 1189 4205 fratri
1220 4164 1351 4204 esse
1394 4149 1674 4222 exemplo
1718 4150 1902 4214 malo,
1942 4152 2243 4224 quidnam

579 4240 774 4313 possit
812 4238 951 4312 quis
996 4237 1072 4294 de
1116 4237 1188 4294 iis
1231 4237 1452 4305 dicere,
1480 4238 1584 4310 qui
1611 4239 1788 4296 vetita
1832 4239 2110 4297 faciendo
2140 4246 2246 4299 aut

579 4326 889 4399 loquendo
918 4326 1069 4383 dant
1096 4327 1458 4383 scandalum
1478 4328 1506 4384 ‘t
1536 4333 1592 4384 et
1638 4329 1925 4396 maxime,
1957 4345 2096 4385 cum
2139 4335 2246 4387 aut

2354 3174 2520 3227 λεῖται
2558 3177 2632 3246 (9)
2687 3176 2713 3227 ό
2770 3172 2996 3228 ἀσθενῶν
3055 3172 3276 3250 ἀδελφός
3331 3176 3418 3232 ἐπὶ
3475 3188 3535 3252 τῇ
3594 3187 3655 3252 σῇ
3711 3181 3892 3250 γνώσει,

2358 3260 2434 3317 δι’
2485 3264 2539 3317 ὃν
2592 3267 2827 3339 Χριστὸς
2882 3261 3149 3320 ἀπέθανεν.
3212 3268 3308 3328 Οἷς
3370 3267 3627 3344 ἐπιφέρει·
3679 3267 3806 3327 Οὕτω
3850 3258 3894 3313 δί

2356 3354 2734 3431 ἁμαρτάνοντες
2802 3353 2872 3417 εἰς
2955 3358 3072 3415 τοὺς
3151 3352 3450 3430 ἀδελφοὺς,
3524 3362 3610 3411 καὶ
3669 3359 3894 3413 τύπτοντες

2356 3445 2522 3498 αὐτῶν
2589 3449 2683 3503 τὴν
2748 3440 3052 3503 συνείδησιν
3113 3443 3440 3501 ἀσθενοῦσαν
3482 3449 3628 3520 (10),
3675 3446 3742 3509 εἰς
3789 3452 3894 3518 Χρι-

2357 3538 2479 3588 στὸν
2564 3533 2901 3608 ἁμαρτάνετε.
2966 3539 3150 3612 Διόπερ
3218 3537 3262 3589 εἰ
3339 3537 3533 3616 βρῶμα
3611 3532 3895 3595 σκανδαλίζει

2353 3627 2441 3677 τὸν
2491 3619 2709 3694 ἀδελφόν
2758 3643 2881 3696 μου,
2922 3623 2982 3675 οὐ
3031 3629 3103 3696 μὴ
3156 3626 3304 3697 φάγω
3354 3632 3483 3703 κρέα
3523 3628 3589 3690 εἰς
3626 3631 3706 3681 τόν
3750 3623 3893 3684 αἰῶνα,

2355 3712 2441 3764 ἵνα
2490 3716 2561 3785 μή
2627 3714 2713 3764 τὸν
2764 3708 2981 3785 ἀδελφόν
3033 3732 3134 3785 μου
3195 3713 3563 3773 σκανδαλίσω.
3627 3720 3718 3770 Καὶ
3769 3710 3895 3765 ἀλλα-

2354 3808 2483 3874 χοῦ,
2532 3799 2684 3854 εἰπών
2709 3820 2722 3834 ο
2773 3798 2841 3853 Ἦ
2888 3805 3039 3873 μόνος
3086 3800 3187 3874 έγὼ
3233 3809 3325 3857 καὶ
3376 3805 3632 3880 Βαρνάϐας
3675 3805 3759 3858 οὐκ
3797 3804 3897 3873 ἔχο-

2356 3909 2447 3963 μεν
2505 3888 2746 3952 έξουσίαν
2797 3896 2889 3941 τοῦ
2955 3896 3026 3963 μὴ
3099 3892 3455 3966 ἐργάζευ-ϐας
3513 3895 3627 3958 ἑξῆς
3684 3891 3895 3961 ἐπιλέγει-

2358 3978 2496 4033 Ἀλλὶ
2560 3978 2653 4031 οὐκ
2718 3977 3066 4053 ἐχρησάμεθα
3137 3989 3200 4054 τῇ
3271 3981 3487 4058 ἐξουιῖἰῖςι
3553 3987 3741 4055 ταύτῃ,
3800 3976 3900 4031 ἀλλὰ
3979 3980 3983 3985 ’

2356 4068 2525 4120 πάντα
2580 4070 2828 4139 στέγομεν
2856 4106 2870 4132 ,
2932 4066 3015 4119 ἶνα
3068 4072 3139 4141 μὴ
3198 4068 3429 4141 έγκοπήν
3482 4092 3594 4124 τινα
3656 4067 3803 4141 δῶμεν
3844 4072 3898 4133 τῷ

2355 4154 2653 4226 Εὐαγγελίῳ
2692 4162 2783 4207 τοῦ
2835 4162 3087 4230 Χριστοῦ.
3131 4159 3282 4210 Οὕτω
3339 4157 3401 4214 δὲ
3449 4160 3657 4235 φοϐεροῦ
3698 4154 3899 4227 δειχθέν-

2355 4263 2444 4305 τος
2495 4251 2588 4296 τοῦ
2634 4242 2718 4295 έπὶ
2765 4251 2876 4306 τοῖς
2926 4242 2974 4296 ἓν
3021 4244 3235 4320 ἐξουσίᾳ
3281 4254 3537 4322 κειμένοις
3584 4242 3898 4301 σκανδαλίζειν

2354 4334 2442 4384 τὸν
2487 4328 2729 4405 ἀδελφὸν,
2770 4337 2823 4385 τί
2867 4334 2928 4385 ἄν
2965 4352 3046 4395 τις
3094 4337 3229 4388 εἴποι
3269 4342 3387 4411 περὶ
3416 4346 3515 4390 τῶν
3554 4336 3603 4389 έν
3629 4343 3694 4405 τῷ
3726 4335 3785 4385 τὰ
3816 4328 3896 4380 ἁπ-

582 4414 833 4508 scientia
853 4415 1082 4485 majore
1103 4416 1393 4488 prmditus
1416 4431 1547 4472 esse
1567 4416 1804 4474 videtur
1818 4418 1923 4491 qui
1943 4424 2033 4474 est
2050 4417 2240 4474 offen-

2357 4426 2681 4495 ηγορευμένα
2742 4429 2906 4475 ποιεῖν
2972 4424 3002 4482 ἦ
3068 4422 3233 4496 λέγειν
3301 4424 3772 4487 σκανδαλιζόντων;
3828 4421 3896 4469 καὶ

587 4500 765 4570 sioni,
788 4507 893 4557 aut
916 4503 1298 4559 constituitur
1318 4504 1380 4559 in
1403 4503 1608 4577 aliquo
1631 4508 1826 4576 gradu
1851 4507 2236 4564 sacerdotali:

582 4588 688 4665 qui
711 4604 851 4645 cum
881 4589 1099 4646 debeat
1129 4590 1264 4646 aliis
1293 4606 1424 4647 esse
1449 4595 1812 4665 praepositus
1840 4595 2004 4651 velut
2029 4596 2243 4667 regula

583 4683 643 4735 et
662 4677 991 4751 exemplar,
1007 4678 1059 4733 si
1078 4678 1169 4734 vel
1185 4679 1506 4735 minimum
1524 4682 1673 4753 quid
1690 4682 2016 4752 neglexerit
2028 4699 2240 4741 eorum

582 4780 719 4840 quae
749 4762 972 4840 scripta
997 4770 1155 4834 sunt,
1171 4771 1292 4827 ,aut
1316 4766 1520 4823 fecerit
1548 4769 1919 4841 prohibitum
1943 4772 2241 4844 quiddam

582 4860 689 4914 aut
718 4855 944 4929 aliquid
973 4854 1142 4929 quod
1172 4861 1540 4929 praeceptum
1563 4858 1638 4914 sit
1660 4859 1947 4927 omiserit,
1982 4866 2086 4918 aut
2117 4878 2241 4920 uno

655 4984 702 5019 ⁸⁵
743 4981 942 5039 Matth.
984 4997 1077 5048 xv,
1126 4983 1304 5037 12-14.
1380 4980 1430 5014 ⁷ο
1469 4980 1669 5037 Matth.
1709 4997 1849 5050 xvu,
1890 4987 1981 5048 25,
2021 4987 2109 5040 26.
2185 4987 2234 5024 ⁷¹

659 5097 672 5111 .
750 5055 801 5089 ⁷⁸
840 5056 1009 5109 Rom.
1053 5068 1166 5119 xxv,
1208 5055 1295 5109 13.
1371 5052 1421 5086 ⁷⁵
1462 5055 1483 5107 l
1525 5054 1656 5109 Cor.
1697 5068 1819 5119 vm,
1865 5058 1948 5119 10,
1994 5060 2079 5112 11.
2156 5059 2207 5093 ⁷⁸

2350 4991 2473 5047 Cor.
2512 5007 2632 5057 vui,
2677 4994 2762 5048 13.
2836 4992 2886 5027 ⁷³
2924 4994 3098 5052 Rom.
3139 5010 3260 5062 xiv,
3297 4998 3387 5051 21.

2350 5060 2396 5117 1.
2442 5065 2527 5119 12.
2572 5066 2660 5119 13.
2734 5064 2781 5098 ⁷⁷
2824 5067 2846 5119 l
2884 5066 3015 5119 Cor.
3057 5081 3133 5119 ix.
3175 5070 3228 5119 6.
3305 5068 3351 5102 ⁷⁸

2383 5102 2396 5117 ο
2446 5099 2527 5127 ιθ,
2575 5099 2660 5121 sua

585 5056 672 5111 10.
750 5055 801 5089 ⁷⁸
840 5056 1009 5109 Rom.
1053 5068 1166 5121 xxv,
1208 5055 1295 5109 13.
1371 5052 1421 5086 ⁷⁵
1462 5055 1483 5107 l
1525 5054 1656 5109 Cor.
1697 5068 1819 5123 vm,
1865 5058 1948 5122 10,
1994 5060 2079 5112 11.

655 5196 733 5267 (5)
775 5194 946 5263 Editi,
978 5203 1078 5269 τῶν
1122 5196 1221 5247 ὑπὸ
1269 5200 1362 5247 τοῦ
1411 5197 1626 5269 Κυρίου.
1669 5194 1913 5269 Antiqui
1945 5200 2062 5254 tres
2102 5196 2242 5257 libri

586 5266 685 5318 τῶν
714 5274 831 5336 τοῦ,
853 5266 1093 5323 rectius.

657 5338 739 5403 (6)
779 5334 981 5393 Codex
1013 5339 1182 5393 Voss.
1212 5341 1298 5389 τὸν
1328 5334 1609 5393 ἀναϐάντα.

659 5407 734 5478 (7)
776 5409 917 5475 Reg.
951 5409 1156 5464 tertius
1181 5406 1264 5461 ἐπὶ
1294 5411 1516 5468 τούτοις.

661 5478 742 5547 (8)
782 5478 983 5558 Codex
1009 5478 1189 5558 Golbq
1201 5478 1485 5558 ἀπόστολος
1513 5479 1735 5558 ῌαρλος.
1758 5479 2080 5554 Aliquanto
2101 5489 2241 5558 post

589 5546 734 5618 Reg.
758 5547 992 5619 primus
1017 5557 1091 5620 τῷ
1120 5546 1325 5621 ἀδελφῷ
1350 5550 1419 5612 εἰς
1443 5548 1754 5609 σκάνδαλον,

2352 4510 2584 4583 μάλιστα
2626 4512 2743 4564 ὅταν
2788 4513 2818 4571 ἣ
2872 4520 3067 4585 γνῶσιν
3110 4516 3246 4587 ἴχων
3289 4519 3658 4592 περισσοτέραν
3694 4515 3896 4584 φαίνηται

2352 4601 2379 4651 ό
2428 4595 2822 4669 σκανδαλίζων,
2872 4601 2902 4660 ἦ
2962 4600 3013 4653 έν
3063 4601 3254 4676 βαθμῷ
3305 4603 3609 4668 έξετείζηται
3660 4602 3893 4675 ἱερατικῷ·

2352 4689 2423 4754 ὅς,
2456 4690 2630 4762 ὧσπερ
2680 4694 2845 4741 κανὼν
2891 4694 2982 4743 καὶ
3024 4694 3186 4756 τύπος
3233 4692 3442 4766 ὀφείλων
3490 4691 3780 4767 προκεῖσθαι
3810 4690 3896 4741 τοῖς

2351 4774 2557 4845 ἄλλοις,
2586 4776 2680 4828 κᾶν
2740 4776 2926 4853 βραχύ
2973 4799 3026 4833 τι
3067 4777 3267 4855 παρίδῃ
3318 4790 3418 4834 τῶν
3459 4782 3832 4855 γεγραμμένων,
3868 4771 3891 4827 ἦ

2351 4866 2556 4941 πράξας
2599 4869 2659 4920 τό
2706 4867 3073 4941 κεκωλυμένον,
3116 4870 3146 4929 ἦ
3194 4869 3403 4924 ἐλλιπὼν
3442 4874 3502 4923 τὸ
3546 4863 3895 4943 προστεταγμέ-

3461 4996 3511 5030 ⁷³
3546 4992 3733 5051 Matth.
3769 4998 3893 5053 xvul,

2734 5064 2781 5098 ⁷⁷
2824 5067 2846 5120 l
2884 5066 3015 5122 Cor.
3057 5081 3133 5134 ix,
3175 5070 3228 5136 6,
3305 5068 3351 5102 ⁷⁸
3390 5064 3539 5123 Ibid.
3584 5069 3662 5121 l2.

2424 5204 2500 5275 i9)
2542 5204 2695 5261 Editi
2733 5207 2979 5277 etqﬁeg.
3020 5207 3232 5263 tertius
3278 5208 3574 5275 ἀπόλλυται,
3603 5207 3772 5277 perit._
3805 5198 3893 5256 Alii

2347 5272 2648 5347 duo'mss.
2694 5272 2950 5347 perinde
2989 5282 3053 5333 ut
3095 5283 3294 5336 textus
3341 5295 3526 5346 sacer,
3554 5272 3644 5334 cui
3685 5273 3891 5343 vulgata

2348 5346 2668 5414 consentit,
2698 5344 2988 5415 ἀπολεῖται,
3010 5350 3253 5415 peribit.

2421 5418 2529 5483 (10)
2572 5417 2656 5473 Ita
2686 5419 2881 5474 Vossii
2909 5416 3101 5475 codex
3144 5426 3203 5475 et
3230 5420 3328 5477 alii
3377 5426 3509 5477 tres.
3542 5423 3657 5475 Vox
3682 5416 3891 5470 ἀσθενον-

2349 5488 2649 5565 gmg_deest
2672 5488 2735 5565 in
2765 5489 3043 5565 vulgatis.
3072 5492 3194 5550 Nec
3232 5492 3315 5553 ita
3355 5490 3542 5551 multo
3569 5493 3697 5565 post
3728 5484 3890 5544 codex

2348 5556 2515 5621 Colb.
2548 5563 2621 5632 μὴ
2652 5562 2809 5633 μόνος
