4086 6186
245 229 383 286 1137

1379 218 1678 275 REGULA‘I
1731 215 2025 274 BREVIUS
2064 217 2445 276 TBACTATE
2460 260 2472 273 .

3467 227 3609 282 H38

242 351 617 425 ματισάμενος,
655 349 952 413 καὶτοῦτο,
1001 345 1174 419 ὥσπερ
1233 339 1435 418 δέλεαρ,
1484 347 1590 397 τινὶ
1615 345 1809 419 προθεὶς

1956 340 2121 398 bono
2145 343 2414 416 quodam
2447 342 2748 409 simulato,
2771 356 2964 418 eoque
2993 341 3174 400 alicui
3201 342 3392 404 instar
3418 345 3609 405 illece-

245 437 320 494 δι’
359 439 522 492 αὐτοῦ
559 440 627 490 τὰ
651 439 747 499 τῆς
776 433 1054 497 ἐπιϐουλῆς
1083 436 1487 509 κατεργάσηται.

815 547 1127 596 ΕΡΩΤΗΣΙΣ
1149 541 1272 595 ΟΗ’.

621 635 912 709 Ἐφευρεταὶ
941 641 1112 684 κακῶν
1151 637 1279 693 τίνες
1319 630 1468 685 εἰσίν.

859 745 1230 796 ΔῙΙΟΚΡΙΣῙΣ.

310 836 378 888 Οἱ
402 836 548 908 παρὰ
572 835 639 885 τὰ
679 834 878 890 συνήθη
911 839 1016 891 τοῖς
1045 830 1247 892 πολλοῖς
1289 835 1379 883 καὶ
1424 835 1665 905 γνώριμα
1704 830 1842 882 κακὰ

236 924 369 978 ἄλλα
398 926 517 978 τινὰ
547 930 1003 1000 προσεπινοοῦντες
1026 926 1116 974 καὶ
1156 917 1534 994 ἐξευρίσκοντες
1561 919 1694 990 (40).

809 1123 1120 1172 ΕΡΩΤΗΣΙΣ
1141 1116 1267 1172 ΟΘ’.

222 1211 346 1266 Ἐςίν
374 1232 452 1274 τις
483 1218 717 1282 συνεχῶς
740 1209 923 1261 ἑαυτοῦ
954 1205 1366 1280 ἐπιλαμϐάνηται
1396 1206 1529 1275 (41),
1557 1207 1638 1258 ὅτι
1669 1203 1834 1264 σκλη-

301 1309 410 1379 ρῶς
438 1302 786 1376 προσφέρεται
816 1306 888 1369 τῷ
929 1294 1153 1370 ἀδελφῷ,
1186 1305 1290 1357 πῶς
1313 1293 1746 1370 διορθωθήσεται.

843 1409 1218 1460 ΑΠΟΚΡΙΣΙΣ.

304 1504 374 1555 Τὸ
403 1502 496 1572 μεν
527 1503 747 1570 πρᾶγμα
778 1494 1070 1572 συμϐαίνει,
1104 1497 1173 1556 ὡς
1203 1493 1254 1558 ἐξ
1275 1494 1432 1547 αὑτοῦ
1463 1495 1575 1565 (42)
1625 1497 1830 1566 στοχα-

228 1591 414 1661 ζομαι,
448 1588 477 1647 ἦ
511 1583 609 1638 ἀπὸ
661 1590 973 1661 φρονήματος
1020 1586 1288 1658 ὑπεροχὴν
1343 1587 1743 1656 φανταζομένου,
1797 1583 1825 1642 ἢ

223 1677 331 1731 ἀπὸ
364 1677 530 1741 λύπης
563 1685 656 1738 τῆς
696 1673 778 1727 ἐπὶ
804 1673 1130 1747 ἐλαττώμασι
1169 1682 1268 1725 τῶν
1296 1673 1580 1748 κατορθοῦν
1609 1672 1826 1744 ὀφειλόν-

224 1787 349 1822 των,
382 1770 453 1820 Τὸ
481 1768 582 1840 γὰρ
616 1763 668 1828 ἕξ
707 1762 905 1836 ἀγαθοῦ
930 1783 1061 1824 τινος
1096 1762 1422 1824 ἐλπισθέντος
1461 1760 1684 1814 ἐναντίον
1736 1768 1825 1816 καὶ

218 1855 460 1931 λυπηρὸν
490 1853 793 1913 ἀπαντῆσαν
818 1859 907 1906 καὶ
948 1849 1293 1929 σφοδρότερόν
1332 1873 1440 1914 πως
1491 1861 1587 1914 τῆς
1640 1852 1823 1924 ψυχῆς

218 1949 574 2000 καθάπτεται.
616 1943 932 2016 Ἐπιμελείας
965 1940 1022 1996 δε
1051 1946 1163 2014 (li-3)
1211 1947 1372 2017 χρεία
1423 1947 1818 2018 περισσοτέρας,

222 2037 329 2103 ἱνα,
367 2034 408 2087 εἰ
427 2037 517 2107 μεν
549 2037 604 2085 τὸ
638 2041 836 2107 πρῶτον
867 2036 966 2101 εἵη,
1007 2031 1305 2105 κολάσωμεν
1335 2040 1430 2092 τῆς
1474 2033 1821 2105 ὑπερηφανίας

219 2129 282 2176 τὸ
314 2125 499 2191 πάθος,
542 2122 586 2175 εἰ
617 2118 674 2174 δε
703 2125 762 2174 τὸ
791 2118 1048 2196 δεύτερον,
1081 2125 1180 2194 πρὸ
1211 2129 1305 2183 τῆς
1335 2118 1736 2192 ἀγανακτήσεως
1772 2121 1819 2173 ἓν

223 2213 552 2289 παρακλήσει
581 2217 669 2265 καὶ
706 2213 950 2284 νουθεσία
988 2217 1081 2271 τὴν
1121 2211 1512 2283 εὐσπλαγχνίαν
1542 2209 1819 2276 ἐπιδειξὼ-

217 2305 380 2377 μεθα.
408 2301 523 2356 Ἐὰν
550 2299 608 2355 δε
637 2303 741 2376 ἄρα
772 2303 796 2354 ὁ
825 2305 1011 2374 τρόπος
1035 2298 1185 2364 οὗτος
1213 2308 1308 2364 τῆς
1335 2303 1598 2376 θεραπείας
1629 2299 1821 2378 ἀνενίρ-

216 2412 386 2464 γητος
406 2400 534 2467 φανῇ
562 2385 655 2444 διὰ
687 2395 780 2450 τὴν
803 2399 894 2444 τοῦ
921 2392 1256 2464 ὑποκειμένου
1277 2393 1477 2453 πάθους
1496 2395 1683 2444 κακίαν
1705 2397 1819 2445 τότε

213 2481 397 2534 λοιπὸν
428 2486 518 2534 καὶ
542 2490 602 2555 τῇ
641 2477 964 2556 σφοδρότητι
994 2489 1089 2543 τῆς
1115 2479 1516 2553 ἀγανακτήσεως
1533 2483 1664 2553 μετὰ
1689 2500 1819 2554 συμ-

208 2573 436 2633 παθείας
461 2569 536 2623 ἐπ’
569 2570 781 2643 ὠφελείᾳ
802 2572 893 2633 (44
929 2575 1018 2622 καὶ
1050 2567 1331 2646 διορθώσει
1360 2579 1451 2623 τοῦ
1483 2571 1816 2644 ἁμαρτήσανο

205 2680 298 2725 τος
330 2660 580 2735 εὐκαίρως
606 2665 698 2713 καὶ
726 2663 858 2734 μετὰ
884 2659 1040 2734 λόγου
1080 2661 1430 2736 χρησώμεθα.

798 2952 1113 3016 armari;
1145 2947 1222 3004 n'.

204 3040 370 3092 Πόθεν
413 3036 689 3110 συμϐαίνει
717 3041 776 3090 τὸ
803 3039 976 3111 ὥσπερ
1008 3046 1068 3110 τῇ
1104 3033 1314 3110 διανοίᾳ
1335 3036 1607 3091 ἐπιλείπειν
1636 3038 1810 3112 λογισ-

276 3131 410 3190 μους
443 3124 673 3198 ἀγαθοὺς
701 3131 790 3179 καὶ
810 3131 1063 3200 μερίμνας
1095 3125 1420 3202 ἀρεσκούσας
1445 3135 1516 3198 τῷ
1548 3132 1677 3200 Θεῷ,
1719 3135 1808 3184 καὶ

274 3223 408 3283 πῶς,
444 3217 528 3272 ἱνα
553 3220 625 3289 μὴ
653 3215 804 3268 τοῦτο
835 3218 1147 3289 πάσχωμεν.

813 3329 1190 3379 ΔΙῙΟΚΡΙΣΙΣ.

274 3420 380 3467 Τοῦ
438 3408 606 3467 Δαϐὶδ
664 3413 915 3479 εἰπόντος,
985 3413 1286 3477 Ἐνύσταξεν
1359 3416 1390 3470 ἡ
1473 3415 1629 3488 ψυχή
1705 3437 1804 3489 μου

206 3499 309 3555 ἀπὸ
358 3499 612 3571 ἀκηδίας,
666 3498 904 3568 εὔδηλον,
936 3503 1018 3555 ὅτι
1072 3506 1131 3555 τὸ
1183 3512 1416 3556 τοιοῦτον
1466 3503 1566 3556 ἀπὸ
1614 3525 1805 3559 νυσταο

200 3598 342 3665 γμοῡ
368 3601 463 3655 τῆς
499 3591 684 3664 ψυχῆς
711 3597 800 3645 καὶ
853 3589 1200 3655 ἀναισθησίας
1254 3591 1549 3666 συμϐαίνει.
1601 3601 1806 3670 Γρηγο-

200 3677 371 3754 ροὺσῃ
399 3685 504 3755 γὰρ
538 3690 601 3754 τῇ
641 3681 796 3754 ψυχῇ
829 3686 919 3734 καὶ
966 3685 1200 3756 νηφούσῃ
1245 3682 1373 3755 οὐχὶ
1419 3687 1645 3758 μέριμνα
1690 3693 1804 3758 Θεῷ

202 3769 509 3846 ἆρίσκουσα
551 3776 641 3823 καὶ
687 3771 940 3843 λογισμὸς
987 3769 1178 3843 ἀγαθὸς
1225 3771 1488 3841 ἐπιλείπει,
1538 3773 1643 3826 ἀλλ’
1690 3775 1804 3829 ἐαυ-

200 3867 296 3920 τήν
335 3863 539 3924 τούτοις
591 3863 699 3927 (45)
762 3860 1126 3915 ἐπιλείπουσαν
1179 3860 1456 3918 ὶπιϐλὶπει.
1509 3864 1572 3918 Εἰ
1616 3867 1717 3940 γὰρ
1777 3867 1802 3918 ὁ

196 3956 288 4003 τοῦ
322 3955 562 4022 σώματος
607 3948 869 4023 ὀφθαλμὸς
907 3953 1022 4004 οὔτε
1075 3951 1220 4024 ἀρκεῖ
1249 3952 1364 4016 (46)
1410 3957 1539 4027 πρὸς
1589 3955 1802 4028 θεωρίαν

194 4044 288 4092 καὶ
343 4039 528 4110 ὀλίγων
576 4047 727 4093 τινῶν
776 4047 866 4092 τοῦ
921 4047 1054 4095 Θεοῦ
1129 4036 1633 4116 δημιουργημάτων,
1687 4048 1802 4098 οὔτε

194 4127 339 4191 ἅπαξ
394 4147 446 4180 τι
488 4129 803 4200 θεασάμενος
849 4133 1000 4202 κόρον
1048 4131 1225 4200 ἔσχεν,
1283 4128 1412 4182 ἀλλὰ
1454 4136 1545 4184 καὶ
1608 4130 1687 4185 ἀεὶ
1742 4137 1800 4186 τὸ

195 4217 328 4270 αὐτό
376 4218 600 4290 θεωρῶν,
648 4218 709 4270 οὐ
757 4221 976 4274 παύεται
1019 4220 1158 4290 ὅμως
1211 4227 1303 4270 τοῦ
1351 4218 1559 4291 βλέπειν
1585 4243 1596 4254 ·
1652 4226 1800 4294 πόσῳ

195 4306 389 4380 μᾶλλον
418 4308 446 4360 ὁ
474 4315 571 4369 τῆς
597 4306 784 4379 ψυχῆς
814 4307 1098 4380 ὀφθαλμὸς,
1139 4306 1223 4360 ἐὰν
1271 4306 1566 4383 ἐγρηγορὼς
1619 4308 1647 4383 ᾖ
1707 4315 1798 4364 καὶ⁵

196 4402 391 4470 νήφων,
421 4396 516 4449 οὐκ
544 4395 744 4470 ἐξαρκεῖ
781 4401 912 4472 πρὸς
953 4399 1166 4471 θεωρίαν
1210 4405 1308 4448 τῶν
1351 4406 1442 4450 τοῦ
1482 4406 1616 4452 Θεοῦ
1667 4403 1797 4454 θαυ-

196 4491 406 4558 μασίων
436 4491 526 4539 καὶ
566 4488 869 4561 κριμάτωη
918 4490 996 4540 Τὰ
1034 4492 1264 4562 κρίματα
1300 4491 1401 4563 γὰρ
1454 4508 1570 4554 σου,
1617 4497 1794 4563 φησὶν,

197 4575 434 4636 ἄϐυσσος
507 4575 668 4634 πολλή
696 4597 709 4611 ·
785 4580 876 4629 καὶ
957 4574 1190 4648 ἀλλαχοῦ
1215 4597 1227 4610 ο
1293 4577 1704 4652 Ἐθαυμαστὼθη
1763 4584 1793 4641 ἡ

194 4671 396 4737 γνῶσίς
453 4683 548 4717 σου
598 4663 651 4728 ἐξ
696 4664 861 4739 ἐμοῦ·
935 4663 1280 4740 ἕκραταιώθη,
1358 4667 1416 4720 0:3
1485 4674 1557 4743 μὴ
1624 4667 1796 4724 eam-

195 4775 292 4827 μαι
344 4758 477 4829 πρὸς
523 4754 724 4814 αὐτὴν·
783 4760 872 4808 καί
915 4754 1077 4808 πολλὰ
1113 4764 1345 4814 τοιαῦτα.
1397 4758 1456 4813 Εἰ
1503 4756 1564 4813 δε
1601 4759 1795 4815 ἐπιλεί-

1953 430 2080 488 brte
2111 431 2369 504 objecto,
2401 432 2556 489 illius
2589 447 2705 506 ope
2736 431 2982 490 molitur
3004 432 3279 493 insidias.

2371 541 2889 596 INTERROGATIO
2922 541 3188 597 LXXVIII.

2309 628 2654 686 Inventores
2682 629 2980 684 malorum
3001 631 3112 699 qui
3131 629 3251 685 sint

2575 737 2983 792 RESPONSIO.

2023 827 2151 897 Qui,
2181 832 2393 900 praeter
2424 843 2497 884 ea
2533 843 2669 900 qua:
2699 826 3000 899 plerisque
3021 825 3340 884 familiaria
3366 841 3437 882 ac
3457 831 3606 888 uota

1950 923 2090 972 sunt
2119 917 2300 980 mala,
2328 916 2612 990 quaedam
2644 916 2843 972 adhuc
2873 915 2991 973 alia
3029 915 3604 974 comminiscuntin-

1948 1007 2342 1080 veniuntque.

2270 1114 2445 1187 443
2490 1116 3003 1171 INTERROGATIO
3053 1116 3272 1172 LXXIX.

1945 1203 2012 1260 Si
2038 1205 2171 1276 quis
2199 1205 2440 1261 assidue
2466 1206 2721 1274 seipsum
2752 1210 3018 1271 accusat,
3047 1205 3208 1275 quod
3237 1220 3446 1274 aspere
3475 1210 3598 1263 tra-

2195 1300 2310 1350 ctet
2344 1294 2626 1364 fratrem,
2662 1294 2952 1365 quomodo
2982 1295 3342 1365 corrigetur.

2566 1403 2973 1459 RESPONSIO.

2014 1491 2130 1546 Res
2160 1490 2406 1564 quidem
2435 1490 2569 1558 ista,
2602 1496 2897 1563 quantum
2928 1507 3001 1547 ex
3031 1505 3104 1546 ea
3145 1491 3440 1562 conjecto,
3489 1505 3592 1547 ve-

1941 1581 2029 1637 nit
2058 1581 2151 1636 vel
2181 1581 2259 1636 ab
2291 1581 2496 1636 animo
2522 1581 2807 1636 eximium
2842 1580 3068 1653 aliquid
3119 1580 3194 1636 de
3237 1596 3300 1636 se
3348 1581 3591 1651 excogi-

1941 1677 2123 1739 tante,
2157 1677 2259 1726 aut
2284 1687 2318 1727 a
2347 1670 2583 1727 tristitia
2614 1687 2684 1726 ex
2732 1671 2964 1726 delictis
3010 1686 3242 1738 eorum,
3283 1671 3384 1743 qui
3432 1678 3590 1727 recte

1937 1777 2113 1830 agere
2137 1761 2446 1830 deberent,
2479 1764 2677 1815 ortum
2704 1760 2986 1816 habente.
3021 1764 3167 1816 Cum
3218 1760 3378 1816 enim
3422 1760 3588 1817 bono

1861 1847 1874 1858 ’
1933 1851 2138 1924 aliquo
2168 1857 2536 1924 exspectato,
2576 1851 2948 1907 contrarium
2977 1850 3270 1923 quiddam
3301 1855 3362 1906 et
3392 1851 3586 1908 mole-

1933 1947 2091 1997 stum
2116 1941 2494 2011 accidit,tum
2511 1941 2572 1996 id
2591 1941 3008 1997 vehementius
3037 1941 3242 1996 nescio
3270 1942 3586 2012 quomodo

1931 2033 2203 2088 animum
2227 2031 2512 2105 percellit.
2536 2033 2691 2088 Cura
2721 2035 2922 2087 autem
2945 2046 3100 2102 opus
3119 2036 3212 2085 est
3230 2037 3484 2101 majore,
3517 2035 3586 2089 ut

1931 2121 1978 2178 si
2006 2121 2254 2195 quidem
2284 2120 2547 2194 primum
2570 2120 2745 2177 fuerit
2763 2119 3060 2192 superbiae
3085 2118 3317 2186 vitium,
3345 2118 3405 2174 id
3421 2135 3586 2176 coer-

1930 2227 2209 2280 ceamus;
2243 2212 2334 2268 sin
2366 2211 2724 2276 secundum,
2757 2217 3086 2282 antequam
3115 2210 3194 2265 ad
3221 2209 3584 2279 indignatio-

1929 2315 2070 2358 nem
2101 2307 2397 2370 veniatur,
2451 2300 2930 2358 misericordiam
2969 2299 3348 2354 exhortando
3399 2305 3582 2372 atque

1929 2391 2530 2448 commonefaciendo
2554 2389 2968 2445 ostendamus.
3003 2388 3178 2454 Quod
3217 2388 3268 2444 si
3295 2387 3424 2444 haec
3454 2404 3581 2444 me-

1927 2481 2110 2537 dendi
2134 2481 2286 2537 ratio
2313 2478 2590 2537 inefﬁcax
2622 2482 2971 2552 apparuerit
2995 2484 3243 2551 propter
3268 2477 3584 2534 insidentis

1925 2571 2051 2628 vitii
2082 2572 2463 2644 pravitatem.
2491 2576 2621 2626 tum
2651 2569 2898 2624 demum
2937 2567 3376 2638 indignationis
3399 2567 3580 2624 vehe—

1923 2663 2216 2717 mentiam
2246 2675 2371 2716 una
2399 2675 2539 2716 cum
2579 2658 3104 2715 commiseratione
3147 2657 3224 2714 ad
3266 2657 3578 2730 peccantis

1922 2751 2239 2808 utilitatem
2284 2750 2895 2823 emendationemque
2927 2754 3273 2822 opportune
3323 2763 3394 2806 ac
3444 2748 3578 2820 jure

1920 2839 2402 2898 adhibuerimus.

2382 2949 2898 3005 INTERROGATIO
2922 2949 3110 3004 LXXX.

1927 3036 2196 3106 Undeﬁt,
2249 3043 2315 3092 ut
2359 3038 2755 3107 cogitationes
2807 3037 2972 3092 bona:
3019 3036 3575 3107 sollicitudinesque

1988 3129 2108 3184 Deo
2124 3128 2371 3196 placitae
2398 3133 2653 3184 mentem
2687 3127 2872 3182 veluti
2894 3126 3212 3195 deﬁciant:
3242 3131 3297 3181 et
3327 3140 3448 3198 qua
3478 3139 3573 3183 ra-

1990 3218 2151 3274 tione
2177 3218 2304 3287 ﬁet,
2335 3223 2398 3273 ut
2425 3218 2490 3272 id
2509 3231 2845 3274 caveamus.

2536 3325 2947 3383 RESPONSIO.

1987 3415 2136 3472 Cum
2187 3413 2377 3472 David
2418 3415 2712 3472 dixerit’:
2766 3415 3135 3472 Dormitavit
3185 3415 3391 3473 anima
3441 3430 3574 3475 mea

1914 3519 2044 3576 prae
2087 3506 2282 3572 taedio,
2321 3505 2715 3580 perspicuum
2747 3511 2837 3561 est
2873 3505 3230 3576 hujusmodi
3259 3507 3468 3564 vitium
3500 3523 3575 3564 ex

1916 3595 2104 3651 animi
2136 3611 2352 3667 sopore
2408 3611 2481 3651 ac
2519 3601 2764 3668 stupore
2802 3595 3041 3650 exoriri.
3085 3595 3400 3668 Siquidem
3444 3596 3573 3654 ani-

1914 3699 2084 3741 mum
2126 3684 2475 3756 vigilantem
2495 3689 2553 3741 et
2576 3684 2850 3742 sobrium
2875 3682 3218 3740 sollicitudo
3251 3687 3369 3742 Deo
3399 3690 3573 3755 grata

1913 3777 1970 3830 et
1996 3773 2165 3832 bona
2191 3775 2476 3846 cogitatio
2506 3790 2899 3848 nequaquam
2927 3773 3130 3832 deﬁcit
3156 3793 3169 3832 :
3197 3775 3345 3850 quin
3370 3776 3573 3849 potius

1912 3866 1998 3926 eis
2019 3865 2415 3938 semetipsum
2436 3864 2645 3921 deesse
2663 3865 2846 3922 videt.
2870 3868 3041 3934 Nam,
3056 3865 3105 3921 si
3129 3865 3401 3939 corporis
3418 3880 3569 3921 ocu-

1910 3957 2007 4014 lus
2036 3971 2234 4028 neque
2264 3955 2411 4010 satis
2438 3958 2530 4010 est
2557 3953 2636 4010 ad
2665 3954 3137 4028 contemplanda
3162 3955 3343 4011 etiam
3370 3969 3570 4028 pauca

1910 4046 2198 4120 quaedam
2229 4045 2330 4101 Dei
2349 4044 2615 4118 opiﬁcia,
2644 4060 2842 4118 neque
2868 4045 2920 4100 si
2943 4044 3092 4118 quid
3115 4045 3302 4102 semel
3330 4044 3567 4118 conspi-

1910 4141 2082 4192 catus
2112 4135 2207 4201 sit,
2229 4135 2576 4205 exsatiatur,
2617 4133 2726 4190 sed
2755 4133 2993 4190 etiamsi
3022 4149 3264 4207 semper
3288 4134 3450 4191 idem
3480 4135 3566 4192 vi-

1910 4223 2073 4292 deat,
2107 4228 2310 4280 tamen
2343 4223 2610 4296 aspicere
2643 4237 2766 4280 non
2798 4222 3039 4293 desinit,
3088 4231 3320 4298 quanto
3365 4224 3565 4296 magis

1909 4312 2129 4370 animae
2167 4313 2401 4379 oculus,
2423 4311 2474 4368 si
2505 4311 2761 4382 vigilans
2793 4313 2869 4368 sit
2892 4317 2950 4369 et
2977 4313 3456 4386 expergefactus,
3483 4313 3564 4371 ad

1828 4444 1874 4498 Β
1910 4401 2010 4459 Dei
2031 4401 2426 4498 mirabilia,et_
2436 4400 2685 4498 adillius
2698 4401 3314 4498 judiciaspeculanda
3338 4418 3566 4478 nequa-

1907 4507 2094 4566 quam
2121 4491 2360 4548 sufﬁcit.
2383 4493 2634 4549 Judicia
2672 4492 2857 4562 enim,
2889 4493 3104 4568 inquit,
3156 4501 3262 4551 tua
3309 4497 3562 4567 abyssus

1906 4581 2137 4638 multa’
2163 4599 2178 4649 ;
2212 4586 2270 4638 et
2298 4580 2417 4638 alio
2442 4581 2692 4639 inloco:
2733 4583 3044 4641 Mirabitis
3061 4584 3236 4654 facta
3264 4591 3347 4642 est
3373 4587 3562 4643 scien-

1908 4673 1991 4728 tia
2015 4676 2122 4728 tua
2143 4686 2218 4729 ex
2241 4686 2364 4729 me:
2389 4673 2737 4743 con/artata
2759 4679 2864 4740 est,
2892 4690 3013 4731 non
3029 4681 3242 4746 potero
3267 4676 3348 4732 ad
3371 4677 3562 4743 eam‘;

1907 4767 1965 4819 et
2018 4762 2210 4819 multa
2264 4763 2716 4836 hujuscemodi.
2802 4765 2975 4830 Quod
3035 4766 3087 4821 si
3158 4765 3357 4822 deﬁcit
3429 4763 3559 4821 ani-

264 4899 288 4933 ²
319 4896 483 4954 Psal.
514 4913 708 4966 cxvm,
742 4902 833 4955 28.
910 4900 933 4934 ³
962 4897 1120 4955 Psal.
1151 4915 1332 4972 xxxv,
1367 4908 1421 4958 7.
1498 4905 1520 4938 ⁸
1553 4903 1703 4962 Psal.
1736 4921 2018 4974 cxxxvni,
2042 4911 2094 4962 6.

263 5043 378 5118 (ιω
411 5040 656 5114 Antiqui
676 5041 802 5118 duo
819 5041 955 5118 libri
975 5046 1064 5095 καὶ
1093 5041 1492 5118 ἐξευρίσκοντες.
1525 5045 1688 5103 Alius
1711 5053 1802 5100 καὶ

193 5112 643 5188 ἐπεξευρίσκοντες
703 5112 1218 5188 Εάἱιξᾲεύρίσκοντεςξ

263 5185 380 5254 (Η)
413 5183 649 5258 Veteres
672 5189 798 5258 tres
835 5183 976 5258 libri
1018 5184 1366 5258 λαμϐάνηται.
1420 5189 1630 5258 statim
1679 5187 1802 5244 vul-

191 5260 350 5326 gatae
392 5261 515 5310 tres
542 5255 838 5332 editiones
858 5263 916 5312 et
942 5255 1068 5312 duo
1085 5255 1391 5332 magna);
1430 5257 1797 5332 διορθώσεται,

191 5333 500 5404 corrupte.
552 5329 695 5397 Reg.
735 5327 969 5399 primus
1031 5335 1087 5385 et
1143 5328 1310 5385 Colb.
1361 5327 1797 5404 deopeaienasrai,

189 5397 544 5455 emendate.

263 5472 377 5544 (t2)
411 5469 1315 5544 Veteresduolibriiiipauroa.
1376 5474 1517 5542 Reg.
1567 5469 1812 5544 primus

190 5542 246 5606 ἐξ
274 5541 488 5596 ἑαυτοῦ.
514 5543 629 5596 Nec
653 5541 736 5598 ita
755 5541 946 5599 multo
974 5541 1127 5600 infra
1154 5559 1309 5600 unus
1333 5559 1446 5602 ms.
1463 5549 1553 5596 καὶ
1571 5541 1800 5621 λυπηρὸν

1907 5050 2231 5113 ὑπαντῆσαν,
2256 5055 2344 5103 καὶ
2367 5047 2526 5123 σφοδ.

1982 5122 2096 5263 (43;
2120 5125 2265 5202 Reg.
2288 5122 2523 5202 prim'us
2551 5127 2611 5202 οι
2640 5125 2806 5178 Voss.
2830 5122 3118 5195 ἐπιμελείας
3143 5122 3253 5180 οὖν.

1982 5197 2070 5262 (44
2122 5193 2272 5250 Edllt
2301 5198 2391 5247 καὶ
2430 5195 2507 5246 ea”
2535 5193 2768 5263 ωφελείᾳ.
2801 5193 3020 5250 Vocula
3052 5199 3141 5246 καί
3166 5194 3228 5250 in

1978 5191 2096 5263 (44)
2122 5191 2391 5265 Εόὶιί-και
2430 5193 2507 5246 ἐπ’
2535 5193 2768 5265 ὠφελείᾳ.
2801 5191 3020 5250 Vocula
3052 5199 3141 5246 καί
3166 5194 3228 5250 in
3280 5191 3412 5250 aliis
3456 5196 3557 5254 tri-

1907 5261 2023 5318 bus
2045 5261 2192 5320 mss.
2225 5280 2347 5320 non
2376 5261 2611 5333 legitur.

1978 5337 2092 5418 (45)
2125 5337 2266 5406 Reg.
2300 5335 2506 5392 tertius
2538 5340 2596 5390 et
2619 5333 2761 5391 editi
2784 5339 3054 5398 τοιούτοις.
3106 5336 3217 5395 Alii
3252 5337 3378 5396 duo
3403 5355 3554 5400 mss.

1906 5423 2133 5465 τουτοις.

1981 5477 2094 5546 (46)
2126 5477 2274 5534 Edili
2309 5475 2564 5552 ἀρκεῖται.
2597 5483 2666 5534 At.
2693 5493 2843 5535 mss.
2872 5483 2991 5537 tres
3021 5479 3188 5556 ἀρκεῖ.
