4086 6186
609 262 748 317 1139

1986 262 2044 315 5.
2085 258 2334 315 BASILII
2381 259 2603 316 IAGNI

3784 266 3893 321 H60

604 400 771 442 mam
794 381 1077 454 cogitatio
1097 380 1285 462 bona,
1314 382 1588 456 profecto
1608 382 1806 440 adhuc
1830 384 2025 441 deﬁcit
2063 384 2254 458 ipsam

2372 402 2458 437 πει
2487 391 2549 457 τῇ
2583 384 2736 457 ψυχῇ
2768 383 3015 456 λογισμός
3057 380 3271 454 ἀγαθὸς,
3316 376 3545 440 δηλονότι
3579 384 3648 437 ῖτι
3672 382 3775 450 (47)
3806 384 3893 439 im-

603 474 962 531 illuminatio
986 491 999 530 :
1033 488 1155 529 non
1178 472 1345 545 quod
1367 472 1609 529 deﬁciat
1627 473 1789 547 quod
1814 473 2135 543 illuminat,
2157 473 2263 531 sed

605 564 773 640 quod
804 563 1086 621 dormitet
1114 562 1283 637 quod
1312 562 1643 620 illuminari
1669 562 1868 620 debet.

945 761 1125 837 444
1158 763 1674 819 INTERROGATIO
1708 763 1920 819 LXXXI.

604 854 671 911 Si
710 855 798 924 pii
823 860 964 908 sunt
986 852 1304 925 aequaliter
1322 851 1690 922 objurgandi
1713 858 1895 924 atque
1932 852 2126 923 quivis
2151 853 2264 909 alii

674 943 1084 1014 indi/ferentes
1130 941 1373 1013 quando
1401 942 1466 997 in
1509 942 1710 999 eodem
1746 944 1987 1014 utrique
2015 948 2261 1011 peccato

676 1032 1236 1104 deprehenduntur.

1228 1140 1637 1197 RESPUNSIO.

676 1231 731 1289 Si
757 1230 1201 1303 respexerimus
1224 1229 1301 1285 ad
1322 1230 1595 1285 animum
1616 1228 1923 1300 peccantis
1946 1233 2005 1286 et
2031 1229 2107 1285 ad
2131 1243 2261 1286 mo-

601 1320 749 1376 dum
790 1319 1044 1392 peccati,
1090 1334 1529 1389 cognoscemus
1569 1318 1752 1375 etiam
1791 1318 2040 1387 modum
2071 1319 2262 1374 incre-

599 1409 809 1483 pandi.
834 1412 1006 1475 Nam,
1032 1408 1265 1465 etiamsi
1286 1407 1447 1464 idem
1472 1414 1789 1481 peccatum
1832 1425 1963 1465 esse
1986 1408 2262 1464 videatur

598 1503 728 1555 tum
776 1498 1043 1555 hominis
1080 1497 1490 1555 indifferenter
1537 1515 1599 1553 se
1646 1500 1929 1568 gerentis,
1979 1504 2106 1555 tum
2156 1498 2255 1572 pii,

598 1592 803 1644 tamen
836 1588 992 1645 inter
1032 1592 1358 1661 utrumque
1406 1588 1717 1645 intercedit
1763 1588 2089 1645 discrimen
2137 1603 2258 1644 non

599 1678 925 1735 mediocre.
968 1678 1103 1735 Pius
1152 1678 1337 1746 enim,
1371 1694 1509 1735 cum
1537 1678 1673 1752 pius
1705 1679 1778 1735 sit
1805 1678 2157 1752 laboretque
2184 1677 2259 1734 si-

598 1767 728 1824 mul
748 1784 820 1825 ac
846 1768 1169 1826 contendat
1189 1775 1253 1824 ut
1280 1750 1707 1841 placeat'Deo,
1757 1784 1903 1826 casu
1950 1750 2153 1841 aliquo
2200 1779 2259 1829 et
2300 1750 2339 1805 Β

599 1858 722 1914 fere
750 1858 927 1931 quasi
952 1858 1171 1916 invitus
1196 1858 1498 1915 aberravit
1522 1865 1578 1915 et
1603 1859 1814 1932 lapsus
1835 1864 1952 1924 est;
1992 1860 2096 1932 qui
2118 1873 2256 1914 vero

596 1950 747 2020 gerit
774 1965 838 2005 se
867 1948 1299 2012 indiﬂ'erenter.
1323 1949 1551 2006 nullam
1577 1965 1773 2023 neque
1804 1950 1895 2006 sui
1926 1950 2255 2022 ipsius,ne-

596 2054 717 2111 quc
746 2038 846 2095 Dei
883 2041 1183 2096 rationem
1207 2038 1462 2108 habens,
1503 2044 1685 2112 atque
1716 2038 1809 2095 vel
1838 2039 1969 2112 ipso
2010 2037 2254 2093 nomine

597 2128 660 2185 id
691 2128 1019 2198 indicante,
1051 2129 1286 2187 nullum
1316 2130 1637 2186 discrimen
1672 2145 1907 2202 ponens
1938 2135 2254 2202 peccatum

595 2218 751 2276 inter
780 2225 835 2275 et
868 2219 1169 2279 virtutem.
1214 2220 1536 2293 praecipuis
1569 2236 1640 2275 ac
1682 2219 2029 2289 ingentibus
2082 2218 2255 2275 malis

597 2314 869 2373 aegrotat,
898 2308 1169 2364 videlicet
1196 2310 1362 2381 quod
1401 2315 1505 2365 aut
1543 2313 1728 2365 Deum
1753 2316 2128 2381 aspernetur.
2155 2305 2255 2364 aui

598 2392 783 2446 Deum
824 2408 957 2447 esse
986 2408 1107 2448 non
1140 2392 1365 2449 credat.
1417 2397 1548 2449 Haec
1578 2394 1737 2449 enim
1786 2393 1909 2450 duo
1954 2395 2011 2448 in
2067 2409 2255 2449 causa

597 2484 758 2542 sunt.
786 2497 894 2536 cur
918 2488 1124 2553 peccet
1143 2482 1367 2549 anima,
1402 2490 1465 2538 ut
1492 2489 1742 2539 testatur
1769 2484 2092 2555 Scriptura,
2116 2498 2254 2540 cum

596 2586 760 2627 nunc
788 2572 1037 2643 quidem
1059 2572 1166 2627 ait:
1218 2573 1392 2628 Dixit
1412 2576 1698 2642 injustas,
1730 2580 1795 2628 ut
1826 2574 2141 2645 delinquat
2194 2575 2254 2629 in

598 2662 947 2731 semetipso;
1000 2677 1120 2717 non
1159 2666 1243 2717 est
1292 2662 1470 2717 timor
1516 2662 1625 2717 Dei
1652 2668 1793 2718 ante
1822 2663 2025 2719 oculos
2049 2665 2212 2733 ejus5
2235 2678 2259 2734 ,'

599 2764 762 2806 nunc
783 2766 922 2806 vero
948 2766 961 2806 :
1025 2752 1192 2807 Dixit
1232 2753 1521 2820 insipiens
1553 2752 1615 2806 in
1647 2764 1826 2809 corde
1849 2768 1976 2821 suo,
2004 2753 2137 2809 Non
2170 2760 2254 2809 est

598 2840 789 2894 Deus:
835 2842 1111 2909 corrupti
1140 2848 1278 2895 sunt
1304 2846 1358 2897 et
1388 2840 1820 2898 abominabiles
1834 2843 1997 2912 facti
2016 2850 2158 2898 sunt
2187 2844 2254 2899 in

600 2928 816 2985 studiis
845 2930 891 2984 ⁸.
960 2928 1169 3001 Itaque
1228 2934 1333 2985 aut
1387 2931 1767 3003 contempsit,
1814 2936 2255 3005 proptereaque

597 3024 829 3093 peccat.
855 3023 960 3074 aut
979 3017 1279 3074 inficiatur
1308 3020 1491 3074 Deum
1516 3019 1718 3093 ipsum
1750 3037 1900 3089 esse,
1933 3029 1990 3077 et
2017 3037 2152 3078 eam
2175 3022 2255 3079 ob

2371 472 2532 526 λείπει
2562 474 2691 548 αὐτῇ
2728 477 2991 547 φωτισμός
3025 494 3039 507 ·
3079 471 3140 525 οῦ
3170 473 3315 544 παρά
3343 474 3398 525 τό
3428 470 3682 527 ὶπιλείπιιν
3727 479 3778 527 τό
3821 497 3894 548 φυ-

2370 562 2538 630 τίζον,
2622 561 2748 615 ἀλλά
2812 564 2955 638 παρὰ
3028 564 3086 615 τό
3162 562 3429 622 νυστάζειν
3497 564 3552 614 τό
3631 564 3895 633 φωτισθῆνιι

2372 649 2587 724 ὀφεῖλον·

2938 762 3251 814 ΕΡΩΤΗΣΙΣ
3274 756 3394 816 ΠΧ.

2372 849 2433 905 Εἰ
2460 854 2570 923 χρὴ
2602 853 2730 915 ἴσως
2752 848 2994 923 ἐπιτιμᾷν
3026 855 3134 911 τοῖς
3165 846 3401 900 εῦλαϐίσι
3420 851 3507 899 καὶ
3525 853 3623 910 τοῖς
3645 843 3899 923 ἀδιαφόροις

2440 942 2574 1010 (48),
2616 942 2737 993 ὅταν
2764 942 2813 994 ἓν
2844 947 2916 1011 τῷ
2947 938 3087 1009 αὐτῷ
3112 938 3451 1014 ἁμαρτήματι
3487 937 3797 1013 εῦρίσκωνται
3820 937 3899 1011 ἀμ-

2443 1033 2667 1104 φότεροι.

2995 1142 3348 1192 ΑΠΟΚΡῙΣΙΣ

2445 1224 2567 1281 Ἐἀν
2599 1222 2868 1299 ἀπίδωμεν
2913 1226 2985 1290 εἰς
3030 1231 3125 1285 τὴν
3170 1223 3411 1281 διάθεσιν
3461 1232 3550 1277 τοῦ
3586 1224 3903 1299 ἁμαρτανόντος

2371 1320 2461 1367 καὶ
2491 1318 2576 1368 τόν
2605 1320 2793 1390 τρόπον
2836 1324 2927 1368 τοῦ
2975 1316 3371 1390 ἁμαρτήματος,
3402 1316 3693 1387 γνωσόμεθα
3729 1319 3805 1366 καὶ
3840 1317 3902 1363 τὸν

2370 1424 2559 1478 τρόπον
2602 1414 2691 1466 τῆς
2740 1406 3109 1479 ἐπιτιμήσεως.
3159 1405 3263 1462 Κάν
3311 1408 3411 1480 γὰρ
3442 1408 3498 1459 τό
3530 1404 3647 1455 αῦτό
3675 1403 3905 1476 ἁμάρτημα

2372 1491 2503 1547 εἶναι
2536 1490 2666 1570 δοκῇ
2700 1500 2759 1549 τό
2787 1515 2839 1548 τε
2868 1504 2960 1549 τοῦ
2992 1491 3285 1571 ἀδιαφόρου
3330 1499 3420 1546 καὶ
3466 1497 3523 1546 τό
3560 1500 3645 1545 τοῦ
3689 1490 3901 1556 εῦλαϐοῦς,

2371 1581 2499 1636 ἀλλὰ
2540 1584 2699 1643 πολλὴ
2761 1584 2955 1658 μεταξῦ
3014 1586 3183 1637 αῦτῶν
3237 1586 3265 1642 ἡ
3335 1580 3579 1658 διαφορά.
3624 1581 3677 1635 Ὀ
3714 1584 3789 1654 μὶν
3825 1583 3901 1653 γὰρ

2372 1672 2612 1737 εὐλαϐὴς,
2668 1673 2887 1736 εὐλαϐὴς
2931 1674 2997 1726 ὧν
3046 1675 3279 1747 ἀγωνιῶν
3319 1693 3374 1728 τε
3419 1673 3527 1746 ἅμα
3565 1677 3649 1725 καὶ
3701 1669 3901 1742 ἀγωνιζό-

2368 1782 2512 1839 μενος
2549 1767 2667 1838 περὶ
2720 1772 2816 1827 τῆς
2863 1768 2988 1839 πρὸς
3041 1767 3169 1817 Θεὸν
3211 1763 3325 1834 (49)
3388 1762 3760 1837 εὐαρεστήσεως,
3799 1759 3902 1809 κατὰ

2366 1857 2676 1926 περίστασίν
2738 1872 2851 1905 τινα
2898 1858 2987 1904 καὶ
3039 1849 3237 1925 σχεδόν
3296 1856 3370 1915 ὡς
3413 1852 3505 1904 οὐκ
3551 1850 3709 1909 ἤθελεν
3750 1845 3897 1919 ἐσφάλη

2366 1949 2455 1997 καὶ
2486 1944 2700 1996 ὤλισθεν
2726 1965 2737 1977 ·
2782 1946 2807 1995 6
2839 1940 2897 1997 δε
2929 1940 3231 2017 ἀδιάφορος,
3274 1939 3467 1997 οῦδενα
3505 1942 3646 2013 λόγον
3674 1934 3779 1993 οὐδε
3809 1937 3898 1989 ίαν-

2364 2042 2455 2086 τοῦ
2482 2030 2604 2086 οὐδε
2626 2041 2716 2085 τοῦ
2772 2041 2903 2087 Θεοῦ
2951 2036 3271 2106 ποιούμενος,
3336 2038 3421 2084 καὶ
3479 2028 3710 2104 οὐδεμίαν
3752 2024 3895 2097 διαφοο

2364 2126 2459 2197 ράν
2492 2132 2583 2176 τοῦ
2624 2143 2678 2176 τε
2732 2124 3043 2199 ἁμαρτάνειν
3092 2129 3181 2175 καὶ
3218 2130 3309 2175 τοῦ
3350 2124 3629 2197 κατορθοῦν
3670 2120 3895 2189 τιθέμενος,

2366 2215 2431 2274 ὡς
2470 2214 2596 2266 αὐτὸ
2625 2209 2779 2271 δηλοῖ
2805 2217 2862 2265 τὸ
2894 2217 3072 2285 ὄνομα,
3126 2215 3189 2265 τὰ
3235 2221 3419 2286 πρῶτα
3456 2217 3542 2263 καὶ
3586 2208 3761 2284 μεγάλα
3798 2207 3897 2257 κακὰ

2364 2311 2542 2356 νοσεῖο
2612 2304 2639 2363 ἦ
2690 2308 3073 2378 καταφρόνησιν
3125 2311 3281 2366 Θεοῦ,
3332 2304 3362 2362 ἣ
3414 2301 3651 2355 ἀπιστίαν
3689 2306 3766 2351 τοῦ
3805 2293 3897 2349 εἶναι

2366 2398 2510 2449 Θεον.
2546 2396 2641 2447 Δῦο
2671 2396 2772 2467 γὰρ
2817 2402 2982 2445 ταῦτα
3011 2396 3158 2445 αἴτια
3195 2401 3255 2466 τῇ
3314 2392 3472 2466 ψυχῇ
3529 2398 3615 2444 τοῦ
3650 2389 3896 2465 ἁμαρτάνειν

2364 2489 2583 2555 γίνεται,
2644 2486 2707 2544 ὡς
2756 2486 2784 2542 ἡ
2844 2488 3018 2557 Γραφή
3074 2489 3333 2555 μαρτυρεῖ
3372 2482 3595 2554 λέγουσα
3646 2482 3751 2532 ποτὶ
3795 2480 3895 2548 μέν·

2367 2579 2531 2632 Φησὶν
2571 2574 2596 2625 6
2648 2576 2948 2648 παράνομος
2993 2580 3084 2624 τοῦ
3143 2574 3459 2647 ἁμαρτάνειν
3508 2571 3555 2624 ἐν
3610 2570 3788 2638 ἐαυτῷ·
3831 2563 3898 2616 οὖι

2367 2665 2480 2715 ἔστι
2529 2661 2683 2734 φόϐος
2736 2671 2869 2715 Θεοῦ
2929 2661 3172 2714 ἀπέναντι
3224 2670 3326 2714 τῶν
3407 2660 3667 2735 ὀφθαλμῶν
3730 2656 3895 2708 αὖτοῦο

2365 2756 2487 2804 ποτε
2537 2748 2633 2804 δε·
2680 2748 2830 2805 Εἶπεν
2884 2753 3057 2827 ἄφρων
3110 2750 3158 2803 ἐν
3202 2747 3406 2824 καρδίᾳ
3458 2751 3645 2803 αὐτοῦ’
3703 2745 3794 2798 Οὐκ
3818 2746 3897 2795 ἔστι

2366 2846 2531 2903 Θεόςο
2589 2837 2949 2915 διεφθάρησαν
3015 2846 3104 2893 καὶ
3157 2836 3558 2914 ἔϐδελῦχθησαν
3606 2837 3651 2891 ἄν
3685 2828 3897 2890 immer-

2363 2948 2547 3001 μασιν.
2590 2928 2750 2981 Ὠστε
2780 2931 2809 2990 ἣ
2840 2935 3280 3004 καταπεφρόνηκε,
3324 2936 3415 2985 καὶ
3446 2928 3481 2984 δ
3486 2933 3539 2983 ιά
3561 2937 3697 2983 τοῦτο
3720 2920 3898 2997 ἁμαρτά·

2363 3039 2455 3087 νει,
2492 3020 2520 3078 ἣ
2564 3019 2689 3073 αὐτό
2714 3023 2770 3073 τὸ
2802 3016 2930 3072 εἶναι
2956 3023 3042 3072 τόν
3068 3024 3197 3073 Θεὸν
3224 3018 3476 3093 ἀρνεῖται,
3508 3024 3593 3072 καὶ
3622 3014 3705 3072 διὰ
3728 3006 3897 3067 τοῦτοὲν

600 3119 851 3161 causam
895 3104 957 3160 in
988 3103 1201 3159 studiis
1257 3106 1682 3177 corrumpitur,
1737 3111 1975 3163 tametsi
2026 3107 2254 3163 videtur

2364 3117 2469 3171 τοῖς
2500 3107 2883 3183 ἐπιτηδεύμασι
2924 3106 3301 3185 διαφθείρεται,
3359 3110 3453 3164 κᾶν
3501 3108 3744 3183 ὁμολογεῖν
3781 3099 3896 3185 δοκῇ.

601 3193 892 3251 conﬁteri.
927 3194 1307 3263 Conﬁtentur
1326 3195 1504 3259 enim,
1539 3195 1751 3269 inquit,
1780 3212 1839 3254 se
1859 3212 2028 3253 nosse
2048 3198 2251 3266 Deum,

596 3286 782 3355 factis
821 3290 1021 3341 autem
1071 3285 1347 3354 negant".
1402 3286 1545 3350 Quae
1594 3301 1733 3341 cum
1764 3286 1844 3343 ita
1874 3303 1936 3343 se
1965 3286 2251 3354 habeant,

599 3373 781 3429 etiam
802 3371 1170 3443 objurgandi
1199 3372 1453 3429 modum
1486 3390 1625 3447 erga
1653 3390 1758 3431 eos
1785 3376 1892 3448 qui
1929 3382 2069 3432 sunt
2095 3377 2254 3447 ejus-

599 3459 767 3518 modi
810 3459 1118 3516 diversum
1168 3477 1300 3518 esse
1349 3470 1625 3535 oportere
1673 3470 1840 3537 puto.
1897 3465 2035 3521 Pius
2092 3465 2253 3522 enim

599 3550 773 3624 quasi
794 3549 971 3607 locali
992 3551 1260 3623 quodam
1279 3553 1563 3625 praesidio
1588 3553 1838 3625 indiget,
1868 3560 1925 3610 et
1944 3555 2005 3611 in
2030 3556 2164 3628 ipsa
2190 3572 2254 3613 re

599 3641 663 3699 in
700 3656 824 3715 qua
884 3638 1159 3707 oﬂ’endit,
1209 3642 1390 3699 debet
1425 3642 1913 3715 objurgationem
1961 3646 2250 3715 sufferre;

597 3730 951 3788 indifferens
981 3746 1146 3800 vero,
1179 3747 1318 3789 cum
1348 3736 1543 3789 totum
1574 3732 1755 3789 simul
1773 3735 2105 3807 corruperit
2132 3735 2256 3791 ani-

598 3836 716 3877 mae
736 3820 1369 3895 bonum,asgrotetque
1393 3821 1541 3894 ipsis
1562 3821 2035 3893 generalioribus
2053 3824 2253 3893 malis,

601 3913 703 3966 aut
734 3912 1031 3983 tanquam
1066 3915 1463 3984 contemptor,
1497 3911 1583 3967 uti
1616 3912 1745 3983 jam
1792 3912 1938 3980 dixi,
1986 3920 2091 3971 aut
2127 3919 2256 3971 tan-

598 4012 787 4071 quam
812 3997 1181 4065 incredulus,
1210 4004 1268 4055 et
1303 3997 1514 4071 lugeri,
1556 4005 1615 4054 et
1656 4000 1993 4068 admoneri,
2045 4007 2103 4059 et
2149 4002 2253 4059 ob-

593 4087 828 4160 jurgari
882 4086 1084 4157 debet,
1124 4078 1330 4161 quoad
1384 4088 1437 4145 ei
1480 4088 1833 4162 persuaderi
1888 4091 2097 4164 possit,
2150 4096 2256 4150 aut

596 4181 785 4237 Deum
816 4195 947 4237 esse
963 4180 1199 4251 justum
1221 4178 1514 4251 judicem,
1537 4184 1596 4236 et
1616 4180 1701 4237 ita
1725 4186 2119 4255 expavescat;
2151 4188 2256 4240 aut

593 4269 657 4327 in
696 4270 1069 4339 universum,
1130 4273 1321 4326 Deum
1365 4286 1516 4337 esse,
1574 4272 1783 4345 sicque
1830 4278 2248 4345 perterreatur.

596 4363 791 4431 Atque
817 4359 999 4416 etiam
1030 4358 1092 4416 id
1124 4360 1277 4416 scire
1316 4375 1515 4432 operas
1546 4361 1805 4435 pretium
1853 4366 1965 4426 est.
2023 4362 2253 4419 contin-

2365 3203 2492 3253 Θεὸν
2534 3202 2655 3274 γὰρ,
2707 3205 2865 3271 φησὶν
2904 3202 3037 3271 (50,,
3096 3184 3450 3272 ὁμολογοῦσιν
3495 3195 3695 3262 εἰδέναι,
3737 3199 3822 3251 τοῖς
3858 3184 3899 3239 δι

2364 3293 2531 3363 ἔργοις
2562 3288 2856 3363 ἀρνοῦνται.
2890 3290 2984 3342 Ὧν
3016 3290 3179 3351 οὕτως
3218 3290 3471 3361 ἑχόντων,
3509 3294 3593 3341 καὶ
3633 3290 3711 3339 τόν
3755 3284 3897 3354 τρόπον

2364 3387 2458 3440 τῆς
2488 3378 2835 3452 ἐπιτιμήσεως
2860 3378 3140 3451 λογίζομαι
3161 3380 3292 3433 εἶναι
3324 3376 3433 3433 δεῖν
3461 3380 3541 3432 ἐπὶ
3578 3385 3669 3429 τῶν
3708 3373 3897 3427 τοιούτων

2365 3465 2630 3543 διάφορον.
2689 3468 2748 3520 Ὀ
2808 3470 2899 3540 μεν
2945 3471 3048 3541 γὰρ
3097 3467 3322 3531 εὐλαϐὴς
3362 3472 3514 3523 οἱονεὶ
3563 3470 3759 3520 τοπικοῦ
3797 3473 3899 3513 τινες

2362 3559 2557 3633 χρῄζει
2586 3566 2677 3611 τοῦ
2722 3556 3085 3631 βοηθήματος,
3125 3563 3215 3610 καὶ
3262 3564 3388 3633 περὶ
3437 3558 3560 3610 αῦτό
3605 3560 3659 3607 τὸ
3708 3556 3897 3633 πρᾶγμαν

2365 3630 2486 3709 εἰς-ὃ
2516 3630 2736 3721 ἐσφάλη,
2764 3651 2859 3705 τὴν
2896 3647 3202 3720 ἐπιτίμησιν
3230 3630 3529 3706 ὑπο-στῆναι
3552 3645 3748 3718 ὀφείλει·
3795 3640 3816 3689 ὃ
3857 3630 3899 3685 δὲ

2364 3735 2667 3813 ἀδιάφορος,
2700 3736 2813 3789 ὅλον
2841 3738 2972 3809 ὁμοῦ
2991 3740 3051 3789 τὸ
3077 3736 3266 3809 ψυχῆς
3296 3738 3454 3791 καλὸν
3498 3734 3794 3808 διαφθείρας,
3834 3725 3899 3776 διαί

2363 3828 2497 3881 αῦτά
2534 3830 2598 3880 τά
2639 3835 2741 3879 τῶν
2792 3834 2963 3878 κακῶν
3002 3825 3396 3901 καθολικώτερα
3440 3836 3618 3888 νοσῶν,
3665 3825 3691 3881 ἧ
3732 3823 3788 3879 ὣς
3824 3832 3899 3866 2⁸⁸

2360 3921 2698 3991 ταφρονητης,
2764 3918 2938 3990 ὥσπερ
3002 3917 3141 3969 εἶπον
3178 3919 3314 3987 (51),
3377 3918 3407 3976 ἦ
3458 3919 3527 3976 ὡς
3580 3916 3795 3972 ἄπιστος,
3833 3907 3899 3955 καὶ

2361 4008 2681 4073 πενθεῖσθαι,
2737 4009 2826 4058 καὶ
2877 4007 3254 4071 νουθετεῖσθαι,
3297 4011 3389 4059 καὶ
3437 4003 3756 4078 ἐπιτιμᾶσθαι
3799 3995 3903 4065 69¢!"

2360 4096 2455 4167 λει,
2484 4101 2679 4171 μέχρις
2707 4094 2767 4148 ἂν
2796 4095 3261 4170 πληροφορηθῆναι
3293 4092 3521 4168 δυνηθῇ,
3571 4098 3599 4151 ἤ
3631 4094 3705 4145 ὅτι
3742 4089 3765 4140 ό
3807 4086 3901 4141 Θεὸς

2361 4191 2547 4263 κριτής
2588 4183 2813 4253 δίκαιος,
2862 4192 2953 4238 καὶ
3002 4183 3228 4257 φοϐηθῇ.
3283 4186 3314 4243 ἣ
3373 4186 3455 4238 ὅτι
3513 4183 3634 4243 ὅλως
3661 4184 3760 4233 ἔστι
3792 4175 3899 4233 θεὸς,

2361 4281 2451 4329 καὶ
2479 4274 2812 4348 καταπλαγῇ.
2851 4273 3067 4329 Κάκεῖνο
3098 4271 3158 4328 δι
3188 4270 3385 4328 εἰδέναι
3420 4278 3553 4348 χρὴ,
3580 4274 3657 4325 ὅτι
3699 4270 3759 4320 τὰ
3793 4262 3902 4317 ελατο

2361 4372 2578 4440 τὼματα
2636 4374 2735 4417 τῶν
2775 4363 3001 4418 εῦλαϐῶν
3047 4369 3248 4435 γίνεται
3300 4362 3549 4425 πολλάκις
3580 4366 3664 4415 καὶ
3710 4354 3808 4409 κατ’
3849 4348 3901 4401 οἱ·

596 4462 737 4518 gere
765 4464 928 4521 saepe
957 4449 1199 4522 piorum
1230 4448 1468 4517 delicta,
1500 4450 1707 4507 divina
1749 4450 2129 4524 providentia
2165 4452 2250 4509 ita

2362 4460 2605 4529 κονομίαν
2650 4459 2781 4528 πρὸς
2805 4458 2863 4507 τό
2897 4458 3188 4527 συμφέρον
3236 4462 3328 4507 τοῦ
3367 4459 3495 4508 Θεοῦ
3552 4452 3901 4523 συγχωροῦντος

594 4534 985 4611 dispensante
1016 4537 1093 4594 ad
1125 4555 1333 4596 eorum
1366 4540 1677 4597 utilitatem
1704 4558 1717 4595 :
1759 4542 1915 4596 Deus
1943 4543 2104 4598 enim
2126 4542 2251 4600 labi

596 4644 703 4685 eos
745 4626 1075 4699 aliquando
1122 4630 1430 4701 permittit,
1493 4632 1571 4686 ad
1617 4631 1959 4687 sanandam
1985 4633 2250 4705 priorem

596 4717 932 4793 quamdam
965 4718 1152 4775 animi
1182 4718 1524 4787 elationem,
1556 4720 1735 4793 quale
1766 4725 1855 4778 est
1883 4721 2049 4794 quod
2076 4738 2114 4780 a
2142 4725 2250 4781 Pe-

596 4814 689 4868 tro
716 4808 945 4866 dictum
975 4807 1103 4881 fuit,
1138 4812 1194 4866 et
1232 4809 1296 4866 in
1320 4823 1393 4867 eo
1422 4810 1559 4883 ipso
1583 4810 1819 4883 obtigit.

667 4952 856 5012 “Psal.
888 4968 1072 5023 xxxv,
1109 4958 1156 5010 1.
1237 4955 1258 4990 ⁸
1284 4952 1438 5011 Psal.
1470 4970 1593 5019 xui,
1630 4960 1679 5013 1.
1756 4956 1776 4991 ⁷
1804 4955 1909 5013 Tit.
1941 4972 1982 5026 ι,
2018 4961 2101 5013 16.

663 5084 776 5151 (47)
805 5079 1046 5154 antiqui
1076 5078 1201 5136 duo
1228 5078 1365 5137 libri
1396 5077 1553 5140 δῆλον
1583 5083 1683 5139 ὅτι.

665 5153 1478 5235 (4")lnterpresvetuscula
1521 5154 1689 5235 illud,
1730 5158 1820 5235 καὶ
1868 5162 1972 5216 τοῖς
2028 5153 2246 5235 ἀδιαφό-

590 5244 717 5299 ροες,
758 5225 848 5299 ita
863 5225 1119 5299 _vertit,et
1149 5226 1410 5299 quilibet
1424 5227 1497 5282 de
1518 5228 1721 5299 vulgo,
1753 5226 1932 5295 longe
1952 5242 1987 5282 a
2013 5225 2247 5283 senten-

592 5295 673 5352 tia
704 5296 896 5352 Basilii
917 5295 1235 5352 aberravit.
1263 5297 1415 5362 Quid
1438 5298 1599 5353 enim
1630 5295 1786 5354 Vetat
1820 5298 2104 5354 eumdem
2135 5299 2246 5356 bo-

591 5367 816 5442 m_inem
850 5383 983 5423 esse
1013 5368 1319 5442 plebeium
1362 5369 1543 5442 simul
1584 5375 1641 5424 et
1678 5369 1895 5442 pium?
1940 5373 2093 5440 Ergo
2133 5387 2247 5428 vox

595 5433 901 5514 ἀδιάφορος,
918 5444 982 5495 ut
1001 5433 1357 5506 solet,debet
1373 5441 1486 5514 hoc
1506 5440 1640 5497 loco
1660 5433 1851 5514 accipi
1880 5458 1987 5514 pro
2008 5433 2246 5512 indi/7e-

592 5515 780 5587 νεα-ες,
806 5510 901 5587 cui
924 5526 1069 5587 cura
1090 5526 1213 5568 non
1234 5517 1343 5587 est,
1373 5512 1527 5569 bene
1549 5528 1626 5571 an
1657 5510 1813 5572 male
1835 5510 1996 5587 agat.

664 5579 779 5651 (19)
813 5582 953 5651 Reg.
972 5581 1204 5655 primus
1227 5582 1297 5647 εἰς
1323 5579 1471 5641 Θεόν.

2361 4546 2518 4599 ἐνίοτε
2584 4545 2866 4603 ὀλισθῆσαι
2932 4544 3002 4606 εἰς
3062 4546 3337 4619 θεραπείαν
3373 4543 3485 4607 ι52)
3529 4542 3774 4612 ἐπάρσεως
3807 4546 3901 4604 προ·

2358 4633 2643 4704 λαϐούσης,
2675 4633 2781 4687 οἶόν
2816 4633 2926 4686 ἐστι
2966 4638 3023 4685 τὸ
3050 4635 3150 4686 ῦπό
3176 4641 3268 4686 τοῦ
3303 4637 3498 4707 Πέτρου
3538 4631 3793 4703 εἰρημένον,
3834 4636 3899 4670 καί

2360 4725 2435 4779 ἐπ’
2468 4725 2625 4779 αὑτοῦ
2651 4728 3005 4797 γεγενημένον.

2354 5155 2397 5213 b
2428 5086 2549 5157 (50)
2588 5083 2761 5153 lllud,
2783 5104 2849 5156 γη
2860 5088 2965 5156 σίν,
2982 5082 3260 5142 additum
3280 5086 3371 5140 est
3387 5098 3460 5139 ex
3477 5078 3705 5139 duobus
3722 5069 3899 5130 codici°

2401 5173 2496 5212 us.
3792 5211 3806 5213 Α

2401 5173 2496 5212 US.

2425 5211 2538 5302 (577')
2563 5232 2800 5285 Veteres
2823 5228 2955 5302 _duo
2993 5228 3128 5302 libri
3159 5231 3569 5302 καταφρονητὴς,
3611 5224 3722 5293 ὅπερ

2356 5286 2544 5357 Ρέιιιό
2565 5306 2705 5357 post
2728 5300 2920 5357 codex
2941 5300 3107 5356 Colb.
3157 5306 3248 5353 καὶ
3287 5286 3567 5357 πιστεύσας
3610 5286 3893 5353 καταπλαγῂ

2356 5317 2705 5427 rumors:
2728 5317 2920 5357 θοαί-ι
2941 5317 3107 5356 υοιο.
3157 5320 3248 5353 και
3287 5317 3567 5357 πιστευσας
3610 5317 3823 5344 narratum

2354 5377 2413 5429 et
2438 5388 2536 5429 ere
2585 5388 2687 5429 ens
2713 5379 3149 5441 perterreatur.
3651 5437 3665 5441 Α
3818 5432 3826 5441 ,

2424 5448 2539 5516 (52)
2566 5437 2812 5501 Codices
2856 5444 2981 5499 duo
3023 5450 3237 5516 printer
3270 5445 3437 5498 Voss.
3476 5444 3600 5516 πρὸς
3642 5437 3891 5508 θεραπείαν.

2356 5517 2486 5573 Mox
2524 5515 2669 5587 Reg.
2710 5516 2943 5590 primus
2971 5515 3061 5569 καὶ
3088 5515 3163 5569 ἐπ’
3196 5516 3352 5586 αὐτῷ·
