4086 6186
148 302 288 357 1153

1286 301 1584 358 REGULE
1621 301 1919 361 BREVIUS
1954 303 2338 363 TRACTATE

3372 323 3513 382 1154

149 443 340 480 στασιν
404 422 647 494 γίνεσθαι
712 419 909 494 ὀφεῖλον
955 424 1066 492 (93)
1093 465 1106 478 .
1177 427 1572 498 Προηγούμενον
1642 428 1744 501 γὰρ

1891 426 1963 484 ed
1991 443 2137 485 casu
2166 428 2439 502 quodam
2473 430 2770 500 exigente,
2809 431 2992 491 debet
3031 436 3260 508 perﬁci.
3313 439 3514 514 Siqui-

145 518 471 587 πρόσταγμα
518 519 609 564 τοῦ
662 517 858 587 Κυρίου
905 511 1040 578 ἐστὶ,
1095 517 1176 579 τὸ,
1233 514 1481 572 ῐιώλησόν
1539 533 1636 567 σου
1683 513 1750 567 τα

146 606 483 676 ὑπάρχοντα,
524 606 616 654 καὶ
663 597 753 662 δὸς
804 609 1061 674 πτωχοῖς·
1111 609 1202 656 καὶ
1249 603 1423 656 πάλιν·
1467 603 1752 662 Πωλήσατε

146 696 213 746 τα
241 695 558 766 ὑπάρχοντα
602 693 766 763 ὑμῶν,
797 697 888 744 καὶ
931 688 1051 744 δότε
1081 691 1450 766 ἐλεημοσύνην.
1502 694 1563 748 Εἰ
1603 690 1663 746 δε
1691 697 1750 746 τὸ

146 782 327 844 ἄλλοις
385 782 686 853 ἄποταχθεν
741 781 813 842 εἰς
867 781 1054 843 ἄλλους
1108 787 1274 858 φέρειν
1330 784 1424 866 ορκ
1475 780 1750 836 ἀκίνδυνόν

148 871 280 939 ἐστι,
332 879 426 924 τοῦ
467 876 663 946 Κυρίου
705 869 958 941 λέγοντος,
991 873 1070 925 ὅτι
1099 872 1213 924 Οὐκ
1259 871 1553 931 ἀπεστάλην
1594 874 1636 926 εἰ
1677 877 1748 945 μή

148 961 219 1023 εὶς
276 963 346 1013 τὰ
392 958 633 1033 πρόϐατα
687 962 756 1013 τᾶι
805 958 1110 1014 ἀπολωλότα
1156 964 1302 1014 οἷκον
1353 962 1586 1036 Ἰσραήλ·
1639 967 1750 1026 καὶ,

147 1050 260 1104 Οὐκ
287 1053 404 1102 ἔστι
435 1051 555 1120 ι94»)
578 1047 732 1101 καλὸν
761 1047 934 1102 λαϐεῖν
957 1053 1046 1102 τόν
1071 1052 1226 1125 ἄρτον
1271 1060 1370 1104 τῶν
1414 1055 1619 1115 τέκνων,
1665 1055 1754 1103 καὶ

147 1137 330 1212 βαλεῖν
355 1144 465 1201 τοῖς
493 1142 782 1211 κυναρίοις·
813 1142 866 1190 τί
906 1143 997 1193 καὶ
1040 1137 1125 1212 ἀφ’
1172 1139 1358 1194 ἑαυτοῦ
1388 1159 1470 1202 τις
1497 1139 1559 1194 οὐ
1597 1145 1756 1215 κρίνει

146 1234 206 1282 τὸ
235 1225 450 1281 δίκαιον
477 1244 490 1295 ;

741 1324 1055 1372 ΕΡΩΤΗΣΙΣ
1094 1318 1180 1372 ΡΙΪ

145 1407 206 1463 Εἰ
235 1412 348 1480 χρὴ
381 1426 469 1465 τον
510 1404 844 1482 ἐξερχόμενον
876 1407 977 1460 ἀπὸ
1011 1405 1361 1481 ἁδελφότητος
1392 1409 1508 1462 καθ’
1541 1405 1755 1466 οἱονδή-

219 1515 346 1550 ποτε
390 1496 542 1568 λόγον
569 1498 677 1566 (95)
717 1495 1047 1568 παρακλήσει
1094 1500 1437 1570 κατέχεσθαι,
1470 1499 1498 1557 i;
1543 1501 1622 1551 οὗ·
1667 1502 1757 1550 καὶ

225 1587 270 1638 εἰ
289 1591 426 1659 χρὴ,
450 1583 535 1638 ἐπὶ
564 1589 726 1640 τίσιν.

774 1768 1153 1821 ΔΠΟΚΡΙΣΙΣ.

221 1861 329 1908 Τοῦ
360 1858 558 1928 Κυρίου
602 1854 854 1916 εἰπόντος·
909 1858 1006 1906 Τὸν
1065 1853 1346 1930 ἐρχόμενον
1404 1859 1534 1930 πρὸς
1587 1860 1650 1929 με
1697 1855 1756 1908 οὗ

150 1949 222 2017 μή
275 1942 476 1995 ἐκϐαλῶ
534 1942 647 2005 ἔξω·
709 1948 798 1995 καὶ
839 1943 1014 1995 πάλιν·
1075 1945 1152 1997 οὐ
1189 1949 1378 2018 χρείαν
1434 1948 1655 2017 ἔχουσιν
1707 1947 1756 1997 οἱ

155 2033 432 2104 ἰσχύοντες
463 2031 665 2106 ἰατροῦ,
699 2029 805 2084 ἀλλ’
840 2033 889 2084 οἱ
918 2043 1092 2094 κακῶς
1121 2036 1348 2105 ἔχοντες·
1377 2039 1468 2087 καὶ
1499 2033 1752 2106 ἀλλαχοῦ·

150 2127 245 2185 Τίς
273 2121 328 2186 έξ
351 2123 514 2194 ὑμῶν,
559 2123 696 2192 ἔχων
729 2120 910 2174 έκατόν
949 2121 1208 2195 πρόϐατα,
1244 2121 1328 2176 έὰν
1358 2123 1592 2196 πλανηθῇ
1625 2123 1674 2177 ἓν
1705 2123 1757 2188 ἐξ

151 2211 326 2264 αὐτῶν
354 2252 368 2277 ,
445 2209 576 2282 οὐχὶ
655 2208 846 2282 ἀφίησι
929 2214 994 2263 τὰ
1079 2210 1378 2270 ἐνενήκοντα
1424 2212 1582 2279 έννέα,
1668 2219 1756 2267 καὶ

153 2301 425 2374 πορευθεὶς
453 2300 605 2360 ζητεί
631 2303 688 2352 τὸ
719 2299 1065 2372 πλανώμενον,
1113 2302 1205 2365 ἕως
1239 2304 1360 2354 ὅτου
1392 2303 1514 2376 εὕρῃ
1542 2320 1556 2369 ;
1600 2308 1756 2356 παντὶ

153 2394 332 2464 τροπῳ
357 2394 464 2462 χρὴ
507 2393 595 2440 τὸν
621 2387 939 2442 ἀσθενοῦντα
969 2391 1286 2462 Θεραπεύειν,
1315 2399 1405 2444 και
1437 2389 1756 2454 σπουδάζειν

155 2479 266 2549 (96)
293 2483 349 2530 τὲ
379 2477 783 2552 ἆξηρθρωμένον,
813 2480 895 2530 ἶνα
915 2481 1080 2540 οὕτως
1104 2482 1250 2546 εἰπω,
1282 2481 1428 2552 μέλος
1458 2479 1754 2556 έναρθροῠν.

156 2568 274 2620 Ἐὰν
325 2563 385 2621 δι
433 2565 645 2640 έπιμένη
695 2575 757 2639 τῇ
810 2573 970 2641 κακίᾳ
1006 2564 1378 2640 οὶᾳδηποτοῦν,
1432 2568 1634 2642 ἀφιέναι
1689 2573 1758 2634 ὡς

155 2656 446 2732 ἀλλότριον.
491 2660 788 2731 Γέγραπται
825 2659 948 2730 γάρ,
981 2659 1062 2710 ὅτι
1108 2664 1264 2711 Πᾶσα
1304 2665 1504 2732 φυτεία,
1561 2662 1622 2720 ἣν
1665 2661 1760 2714 οὐκ

158 2744 434 2819 έφύτευσεν
476 2746 502 2797 ὁ
560 2750 741 2819 Πατήρ
789 2765 889 2818 μου
938 2747 964 2798 ὁ
1015 2746 1273 2823 οὖράνιος,
1323 2748 1758 2824 ἐκριζωθήσεται.

158 2834 348 2908 ’Δφετε
373 2834 584 2898 αὐτούς·
617 2835 800 2908 τυφλοί
831 2835 982 2889 εἰσιν.

744 3108 1059 3159 ΕΡΩἹἮΣῙΣ
1098 3102 1187 3156 ΡΓ

164 3192 282 3248 Ὀτι
437 3212 547 3267 χρη
599 3199 707 3255 τοῖς
736 3192 1104 3269 πρεσϐυτέροις
1151 3194 1246 3256 ἕως
1278 3194 1498 3247 θανᾶτου
1531 3195 1764 3248 {morsic-

238 3287 450 3353 σεσθαι,
477 3293 630 3338 τοῦτο
661 3281 766 3344 ἤδη
800 3281 1190 3358 ἐδιδάχθημεν·
1225 3283 1406 3345 ἐπειδὴ
1438 3283 1496 3339 δε
1533 3287 1764 3361 συμϐαί-

229 3395 304 3428 νει
336 3379 410 3436 εἶς
439 3394 554 3427 τινα
581 3394 671 3427 και
711 3375 864 3427 αὐτὸν
915 3375 1226 3427 ὀλισθαίνειν
1267 3379 1353 3427 τὸν
1396 3375 1764 3451 πρεσϐύτερον,

232 3465 278 3518 εἰ
304 3461 420 3517 δέοι
446 3464 602 3517 αὐτὸν
651 3463 978 3536 έλέγχεσθαι,
1008 3469 1100 3517 καὶ
1147 3473 1270 3529 πῶς,
1305 3469 1395 3518 καὶ
1424 3469 1566 3541 παρὰ
1593 3471 1764 3534 τίνων,

233 3548 575 3624 διδαχθῆναι
610 3549 856 3626 δεόμεθα·
894 3553 937 3606 εἰ
963 3549 1024 3605 δε
1051 3557 1124 3625 μὴ
1157 3550 1532 3626 καταδέχοιτο,
1572 3558 1625 3606 τί
1653 3559 1763 3628 χρὴ

232 3645 481 3714 γενέσθαι
502 3647 638 3714 (97).

177 3741 196 3762 ’
776 3737 1152 3788 ΔΠΟΚΡῘΣῙΣ.

235 3828 367 3898 Περὶ
411 3826 606 3876 τούτων
636 3825 838 3897 εἴρηται
887 3832 1060 3896 σαφῶς
1106 3822 1156 3876 ἕν
1197 3830 1260 3897 τῇ
1304 3824 1597 3899 πλατυτέρα
1644 3821 1770 3876 ἆπο·

165 3918 363 3986 κρίσει.

740 4007 1052 4056 ΕΡΩΤΗΣῘΣ
1093 4001 1202 4056 ΡΔ’.

167 4098 283 4154 Ila;
343 4096 453 4166 χρὴ
514 4093 608 4154 τὰς
664 4088 943 4166 φροντίδας
987 4091 1303 4166 ἐγχειρίζειν
1347 4099 1452 4154 τοῖς
1503 4089 1769 4167 ἀδελφοῖς·

235 4186 399 4254 μόνου
441 4189 532 4234 τοῦ
580 4189 907 4254 προεστῶτος
952 4187 1047 4240 τὴν
1097 4179 1418 4255 δοκιμασίαν
1461 4187 1770 4257 ποιουμένου

236 4273 381 4340 (98),
432 4271 460 4329 ἦ
510 4275 732 4324 καὶτῶν
777 4267 1010 4344 ἀδελφῶν
1050 4271 1437 4345 ψηφιζομένων·
1484 4273 1671 4346 ὁμοίως
1713 4269 1773 4326 δι

236 4367 331 4413 καὶ
356 4360 406 4414 ἐν
438 4367 554 4422 ταῖς
585 4356 857 4433 ἀδελφαῖς.

773 4454 1151 4506 ΔΠΟΚΡῙΣΙΣ.

236 4539 302 4595 Εἰ
363 4544 483 4614 περὶ
537 4535 608 4592 ὧν
668 4547 841 4614 φρονεί
895 4541 1136 4608 ἕκαστος,
1196 4538 1536 4594 ἀνατίθεσθαι
1588 4539 1775 4616 ἑτέροις

1855 515 1997 573 dem
2013 519 2369 590 primarium
2395 521 2624 578 Domini
2647 528 3016 593 praeceptum
3032 525 3181 582 illud
3192 534 3301 586 est:
3325 531 3518 588 Vende

1857 621 1989 677 quae
2011 607 2210 670 habes,
2237 616 2290 665 et
2316 610 2397 666 da
2415 609 2786 678 pauperibus
2810 612 2879 679 3ῖ;
2913 618 2971 668 et
2991 629 3232 672 rursus:
3276 619 3522 678 Vendit:

1859 710 1990 766 quae
2027 697 2357 766 possidetis,
2399 705 2455 755 et
2493 698 2634 754 date
2672 700 3106 770 eleemosynam
3131 704 3200 760 ³⁸.
3250 707 3425 772 Quod
3471 708 3518 766 si

1858 799 1980 840 non
2010 785 2137 841 sine
2171 787 2433 858 periculo
2473 787 2552 843 ad
2599 787 2753 844 alios
2795 789 3150 848 transfertur
3179 795 3346 866 quod
3387 796 3522 853 aliis

1860 873 2229 930 destinatum
2249 881 2358 946 est,
2375 892 2515 932 cum
2547 879 2834 932 Dominus
2855 877 3049 935 dicat:
3073 880 3208 936 Non
3229 897 3361 940 sum
3387 887 3522 942 mis-

1860 978 1959 1018 sus
1984 965 2102 1018 nisi
2129 964 2210 1019 ad
2236 980 2386 1034 oves,
2430 981 2565 1036 quae
2611 967 2924 1035 perierunt
2971 969 3181 1025 domus
3224 972 3416 1028 Israel
3437 974 3516 1042 ³ος

1861 1052 2004 1108 item
2029 1069 2042 1107 :
2065 1052 2202 1107 Non
2232 1060 2313 1109 est
2361 1053 2577 1110 bonum
2625 1070 2858 1112 sumere
2887 1072 3106 1127 panem
3139 1061 3435 1131 ﬁliorum,
3463 1068 3519 1118 et

1863 1141 2124 1212 abjicere
2148 1143 2384 1198 catellis
2402 1144 2472 1211 ‘0,
2498 1142 2713 1216 quidni
2739 1149 2798 1200 et
2841 1160 2877 1201 a
2903 1161 2966 1200 se
2995 1147 3254 1221 quisque
3291 1149 3522 1222 judicet

1863 1229 2030 1302 quod
2050 1231 2286 1301 justum
2313 1239 2402 1287 est
2428 1232 2456 1287 ?

2353 1321 2863 1378 INTERROGATIO
2916 1326 3031 1382 Cll.

1865 1409 1960 1464 An
1987 1424 2344 1482 quacunque
2373 1410 2447 1465 de
2471 1425 2653 1466 causa
2684 1426 2713 1467 e
2739 1412 3013 1480 fratrum
3044 1427 3333 1472 conventu
3362 1432 3524 1488 egre-

1934 1497 2191 1552 dientem
2222 1497 2602 1554 exhortando
2630 1507 2902 1568 oporteat
2934 1502 3220 1571 detinere,
3249 1521 3328 1561 an
3361 1518 3524 1577 non;

1935 1592 2012 1650 et,
2043 1588 2096 1642 si
2122 1593 2374 1656 oportet,
2405 1589 2620 1658 quibus
2644 1591 2887 1648 tandem
2917 1593 3356 1652 conditionibus
3385 1596 3530 1653 deti-

1935 1676 2168 1731 nendus
2195 1677 2296 1732 sit.

2489 1769 2903 1827 RESPONSIO.

1937 1857 2084 1911 Cum
2134 1855 2423 1911 Dominus
2467 1856 2716 1913 dixerit:
2761 1859 2912 1914 Eum
2949 1862 3053 1932 qui
3099 1864 3258 1919 venit
3287 1864 3372 1920 ad
3413 1880 3526 1937 me,

1865 1960 1985 2000 non
2015 1946 2256 2014 ejiciam
2281 1946 2452 2014 foras
2475 1947 2544 2013 ‘1;
2569 1961 2639 2002 ac
2669 1962 2910 2004 rursum
2939 1965 2952 2004 :
2984 1950 3121 2006 Non
3149 1959 3232 2007 est
3259 1969 3406 2023 opus
3431 1971 3530 2012 va-

1867 2034 2127 2091 lentibus
2158 2037 2443 2102 medicus,
2457 2036 2562 2091 sed
2581 2037 2741 2092 male
2757 2027 3112 2095 habentibus
3137 2042 3219 2110 ⁴²,·
3241 2049 3298 2097 et
3317 2042 3435 2099 alio
3461 2044 3524 2099 in

1863 2124 1996 2180 loco
2016 2142 2037 2177 :
2060 2124 2199 2191 Quis
2225 2139 2301 2180 ea:
2331 2125 2492 2180 vobis
2514 2124 2738 2182 habens
2759 2133 2995 2183 centum
3026 2143 3178 2201 oves,
3209 2133 3263 2186 si
3283 2131 3526 2190 aberra-

1865 2214 2016 2270 verit
2035 2228 2158 2269 una
2187 2229 2255 2269 e1
2285 2214 2572 2282 ipsis,non
2595 2214 2846 2270 dimittit
2866 2221 3202 2288 nonaginta
3220 2235 3446 2291 novem,
3470 2227 3527 2278 et

1861 2305 2172 2373 profectus
2195 2310 2415 2375 quaerit
2445 2304 2881 2372 errabundum,
2913 2308 3098 2365 donec
3128 2311 3422 2367 invenerit
3448 2311 3528 2367 ιη

1868 2392 2014 2450 nihil
2041 2409 2155 2450 non
2182 2393 2602 2450 adhibendum
2625 2401 2713 2450 est
2733 2396 2811 2450 ad
2833 2397 3171 2454 curandum
3194 2399 3526 2466 infirmum,

1867 2489 2048 2556 atque
2073 2483 2280 2538 danda
2319 2489 2408 2539 est
2446 2483 2657 2539 sedula
2688 2499 2896 2557 opera,
2948 2491 3010 2541 ut
3039 2485 3313 2544 luxatum
3341 2505 3530 2546 mem-

1867 2573 2068 2633 brum.
2102 2578 2165 2628 ut
2207 2572 2285 2628 ita
2334 2572 2556 2644 dicam,
2590 2573 2650 2629 in
2696 2589 2875 2630 suum
2908 2574 3108 2632 locum
3161 2578 3528 2636 restituatur.

1869 2661 2038 2727 Quod
2071 2662 2119 2717 si
2146 2663 2204 2718 in
2228 2679 2338 2718 suo
2368 2662 2528 2728 vitio,
2556 2661 2976 2738 qualecunque
2995 2667 3240 2724 tandem
3270 2669 3368 2738 sit,
3402 2685 3531 2743 per-

1869 2752 2378 2818 severaverit,tum
2405 2751 2651 2824 perinde
2673 2759 2854 2826 atque
2876 2753 3110 2811 alienus
3135 2751 3530 2817 dimittendus

1869 2843 1979 2895 est.
2005 2840 2305 2910 Scriptum
2332 2839 2620 2896 estenim:
2646 2842 2845 2896 Omnis
2865 2843 3169 2911 plantatio
3198 2862 3379 2918 quam
3410 2861 3530 2905 non

1865 2932 2165 3000 plantavit
2191 2932 2375 2986 Pater
2397 2945 2558 2986 meus
2579 2932 2848 2998 ca’leslis,
2875 2935 3304 2992 eradicabitur.
3337 2938 3531 2994 Sinite

1872 3021 2029 3086 illos,
2064 3021 2204 3076 caeci
2226 3023 2364 3075 sunt
2393 3019 2459 3073 “.

2351 3108 2865 3166 INTERROGATIO
2907 3109 3042 3166 CIII.

1873 3197 2042 3268 Quod
2061 3197 2294 3270 quidem
2316 3195 2650 3253 senioribus
2669 3197 3005 3265 parendum
3018 3200 3095 3254 sit
3125 3200 3221 3256 vel
3243 3216 3426 3274 usque
3445 3201 3528 3259 ad

1942 3285 2325 3350 mortem,hoc
2334 3288 2468 3356 jam
2491 3285 2839 3341 didicimus:
2866 3301 3069 3343 verum
3098 3292 3380 3360 quoniam
3413 3307 3526 3348 usu

1940 3378 2102 3433 venit
2128 3391 2586 3446 nonnunquam,
2615 3382 2682 3429 ut
2712 3381 2766 3430 et
2798 3376 2924 3443 ipse
2944 3375 3146 3433 senior
3184 3380 3431 3437 labatur
3463 3384 3525 3438 in

1941 3466 2273 3537 aliquibus,
2301 3481 2381 3522 an
2413 3465 2487 3521 sit
2515 3467 2639 3532 ipse
2657 3465 3135 3536 redarguendus.
3156 3474 3210 3526 et
3236 3472 3538 3542 quomodo

1943 3562 1998 3613 et
2026 3570 2063 3610 α
2093 3555 2330 3626 quibus.
2351 3555 2586 3610 edoceri
2600 3555 2982 3622 postulamus
3002 3571 3026 3626 ,·
3065 3559 3120 3613 si
3146 3573 3285 3615 vero
3315 3561 3379 3616 id
3406 3577 3528 3618 non

1941 3645 2125 3715 ferat,
2157 3643 2305 3715 quid
2317 3643 2672 3714 faciendum
2708 3649 2812 3699 est.

2499 3732 2908 3788 RESPUNSIO.

1947 3823 2025 3878 De
2054 3822 2151 3879 his
2181 3818 2493 3878 enucleate
2536 3821 2767 3878 dictum
2807 3828 2896 3878 est
2923 3822 2984 3879 in
3026 3821 3236 3881 latiore
3279 3838 3529 3900 respon-

1876 3928 2062 3970 ειοηθ.

2251 3999 2426 4073 452
2473 4002 2986 4059 INTERROGATIO
3027 4002 3160 4060 CIV.

1879 4091 2180 4160 Quomodo
2214 4091 2425 4147 debent
2449 4091 2752 4160 fratribus
2781 4108 3034 4149 munera
3062 4100 3115 4149 et
3153 4095 3358 4163 ofﬁcia
3384 4111 3532 4153 com-

1947 4182 2144 4237 mitti:
2182 4187 2384 4236 utrum
2415 4195 2450 4238 a
2497 4181 2625 4237 solo
2666 4181 2952 4251 pra/ccio
2973 4184 3060 4238 ita
3077 4183 3420 4252 judicante.
3447 4201 3530 4244 an

1949 4272 2132 4329 etiam
2151 4287 2187 4327 α
2198 4270 2502 4340 fratribus
2523 4271 2882 4341 suffragium
2891 4272 3227 4340 ferentibus
3240 4289 3262 4330 ,ο
3281 4274 3534 4348 itemque

1948 4363 2013 4416 in
2035 4359 2338 4417 sororibus
2362 4360 2660 4416 similiter.

1989 4455 2004 4466 ’
2503 4451 2892 4509 RESPONSIO
2907 4495 2919 4507 .

1954 4540 2012 4597 Si
2040 4540 2466 4613 unusquisque
2502 4554 2575 4595 ea
2613 4555 2750 4613 quae
2781 4540 2978 4608 sentit,
3023 4541 3157 4598 aliis
3198 4558 3538 4618 proponere

165 4627 466 4702 έδιδοὶχθη,
496 4648 645 4701 ποσῳ
685 4629 876 4703 μᾶλλον
916 4633 984 4684 τὰ
1026 4636 1248 4684 τοιαῦτα
1274 4633 1404 4702 μετὰ
1449 4627 1765 4704 δοκιμασίας

1891 4630 2129 4688 edoctus
2149 4636 2260 4697 est,
2290 4633 2522 4702 quanto
2547 4630 2743 4700 magis
2767 4646 2903 4703 qum
2925 4639 3065 4688 sunt
3088 4632 3540 4704 hujusmodi,ea

165 4729 268 4773 τῠν
329 4722 401 4781 εἰς
452 4728 606 4773 τοῦτο
657 4716 968 4778 ἐπιτηδείων
1023 4721 1262 4792 γίνεσθαι
1307 4731 1467 4794 χρης
1523 4723 1592 4783 ὡς
1639 4728 1773 4776 Θεοῦ

165 4809 469 4882 οἰκονομίας
523 4811 658 4862 κατὰ
708 4812 838 4863 Θεὸν
876 4808 1182 4881 ὀφειλούσης
1231 4809 1625 4884 ένχειριξεσθαι
1659 4811 1772 4881 (99)

167 4906 279 4960 τοῖς
308 4895 420 4957 ἤδη
452 4893 722 4960 ἀπόδειξιν
753 4893 1022 4952 δεδωκόσι
1051 4906 1142 4951 ⁴νοτ)
1185 4895 1449 4952 δυνασθαι
1481 4898 1770 4973 εὐαρέστως

241 5015 286 5050 ’τ
333 5016 653 5081 Luc.xvm,
680 5017 777 5088 22.
847 5013 896 5049 ³⁸
938 5016 1204 5088 Ιιιιοηχιι,
1231 5018 1317 5071 33.
1395 5016 1444 5051 ”
1485 5016 1684 5072 Matth.
1712 5031 1799 5088 xv,
1830 5018 1919 5071 24.

172 5085 220 5119 δ’
256 5087 458 5144 lauti.
486 5077 648 5150 mn,
694 5077 784 5142 te?
857 5088 904 5121 ιδ
943 5085 1144 5143 Matth.
1173 5077 1263 5154 iv,
1321 5091 1401 5152 13,
1443 5090 1526 5142 is.

241 5188 354 5251 (93)
386 5185 550 5241 Unus
580 5200 692 5240 ms.
726 5187 863 5255 Reg.
891 5185 1131 5257 γίνεσθαι
1153 5184 1365 5257 ὀφείλει.

241 5257 355 5326 (94)
388 5259 526 5324 Heg.
557 5257 791 5328 primus
819 5261 909 5308 καὶ
939 5258 1019 5308 ὃτι
1045 5256 1139 5328 οᾷκ
1184 5256 1313 5328 ἔστι.

237 5323 350 5399 (93)
387 5323 525 5392 Reiz.
560 5323 914 5399 tertius_zae'
955 5323 1262 5386 οἱονδὴποτε
1289 5327 1459 5399 λόγον.
1499 5325 1610 5381 Alii
1650 5324 1774 5399 duo

169 5395 413 5456 mss.et
464 5401 630 5454 Voss.
662 5395 954 5470 οἱῳδῂποτε
991 5418 1184 5470 τροπῳ,
1218 5395 1446 5455 omissa
1477 5398 1773 5470 preposi-

170 5449 538 5528 aaauadia
561 5449 681 5523 ῑσίρι
699 5449 1184 5542 τέφέεέεξετίέφεξῖ

244 5549 356 5617 (98)
389 5545 531 5614 Reg.
577 5543 812 5617 primus
855 5547 943 5617 καὶ
983 5539 1304 5617 σπουδάζειν
1349 5545 1497 5617 χρὴ.-
1536 5542 1651 5596 Nec
1693 5540 1776 5617 ita

171 5609 366 5672 multo
398 5609 542 5687 poi!
561 5609 727 5670 συιδ.
771 5611 950 5685 τυφλοί
996 5613 1125 5666 εἰσιν
1163 5609 1605 5686 ὁδηγοῖἶ-υφλῶν,
1637 5613 1781 5669 ι·εοί

1879 4721 2006 4778 ﬁeri
2034 4719 2278 4788 debent,
2307 4719 2582 4778 adhibito
2609 4735 2842 4784 eorum.
2871 4721 2973 4794 qui
2994 4721 3074 4779 ad
3094 4722 3210 4780 hoc
3230 4724 3353 4795 apti
3376 4729 3534 4793 sunt,

1873 4809 2152 4881 judicio?
2201 4823 2393 4882 quare
2435 4808 2534 4865 Dei
2590 4809 2901 4880 negotium
2957 4811 3294 4868 secundum
3346 4811 3534 4868 Deum

1881 4897 2370 4956 concredendum
2403 4903 2491 4954 est
2519 4897 2590 4954 iis
2618 4899 2724 4972 qui
2757 4915 2822 4954 se
2847 4899 2979 4970 jam
3009 4899 3380 4956 ostenderint
3405 4914 3533 4956 cre-

2016 5017 2064 5051 ‘°
2103 5014 2247 5071 ibid.
2279 5018 2368 5070 40.
2445 5015 2487 5049 δ’
2529 5016 2702 5071 Joan.
2737 5030 2814 5082 νι,
2846 5018 2934 5070 37.
3012 5015 3060 5050 ⁸⁸
3099 5013 3296 5079 Matth,
3328 5027 3402 5080 ix,
3445 5015 3534 5070 t2.

1878 5190 2023 5241 sunt
2050 5185 2229 5241 duces
2259 5198 2574 5242 cacorum.

1976 5261 2064 5321 97)
2108 5259 2267 5311 Unus
2295 5256 2483 5311 codex
2515 5257 2654 5322 Reg.
2683 5259 2733 5306 τί
2754 5257 2863 5326 χρὴ
2892 5251 3151 5324 γίνεσθαι.

1976 5263 2064 5321 97)
2108 5263 2267 5311 Unus
2295 5263 2483 5311 codex
2515 5263 2654 5322 Heg.
2683 5263 2733 5306 τί
2754 5263 2863 5326 χρὴ
2892 5263 3151 5324 γίνεσθαι.

1953 5263 2070 5390 ξ98)
2110 5327 2257 5397 Reg.
2289 5327 2521 5398 primus
2551 5335 2875 5396 προεστῶτος
2906 5329 2997 5382 τὴν
3037 5318 3290 5398 φροντίδα
3317 5328 3407 5378 καὶ
3440 5331 3534 5385 τὴν

1884 5393 2556 5468 δοκι.αασίαν”πο“ιουμένου.

1955 5458 2065 5543 (99)
2108 5471 2339 5543 Veteres
2368 5458 2491 5543 duo
2518 5466 2651 5543 libri
2682 5469 2746 5526 ὡς
2775 5471 2902 5543 Θεου
2933 5467 3231 5543 οἰκονομίαν
3255 5471 3388 5521 κατὰ
3412 5473 3538 5524 Θεὸν

1884 5538 2190 5626 ὀφείλρυσαν
2240 5539 2672 5626 ξκζειείζσσθαι.
2727 5539 2912 5598 Paulo
2971 5538 3116 5614 post
3151 5539 3340 5597 iidem
3388 5557 3535 5600 mss.

1887 5615 2174 5683 εὐαρέστως
2205 5617 2277 5678 τῷ
2310 5617 2442 5684 Θεῷ,
