4086 6186
489 261 628 312 11⁸75

481 507 661 562 Aueto
717 505 965 575 jejunio,
1019 504 1321 560 evadimus
1370 504 1451 559 ad
1491 504 1749 560 laborem
1791 503 2126 559 debiliores.

555 577 710 644 Quid
741 578 928 645 igitur
965 579 1156 646 magis
1183 578 1352 646 facto
1383 592 1529 646 opus
1560 583 1641 632 est
1665 595 1692 631 τι
1717 576 2132 632 reseinderene

557 650 819 705 laborem
846 654 1098 717 propter
1126 649 1455 718 jejunium,
1508 664 1587 704 an
1619 648 1926 719 negligere
1963 647 2130 716 jeju-

557 721 723 776 nium
752 725 1002 790 propter
1027 720 1289 776 laborem
1305 763 1317 774 .

1112 848 1516 903 llESPONSlO.

560 973 767 1044 Operre
798 971 1073 1044 prwtium
1101 971 1502 1043 estjejunare,
1547 975 1604 1027 et
1633 970 1807 1026 edere
1828 970 2000 1042 juxta
2031 985 2136 1026 ac-

1855 253 1912 308 S.
1955 247 2200 306 BASILH
2241 245 2459 303 MAGM

872 376 1402 434 INTERROGATIO
1461 377 1724 434 CXXXIX.
2162 375 2206 426 Α

3701 251 3855 304 1176

2773 380 3086 428 ΕΡΩΤΗΣΙΣ
3134 371 3303 428 ΡΛΘ’.

2241 501 2343 554 Τῆς
2372 500 2614 558 νηστείας
2639 495 3039 570 ἐπιτεινοαὸης,
3075 496 3373 570 ἀτονώτεροι
3398 499 3652 570 χινόμεθα
3684 497 3758 560 εἰς
3794 503 3857 549 τὸ

2314 571 2484 643 ἔργον,
2510 574 2573 622 Τί
2603 565 2690 621 οὖν
2719 574 2826 643 χρὴ
2855 551 3043 642 μᾶλλον
3075 571 3232 643 (62)_°
3275 551 3578 643 ίμποξίζίιν
3607 577 3684 639 τῷ
3712 573 3857 642 ἔργῳ

2359 637 2413 693 ια
2448 645 2540 700 τὴν
2569 637 2828 709 νηστείαν,
2855 637 2889 701 ’ἡ
2920 637 3152 716 παρορᾲν
3181 637 3379 698 ίκείνην
3401 637 3494 692 διὰ
3518 643 3576 692 τό
3607 637 3786 716 ἔργον.

2856 843 3232 894 ΑῘΙΟΚΡΙΣΙΣ.

2323 968 2424 1016 Καὶ
2455 966 2546 1022 τήν
2575 969 2835 1032 νηστείαν,
2863 970 2952 1016 καὶ
2982 968 3040 1016 τὸ
3073 970 3250 1036 φαγεῖν
3296 966 3427 1037 μετά
3455 963 3609 1036 λόγου
3640 971 3733 1015 τοῦ
3768 962 3861 1016 οἰ-

491 1061 946 1118 commodatam
977 1060 1177 1133 pietati
1199 1062 1493 1117 rationem
1529 1081 1541 1128 ;
1567 1066 1629 1117 ut
1658 1076 1796 1116 cum
1820 1061 2140 1116 conficien-

493 1152 640 1207 dum
671 1151 848 1207 fuerit
886 1150 984 1205 Dei
1029 1149 1385 1206 mandatum
1426 1165 1533 1222 per
1564 1150 1886 1222 jejunium,
1915 1151 2144 1222 jejune-

495 1258 653 1310 mus,
707 1257 776 1296 ac
806 1240 929 1295 vice
979 1255 1170 1306 versa,
1223 1255 1362 1294 cum
1407 1239 1502 1294 Dei
1539 1239 1893 1296 mandatum
1939 1239 2144 1296 cibum

497 1346 718 1402 corpus
763 1329 1254 1384 corroborantem
1305 1329 1502 1399 exigit,
1558 1329 1978 1399 comedamus,
2020 1345 2144 1385 non

497 1423 792 1489 tanquam
828 1417 1163 1483 helluones,
1197 1415 1303 1472 sed
1350 1421 1412 1472 ut
1441 1417 1700 1490 operarii
1736 1417 1854 1473 Dei.
1893 1420 2147 1475 Servan-

500 1506 648 1561 dum
679 1511 770 1561 est
792 1505 950 1561 enim
973 1504 1141 1578 quod
1180 1505 1408 1562 dictum
1435 1511 1522 1562 est
1546 1507 1625 1562 ab
1653 1507 1942 1578 Apostolo
1967 1524 1979 1562 :
2013 1507 2150 1564 Sive

500 1594 899 1666 manducetis,
946 1597 1067 1652 sive
1106 1596 1324 1669 bibitis,
1354 1598 1476 1654 sive
1513 1598 1660 1670 quid
1687 1597 1914 1667 facitis,
1949 1598 2152 1654 omnia

503 1684 563 1740 in
582 1685 841 1755 gloriam
871 1686 980 1742 Dei
1001 1685 1192 1755 facite
1213 1686 1254 1740 ⁸.

967 1809 1490 1869 INTERROGATIO
1532 1811 1678 1869 CXL.

504 1914 574 1974 Si
577 1917 717 2044 guis
735 1922 1070 1985 temperans
1093 1935 1212 1975 non
1227 1920 1424 1990 fuerit
1450 1921 1512 1975 in
1535 1921 1731 1976 noxiis
1749 1919 1887 1976 cibis
1909 1919 2155 1990 capien-

624 1992 689 2044 is.
713 1990 828 2044 imo
853 2005 989 2044 vero
1012 1992 1082 2044 iis
1115 1991 1354 2044 abunde
1376 1995 1630 2044 sumptis
1658 1993 1886 2044 incidat
1911 1994 1974 2044 in
1996 2007 2155 2044 more

624 1992 689 2051 is,
713 1990 828 2045 imo
853 2005 989 2047 vero
1012 1992 1082 2046 iis
1115 1991 1354 2048 abunde
1376 1995 1630 2061 sumptis
1658 1993 1886 2049 incidat
1911 1994 1974 2048 in
1996 2007 2155 2049 more

580 2062 736 2129 bum,
764 2063 1043 2134 nunquid
1072 2065 1199 2133 ejus
1231 2079 1379 2120 cura
1399 2065 1780 2135 suscipienda
1806 2067 1906 2120 sit.

1132 2192 1540 2250 RESPONSIO.

581 2297 1049 2368 Intemperantia
1088 2298 1472 2354 manifestam
1512 2299 1749 2372 praefert
1778 2300 2110 2374 nequitiam
2143 2317 2158 2369 ;

511 2389 691 2458 atque
710 2386 769 2442 in
793 2387 1002 2458 primis
1021 2386 1096 2443 de
1119 2388 1232 2444 hoc
1252 2389 1400 2444 vitio
1419 2388 1740 2446 sollicitum
1763 2407 1893 2448 esse
1914 2407 2162 2449 necesse

511 2480 621 2545 est,
656 2479 720 2531 ut
748 2475 1084 2531 remedium
1108 2475 1283 2548 463
1313 2479 1365 2533 ei
1395 2479 1700 2534 efferatur.
1736 2482 1966 2536 Etenim
1996 2480 2162 2537 beni-

510 2580 669 2636 gnus
697 2567 876 2636 Deus,
907 2571 1208 2638 quantum
1232 2567 1462 2623 malum
1489 2567 1927 2626 incontinentia
1955 2572 2048 2640 sit,
2071 2588 2164 2627 os-

508 2655 754 2712 tendere
778 2672 920 2712 cum
945 2655 1138 2726 vellet,
1169 2657 1438 2713 animam
1461 2674 1619 2731 saepe
1645 2660 1706 2714 in
1731 2659 1802 2714 iis
1826 2661 2006 2717 etiam
2027 2676 2164 2733 qua

511 2744 750 2817 corpori
779 2750 1016 2813 nocent,
1039 2748 1098 2801 in
1126 2745 1338 2803 vitium
1368 2747 1847 2821 intemperantiae
1877 2749 2000 2806 labi
2027 2767 2163 2823 per-

511 2833 696 2904 misit,
745 2835 795 2889 si
848 2834 1001 2891 forte
1050 2841 1255 2909 posset
1292 2853 1398 2910 per
1425 2837 1804 2910 corporalem
1853 2839 2160 2908 morbum,

511 2938 696 2994 quem
718 2923 897 2979 intem
906 2925 1192 2997 perantia:
1213 2942 1394 2982 causa
1411 2927 1764 2998 perferebat,
1780 2945 1958 2985 suum
1974 2929 2161 3002 ipsius

2279 2929 2534 3001 ὑπομένει,
2585 2925 2652 2986 εἰς
2690 2927 2941 2983 αἴσθησιν
2991 2922 3150 2976 ἐλθεῖν
3197 2931 3290 2984 τῆς
3333 2917 3470 2982 ἰδίας
3512 2918 3734 2993 βλάϐης,
3780 2921 3875 2970 καὶ

511 3011 939 3069 detrimentum
984 3029 1186 3084 nosse,
1227 3020 1284 3070 et
1321 3015 1546 3072 adduci
1576 3016 1654 3072 ad
1693 3018 2054 3075 servandam
2102 3019 2161 3074 in

2279 3013 2606 3088 όδηγηθῆναι
2626 3018 2751 3090 πρὸς
2778 3018 2873 3074 τὴν
2899 3012 2946 3066 ἰν
2985 3019 3148 3066 πᾶσιν
3174 3010 3492 3086 ίγκράτειαν.
3542 3012 3650 3067 Τὴν
3685 3004 3742 3061 δε
3767 3005 3878 3060 ἑπι-

512 3101 796 3157 omnibus
817 3104 1302 3175 temperantiam.
1333 3103 1627 3162 Craterum
1653 3123 1863 3164 curam
1895 3108 2161 3182 corporis

2279 3107 2475 3182 μελειαν
2514 3113 2604 3158 τοῦ
2633 3111 2871 3178 σώματος
2897 3103 2979 3156 ίπὶ
3008 3112 3109 3155 τῶν
3136 3102 3188 3166 ἐξ
3219 3101 3478 3176 ἀκρασίας
3509 3098 3878 3173 βλαπτομένων

512 3205 658 3261 erga
684 3207 789 3248 eos
819 3193 922 3265 qui
943 3193 1023 3248 ob
1053 3193 1579 3267 intemperantiam
1611 3196 1768 3252 male
1797 3198 2162 3268 afﬁciuntur,

514 3295 718 3349 gerere
737 3279 988 3352 quidem
1017 3281 1133 3338 cito
1157 3283 1371 3339 rationi
1399 3289 1456 3340 et
1477 3285 1834 3357 benignitati
1861 3287 2161 3354 convenit,

514 3383 639 3423 non
681 3373 886 3424 tamen
940 3370 1067 3427 sine
1116 3372 1236 3428 ullo
1279 3377 1581 3438 examine,
1633 3375 1739 3430 sed
1783 3375 2050 3444 sollicite,
2089 3392 2166 3432 ne

515 3455 664 3512 forte
693 3473 944 3530 corpore
967 3461 1238 3518 curando
1265 3464 1534 3519 animam
1558 3464 1974 3538 relinquamus
2000 3466 2166 3522 incu-

513 3550 732 3602 ratam.
758 3548 1162 3613 Quamobrem
1185 3551 1233 3606 si
1252 3552 1390 3625 quis
1411 3554 1762 3626 quempiam
1788 3555 1867 3611 ita
1883 3554 2166 3612 affectum

518 3637 919 3709 conspexerit,
977 3644 1040 3695 ut
1087 3656 1193 3712 per
1234 3643 1505 3715 corporis
1559 3645 1933 3700 curationem
1977 3643 2166 3718 probe

520 3725 788 3781 eruditus
822 3729 916 3794 sit,
949 3729 1342 3803 animamque
1391 3731 1547 3788 vitiis
1578 3734 1836 3806 propriis
1878 3735 2167 3790 irretitam

523 3821 707 3874 curet.
741 3817 1090 3876 adhibenda
1115 3827 1206 3876 est
1225 3821 1341 3894 ipsi
1365 3823 1698 3895 corporalis
1723 3840 1886 3880 cura.
1921 3823 2092 3890 Quod
2119 3823 2169 3880 si

522 3904 586 3962 in
620 3907 892 3964 curando
941 3925 1192 3982 corpore
1241 3918 1626 3968 contemnere
1655 3913 1928 3970 animam
1954 3913 2171 3988 depre-

524 3994 848 4065 hendatur,
878 3999 1274 4071 praestabilius
1295 4007 1404 4069 est,
1430 4001 1534 4075 qui
1559 4002 1865 4074 ejusmodi
1892 4007 1998 4069 est,
2031 4019 2173 4060 eum

527 4084 590 4140 in
646 4085 957 4143 doloribus
995 4089 1087 4153 iis,
1118 4105 1273 4162 quos
1303 4090 1382 4146 ob
1422 4107 1598 4148 suam
1644 4091 2174 4166 intemperantiam

529 4175 755 4242 suffert,
783 4177 1136 4252 derelinqui,
1171 4179 1218 4235 si
1248 4180 1396 4236 forte
1435 4181 1723 4253 temporis
1751 4197 2080 4254 progressu
2099 4183 2178 4240 ad

2250 1058 2390 1106 κείου
2418 1062 2508 1114 τῆς
2541 1053 2828 1116 θεοσεϐείας
2857 1056 2971 1125 (63)
3005 1052 3507 1127 παραλαμϐάνεσθαι
3537 1059 3648 1128 χρή
3683 1075 3695 1087 ·
3745 1055 3862 1115 ἕνα,

2253 1144 2373 1195 ὅταν
2403 1147 2493 1215 μεν
2515 1141 2716 1201 ἰντολην
2747 1151 2880 1196 Θεοῦ
2907 1139 3002 1196 διὰ
3021 1148 3265 1205 νηστείας
3289 1144 3686 1218 κατορθωθῆναι
3718 1139 3863 1209 δέοι,

2253 1235 2615 1305 νηστεύσωμεν
2640 1253 2652 1266 ο
2687 1235 2807 1285 ὅταν
2841 1229 2900 1286 δε
2921 1233 3072 1286 πάλιν
3103 1236 3130 1291 η
3158 1231 3330 1291 ἐντολὴ
3359 1240 3451 1285 τοῦ
3483 1240 3617 1286 θεοῦ
3651 1231 3864 1306 βρῶσιν

2256 1319 2496 1382 ίπιζητοῖ
2522 1319 2912 1396 ἐνδυναμοῦσαν
2938 1325 2995 1374 τό
3021 1330 3192 1395 σῶμα,
3235 1323 3496 1394 φάγωμεν,
3531 1321 3636 1392 οὐχ
3668 1324 3733 1381 ὡς
3763 1341 3868 1392 γα-

2260 1416 2597 1486 στρίμαργοι,
2631 1411 2740 1463 ἀλλ’
2770 1415 2834 1473 ὡς
2873 1411 3088 1487 ἐργάται
3117 1419 3271 1466 Θεοῦ.
3305 1411 3594 1465 Φυλάσσειν
3617 1413 3720 1484 γὰρ
3743 1415 3864 1484 χρὴ

2259 1505 2317 1554 τὸ
2348 1503 2447 1554 ὑπὸ
2479 1509 2568 1554 τοῦ
2600 1500 2918 1556 Ἀποστολου
2961 1501 3220 1575 εἰρημένον
3249 1521 3262 1534 ·
3329 1504 3445 1553 Εἴτε
3498 1499 3710 1564 ἐσθίετε,
3761 1503 3872 1552 εἶτε

2261 1597 2450 1661 πίνε-ε,
2493 1596 2590 1645 εἴτε
2619 1611 2669 1645 τι
2698 1599 2903 1661 ποιεῖτε,
2937 1593 3108 1645 πάντα
3146 1591 3216 1654 εἰς
3256 1587 3414 1654 δόξαν
3446 1598 3578 1645 Θεοῦ
3608 1597 3830 1644 ποιεῖτε.

2187 1765 2227 1820 Β
2824 1813 3138 1864 ararum:
3176 1805 3302 1866 rM’.

2269 1917 2385 1972 Ἐάν
2416 1938 2498 1981 τις
2525 1922 2597 1992 μὴ
2639 1915 3017 1994 ἰγκρατεύηται
3049 1921 3166 1994 περὶ
3197 1919 3272 1994 τὰ
3311 1914 3544 1991 βλαϐερᾶ
3588 1923 3686 1969 τῶν
3727 1911 3873 1988 βρω-

2339 1985 2536 2064 μάτων,
2560 1985 2962 2076 μεταλαμϐάνων
2985 1987 3044 2042 δε
3067 1985 3559 2076 alumnum“
3586 1985 3870 2063 περιπέσῃ,

2342 2059 2384 2115 εἰ
2412 2067 2521 2136 χρὴ
2556 2059 2714 2115 αὑτοῦ
2753 2059 3040 2134 ίπιμίλειαν
3070 2059 3335 2114 ποιεῖσθαι
3365 2059 3502 2132 (64),

2877 2193 3255 2244 ΑΠΟΚΡῙΣΙΣ.

2339 2301 2397 2354 Ἦ
2419 2302 2509 2374 μὶν
2549 2297 2782 2374 ἀκρασία
2804 2293 3068 2370 πρόδηλον
3097 2299 3211 2369 ἔχει
3248 2299 3342 2355 την
3372 2297 3560 2348 κακίαν
3587 2314 3601 2328 ο
3630 2313 3719 2346 και
3746 2295 3875 2346 τοὺο

2269 2409 2361 2444 του
2401 2397 2493 2442 τοῦ
2544 2390 2745 2450 πάθους
2792 2389 3188 2460 προηγουμένως
3226 2388 3512 2460 φροντίζειν
3566 2382 3868 2454 ἀναγκαῖον,

2272 2482 2410 2540 ὅπως
2442 2479 2756 2554 θεραπωθῇ.
2786 2475 3064 2538 Βουληθεὶς
3086 2478 3188 2550 γὰρ
3222 2471 3393 2538 δεῖξαι
3439 2477 3466 2526 ό
3515 2472 3874 2546 φιλάνθρωπος

2274 2574 2424 2633 Θεὸς,
2451 2568 2628 2626 ἡλίκον
2653 2571 2813 2619 κακόν
2843 2564 2955 2618 ἐστι
2991 2569 3049 2618 τό
3103 2569 3174 2637 μὴ
3225 2562 3651 2637 ἕγκρατεύεσθαι,
3704 2559 3876 2632 igitur

2272 2658 2521 2720 πολλάκις
2548 2662 2643 2715 τὴν
2670 2655 2857 2728 ψυχήν
2895 2659 2984 2708 καὶ
3011 2653 3094 2707 ἐπὶ
3123 2662 3222 2706 τῶν
3261 2657 3320 2706 τὸ
3354 2661 3507 2726 σῶμα
3537 2651 3876 2724 βλαπτόντων

2274 2749 2576 2822 κεχρῆσθαι
2623 2755 2694 2818 τῷ
2723 2748 2880 2800 πάθει
2907 2754 3000 2807 τῆς
3041 2742 3319 2818 ἀκρασίας,
3377 2742 3460 2794 ἰὰν
3509 2743 3616 2816 ἄρα
3669 2737 3874 2811 δυνηθῇ

2277 2835 2370 2892 διὰ
2407 2846 2502 2897 τῆς
2555 2842 2834 2897 κακώσεως
2861 2843 2954 2897 τῆς
2984 2842 3304 2907 σωματικῆς,
3337 2832 3399 2891 ἣν
3430 2831 3487 2884 ἐκ
3506 2839 3600 2892 τῆς
3618 2829 3876 2903 ἀκρασίας

2273 3197 2538 3250 ποιεῖσθαι
2567 3197 2656 3268 μὶν
2701 3196 2848 3266 τάχα
2895 3193 3102 3265 εὔλογον
3141 3197 3231 3246 καὶ
3273 3195 3609 3267 χρηστότητι
3656 3191 3874 3264 πρίπον,

2275 3287 2368 3341 οὐκ
2399 3284 2772 3360 ἀδοκιμάστως
2803 3282 2882 3352 δε,
2917 3283 3046 3336 ἀλλὰ
3082 3287 3486 3358 πεφροντικότας
3517 3283 3644 3352 (65),
3688 3284 3877 3352 μήπως

2273 3375 2325 3429 ἕν
2356 3384 2416 3449 τῇ
2443 3383 2537 3429 τοῦ
2592 3380 2827 3448 σώματος
2869 3375 3115 3447 θεραπείᾳ
3152 3377 3245 3430 την
3300 3370 3485 3444 ψυχὴν
3526 3367 3878 3443 ἀθεράπευτον

2273 3465 2634 3538 καταλίπωμεν
2664 3464 2800 3535 (66).
2830 3462 3010 3532 Ὥστε,
3044 3460 3128 3514 ἐὰν
3159 3465 3248 3535 μεν
3281 3457 3434 3534 ἐπίδῃ
3467 3479 3544 3520 τις
3582 3461 3669 3511 τόν
3709 3465 3881 3510 τοιοῦο

2274 3575 2361 3609 τον
2381 3555 2438 3608 ίκ
2468 3563 2563 3616 τῆς
2583 3561 2674 3606 τοῦ
2706 3558 2942 3626 σώματος
2971 3553 3245 3625 θεραπείας
3273 3546 3646 3622 παιδευόμενον
3683 3547 3878 3619 εὐγνω-

2274 3651 2437 3719 μόνως
2467 3647 2604 3708 (67),
2634 3648 2843 3704 καὶτῆς
2867 3641 3054 3714 ψυχῆς
3085 3642 3136 3694 ὶν
3174 3648 3282 3704 τοῖς
3311 3636 3472 3701 ἰδίοις
3499 3641 3718 3692 πάθεσιν
3766 3635 3881 3688 ἕπε-

2276 3735 2565 3808 μελεῖσθαι,
2597 3734 2881 3809 προσάγειν
2910 3731 3049 3802 αὐτῷ
3089 3736 3183 3789 τὴν
3216 3733 3520 3803 σωματικὴν
3550 3727 3879 3800 ἔπιμίλειαν·

2279 3823 2362 3876 ἐὰν
2394 3820 2472 3890 δε,
2507 3828 2594 3882 τὴν
2624 3829 2716 3874 τοῦ
2757 3827 2994 3894 σώματος
3039 3822 3312 3894 θεραπείαν
3363 3816 3668 3892 δεχόμενος,
3732 3815 3883 3889 ἰλίγ-

2279 3933 2451 3988 χηται
2478 3921 2569 3974 τῆς
2597 3912 2785 3985 ⁶ψυχῆς
2808 3919 3159 3987 καταφρονῶν,
3193 3908 3397 3983 βέλτιόν
3435 3907 3548 3961 ἔστι
3578 3912 3665 3961 τόν
3710 3915 3888 3959 “reici-

2281 4023 2366 4057 τον
2397 4002 2700 4076 ἕναφεθῆναι
2729 4005 2843 4074 (68)
2874 4008 2983 4063 ταῖς
3008 3996 3242 4068 ὀδύναις,
3273 3999 3332 4061 ἃς
3356 3998 3411 4052 ἐκ
3435 4007 3532 4061 τῆς
3554 3994 3697 4058 ἰδίας
3723 3995 3892 4070 ἂκρα·

2285 4098 2400 4155 σίας
2428 4095 2734 4165 ὑφίσταται,
2763 4090 2847 4144 ἰὰν
2874 4094 2978 4168 άρα
3017 4087 3218 4163 δυνηθῇ
3268 4098 3338 4161 τῷ
3371 4093 3548 4164 χρόνῳ
3598 4087 3669 4148 εἰς
3705 4092 3890 4139 συναί-

2287 4185 2478 4240 σθησιν
2509 4181 2663 4234 ἰλθὼν
2695 4182 2881 4235 ἑαυτοῦ
2906 4185 2995 4234 καὶ
3023 4188 3118 4243 τῆς
3157 4179 3364 4232 αἰωνίου
3408 4177 3688 4242 κολάσεως,
3729 4196 3891 4248 φρον-

532 4263 625 4318 sui
652 4264 844 4336 ipsius
875 4271 931 4321 et
953 4269 1158 4324 asterni
1190 4269 1468 4342 supplicii
1495 4269 1771 4327 notitiam
1804 4272 2177 4344 perveniens,

532 4354 723 4422 possit
747 4355 964 4412 animae
996 4359 1234 4416 sanitati
1275 4361 1614 4432 providere.
1656 4362 1810 4418 Dum
1837 4363 1993 4418 enim
2011 4363 2181 4432 judi-

535 4458 768 4515 camur,
808 4462 846 4503 a
885 4449 1134 4506 Domino
1176 4452 1561 4521 corripimur,
1614 4458 1680 4508 ut
1724 4468 1847 4510 non
1895 4468 2031 4510 cum
2070 4454 2182 4510 hoc

537 4533 760 4588 mundo
789 4534 1140 4593 damnemur
1169 4541 1237 4596 ⁵..

611 4715 672 4770 ιι
704 4715 833 4772 Cor.
866 4732 919 4786 ε,
945 4721 1032 4773 3t.
1112 4719 1132 4752 ⁵
1167 4721 1184 4774 t
1215 4719 1344 4776 Cor.
1388 4734 1460 4792 xi,
1489 4723 1577 4776 32.

751 4894 948 4974 godex
974 4895 1142 4974 Colb.
1181 4903 1244 4952 Τί
1274 4895 1360 4951 οὖν
1385 4903 1495 4974 χρὴ
1530 4907 1692 4974 ποιεῖν
1721 4899 1931 4973 μᾶλλον.

517 5023 538 5035 _
609 4971 724 5035 (63)
763 4970 924 5024 Unus
954 4984 1067 5026 ms.
1096 4971 1286 5023 οἰκείου
1317 4970 1717 5033 τῆςεὺσεϐείας.

612 5041 724 5112 (64)
779 5041 978 5098 Codex
1015 5041 1204 5120 “Colb.
1264 5050 1374 5120 χρὴ
1432 5042 2017 5120 αὑτοῦ-ἐπιμελεῖσθαι.
2071 5045 2182 5102 Ali-

541 5121 768 5184 quanto
796 5120 932 5186 post
961 5112 1101 5169 editi
1140 5119 1193 5171 et
1233 5112 1391 5172 unus
1437 5132 1548 5172 ms.
1597 5115 1679 5168 ἐπὶ
1718 5112 1816 5166 τῶν
1848 5115 2182 5186 βλαπτόντων

542 5188 600 5236 τὸ
629 5185 809 5261 σῶμα.
833 5185 1092 5261 Alii‘duo
1121 5203 1266 5243 mss.
1307 5187 1388 5241 ἐπὶ
1426 5197 1522 5240 τῶν
1553 5193 1610 5240 τὸ
1645 5196 1797 5260 σῶμα
1829 5185 2178 5261 βλαπτόντων,

540 5257 779 5312 rectius.
957 5257 962 5264 '

613 5333 731 5407 (65)Δ
757 5331 942 5386 liditio
983 5331 1172 5407 Poris.
1208 5331 1795 5407 ullainsp‘oovrizormg
1836 5347 2177 5406 operarum,

539 5405 604 5454 ut
635 5403 869 5472 opinor,
901 5404 1240 5461 oscitantia.
1280 5403 1603 5461 Mimanta
1642 5403 1934 5462 editiones
1971 5411 2026 5462 et
2063 5403 2178 5462 tres

535 5488 682 5528 mss.
717 5493 1134 5548 πεφροντικότας.

2285 4271 2413 4327 τίδα
2463 4271 2730 4326 ἀναλαϐεῖν
2779 4281 2872 4335 τῆς
2919 4274 3054 4324 κατά
3093 4270 3281 4343 ψυχὴν
3330 4271 3527 4341 ὑγείας.
3582 4270 3892 4341 Κρινόμενοι

2285 4366 2386 4436 γὰρ
2414 4365 2512 4416 ὑπὸ
2538 4368 2728 4438 Κυρίου
2759 4358 3135 4435 παιδευόμεθα,
3179 4362 3262 4413 ἵνα
3305 4363 3374 4432 μη
3431 4361 3524 4411 σὺν
3581 4365 3655 4428 τῷ
3704 4360 3892 4430 κόσμῳ

2289 4456 2703 4532 κατακριθῶμεν.

2359 4904 2474 4974 (66)
2500 4903 2676 4960 Vetus
2705 4898 2856 4960 liber
2877 4903 3043 4974 voss.
3076 4901 3478 4974 καταλείπωσιν.

2361 4970 2478 5042 (67⁷)
2505 4975 2570 5050 In
2597 4974 2911 5047 impressis
2934 4971 3101 5030 libris
3123 4975 3320 5050 posita
3342 4970 3584 5050 virgula.
3603 4975 3732 5030 erat
3750 4978 3898 5050 ante

2287 5061 2497 5120 vocem
2512 5045 2864 5120 εὐγνωμόνως
2890 5063 3026 5120 quae
3047 5045 3211 5103 mala
3230 5046 3633 5120 interpunctio
3659 5045 3897 5120 malam

2287 5116 2838 5192 interpretationem
2855 5116 3188 5192 pepererat.
3205 5116 3729 5192 Virgulamautem
3755 5116 3896 5174 loco

2288 5187 2612 5255 movi—mus,
2636 5205 2760 5247 non
2787 5187 3130 5261 conjectura
3152 5187 3338 5256 ducti,
3379 5187 3484 5245 sed
3503 5187 3691 5261 ﬁdem
3734 5196 3899 5261 vete-

2286 5278 2423 5318 rum
2457 5261 2750 5319 librorum
2793 5259 2998 5320 secuti.
3042 5263 3171 5318 Mox
3219 5277 3378 5317 unus
3429 5277 3550 5317 ms.
3597 5259 3896 5332 ἐπιμέλειαν

2289 5355 2420 5393 γρη.

2286 5355 2473 5480 ιξῖίίὸ)
2507 5407 2705 5464 Codex
2735 5410 2908 5463 Voss.
2948 5415 3178 5480 τοιοῦτον
3210 5405 3485 5480 ἐναριίναι.
3531 5403 3714 5462 Paulo
3748 5411 3904 5477 post

2284 5478 2447 5536 idem
2478 5495 2592 5546 ms,
2636 5481 2986 5538 συναίσθησιν
3016 5479 3194 5536 ἐλθεῖν.
