4086 6186
223 285 352 340 1181

1360 279 1656 336 REGULE
1698 278 1997 336 BREVIUS
2035 282 2438 340 TRACTATE.

3445 295 3465 348 1
3483 293 3585 350 182

216 405 414 466 πολλῆς
471 403 821 478 περισκέψεως
880 400 1266 476 δοκιμζεσθαι
1312 406 1438 480 πρὸς
1499 408 1550 455 τί
1603 405 1822 465 ἕκαστος

1955 402 2198 463 lendum
2214 411 2302 465 est
2319 411 2521 465 autem
2535 406 3133 480 circumspectius,ad
3150 408 3299 482 quid
3321 411 3585 484 quisque

218 490 526 554 ἐπιτηδείως
554 496 685 565 ἔχει,
719 497 807 546 και
835 493 997 554 οὕτως
1057 492 1454 568 ἐγχειρίζεσθαι
1493 494 1665 545 ὁτιοῦν
1723 496 1815 568 ἔρ-

215 603 310 654 γον
353 584 468 652 (80)
497 603 510 616 ·
570 584 652 634 ἵνα
710 586 843 654 μήτε
895 584 943 634 οἱ
973 580 1352 657 ἐγχειρίζοντες
1384 586 1442 634 τὸ
1473 587 1543 654 μὴ
1589 581 1816 655 ἁρμόζον

218 677 321 724 τινὶ
358 673 746 746 κατακριθῶσιν
794 675 863 732 ὡς
899 677 1051 723 κακοὶ
1098 671 1362 744 οἰκονόμοι
1408 679 1505 724 τῶν
1543 689 1598 722 τε
1626 669 1818 741 ψυχῶν

219 767 309 816 καὶ
363 772 462 816 τῶν
515 761 724 815 ἕντολὼν
777 768 868 814 τοῦ
929 765 1144 837 Κυρίου,
1219 767 1352 836 μήτε
1441 765 1490 815 οἱ
1582 759 1820 834 ἐγχειρι-

221 855 429 926 ζόμενοι
491 856 752 930 πρόφασιν
810 849 1068 927 ἁμαρτίας
1124 851 1349 906 ἐντεῦθεν
1399 853 1656 929 εὑρίσκειν
1723 846 1820 902 δὸ-

221 943 406 1008 ξωσεν.

791 1055 1104 1106 ΕΡΩἸἬΣῙΣ
1133 1049 1251 1104 PN’.

218 1141 340 1195 Ἐὰν
394 1137 454 1194 δε
511 1138 770 1212 ἀμελήσας
830 1143 905 1213 μὴ
965 1135 1044 1211 δῷ
1099 1148 1174 1212 τῷ
1204 1136 1409 1214 ἀδελφῷ
1445 1143 1513 1193 τὰ
1539 1141 1667 1212 πρὸς
1725 1141 1820 1197 τὴν

915 1216 1125 1287 χρείαν.

830 1325 1182 1374 ΔΠΟΚΡῘΣΙΣ
1197 1363 1210 1376 .

284 1417 455 1464 τοῦτο
499 1413 562 1462 τὸ
613 1416 778 1485 κρῖμα
837 1412 1050 1484 φανερὸν
1088 1408 1142 1462 έκ
1187 1418 1286 1462 τῶν
1331 1417 1423 1462 τοῦ
1472 1413 1668 1482 Κυρίου
1719 1409 1821 1483 {m-

217 1501 417 1573 μάτων,
457 1499 724 1562 εἰπόντος·
779 1500 1103 1572 Πορεύσεσθε
1153 1497 1238 1551 ἀπ’
1295 1497 1442 1572 ἐμοῦ,
1488 1500 1538 1550 οἱ
1589 1516 1821 1573 κατηρα-

217 1593 384 1662 μένοι,
416 1589 485 1649 εἰς
521 1591 581 1640 τὸ
618 1594 723 1664 πῦρ
753 1591 813 1640 τὸ
851 1587 1077 1654 αἰώνιον,
1109 1591 1169 1640 τὸ
1199 1590 1579 1661 ἡτοιμασμένον
1606 1594 1680 1658 τῷ
1703 1583 1822 1639 δια-

219 1677 376 1751 ϐόλῳ,
403 1683 493 1732 καὶ
520 1685 627 1740 τοῖς
659 1676 893 1750 ἀγγέλοις
931 1677 1112 1733 αὐτοῦ.
1139 1677 1416 1731 Ἐπείνασα
1443 1681 1568 1753 γὰρ,
1607 1682 1699 1730 καὶ
1729 1675 1824 1730 οῦκ

219 1765 452 1822 εδώκατέ
479 1788 568 1842 μοι
606 1775 784 1841 φαγεῖν
815 1785 827 1798 ·
862 1764 1116 1840 έδίψησα,
1158 1773 1248 1821 καὶ
1276 1771 1342 1821 τὰ
1387 1768 1499 1832 ἑξῆς
1526 1789 1540 1803 ο
1606 1774 1696 1821 καὶ
1743 1769 1824 1820 ὅτι
1856 1760 1896 1816 Β

218 1856 628 1933 Ἐπικατάρατος
655 1863 760 1920 πᾶς
797 1859 823 1910 ὁ
848 1866 1009 1910 ποιῶν
1045 1859 1110 1911 τὰ
1134 1860 1264 1931 ἔργα
1295 1863 1491 1934 Κυρίου
1532 1856 1752 1930 ἀμελῶς.

759 1970 1071 2018 ΕΡΩἸἮΣΙΣ
1110 1962 1254 2018 ΡΝΑ’
1266 2006 1280 2020 .
1293 1981 1304 1992 ‘

218 2054 281 2108 Ei
305 2053 474 2118 τεεστι
496 2061 568 2126 τῷ
597 2054 941 2132 ὑπηρετοῦντι
971 2056 1098 2128 μετὰ
1148 2061 1320 2127 φωνῆς
1356 2054 1592 2127 μείζονος
1637 2052 1822 2110 λαλεῖν.

828 2167 1183 2216 ΔΠΟΚΡΙΣΙΣ
1198 2206 1210 2220 .

291 2259 399 2314 Τῆς
428 2259 600 2324 φωνῆς
636 2253 696 2304 τὸ
733 2256 915 2325 μέτρον
955 2252 1123 2327 ὁρίζει
1181 2253 1210 2310 ἠ
1257 2255 1420 2324 χρεία
1455 2258 1558 2304 τῶν
1607 2249 1824 2303 ἀκουόν-

221 2360 340 2396 των.
393 2341 596 2393 Οὐκοῦν
644 2343 728 2393 εὰν
765 2344 855 2414 μεν
903 2339 1124 2394 έλάττων
1181 2338 1236 2413 ᾗ,
1296 2343 1367 2403 ὼς
1407 2341 1700 2416 νωθροτέρα
1745 2338 1826 2411 57-

216 2435 314 2503 73;
363 2430 480 2483 έστι
545 2429 897 2503 ψιθυρισμοῦ,
956 2435 1048 2484 καὶ
1111 2435 1481 2502 καταγνώσεως
1539 2428 1698 2493 ἀξίαι
1740 2427 1823 2481 ἐὰν

220 2517 280 2574 δε
335 2520 464 2592 ύπερ
523 2523 620 2579 τὴν
661 2524 872 2594 χρείαν,
929 2515 1217 2592 δυναμένου
1269 2526 1363 2572 τοῦ
1421 2518 1696 2582 ἀκούοντος
1735 2523 1822 2571 καὶ

219 2611 395 2683 ἠρέμα
441 2607 716 2672 λαλοῦντος
783 2607 1028 2676 ἀκοῦσαι,
1095 2613 1300 2685 κραυγὴ
1358 2612 1557 2680 γίνεται
1607 2610 1637 2666 ἠ
1698 2627 1826 2661 κατ·

221 2701 518 2772 εγνωσμένη
544 2718 558 2730 ·
617 2696 766 2760 έκτὸς
790 2697 934 2771 εἰμή
980 2717 1080 2752 που
1123 2701 1182 2751 τὸ
1225 2699 1418 2773 νωθρὸν
1465 2705 1557 2752 τοῦ
1614 2695 1827 2750 ἀκούον-

223 2807 315 2850 τος
345 2787 420 2850 εἰς
449 2785 680 2860 ἀνάγκην
729 2789 869 2861 ἡμᾶς
928 2786 1119 2860 ἀγάγοι
1152 2787 1265 2860 (81)
1316 2795 1376 2860 τῇ
1427 2795 1629 2862 κραυγῇ
1690 2792 1828 2862 χρή-

227 2879 453 2942 σασθαι,
484 2882 574 2930 καὶ
603 2879 776 2952 ὥσπερ
807 2875 861 2941 ἐξ
898 2877 1060 2930 ὕπνου
1108 2885 1291 2930 τοῦτον
1337 2874 1612 2954 διεγεῖραι.
1664 2884 1828 2930 Τοῦτο

225 2969 327 3040 γὰρ
379 2970 468 3019 καὶ
525 2966 552 3018 ὁ
613 2968 802 3038 Κύριος
852 2970 1084 3027 ποιήσας
1133 2967 1437 3039 ἱστορεῖται,
1491 2967 1560 3027 ὧς
1604 2984 1763 3038 φησιν
1801 2965 1828 3016 ὀ

229 3054 643 3128 εύαγγελιστήςο
695 3053 901 3117 Ἰησοῦς
933 3050 991 3108 δὲ
1020 3053 1218 3128 έκραξε,
1268 3059 1357 3108 καὶ
1405 3050 1538 3108 εἶπεν
1566 3075 1578 3088 ο
1636 3053 1694 3107 Ὀ
1746 3072 1830 3106 πι-

233 3147 431 3198 στεύων
454 3145 527 3207 εἰς
557 3141 644 3218 ἔμε
667 3143 726 3197 ού
772 3146 1009 3198 πιστεύει
1047 3143 1114 3205 εἰς
1161 3142 1269 3217 ἔμε,
1301 3142 1405 3197 ἀλλ’
1451 3144 1524 3207 εἰς
1569 3147 1656 3198 τὸν
1705 3148 1831 3218 πέμ-

229 3233 410 3308 ψαντά
450 3252 535 3307 με.

1859 3111 1902 3168 C

765 3347 1080 3397 ΕΡΩΤΠΣΙΣ
1126 3340 1262 3396 ΡΝῙΪ
1274 3383 1290 3399 .

232 3431 471 3506 ’ωηεν
500 3435 594 3506 τὴν
622 3429 1288 3506 εξεῑημερίαςύπηρεσίαν
1338 3430 1387 3506 ἐι
1435 3439 1508 3506 ῗῷ
1553 3434 1832 3506 mustis

303 3503 538 3589 πξηρῶν,
558 3504 688 3589 ύτςερ
706 3498 951 3589 ’δύναμιν
982 3498 1124 3588 κάμῄ
1152 3504 1286 3589 (βῖ),
1448 3498 1834 3589 ἐμποδίζεσθαι

303 3574 462 3648 αὐτὸν
493 3574 811 3648 ἐπὶμήμέρας
849 3574 916 3635 εἰς
959 3578 1016 3626 τό
1053 3574 1200 3626 κατὰ
1245 3574 1522 3632 συνήθειαν
1561 3575 1728 3648 ipe/ou,
1791 3574 1835 3628 εἰ

305 3643 390 3700 δεῖ
414 3646 556 3717 αὐτῷ
587 3643 886 3700 ἐπιτάσσειν
915 3650 1010 3704 τὴν
1041 3648 1288 3705 τοιαύτην
1323 3643 1635 3720 ὑπηρεσίανί

841 3759 1192 3808 ΔΠΟΚΡῙΣΙΣ
1207 3799 1220 3812 .

304 3847 550 3918 Εἴρηται,
598 3845 679 3896 ὅτι
726 3839 811 3896 δεῖ
860 3846 948 3896 τὸν
997 3842 1452 3918 ἐγκεχειρισμένον
1496 3847 1590 3901 τὴν
1643 3842 1836 3896 οἰιιονο⁴

230 3935 359 4007 μίαν
426 3940 527 3984 τῶν
585 3933 743 4008 ῖργων
781 3930 1186 4006 έστοχασμένως
1231 3940 1329 3994 τῆς
1374 3950 1430 3986 τε
1477 3928 1837 3991 ἐπιτηδειότη-

232 4039 320 4084 τος
367 4024 460 4074 καὶ
513 4028 610 4083 τῆς
667 4017 936 4094 δυνάμεως
986 4027 1077 4074 τοῦ
1129 4020 1476 4096 ἐργαζομένου
1533 4029 1734 4074 τυποῦν
1771 4024 1838 4074 τὰ

230 4109 586 4182 ἐπιτάγματα,
642 4115 714 4183 μὴ
769 4109 970 4184 ἀκούσῃ
1003 4131 1016 4144 ·
1098 4109 1156 4163 Ὀ
1231 4110 1483 4163 πλάσσων
1549 4117 1709 4163 κόπον
1753 4109 1836 4164 έπὶ

228 4205 556 4275 πρόσταγμα
584 4200 717 4271 (83).
773 4198 849 4252 Ού
888 4202 974 4252 τὸν
1004 4203 1240 4273 μέντοιγε
1290 4198 1682 4272 ἐπιτεταγμένον
1721 4204 1832 4273 χρὴ

228 4285 555 4360 ἀντιλέγειν·
620 4289 650 4347 ἡ
695 4290 793 4366 γὰρ
847 4289 1051 4348 ύπακοή
1097 4292 1262 4363 μέχρι
1312 4290 1532 4342 θανάτου
1583 4291 1696 4361 ἔχει
1748 4291 1836 4340 τὸν

228 4379 377 4452 ὅρον.

770 4490 1084 4538 ΕΡΩΤΙΙΣΙΣ
1131 4483 1297 4543 ΡΝΓ.

220 4579 288 4647 ;ιι
316 4574 387 4625 τὰ
415 4575 530 4648 ἔρια
565 4575 906 4627 πιστευθεῖσα
937 4582 1042 4634 πῶς
1070 4572 1268 4648 ⁸ὀφείλει
1331 4571 1462 4626 αὐτὰ
1503 4574 1666 4646 ἔχειν,
1724 4581 1835 4635 πῶς

591 4648 892 4720 [προσέχειν
918 4653 1032 4711 ταῖς
1062 4643 1455 4720 ἔργαζομέναις.

843 4846 1222 4900 ΔΠΟΚΡΙΣῙΣ.

300 4932 386 4986 Τὰ
437 4933 528 5004 μεν
585 4933 701 5009 ἔρια
755 4933 820 4993 ὡς
874 4933 1321 5010 παρακαταθήκην
1398 4938 1533 4987 Θεοῦ
1619 4951 1830 4987 πιστευ-

1869 4467 1916 4522 D

1926 493 2183 551 idoneus
2214 497 2517 570 sit,sicque
2544 496 3047 553 committendum
3079 513 3310 555 munus
3348 500 3587 572 quodli-

1928 581 2122 651 bet,ut
2150 585 2190 641 ii
2214 586 2320 654 qui
2350 586 2614 660 cuipiam
2639 585 3022 643 committunt
3047 589 3213 662 quod
3231 589 3422 646 einon
3445 605 3590 646 conc

1928 673 2506 748 venit,nequaquam
2526 676 2708 734 veluti
2735 675 2876 732 mali
2898 680 2954 731 et
2976 675 3320 734 animarum
3339 683 3395 734 et
3417 694 3591 734 man-

1929 763 2211 821 datorum
2262 767 2498 822 Domini
2561 767 3022 839 dispensatores
3077 767 3585 840 condemnentur,

1929 869 2041 910 nec
2066 854 2107 911 ii
2135 870 2381 929 quoque
2411 856 2635 930 quibus
2664 873 2888 914 munus
2943 857 3362 926 committitur,
3405 861 3591 916 excu"

1930 943 2106 1005 sandi
2134 945 2366 1016 peccati
2391 946 2690 1003 rationem
2713 946 2854 1002 hinc
2880 945 3151 1003 invenire
3182 945 3486 1004 videntur.

2424 1054 2940 1110 INTERROGATIO
2979 1052 3086 1109 CL.

1965 1141 2035 1198 Si
2061 1157 2136 1199 ea:
2155 1144 2524 1214 negligentia
2553 1158 2675 1200 non
2700 1141 2932 1200 dederit
2956 1143 3154 1213 fratri
3177 1142 3544 1200 necessaria.

2551 1323 2962 1380 RESPONSIO.

2004 1410 2127 1466 Hoc
2150 1409 2450 1480 judicium
2471 1411 2858 1467 manifestum
2886 1415 2976 1468 est
2995 1427 3069 1466 ex
3097 1411 3298 1468 verbis
3330 1410 3584 1482 Domini,

1931 1499 2036 1572 qui
2059 1499 2210 1556 dixit
2241 1516 2254 1555 :
2278 1501 2576 1558 Discedite
2592 1516 2629 1557 a
2645 1515 2755 1567 me,
2779 1501 3092 1558 maledicti
3098 1502 3181 1568 ,in
3199 1502 3397 1571 ignem
3415 1506 3590 1557 teter-

1932 1593 2210 1662 num,qui
2211 1597 2474 1660 paratus
2487 1596 2572 1646 est
2589 1589 2913 1654 diabolo,et
2930 1592 3168 1660 angelis
3183 1591 3594 1661 ejus.Esurivi

1933 1681 2174 1749 enim,et
2189 1695 2308 1736 non
2323 1679 2571 1736 dedistis
2589 1681 2742 1737 mihi
2757 1679 3129 1738 manducare
3156 1697 3170 1736 :
3194 1679 3449 1745 sitivi,et
3466 1693 3590 1737 non

1935 1768 2182 1825 dedistis
2219 1769 2372 1825 mihi
2391 1775 2601 1838 potum
2621 1772 2806 1838 “,etc.
2837 1773 2982 1826 Item
3010 1785 3085 1826 ex
3113 1769 3209 1826 his
3235 1769 3433 1826 dictis:
3465 1769 3593 1826 Μαμ-

1937 1859 2188 1915 ledzctus
2205 1860 2396 1916 omnis
2413 1861 2518 1931 qui
2527 1860 2683 1929 facit
2711 1875 2895 1930 opera
2911 1861 3160 1916 Domini
3164 1861 3585 1931 negligenter“

2327 1965 2508 2038 466
2531 1966 3052 2024 INTERROGATIO
3075 1969 3206 2024 CLI.

2075 2055 2174 2114 An
2194 2057 2573 2114 ministranti
2617 2058 2795 2114 liceat
2841 2070 2983 2114 voce
3008 2057 3228 2115 altiore
3258 2057 3443 2130 loqui.

2558 2165 2965 2223 RESPONSIO.

2005 2253 2183 2312 Vocis
2212 2253 2465 2312 modum
2504 2253 2763 2328 praeﬂuit
2807 2254 3186 2312 audientium
3234 2255 3588 2313 necessitas.

1935 2345 2129 2410 Quare
2159 2359 2232 2400 ea
2261 2345 2336 2400 sit
2365 2343 2748 2412 submissior,
2773 2348 3067 2416 tanquam
3116 2343 3464 2414 languidior
3512 2343 3594 2399 ad

1936 2448 2254 2488 susurrum
2292 2448 2481 2505 prope
2508 2431 2762 2502 accedit,
2802 2437 2985 2505 atque
3016 2432 3445 2502 redarguenda
3471 2437 3592 2500 est;

1936 2521 2030 2578 sin
2069 2527 2274 2580 autem
2305 2521 2481 2579 altior
2512 2521 2590 2578 sit
2614 2522 2762 2578 citra
2796 2521 3244 2590 necessitatem,
3273 2537 3413 2579 cum
3439 2521 3594 2577 scili-

1937 2617 2030 2669 cet
2052 2613 2104 2668 is
2119 2613 2223 2685 qui
2249 2612 2628 2683 audit,etiam
2649 2611 3010 2669 submissius
3021 2611 3372 2686 loquentem
3387 2614 3597 2685 posset

1936 2702 2168 2771 audire,
2198 2706 2341 2760 tunc
2369 2702 2420 2759 is
2448 2703 2552 2776 qui
2586 2702 2917 2778 damnatus
2943 2701 3290 2768 est,clamor
3317 2704 3361 2738 ¹⁵
3412 2700 3596 2759 efﬁci-

1937 2791 2177 2864 tur,nisi
2195 2792 2494 2849 audientis
2520 2791 2784 2864 languor
2804 2809 2874 2850 eo
2905 2792 3277 2850 necessitatis
3323 2807 3436 2849 nos
3489 2790 3596 2850 ad-

1937 2882 2141 2952 ducat,
2165 2886 2232 2938 ut
2254 2882 2517 2938 clamore
2549 2887 2813 2948 utamur,
2864 2883 3072 2955 sicque
3119 2899 3261 2939 eum
3309 2881 3492 2939 veluti
3521 2897 3597 2938 ex

1941 2985 2161 3026 somno
2191 2971 2548 3027 excitemus.
2593 2970 2716 3027 Hoc
2741 2970 2905 3026 enim
2933 2975 2992 3026 et
3043 2971 3336 3026 Dominus
3382 2968 3596 3026 fecisse

1943 3056 2513 3127 memoratur,velut
2540 3057 2624 3113 ait
2647 3056 3033 3127 evangelista:
3056 3057 3226 3112 Jesus
3248 3061 3449 3112 autem
3471 3055 3594 3111 cla-

1939 3149 2149 3216 mavit,
2181 3153 2236 3205 et
2275 3147 2433 3203 dixit
2465 3162 2478 3202 :
2537 3146 2651 3212 Qui
2700 3147 2890 3203 credit
2934 3147 2999 3202 in
3028 3160 3140 3216 me,
3171 3161 3292 3201 non
3323 3144 3512 3201 credit
3529 3145 3594 3200 in

1940 3253 2053 3306 me,
2082 3237 2186 3295 sed
2213 3237 2276 3294 in
2304 3253 2439 3294 eum
2463 3238 2570 3310 qui
2602 3237 2759 3292 misit
2798 3251 2890 3292 me
2924 3237 2992 3289 ιε.

2421 3345 2941 3406 INTERROGATIO
2981 3346 3138 3402 CLII.

1942 3437 2146 3504 Siquis
2158 3436 2286 3492 vice
2307 3450 2420 3491 sua
2434 3436 2578 3491 dum
2594 3435 2815 3491 culina
2840 3435 2948 3491 dat
2967 3447 3425 3504 operam,supra
3438 3434 3594 3495 vires

2042 3509 2271 3576 aboret,
2301 3507 2449 3565 adeo
2478 3513 2543 3562 ut
2561 3522 2671 3576 per
2699 3506 2823 3563 dies
2851 3507 3085 3577 aliquot
3111 3521 3150 3564 a
3178 3507 3356 3562 solito
3414 3521 3592 3577 opere

2017 3522 2271 3576 laboret,
2301 3522 2449 3565 adeo
2478 3522 2543 3562 ut
2561 3522 2671 3576 per
2699 3522 2823 3563 dies
2851 3522 3085 3577 aliqua:
3111 3522 3150 3564 a
3178 3522 3356 3562 samo
3414 3522 3589 3634 opere

2016 3579 2406 3649 impediatur,
2476 3578 2754 3650 nunquid
2820 3578 3137 3635 conveniat
3190 3577 3420 3649 imponi
3492 3578 3589 3635 uie

2014 3651 2309 3722 ejusmodi
2335 3664 2570 3707 munus.

2565 3756 2973 3815 RESPONSIO.

2017 3847 2248 3904 Dictum
2275 3850 2365 3903 est
2391 3851 2770 3920 oportere,ut
2797 3846 2895 3903 cui
2923 3859 3181 3919 operum
3210 3843 3586 3919 dispensatio

1943 3935 2222 4007 delegata
2249 3941 2359 4005 est,
2380 3935 2430 3992 is
2457 3935 2627 4008 prius
2654 3933 2982 3992 habilitatis
3006 3933 3290 3990 etvirium
3313 3932 3597 3990 laboran-

1945 4026 2020 4084 tis
2046 4027 2255 4084 habita
2275 4026 2527 4093 ratione,
2558 4025 2851 4083 mandata
2875 4039 2987 4082 sua
3023 4023 3265 4096 dirigat,
3289 4028 3355 4081 ut
3383 4038 3459 4081 ne
3490 4037 3597 4080 au-

1943 4115 2072 4172 diat
2091 4115 2260 4172 illud:
2292 4116 2408 4183 Qui
2429 4117 2610 4187 ﬁngis
2642 4115 2902 4172 laborem
2929 4113 2992 4169 in
3018 4117 3386 4183 praeceptum
3417 4113 3598 4168 ".Ve—

1944 4210 2290 4262 rumtamen
2319 4204 2607 4276 refragari
2632 4219 2756 4260 non
2771 4202 3299 4264 debet,cuidatum
3332 4207 3602 4259 estman-

1944 4295 2190 4352 datum:
2252 4294 2750 4368 quandoquidem
2797 4292 3140 4350 obedientia
3194 4293 3274 4351 ad
3339 4297 3598 4350 mortem

1943 4399 2136 4458 usque
2154 4382 2374 4440 limites
2405 4399 2549 4440 suos
2579 4383 2866 4442 extendit.

2399 4489 2911 4548 INTERROGATIO
2953 4489 3136 4548 CLIII.

1945 4579 2244 4649 Quomodo
2288 4596 2380 4644 ea,
2433 4581 2533 4636 cui
2584 4581 2740 4638 lana:
2794 4583 3049 4651 [uerunt
3077 4580 3452 4648 concreditae,
3486 4579 3599 4636 has

2011 4652 2222 4709 debeat
2249 4666 2509 4726 servare,
2542 4658 2597 4710 et
2625 4653 2912 4726 quomodo
2941 4653 3147 4711 debeat
3171 4654 3244 4711 iis
3293 4666 3424 4726 quas
3453 4665 3596 4722 ope-

2010 4729 2238 4782 rantur
2262 4724 2595 4783 attendere.

2568 4840 2975 4898 RESPONSIO.

2012 4933 2217 4988 Servet
2243 4929 2416 4989 lanas
2446 4933 2741 5005 tanquam
2788 4946 2926 5003 quae
2977 4928 3154 4986 fuerit
3195 4923 3591 4985 custodiendo

305 5111 358 5149 ¹³
388 5108 593 5167 Matth.
629 5125 770 5176 xxv,
797 5110 890 5178 41,
913 5112 1004 5168 42.
1084 5111 1129 5146 ιι
1158 5109 1379 5166 Jerem.
1411 5125 1606 5179 vam,
1639 5111 1727 5166 10.
1808 5111 1822 5145 ¹

1955 5109 2104 5166 ibes.
2134 5124 2210 5176 xv,
2238 5112 2330 5166 3t.
2407 5110 2453 5145 ¹⁸
2479 5109 2653 5166 Joan.
2677 5123 2781 5170 xu,
2810 5107 2901 5161 44.
2983 5105 3030 5140 ³⁷
3058 5102 3210 5160 Psal.
3237 5117 3400 5172 xcm,
3430 5106 3521 5159 20.

235 5361 249 5373 '
478 5288 623 5375 Reg.
681 5287 914 5375 primus
965 5292 1054 5340 καὶ
1107 5287 1266 5375 ait»;
1320 5285 1728 5374 έγχειρίζέσθιιιι⁹
1764 5288 1824 5338 τὸ

2009 5287 2128 5357 (82)
2160 5285 2400 5342 Veteres
2422 5283 2546 5340 duo
2577 5283 2714 5339 libri
2746 5297 2889 5357 cum
2921 5275 3362 5357 Voss;_clov¢;itv
3394 5281 3593 5357 ποίμνῃ,

493 5349 596 5411 τινῗ
625 5379 639 5392 ·
682 5349 766 5412 ἵνα
786 5364 871 5436 μὴ⁵
891 5349 1423 5436 κατακριθῶσυμῆτῖ
1449 5349 1500 5411 οἱ
1542 5357 1826 5436 ὀἰκονόμοι

1955 5349 2054 5436 {ec
2073 5349 2155 5413 ita
2178 5357 2377 5436 multo.
2396 5362 2535 5428 post
2552 5357 2706 5436 ‘Reg.
2731 5354 2966 5427 primus
2993 5356 3052 5408 et
3079 5349 3256 5436 Voss.
3274 5349 3595 5408 ’ἐπιτάσσειν

221 5427 330 5486 τὲῖίν
361 5449 418 5484 τε
439 5429 656 5502 ψυχῶν,
685 5427 823 5494 οωζ,
855 5427 1098 5488 brevius
1137 5427 1406 5504 quidem,
1454 5429 1563 5486 sed
1589 5444 1715 5486 non
1737 5427 1826 5486 ita

1955 5433 2027 5486 ’ὴν
2050 5431 2299 5486 τοιαύτην
2330 5427 2644 5504 οἰκονομίαν.
2741 5497 2751 5504 .
3171 5433 3181 5445 ·

221 5508 424 5647 llﬁcii}
450 5574 601 5646 Reg.
628 5573 863 5648 primus
889 5578 950 5634 et
978 5533 1144 5634 con).
1173 5575 1314 5649 ὑμᾶς
1341 5570 1538 5648 ἀνάγῃ.

2006 5502 2115 5570 (83)
2146 5495 2522 5584 lild-itLet‘duo
2550 5513 2706 5584 mss:
2730 5497 2816 5550 ἐπὶ
2852 5499 3190 5584 προσταγμα.
3222 5497 3300 5555 At
3316 5495 3379 5554 in
3421 5496 3590 5555 CoIb.

1932 5574 1992 5629 et
2017 5567 2185 5644 apud
2214 5572 2343 5628 LXX
2368 5567 2588 5642 legitur
2624 5568 2716 5626 ἐπὶ
2741 5567 3141 5646 προστάγματι.
