4086 6186
210 241 348 296 11Βὸ

1338 230 1648 290 ΒΕΘΗΙΑΕ
1677 225 1976 284 BREVIUS
2012 228 2422 289 ΤΒΑΟΤΑΤᾹΞ.

3427 247 3566 304 “86

211 358 520 423 ἐπιτηδείως
573 364 762 434 ἔχοντα
809 365 1063 439 παράγειν
1121 363 1191 428 εἰς
1245 365 1303 417 τὸ
1360 364 1508 435 ἔργον
1577 357 1810 426 αναγκα-

1929 369 2141 424 gamur
2164 376 2177 416 :
2202 360 2362 417 unde
2388 363 2454 420 ﬁt
2481 363 2842 432 necessario,
2874 367 2939 422 ut
2962 372 3386 442 corrumpatur
3421 371 3570 429 inte-

212 453 441 526 ξὼμεθα·
477 454 610 506 ὥστε
644 452 946 526 συμϐαίνειν
978 454 1030 518 ἐξ
1060 454 1292 527 ἀνάγκης
1322 453 1467 523 παρὰ
1503 453 1596 508 τὴν
1625 449 1808 500 τούτου

212 539 450 614 ἀπειρίαν
513 546 608 600 τήν
663 561 718 595 τε
783 542 1049 617 ἀκρίϐειαν
1108 540 1521 619 διαφθείρεσθαι,
1577 540 1668 591 καὶ
1717 538 1810 594 τὴν

207 633 345 684 κατά
373 630 524 703 λόγον
565 630 802 696 εὐταξίαν
835 629 1166 689 διαλύεσθαι.

746 747 1059 795 ΕΡΩΤΗΣῙΣ
1117 740 1274 795 ΡΝΖ.

208 855 430 922 Ποταπῇ
481 845 725 922 διαθέσει
765 849 950 922 ὀφείλει
993 871 1070 914 τις
1121 848 1380 922 δουλεύειν
1430 857 1502 920 τῷ
1541 855 1678 919 Θεῷ,
1718 849 1808 898 καὶ

463 919 590 982 ὅλως
627 923 656 979 ἡ
697 917 937 985 διάθεσις
973 923 1106 981 αὕτη
1147 928 1196 977 τί
1236 921 1376 976 ἔστιν
1420 917 1556 994 (9'0).

822 1035 1195 1088 ΑΠΟΚΡΙΣΙΣ.

279 1133 523 1185 Διαθεσιν
564 1131 766 1206 ἀγαθὴν
795 1138 1029 1211 ἡγοῦμαι
1073 1133 1200 1191 εἶναι
1249 1136 1526 1210 ἐπιθυμίαν
1553 1142 1646 1196 τῆς
1682 1135 1808 1206 πρὸς

204 1224 342 1273 Θεὸν
410 1225 802 1297 εὐαρεστήσεως
868 1225 1120 1303 σφοδρὰν,
1188 1232 1278 1280 καὶ
1344 1225 1640 1300 ἀκόρεστον,
1719 1227 1809 1275 καὶ

202 1318 528 1383 πεπηγυῖαν,
582 1318 672 1366 καὶ
713 1313 1041 1388 ἀμετάθετον.
1092 1318 1448 1392 Κατορθοῦται
1487 1311 1545 1367 δὲ
1585 1313 1715 1371 αὕτη
1759 1311 1809 1363 ἐν

204 1402 403 1474 Θεωρία
435 1411 616 1476 συνετῇ
652 1409 740 1456 καὶ
772 1401 997 1463 διηνεκεῖ
1025 1415 1115 1467 τῆς
1144 1405 1540 1480 μεγαλειότητος
1571 1402 1682 1473 (91)
1711 1408 1810 1453 τῶν

206 1486 381 1552 δοξῶν
401 1499 494 1543 τοῦ
521 1499 674 1559 Θεοῦ,
695 1492 972 1568 λογισμοῖς
991 1514 1042 1547 τε
1064 1495 1356 1568 εὐγνώμοσι
1375 1497 1465 1546 καὶ
1492 1489 1810 1562 ἀδιαλείπτῳ

204 1583 393 1652 μνήμη
423 1589 524 1632 τῶν
555 1583 892 1658 ὑπαρξάντων
925 1588 1048 1658 ἡμῖν
1080 1586 1222 1658 παρά
1260 1591 1394 1637 Θεοῦ
1425 1581 1657 1655 ἀγαθῶν.
1698 1578 1810 1652 Ἀφ’

203 1668 280 1720 ὧν
337 1667 593 1741 ἐγγίνεται
649 1679 710 1744 τῇ
765 1671 920 1746 ψυχῇ
977 1679 1056 1726 re"
1101 1675 1419 1746 Ἀγαπήσεις
1471 1674 1661 1744 Κύριον
1724 1672 1811 1722 τὸν

203 1762 342 1811 Θεὸν
395 1778 490 1812 σου
539 1759 591 1823 ἕξ
637 1761 754 1822 ὅλης
798 1771 887 1824 τῆς
925 1760 1147 1839 καρδίας
1194 1783 1288 1816 σου
1336 1767 1426 1814 καὶ
1469 1763 1522 1824 ἑξ
1564 1760 1683 1822 ὅλης
1722 1767 1813 1820 τῆς

205 1848 413 1920 ἰσχύος
466 1869 579 1920 σον,
623 1857 713 1904 καὶ
763 1851 815 1916 ἐξ
844 1853 962 1914 ὅλης
990 1862 1085 1914 τῆς
1118 1851 1356 1914 διανοίας
1395 1871 1512 1917 σου,
1547 1851 1683 1902 κατά
1725 1853 1812 1902 τὸν

202 1939 443 1992 εἰπόντα·
488 1939 581 1992 *ον
615 1945 802 2016 τρόπον
846 1941 1083 1996 ἐπιποθεῖ
1120 1947 1149 2002 ἡ
1193 1943 1377 2016 ἔλαφος
1409 1940 1492 1994 ἐπὶ
1520 1943 1607 2001 τὰς
1636 1941 1812 2012 πηγὰς

159 2025 163 2028 ”
199 2036 310 2080 τῶν
347 2025 579 2098 ὑδάτων,
621 2030 783 2092 οὕτως
826 2029 1062 2085 ἐπιποθεί
1096 2034 1126 2091 ἡ
1162 2031 1316 2103 ψυχή
1369 2051 1470 2104 μου
1510 2033 1634 2104 πρὸς
1675 2049 1753 2090 σε.
1786 2030 1812 2081 ὃ

205 2122 366 2179 Θεὸς-
410 2121 572 2173 Μετὰ.
598 2124 845 2184 τοιαύτης
873 2118 961 2174 οὖν
986 2119 1269 2182 διαθέσεως
1301 2117 1559 2174 δουλεύειν
1588 2123 1698 2194 χρὴ
1740 2125 1812 2190 τῷ

205 2214 351 2277 Θεῷ,
383 2207 682 2284 πληροῦνται
710 2212 768 2262 τὸ
801 2211 912 2281 (92)
934 2212 1034 2263 sua
1057 2218 1148 2263 τοῦ
1176 2208 1492 2264 Ἀποστόλου
1526 2208 1808 2281 εἰρημένον·

206 2300 309 2356 Τίς
345 2298 483 2369 ἡμᾶς
521 2303 749 2373 χωρίσει
799 2298 899 2352 ἀπό
948 2309 1043 2363 τῆς
1095 2299 1302 2372 ἀγάπης
1357 2306 1450 2352 τοῦ
1516 2305 1750 2371 Χριστου
1796 2315 1810 2366 ;

209 2384 415 2456 θλιψις,
483 2387 512 2446 ἣ
569 2394 914 2463 στενοχωρία,
966 2391 996 2450 ἣ
1055 2385 1312 2462 διωγμὸς,
1363 2389 1392 2448 ἦ
1445 2390 1725 2461 γυμνότης,
1780 2387 1810 2447 ἦ

203 2471 471 2543 κίνδυνος,
531 2478 560 2536 ἦ
603 2480 852 2554 μάχαιρα
883 2495 896 2546 ;
928 2484 1020 2532 καὶ
1047 2482 1114 2531 τὰ
1142 2478 1225 2542 ἐξῆ
1239 2499 1278 2540 ς.

763 2592 1076 2640 ΕΡΩΤΠΣΙΣ
1105 2584 1271 2642 ΡΝΙΓ.

201 2696 428 2764 Ποταπῇ
484 2687 720 2746 διαθέσει
760 2691 946 2767 ὀφεᾶει
995 2691 1255 2766 δέχεσθαι
1305 2695 1364 2746 τό
1405 2691 1662 2767 ἐπιτίμιον
1712 2710 1813 2753 τις.

821 2879 1192 2930 ΑΠΟΚΡΙΣΙΣ.

273 2985 350 3050 Τῇ
412 2982 684 3054 πρεπούσῃ
742 2983 838 3053 υἱῷ
891 2982 1003 3053 (93)
1060 2981 1311 3057 ἀρρώστῳ
1375 2985 1467 3034 καὶ
1529 2979 1815 3052 ἀγωνιῶντι

1921 447 2104 593 gritas
2125 448 2204 505 ob
2225 450 2355 522 ejus
2374 451 2756 526 imperitiam,
2786 458 3070 528 rectaque
3101 456 3423 532 disciplina
3452 460 3570 517 dis-

1921 552 1986 593 so
2016 542 2204 593 vatur.

1919 542 2204 594 solvatur.

2356 741 2870 798 INTERROGATIO
2905 743 3109 801 CLVII.

1919 843 2042 913 Quo
2063 845 2280 916 affectu
2305 847 2512 905 debeat
2544 852 2674 920 quis
2703 852 2930 906 servire
2965 853 3077 907 Deo
3107 867 3128 906 .°
3159 856 3211 908 et
3233 853 3296 908 in
3333 856 3568 912 univer-

2307 935 2456 985 sum,
2487 921 2632 992 quid
2667 923 2742 976 sit
2773 923 2870 978 hic
2894 925 3166 993 affectus.
3553 924 3556 926 ’

2535 1027 2936 1084 RESPONSIO.

1989 1132 2221 1187 Bonum
2240 1130 2518 1188 affectum
2537 1138 2682 1206 puto
2700 1151 2832 1190 esse
2853 1135 3176 1192 vehemens
3202 1136 3568 1196 desiderium

1916 1217 2194 1291 placendi
2227 1223 2345 1276 Deo
2380 1239 2392 1277 :
2425 1223 2589 1295 quod
2631 1223 2705 1278 sit
2732 1229 2788 1279 et
2816 1224 3175 1293 insatiabile,
3216 1231 3272 1282 et
3301 1227 3567 1299 firmum,

1917 1311 1976 1363 et
2011 1308 2410 1368 immutabile.
2464 1315 2859 1385 Comparatur
2897 1321 3099 1370 autem
3137 1315 3232 1370 hic
3275 1316 3474 1374 solerti
3515 1322 3571 1375 et

1919 1398 2165 1455 assidua
2186 1400 2688 1473 contemplatione
2711 1404 3039 1474 majestatis
3059 1403 3259 1473 gloriae
3277 1406 3573 1464 Dei.item-

1919 1503 2038 1560 que
2055 1489 2516 1559 cogitationibus
2533 1507 2604 1546 ex
2621 1496 2790 1560 grato
2807 1493 3013 1548 animo
3033 1493 3570 1570 proﬁciscentibus,

1923 1577 2102 1650 468
2116 1593 2185 1634 ac
2207 1579 2491 1635 continua
2510 1579 2923 1637 recordatione
2947 1598 3373 1640 concessorum
3395 1585 3572 1641 nobis

1842 1695 1886 1753 Β
1922 1683 1957 1724 a
1983 1671 2094 1723 Deo
2116 1667 2436 1724 bonorum.
2462 1672 2540 1725 Ex
2556 1669 2780 1742 quibus
2801 1671 3018 1727 animae
3040 1672 3373 1730 innascitur
3391 1673 3568 1733 illud:

1921 1758 2148 1827 Diliges
2196 1758 2507 1815 Dominum
2558 1762 2742 1816 Deum
2777 1767 2944 1815 tuum
2983 1777 3058 1818 ex
3088 1768 3209 1818 toto
3239 1763 3418 1820 corde
3447 1770 3571 1833 tuo,

1922 1855 1974 1904 et
2019 1862 2094 1904 ex
2131 1849 2268 1903 totis
2307 1849 2534 1904 viribus
2576 1851 2712 1916 tuis,
2762 1859 2814 1907 et
2854 1867 2930 1906 ex
2978 1857 3103 1908 tota
3146 1859 3340 1910 mente
3370 1859 3476 1910 tua
3502 1857 3572 1924 ³⁸,

1921 1936 2192 2009 exemplo
2220 1936 2376 1993 illius
2397 1938 2502 2010 qui
2523 1939 2670 1994 dixit
2700 1956 2713 1994 :
2741 1941 3249 2007 Quemadmodum
3273 1943 3575 2001 desiderat

1921 2043 2130 2085 cervus
2173 2028 2255 2083 ad
2281 2029 2479 2099 fontes
2522 2045 2843 2100 aquarum,
2888 2031 2974 2086 ita
3015 2031 3314 2087 desiderat
3368 2035 3573 2090 anima

1919 2133 2050 2176 mea
2080 2117 2161 2175 ad
2189 2131 2260 2186 te,
2291 2120 2445 2174 Deus
2462 2121 2529 2172 ἰ.
2565 2118 2960 2176 Serviendum
2982 2119 3189 2192 itaque
3211 2119 3330 2176 Deo
3350 2121 3573 2180 esthoc

1919 2207 2160 2279 affectu,
2191 2207 2274 2264 ita
2301 2214 2366 2264 ut
2393 2207 2713 2281 impleatur
2739 2209 2905 2282 quod
2926 2208 3004 2264 ab
3026 2207 3312 2282 Apostolo
3342 2209 3572 2269 dictum

1920 2301 2010 2354 est
2037 2314 2050 2353 :
2085 2297 2224 2366 Quis
2259 2297 2563 2368 separabit
2593 2313 2699 2353 nos
2729 2313 2766 2354 a
2793 2299 3093 2355 charitate
3125 2299 3354 2355 Christi
3380 2299 3410 2355 ?
3446 2301 3575 2357 Tri-

1922 2388 2169 2456 butatzo,
2201 2403 2282 2444 an
2331 2390 2638 2458 angustia,
2683 2403 2764 2444 an
2793 2389 3148 2456 persecutia,
3183 2403 3264 2445 an
3305 2389 3574 2460 nuditas,

1922 2493 2003 2535 an
2021 2478 2387 2550 periculum,
2418 2493 2500 2535 an
2523 2478 2766 2549 gladius
2792 2479 2839 2514 ³⁸
2867 2477 2896 2532 ?
2927 2480 3040 2534 etc.

2369 2584 2883 2642 INTERROGATIO
2924 2585 3140 2642 CLVIII

1928 2695 2053 2764 Quo
2083 2693 2285 2752 animo
2314 2693 2524 2751 debeat
2549 2693 2696 2776 quis
2711 2694 3043 2764 irrogatam
3074 2693 3190 2751 sibi
3206 2709 3448 2766 penam
3487 2710 3579 2753 re-

2638 2779 2854 2835 czpere.

2537 2872 2925 2929 RESPONSIO
2940 2913 2953 2926 .

1997 2983 2078 3037 Eo
2126 2980 2368 3048 scilicet,
2417 2978 2521 3050 qui
2557 2977 2683 3034 ﬁlio
2730 2978 3008 3036 convenit
3039 2978 3374 3050 mgrotanti,
3415 2985 3470 3036 et
3511 2981 3575 3036 in

197 3073 324 3142 περὶ
358 3075 452 3120 τοῦ
485 3069 600 3142 ζῇν,
643 3073 788 3145 ποιρά
815 3074 1010 3146 πατρὸς
1051 3076 1141 3124 καὶ
1182 3071 1361 3145 ἰατροῦ
1404 3073 1810 3144 θεραπευομένῳ,

1929 3071 2057 3128 vita:
2083 3069 2407 3126 discrimen
2448 3065 2731 3134 adducto,
2767 3083 2904 3123 cum
2951 3083 2987 3122 a
3022 3074 3192 3139 patre
3236 3073 3291 3124 et
3337 3067 3575 3124 medico

197 3157 302 3209 κᾶν
351 3162 543 3231 πικρός
579 3165 670 3211 καὶ
717 3157 1034 3234 ἐπώδυνοςῇ
1087 3163 1112 3213 ό
1153 3167 1342 3236 τρόπος
1378 3170 1475 3223 τῆς
1517 3163 1809 3236 θεραπείας,

201 3246 253 3298 ἓν
294 3246 629 3324 πληροφορίᾳ
673 3257 767 3312 τῆς
817 3269 868 3304 τε
900 3249 1110 3323 ἀγάπης
1146 3256 1234 3304 καὶ
1279 3260 1370 3312 τῆς
1412 3250 1681 3327 ἐμπειρίας
1718 3257 1810 3303 τοῦ

201 3334 571 3409 ἐπιτιμῶντος,
611 3342 702 3391 καὶ
743 3337 792 3392 ἐν
824 3338 1074 3414 ἐπιθυμίᾳ
1111 3349 1207 3403 τῆς
1247 3340 1454 3404 ἰάσεως.

747 3541 1061 3591 ΕΡΩΤΗΣΙΣ
1108 3536 1276 3594 PNe‘.

203 3631 250 3676 Ο
309 3622 628 3698 λυπούμενος
683 3627 819 3680 κατὰ
862 3635 954 3680 τοῦ
1025 3625 1433 3715 ἐπιτιμήσαντος
1490 3626 1631 3699 αὐτῷ
1696 3627 1814 3700 (94)

785 3718 1018 3761 ποταπος
1057 3719 1219 3756 εστιν.

823 3814 1196 3866 ΑΠΟΚΡΙΣΙΣ.

282 3914 422 3966 Οὔτε
465 3915 554 3965 τόν
582 3910 822 3969 κίνδυνον
850 3924 945 3978 τῆς
988 3917 1250 3992 οἶμαρτίας
1287 3915 1555 3989 ἐγνώρισε,
1595 3919 1687 3969 καὶ
1715 3916 1815 3990 μά-

199 4003 368 4055 λιστα
422 4005 509 4055 τὸν
555 4008 684 4078 πρὸς
733 4008 885 4071 Θεὸν,
925 4004 1042 4059 οὒτε
1081 4008 1140 4058 τὸ
1178 4003 1367 4081 κέρδος
1398 4014 1493 4068 τῆς
1521 4011 1812 4079 μετανοίας,

200 4095 328 4147 οὔτε
373 4091 651 4147 ἐπιστενσε
710 4102 783 4165 τῷ
835 4095 1046 4148 εἰπόντι·
1103 4094 1163 4148 Ὀ
1216 4091 1275 4148 δε
1331 4095 1568 4168 ἀγαπῶν,
1629 4095 1812 4169 ἐπιμε-

197 4182 308 4245 λῶς
355 4179 616 4236 παιδεύει·
674 4188 765 4236 καὶ
813 4182 993 4238 ἔαυτόν
1051 4185 1317 4258 ἀλλότριον
1369 4189 1663 4244 κατέστησε
1717 4194 1809 4246 τῆς

202 4271 448 4345 ὡφελείας
489 4279 580 4324 τοῦ
606 4272 850 4335 εἰπόντος’
902 4270 1190 4328 Παιδεύσει
1227 4294 1289 4347 με
1339 4271 1543 4336 δίκαιος
1581 4273 1630 4327 ἕν
1661 4274 1806 4343 ἕλίει,

200 4367 298 4414 καὶ
328 4360 522 4432 ἐλέγξει
562 4383 646 4435 με.
681 4367 778 4416 Καὶ
819 4362 1106 4426 επιϐλαϐῶς
1139 4366 1378 4418 σύνεστιν
1409 4367 1434 4417 ό
1473 4372 1704 4425 τοιοῦτος
1742 4373 1806 4440 τῇ

203 4449 550 4526 ἀδελφότητι,
596 4450 915 4526 ἀπασχολῶν
961 4458 1078 4515 τοὺς
1117 4451 1528 4530 ἀγωνιζομένους
1564 4455 1697 4526 (95).

271 4885 327 4923 ’³
347 4885 526 4942 Marc.
555 4900 660 4952 xu,
697 4885 788 4943 30.
818 4886 914 4958 M"
936 4885 1090 4945 Psal.
1112 4902 1228 4958 xu,
1255 4891 1306 4944 l.

274 5124 398 5190 (90)
429 5119 630 5176 Codex
659 5119 824 5176 Colb.
852 5126 936 5182 τίς
973 5119 1135 5174 ἔστιν.

275 5196 396 5262 (91)
429 5193 569 5265 Reg,
602 5192 834 5263 primus
865 5197 922 5265 et
949 5194 1114 5248 Voss.
1163 5193 1352 5265 θεωρίᾳ
1391 5197 1594 5265 συνέσει
1630 5196 1804 5265 τεκαὶ

275 5206 396 5262 (9|)
429 5206 569 5314 Heg,
602 5207 834 5263 primus
865 5206 922 5248 et
955 5206 1114 5248 voss.
1163 5206 1352 5265 θεωρίᾳ
1391 5206 1594 5245 συνέσει
1630 5210 1686 5243 τε
1714 5206 1802 5244 καί

203 5261 516 5345 διηνεκεῖμε
537 5267 630 5335 ,ἐτη
655 5271 749 5325 τῆς
769 5263 1182 5345 μεγαλειότητος,
1205 5279 1314 5345 per
1333 5263 1802 5345 intelligentiam

199 5344 258 5393 et
279 5336 634 5392 continuam
660 5337 1107 5392 meditationem
1138 5336 1488 5404 majestatis.

272 5409 389 5479 (92)
441 5406 698 5481 Antiqui
732 5406 852 5462 duo
902 5405 1047 5481 libri
1085 5403 1404 5481 πληροῦντας
1451 5409 1531 5461 τό.
1593 5403 1803 5462 Statim

199 5473 634 5556 Résjmimu'e
668 5473 920 5556 διαγμέῢ
967 5480 1011 5556 ἢ,
1035 5473 1239 5550 λιμὸς’ἣ
1272 5481 1552 5556 γυμνρῖηςο
1572 5546 1611 5556 -.
1644 5546 1654 5556 .

279 5545 550 5624 (ῑ3)’νοι
578 5551 677 5620 υἱῷ
696 5545 903 5608 addita.
929 5553 1019 5609 est
1045 5545 1116 5606 ex
1145 5545 1294 5608 mss.
1315 5545 1539 5608 multis.
1572 5545 1802 5606 Ibidem

1383 4890 1432 4925 ³⁵
1462 4890 1634 4948 Rom.
1665 4903 1788 4960 vni,
1821 4893 1911 4948 35.
1989 4890 2038 4926 ³⁸
2067 4890 2238 4945 Prov.
2271 4901 2391 4953 xm,
2425 4885 2517 4942 24.

1921 3163 2187 3230 curatur,
2234 3157 2469 3214 etiamsi
2517 3172 2763 3212 amarus
2802 3155 3178 3229 acerbusque
3223 3155 3402 3212 fuerit
3451 3172 3575 3213 me-

1921 3249 2107 3307 dendi
2158 3247 2400 3314 modus,
2433 3261 2573 3302 cum
2611 3245 2664 3300 ei
2709 3261 3071 3317 persuasum
3112 3260 3245 3302 esse
3274 3249 3573 3318 oporteat,

1919 3338 2089 3410 diligi
2109 3353 2192 3406 se,
2210 3352 2281 3393 ac
2303 3336 2560 3410 peritum
2582 3349 2711 3391 esse
2732 3334 3208 3407 objurgatorem,
3230 3335 3572 3412 debeatque

1920 3429 2238 3488 sanitatem
2263 3444 2502 3502 cupere.

2383 3535 2892 3594 INTEBBOHATIO
2933 3535 3108 3592 CLIX.

2066 3628 2180 3698 Qui
2207 3642 2365 3699 zgre
2386 3627 2510 3698 fert
2538 3627 2949 3696 increpantem
2978 3639 3058 3688 se,
3091 3625 3292 3697 quatis
3323 3631 3430 3685 est.

2524 3803 2805 3862 RESPON
2816 3804 2950 3864 SlO.

1994 3919 2199 3990 Neque
2227 3911 2396 3970 novit
2416 3909 2752 3984 periculum
2773 3909 3026 3982 peccati,
3056 3913 3114 3965 et
3141 3909 3406 3967 maxime
3427 3925 3574 3980 erga

1923 4009 2133 4073 Deum,
2159 4018 2356 4076 neque
2378 3999 2855 4058 emolumentum
2877 3997 3265 4072 ptenitentiaa,
3291 4015 3487 4072 neque
3508 3999 3574 4055 ﬁ-

1922 4099 2063 4155 dem
2088 4094 2300 4152 hnbuit
2328 4092 2380 4150 ei
2408 4090 2514 4165 qui
2541 4089 2728 4146 dixit:
2754 4089 2870 4156 Qui
2896 4103 3033 4146 vero
3059 4089 3284 4160 diligit,
3319 4089 3574 4160 diligen-

1923 4189 2012 4242 ter
2039 4184 2288 4253 castigat
2315 4183 2362 4216 ³⁸
2387 4198 2401 4248 ;
2426 4185 2606 4251 atque
2637 4179 2819 4234 etiam
2849 4176 3239 4249 semetipsum
3271 4177 3572 4235 constituit

1923 4274 2190 4331 alienum
2232 4276 2268 4329 a‘.
2295 4273 2535 4343 quaestu
2564 4267 2722 4323 illius
2775 4266 2879 4340 qui
2914 4266 3104 4322 dixit:
3151 4266 3452 4336 Corripiet
3481 4282 3573 4324 me

1915 4369 2119 4436 justus
2143 4365 2203 4419 in
2235 4359 2670 4424 misericordia,
2696 4364 2751 4415 et
2781 4358 3116 4426 increpabit
3140 4373 3232 4414 me
3259 4359 3329 4413 ’7.
3363 4361 3573 4415 Praete-

1923 4469 2148 4526 reaque
2177 4451 2280 4525 qui
2301 4447 2650 4520 huiusmodi
2672 4454 2783 4514 est,
2814 4447 2944 4518 ejus
2974 4446 3348 4505 consuetudo
3381 4447 3571 4506 fratri-

1921 4545 2041 4602 bus
2066 4543 2314 4601 exitiosa
2341 4545 2431 4598 est
2457 4557 2472 4610 ;
2505 4537 2806 4612 siquidem
2843 4552 2947 4595 eos
2984 4552 3022 4596 a
3053 4543 3329 4612 suscepto
3379 4543 3572 4599 certa-

1923 4635 2085 4693 mine
2111 4630 2380 4692 abducit.

2594 4883 2637 4917 ²¹¹
2674 4878 2824 4937 Psal.
2858 4894 2984 4949 cn,
3017 4881 3070 4934 5.

1913 5123 2056 5190 Reg.
2079 5120 2316 5192 primus
2345 5120 2401 5193 et
2430 5115 2607 5193 V_oss_.
2638 5115 2756 5184 περὶ
2775 5113 2845 5193 ,τᾷ
2875 5110 2992 5190 ζῇν·
3185 5192 3188 5193 ν
3239 5175 3251 5186 ,

1987 5174 2258 5261 (tibi—lira
2302 5188 2440 5258 αύτῷ
2472 5174 2879 5256 Ιοεὶιιιιιάὑτόν
2915 5174 2992 5235 ’ίιι
3026 5175 3287 5249 antiquis
3316 5174 3560 5232 duobus

1911 5261 2102 5404 1133:).
2145 5331 2341 5388 Codex
2388 5327 2553 5385 Colb.
2575 5322 2917 5405 ‘i‘n‘ao’zo‘ttabu
2939 5323 3078 5400 seu;
3112 5319 3559 5405 ἀγωνιζομένους.

1914 5393 2123 5460 διάιίή]
2183 5403 2343 5458 idem
2395 5416 2508 5456 ms.
2567 5393 2806 5466 ἀδελφοῖς
2861 5393 3240 5466 ἀρρωστοῦσιν,
3303 5393 3563 5461 inﬁrmis

1907 5475 2230 5544 fratribus.
