4086 6186
153 257 264 314 1197

655 379 971 430 ΕΡΩΤΗΣΙΣ
1001 371 1158 428 POT"

153 470 203 523 Εἰ
226 465 301 522 δεῖ
325 466 368 519 ἓν
391 473 448 538 τῇ
473 467 586 540 ὦρᾳ
608 473 706 527 τῆς
733 463 849 516 κατ’
878 461 1016 516 οἷκον
1045 459 1360 537 ψαλμῳδίας
1388 463 1566 517 λαλιάν
1595 483 1711 517 τινα

776 555 1038 625 γίνεσθαί.

713 645 1090 699 ΑΠΟΚΡΙΣΙΣ.

203 733 272 787 Οῦ
324 729 420 800 δεῖ,
465 729 610 791 ἐκτὸς
658 737 759 783 τῶν
808 734 1225 803 πεπιστευμένων
1294 734 1390 789 τὴν
1459 727 1709 804 φροντίδα

144 828 220 877 καὶ
260 826 343 881 τὴν
406 819 696 894 ἐπιμέλειαν
755 828 848 883 τῆς
898 819 1157 890 εὐταξίας,
1220 824 1311 872 καὶ
1360 828 1455 882 τῆς
1505 820 1706 873 οἰκονο-

143 918 242 986 μίας
285 918 376 964 τῶν
419 912 580 984 ἔργων
636 910 764 980 (27),
815 913 904 961 καὶ
953 917 1104 962 τοῦτο
1157 910 1294 962 κατά
1343 907 1572 982 ἀνάγκην
1611 918 1705 972 τῆς

147 1003 421 1074 ἐπειγούσης
487 1003 720 1074 χρείας·
791 1004 882 1052 καὶ
936 997 1061 1054 οὐδὲ
1110 1004 1224 1053 τότε
1291 999 1702 1073 ἀπερισκέπτως,

143 1091 231 1144 ἀλλ’
282 1089 700 1162 ἕστοχασμένως,
753 1096 845 1141 τοῦ
901 1108 956 1141 τε
1010 1093 1171 1141 τόπου
1201 1095 1292 1144 καὶ
1321 1097 1418 1152 τῆς
1442 1089 1702 1161 εὐταξίας,

140 1189 218 1242 τῆς
240 1199 288 1232 τε
335 1180 638 1250 σεμνότητος
688 1183 777 1232 καὶ
805 1185 898 1231 τοῦ
945 1176 1284 1252 ἀπροσκόπου
1311 1200 1323 1212 ·
1375 1186 1485 1239 τοῖς
1531 1178 1705 1242 ἀλλοις

139 1276 272 1322 πᾶσιν
323 1266 581 1340 ἀναγκαία
633 1266 775 1320 ἐστὶν
829 1269 858 1326 ἡ
932 1273 1129 1328 σιωπὴ.
1191 1268 1251 1321 Εἰ
1301 1272 1398 1341 γὰρ
1459 1267 1506 1319 ἐν
1537 1277 1703 1343 καιρῷ

141 1354 396 1424 διαλέξεως,
453 1362 545 1410 καὶ
595 1356 643 1410 ἐν
711 1365 889 1420 αυτοῖς
967 1365 1078 1419 τοῖς
1129 1355 1546 1430 ἔπιτεταγμένοις
1616 1360 1702 1410 τόν

134 1445 262 1518 λόγον
287 1455 372 1509 τῆς
401 1442 756 1510 διδασκαλίας
811 1449 836 1500 6
865 1455 1071 1521 πρῶτος
1125 1452 1278 1520 σιγᾷν
1333 1451 1702 1522 προτέτακται,

135 1535 205 1588 ἐὰν
231 1536 349 1608 ἄλλῳ
376 1535 742 1610 ἀποκαλυφθῇ,
793 1542 940 1609 πόσῳ
969 1536 1158 1609 μᾶλλον
1208 1536 1257 1588 ἐν
1288 1545 1453 1610 καιρῷ
1478 1535 1700 1610 ψαλμῳ-

135 1621 271 1687 δίαςή
304 1632 420 1699 σιγὴ
456 1633 565 1689 τοῖς
596 1625 802 1689 πολλοῖς
833 1623 1092 1698 ἀναγκαία
1121 1627 1234 1697 (28)
1265 1643 1278 1694 ;

639 1721 913 1770 ΕΡΩΤΗΣΙ
921 1723 954 1768 Σ
984 1715 1145 1772 ΡΟΔ⁷.

133 1810 230 1866 Πῶς
245 1800 433 1880 δυνηθῇ
465 1825 549 1868 τις
574 1800 877 1880 ἐνδιαθέτῳς
924 1809 1014 1857 καὶ
1062 1807 1191 1878 μετά
1216 1803 1494 1878 ἐπιτυμίας
1539 1814 1703 1860 ποιεῖν

551 1879 644 1940 τάς
668 1875 867 1937 ἐντολὰς
897 1883 989 1929 τοῦ
1023 1875 1235 1951 Κυρίου.

700 1971 1075 2020 ΔΠΟΚΡΙΣΙΣ.

189 2055 319 2108 Κατά
346 2057 502 2130 φύσιν
533 2056 563 2114 ἡ
619 2062 775 2130 πεῖρα
802 2074 893 2108 του
953 2050 1174 2116 ἣδοντος
1226 2057 1313 2107 καὶ
1363 2053 1697 2127 ὠφελοῦντος,

128 2149 202 2196 καὶ
229 2143 346 2204 αὕτη
404 2148 432 2204 ἡ
495 2141 798 2219 προσδοκὶα
825 2165 917 2198 του
975 2146 1209 2198 τοιοῦτον
1269 2145 1474 2219 ἐμποιεῖ
1500 2155 1561 2220 τῇ
1590 2145 1699 2218 φυ-

127 2240 190 2304 γῇ
216 2238 300 2294 τὴν
318 2240 428 2312 περὶ
478 2237 671 2287 τούτου
726 2231 964 2288 διάθεσίν
1019 2254 1072 2288 τε
1121 2239 1210 2288 καὶ
1250 2233 1548 2308 ἐπιθυμιαν,
1583 2235 1700 2289 Ἐὰν

129 2317 204 2372 οὖν
227 2341 298 2385 τις
348 2329 557 2398 μισὴση
587 2328 678 2376 καὶ
726 2319 1050 2397 βδελύξηται
1078 2327 1172 2382 τὴν
1214 2321 1446 2392 ἀδικίαν,
1479 2330 1568 2377 καὶ
1598 2345 1698 2378 κα-

131 2411 331 2486 θαρεύσῃ
362 2417 540 2474 πάσης
588 2411 868 2489 ἁμαρτιας,
911 2410 998 2486 ἀφ’
1050 2413 1132 2485 ἧς,
1189 2414 1362 2488 ὥσπερ
1405 2411 1505 2466 ἀπὸ
1542 2418 1698 2468 νόσου

124 2503 172 2550 τὸ
213 2510 350 2574 σῶμα
395 2504 518 2574 (29)
565 2503 769 2576 πάσχει
815 2507 908 2561 τὴν
957 2501 1220 2575 ἀνορεξίαν
1267 2508 1356 2555 καὶ
1426 2507 1520 2562 τὴν
1581 2509 1699 2578 περὶ

125 2591 176 2640 τὰ
195 2587 435 2664 βρώματα
487 2586 702 2660 ἀηδίαν,
748 2592 880 2645 οὕτω
933 2598 1022 2644 καὶ
1077 2593 1108 2651 ἡ
1137 2590 1292 2665 ψυχὴ
1325 2595 1418 2651 τὴν
1470 2596 1590 2667 περὶ
1633 2597 1699 2647 τὰ

124 2673 423 2754 δικαιώματα
450 2690 551 2735 τοῦ
611 2690 742 2737 Θεοῦ
796 2684 1086 2759 νωθρότετα
1141 2702 1231 2734 και
1285 2683 1551 2758 ὁκνηρίαν·
1607 2689 1697 2737 καὶ

123 2765 194 2818 ἐὰν
264 2770 678 2849 πληροφορηθῇ,
747 2773 824 2825 ὅτι
884 2775 913 2831 ἡ
980 2770 1150 2831 ἐντολή
1216 2779 1309 2824 τοῦ
1374 2781 1507 2826 Θεοῦ
1584 2772 1690 2836 ζωὴ

117 2855 292 2922 αἰώνιός
345 2859 480 2933 ἐστι,
541 2867 630 2914 καὶ
680 2864 850 2916 πάντα
903 2863 971 2915 τὰ
1022 2859 1379 2936 ἐπηγγελμένα
1430 2869 1537 2926 τοῖς
1592 2884 1693 2936 φυ-

116 2944 370 3003 λάσσουσιν
417 2951 592 3010 αὐτὴν
640 2949 830 3020 ἀληθῆ,
880 2953 1230 3027 κατορθοῦται
1286 2950 1427 3024 αὐτῷ
1475 2954 1504 3010 ἡ
1566 2949 1692 3006 διά-

1252 249 1555 307 BEGULE
1596 247 1891 307 BREVIUS
1929 249 2333 315 ἸἮΑΟΤΑΤᾸΞ.

1737 378 1784 430 Α

3334 282 3468 336 1198

2235 383 2748 448 INTERROGATIO
2798 395 3061 452 CLXXIII.

1839 465 1939 520 An
1969 465 2174 526 deceat
2207 477 2471 543 tempore
2514 481 2882 553 psalmodiae,
2917 501 3050 555 quae
3087 488 3152 544 in
3181 489 3355 547 domo
3380 495 3471 566 ﬁt,

2283 565 2587 637 colloquia
2619 571 2830 642 aliqua
2855 575 2996 641 ﬁeri

2428 656 2838 718 RESPONSIO.

1889 736 2015 792 Non
2041 743 2297 810 oportet,
2323 746 2588 817 exceptis
2611 747 2680 803 iis
2708 765 2969 822 quorum
2994 771 3221 814 munus
3248 765 3306 818 et
3324 778 3472 823 cura

1817 827 1908 921 est
1935 823 2269 921 disciplinae
2301 835 2357 887 et
2397 848 2652 905 operum
2697 839 3101 901 distributioni
3127 849 3464 921 providere,

1817 910 2000 986 idque
2021 914 2223 989 aliqua
2247 935 2309 976 re
2352 927 2690 983 necessaria
2710 938 2984 1001 urgente;
3009 941 3066 992 et
3093 910 3288 1012 neque
3320 945 3467 1000 tunc

1812 1003 2273 1076 inconsiderate,
2324 1014 2430 1068 sed
2456 1014 2660 1074 habita
2685 1021 2917 1078 ratione
2943 1031 3000 1080 et
3027 1025 3162 1094 loci,
3189 1003 3249 1086 et
3293 1032 3466 1089 disci-

1812 1093 2015 1186 plinae,
2045 1102 2101 1152 et
2121 1101 2433 1168 gravitatis
2455 1111 2511 1160 et
2535 1109 2827 1180 scandali,
2857 1116 3026 1186 quod
3048 1093 3218 1176 vitari
3237 1121 3416 1180 debet
3449 1142 3462 1180 :

1811 1184 2054 1258 reliquis
2131 1191 2416 1247 omnibus
2467 1184 3000 1261 necessarium'est
3039 1207 3360 1269 silentium.
3409 1215 3466 1270 Si

1813 1275 1973 1330 enim
2004 1277 2139 1350 ipso
2169 1278 2463 1352 loquendi
2490 1289 2844 1358 tempore,et
2873 1309 2942 1348 ex
2968 1294 3037 1350 iis
3061 1296 3208 1368 ipsis
3240 1301 3462 1372 quibus

1811 1366 2224 1423 concreditum
2249 1377 2336 1425 est
2356 1388 2578 1430 munus
2597 1375 2875 1453 docendi,
2893 1383 3056 1453 prior
3072 1366 3466 1460 silereiussus

1812 1459 1922 1525 est,
1952 1456 2008 1510 si
2031 1457 2145 1512 alii
2173 1460 2504 1517 revelatum
2525 1466 2716 1534 fuerit
2741 1471 2809 1535 6‘,
2832 1479 3062 1544 quanto
3095 1456 3288 1546 magis
3309 1481 3467 1550 psal-

1812 1540 2032 1596 modiae
2088 1548 2352 1616 tempore
2407 1547 2711 1624 silentium
2764 1540 3012 1627 pri—vatis
3060 1540 3465 1622 necessarium

1814 1633 1906 1685 est
1927 1628 1954 1684 ?

2233 1723 2748 1789 INTERROGATIO
2790 1737 3052 1797 CLXXIV.

1816 1809 2114 1876 Quomodo
2140 1815 2328 1893 possit
2367 1819 2503 1893 quis
2548 1834 2624 1876 ex
2653 1824 2853 1879 animo
2901 1833 2956 1881 et
2987 1843 3120 1884 cum
3143 1832 3466 1893 alacritate

2200 1886 2444 1943 Domini
2472 1895 2719 1962 exsequi
2756 1898 3065 1955 mandata.

2411 1979 2820 2039 RESPONSIO.

1882 2063 2369 2136 Experimentum
2397 2067 2683 2138 jucunda:
2717 2077 2772 2126 et
2803 2073 2960 2130 utilis
2987 2077 3092 2149 rei,
3127 2083 3183 2135 et
3206 2079 3338 2153 ipsa
3367 2099 3459 2139 re-

1806 2167 1942 2207 rum
1969 2153 2321 2224 hujusmodi
2367 2160 2733 2229 exspectatio
2793 2162 3064 2222 animum
3113 2171 3464 2230 naturaliter

1808 2245 2008 2297 movet
2050 2243 2127 2299 ad
2175 2243 2236 2299 id
2289 2244 2666 2318 diligendum
2706 2255 3362 2328 etconcupiscendum.
3407 2263 3466 2320 Si

1809 2331 2148 2404 quisigitur
2177 2332 2318 2390 odio
2348 2333 2626 2394 habuerit
2663 2343 2720 2394 et
2740 2339 3126 2400 abominatus
3159 2347 3330 2405 fuerit
3358 2350 3468 2406 ini-

1806 2419 2101 2492 quitatem
2123 2419 2192 2489 ",
2225 2438 2535 2497 purusque
2566 2425 2741 2484 fuerit
2770 2428 2845 2485 ab
2867 2433 3032 2488 omni
3063 2441 3335 2508 peccato,
3359 2455 3468 2512 per

1806 2506 1996 2581 quod,
2027 2511 2551 2582 quemadmodum
2593 2530 2700 2587 per
2747 2518 3031 2578 morbum
3060 2506 3306 2582 Satietas
3348 2506 3466 2587 cibi

1806 2602 1987 2671 atque
2012 2598 2322 2657 fastidium
2343 2603 2655 2674 contingit,
2682 2606 2842 2664 sicin
2873 2610 3077 2668 animo
3099 2615 3280 2671 etiam
3308 2618 3466 2676 circa

1807 2689 1905 2744 Dei
1918 2688 2378 2760 justiﬁcationes
2405 2695 2689 2764 segnities
2707 2701 2762 2753 et
2782 2697 3022 2770 pigritia
3041 2702 3100 2756 in
3109 2712 3460 2774 generatur:

1806 2777 1856 2832 si
1885 2783 2176 2850 praeterea
2221 2783 2709 2841 constantissime
2741 2787 3058 2847 crediderit
3095 2793 3458 2854 mandatum

1803 2867 1905 2923 Dei
1935 2869 2121 2924 vitam
2147 2875 2436 2927 aeternam
2483 2887 2632 2940 esse,
2677 2876 3006 2950 omniaque
3033 2884 3352 2954 promissa,
3384 2885 3458 2943 iis

1801 2956 1907 3030 qui
1932 2957 1995 3014 id
2028 2963 2292 3024 servant,
2318 2967 2482 3019 certa
2503 2978 2632 3019 esse
2653 2969 2710 3021 et
2729 2982 2893 3034 vera,
2912 2969 2963 3024 is
2984 2969 3242 3029 afﬁcitur
3260 2977 3461 3048 perin-

115 3033 230 3101 θεσίς
281 3047 369 3093 τοῦ
426 3041 685 3105 εἰπόντος’
738 3044 816 3094 Τά
885 3045 1116 3115 κρίματα
1174 3043 1368 3114 Κυρίου
1450 3039 1688 3112 ἀληθινὰ,

125 3120 196 3140 ι.
395 3135 403 3140 .
551 3129 618 3140 ..
730 3135 738 3140 .
862 3131 875 3140 .
927 3137 934 3140 .
1033 3129 1044 3140 .
1124 3133 1141 3140 -
1301 3133 1312 3140 .
1386 3129 1400 3140 .
1451 3134 1459 3140 .

1813 3045 1875 3102 ie
1901 3051 2082 3120 atque
2111 3047 2228 3119 ille,
2256 3049 2359 3122 qui
2379 3050 2553 3106 dicit:
2581 3054 2824 3112 Judicia
2844 3033 3088 3114 Domini
3111 3033 3451 3132 vera:justi-

117 3120 468 3204 δεδικαιωμένα
545 3129 626 3183 ἐπὶ
688 3135 747 3184 τὸ
814 3131 960 3184 αὐτὸ·
1027 3129 1326 3205 ἐπιθυμητὰ
1379 3129 1502 3207 ὑπὲρ
1543 3152 1688 3206 χρυ-

116 3218 205 3268 σίον
276 3225 363 3273 καὶ
448 3220 600 3274 λίθον
681 3223 852 3293 τίμιον
967 3221 1144 3288 πολὺν,
1231 3222 1321 3271 καὶ
1398 3219 1690 3297 γλυκύτερα

111 3302 215 3378 ὑπὲρ
262 3308 375 3382 μέλι
428 3314 530 3363 καὶ
581 3314 782 3384 κηρίονο
832 3315 932 3364 Καὶ
980 3312 1080 3385 γὰρ
1137 3311 1163 3362 6
1230 3304 1417 3370 δοῦλος
1474 3329 1568 3363 σου
1595 3333 1690 3384 φυ-

111 3390 267 3450 λάσσει
317 3399 488 3453 αὗταο
557 3396 606 3452 ἓν
653 3408 725 3472 τῷ
776 3398 1090 3472 φυλλάσσειν
1145 3402 1280 3457 αὐτά
1336 3399 1689 3470 ἀντ-ἀπόδοσις

111 3481 240 3544 πολλή
249 3528 263 3541 .

611 3585 924 3633 ΕΡΟΤΗΣῙΣ
953 3587 1078 3634 POE
1105 3623 1121 3640 .

108 3667 206 3727 Πῶς
258 3671 493 3740 φαίνεται
552 3667 578 3721 6
622 3665 832 3742 ἀγαπῶν
880 3674 966 3724 τὸν
1023 3667 1243 3746 ἀδελφὸν
1289 3676 1424 3726 κατά
1469 3678 1563 3734 τὴν
1607 3670 1689 3727 ἕν·-

167 3754 306 3816 τολὴν
377 3767 472 3812 τοῦ
562 3765 777 3833 Κυριου·
837 3765 928 3812 καὶ
1000 3770 1110 3826 πῶς
1179 3762 1448 3836 ἐλέγχεται
1523 3765 1549 3816 6
1613 3769 1686 3838 μὴ

166 3844 314 3910 οὕτως
345 3844 590 3922 ἀγαπῶν.

691 3943 1063 3996 ΔΙΙΟΚΡΙΣΙΣ.

159 4029 254 4086 Τῆς
304 4024 519 4100 ἀγάπης
567 4025 806 4104 ἐξαίρετα
876 4025 974 4083 δύο
1033 4039 1220 4086 ταῦτα·
1275 4035 1334 4086 τὸ
1409 4031 1688 4087 λυπεσθίαι

101 4113 175 4179 μευ
215 4121 302 4168 καὶ
350 4116 584 4192 ἀγωνιᾲν
633 4116 708 4190 ἐφ’
761 4117 837 4182 οἶς
895 4116 1184 4192 βλάπτεται
1237 4125 1262 4175 6
1291 4121 1628 4199 ἀγαπώμενος
1671 4145 1684 4158 ·

105 4209 292 4277 χαίρειν
353 4204 414 4262 δὴ
473 4214 568 4262 καὶ
627 4207 980 4282 ἀγωνίζεσθαι
1023 4215 1149 4288 ὑπὶρ
1204 4223 1299 4275 τῆς
1321 4214 1563 4288 ὡφελείας
1589 4215 1687 4268 αῦ-

105 4300 202 4343 τοῦο
253 4301 534 4373 Μακάριος
592 4298 681 4350 οὖν
733 4300 759 4351 6
815 4301 1009 4352 πενθῶν
1075 4299 1158 4355 ἐπὶ
1213 4311 1283 4373 τῷ
1319 4304 1686 4378 ἁμαρτάνοντι,

102 4381 152 4431 οὗ
178 4384 201 4435 6
243 4384 485 4450 κίνδυνος
539 4387 755 4465 φοϐερός
788 4407 800 4420 ·
847 4395 938 4444 καὶ
986 4396 1192 4467 χαίρων
1241 4394 1366 4467 ὑπὲρ
1419 4403 1509 4446 τοῦ
1557 4415 1688 4448 κατ-

99 4473 366 4543 ορθοῦντος,
415 4479 480 4530 οὗ
534 4481 596 4530 τὸ
650 4475 836 4554 κέρδος
883 4479 1220 4557 ἀσύγκριτον,
1281 4484 1449 4544 καθὼς
1493 4490 1689 4561 γέγρα-

94 4577 238 4648 ⁹πται·
289 4571 572 4644 Μαρτυρεῖ
625 4564 684 4622 δι
741 4574 830 4622 καὶ
887 4571 1138 4633 Παῦλοςὸ
1195 4571 1478 4637 ὀπόστολος
1533 4574 1690 4648 λέγων

121 4653 213 4702 Εὰν
305 4659 505 4730 πάσχῃ
616 4656 663 4710 ἓν
727 4658 893 4730 μέλος,
979 4663 1292 4734 συμπάσχει
1373 4664 1542 4716 πάντα
1627 4667 1693 4718 τὰ

92 4739 224 4810 μελε,
285 4748 426 4799 κατά
469 4746 630 4818 λόγον
678 4750 885 4811 πάντως
936 4757 1030 4812 τῆς
1091 4749 1139 4802 ἐν
1181 4759 1395 4828 Χριστῷ
1438 4751 1647 4826 ἀγάπης
1675 4776 1688 4789 ’

95 4834 182 4882 Καὶ
237 4832 322 4886 ἐὰν
384 4833 692 4900 δοξάζηται
749 4837 798 4891 ἓν
838 4838 1005 4911 μέλος,
1055 4843 1191 4893 κατά
1234 4847 1426 4895 σκοπὸν
1450 4840 1692 4902 δηλονότι

87 4925 163 4978 τες
230 4929 364 4998 πρὸς
427 4929 571 4980 Θεὸν
658 4927 1083 5004 εὐαρεστήσεως,
1167 4936 1454 5006 συγχαίρει
1523 4936 1693 4988 πάντα

1795 3136 1981 3204 ﬁcata
2003 3139 2065 3193 in
2096 3137 2389 3208 idipsum:
2439 3140 2867 3201 desiderabilia
2921 3161 3105 3217 super
3132 3165 3349 3208 aurum
3394 3159 3450 3211 et

1801 3224 2058 3296 lapidem
2081 3230 2408 3297 pretiosum
2431 3231 2704 3298 multum,
2732 3239 2788 3289 et
2813 3233 3093 3294 dulciora
3123 3255 3304 3310 super
3331 3245 3451 3300 mel

1799 3319 1855 3372 et
1878 3316 2113 3387 favum.
2156 3318 2392 3375 Etenim
2423 3335 2629 3377 servus
2651 3329 2788 3378 tuus
2819 3327 3078 3384 custodit
3098 3343 3194 3386 ea:
3218 3331 3280 3387 in
3313 3349 3451 3390 cus-

1801 3405 2094 3463 todiendis
2119 3408 2243 3464 illis
2273 3410 2586 3466 retributio
2617 3413 2810 3470 multa
2827 3413 2896 3473 ⁸³.

2118 3585 2298 3662 474
2329 3587 3125 3668 INTERROGATIQCLXXV.

1801 3673 2102 3742 Quomodo
2124 3685 2349 3735 constet
2365 3681 2622 3751 fratrem
2650 3681 2725 3739 ab
2742 3684 2947 3757 aliquo
2975 3689 3176 3744 amari
3192 3706 3267 3748 ex
3284 3707 3448 3748 man-

1869 3767 2013 3823 dato
2059 3769 2340 3827 Domini:
2399 3775 2452 3826 et
2519 3772 2811 3843 quomodo
2854 3778 3252 3835 convincatur
3325 3797 3447 3838 non

1868 3857 1957 3913 ita
1987 3855 2261 3929 diligere.

2413 3951 2681 4008 RESPON
2691 3952 2820 4010 SIO.

1870 4034 2211 4093 Dilectionis
2234 4036 2370 4095 dua:
2408 4045 2550 4096 sunt
2597 4039 2766 4099 dotes
2787 4045 3129 4120 praecipuae,
3156 4047 3358 4109 dolere
3390 4058 3448 4110 et

1798 4125 2115 4182 sollicitum
2137 4143 2268 4183 esse
2293 4125 2368 4206 de
2389 4127 2612 4202 quibus
2631 4131 2865 4189 laeditur
2885 4135 2988 4207 qui
3002 4143 3242 4197 amatur
3264 4159 3276 4198 :
3302 4157 3448 4212 gau-

1797 4214 1938 4271 dere
1986 4221 2197 4274 contra
2240 4223 2298 4274 et
2325 4219 2662 4278 allaborare
2717 4239 2828 4296 pro
2858 4225 3049 4297 ipsius
3080 4231 3445 4290 commodis.

1799 4307 2011 4362 Beatus
2064 4307 2247 4378 igitur
2301 4309 2576 4383 quisquis
2604 4310 2766 4382 luget
2799 4320 3045 4387 propter
3072 4331 3446 4392 peccantem,

1799 4397 1970 4468 cujus
1994 4397 2328 4470 periculum
2353 4399 2809 4459 formidandum
2830 4411 2919 4461 est
2951 4422 2963 4459 :
2993 4406 3258 4482 itemque
3288 4414 3450 4486 quis-

1800 4487 1937 4558 quis
1963 4488 2044 4543 ob
2075 4493 2234 4544 recte
2265 4489 2584 4546 facientem
2601 4493 2846 4565 gaudet,
2879 4495 3055 4567 cujus
3099 4497 3268 4556 lucro
3298 4503 3450 4560 nihil

1801 4580 1996 4650 potest
2023 4577 2297 4646 conferri,
2329 4578 2483 4636 sicut
2512 4583 2801 4654 scriptum
2855 4590 2966 4643 est.
3026 4585 3179 4653 Quin
3202 4594 3258 4647 et
3302 4591 3451 4651 illud

1801 4666 1980 4722 etiam
2004 4666 2225 4724 Paulus
2257 4669 2567 4742 apostolus
2605 4675 2880 4743 testatur,
2909 4689 3047 4732 cum
3078 4678 3226 4735 ait“
3256 4681 3326 4738 Si
3345 4698 3454 4754 pa-

1802 4759 1954 4813 titur
1973 4774 2158 4814 unum
2187 4760 2539 4829 membrum,
2564 4770 3018 4833 compatiuntur
3041 4773 3244 4826 omnia
3272 4787 3450 4829 mem-

1804 4845 1934 4913 bra,
1967 4853 2207 4904 servata
2258 4850 2464 4923 utique
2491 4853 2721 4908 ratione
2765 4858 2920 4925 ejus,
2952 4871 3088 4928 quin
3116 4858 3177 4912 in
3218 4859 3448 4917 Christo

1801 4941 1909 5006 est,
1941 4935 2241 4994 charitatis
2282 4937 2359 4995 Et
2404 4941 2458 4995 si
2509 4943 2708 5013 gloria
2736 4943 3006 5012 afﬁcitur
3032 4957 3218 5001 unum
3272 4961 3450 5003 mem-

145 5170 182 5212 ⁶¹
224 5172 244 5229 ι
274 5173 410 5232 Cor.
446 5190 577 5245 xiv,
618 5178 710 5234 30.
753 5177 802 5213 δ’
841 5176 1004 5235 Psal.
1038 5193 1231 5252 cxvm,
1275 5183 1399 5238 163.
1441 5183 1490 5230 σε
1529 5183 1691 5241 Psal.

1813 5202 1886 5256 m,
1933 5191 2018 5254 10,
2065 5192 2152 5246 l2.
2195 5189 2243 5226 ⁸⁸
2283 5191 2304 5246 l
2343 5193 2474 5246 Cor.
2506 5205 2607 5260 xu,
2637 5192 2726 5246 26.

151 5405 261 5471 (‘37)
315 5409 471 5485 Heg,
492 5407 734 5480 primus
765 5412 822 5467 et
841 5410 1027 5485 VOS}._
1051 5415 1142 5465 καὶ
1168 5415 1254 5470 τὴν
1277 5410 1574 5485 οἰκονομίαν
1603 5422 1702 5467 τῶν

89 5473 270 5557 ῖργωνλ
283 5473 751 5557 Alii'd§o_mss.
781 5487 838 5538 et
891 5482 1032 5538 editi
1058 5488 1148 5557 καὶ
1172 5493 1263 5545 τῆς
1284 5473 1584 5557 οἰκονομίας
1612 5491 1702 5539 καὶ

89 5552 197 5602 τῶν.
230 5548 439 5608 Codex
475 5549 678 5621 Colb.,
709 5568 894 5626 quem
918 5555 1246 5628 sequimur,
1265 5548 1558 5628 οἰκονομίας
1578 5564 1696 5614 τῶν.

1811 5418 2086 5506 Moxnduo
2125 5436 2272 5501 mss:
2305 5423 2362 5506 et
2389 5421 2630 5506 vestri:
2640 5441 2661 5484 ς
2689 5425 3115 5506 κατεπειγούσης,

1885 5493 1998 5565 (28)
2028 5491 2271 5565 Antiqui
2292 5489 2415 5565 duo
2440 5489 2577 5547 libri
2609 5491 2871 5565 ἀναγκαία
2900 5489 3061 5552 ἐστίν.

1884 5564 1998 5633 (2Q)
2029 5561 2231 5619 Codex
2252 5561 2487 5620 ϐουλτά
2519 5561 2758 5636 σώματα.
