4086 6186
574 313 706 366 1203

1923 306 1978 361 S.
2022 301 2272 360 BASILII
2314 302 2534 360 MAGNI

3787 309 3925 362 1205

565 432 778 488 bonam
809 431 1177 488 voluntatem
1209 429 1515 487 Christum
1532 428 1872 498 praedicant
1889 429 1960 483 ⁷⁸.
1982 425 2217 492 Quibus

2349 430 2464 487 τινες
2512 424 2571 481 δε
2612 433 2701 480 καὶ
2754 425 2829 480 δι’
2867 423 3108 480 εὐδοκίαν
3156 429 3243 480 τὸν
3275 429 3505 498 Χριστὸν
3536 431 3936 498 κηρύσσουσιν.

564 521 749 592 paulo
767 524 902 591 post
918 521 1044 576 hac
1063 518 1404 588 subjungit:
1438 519 1856 575 Verumtamen
1873 515 2032 588 quod
2052 515 2221 572 omni

565 610 760 674 modo,
779 609 900 665 sive
920 611 1242 677 occasione,
1267 609 1392 665 sive
1409 607 1658 666 veritate
1678 599 1955 664 Christus
1977 619 2222 664 annun-

568 701 772 768 tietur,
805 704 860 756 et
887 699 951 754 in
982 699 1092 755 hoc
1121 698 1354 769 gaudeo
1382 700 1456 757 7°.

997 789 1510 846 INTERROGATIO
1562 789 1796 845 CLXXX.

575 877 698 946 Quo
720 878 922 934 animo
947 882 1001 933 et
1020 893 1143 949 qua
1161 879 1489 935 attentione
1514 892 1583 933 ea
1603 875 1906 934 audienda
1934 875 2054 933 sint
2075 888 2228 947 quae,

839 967 1011 1024 nobis
1037 967 1236 1026 cibum
1255 966 1621 1024 sumcntibus
1653 967 1962 1036 leguntur.

1201 1144 1611 1202 RESPONSIO.

648 1235 962 1308 Voluptate
981 1234 1210 1305 majore
1227 1249 1419 1306 quam
1435 1251 1561 1307 qua
1578 1234 1820 1290 edimus
1845 1249 1914 1290 ac
1933 1232 2227 1300 bibimus,

577 1329 640 1380 ut
661 1340 831 1380 mens
852 1324 1124 1380 videatur
1144 1339 1266 1379 non
1288 1323 1541 1379 distrahi
1563 1323 1640 1380 ad
1663 1323 1933 1396 corporis
1958 1322 2232 1395 volupta-

576 1418 708 1468 tes:
755 1412 858 1467 sed
909 1413 1110 1484 potius
1153 1412 1436 1469 delectari
1482 1413 1675 1483 magis
1720 1413 1916 1469 verbis
1971 1411 2228 1480 Domini,

573 1501 1098 1574 quemadmodum
1119 1502 1370 1560 affectus
1387 1507 1514 1560 erat
1528 1503 1631 1576 qui
1652 1503 1826 1560 dixit:
1851 1503 1930 1559 Et
1951 1503 2231 1559 dulciora

571 1604 753 1659 super
777 1593 894 1648 mel
924 1596 981 1647 et
1004 1593 1221 1661 favum
1240 1593 1307 1648 ⁸ο.

989 1683 1510 1754 ΙΝΤΕΒΗΟΕΛἸἸΟ
1551 1685 1812 1740 CLXXXI.

2334 513 2427 577 Οἷς
2469 515 2696 592 ἐπιφέρει
2741 517 2849 589 μετ’
2897 517 3067 588 ὀλίγα.
3109 515 3246 574 Πλὴν
3290 518 3370 570 ὅτι
3400 524 3553 570 παντὶ
3591 522 3792 594 τρόπῳ,
3827 523 3930 572 εἶτε

2331 608 2591 679 προφάσει
2621 609 2719 660 εἴτε
2743 604 2979 678 ἀληθείᾳ,
3028 608 3261 679 Χριστὸς
3311 605 3733 678 καταγγέλλεται,
3765 612 3862 662 καὶ
3888 606 3937 660 ἐν

2335 698 2501 767 τούτῳ
2534 701 2730 769 χαίρω.

2904 791 3218 840 ΕΡΩἸῊΣΙΣ
3238 782 3360 839 ΡῐΓ.

2337 878 2482 930 Μετὰ
2532 884 2765 937 ποταπῆς
2825 871 3107 935 διαθέσεως
3172 879 3262 926 κεί
3317 882 3598 949 προσοχῆς
3663 872 3936 948 ὀφείλομεν

2410 964 2614 1020 ἀκούειν
2651 974 2749 1018 τῶν
2797 963 2846 1018 ἄν
2874 972 2947 1036 τῷ
2993 973 3159 1040 καιρῷ
3197 972 3294 1026 τῆς
3329 961 3667 1036 μεταλήψεως
3703 983 3945 1040 παρανα-

2409 1059 2801 1129 γινωσκομένων
2842 1056 2967 1128 ἡμῖν
2980 1096 2994 1110 .

2957 1147 3329 1198 ΑΠΟΚΡῙΣῘΣ.

2410 1239 2802 1310 ῐιερισσοτίρως
2830 1235 2861 1294 ἦ
2912 1233 3027 1305 (44)
3048 1233 3161 1306 μεθ’
3187 1234 3296 1293 οἵας
3333 1228 3532 1294 ἡδονῆς
3569 1229 3818 1305 ἐσθίομεν
3847 1237 3944 1285 καὶ

2336 1329 2565 1397 πίνομεν,
2601 1325 2683 1376 ἵνα
2712 1321 2907 1396 δειχθῇ
2940 1324 2965 1374 ὁ
2995 1341 3115 1385 νους
3156 1327 3228 1395 μὴ
3273 1322 3704 1395 μετεωριζόμενος
3745 1322 3824 1384 είς
3854 1326 3950 1384 τὰς

2337 1433 2428 1468 του
2483 1420 2718 1487 σώματος
2768 1409 2981 1475 ἡδονάςο
3030 1411 3473 1488 ἕνευφραινόμενος
3517 1408 3577 1464 δε
3617 1411 3771 1464 πλέον
3835 1420 3948 1472 τοίς

2338 1524 2429 1557 του
2481 1509 2676 1578 Κυρίου
2710 1503 2935 1576 ῥήμασι,
2978 1504 3117 1555 κατὰ
3145 1507 3238 1560 την
3270 1497 3510 1555 διάθεσιν
3547 1520 3640 1554 του
3681 1501 3944 1564 εἰπόντος·

2343 1599 2442 1649 Καὶ
2469 1595 2760 1667 γλυκύτερα
2788 1594 2915 1668 ὑπὲρ
2946 1591 3062 1666 μέλι
3091 1597 3180 1644 καὶ
3204 1596 3407 1664 κηρίον.

2881 1687 3195 1736 ΕΡΩΤΗΣΙΣ
3222 1679 3387 1736 ΡΠΑ’.

575 1769 646 1825 Si
658 1769 926 1840 quaedam
944 1769 1216 1838 fratrum
1232 1772 1478 1828 societas
1491 1771 1724 1841 fuerint
1738 1773 1898 1828 inter
1913 1787 1975 1828 se
1993 1771 2226 1841 vicina,

2349 1777 2460 1828 Ἐὰν
2509 1772 2635 1827 ὦσιν
2683 1770 3022 1845 ἆδελφότητες
3067 1772 3288 1830 πλησίον
3343 1769 3590 1838 ἀλλήλων,
3637 1776 3728 1824 καὶ
3775 1772 3809 1831 ἡ
3854 1774 3946 1845 μὶν

649 1863 704 1914 et
716 1874 838 1915 una
850 1865 1107 1929 egestate
1121 1862 1179 1916 la
1189 1861 1574 1933 boret,altera
1593 1877 1731 1918 vero
1749 1862 1830 1918 ad
1851 1861 2231 1933 largiendum

647 1949 722 2005 sit
743 1951 973 2006 arctior
999 1950 1448 2023 difﬁciliorque,
1479 1953 1770 2026 quomodo
1799 1953 2035 2023 inopem
2065 1951 2238 2023 afﬁci

649 2045 881 2110 oportet
908 2055 1055 2112 erga
1087 2046 1373 2099 tenacem.

1203 2132 1606 2190 RESPONSIO.

649 2219 761 2286 Qui
787 2219 981 2277 edocti
1009 2225 1148 2278 sunt
1176 2221 1266 2277 vel
1297 2222 1495 2294 ipsam
1526 2222 1795 2280 animam
1826 2223 1886 2279 in
1909 2222 2232 2280 dilectione

578 2309 790 2365 Christi
817 2323 926 2380 pro
958 2325 1020 2364 se
1039 2310 1298 2366 invicem
1328 2312 1896 2384 ponere,quomodo
1927 2328 2130 2368 rerum
2153 2313 2232 2369 ad

575 2413 797 2470 corpus
819 2399 1244 2470 pertinentium
1262 2401 1430 2472 parci
1451 2417 1580 2457 esse
1603 2402 1901 2472 possunt?
1916 2405 2232 2474 Tanquam

577 2486 626 2542 si
650 2486 819 2543 obliti
848 2488 966 2544 sint
991 2489 1255 2562 ejus,qui
1302 2490 1488 2547 dixit:
1523 2493 1789 2560 Esurivi,
1833 2498 1889 2549 et
1914 2509 2035 2549 non
2063 2492 2230 2549 dedi-

575 2577 682 2631 stis
705 2577 856 2632 mihi
880 2579 1250 2636 manducare
1270 2581 1456 2645 ",etc.
1484 2581 1659 2647 Quod
1682 2581 1729 2636 si
1758 2581 1874 2638 hoc
1895 2582 2229 2654 contigerit,

576 2683 753 2739 aequo
781 2669 987 2724 animo
1017 2668 1168 2724 ferre
1217 2670 1568 2743 debent,qui
1591 2672 1652 2727 in
1702 2677 1960 2744 egestate
1984 2688 2230 2728 versan-

577 2760 708 2812 tur:
741 2761 799 2812 et
836 2759 1446 2817 Lazarumimitantes
1476 2762 1883 2834 persuadeant
1908 2761 2040 2830 sibi,
2076 2777 2138 2818 se
2168 2761 2231 2817 in

576 2843 775 2902 futuro
803 2847 1022 2904 smculo
1052 2849 1527 2906 consolationem
1556 2851 1927 2908 inventuros.

982 2939 1501 2997 INTERROGATIO
1544 2943 1833 3001 CLXXXII.

577 3023 677 3081 Ea:
705 3025 1237 3096 quibusfructibus
1271 3029 1530 3100 probari
1577 3030 2236 3103 (lebet,quimisericor-

686 3115 801 3172 dim
829 3117 1093 3187 impulsu
1126 3127 1473 3190 peccantem
1503 3122 1760 3191 fratrem
1792 3122 2129 3195 redarguit.

1210 3211 1620 3267 RESPONSIO.

656 3295 920 3352 Primum
951 3299 1200 3371 quidem
1231 3315 1300 3356 ex
1334 3301 1651 3374 prmcipuis
1683 3301 2112 3358 misericordiae
2136 3316 2235 3356 ar-

583 3386 1079 3457 gumentis,juxta
1109 3388 1170 3443 id
1199 3389 1365 3462 quod
1397 3390 1476 3445 ab
1503 3391 1791 3464 Apostolo
1831 3391 2058 3446 dictum
2108 3396 2195 3446 est
2220 3407 2232 3444 :

579 3472 650 3528 Si
668 3475 907 3541 patitur
934 3492 1118 3534 unum
1157 3479 1506 3545 membrum,
1549 3481 2006 3550 compatiuntur
2034 3481 2234 3536 omnia

578 3561 846 3620 membra
868 3565 914 3599 ⁸³
940 3583 953 3633 ;
983 3571 1070 3622 et:
1118 3568 1256 3634 Quis
1304 3570 1783 3640 scandalizatur,
1825 3576 1882 3626 et
1922 3568 2093 3642 477
2129 3584 2233 3640 ego

577 3668 698 3708 non
717 3669 863 3710 uror
883 3655 930 3690 ⁸³
949 3658 977 3713 ‘2
996 3656 1214 3714 deinde
1234 3661 1448 3725 vero,si
1477 3675 1686 3732 parem
1715 3659 1789 3714 de
1811 3658 2081 3732 quolibet
2101 3676 2234 3732 pec-

571 3749 707 3800 cato
739 3746 996 3819 accipiat
1026 3747 1386 3816 dolorem,et
1411 3766 1484 3806 ex
1503 3749 2035 3822 quibuslibet,sive
2057 3751 2119 3806 in
2145 3766 2228 3821 se,

575 3833 700 3890 sive
731 3835 791 3891 in
821 3835 1007 3892 alium
1039 3839 1458 3910 peccantibus,
1485 3839 1660 3895 simili
1707 3838 1944 3895 tristitia
1970 3855 2040 3895 ac
2064 3839 2230 3896 luctu

570 3924 1151 4000 afﬁciatur,denique
1173 3928 1220 3983 si
1251 3929 1672 4002 redarguendo
1716 3931 2003 3988 traditum
2056 3948 2092 3989 a
2121 3934 2231 3990 Do-

567 4015 734 4071 mino
763 4015 1021 4072 modum
1048 4032 1173 4074 non
1205 4023 1580 4090 corrumpat.
1939 4005 1959 4018 ’

961 4105 1471 4161 INTERROGATIO
1516 4106 1831 4163 CLXXXIII.

565 4189 636 4246 Si
662 4191 967 4262 contingat
992 4192 1324 4264 aliquando
1352 4202 1413 4249 ut
1442 4195 1642 4266 aliqui
1669 4196 1729 4250 in
1754 4195 2034 4266 fratrum
2083 4212 2225 4254 con-

636 4288 816 4337 ventu
850 4285 1110 4340 viventes
1165 4284 1496 4342 dissideant
1544 4288 1704 4343 inter
1732 4302 1873 4356 sese,
1907 4303 1988 4345 an
2026 4294 2223 4345 tutum

630 4371 708 4426 sit
736 4371 1055 4429 charitatis
1076 4377 1282 4444 gratia
1305 4376 1528 4432 talibus
1560 4377 1868 4434 assentiri.

1195 4466 1588 4522 RESPONSIO

635 4547 784 4602 Cum
818 4549 1108 4606 Dominus
1135 4551 1352 4609 dixerit
1377 4571 1390 4609 :
1411 4556 1815 4626 Da,Pater,ut
1851 4555 2007 4611 sicut
2033 4570 2140 4628 ego
2166 4561 2222 4612 et

565 4639 630 4688 tu
653 4649 843 4692 unum
872 4653 1093 4709 sumus,
1129 4641 1214 4696 sic
1243 4647 1298 4697 et
1329 4642 1447 4710 ipsi
1487 4658 1674 4699 unum
1705 4646 1826 4699 sint
1853 4645 1915 4700 in
1957 4645 2127 4701 nobis
2148 4645 2218 4715 ³⁸,

560 4722 824 4797 itemque
850 4727 1170 4800 Apostolus
1193 4730 1499 4802 scripserit
1523 4749 1536 4786 :
1568 4733 2073 4803 Unanimes,idem
2093 4750 2222 4790 sen-

563 4815 774 4874 tientes
805 4818 872 4889 ⁸⁵,
897 4817 1103 4875 itidem
1124 4835 1264 4876 cum
1290 4827 1569 4878 narretur
1591 4823 1654 4879 in
1674 4823 1830 4880 Actis
1851 4823 2001 4882 illud
2025 4842 2038 4881 :
2065 4827 2220 4882 Erat

2411 1867 2684 1936 πτωχεύῃ,
2727 1865 2759 1922 ἡ
2817 1859 2877 1916 δε
2919 1863 3068 1938 ἑτέρα
3095 1867 3214 1937 περὶ
3251 1865 3345 1920 τὴν
3370 1865 3640 1914 κοινωνίαν
3671 1858 3827 1934 δυσχ
3869 1881 3949 1936 sps

2417 1958 2594 2028 στίρα,
2642 1951 2694 2026 ᾖ,
2741 1961 2849 2014 πῶς
2893 1948 2976 2005 δεῖ
3020 1956 3115 2012 τήν
3157 1954 3537 2024 πτωχεύουσαν
3582 1955 3710 2026 πρὸς
3745 1956 3844 2011 τὸν
3873 1955 3945 2025 μὴ

2413 2040 2582 2118 μεταδ
2587 2040 2644 2097 ιδ
2647 2063 2808 2097 ουσαν
2838 2039 3173 2096 διατίθεσθαι
3201 2043 3341 2114 (45).

2958 2136 3332 2186 ΑΠΟΚΡΙΣΙΣ.

2414 2226 2480 2276 Οἱ
2519 2219 2864 2294 διδαχθέντες
2914 2219 2961 2272 ἓν
3012 2218 3189 2293 ἀγάπη
3235 2227 3472 2293 Χριστόν
3508 2238 3598 2272 και
3630 2223 3720 2278 τὴν
3750 2219 3935 2291 ψυχὴν

2341 2313 2502 2371 αὐτὴν
2550 2314 2746 2364 τιθέναι
2791 2313 2916 2384 ὑπὲρ
2967 2308 3196 2368 ἀλλήλων
3243 2318 3351 2371 πῶς
3396 2317 3495 2364 τῶν
3536 2314 3656 2384 περὶ
3698 2312 3755 2360 τό
3793 2318 3941 2380 σῶμα

2341 2404 2622 2476 φείσασθαι
2681 2398 2931 2455 δύνανται
2972 2417 2986 2468 ;
3035 2399 3234 2474 Ὥσπερ
3297 2397 3660 2470 ἕπιλαθομενοι
3714 2417 3809 2452 του
3878 2400 3941 2453 εἰ·

2341 2497 2542 2554 πόντος⁸
2614 2491 2912 2558 Ἐπείνασα,
2991 2493 3076 2542 καὶ
3134 2489 3229 2541 οὐκ
3293 2484 3523 2540 ἐδώκατέ
3584 2507 3675 2560 μοι
3738 2495 3936 2560 φαγεῖν,

2339 2585 2428 2633 καὶ
2485 2583 2549 2632 τὰ
2612 2579 2745 2643 ἑξῆς.
2797 2579 2914 2633 Ἐὰν
2971 2575 3031 2632 δὲ
3085 2582 3295 2651 γένηται
3357 2596 3532 2644 τουτο,
3583 2578 3939 2652 μακροθυμεῖν

2341 2676 2450 2744 χρὴ
2513 2674 2634 2732 τοὺς
2700 2672 3090 2741 πτωχεύοντας,
3159 2666 3208 2719 ἐν
3241 2666 3566 2741 πληροφορίᾳ
3609 2673 3704 2727 τῆς
3758 2665 3811 2718 ἓν
3872 2675 3938 2734 τῷ

2342 2759 2576 2832 μῦλοντι
2633 2759 2781 2812 αἰῶνι
2835 2757 3232 2832 παρακλήσεως,
3281 2760 3633 2830 μιμουμένους
3697 2759 3787 2807 τόν
3841 2756 3940 2809 Λά-

2345 2850 2522 2923 ζαρον.

2876 2943 3193 2992 EPQTHZIP
3241 2933 3407 2991 rnB'.

2346 3027 2434 3080 Ἐκ
2478 3032 2637 3081 ποίων
2685 3036 2896 3103 καρπῶν
2945 3024 3335 3100 δοκιμάζεσθαι
3387 3023 3577 3096 ὀφείλει
3643 3023 3671 3076 ὃ
3729 3031 3940 3098 συμπα-

2561 3120 2659 3180 θῶς
2703 3117 2929 3190 ἐλέγχων
2958 3121 3046 3170 τὸν
3086 3112 3306 3190 ἀδελφόν
3346 3112 3734 3188 ἁμαρτάνοντα.

2951 3209 3326 3263 ΑΠΟΚΡΙΣΙΣ.

2417 3304 2623 3372 Πρωτον
2681 3300 2771 3370 μὶν
2832 3295 2886 3348 ίκ
2940 3305 3038 3350 τῶν
3106 3294 3371 3370 ἔξαιρέτων
3436 3301 3528 3354 τῆς
3593 3293 3936 3365 συμπαθείας,

2343 3391 2478 3440 κατὰ
2523 3391 2580 3440 τὸ
2638 3386 2901 3462 εἰρημένον
2976 3387 3075 3438 ὑπὸ
3125 3404 3217 3437 του
3280 3381 3602 3436 Ἀποστόλον
3656 3383 3760 3449 ὅτι,
3834 3382 3940 3434 Ἐᾱτν

2342 3481 2530 3551 πάσχῃ
2589 3476 2636 3529 ἓν
2703 3476 2871 3548 μελος,
2936 3476 3250 3548 συμπάσχει
3299 3475 3470 3526 πάντα
3517 3473 3585 3524 τὰ
3631 3470 3762 3543 μέλη
3792 3490 3807 3504 ο
3855 3474 3936 3522 καὶ

2342 3571 2443 3637 ὅτι,
2494 3572 2586 3628 Τίς
2643 3562 3070 3626 σκανδαλίζεται,
3127 3568 3218 3616 καὶ
3272 3561 3366 3615 οὐκ
3424 3560 3522 3633 ἐγὼ
3604 3579 3873 3635 πυρουμαι
3920 3574 3934 3624 ;

2340 3661 2518 3711 ἔπειτα
2561 3653 2638 3723 δὲ,
2692 3653 2776 3708 ἐὰν
2834 3653 2916 3708 ἐπὶ
2973 3655 3118 3728 πάσῃ
3185 3651 3419 3725 ἁμαρτία
3479 3652 3673 3722 ὁμοίως
3736 3652 3936 3723 mept-

2341 3747 2494 3806 ϐηται
2541 3747 2675 3819 (46),
2728 3749 2818 3797 καὶ
2865 3743 2949 3796 ἐπὶ
2993 3749 3124 3796 πᾶσι
3167 3749 3272 3803 τοῖς
3315 3740 3701 3819 ἁμαρτάνουσι,
3742 3746 3853 3801 τοῖς
3886 3755 3938 3790 τε

2340 3836 2405 3898 εἰς
2453 3836 2606 3888 αὐτόν
2645 3839 2735 3887 καὶ
2791 3841 2900 3895 τοῖς
2955 3833 3027 3894 εἰς
3082 3831 3231 3884 ἄλλον
3289 3833 3481 3903 ὁμοίως
3514 3817 3787 3894 Ὶυπῆται,
3851 3832 3935 3880 καὶ

2336 3927 2516 3999 πενθῇ,
2563 3929 2653 3977 καὶ
2692 3923 2917 3996 ἐλέγχων
2957 3927 3026 3996 μὴ
3067 3918 3345 3995 διαφθείρη
3371 3922 3461 3972 τὸν
3488 3920 3590 3972 ὑπὸ
3619 3937 3712 3972 του
3741 3918 3938 3992 Κυρίου

2335 4011 2581 4091 παραδεδ
2584 4019 2609 4066 ό
2613 4033 2762 4088 μενον
2800 4017 3014 4088 τρόπον.

2871 4107 3188 4157 ΕΡΩἸἮΣῙΣ
3239 4099 3396 4155 ΡΗΓ.

2338 4195 2452 4250 Ἐὰν
2503 4193 2676 4268 συμϐῇ
2721 4213 2868 4254 τινας
2910 4191 2958 4244 ἕν
3003 4189 3316 4265 ἀδελφότητι
3362 4190 3557 4251 ζῶντας
3609 4184 3936 4260 διαφωνῆσαι

2405 4293 2565 4344 νῆσαι
2630 4287 2762 4358 πρὸς
2822 4281 3094 4343 ἀλλήλους,
3159 4281 3203 4333 εἰ
3268 4275 3542 4332 ἀκίνδυνόν
3601 4275 3746 4330 ἔστιν
3807 4275 3933 4348 ἁγά-

2406 4395 2506 4436 πης
2537 4378 2694 4428 ἕνεκεν
2729 4372 3208 4448 συμπεριφέρεσθαι
3235 4376 3344 4430 τοῖς
3379 4370 3654 4428 τοιούτοις.

2960 4465 3333 4514 ΑΠΟΚΡΙΣῘΣ.

2404 4562 2511 4609 Του
2579 4561 2774 4629 Κυρίου
2842 4552 3086 4618 εἰπόντος,
3156 4553 3266 4616 Δός,
3332 4549 3523 4623 Πάτερ,
3595 4547 3700 4614 ἱνα,
3766 4546 3926 4616 ὥσπερ

2333 4643 2432 4717 ἐγὼ
2490 4649 2579 4697 καὶ
2624 4648 2688 4696 σὺ
2738 4645 2790 4696 ἓν
2838 4641 3014 4715 ἐσμεν,
3065 4640 3201 4693 οὕτω
3250 4641 3341 4695 καὶ
3395 4638 3545 4692 αὐτοὶ
3593 4635 3642 4690 ἓν
3702 4636 3828 4688 ὦσιν
3883 4631 3924 4683 ἐν

2333 4737 2457 4807 ἡμῖν
2483 4733 2622 4804 (47)’
2669 4738 2759 4784 καὶ
2801 4751 2891 4784 του
2923 4729 3242 4785 Ἀποστόλου
3273 4727 3588 4803 γράψαντος,
3621 4724 3920 4798 Σῦμψυχοι,

2331 4827 2389 4876 τό
2455 4823 2502 4878 ἓν
2569 4840 2887 4899 φρονουντεςο
2951 4824 3042 4874 καὶ
3107 4827 3206 4872 τῶν
3276 4817 3516 4896 Πράξεων
3583 4817 3920 4887 ἱστορουσῶν,

631 5014 682 5091 ⁷-³
703 5014 949 5089 Philipp.
983 5031 1021 5089 ι,
1051 5021 1138 5073 15.
1195 5019 1258 5091 77°
1283 5017 1482 5091 ib._l8.
1565 5019 1613 5056 ⁸ο
1640 5019 1796 5078 Psal.
1829 5036 1988 5091 xvm,
2027 5025 2112 5079 11.
2189 5021 2226 5056 ⁸¹

2349 5020 2464 5078 .tth.
2497 5035 2629 5089 xxv,
2654 5019 2743 5075 42.
2821 5018 2869 5054 ⁸³
2897 5019 2917 5072 I
2946 5015 3088 5073 Cor.
3125 5030 3225 5086 xu,
3253 5016 3347 5070 26.
3424 5013 3474 5051 ⁸³
3499 5014 3548 5069 ll
3577 5012 3719 5069 Cor.
3748 5024 3826 5076 x1,
3848 5006 3916 5063 29

561 5086 610 5122 “
637 5087 816 5145 Joan.
856 5086 1112 5157 king—21.
1190 5090 1238 5126 ⁸⁵
1269 5089 1523 5165 Philipp.
1550 5109 1607 5164 ιι,
1646 5096 1701 5149 2.

585 5335 594 5345 .
631 5265 742 5345 (ιι)
777 5269 868 5345 Sic
898 5268 1143 5345 codices
1166 5273 1319 5345 tres.
1338 5269 1559 5345 Vocula
1586 5270 1615 5329 ἢ
1651 5268 1858 5345 deerat
1908 5269 1969 5326 in
2011 5269 2216 5345 vulga-

685 5338 893 5467 Sﬁatitm
923 5341 1091 5398 Colb.
1125 5343 1208 5395 ἵνα
1227 5338 1471 5414 διδαχθῇ
1498 5343 1545 5410 ό,
1574 5347 1637 5397 ut
1670 5342 1869 5398 discat
1892 5357 2080 5402 mens.
2104 5338 2194 5417 Op

669 5425 704 5463 a
756 5427 821 5466 ec
851 5429 925 5467 10.

606 5477 991 5568 _(-'*‘5)‘Vossiin
1016 5489 1185 5568 vetus
1225 5485 1375 5542 liber
1423 5492 1528 5546 πῶς
1572 5481 1668 5566 ,δεῖ
1713 5489 1808 5568 τὴν
1848 5484 2029 5568 ἑτέραν
2091 5489 2218 5568 πρός

556 5552 719 5671 ἓὺξὴν
751 5552 1074 5612 διακεῖσθαι.
1107 5558 1260 5612 Mox.
1305 5561 1446 5630 Reg.
1494 5555 1729 5629 primus
1755 5560 1814 5614 et
1848 5552 2019 5615 Voss.
2050 5552 2216 5618 αὐτὴν

594 5639 744 5678 ειναι.
1091 5641 1106 5652 ⁸

2394 5272 2510 5343 (46)
2542 5272 2685 5339 Reg.
2714 5267 2947 5343 primus
2970 5268 3164 5343 ὁμοίως
3186 5261 3461 5343 συντριϐῇἶ
3481 5263 3612 5320 Mox
3632 5257 3802 5316 idem
3818 5269 3928 5312 ms.

2325 5335 2580 5426 et'Colb.
2615 5335 2756 5397 ἀυιῇ
2777 5339 2952 5422 γοδς.
2980 5335 3360 5426 παραδοθέντα.
3374 5335 3588 5409 τρόπον.

2395 5415 2506 5487 (47)
2540 5417 2678 5484 Reg.
2709 5411 2943 5487 primus
2977 5402 3086 5487 iis}
3127 5413 3221 5487 σὺν
3261 5402 3416 5487 ἡμῖν,
3432 5421 3629 5487 unum
3671 5402 3801 5487 sint
3838 5412 3933 5487 po-

2327 5476 2572 5541 biécu'm.
2607 5476 2817 5542 §tatim
2849 5483 2988 5556 editi
3016 5478 3215 5556 καρδία
3235 5476 3332 5554 μία
3362 5483 3450 5531 καὶ
3479 5477 3634 5549 ψυχή
3669 5479 3791 5547 μία.
3823 5476 3934 5526 An—

2326 5557 2476 5631 tiqui
2503 5562 2619 5614 tres
2647 5556 2786 5614 libri
2813 5551 3016 5631 καρδία
3054 5551 3145 5607 κάὶ
3175 5551 3287 5610 etc.
