  <div class='ocr_page' id='page_1' title='image "/cluster/home/n/w/nwhite01/storage/ocr_20150623/31/hvd.32044048272629/626.png"; bbox 0 0 4086 6186; ppageno 0'>
   <div class='ocr_carea' id='block_1_1' title="bbox 265 310 404 362">
    <p class='ocr_par' dir='ltr' id='par_1_1' title="bbox 265 310 404 362">
     <span class='ocr_line' id='line_1_1' title="bbox 265 310 404 362; baseline 0.007 -1"><span class='ocrx_word' id='word_1_1' title='bbox 265 310 404 362; x_wconf 75' lang='grc'><strong>1213</strong></span> 
     </span>
    </p>
   </div>
   <div class='ocr_carea' id='block_1_2' title="bbox 262 426 1940 508">
    <p class='ocr_par' dir='ltr' id='par_1_2' title="bbox 262 426 1940 508">
     <span class='ocr_line' id='line_1_2' title="bbox 262 426 1940 508; baseline 0.002 -26"><span class='ocrx_word' id='word_1_2' title='bbox 262 426 500 485; x_wconf 70' lang='grc' dir='ltr'>διαθέσει</span> <span class='ocrx_word' id='word_1_3' title='bbox 545 437 640 492; x_wconf 77' lang='grc' dir='ltr'>τῆς</span> <span class='ocrx_word' id='word_1_4' title='bbox 685 430 886 502; x_wconf 59' lang='grc' dir='ltr'>ψυχῆς,</span> <span class='ocrx_word' id='word_1_5' title='bbox 935 438 1330 508; x_wconf 75' lang='grc' dir='ltr'>μαρτυρουμένη</span> <span class='ocrx_word' id='word_1_6' title='bbox 1366 434 1478 504; x_wconf 89' lang='grc'>(70)</span> <span class='ocrx_word' id='word_1_7' title='bbox 1524 431 1578 484; x_wconf 71' lang='grc' dir='ltr'>ἐκ</span> <span class='ocrx_word' id='word_1_8' title='bbox 1627 441 1722 493; x_wconf 88' lang='grc' dir='ltr'>τῆς</span> <span class='ocrx_word' id='word_1_9' title='bbox 1766 437 1858 486; x_wconf 79' lang='grc' dir='ltr'>τοῦ</span> <span class='ocrx_word' id='word_1_10' title='bbox 1897 436 1940 486; x_wconf 83' lang='grc' dir='ltr'><strong>Α</strong></span> 
     </span>
    </p>
   </div>
   <div class='ocr_carea' id='block_1_3' title="bbox 589 521 1862 594">
    <p class='ocr_par' dir='ltr' id='par_1_3' title="bbox 589 521 1862 594">
     <span class='ocr_line' id='line_1_3' title="bbox 589 521 1862 594; baseline 0 -23"><span class='ocrx_word' id='word_1_11' title='bbox 589 522 984 590; x_wconf 73' lang='grc' dir='ltr'>καταστάσεως,</span> <span class='ocrx_word' id='word_1_12' title='bbox 1079 524 1159 574; x_wconf 84' lang='grc' dir='ltr'>ὅτι</span> <span class='ocrx_word' id='word_1_13' title='bbox 1242 523 1347 594; x_wconf 75' lang='grc' dir='ltr'>οὐχ</span> <span class='ocrx_word' id='word_1_14' title='bbox 1439 526 1507 586; x_wconf 83' lang='grc' dir='ltr'>ὡς</span> <span class='ocrx_word' id='word_1_15' title='bbox 1588 521 1862 594; x_wconf 71' lang='grc' dir='ltr'>ἀμέριμνος</span> 
     </span>
    </p>
   </div>
   <div class='ocr_carea' id='block_1_4' title="bbox 260 607 1861 683">
    <p class='ocr_par' dir='ltr' id='par_1_4' title="bbox 260 607 1861 683">
     <span class='ocr_line' id='line_1_4' title="bbox 260 607 1861 683; baseline 0.002 -23"><span class='ocrx_word' id='word_1_16' title='bbox 260 607 446 675; x_wconf 72' lang='grc' dir='ltr'>ἐσθίει,</span> <span class='ocrx_word' id='word_1_17' title='bbox 515 607 623 661; x_wconf 75' lang='grc' dir='ltr'>ἀλλ’</span> <span class='ocrx_word' id='word_1_18' title='bbox 693 611 763 670; x_wconf 79' lang='grc' dir='ltr'>ὡς</span> <span class='ocrx_word' id='word_1_19' title='bbox 825 613 960 680; x_wconf 83' lang='grc' dir='ltr'>ἔχων</span> <span class='ocrx_word' id='word_1_20' title='bbox 1030 609 1257 670; x_wconf 75' lang='grc' dir='ltr'>ἐπόπτην</span> <span class='ocrx_word' id='word_1_21' title='bbox 1314 617 1479 666; x_wconf 80' lang='grc' dir='ltr'>Θεόν·</span> <span class='ocrx_word' id='word_1_22' title='bbox 1538 617 1627 664; x_wconf 78' lang='grc' dir='ltr'>καὶ</span> <span class='ocrx_word' id='word_1_23' title='bbox 1682 610 1730 664; x_wconf 77' lang='grc' dir='ltr'>ἐν</span> <span class='ocrx_word' id='word_1_24' title='bbox 1788 620 1861 683; x_wconf 81' lang='grc' dir='ltr'>τῷ</span> 
     </span>
    </p>
   </div>
   <div class='ocr_carea' id='block_1_5' title="bbox 263 694 1862 776">
    <p class='ocr_par' dir='ltr' id='par_1_5' title="bbox 263 694 1862 776">
     <span class='ocr_line' id='line_1_5' title="bbox 263 694 1862 776; baseline 0.003 -26"><span class='ocrx_word' id='word_1_25' title='bbox 263 706 444 770; x_wconf 79' lang='grc' dir='ltr'>σκοπῷ</span> <span class='ocrx_word' id='word_1_26' title='bbox 511 694 571 751; x_wconf 68' lang='grc' dir='ltr'>δὲ</span> <span class='ocrx_word' id='word_1_27' title='bbox 639 706 736 760; x_wconf 78' lang='grc' dir='ltr'>τῆς</span> <span class='ocrx_word' id='word_1_28' title='bbox 807 699 1160 771; x_wconf 69' lang='grc' dir='ltr'>μεταλήψεως,</span> <span class='ocrx_word' id='word_1_29' title='bbox 1235 703 1354 755; x_wconf 82' lang='grc' dir='ltr'>ὅταν</span> <span class='ocrx_word' id='word_1_30' title='bbox 1401 705 1473 776; x_wconf 76' lang='grc' dir='ltr'>μὴ</span> <span class='ocrx_word' id='word_1_31' title='bbox 1542 705 1611 764; x_wconf 81' lang='grc' dir='ltr'>ὡς</span> <span class='ocrx_word' id='word_1_32' title='bbox 1676 697 1862 763; x_wconf 75' lang='grc' dir='ltr'>δοῦλος</span> 
     </span>
    </p>
   </div>
   <div class='ocr_carea' id='block_1_6' title="bbox 257 784 1860 865">
    <p class='ocr_par' dir='ltr' id='par_1_6' title="bbox 257 784 1860 865">
     <span class='ocr_line' id='line_1_6' title="bbox 257 784 1860 865; baseline 0.002 -26"><span class='ocrx_word' id='word_1_33' title='bbox 257 790 489 860; x_wconf 84' lang='grc' dir='ltr'>γαστρὸς</span> <span class='ocrx_word' id='word_1_34' title='bbox 544 784 618 839; x_wconf 72' lang='grc' dir='ltr'>δι’</span> <span class='ocrx_word' id='word_1_35' title='bbox 673 785 869 848; x_wconf 73' lang='grc' dir='ltr'>ἡδονὴν</span> <span class='ocrx_word' id='word_1_36' title='bbox 917 788 1098 856; x_wconf 79' lang='grc' dir='ltr'>ἐσθίει,</span> <span class='ocrx_word' id='word_1_37' title='bbox 1147 789 1256 844; x_wconf 80' lang='grc' dir='ltr'>ἀλλ’</span> <span class='ocrx_word' id='word_1_38' title='bbox 1304 795 1368 852; x_wconf 79' lang='grc' dir='ltr'>ὡς</span> <span class='ocrx_word' id='word_1_39' title='bbox 1426 790 1644 865; x_wconf 74' lang='grc' dir='ltr'>ὗργάτης</span> <span class='ocrx_word' id='word_1_40' title='bbox 1701 799 1860 858; x_wconf 76' lang='grc' dir='ltr'>Θεοῦ,</span> 
     </span>
    </p>
   </div>
   <div class='ocr_carea' id='block_1_7' title="bbox 261 874 1865 956">
    <p class='ocr_par' dir='ltr' id='par_1_7' title="bbox 261 874 1865 956">
     <span class='ocr_line' id='line_1_7' title="bbox 261 874 1865 956; baseline 0.002 -29"><span class='ocrx_word' id='word_1_41' title='bbox 261 874 358 928; x_wconf 75' lang='grc' dir='ltr'>διὰ</span> <span class='ocrx_word' id='word_1_42' title='bbox 381 882 476 936; x_wconf 79' lang='grc' dir='ltr'>τὴν</span> <span class='ocrx_word' id='word_1_43' title='bbox 516 875 564 929; x_wconf 84' lang='grc' dir='ltr'>ἐν</span> <span class='ocrx_word' id='word_1_44' title='bbox 590 885 700 941; x_wconf 86' lang='grc' dir='ltr'>τοῖς</span> <span class='ocrx_word' id='word_1_45' title='bbox 728 879 844 932; x_wconf 79' lang='grc' dir='ltr'>κατ’</span> <span class='ocrx_word' id='word_1_46' title='bbox 871 877 1074 939; x_wconf 75' lang='grc' dir='ltr'>ἐντολὴν</span> <span class='ocrx_word' id='word_1_47' title='bbox 1121 888 1212 934; x_wconf 77' lang='grc' dir='ltr'>τοῦ</span> <span class='ocrx_word' id='word_1_48' title='bbox 1270 889 1505 956; x_wconf 77' lang='grc' dir='ltr'>Χριστοῦ</span> <span class='ocrx_word' id='word_1_49' title='bbox 1535 883 1648 953; x_wconf 79' lang='grc'>(71)</span> <span class='ocrx_word' id='word_1_50' title='bbox 1697 883 1865 954; x_wconf 82' lang='grc' dir='ltr'>ἔργοις</span> 
     </span>
    </p>
   </div>
   <div class='ocr_carea' id='block_1_8' title="bbox 261 986 513 1022">
    <p class='ocr_par' dir='ltr' id='par_1_8' title="bbox 261 986 513 1022">
     <span class='ocr_line' id='line_1_8' title="bbox 261 986 513 1022; baseline 0.004 -1"><span class='ocrx_word' id='word_1_51' title='bbox 261 986 402 1021; x_wconf 78' lang='grc' dir='ltr'>ευτον</span> <span class='ocrx_word' id='word_1_52' title='bbox 409 987 492 1021; x_wconf 86' lang='grc' dir='ltr'>ιαν</span> <span class='ocrx_word' id='word_1_53' title='bbox 499 1009 513 1022; x_wconf 80' lang='grc' dir='ltr'><strong>ο</strong></span> 
     </span>
    </p>
   </div>
   <div class='ocr_carea' id='block_1_9' title="bbox 261 526 502 592">
    <p class='ocr_par' dir='ltr' id='par_1_9' title="bbox 261 526 502 592">
     <span class='ocr_line' id='line_1_9' title="bbox 261 526 502 592; baseline 0 -20"><span class='ocrx_word' id='word_1_54' title='bbox 261 526 502 592; x_wconf 80' lang='grc' dir='ltr'>σώματος</span> 
     </span>
    </p>
   </div>
   <div class='ocr_carea' id='block_1_10' title="bbox 816 1063 1315 1139">
    <p class='ocr_par' dir='ltr' id='par_1_10' title="bbox 816 1063 1315 1139">
     <span class='ocr_line' id='line_1_10' title="bbox 816 1063 1315 1139; baseline 0.01 -9"><span class='ocrx_word' id='word_1_55' title='bbox 816 1083 1131 1133; x_wconf 74' lang='grc' dir='ltr'>ΕΡΩΤΗΣΙΣ</span> <span class='ocrx_word' id='word_1_56' title='bbox 1170 1063 1315 1139; x_wconf 62' lang='lat' dir='ltr'>P&#39;az&#39;.</span> 
     </span>
    </p>
   </div>
   <div class='ocr_carea' id='block_1_11' title="bbox 262 1161 1862 1244">
    <p class='ocr_par' dir='ltr' id='par_1_11' title="bbox 262 1161 1862 1244">
     <span class='ocr_line' id='line_1_11' title="bbox 262 1161 1862 1244; baseline 0.002 -27"><span class='ocrx_word' id='word_1_57' title='bbox 262 1171 380 1226; x_wconf 82' lang='grc' dir='ltr'>Πῶς</span> <span class='ocrx_word' id='word_1_58' title='bbox 410 1171 552 1218; x_wconf 83' lang='grc' dir='ltr'>ποιεῖ</span> <span class='ocrx_word' id='word_1_59' title='bbox 585 1165 615 1224; x_wconf 80' lang='grc' dir='ltr'>ἡ</span> <span class='ocrx_word' id='word_1_60' title='bbox 660 1161 826 1238; x_wconf 75' lang='grc' dir='ltr'>δεξιὰ,</span> <span class='ocrx_word' id='word_1_61' title='bbox 865 1168 947 1219; x_wconf 79' lang='grc' dir='ltr'>ἵνα</span> <span class='ocrx_word' id='word_1_62' title='bbox 983 1171 1054 1241; x_wconf 81' lang='grc' dir='ltr'>μὴ</span> <span class='ocrx_word' id='word_1_63' title='bbox 1101 1173 1332 1242; x_wconf 72' lang='grc' dir='ltr'>γινώσκῃ</span> <span class='ocrx_word' id='word_1_64' title='bbox 1375 1169 1405 1227; x_wconf 84' lang='grc' dir='ltr'>ἡ</span> <span class='ocrx_word' id='word_1_65' title='bbox 1451 1167 1862 1244; x_wconf 77' lang='grc' dir='ltr'>ἀριστερά</span> 
     </span>
    </p>
   </div>
   <div class='ocr_carea' id='block_1_12' title="bbox 879 1280 1252 1331">
    <p class='ocr_par' dir='ltr' id='par_1_12' title="bbox 879 1280 1252 1331">
     <span class='ocr_line' id='line_1_12' title="bbox 879 1280 1252 1331; baseline 0.008 -3"><span class='ocrx_word' id='word_1_66' title='bbox 879 1280 1252 1331; x_wconf 81' lang='grc' dir='ltr'>ΑΠΟΚΡΙΣῙΣ.</span> 
     </span>
    </p>
   </div>
   <div class='ocr_carea' id='block_1_13' title="bbox 333 1360 1865 1439">
    <p class='ocr_par' dir='ltr' id='par_1_13' title="bbox 333 1360 1865 1439">
     <span class='ocr_line' id='line_1_13' title="bbox 333 1360 1865 1439; baseline 0.003 -25"><span class='ocrx_word' id='word_1_67' title='bbox 333 1367 470 1414; x_wconf 89' lang='grc' dir='ltr'>Οταν</span> <span class='ocrx_word' id='word_1_68' title='bbox 527 1360 892 1434; x_wconf 79' lang='grc' dir='ltr'>ἀμιτεωρίστῳ</span> <span class='ocrx_word' id='word_1_69' title='bbox 949 1368 1040 1416; x_wconf 77' lang='grc' dir='ltr'>καὶ</span> <span class='ocrx_word' id='word_1_70' title='bbox 1108 1367 1351 1437; x_wconf 77' lang='grc' dir='ltr'>τεταμένη</span> <span class='ocrx_word' id='word_1_71' title='bbox 1440 1363 1692 1439; x_wconf 76' lang='grc' dir='ltr'>ἐπιθυμίᾳ</span> <span class='ocrx_word' id='word_1_72' title='bbox 1771 1378 1865 1434; x_wconf 80' lang='grc' dir='ltr'>τῆς</span> 
     </span>
    </p>
   </div>
   <div class='ocr_carea' id='block_1_14' title="bbox 260 1451 1869 1530">
    <p class='ocr_par' dir='ltr' id='par_1_14' title="bbox 260 1451 1869 1530">
     <span class='ocr_line' id='line_1_14' title="bbox 260 1451 1869 1530; baseline 0.011 -28"><span class='ocrx_word' id='word_1_73' title='bbox 260 1455 392 1522; x_wconf 80' lang='grc' dir='ltr'>πρὸς</span> <span class='ocrx_word' id='word_1_74' title='bbox 421 1454 546 1504; x_wconf 83' lang='grc' dir='ltr'>Θεὸν</span> <span class='ocrx_word' id='word_1_75' title='bbox 596 1451 988 1525; x_wconf 74' lang='grc' dir='ltr'>ιύαρεστήσεως</span> <span class='ocrx_word' id='word_1_76' title='bbox 1045 1453 1071 1504; x_wconf 88' lang='grc' dir='ltr'>ό</span> <span class='ocrx_word' id='word_1_77' title='bbox 1127 1461 1241 1514; x_wconf 79' lang='grc' dir='ltr'>νοῦς</span> <span class='ocrx_word' id='word_1_78' title='bbox 1293 1452 1346 1516; x_wconf 68' lang='grc' dir='ltr'><em>ἕξ</em></span> <span class='ocrx_word' id='word_1_79' title='bbox 1395 1453 1676 1529; x_wconf 75' lang='grc' dir='ltr'>ὁλοκλήρου</span> <span class='ocrx_word' id='word_1_80' title='bbox 1733 1457 1869 1530; x_wconf 76' lang='grc' dir='ltr'>ἀγω-</span> 
     </span>
    </p>
   </div>
   <div class='ocr_carea' id='block_1_15' title="bbox 260 1540 1869 1618">
    <p class='ocr_par' dir='ltr' id='par_1_15' title="bbox 260 1540 1869 1618">
     <span class='ocr_line' id='line_1_15' title="bbox 260 1540 1869 1618; baseline 0.005 -25"><span class='ocrx_word' id='word_1_81' title='bbox 260 1548 384 1593; x_wconf 80' lang='grc' dir='ltr'>νιῶν</span> <span class='ocrx_word' id='word_1_82' title='bbox 447 1544 520 1612; x_wconf 83' lang='grc' dir='ltr'>μὴ</span> <span class='ocrx_word' id='word_1_83' title='bbox 581 1540 773 1614; x_wconf 74' lang='grc' dir='ltr'>ἐκπέσῃ</span> <span class='ocrx_word' id='word_1_84' title='bbox 831 1549 922 1594; x_wconf 80' lang='grc' dir='ltr'>τοῦ</span> <span class='ocrx_word' id='word_1_85' title='bbox 987 1547 1364 1618; x_wconf 79' lang='grc' dir='ltr'>προσήκοντος,</span> <span class='ocrx_word' id='word_1_86' title='bbox 1416 1541 1737 1614; x_wconf 75' lang='grc' dir='ltr'>ἀγωνίζηται</span> <span class='ocrx_word' id='word_1_87' title='bbox 1788 1569 1869 1602; x_wconf 87' lang='grc' dir='ltr'>νο·</span> 
     </span>
    </p>
   </div>
   <div class='ocr_carea' id='block_1_16' title="bbox 260 1624 1867 1706">
    <p class='ocr_par' dir='ltr' id='par_1_16' title="bbox 260 1624 1867 1706">
     <span class='ocr_line' id='line_1_16' title="bbox 260 1624 1867 1706; baseline 0.006 -26"><span class='ocrx_word' id='word_1_88' title='bbox 260 1633 456 1700; x_wconf 82' lang='grc' dir='ltr'>μίμως.</span> <span class='ocrx_word' id='word_1_89' title='bbox 528 1633 651 1682; x_wconf 87' lang='grc' dir='ltr'>Τότε</span> <span class='ocrx_word' id='word_1_90' title='bbox 697 1624 927 1695; x_wconf 63' lang='grc' dir='ltr'>οὐδενὸς,</span> <span class='ocrx_word' id='word_1_91' title='bbox 988 1633 1106 1683; x_wconf 69' lang='grc' dir='ltr'>οὔτε</span> <span class='ocrx_word' id='word_1_92' title='bbox 1157 1630 1341 1702; x_wconf 63' lang='grc' dir='ltr'>μέλους</span> <span class='ocrx_word' id='word_1_93' title='bbox 1391 1631 1564 1706; x_wconf 67' lang='grc' dir='ltr'>ἐτέρου</span> <span class='ocrx_word' id='word_1_94' title='bbox 1615 1632 1867 1706; x_wconf 81' lang='grc' dir='ltr'>λαμϐάνει</span> 
     </span>
    </p>
   </div>
   <div class='ocr_carea' id='block_1_17' title="bbox 261 1717 1865 1798">
    <p class='ocr_par' dir='ltr' id='par_1_17' title="bbox 261 1717 1865 1798">
     <span class='ocr_line' id='line_1_17' title="bbox 261 1717 1865 1798; baseline 0.006 -30"><span class='ocrx_word' id='word_1_95' title='bbox 261 1719 477 1780; x_wconf 78' lang='grc' dir='ltr'>ἔννοιαν,</span> <span class='ocrx_word' id='word_1_96' title='bbox 521 1717 662 1790; x_wconf 80' lang='grc' dir='ltr'>εἰμὴ</span> <span class='ocrx_word' id='word_1_97' title='bbox 705 1722 858 1790; x_wconf 87' lang='grc' dir='ltr'>μόνον</span> <span class='ocrx_word' id='word_1_98' title='bbox 900 1726 992 1771; x_wconf 82' lang='grc' dir='ltr'>τοῦ</span> <span class='ocrx_word' id='word_1_99' title='bbox 1037 1723 1458 1793; x_wconf 84' lang='grc' dir='ltr'>χρησιμεύοντος</span> <span class='ocrx_word' id='word_1_100' title='bbox 1498 1721 1570 1784; x_wconf 84' lang='grc' dir='ltr'>εὶς</span> <span class='ocrx_word' id='word_1_101' title='bbox 1628 1727 1688 1776; x_wconf 86' lang='grc' dir='ltr'>τὸ</span> <span class='ocrx_word' id='word_1_102' title='bbox 1735 1744 1865 1798; x_wconf 87' lang='grc' dir='ltr'>προ-</span> 
     </span>
    </p>
   </div>
   <div class='ocr_carea' id='block_1_18' title="bbox 257 1809 1866 1887">
    <p class='ocr_par' dir='ltr' id='par_1_18' title="bbox 257 1809 1866 1887">
     <span class='ocr_line' id='line_1_18' title="bbox 257 1809 1866 1887; baseline 0.002 -27"><span class='ocrx_word' id='word_1_103' title='bbox 257 1811 491 1878; x_wconf 78' lang='grc' dir='ltr'>κείμενον</span> <span class='ocrx_word' id='word_1_104' title='bbox 514 1828 525 1842; x_wconf 93' lang='grc'><strong>·</strong></span> <span class='ocrx_word' id='word_1_105' title='bbox 577 1811 640 1870; x_wconf 82' lang='grc' dir='ltr'>ὡς</span> <span class='ocrx_word' id='word_1_106' title='bbox 671 1809 697 1860; x_wconf 86' lang='grc' dir='ltr'>ό</span> <span class='ocrx_word' id='word_1_107' title='bbox 718 1812 962 1879; x_wconf 72' lang='grc' dir='ltr'>τεχνίτης</span> <span class='ocrx_word' id='word_1_108' title='bbox 983 1809 1101 1862; x_wconf 81' lang='grc' dir='ltr'>καθ’</span> <span class='ocrx_word' id='word_1_109' title='bbox 1140 1810 1356 1863; x_wconf 77' lang='grc' dir='ltr'>ἕκαστον</span> <span class='ocrx_word' id='word_1_110' title='bbox 1388 1813 1533 1885; x_wconf 84' lang='grc' dir='ltr'>ἔργον</span> <span class='ocrx_word' id='word_1_111' title='bbox 1559 1813 1677 1883; x_wconf 86' lang='grc'>(73)</span> <span class='ocrx_word' id='word_1_112' title='bbox 1725 1819 1866 1887; x_wconf 82' lang='grc' dir='ltr'>μόνῳ</span> 
     </span>
    </p>
   </div>
   <div class='ocr_carea' id='block_1_19' title="bbox 257 1894 1453 1976">
    <p class='ocr_par' dir='ltr' id='par_1_19' title="bbox 257 1894 1453 1976">
     <span class='ocr_line' id='line_1_19' title="bbox 257 1894 1453 1976; baseline 0.004 -28"><span class='ocrx_word' id='word_1_113' title='bbox 257 1894 523 1968; x_wconf 66' lang='grc' dir='ltr'>ὶμϐλέπων</span> <span class='ocrx_word' id='word_1_114' title='bbox 551 1905 620 1968; x_wconf 77' lang='grc' dir='ltr'>τῷ</span> <span class='ocrx_word' id='word_1_115' title='bbox 639 1900 1029 1970; x_wconf 72' lang='grc' dir='ltr'>χρησιμεύοντι</span> <span class='ocrx_word' id='word_1_116' title='bbox 1058 1899 1200 1971; x_wconf 70' lang='grc' dir='ltr'>αὐτῷ</span> <span class='ocrx_word' id='word_1_117' title='bbox 1229 1899 1453 1976; x_wconf 81' lang='grc' dir='ltr'>ὀργάνῳ.</span> 
     </span>
    </p>
   </div>
   <div class='ocr_carea' id='block_1_20' title="bbox 1897 1781 1936 1835">
    <p class='ocr_par' dir='ltr' id='par_1_20' title="bbox 1897 1781 1936 1835">
     <span class='ocr_line' id='line_1_20' title="bbox 1897 1781 1936 1835; baseline 0 0"><span class='ocrx_word' id='word_1_118' title='bbox 1897 1781 1936 1835; x_wconf 88' lang='grc' dir='ltr'><strong>Β</strong></span> 
     </span>
    </p>
   </div>
   <div class='ocr_carea' id='block_1_21' title="bbox 832 2079 1298 2156">
    <p class='ocr_par' dir='ltr' id='par_1_21' title="bbox 832 2079 1298 2156">
     <span class='ocr_line' id='line_1_21' title="bbox 832 2079 1298 2156; baseline 0.002 -8"><span class='ocrx_word' id='word_1_119' title='bbox 832 2101 1144 2150; x_wconf 75' lang='lat' dir='ltr'>sparum</span> <span class='ocrx_word' id='word_1_120' title='bbox 1166 2079 1298 2156; x_wconf 56' lang='grc' dir='ltr'>τινα</span> 
     </span>
    </p>
   </div>
   <div class='ocr_carea' id='block_1_22' title="bbox 257 2181 1858 2262">
    <p class='ocr_par' dir='ltr' id='par_1_22' title="bbox 257 2181 1858 2262">
     <span class='ocr_line' id='line_1_22' title="bbox 257 2181 1858 2262; baseline 0.003 -24"><span class='ocrx_word' id='word_1_121' title='bbox 257 2187 349 2244; x_wconf 85' lang='grc' dir='ltr'>Τις</span> <span class='ocrx_word' id='word_1_122' title='bbox 369 2181 484 2236; x_wconf 69' lang='grc' dir='ltr'>ἔστι</span> <span class='ocrx_word' id='word_1_123' title='bbox 509 2188 973 2259; x_wconf 69' lang='grc' dir='ltr'>ταπιινοφροσύνη,</span> <span class='ocrx_word' id='word_1_124' title='bbox 1005 2190 1096 2237; x_wconf 75' lang='grc' dir='ltr'>καὶ</span> <span class='ocrx_word' id='word_1_125' title='bbox 1123 2195 1234 2248; x_wconf 87' lang='grc' dir='ltr'>πῶς</span> <span class='ocrx_word' id='word_1_126' title='bbox 1258 2185 1420 2244; x_wconf 75' lang='grc' dir='ltr'>αὐτὴν</span> <span class='ocrx_word' id='word_1_127' title='bbox 1440 2189 1858 2262; x_wconf 80' lang='grc' dir='ltr'>κατορθώσομεν.</span> 
     </span>
    </p>
   </div>
   <div class='ocr_carea' id='block_1_23' title="bbox 883 2299 1260 2348">
    <p class='ocr_par' dir='ltr' id='par_1_23' title="bbox 883 2299 1260 2348">
     <span class='ocr_line' id='line_1_23' title="bbox 883 2299 1260 2348; baseline 0.003 -2"><span class='ocrx_word' id='word_1_128' title='bbox 883 2299 1260 2348; x_wconf 79' lang='grc' dir='ltr'>ΑΠΟΚΡῙΣΙΣ.</span> 
     </span>
    </p>
   </div>
   <div class='ocr_carea' id='block_1_24' title="bbox 331 2379 1861 2460">
    <p class='ocr_par' dir='ltr' id='par_1_24' title="bbox 331 2379 1861 2460">
     <span class='ocr_line' id='line_1_24' title="bbox 331 2379 1861 2460; baseline 0.004 -28"><span class='ocrx_word' id='word_1_129' title='bbox 331 2383 786 2456; x_wconf 72' lang='grc' dir='ltr'>Ταπεινοφροσύνη</span> <span class='ocrx_word' id='word_1_130' title='bbox 828 2385 918 2453; x_wconf 78' lang='grc' dir='ltr'>μέν</span> <span class='ocrx_word' id='word_1_131' title='bbox 951 2379 1064 2434; x_wconf 79' lang='grc' dir='ltr'>ἐστι</span> <span class='ocrx_word' id='word_1_132' title='bbox 1092 2385 1150 2434; x_wconf 82' lang='grc' dir='ltr'>τὸ</span> <span class='ocrx_word' id='word_1_133' title='bbox 1189 2384 1384 2442; x_wconf 78' lang='grc' dir='ltr'>πάντας</span> <span class='ocrx_word' id='word_1_134' title='bbox 1420 2383 1669 2454; x_wconf 78' lang='grc' dir='ltr'>ἡγεῖσθαι</span> <span class='ocrx_word' id='word_1_135' title='bbox 1707 2386 1861 2460; x_wconf 82' lang='grc' dir='ltr'>ὑπερ-</span> 
     </span>
    </p>
   </div>
   <div class='ocr_carea' id='block_1_25' title="bbox 260 2469 1853 2546">
    <p class='ocr_par' dir='ltr' id='par_1_25' title="bbox 260 2469 1853 2546">
     <span class='ocr_line' id='line_1_25' title="bbox 260 2469 1853 2546; baseline 0.004 -24"><span class='ocrx_word' id='word_1_136' title='bbox 260 2473 484 2542; x_wconf 77' lang='grc' dir='ltr'>έχοντας</span> <span class='ocrx_word' id='word_1_137' title='bbox 546 2469 751 2536; x_wconf 75' lang='grc' dir='ltr'>ἑαυτοῦ,</span> <span class='ocrx_word' id='word_1_138' title='bbox 825 2472 962 2523; x_wconf 81' lang='grc' dir='ltr'>κατά</span> <span class='ocrx_word' id='word_1_139' title='bbox 1028 2474 1114 2523; x_wconf 86' lang='grc' dir='ltr'>τὸν</span> <span class='ocrx_word' id='word_1_140' title='bbox 1185 2472 1301 2546; x_wconf 86' lang='grc' dir='ltr'>ὅρον</span> <span class='ocrx_word' id='word_1_141' title='bbox 1367 2480 1456 2524; x_wconf 78' lang='grc' dir='ltr'>τοῦ</span> <span class='ocrx_word' id='word_1_142' title='bbox 1507 2471 1853 2530; x_wconf 82' lang='grc' dir='ltr'>Ἀποστόλου.</span> 
     </span>
    </p>
   </div>
   <div class='ocr_carea' id='block_1_26' title="bbox 263 2555 1864 2637">
    <p class='ocr_par' dir='ltr' id='par_1_26' title="bbox 263 2555 1864 2637">
     <span class='ocr_line' id='line_1_26' title="bbox 263 2555 1864 2637; baseline 0.004 -27"><span class='ocrx_word' id='word_1_143' title='bbox 263 2560 528 2631; x_wconf 82' lang='grc' dir='ltr'>Κατορθοῖ</span> <span class='ocrx_word' id='word_1_144' title='bbox 557 2555 616 2611; x_wconf 77' lang='grc' dir='ltr'>δέ</span> <span class='ocrx_word' id='word_1_145' title='bbox 645 2578 720 2620; x_wconf 84' lang='grc' dir='ltr'>τις</span> <span class='ocrx_word' id='word_1_146' title='bbox 776 2559 938 2617; x_wconf 66' lang='grc' dir='ltr'>αᾶτήν</span> <span class='ocrx_word' id='word_1_147' title='bbox 971 2568 1174 2633; x_wconf 81' lang='grc' dir='ltr'>πρῶτον</span> <span class='ocrx_word' id='word_1_148' title='bbox 1214 2563 1303 2631; x_wconf 71' lang='grc' dir='ltr'>μὶν</span> <span class='ocrx_word' id='word_1_149' title='bbox 1344 2561 1475 2628; x_wconf 73' lang='grc'>(74),</span> <span class='ocrx_word' id='word_1_150' title='bbox 1536 2563 1620 2613; x_wconf 75' lang='grc' dir='ltr'>ἐὰν</span> <span class='ocrx_word' id='word_1_151' title='bbox 1667 2582 1864 2637; x_wconf 85' lang='grc' dir='ltr'>μνημο-</span> 
     </span>
    </p>
   </div>
   <div class='ocr_carea' id='block_1_27' title="bbox 257 2647 1865 2721">
    <p class='ocr_par' dir='ltr' id='par_1_27' title="bbox 257 2647 1865 2721">
     <span class='ocr_line' id='line_1_27' title="bbox 257 2647 1865 2721; baseline 0.005 -23"><span class='ocrx_word' id='word_1_152' title='bbox 257 2650 416 2720; x_wconf 73' lang='grc' dir='ltr'>νεύση</span> <span class='ocrx_word' id='word_1_153' title='bbox 486 2655 582 2710; x_wconf 80' lang='grc' dir='ltr'>τῆς</span> <span class='ocrx_word' id='word_1_154' title='bbox 647 2647 846 2708; x_wconf 77' lang='grc' dir='ltr'>ἐντολῆς</span> <span class='ocrx_word' id='word_1_155' title='bbox 897 2656 989 2700; x_wconf 84' lang='grc' dir='ltr'>τοῦ</span> <span class='ocrx_word' id='word_1_156' title='bbox 1058 2654 1252 2721; x_wconf 77' lang='grc' dir='ltr'>Κυρίου</span> <span class='ocrx_word' id='word_1_157' title='bbox 1327 2649 1588 2711; x_wconf 77' lang='grc' dir='ltr'>εἰπόντος⁹</span> <span class='ocrx_word' id='word_1_158' title='bbox 1663 2653 1865 2706; x_wconf 81' lang='grc' dir='ltr'>Μάθετε</span> 
     </span>
    </p>
   </div>
   <div class='ocr_carea' id='block_1_28' title="bbox 260 2735 1864 2815">
    <p class='ocr_par' dir='ltr' id='par_1_28' title="bbox 260 2735 1864 2815">
     <span class='ocr_line' id='line_1_28' title="bbox 260 2735 1864 2815; baseline 0.003 -27"><span class='ocrx_word' id='word_1_159' title='bbox 260 2735 352 2788; x_wconf 74' lang='grc' dir='ltr'>ἀπ’</span> <span class='ocrx_word' id='word_1_160' title='bbox 420 2735 565 2808; x_wconf 77' lang='grc' dir='ltr'>ἐμοῦ,</span> <span class='ocrx_word' id='word_1_161' title='bbox 634 2739 714 2789; x_wconf 88' lang='grc' dir='ltr'>ὅτι</span> <span class='ocrx_word' id='word_1_162' title='bbox 777 2742 939 2812; x_wconf 81' lang='grc' dir='ltr'>πρᾶός</span> <span class='ocrx_word' id='word_1_163' title='bbox 1005 2737 1111 2810; x_wconf 84' lang='grc' dir='ltr'>εἰμι</span> <span class='ocrx_word' id='word_1_164' title='bbox 1165 2743 1256 2791; x_wconf 75' lang='grc' dir='ltr'>καὶ</span> <span class='ocrx_word' id='word_1_165' title='bbox 1320 2744 1559 2801; x_wconf 82' lang='grc' dir='ltr'>ταπεινός</span> <span class='ocrx_word' id='word_1_166' title='bbox 1619 2748 1680 2813; x_wconf 75' lang='grc' dir='ltr'>τῇ</span> <span class='ocrx_word' id='word_1_167' title='bbox 1740 2761 1864 2815; x_wconf 82' lang='grc' dir='ltr'>καρ-</span> 
     </span>
    </p>
   </div>
   <div class='ocr_carea' id='block_1_29' title="bbox 258 2822 1863 2902">
    <p class='ocr_par' dir='ltr' id='par_1_29' title="bbox 258 2822 1863 2902">
     <span class='ocr_line' id='line_1_29' title="bbox 258 2822 1863 2902; baseline 0.004 -24"><span class='ocrx_word' id='word_1_168' title='bbox 258 2822 358 2896; x_wconf 76' lang='grc' dir='ltr'>δίᾳ</span> <span class='ocrx_word' id='word_1_169' title='bbox 389 2826 536 2901; x_wconf 75' lang='grc' dir='ltr'>(ὅπερ</span> <span class='ocrx_word' id='word_1_170' title='bbox 560 2825 832 2898; x_wconf 82' lang='grc' dir='ltr'>πολλαχοῦ</span> <span class='ocrx_word' id='word_1_171' title='bbox 887 2831 978 2879; x_wconf 81' lang='grc' dir='ltr'>καὶ</span> <span class='ocrx_word' id='word_1_172' title='bbox 1020 2826 1361 2902; x_wconf 79' lang='grc' dir='ltr'>πολυτρόπως</span> <span class='ocrx_word' id='word_1_173' title='bbox 1406 2833 1494 2881; x_wconf 76' lang='grc' dir='ltr'>καὶ</span> <span class='ocrx_word' id='word_1_174' title='bbox 1541 2825 1721 2900; x_wconf 72' lang='grc' dir='ltr'>ἔδειξε,</span> <span class='ocrx_word' id='word_1_175' title='bbox 1773 2836 1863 2884; x_wconf 80' lang='grc' dir='ltr'>καὶ</span> 
     </span>
    </p>
   </div>
   <div class='ocr_carea' id='block_1_30' title="bbox 256 2911 1858 2993">
    <p class='ocr_par' dir='ltr' id='par_1_30' title="bbox 256 2911 1858 2993">
     <span class='ocr_line' id='line_1_30' title="bbox 256 2911 1858 2993; baseline 0.002 -26"><span class='ocrx_word' id='word_1_176' title='bbox 256 2911 533 2985; x_wconf 49' lang='grc' dir='ltr'>ἐδίδαξεΓ</span> <span class='ocrx_word' id='word_1_177' title='bbox 602 2919 689 2966; x_wconf 80' lang='grc' dir='ltr'>καὶ</span> <span class='ocrx_word' id='word_1_178' title='bbox 754 2918 1012 2990; x_wconf 75' lang='grc' dir='ltr'>πιστεύσῃ</span> <span class='ocrx_word' id='word_1_179' title='bbox 1068 2917 1182 2988; x_wconf 78' lang='grc'>(75)</span> <span class='ocrx_word' id='word_1_180' title='bbox 1231 2918 1373 2988; x_wconf 67' lang='grc' dir='ltr'>αὐτῷ</span> <span class='ocrx_word' id='word_1_181' title='bbox 1422 2917 1858 2993; x_wconf 74' lang='grc' dir='ltr'>ἔπαγγειλαμένῳ,</span> 
     </span>
    </p>
   </div>
   <div class='ocr_carea' id='block_1_31' title="bbox 255 3002 1862 3080">
    <p class='ocr_par' dir='ltr' id='par_1_31' title="bbox 255 3002 1862 3080">
     <span class='ocr_line' id='line_1_31' title="bbox 255 3002 1862 3080; baseline 0.002 -24"><span class='ocrx_word' id='word_1_182' title='bbox 255 3007 341 3056; x_wconf 84' lang='grc' dir='ltr'>ὅτι</span> <span class='ocrx_word' id='word_1_183' title='bbox 414 3002 471 3058; x_wconf 82' lang='grc' dir='ltr'><strong>Ὀ</strong></span> <span class='ocrx_word' id='word_1_184' title='bbox 542 3012 790 3057; x_wconf 74' lang='grc' dir='ltr'>ταπεινῶν</span> <span class='ocrx_word' id='word_1_185' title='bbox 841 3003 1018 3058; x_wconf 75' lang='grc' dir='ltr'>ἑαυτὸν</span> <span class='ocrx_word' id='word_1_186' title='bbox 1076 3005 1417 3077; x_wconf 71' lang='grc' dir='ltr'>ὑψωθήσεται</span> <span class='ocrx_word' id='word_1_187' title='bbox 1451 3029 1464 3041; x_wconf 81' lang='grc' dir='ltr'>ο</span> <span class='ocrx_word' id='word_1_188' title='bbox 1524 3011 1721 3080; x_wconf 80' lang='grc' dir='ltr'>ἔπειτα,</span> <span class='ocrx_word' id='word_1_189' title='bbox 1779 3008 1862 3062; x_wconf 73' lang='grc' dir='ltr'>ἐὰν</span> 
     </span>
    </p>
   </div>
   <div class='ocr_carea' id='block_1_32' title="bbox 256 3090 1862 3172">
    <p class='ocr_par' dir='ltr' id='par_1_32' title="bbox 256 3090 1862 3172">
     <span class='ocr_line' id='line_1_32' title="bbox 256 3090 1862 3172; baseline 0.002 -25"><span class='ocrx_word' id='word_1_190' title='bbox 256 3090 337 3148; x_wconf 65' lang='grc' dir='ltr'>δι’</span> <span class='ocrx_word' id='word_1_191' title='bbox 384 3093 580 3167; x_wconf 75' lang='grc' dir='ltr'>ὁμαλοῦ</span> <span class='ocrx_word' id='word_1_192' title='bbox 628 3099 717 3147; x_wconf 79' lang='grc' dir='ltr'>καὶ</span> <span class='ocrx_word' id='word_1_193' title='bbox 765 3091 1105 3158; x_wconf 75' lang='grc' dir='ltr'>ἀδιαστάτως</span> <span class='ocrx_word' id='word_1_194' title='bbox 1149 3103 1258 3160; x_wconf 87' lang='grc' dir='ltr'>τοῖς</span> <span class='ocrx_word' id='word_1_195' title='bbox 1316 3105 1414 3160; x_wconf 82' lang='grc' dir='ltr'>τῆς</span> <span class='ocrx_word' id='word_1_196' title='bbox 1451 3101 1862 3172; x_wconf 76' lang='grc' dir='ltr'>ταπεινοφροσύ-</span> 
     </span>
    </p>
   </div>
   <div class='ocr_carea' id='block_1_33' title="bbox 252 3179 1856 3262">
    <p class='ocr_par' dir='ltr' id='par_1_33' title="bbox 252 3179 1856 3262">
     <span class='ocr_line' id='line_1_33' title="bbox 252 3179 1856 3262; baseline 0.003 -27"><span class='ocrx_word' id='word_1_197' title='bbox 252 3203 346 3245; x_wconf 83' lang='grc' dir='ltr'>νης</span> <span class='ocrx_word' id='word_1_198' title='bbox 407 3179 821 3257; x_wconf 70' lang='grc' dir='ltr'>ἐπιτηδεύμασιν</span> <span class='ocrx_word' id='word_1_199' title='bbox 881 3182 928 3236; x_wconf 77' lang='grc' dir='ltr'>ἐν</span> <span class='ocrx_word' id='word_1_200' title='bbox 983 3190 1138 3238; x_wconf 82' lang='grc' dir='ltr'>παντὶ</span> <span class='ocrx_word' id='word_1_201' title='bbox 1204 3189 1478 3259; x_wconf 73' lang='grc' dir='ltr'>πράγματι</span> <span class='ocrx_word' id='word_1_202' title='bbox 1539 3185 1856 3262; x_wconf 75' lang='grc' dir='ltr'>ἐμμελετηση</span> 
     </span>
    </p>
   </div>
   <div class='ocr_carea' id='block_1_34' title="bbox 253 3272 1858 3350">
    <p class='ocr_par' dir='ltr' id='par_1_34' title="bbox 253 3272 1858 3350">
     <span class='ocr_line' id='line_1_34' title="bbox 253 3272 1858 3350; baseline 0.003 -24"><span class='ocrx_word' id='word_1_203' title='bbox 253 3279 348 3327; x_wconf 79' lang='grc' dir='ltr'>καὶ</span> <span class='ocrx_word' id='word_1_204' title='bbox 391 3275 856 3346; x_wconf 84' lang='grc' dir='ltr'>συγγυμνάσηται.</span> <span class='ocrx_word' id='word_1_205' title='bbox 925 3273 1089 3336; x_wconf 82' lang='grc' dir='ltr'>Μόλις</span> <span class='ocrx_word' id='word_1_206' title='bbox 1143 3277 1245 3350; x_wconf 82' lang='grc' dir='ltr'>γὰρ</span> <span class='ocrx_word' id='word_1_207' title='bbox 1290 3279 1424 3328; x_wconf 70' lang='grc' dir='ltr'>οὕτω</span> <span class='ocrx_word' id='word_1_208' title='bbox 1469 3272 1755 3335; x_wconf 77' lang='grc' dir='ltr'>δυνήσεται</span> <span class='ocrx_word' id='word_1_209' title='bbox 1795 3286 1858 3350; x_wconf 78' lang='grc' dir='ltr'>τῇ</span> 
     </span>
    </p>
   </div>
   <div class='ocr_carea' id='block_1_35' title="bbox 256 3358 1862 3435">
    <p class='ocr_par' dir='ltr' id='par_1_35' title="bbox 256 3358 1862 3435">
     <span class='ocr_line' id='line_1_35' title="bbox 256 3358 1862 3435; baseline 0.003 -21"><span class='ocrx_word' id='word_1_210' title='bbox 256 3358 493 3420; x_wconf 74' lang='grc' dir='ltr'>διηνεκεῖ</span> <span class='ocrx_word' id='word_1_211' title='bbox 547 3361 730 3435; x_wconf 73' lang='grc' dir='ltr'>μελέτῃ</span> <span class='ocrx_word' id='word_1_212' title='bbox 783 3360 1053 3416; x_wconf 78' lang='grc' dir='ltr'>ἀναλαϐεῖν</span> <span class='ocrx_word' id='word_1_213' title='bbox 1083 3363 1192 3435; x_wconf 76' lang='grc'>(76)</span> <span class='ocrx_word' id='word_1_214' title='bbox 1242 3368 1336 3422; x_wconf 79' lang='grc' dir='ltr'>τὴν</span> <span class='ocrx_word' id='word_1_215' title='bbox 1379 3363 1480 3427; x_wconf 75' lang='grc' dir='ltr'>ἕξιν</span> <span class='ocrx_word' id='word_1_216' title='bbox 1527 3373 1623 3428; x_wconf 81' lang='grc' dir='ltr'>τῆς</span> <span class='ocrx_word' id='word_1_217' title='bbox 1686 3385 1862 3419; x_wconf 83' lang='grc' dir='ltr'>ταπει-</span> 
     </span>
    </p>
   </div>
   <div class='ocr_carea' id='block_1_36' title="bbox 253 3451 1862 3528">
    <p class='ocr_par' dir='ltr' id='par_1_36' title="bbox 253 3451 1862 3528">
     <span class='ocr_line' id='line_1_36' title="bbox 253 3451 1862 3528; baseline 0.004 -26"><span class='ocrx_word' id='word_1_218' title='bbox 253 3454 616 3526; x_wconf 69' lang='grc' dir='ltr'>νοφροσᾶνηςο</span> <span class='ocrx_word' id='word_1_219' title='bbox 690 3453 864 3528; x_wconf 81' lang='grc' dir='ltr'>ὥσπερ</span> <span class='ocrx_word' id='word_1_220' title='bbox 928 3458 1018 3506; x_wconf 78' lang='grc' dir='ltr'>καὶ</span> <span class='ocrx_word' id='word_1_221' title='bbox 1071 3451 1154 3508; x_wconf 79' lang='grc' dir='ltr'>ἐπὶ</span> <span class='ocrx_word' id='word_1_222' title='bbox 1200 3462 1300 3505; x_wconf 85' lang='grc' dir='ltr'>τῶν</span> <span class='ocrx_word' id='word_1_223' title='bbox 1351 3463 1548 3526; x_wconf 80' lang='grc' dir='ltr'>τεχνῶν</span> <span class='ocrx_word' id='word_1_224' title='bbox 1621 3457 1862 3526; x_wconf 76' lang='grc' dir='ltr'>γίνεσθαι</span> 
     </span>
    </p>
   </div>
   <div class='ocr_carea' id='block_1_37' title="bbox 257 3536 1862 3617">
    <p class='ocr_par' dir='ltr' id='par_1_37' title="bbox 257 3536 1862 3617">
     <span class='ocr_line' id='line_1_37' title="bbox 257 3536 1862 3617; baseline 0.004 -25"><span class='ocrx_word' id='word_1_225' title='bbox 257 3541 453 3596; x_wconf 81' lang='grc' dir='ltr'>εἴωθεν.</span> <span class='ocrx_word' id='word_1_226' title='bbox 503 3540 560 3592; x_wconf 73' lang='grc' dir='ltr'>Ὀ</span> <span class='ocrx_word' id='word_1_227' title='bbox 627 3536 686 3593; x_wconf 67' lang='grc' dir='ltr'>δε</span> <span class='ocrx_word' id='word_1_228' title='bbox 742 3541 896 3603; x_wconf 70' lang='grc' dir='ltr'>αὐτὸς</span> <span class='ocrx_word' id='word_1_229' title='bbox 948 3545 1137 3616; x_wconf 84' lang='grc' dir='ltr'>τρόπος</span> <span class='ocrx_word' id='word_1_230' title='bbox 1186 3551 1281 3605; x_wconf 80' lang='grc' dir='ltr'>τῆς</span> <span class='ocrx_word' id='word_1_231' title='bbox 1336 3545 1708 3617; x_wconf 76' lang='grc' dir='ltr'>κατορθώσεως</span> <span class='ocrx_word' id='word_1_232' title='bbox 1773 3549 1862 3598; x_wconf 75' lang='grc' dir='ltr'>καὶ</span> 
     </span>
    </p>
   </div>
   <div class='ocr_carea' id='block_1_38' title="bbox 255 3627 1860 3707">
    <p class='ocr_par' dir='ltr' id='par_1_38' title="bbox 255 3627 1860 3707">
     <span class='ocr_line' id='line_1_38' title="bbox 255 3627 1860 3707; baseline 0.003 -27"><span class='ocrx_word' id='word_1_233' title='bbox 255 3627 342 3680; x_wconf 70' lang='grc' dir='ltr'>ἐπὶ</span> <span class='ocrx_word' id='word_1_234' title='bbox 372 3631 544 3690; x_wconf 84' lang='grc' dir='ltr'>πάσης</span> <span class='ocrx_word' id='word_1_235' title='bbox 584 3629 767 3706; x_wconf 79' lang='grc' dir='ltr'>ἀρετῆς</span> <span class='ocrx_word' id='word_1_236' title='bbox 807 3638 900 3695; x_wconf 80' lang='grc' dir='ltr'>τῆς</span> <span class='ocrx_word' id='word_1_237' title='bbox 929 3631 1044 3685; x_wconf 81' lang='grc' dir='ltr'>κατ’</span> <span class='ocrx_word' id='word_1_238' title='bbox 1075 3630 1280 3690; x_wconf 76' lang='grc' dir='ltr'>ἐντολὴν</span> <span class='ocrx_word' id='word_1_239' title='bbox 1329 3640 1421 3684; x_wconf 81' lang='grc' dir='ltr'>τοῦ</span> <span class='ocrx_word' id='word_1_240' title='bbox 1479 3638 1673 3707; x_wconf 83' lang='grc' dir='ltr'>Κυρίου</span> <span class='ocrx_word' id='word_1_241' title='bbox 1715 3634 1860 3706; x_wconf 77' lang='grc' dir='ltr'>ἡμῶν</span> 
     </span>
    </p>
   </div>
   <div class='ocr_carea' id='block_1_39' title="bbox 259 3719 738 3797">
    <p class='ocr_par' dir='ltr' id='par_1_39' title="bbox 259 3719 738 3797">
     <span class='ocr_line' id='line_1_39' title="bbox 259 3719 738 3797; baseline 0.004 -25"><span class='ocrx_word' id='word_1_242' title='bbox 259 3719 438 3778; x_wconf 78' lang='grc' dir='ltr'>Ἰησοῦ</span> <span class='ocrx_word' id='word_1_243' title='bbox 479 3729 738 3797; x_wconf 83' lang='grc' dir='ltr'>Χριστοῦ.</span> 
     </span>
    </p>
   </div>
   <div class='ocr_carea' id='block_1_40' title="bbox 812 3813 1311 3890">
    <p class='ocr_par' dir='ltr' id='par_1_40' title="bbox 812 3813 1311 3890">
     <span class='ocr_line' id='line_1_40' title="bbox 812 3813 1311 3890; baseline 0.008 -8"><span class='ocrx_word' id='word_1_244' title='bbox 812 3834 1126 3883; x_wconf 75' lang='lat' dir='ltr'>EPnTnzlz</span> <span class='ocrx_word' id='word_1_245' title='bbox 1158 3813 1311 3890; x_wconf 65' lang='lat'>959&#39;.</span> 
     </span>
    </p>
   </div>
   <div class='ocr_carea' id='block_1_41' title="bbox 256 3915 1860 3994">
    <p class='ocr_par' dir='ltr' id='par_1_41' title="bbox 256 3915 1860 3994">
     <span class='ocr_line' id='line_1_41' title="bbox 256 3915 1860 3994; baseline 0.002 -24"><span class='ocrx_word' id='word_1_246' title='bbox 256 3923 377 3979; x_wconf 85' lang='grc' dir='ltr'>Πῶς</span> <span class='ocrx_word' id='word_1_247' title='bbox 415 3919 477 3969; x_wconf 85' lang='grc' dir='ltr'>οἶν</span> <span class='ocrx_word' id='word_1_248' title='bbox 519 3937 598 3980; x_wconf 85' lang='grc' dir='ltr'>τις</span> <span class='ocrx_word' id='word_1_249' title='bbox 663 3919 1021 3991; x_wconf 77' lang='grc' dir='ltr'>προθυμηθείη</span> <span class='ocrx_word' id='word_1_250' title='bbox 1073 3924 1162 3971; x_wconf 82' lang='grc' dir='ltr'>καὶ</span> <span class='ocrx_word' id='word_1_251' title='bbox 1221 3938 1347 3993; x_wconf 88' lang='grc' dir='ltr'>προς</span> <span class='ocrx_word' id='word_1_252' title='bbox 1404 3915 1679 3982; x_wconf 78' lang='grc' dir='ltr'>κινδυνους</span> <span class='ocrx_word' id='word_1_253' title='bbox 1733 3921 1860 3994; x_wconf 78' lang='grc' dir='ltr'>υπὶρ</span> 
     </span>
    </p>
   </div>
   <div class='ocr_carea' id='block_1_42' title="bbox 328 4005 1644 4083">
    <p class='ocr_par' dir='ltr' id='par_1_42' title="bbox 328 4005 1644 4083">
     <span class='ocr_line' id='line_1_42' title="bbox 328 4005 1644 4083; baseline 0.005 -25"><span class='ocrx_word' id='word_1_254' title='bbox 328 4015 423 4069; x_wconf 79' lang='grc' dir='ltr'>τῆς</span> <span class='ocrx_word' id='word_1_255' title='bbox 445 4005 644 4068; x_wconf 75' lang='grc' dir='ltr'>ἐντολῆς</span> <span class='ocrx_word' id='word_1_256' title='bbox 664 4015 755 4060; x_wconf 81' lang='grc' dir='ltr'>τοῦ</span> <span class='ocrx_word' id='word_1_257' title='bbox 785 4010 979 4082; x_wconf 90' lang='grc' dir='ltr'>Κυρίου</span> <span class='ocrx_word' id='word_1_258' title='bbox 1002 4007 1486 4083; x_wconf 80' lang='grc' dir='ltr'>παραϐουλεύεσθαι</span> <span class='ocrx_word' id='word_1_259' title='bbox 1514 4009 1644 4081; x_wconf 90' lang='grc'>(77).</span> 
     </span>
    </p>
   </div>
   <div class='ocr_carea' id='block_1_43' title="bbox 867 4120 1252 4171">
    <p class='ocr_par' dir='ltr' id='par_1_43' title="bbox 867 4120 1252 4171">
     <span class='ocr_line' id='line_1_43' title="bbox 867 4120 1252 4171; baseline 0.008 -3"><span class='ocrx_word' id='word_1_260' title='bbox 867 4120 1221 4170; x_wconf 80' lang='grc' dir='ltr'>ΔΠΟΚΡΙΣΙΣ</span> <span class='ocrx_word' id='word_1_261' title='bbox 1239 4158 1252 4171; x_wconf 92' lang='grc'><strong>.</strong></span> 
     </span>
    </p>
   </div>
   <div class='ocr_carea' id='block_1_44' title="bbox 328 4206 1862 4282">
    <p class='ocr_par' dir='ltr' id='par_1_44' title="bbox 328 4206 1862 4282">
     <span class='ocr_line' id='line_1_44' title="bbox 328 4206 1862 4282; baseline 0.002 -24"><span class='ocrx_word' id='word_1_262' title='bbox 328 4211 542 4277; x_wconf 82' lang='grc' dir='ltr'>Πρῶτον</span> <span class='ocrx_word' id='word_1_263' title='bbox 610 4207 702 4277; x_wconf 70' lang='grc' dir='ltr'>μὲν</span> <span class='ocrx_word' id='word_1_264' title='bbox 783 4206 1157 4278; x_wconf 79' lang='grc' dir='ltr'>ὑπομνησθεὶς,</span> <span class='ocrx_word' id='word_1_265' title='bbox 1249 4207 1328 4261; x_wconf 87' lang='grc' dir='ltr'>ὅτι</span> <span class='ocrx_word' id='word_1_266' title='bbox 1383 4206 1539 4270; x_wconf 69' lang='grc' dir='ltr'>αὐτὸς</span> <span class='ocrx_word' id='word_1_267' title='bbox 1586 4208 1612 4260; x_wconf 88' lang='grc' dir='ltr'><strong><em>ὁ</em></strong></span> <span class='ocrx_word' id='word_1_268' title='bbox 1670 4209 1862 4282; x_wconf 79' lang='grc' dir='ltr'>Κύριος</span> 
     </span>
    </p>
   </div>
   <div class='ocr_carea' id='block_1_45' title="bbox 253 4295 1856 4371">
    <p class='ocr_par' dir='ltr' id='par_1_45' title="bbox 253 4295 1856 4371">
     <span class='ocr_line' id='line_1_45' title="bbox 253 4295 1856 4371; baseline 0.002 -24"><span class='ocrx_word' id='word_1_269' title='bbox 253 4296 386 4369; x_wconf 67' lang='grc' dir='ltr'>ὑπὲρ</span> <span class='ocrx_word' id='word_1_270' title='bbox 433 4295 580 4366; x_wconf 79' lang='grc' dir='ltr'>ἡμῶν</span> <span class='ocrx_word' id='word_1_271' title='bbox 638 4295 902 4353; x_wconf 78' lang='grc' dir='ltr'>ὑπήκουσε</span> <span class='ocrx_word' id='word_1_272' title='bbox 974 4302 1047 4366; x_wconf 78' lang='grc' dir='ltr'>τῷ</span> <span class='ocrx_word' id='word_1_273' title='bbox 1127 4300 1296 4370; x_wconf 83' lang='grc' dir='ltr'>Πατρὶ</span> <span class='ocrx_word' id='word_1_274' title='bbox 1365 4300 1530 4371; x_wconf 83' lang='grc' dir='ltr'>μέχρι</span> <span class='ocrx_word' id='word_1_275' title='bbox 1594 4298 1814 4351; x_wconf 86' lang='grc' dir='ltr'>θανάτου</span> <span class='ocrx_word' id='word_1_276' title='bbox 1844 4319 1856 4331; x_wconf 80' lang='grc' dir='ltr'>ο</span> 
     </span>
    </p>
   </div>
   <div class='ocr_carea' id='block_1_46' title="bbox 1890 3139 1932 3194">
    <p class='ocr_par' dir='ltr' id='par_1_46' title="bbox 1890 3139 1932 3194">
     <span class='ocr_line' id='line_1_46' title="bbox 1890 3139 1932 3194; baseline 0 0"><span class='ocrx_word' id='word_1_277' title='bbox 1890 3139 1932 3194; x_wconf 88' lang='lat' dir='ltr'>C</span> 
     </span>
    </p>
   </div>
   <div class='ocr_carea' id='block_1_47' title="bbox 1404 308 2483 370">
    <p class='ocr_par' dir='ltr' id='par_1_47' title="bbox 1404 308 2483 370">
     <span class='ocr_line' id='line_1_47' title="bbox 1404 308 2483 370; baseline 0.002 -6"><span class='ocrx_word' id='word_1_278' title='bbox 1404 310 1698 364; x_wconf 65' lang='lat' dir='ltr'>REGULA‘J</span> <span class='ocrx_word' id='word_1_279' title='bbox 1748 308 2038 366; x_wconf 79' lang='lat' dir='ltr'>BREVIUS</span> <span class='ocrx_word' id='word_1_280' title='bbox 2074 309 2483 370; x_wconf 70' lang='lat' dir='ltr'>TRACTATE.</span> 
     </span>
    </p>
   </div>
   <div class='ocr_carea' id='block_1_48' title="bbox 3489 324 3626 382">
    <p class='ocr_par' dir='ltr' id='par_1_48' title="bbox 3489 324 3626 382">
     <span class='ocr_line' id='line_1_48' title="bbox 3489 324 3626 382; baseline 0.029 -4"><span class='ocrx_word' id='word_1_281' title='bbox 3489 324 3626 382; x_wconf 71' lang='grc'><strong>1214</strong></span> 
     </span>
    </p>
   </div>
   <div class='ocr_carea' id='block_1_49' title="bbox 1972 433 3627 509">
    <p class='ocr_par' dir='ltr' id='par_1_49' title="bbox 1972 433 3627 509">
     <span class='ocr_line' id='line_1_49' title="bbox 1972 433 3627 509; baseline 0.005 -19"><span class='ocrx_word' id='word_1_282' title='bbox 1972 433 2286 504; x_wconf 82' lang='lat' dir='ltr'>afﬁciatur,</span> <span class='ocrx_word' id='word_1_283' title='bbox 2315 436 2408 492; x_wconf 85' lang='lat' dir='ltr'>vel</span> <span class='ocrx_word' id='word_1_284' title='bbox 2432 436 2558 508; x_wconf 85' lang='lat' dir='ltr'>ipso</span> <span class='ocrx_word' id='word_1_285' title='bbox 2583 435 2848 509; x_wconf 86' lang='lat' dir='ltr'>corporis</span> <span class='ocrx_word' id='word_1_286' title='bbox 2874 440 3035 494; x_wconf 90' lang='lat' dir='ltr'>statu</span> <span class='ocrx_word' id='word_1_287' title='bbox 3077 437 3138 494; x_wconf 89' lang='lat' dir='ltr'>id</span> <span class='ocrx_word' id='word_1_288' title='bbox 3170 441 3513 506; x_wconf 86' lang='lat' dir='ltr'>attestante,</span> <span class='ocrx_word' id='word_1_289' title='bbox 3562 446 3627 498; x_wconf 89' lang='lat' dir='ltr'>ut</span> 
     </span>
    </p>
   </div>
   <div class='ocr_carea' id='block_1_50' title="bbox 1973 513 3630 602">
    <p class='ocr_par' dir='ltr' id='par_1_50' title="bbox 1973 513 3630 602">
     <span class='ocr_line' id='line_1_50' title="bbox 1973 513 3630 602; baseline 0.006 -25"><span class='ocrx_word' id='word_1_290' title='bbox 1973 538 2096 578; x_wconf 90' lang='lat' dir='ltr'>non</span> <span class='ocrx_word' id='word_1_291' title='bbox 2128 524 2285 584; x_wconf 90' lang='lat' dir='ltr'>velut</span> <span class='ocrx_word' id='word_1_292' title='bbox 2305 513 2584 582; x_wconf 82' lang='lat' dir='ltr'>curarum</span> <span class='ocrx_word' id='word_1_293' title='bbox 2616 541 2828 598; x_wconf 82' lang='lat' dir='ltr'>expers</span> <span class='ocrx_word' id='word_1_294' title='bbox 2857 525 3018 592; x_wconf 91' lang='lat' dir='ltr'>edat,</span> <span class='ocrx_word' id='word_1_295' title='bbox 3060 527 3166 584; x_wconf 85' lang='lat' dir='ltr'>sed</span> <span class='ocrx_word' id='word_1_296' title='bbox 3198 533 3488 602; x_wconf 81' lang='lat' dir='ltr'>tanquam</span> <span class='ocrx_word' id='word_1_297' title='bbox 3517 530 3630 602; x_wconf 87' lang='lat' dir='ltr'>qui</span> 
     </span>
    </p>
   </div>
   <div class='ocr_carea' id='block_1_51' title="bbox 1977 614 3626 686">
    <p class='ocr_par' dir='ltr' id='par_1_51' title="bbox 1977 614 3626 686">
     <span class='ocr_line' id='line_1_51' title="bbox 1977 614 3626 686; baseline 0.007 -17"><span class='ocrx_word' id='word_1_298' title='bbox 1977 615 2164 670; x_wconf 89' lang='lat' dir='ltr'>Deum</span> <span class='ocrx_word' id='word_1_299' title='bbox 2192 614 2416 670; x_wconf 88' lang='lat' dir='ltr'>habeat</span> <span class='ocrx_word' id='word_1_300' title='bbox 2443 618 2881 686; x_wconf 88' lang='lat' dir='ltr'>inspectorem;</span> <span class='ocrx_word' id='word_1_301' title='bbox 2928 616 3069 674; x_wconf 83' lang='lat' dir='ltr'>item</span> <span class='ocrx_word' id='word_1_302' title='bbox 3114 633 3164 673; x_wconf 83' lang='lat' dir='ltr'>si</span> <span class='ocrx_word' id='word_1_303' title='bbox 3192 617 3348 675; x_wconf 86' lang='lat' dir='ltr'>inter</span> <span class='ocrx_word' id='word_1_304' title='bbox 3377 635 3626 680; x_wconf 87' lang='lat' dir='ltr'>sumen-</span> 
     </span>
    </p>
   </div>
   <div class='ocr_carea' id='block_1_52' title="bbox 1973 701 3629 778">
    <p class='ocr_par' dir='ltr' id='par_1_52' title="bbox 1973 701 3629 778">
     <span class='ocr_line' id='line_1_52' title="bbox 1973 701 3629 778; baseline 0.003 -19"><span class='ocrx_word' id='word_1_305' title='bbox 1973 701 2125 760; x_wconf 90' lang='lat' dir='ltr'>dum</span> <span class='ocrx_word' id='word_1_306' title='bbox 2150 703 2354 760; x_wconf 84' lang='lat' dir='ltr'>cibum</span> <span class='ocrx_word' id='word_1_307' title='bbox 2381 703 2564 761; x_wconf 83' lang='lat' dir='ltr'>habet</span> <span class='ocrx_word' id='word_1_308' title='bbox 2581 705 2744 762; x_wconf 91' lang='lat' dir='ltr'>hunc</span> <span class='ocrx_word' id='word_1_309' title='bbox 2765 721 3040 778; x_wconf 89' lang='lat' dir='ltr'>scopum,</span> <span class='ocrx_word' id='word_1_310' title='bbox 3068 711 3133 762; x_wconf 86' lang='lat' dir='ltr'>ut</span> <span class='ocrx_word' id='word_1_311' title='bbox 3154 722 3280 764; x_wconf 88' lang='lat' dir='ltr'>non</span> <span class='ocrx_word' id='word_1_312' title='bbox 3299 707 3486 765; x_wconf 85' lang='lat' dir='ltr'>veluti</span> <span class='ocrx_word' id='word_1_313' title='bbox 3509 724 3629 766; x_wconf 87' lang='lat' dir='ltr'>ser-</span> 
     </span>
    </p>
   </div>
   <div class='ocr_carea' id='block_1_53' title="bbox 1975 792 3630 868">
    <p class='ocr_par' dir='ltr' id='par_1_53' title="bbox 1975 792 3630 868">
     <span class='ocr_line' id='line_1_53' title="bbox 1975 792 3630 868; baseline 0.005 -23"><span class='ocrx_word' id='word_1_314' title='bbox 1975 807 2082 845; x_wconf 89' lang='lat' dir='ltr'>vus</span> <span class='ocrx_word' id='word_1_315' title='bbox 2107 792 2329 847; x_wconf 85' lang='lat' dir='ltr'>ventris</span> <span class='ocrx_word' id='word_1_316' title='bbox 2352 792 2629 852; x_wconf 80' lang='lat' dir='ltr'>comedat</span> <span class='ocrx_word' id='word_1_317' title='bbox 2647 800 2890 868; x_wconf 81' lang='lat' dir='ltr'>propter</span> <span class='ocrx_word' id='word_1_318' title='bbox 2909 794 3302 867; x_wconf 88' lang='lat' dir='ltr'>voluptatem,</span> <span class='ocrx_word' id='word_1_319' title='bbox 3330 795 3436 852; x_wconf 90' lang='lat' dir='ltr'>sed</span> <span class='ocrx_word' id='word_1_320' title='bbox 3466 796 3630 854; x_wconf 81' lang='lat' dir='ltr'>velut</span> 
     </span>
    </p>
   </div>
   <div class='ocr_carea' id='block_1_54' title="bbox 1975 881 3626 957">
    <p class='ocr_par' dir='ltr' id='par_1_54' title="bbox 1975 881 3626 957">
     <span class='ocr_line' id='line_1_54' title="bbox 1975 881 3626 957; baseline 0.005 -24"><span class='ocrx_word' id='word_1_321' title='bbox 1975 881 2285 952; x_wconf 86' lang='lat' dir='ltr'>operarius</span> <span class='ocrx_word' id='word_1_322' title='bbox 2309 881 2434 949; x_wconf 90' lang='lat' dir='ltr'>Dei;</span> <span class='ocrx_word' id='word_1_323' title='bbox 2480 886 2541 939; x_wconf 92' lang='lat' dir='ltr'>ut</span> <span class='ocrx_word' id='word_1_324' title='bbox 2565 883 2625 938; x_wconf 91' lang='lat' dir='ltr'>in</span> <span class='ocrx_word' id='word_1_325' title='bbox 2645 882 2934 940; x_wconf 85' lang='lat' dir='ltr'>faciendis</span> <span class='ocrx_word' id='word_1_326' title='bbox 2955 883 3240 957; x_wconf 82' lang='lat' dir='ltr'>operibus</span> <span class='ocrx_word' id='word_1_327' title='bbox 3267 900 3404 957; x_wconf 70' lang='lat' dir='ltr'>quae</span> <span class='ocrx_word' id='word_1_328' title='bbox 3448 901 3626 941; x_wconf 91' lang='lat' dir='ltr'>man-</span> 
     </span>
    </p>
   </div>
   <div class='ocr_carea' id='block_1_55' title="bbox 1975 969 3180 1044">
    <p class='ocr_par' dir='ltr' id='par_1_55' title="bbox 1975 969 3180 1044">
     <span class='ocr_line' id='line_1_55' title="bbox 1975 969 3180 1044; baseline 0.002 -18"><span class='ocrx_word' id='word_1_329' title='bbox 1975 969 2117 1028; x_wconf 86' lang='lat' dir='ltr'>dato</span> <span class='ocrx_word' id='word_1_330' title='bbox 2149 971 2364 1028; x_wconf 85' lang='lat' dir='ltr'>Christi</span> <span class='ocrx_word' id='word_1_331' title='bbox 2383 971 2552 1044; x_wconf 86' lang='lat' dir='ltr'>ﬁunt,</span> <span class='ocrx_word' id='word_1_332' title='bbox 2586 973 2852 1043; x_wconf 82' lang='lat' dir='ltr'>vegetior</span> <span class='ocrx_word' id='word_1_333' title='bbox 2872 974 3180 1031; x_wconf 85' lang='lat' dir='ltr'>reddatur.</span> 
     </span>
    </p>
   </div>
   <div class='ocr_carea' id='block_1_56' title="bbox 2402 1081 3204 1140">
    <p class='ocr_par' dir='ltr' id='par_1_56' title="bbox 2402 1081 3204 1140">
     <span class='ocr_line' id='line_1_56' title="bbox 2402 1081 3204 1140; baseline 0 -4"><span class='ocrx_word' id='word_1_334' title='bbox 2402 1081 2922 1139; x_wconf 80' lang='lat' dir='ltr'>INTERROGATIO</span> <span class='ocrx_word' id='word_1_335' title='bbox 2978 1084 3204 1140; x_wconf 83' lang='lat' dir='ltr'>CXCVII</span> 
     </span>
    </p>
   </div>
   <div class='ocr_carea' id='block_1_57' title="bbox 2077 1168 3526 1243">
    <p class='ocr_par' dir='ltr' id='par_1_57' title="bbox 2077 1168 3526 1243">
     <span class='ocr_line' id='line_1_57' title="bbox 2077 1168 3526 1243; baseline 0.003 -19"><span class='ocrx_word' id='word_1_336' title='bbox 2077 1168 2378 1236; x_wconf 80' lang='lat' dir='ltr'>Quomodo</span> <span class='ocrx_word' id='word_1_337' title='bbox 2407 1171 2594 1240; x_wconf 81' lang='lat' dir='ltr'>faciat</span> <span class='ocrx_word' id='word_1_338' title='bbox 2615 1170 2883 1243; x_wconf 73' lang='lat' dir='ltr'>dextera,</span> <span class='ocrx_word' id='word_1_339' title='bbox 2912 1176 2975 1228; x_wconf 81' lang='lat' dir='ltr'>ut</span> <span class='ocrx_word' id='word_1_340' title='bbox 3001 1172 3223 1229; x_wconf 77' lang='lat' dir='ltr'>nesciat</span> <span class='ocrx_word' id='word_1_341' title='bbox 3252 1171 3526 1230; x_wconf 78' lang='lat' dir='ltr'>sinislra.</span> 
     </span>
    </p>
   </div>
   <div class='ocr_carea' id='block_1_58' title="bbox 2598 1279 3007 1336">
    <p class='ocr_par' dir='ltr' id='par_1_58' title="bbox 2598 1279 3007 1336">
     <span class='ocr_line' id='line_1_58' title="bbox 2598 1279 3007 1336; baseline 0.007 -3"><span class='ocrx_word' id='word_1_342' title='bbox 2598 1279 3007 1336; x_wconf 78' lang='lat' dir='ltr'>RESPONSIO.</span> 
     </span>
    </p>
   </div>
   <div class='ocr_carea' id='block_1_59' title="bbox 2047 1365 3626 1442">
    <p class='ocr_par' dir='ltr' id='par_1_59' title="bbox 2047 1365 3626 1442">
     <span class='ocr_line' id='line_1_59' title="bbox 2047 1365 3626 1442; baseline 0.003 -21"><span class='ocrx_word' id='word_1_343' title='bbox 2047 1367 2193 1422; x_wconf 91' lang='lat' dir='ltr'>Tum</span> <span class='ocrx_word' id='word_1_344' title='bbox 2220 1381 2360 1422; x_wconf 90' lang='lat' dir='ltr'>cum</span> <span class='ocrx_word' id='word_1_345' title='bbox 2407 1365 2655 1422; x_wconf 88' lang='lat' dir='ltr'>assiduo</span> <span class='ocrx_word' id='word_1_346' title='bbox 2676 1367 3101 1424; x_wconf 82' lang='lat' dir='ltr'>acvehementi</span> <span class='ocrx_word' id='word_1_347' title='bbox 3146 1367 3446 1426; x_wconf 89' lang='lat' dir='ltr'>desiderio</span> <span class='ocrx_word' id='word_1_348' title='bbox 3499 1368 3626 1442; x_wconf 85' lang='lat' dir='ltr'>pla-</span> 
     </span>
    </p>
   </div>
   <div class='ocr_carea' id='block_1_60' title="bbox 1979 1453 3625 1519">
    <p class='ocr_par' dir='ltr' id='par_1_60' title="bbox 1979 1453 3625 1519">
     <span class='ocr_line' id='line_1_60' title="bbox 1979 1453 3625 1519; baseline 0.002 -10"><span class='ocrx_word' id='word_1_349' title='bbox 1979 1453 2152 1509; x_wconf 91' lang='lat' dir='ltr'>cendi</span> <span class='ocrx_word' id='word_1_350' title='bbox 2185 1455 2325 1519; x_wconf 93' lang='lat' dir='ltr'>Deo,</span> <span class='ocrx_word' id='word_1_351' title='bbox 2362 1469 2534 1509; x_wconf 90' lang='lat' dir='ltr'>mens</span> <span class='ocrx_word' id='word_1_352' title='bbox 2562 1456 2814 1512; x_wconf 89' lang='lat' dir='ltr'>omnino</span> <span class='ocrx_word' id='word_1_353' title='bbox 2851 1454 3100 1512; x_wconf 89' lang='lat' dir='ltr'>sollicita</span> <span class='ocrx_word' id='word_1_354' title='bbox 3146 1471 3220 1511; x_wconf 91' lang='lat' dir='ltr'>ne</span> <span class='ocrx_word' id='word_1_355' title='bbox 3260 1456 3498 1512; x_wconf 82' lang='lat' dir='ltr'>excidat</span> <span class='ocrx_word' id='word_1_356' title='bbox 3547 1456 3625 1513; x_wconf 90' lang='lat' dir='ltr'>ab</span> 
     </span>
    </p>
   </div>
   <div class='ocr_carea' id='block_1_61' title="bbox 1978 1541 3626 1614">
    <p class='ocr_par' dir='ltr' id='par_1_61' title="bbox 1978 1541 3626 1614">
     <span class='ocr_line' id='line_1_61' title="bbox 1978 1541 3626 1614; baseline 0.002 -15"><span class='ocrx_word' id='word_1_357' title='bbox 1978 1541 2196 1608; x_wconf 84' lang='lat' dir='ltr'>ofﬁcio,</span> <span class='ocrx_word' id='word_1_358' title='bbox 2223 1542 2506 1614; x_wconf 80' lang='lat' dir='ltr'>legitimis</span> <span class='ocrx_word' id='word_1_359' title='bbox 2528 1543 2727 1600; x_wconf 89' lang='lat' dir='ltr'>modis</span> <span class='ocrx_word' id='word_1_360' title='bbox 2751 1543 3032 1602; x_wconf 75' lang='lat' dir='ltr'>decertat.</span> <span class='ocrx_word' id='word_1_361' title='bbox 3061 1543 3232 1602; x_wconf 88' lang='lat' dir='ltr'>Tunc</span> <span class='ocrx_word' id='word_1_362' title='bbox 3255 1543 3330 1600; x_wconf 82' lang='lat' dir='ltr'>de</span> <span class='ocrx_word' id='word_1_363' title='bbox 3355 1544 3522 1602; x_wconf 89' lang='lat' dir='ltr'>nulla</span> <span class='ocrx_word' id='word_1_364' title='bbox 3541 1561 3626 1609; x_wconf 88' lang='lat' dir='ltr'>re,</span> 
     </span>
    </p>
   </div>
   <div class='ocr_carea' id='block_1_62' title="bbox 1977 1632 3629 1706">
    <p class='ocr_par' dir='ltr' id='par_1_62' title="bbox 1977 1632 3629 1706">
     <span class='ocr_line' id='line_1_62' title="bbox 1977 1632 3629 1706; baseline 0.001 -16"><span class='ocrx_word' id='word_1_365' title='bbox 1977 1639 2033 1690; x_wconf 90' lang='lat' dir='ltr'>et</span> <span class='ocrx_word' id='word_1_366' title='bbox 2057 1649 2131 1690; x_wconf 92' lang='lat' dir='ltr'>ne</span> <span class='ocrx_word' id='word_1_367' title='bbox 2160 1633 2236 1690; x_wconf 92' lang='lat' dir='ltr'>de</span> <span class='ocrx_word' id='word_1_368' title='bbox 2265 1632 2450 1690; x_wconf 90' lang='lat' dir='ltr'>altero</span> <span class='ocrx_word' id='word_1_369' title='bbox 2474 1633 2720 1706; x_wconf 89' lang='lat' dir='ltr'>quidem</span> <span class='ocrx_word' id='word_1_370' title='bbox 2744 1633 3020 1691; x_wconf 88' lang='lat' dir='ltr'>membro</span> <span class='ocrx_word' id='word_1_371' title='bbox 3045 1636 3288 1705; x_wconf 81' lang='lat' dir='ltr'>cogitat,</span> <span class='ocrx_word' id='word_1_372' title='bbox 3318 1634 3432 1692; x_wconf 84' lang='lat' dir='ltr'>nisi</span> <span class='ocrx_word' id='word_1_373' title='bbox 3460 1635 3535 1692; x_wconf 91' lang='lat' dir='ltr'>de</span> <span class='ocrx_word' id='word_1_374' title='bbox 3557 1651 3629 1692; x_wconf 92' lang='lat' dir='ltr'>eo</span> 
     </span>
    </p>
   </div>
   <div class='ocr_carea' id='block_1_63' title="bbox 1976 1721 3629 1794">
    <p class='ocr_par' dir='ltr' id='par_1_63' title="bbox 1976 1721 3629 1794">
     <span class='ocr_line' id='line_1_63' title="bbox 1976 1721 3629 1794; baseline 0.001 -17"><span class='ocrx_word' id='word_1_375' title='bbox 1976 1721 2288 1787; x_wconf 83' lang='lat' dir='ltr'>duntaxat,</span> <span class='ocrx_word' id='word_1_376' title='bbox 2331 1721 2500 1794; x_wconf 90' lang='lat' dir='ltr'>quod</span> <span class='ocrx_word' id='word_1_377' title='bbox 2524 1721 2604 1778; x_wconf 92' lang='lat' dir='ltr'>ad</span> <span class='ocrx_word' id='word_1_378' title='bbox 2625 1723 3008 1794; x_wconf 88' lang='lat' dir='ltr'>propositum</span> <span class='ocrx_word' id='word_1_379' title='bbox 3046 1722 3354 1780; x_wconf 90' lang='lat' dir='ltr'>conducit:</span> <span class='ocrx_word' id='word_1_380' title='bbox 3388 1727 3454 1779; x_wconf 92' lang='lat' dir='ltr'>ut</span> <span class='ocrx_word' id='word_1_381' title='bbox 3490 1723 3629 1779; x_wconf 81' lang='lat' dir='ltr'>arti-</span> 
     </span>
    </p>
   </div>
   <div class='ocr_carea' id='block_1_64' title="bbox 1975 1810 3628 1882">
    <p class='ocr_par' dir='ltr' id='par_1_64' title="bbox 1975 1810 3628 1882">
     <span class='ocr_line' id='line_1_64' title="bbox 1975 1810 3628 1882; baseline 0.002 -16"><span class='ocrx_word' id='word_1_382' title='bbox 1975 1810 2092 1877; x_wconf 88' lang='lat' dir='ltr'>fex,</span> <span class='ocrx_word' id='word_1_383' title='bbox 2132 1810 2239 1882; x_wconf 89' lang='lat' dir='ltr'>qui</span> <span class='ocrx_word' id='word_1_384' title='bbox 2267 1810 2330 1866; x_wconf 91' lang='lat' dir='ltr'>in</span> <span class='ocrx_word' id='word_1_385' title='bbox 2360 1810 2613 1881; x_wconf 82' lang='lat' dir='ltr'>singulis</span> <span class='ocrx_word' id='word_1_386' title='bbox 2643 1811 2932 1882; x_wconf 83' lang='lat' dir='ltr'>operibus</span> <span class='ocrx_word' id='word_1_387' title='bbox 2965 1828 3156 1870; x_wconf 89' lang='lat' dir='ltr'>unum</span> <span class='ocrx_word' id='word_1_388' title='bbox 3183 1811 3332 1868; x_wconf 87' lang='lat' dir='ltr'>illud</span> <span class='ocrx_word' id='word_1_389' title='bbox 3357 1816 3628 1870; x_wconf 80' lang='lat' dir='ltr'>tantum-</span> 
     </span>
    </p>
   </div>
   <div class='ocr_carea' id='block_1_65' title="bbox 1975 1899 3630 1974">
    <p class='ocr_par' dir='ltr' id='par_1_65' title="bbox 1975 1899 3630 1974">
     <span class='ocr_line' id='line_1_65' title="bbox 1975 1899 3630 1974; baseline 0.002 -18"><span class='ocrx_word' id='word_1_390' title='bbox 1975 1900 2160 1956; x_wconf 89' lang='lat' dir='ltr'>modo</span> <span class='ocrx_word' id='word_1_391' title='bbox 2186 1899 2652 1957; x_wconf 84' lang='lat' dir='ltr'>instrumentum</span> <span class='ocrx_word' id='word_1_392' title='bbox 2685 1905 2936 1972; x_wconf 87' lang='lat' dir='ltr'>spectat,</span> <span class='ocrx_word' id='word_1_393' title='bbox 2979 1901 3146 1974; x_wconf 89' lang='lat' dir='ltr'>quod</span> <span class='ocrx_word' id='word_1_394' title='bbox 3176 1901 3290 1958; x_wconf 82' lang='lat' dir='ltr'>sibi</span> <span class='ocrx_word' id='word_1_395' title='bbox 3325 1901 3405 1962; x_wconf 88' lang='lat' dir='ltr'>ad</span> <span class='ocrx_word' id='word_1_396' title='bbox 3435 1917 3510 1960; x_wconf 82' lang='lat' dir='ltr'>ea</span> <span class='ocrx_word' id='word_1_397' title='bbox 3536 1901 3630 1959; x_wconf 80' lang='lat' dir='ltr'>fa-</span> 
     </span>
    </p>
   </div>
   <div class='ocr_carea' id='block_1_66' title="bbox 1975 1989 2498 2047">
    <p class='ocr_par' dir='ltr' id='par_1_66' title="bbox 1975 1989 2498 2047">
     <span class='ocr_line' id='line_1_66' title="bbox 1975 1989 2498 2047; baseline -0.008 -1"><span class='ocrx_word' id='word_1_398' title='bbox 1975 1989 2190 2047; x_wconf 90' lang='lat' dir='ltr'>cienda</span> <span class='ocrx_word' id='word_1_399' title='bbox 2219 1989 2360 2046; x_wconf 90' lang='lat' dir='ltr'>utile</span> <span class='ocrx_word' id='word_1_400' title='bbox 2391 1993 2498 2046; x_wconf 90' lang='lat' dir='ltr'>est.</span> 
     </span>
    </p>
   </div>
   <div class='ocr_carea' id='block_1_67' title="bbox 2394 2097 3206 2155">
    <p class='ocr_par' dir='ltr' id='par_1_67' title="bbox 2394 2097 3206 2155">
     <span class='ocr_line' id='line_1_67' title="bbox 2394 2097 3206 2155; baseline 0.002 -3"><span class='ocrx_word' id='word_1_401' title='bbox 2394 2097 2903 2154; x_wconf 78' lang='lat' dir='ltr'>INTERROGATIO</span> <span class='ocrx_word' id='word_1_402' title='bbox 2935 2099 3206 2155; x_wconf 86' lang='lat' dir='ltr'>CXCVIII.</span> 
     </span>
    </p>
   </div>
   <div class='ocr_carea' id='block_1_68' title="bbox 2013 2186 3592 2258">
    <p class='ocr_par' dir='ltr' id='par_1_68' title="bbox 2013 2186 3592 2258">
     <span class='ocr_line' id='line_1_68' title="bbox 2013 2186 3592 2258; baseline -0.003 -14"><span class='ocrx_word' id='word_1_403' title='bbox 2013 2187 2170 2256; x_wconf 86' lang='lat' dir='ltr'>Quid</span> <span class='ocrx_word' id='word_1_404' title='bbox 2196 2187 2276 2244; x_wconf 81' lang='lat' dir='ltr'>sit</span> <span class='ocrx_word' id='word_1_405' title='bbox 2296 2186 2628 2258; x_wconf 70' lang='lat' dir='ltr'>humilitas,</span> <span class='ocrx_word' id='word_1_406' title='bbox 2655 2191 2709 2244; x_wconf 78' lang='lat' dir='ltr'>et</span> <span class='ocrx_word' id='word_1_407' title='bbox 2730 2187 3024 2258; x_wconf 85' lang='lat' dir='ltr'>quomodo</span> <span class='ocrx_word' id='word_1_408' title='bbox 3041 2201 3168 2243; x_wconf 85' lang='lat' dir='ltr'>eam</span> <span class='ocrx_word' id='word_1_409' title='bbox 3185 2199 3592 2258; x_wconf 75' lang='lat' dir='ltr'>assequemur.</span> 
     </span>
    </p>
   </div>
   <div class='ocr_carea' id='block_1_69' title="bbox 2593 2293 3004 2350">
    <p class='ocr_par' dir='ltr' id='par_1_69' title="bbox 2593 2293 3004 2350">
     <span class='ocr_line' id='line_1_69' title="bbox 2593 2293 3004 2350; baseline -0.005 -1"><span class='ocrx_word' id='word_1_410' title='bbox 2593 2293 3004 2350; x_wconf 78' lang='lat' dir='ltr'>RESPONSIO.</span> 
     </span>
    </p>
   </div>
   <div class='ocr_carea' id='block_1_70' title="bbox 2045 2379 3628 2456">
    <p class='ocr_par' dir='ltr' id='par_1_70' title="bbox 2045 2379 3628 2456">
     <span class='ocr_line' id='line_1_70' title="bbox 2045 2379 3628 2456; baseline -0.003 -16"><span class='ocrx_word' id='word_1_411' title='bbox 2045 2385 2268 2440; x_wconf 87' lang='lat' dir='ltr'>Omnes</span> <span class='ocrx_word' id='word_1_412' title='bbox 2299 2383 2502 2456; x_wconf 87' lang='lat' dir='ltr'>seipso</span> <span class='ocrx_word' id='word_1_413' title='bbox 2528 2383 2978 2456; x_wconf 72' lang='lat' dir='ltr'>priestantiores</span> <span class='ocrx_word' id='word_1_414' title='bbox 3009 2381 3354 2438; x_wconf 87' lang='lat' dir='ltr'>existimare</span> <span class='ocrx_word' id='word_1_415' title='bbox 3388 2379 3628 2436; x_wconf 87' lang='lat' dir='ltr'>humili-</span> 
     </span>
    </p>
   </div>
   <div class='ocr_carea' id='block_1_71' title="bbox 1974 2470 3628 2546">
    <p class='ocr_par' dir='ltr' id='par_1_71' title="bbox 1974 2470 3628 2546">
     <span class='ocr_line' id='line_1_71' title="bbox 1974 2470 3628 2546; baseline -0.002 -17"><span class='ocrx_word' id='word_1_416' title='bbox 1974 2475 2064 2529; x_wconf 88' lang='lat' dir='ltr'>tas</span> <span class='ocrx_word' id='word_1_417' title='bbox 2093 2472 2340 2546; x_wconf 84' lang='lat' dir='ltr'>quidem</span> <span class='ocrx_word' id='word_1_418' title='bbox 2359 2477 2546 2542; x_wconf 88' lang='lat' dir='ltr'>est,ex</span> <span class='ocrx_word' id='word_1_419' title='bbox 2561 2471 2916 2545; x_wconf 81' lang='lat' dir='ltr'>praescripto</span> <span class='ocrx_word' id='word_1_420' title='bbox 2939 2470 3208 2544; x_wconf 82' lang='lat' dir='ltr'>Apostoli</span> <span class='ocrx_word' id='word_1_421' title='bbox 3227 2472 3292 2524; x_wconf 86' lang='grc'>¹¹.</span> <span class='ocrx_word' id='word_1_422' title='bbox 3322 2472 3404 2526; x_wconf 87' lang='lat' dir='ltr'>Ea</span> <span class='ocrx_word' id='word_1_423' title='bbox 3425 2473 3628 2526; x_wconf 86' lang='lat' dir='ltr'>autem</span> 
     </span>
    </p>
   </div>
   <div class='ocr_carea' id='block_1_72' title="bbox 1973 2558 3632 2632">
    <p class='ocr_par' dir='ltr' id='par_1_72' title="bbox 1973 2558 3632 2632">
     <span class='ocr_line' id='line_1_72' title="bbox 1973 2558 3632 2632; baseline -0.001 -16"><span class='ocrx_word' id='word_1_424' title='bbox 1973 2560 2446 2632; x_wconf 84' lang='lat' dir='ltr'>comparabitur,</span> <span class='ocrx_word' id='word_1_425' title='bbox 2469 2560 2734 2632; x_wconf 86' lang='lat' dir='ltr'>primum</span> <span class='ocrx_word' id='word_1_426' title='bbox 2755 2559 3026 2632; x_wconf 86' lang='lat' dir='ltr'>quidem,</span> <span class='ocrx_word' id='word_1_427' title='bbox 3064 2559 3114 2615; x_wconf 92' lang='lat' dir='ltr'>si</span> <span class='ocrx_word' id='word_1_428' title='bbox 3135 2559 3270 2632; x_wconf 87' lang='lat' dir='ltr'>quis</span> <span class='ocrx_word' id='word_1_429' title='bbox 3292 2558 3632 2614; x_wconf 88' lang='lat' dir='ltr'>meminerit</span> 
     </span>
    </p>
   </div>
   <div class='ocr_carea' id='block_1_73' title="bbox 1975 2647 3630 2720">
    <p class='ocr_par' dir='ltr' id='par_1_73' title="bbox 1975 2647 3630 2720">
     <span class='ocr_line' id='line_1_73' title="bbox 1975 2647 3630 2720; baseline -0.001 -16"><span class='ocrx_word' id='word_1_430' title='bbox 1975 2649 2245 2705; x_wconf 90' lang='lat' dir='ltr'>mandati</span> <span class='ocrx_word' id='word_1_431' title='bbox 2267 2648 2526 2716; x_wconf 90' lang='lat' dir='ltr'>Domini,</span> <span class='ocrx_word' id='word_1_432' title='bbox 2549 2649 2652 2720; x_wconf 91' lang='lat' dir='ltr'>qui</span> <span class='ocrx_word' id='word_1_433' title='bbox 2677 2647 2852 2703; x_wconf 87' lang='lat' dir='ltr'>dixit:</span> <span class='ocrx_word' id='word_1_434' title='bbox 2894 2649 3116 2704; x_wconf 80' lang='lat' dir='ltr'>Discite</span> <span class='ocrx_word' id='word_1_435' title='bbox 3157 2663 3194 2704; x_wconf 92' lang='lat' dir='ltr'>a</span> <span class='ocrx_word' id='word_1_436' title='bbox 3218 2662 3328 2716; x_wconf 85' lang='lat' dir='ltr'>me,</span> <span class='ocrx_word' id='word_1_437' title='bbox 3357 2649 3498 2720; x_wconf 88' lang='lat' dir='ltr'>quia</span> <span class='ocrx_word' id='word_1_438' title='bbox 3522 2648 3630 2702; x_wconf 86' lang='lat' dir='ltr'>mi-</span> 
     </span>
    </p>
   </div>
   <div class='ocr_carea' id='block_1_74' title="bbox 1977 2735 3632 2806">
    <p class='ocr_par' dir='ltr' id='par_1_74' title="bbox 1977 2735 3632 2806">
     <span class='ocr_line' id='line_1_74' title="bbox 1977 2735 3632 2806; baseline -0.004 -8"><span class='ocrx_word' id='word_1_439' title='bbox 1977 2747 2050 2798; x_wconf 76' lang='lat' dir='ltr'>tis</span> <span class='ocrx_word' id='word_1_440' title='bbox 2071 2754 2223 2806; x_wconf 85' lang='lat' dir='ltr'>sum,</span> <span class='ocrx_word' id='word_1_441' title='bbox 2246 2744 2301 2795; x_wconf 82' lang='lat' dir='ltr'>et</span> <span class='ocrx_word' id='word_1_442' title='bbox 2328 2738 2571 2794; x_wconf 78' lang='lat' dir='ltr'>humilis</span> <span class='ocrx_word' id='word_1_443' title='bbox 2588 2737 2849 2794; x_wconf 76' lang='lat' dir='ltr'>corde&quot;.</span> <span class='ocrx_word' id='word_1_444' title='bbox 2892 2736 3066 2802; x_wconf 85' lang='lat' dir='ltr'>Quod</span> <span class='ocrx_word' id='word_1_445' title='bbox 3091 2735 3240 2793; x_wconf 82' lang='lat' dir='ltr'>locis</span> <span class='ocrx_word' id='word_1_446' title='bbox 3273 2735 3500 2805; x_wconf 90' lang='lat' dir='ltr'>multis,</span> <span class='ocrx_word' id='word_1_447' title='bbox 3533 2751 3632 2791; x_wconf 89' lang='lat' dir='ltr'>va-</span> 
     </span>
    </p>
   </div>
   <div class='ocr_carea' id='block_1_75' title="bbox 1973 2816 3634 2900">
    <p class='ocr_par' dir='ltr' id='par_1_75' title="bbox 1973 2816 3634 2900">
     <span class='ocr_line' id='line_1_75' title="bbox 1973 2816 3634 2900; baseline -0.002 -16"><span class='ocrx_word' id='word_1_448' title='bbox 1973 2816 2192 2900; x_wconf 77' lang='lat' dir='ltr'>riisque</span> <span class='ocrx_word' id='word_1_449' title='bbox 2212 2827 2411 2885; x_wconf 87' lang='lat' dir='ltr'>modis</span> <span class='ocrx_word' id='word_1_450' title='bbox 2441 2831 2500 2883; x_wconf 91' lang='lat' dir='ltr'>et</span> <span class='ocrx_word' id='word_1_451' title='bbox 2525 2825 2808 2896; x_wconf 83' lang='lat' dir='ltr'>ostendit,</span> <span class='ocrx_word' id='word_1_452' title='bbox 2841 2829 2898 2882; x_wconf 91' lang='lat' dir='ltr'>et</span> <span class='ocrx_word' id='word_1_453' title='bbox 2925 2825 3153 2884; x_wconf 87' lang='lat' dir='ltr'>docuit.</span> <span class='ocrx_word' id='word_1_454' title='bbox 3185 2824 3414 2893; x_wconf 86' lang='lat' dir='ltr'>Itidem,</span> <span class='ocrx_word' id='word_1_455' title='bbox 3469 2824 3521 2882; x_wconf 84' lang='lat' dir='ltr'>si</span> <span class='ocrx_word' id='word_1_456' title='bbox 3564 2823 3634 2880; x_wconf 85' lang='lat' dir='ltr'><strong>ﬁ-</strong></span> 
     </span>
    </p>
   </div>
   <div class='ocr_carea' id='block_1_76' title="bbox 1974 2913 3632 2989">
    <p class='ocr_par' dir='ltr' id='par_1_76' title="bbox 1974 2913 3632 2989">
     <span class='ocr_line' id='line_1_76' title="bbox 1974 2913 3632 2989; baseline -0.001 -17"><span class='ocrx_word' id='word_1_457' title='bbox 1974 2916 2113 2972; x_wconf 90' lang='lat' dir='ltr'>dem</span> <span class='ocrx_word' id='word_1_458' title='bbox 2136 2917 2188 2972; x_wconf 91' lang='lat' dir='ltr'>ei</span> <span class='ocrx_word' id='word_1_459' title='bbox 2219 2915 2583 2982; x_wconf 87' lang='lat' dir='ltr'>adhibuerit,</span> <span class='ocrx_word' id='word_1_460' title='bbox 2611 2917 2715 2989; x_wconf 89' lang='lat' dir='ltr'>qui</span> <span class='ocrx_word' id='word_1_461' title='bbox 2748 2915 2864 2974; x_wconf 85' lang='lat' dir='ltr'>hoc</span> <span class='ocrx_word' id='word_1_462' title='bbox 2902 2914 3276 2989; x_wconf 89' lang='lat' dir='ltr'>promissum</span> <span class='ocrx_word' id='word_1_463' title='bbox 3319 2914 3474 2970; x_wconf 84' lang='lat' dir='ltr'>fecit.</span> <span class='ocrx_word' id='word_1_464' title='bbox 3517 2913 3632 2981; x_wconf 84' lang='lat' dir='ltr'>Qui</span> 
     </span>
    </p>
   </div>
   <div class='ocr_carea' id='block_1_77' title="bbox 1975 3003 3632 3077">
    <p class='ocr_par' dir='ltr' id='par_1_77' title="bbox 1975 3003 3632 3077">
     <span class='ocr_line' id='line_1_77' title="bbox 1975 3003 3632 3077; baseline -0.004 -15"><span class='ocrx_word' id='word_1_465' title='bbox 1975 3007 2259 3062; x_wconf 85' lang='lat' dir='ltr'>humiliat</span> <span class='ocrx_word' id='word_1_466' title='bbox 2287 3021 2364 3077; x_wconf 88' lang='lat' dir='ltr'>se,</span> <span class='ocrx_word' id='word_1_467' title='bbox 2393 3005 2770 3062; x_wconf 73' lang='lat' dir='ltr'>exaltabitur</span> <span class='ocrx_word' id='word_1_468' title='bbox 2793 3006 2860 3058; x_wconf 69' lang='grc' dir='ltr'>ιδ.</span> <span class='ocrx_word' id='word_1_469' title='bbox 2903 3003 3149 3073; x_wconf 90' lang='lat' dir='ltr'>Deinde,</span> <span class='ocrx_word' id='word_1_470' title='bbox 3182 3003 3231 3058; x_wconf 89' lang='lat' dir='ltr'>si</span> <span class='ocrx_word' id='word_1_471' title='bbox 3259 3020 3332 3060; x_wconf 89' lang='lat' dir='ltr'>ex</span> <span class='ocrx_word' id='word_1_472' title='bbox 3361 3018 3537 3074; x_wconf 68' lang='lat' dir='ltr'>aequo</span> <span class='ocrx_word' id='word_1_473' title='bbox 3575 3005 3632 3057; x_wconf 88' lang='lat' dir='ltr'>et</span> 
     </span>
    </p>
   </div>
   <div class='ocr_carea' id='block_1_78' title="bbox 1972 3089 3632 3164">
    <p class='ocr_par' dir='ltr' id='par_1_78' title="bbox 1972 3089 3632 3164">
     <span class='ocr_line' id='line_1_78' title="bbox 1972 3089 3632 3164; baseline -0.002 -14"><span class='ocrx_word' id='word_1_474' title='bbox 1972 3095 2379 3154; x_wconf 87' lang='lat' dir='ltr'>indesinenter</span> <span class='ocrx_word' id='word_1_475' title='bbox 2404 3095 2463 3150; x_wconf 91' lang='lat' dir='ltr'>in</span> <span class='ocrx_word' id='word_1_476' title='bbox 2493 3094 2659 3150; x_wconf 90' lang='lat' dir='ltr'>omni</span> <span class='ocrx_word' id='word_1_477' title='bbox 2690 3094 2930 3164; x_wconf 84' lang='lat' dir='ltr'>negotio</span> <span class='ocrx_word' id='word_1_478' title='bbox 2952 3092 3254 3149; x_wconf 89' lang='lat' dir='ltr'>vacaverit</span> <span class='ocrx_word' id='word_1_479' title='bbox 3279 3089 3632 3146; x_wconf 80' lang='lat' dir='ltr'>humilitatis</span> 
     </span>
    </p>
   </div>
   <div class='ocr_carea' id='block_1_79' title="bbox 1973 3177 3631 3256">
    <p class='ocr_par' dir='ltr' id='par_1_79' title="bbox 1973 3177 3631 3256">
     <span class='ocr_line' id='line_1_79' title="bbox 1973 3177 3631 3256; baseline -0.005 -14"><span class='ocrx_word' id='word_1_480' title='bbox 1973 3183 2209 3255; x_wconf 87' lang='lat' dir='ltr'>studiis,</span> <span class='ocrx_word' id='word_1_481' title='bbox 2243 3199 2428 3256; x_wconf 90' lang='lat' dir='ltr'>seque</span> <span class='ocrx_word' id='word_1_482' title='bbox 2463 3182 2524 3238; x_wconf 94' lang='lat' dir='ltr'>in</span> <span class='ocrx_word' id='word_1_483' title='bbox 2569 3182 2716 3256; x_wconf 89' lang='lat' dir='ltr'>ipsis</span> <span class='ocrx_word' id='word_1_484' title='bbox 2755 3181 3104 3238; x_wconf 85' lang='lat' dir='ltr'>exercuerit.</span> <span class='ocrx_word' id='word_1_485' title='bbox 3157 3179 3262 3235; x_wconf 89' lang='lat' dir='ltr'>Vix</span> <span class='ocrx_word' id='word_1_486' title='bbox 3311 3178 3472 3238; x_wconf 88' lang='lat' dir='ltr'>enim</span> <span class='ocrx_word' id='word_1_487' title='bbox 3514 3177 3631 3234; x_wconf 89' lang='lat' dir='ltr'>hoc</span> 
     </span>
    </p>
   </div>
   <div class='ocr_carea' id='block_1_80' title="bbox 1971 3266 3630 3346">
    <p class='ocr_par' dir='ltr' id='par_1_80' title="bbox 1971 3266 3630 3346">
     <span class='ocr_line' id='line_1_80' title="bbox 1971 3266 3630 3346; baseline -0.005 -15"><span class='ocrx_word' id='word_1_488' title='bbox 1971 3273 2158 3332; x_wconf 89' lang='lat' dir='ltr'>modo</span> <span class='ocrx_word' id='word_1_489' title='bbox 2183 3271 2630 3346; x_wconf 88' lang='lat' dir='ltr'>per_assiduam</span> <span class='ocrx_word' id='word_1_490' title='bbox 2655 3269 3108 3328; x_wconf 89' lang='lat' dir='ltr'>meditationem</span> <span class='ocrx_word' id='word_1_491' title='bbox 3130 3267 3307 3342; x_wconf 69' lang='grc'>482</span> <span class='ocrx_word' id='word_1_492' title='bbox 3332 3266 3630 3324; x_wconf 86' lang='lat' dir='ltr'>humilita-</span> 
     </span>
    </p>
   </div>
   <div class='ocr_carea' id='block_1_81' title="bbox 1971 3356 3629 3436">
    <p class='ocr_par' dir='ltr' id='par_1_81' title="bbox 1971 3356 3629 3436">
     <span class='ocr_line' id='line_1_81' title="bbox 1971 3356 3629 3436; baseline -0.004 -15"><span class='ocrx_word' id='word_1_493' title='bbox 1971 3365 2046 3421; x_wconf 86' lang='lat' dir='ltr'>tis</span> <span class='ocrx_word' id='word_1_494' title='bbox 2083 3363 2358 3421; x_wconf 88' lang='lat' dir='ltr'>habitum</span> <span class='ocrx_word' id='word_1_495' title='bbox 2387 3362 2603 3436; x_wconf 81' lang='lat' dir='ltr'>poterit</span> <span class='ocrx_word' id='word_1_496' title='bbox 2641 3359 2916 3432; x_wconf 88' lang='lat' dir='ltr'>adipisci,</span> <span class='ocrx_word' id='word_1_497' title='bbox 2968 3363 3032 3415; x_wconf 90' lang='lat' dir='ltr'>ut</span> <span class='ocrx_word' id='word_1_498' title='bbox 3073 3358 3135 3416; x_wconf 91' lang='lat' dir='ltr'>in</span> <span class='ocrx_word' id='word_1_499' title='bbox 3178 3358 3408 3415; x_wconf 88' lang='lat' dir='ltr'>artibus</span> <span class='ocrx_word' id='word_1_500' title='bbox 3445 3356 3629 3416; x_wconf 86' lang='lat' dir='ltr'>etiam</span> 
     </span>
    </p>
   </div>
   <div class='ocr_carea' id='block_1_82' title="bbox 1969 3447 3630 3522">
    <p class='ocr_par' dir='ltr' id='par_1_82' title="bbox 1969 3447 3630 3522">
     <span class='ocr_line' id='line_1_82' title="bbox 1969 3447 3630 3522; baseline -0.002 -13"><span class='ocrx_word' id='word_1_501' title='bbox 1969 3453 2101 3509; x_wconf 87' lang='lat' dir='ltr'>ﬁeri</span> <span class='ocrx_word' id='word_1_502' title='bbox 2146 3451 2476 3509; x_wconf 82' lang='lat' dir='ltr'>consuevit.</span> <span class='ocrx_word' id='word_1_503' title='bbox 2527 3452 2722 3522; x_wconf 82' lang='lat' dir='ltr'>Atque</span> <span class='ocrx_word' id='word_1_504' title='bbox 2770 3447 2951 3504; x_wconf 90' lang='lat' dir='ltr'>etiam</span> <span class='ocrx_word' id='word_1_505' title='bbox 2995 3447 3056 3504; x_wconf 92' lang='lat' dir='ltr'>in</span> <span class='ocrx_word' id='word_1_506' title='bbox 3100 3447 3368 3521; x_wconf 86' lang='lat' dir='ltr'>qualibet</span> <span class='ocrx_word' id='word_1_507' title='bbox 3413 3447 3630 3506; x_wconf 79' lang='lat' dir='ltr'>virtute</span> 
     </span>
    </p>
   </div>
   <div class='ocr_carea' id='block_1_83' title="bbox 1970 3535 3633 3614">
    <p class='ocr_par' dir='ltr' id='par_1_83' title="bbox 1970 3535 3633 3614">
     <span class='ocr_line' id='line_1_83' title="bbox 1970 3535 3633 3614; baseline -0.002 -17"><span class='ocrx_word' id='word_1_508' title='bbox 1970 3559 2107 3614; x_wconf 64' lang='lat' dir='ltr'>quae</span> <span class='ocrx_word' id='word_1_509' title='bbox 2150 3541 2489 3597; x_wconf 89' lang='lat' dir='ltr'>secundum</span> <span class='ocrx_word' id='word_1_510' title='bbox 2547 3535 2907 3594; x_wconf 75' lang='lat' dir='ltr'>mandatuin</span> <span class='ocrx_word' id='word_1_511' title='bbox 2964 3539 3201 3595; x_wconf 87' lang='lat' dir='ltr'>Domini</span> <span class='ocrx_word' id='word_1_512' title='bbox 3253 3537 3440 3596; x_wconf 89' lang='lat' dir='ltr'>nostri</span> <span class='ocrx_word' id='word_1_513' title='bbox 3491 3540 3633 3595; x_wconf 82' lang='lat' dir='ltr'>Jesu</span> 
     </span>
    </p>
   </div>
   <div class='ocr_carea' id='block_1_84' title="bbox 1973 3627 3628 3702">
    <p class='ocr_par' dir='ltr' id='par_1_84' title="bbox 1973 3627 3628 3702">
     <span class='ocr_line' id='line_1_84' title="bbox 1973 3627 3628 3702; baseline -0.002 -16"><span class='ocrx_word' id='word_1_514' title='bbox 1973 3630 2184 3686; x_wconf 90' lang='lat' dir='ltr'>Christi</span> <span class='ocrx_word' id='word_1_515' title='bbox 2210 3627 2585 3702; x_wconf 89' lang='lat' dir='ltr'>possidenda</span> <span class='ocrx_word' id='word_1_516' title='bbox 2609 3627 2808 3697; x_wconf 81' lang='lat' dir='ltr'>fuerit,</span> <span class='ocrx_word' id='word_1_517' title='bbox 2842 3627 3005 3685; x_wconf 92' lang='lat' dir='ltr'>idem</span> <span class='ocrx_word' id='word_1_518' title='bbox 3057 3632 3148 3685; x_wconf 90' lang='lat' dir='ltr'>est</span> <span class='ocrx_word' id='word_1_519' title='bbox 3187 3627 3409 3686; x_wconf 88' lang='lat' dir='ltr'>modus</span> <span class='ocrx_word' id='word_1_520' title='bbox 3457 3642 3628 3683; x_wconf 89' lang='lat' dir='ltr'>com-</span> 
     </span>
    </p>
   </div>
   <div class='ocr_carea' id='block_1_85' title="bbox 1970 3719 2254 3794">
    <p class='ocr_par' dir='ltr' id='par_1_85' title="bbox 1970 3719 2254 3794">
     <span class='ocr_line' id='line_1_85' title="bbox 1970 3719 2254 3794; baseline -0.011 -16"><span class='ocrx_word' id='word_1_521' title='bbox 1970 3719 2254 3794; x_wconf 90' lang='lat' dir='ltr'>parandi.</span> 
     </span>
    </p>
   </div>
   <div class='ocr_carea' id='block_1_86' title="bbox 2417 3827 3182 3883">
    <p class='ocr_par' dir='ltr' id='par_1_86' title="bbox 2417 3827 3182 3883">
     <span class='ocr_line' id='line_1_86' title="bbox 2417 3827 3182 3883; baseline -0.004 0"><span class='ocrx_word' id='word_1_522' title='bbox 2417 3827 2934 3883; x_wconf 75' lang='lat' dir='ltr'>INTERROGATIO</span> <span class='ocrx_word' id='word_1_523' title='bbox 2967 3827 3182 3883; x_wconf 82' lang='lat' dir='ltr'>CXCIX.</span> 
     </span>
    </p>
   </div>
   <div class='ocr_carea' id='block_1_87' title="bbox 1973 3911 3628 3988">
    <p class='ocr_par' dir='ltr' id='par_1_87' title="bbox 1973 3911 3628 3988">
     <span class='ocr_line' id='line_1_87' title="bbox 1973 3911 3628 3988; baseline -0.002 -17"><span class='ocrx_word' id='word_1_524' title='bbox 1973 3915 2273 3983; x_wconf 82' lang='lat' dir='ltr'>Quomodo</span> <span class='ocrx_word' id='word_1_525' title='bbox 2295 3919 2427 3988; x_wconf 83' lang='lat' dir='ltr'>quis</span> <span class='ocrx_word' id='word_1_526' title='bbox 2449 3917 2873 3985; x_wconf 76' lang='lat' dir='ltr'>paratissimus</span> <span class='ocrx_word' id='word_1_527' title='bbox 2893 3915 3097 3973; x_wconf 80' lang='lat' dir='ltr'>eritad</span> <span class='ocrx_word' id='word_1_528' title='bbox 3117 3929 3174 3970; x_wconf 88' lang='lat' dir='ltr'>se</span> <span class='ocrx_word' id='word_1_529' title='bbox 3194 3913 3372 3969; x_wconf 86' lang='lat' dir='ltr'>etiam</span> <span class='ocrx_word' id='word_1_530' title='bbox 3390 3911 3628 3980; x_wconf 83' lang='lat' dir='ltr'>pericu-</span> 
     </span>
    </p>
   </div>
   <div class='ocr_carea' id='block_1_88' title="bbox 2187 4003 3414 4078">
    <p class='ocr_par' dir='ltr' id='par_1_88' title="bbox 2187 4003 3414 4078">
     <span class='ocr_line' id='line_1_88' title="bbox 2187 4003 3414 4078; baseline -0.003 -14"><span class='ocrx_word' id='word_1_531' title='bbox 2187 4009 2260 4064; x_wconf 81' lang='lat' dir='ltr'>lis</span> <span class='ocrx_word' id='word_1_532' title='bbox 2290 4006 2689 4078; x_wconf 83' lang='lat' dir='ltr'>objiciendum</span> <span class='ocrx_word' id='word_1_533' title='bbox 2716 4021 2828 4077; x_wconf 83' lang='lat' dir='ltr'>pro</span> <span class='ocrx_word' id='word_1_534' title='bbox 2860 4005 3102 4062; x_wconf 87' lang='lat' dir='ltr'>Domini</span> <span class='ocrx_word' id='word_1_535' title='bbox 3126 4003 3414 4060; x_wconf 86' lang='lat' dir='ltr'>mandato</span> 
     </span>
    </p>
   </div>
   <div class='ocr_carea' id='block_1_89' title="bbox 2596 4115 3012 4172">
    <p class='ocr_par' dir='ltr' id='par_1_89' title="bbox 2596 4115 3012 4172">
     <span class='ocr_line' id='line_1_89' title="bbox 2596 4115 3012 4172; baseline 0 0"><span class='ocrx_word' id='word_1_536' title='bbox 2596 4115 3012 4172; x_wconf 78' lang='lat' dir='ltr'>RESPONSIO.</span> 
     </span>
    </p>
   </div>
   <div class='ocr_carea' id='block_1_90' title="bbox 2042 4200 3631 4277">
    <p class='ocr_par' dir='ltr' id='par_1_90' title="bbox 2042 4200 3631 4277">
     <span class='ocr_line' id='line_1_90' title="bbox 2042 4200 3631 4277; baseline -0.003 -14"><span class='ocrx_word' id='word_1_537' title='bbox 2042 4205 2307 4263; x_wconf 87' lang='lat' dir='ltr'>Primum</span> <span class='ocrx_word' id='word_1_538' title='bbox 2335 4204 2609 4277; x_wconf 91' lang='lat' dir='ltr'>quidem,</span> <span class='ocrx_word' id='word_1_539' title='bbox 2643 4205 2691 4259; x_wconf 89' lang='lat' dir='ltr'>si</span> <span class='ocrx_word' id='word_1_540' title='bbox 2717 4202 3056 4260; x_wconf 89' lang='lat' dir='ltr'>meminerit</span> <span class='ocrx_word' id='word_1_541' title='bbox 3082 4200 3405 4258; x_wconf 89' lang='lat' dir='ltr'>Dominum</span> <span class='ocrx_word' id='word_1_542' title='bbox 3425 4200 3631 4273; x_wconf 87' lang='lat' dir='ltr'>ipsum</span> 
     </span>
    </p>
   </div>
   <div class='ocr_carea' id='block_1_91' title="bbox 1970 4289 3630 4370">
    <p class='ocr_par' dir='ltr' id='par_1_91' title="bbox 1970 4289 3630 4370">
     <span class='ocr_line' id='line_1_91' title="bbox 1970 4289 3630 4370; baseline -0.005 -17"><span class='ocrx_word' id='word_1_543' title='bbox 1970 4312 2082 4370; x_wconf 89' lang='lat' dir='ltr'>pro</span> <span class='ocrx_word' id='word_1_544' title='bbox 2112 4295 2291 4353; x_wconf 88' lang='lat' dir='ltr'>nobis</span> <span class='ocrx_word' id='word_1_545' title='bbox 2322 4294 2473 4350; x_wconf 88' lang='lat' dir='ltr'>Patri</span> <span class='ocrx_word' id='word_1_546' title='bbox 2504 4293 2888 4350; x_wconf 88' lang='lat' dir='ltr'>obedientem</span> <span class='ocrx_word' id='word_1_547' title='bbox 2911 4291 3092 4347; x_wconf 85' lang='lat' dir='ltr'>fuisse</span> <span class='ocrx_word' id='word_1_548' title='bbox 3115 4305 3305 4364; x_wconf 88' lang='lat' dir='ltr'>usque</span> <span class='ocrx_word' id='word_1_549' title='bbox 3345 4289 3424 4346; x_wconf 89' lang='lat' dir='ltr'>ad</span> <span class='ocrx_word' id='word_1_550' title='bbox 3462 4304 3630 4346; x_wconf 91' lang='lat' dir='ltr'>mor-</span> 
     </span>
    </p>
   </div>
   <div class='ocr_carea' id='block_1_92' title="bbox 255 4379 1864 4458">
    <p class='ocr_par' dir='ltr' id='par_1_92' title="bbox 255 4381 1863 4458">
     <span class='ocr_line' id='line_1_92' title="bbox 255 4381 1863 4458; baseline 0.004 -22"><span class='ocrx_word' id='word_1_551' title='bbox 255 4381 369 4436; x_wconf 82' lang='grc' dir='ltr'>εἷτα</span> <span class='ocrx_word' id='word_1_552' title='bbox 423 4381 838 4457; x_wconf 73' lang='grc' dir='ltr'>πληροφορηθεὶς</span> <span class='ocrx_word' id='word_1_553' title='bbox 896 4387 990 4445; x_wconf 77' lang='grc' dir='ltr'>τὴν</span> <span class='ocrx_word' id='word_1_554' title='bbox 1042 4381 1265 4458; x_wconf 82' lang='grc' dir='ltr'>δύναμιν</span> <span class='ocrx_word' id='word_1_555' title='bbox 1327 4392 1418 4447; x_wconf 80' lang='grc' dir='ltr'>τῆς</span> <span class='ocrx_word' id='word_1_556' title='bbox 1482 4384 1710 4453; x_wconf 75' lang='grc' dir='ltr'>ἐντολῆς,</span> <span class='ocrx_word' id='word_1_557' title='bbox 1781 4389 1863 4442; x_wconf 85' lang='grc' dir='ltr'>ὅτι</span> 
     </span>
    </p>
   </div>
   <div class='ocr_carea' id='block_1_93' title="bbox 1985 4379 3633 4458">
    <p class='ocr_par' dir='ltr' id='par_1_93' title="bbox 1985 4379 3633 4458">
     <span class='ocr_line' id='line_1_93' title="bbox 1985 4379 3633 4458; baseline -0.004 -13"><span class='ocrx_word' id='word_1_558' title='bbox 1985 4387 2180 4446; x_wconf 72' lang='lat' dir='ltr'>Leni“:</span> <span class='ocrx_word' id='word_1_559' title='bbox 2213 4384 2452 4450; x_wconf 86' lang='lat' dir='ltr'>deinde,</span> <span class='ocrx_word' id='word_1_560' title='bbox 2484 4384 2536 4441; x_wconf 89' lang='lat' dir='ltr'>si</span> <span class='ocrx_word' id='word_1_561' title='bbox 2558 4383 2612 4441; x_wconf 91' lang='lat' dir='ltr'>ei</span> <span class='ocrx_word' id='word_1_562' title='bbox 2642 4383 2718 4439; x_wconf 90' lang='lat' dir='ltr'>sit</span> <span class='ocrx_word' id='word_1_563' title='bbox 2737 4397 3101 4458; x_wconf 88' lang='lat' dir='ltr'>persuasum</span> <span class='ocrx_word' id='word_1_564' title='bbox 3139 4380 3215 4438; x_wconf 90' lang='lat' dir='ltr'>de</span> <span class='ocrx_word' id='word_1_565' title='bbox 3236 4379 3296 4437; x_wconf 89' lang='lat' dir='ltr'>vi</span> <span class='ocrx_word' id='word_1_566' title='bbox 3315 4395 3388 4437; x_wconf 89' lang='lat' dir='ltr'>ac</span> <span class='ocrx_word' id='word_1_567' title='bbox 3414 4380 3633 4438; x_wconf 87' lang='lat' dir='ltr'>virtute</span> 
     </span>
    </p>
   </div>
   <div class='ocr_carea' id='block_1_94' title="bbox 334 4595 1950 4669">
    <p class='ocr_par' dir='ltr' id='par_1_94' title="bbox 334 4595 1950 4669">
     <span class='ocr_line' id='line_1_94' title="bbox 334 4595 1950 4669; baseline 0.003 -20"><span class='ocrx_word' id='word_1_568' title='bbox 334 4598 379 4635; x_wconf 76' lang='grc' dir='ltr'>ιι</span> <span class='ocrx_word' id='word_1_569' title='bbox 405 4595 742 4669; x_wconf 61' lang='lat' dir='ltr'>Philippm,</span> <span class='ocrx_word' id='word_1_570' title='bbox 765 4601 820 4653; x_wconf 89' lang='lat'>3.</span> <span class='ocrx_word' id='word_1_571' title='bbox 898 4598 944 4634; x_wconf 75' lang='grc' dir='ltr'>η</span> <span class='ocrx_word' id='word_1_572' title='bbox 977 4595 1394 4665; x_wconf 75' lang='lat' dir='ltr'>Matth.xr,29.</span> <span class='ocrx_word' id='word_1_573' title='bbox 1474 4597 1521 4633; x_wconf 83' lang='grc'>¹³</span> <span class='ocrx_word' id='word_1_574' title='bbox 1551 4599 1690 4654; x_wconf 88' lang='lat' dir='ltr'>Luc.</span> <span class='ocrx_word' id='word_1_575' title='bbox 1713 4613 1835 4668; x_wconf 73' lang='lat' dir='ltr'>xxv,</span> <span class='ocrx_word' id='word_1_576' title='bbox 1864 4603 1950 4654; x_wconf 85' lang='grc' dir='ltr'>Η.</span> 
     </span>
    </p>
   </div>
   <div class='ocr_carea' id='block_1_95' title="bbox 328 4805 1853 4884">
    <p class='ocr_par' dir='ltr' id='par_1_95' title="bbox 328 4805 1853 4884">
     <span class='ocr_line' id='line_1_95' title="bbox 328 4805 1853 4884; baseline 0.003 -21"><span class='ocrx_word' id='word_1_577' title='bbox 328 4808 450 4878; x_wconf 80' lang='grc'>(70)</span> <span class='ocrx_word' id='word_1_578' title='bbox 480 4810 715 4884; x_wconf 58' lang='lat' dir='ltr'>Veteres</span> <span class='ocrx_word' id='word_1_579' title='bbox 757 4807 882 4863; x_wconf 89' lang='lat' dir='ltr'>duo</span> <span class='ocrx_word' id='word_1_580' title='bbox 938 4805 1074 4884; x_wconf 84' lang='lat' dir='ltr'>libri</span> <span class='ocrx_word' id='word_1_581' title='bbox 1119 4809 1202 4884; x_wconf 80' lang='lat' dir='ltr'>et_</span> <span class='ocrx_word' id='word_1_582' title='bbox 1228 4805 1371 4884; x_wconf 80' lang='lat' dir='ltr'>editi</span> <span class='ocrx_word' id='word_1_583' title='bbox 1408 4811 1853 4884; x_wconf 61' lang='grc' dir='ltr'>μαρτυρουμένης.</span> 
     </span>
    </p>
   </div>
   <div class='ocr_carea' id='block_1_96' title="bbox 251 4877 1854 4954">
    <p class='ocr_par' dir='ltr' id='par_1_96' title="bbox 251 4877 1854 4954">
     <span class='ocr_line' id='line_1_96' title="bbox 251 4877 1854 4954; baseline -0.003 -18"><span class='ocrx_word' id='word_1_584' title='bbox 251 4877 664 4954; x_wconf 50' lang='grc' dir='ltr'>Βεεερτίωιιε</span> <span class='ocrx_word' id='word_1_585' title='bbox 683 4881 1127 4954; x_wconf 23' lang='grc' dir='ltr'>μαρτυρλούμενος.</span> <span class='ocrx_word' id='word_1_586' title='bbox 1157 4877 1366 4954; x_wconf 76' lang='lat' dir='ltr'>_(_J_odex</span> <span class='ocrx_word' id='word_1_587' title='bbox 1408 4877 1589 4936; x_wconf 40' lang='lat' dir='ltr'>&#39;Cdlbi</span> <span class='ocrx_word' id='word_1_588' title='bbox 1645 4877 1854 4954; x_wconf 59' lang='grc' dir='ltr'>μαρτυτ</span> 
     </span>
    </p>
   </div>
   <div class='ocr_carea' id='block_1_97' title="bbox 249 4949 1854 5026">
    <p class='ocr_par' dir='ltr' id='par_1_97' title="bbox 249 4949 1854 5026">
     <span class='ocr_line' id='line_1_97' title="bbox 249 4949 1854 5026; baseline 0 -22"><span class='ocrx_word' id='word_1_589' title='bbox 249 4949 502 5026; x_wconf 65' lang='grc' dir='ltr'>ρουμὺἶη.</span> <span class='ocrx_word' id='word_1_590' title='bbox 529 4953 662 5026; x_wconf 71' lang='grc' dir='ltr'>ΠΟΙ</span> <span class='ocrx_word' id='word_1_591' title='bbox 683 4949 903 5026; x_wconf 61' lang='lat' dir='ltr'>&#39;_V_oss&#39;ii</span> <span class='ocrx_word' id='word_1_592' title='bbox 943 4949 1114 5026; x_wconf 75' lang='lat' dir='ltr'>vetus</span> <span class='ocrx_word' id='word_1_593' title='bbox 1155 4949 1756 5026; x_wconf 35' lang='grc' dir='ltr'>ΙᾷδθΓ--καταστάσρωρ</span> <span class='ocrx_word' id='word_1_594' title='bbox 1779 4950 1854 5004; x_wconf 83' lang='grc' dir='ltr'>ὅτ’</span> 
     </span>
    </p>
   </div>
   <div class='ocr_carea' id='block_1_98' title="bbox 252 5012 1858 5095">
    <p class='ocr_par' dir='ltr' id='par_1_98' title="bbox 252 5012 1858 5095">
     <span class='ocr_line' id='line_1_98' title="bbox 252 5012 1858 5095; baseline 0.002 -20"><span class='ocrx_word' id='word_1_595' title='bbox 252 5012 315 5075; x_wconf 65' lang='grc' dir='ltr'>ἂν</span> <span class='ocrx_word' id='word_1_596' title='bbox 337 5012 410 5095; x_wconf 59' lang='grc' dir='ltr'><em>μὴ</em></span> <span class='ocrx_word' id='word_1_597' title='bbox 444 5012 532 5085; x_wconf 77' lang='grc' dir='ltr'>ὡς.</span> <span class='ocrx_word' id='word_1_598' title='bbox 558 5023 728 5079; x_wconf 82' lang='lat' dir='ltr'>Haud</span> <span class='ocrx_word' id='word_1_599' title='bbox 752 5023 951 5095; x_wconf 89' lang='lat' dir='ltr'>longe,</span> <span class='ocrx_word' id='word_1_600' title='bbox 979 5021 1084 5078; x_wconf 90' lang='lat' dir='ltr'>ubi</span> <span class='ocrx_word' id='word_1_601' title='bbox 1106 5022 1236 5078; x_wconf 85' lang='lat' dir='ltr'>etin</span> <span class='ocrx_word' id='word_1_602' title='bbox 1263 5021 1504 5095; x_wconf 78' lang='lat' dir='ltr'>editiset</span> <span class='ocrx_word' id='word_1_603' title='bbox 1523 5023 1584 5078; x_wconf 92' lang='lat' dir='ltr'>in</span> <span class='ocrx_word' id='word_1_604' title='bbox 1613 5012 1858 5095; x_wconf 86' lang='lat' dir='ltr'>duobus</span> 
     </span>
    </p>
   </div>
   <div class='ocr_carea' id='block_1_99' title="bbox 251 5091 1858 5166">
    <p class='ocr_par' dir='ltr' id='par_1_99' title="bbox 251 5091 1858 5166">
     <span class='ocr_line' id='line_1_99' title="bbox 251 5091 1858 5166; baseline 0 -15"><span class='ocrx_word' id='word_1_605' title='bbox 251 5091 548 5166; x_wconf 79' lang='lat' dir='ltr'>mssan</span> <span class='ocrx_word' id='word_1_606' title='bbox 568 5095 755 5166; x_wconf 85' lang='lat' dir='ltr'>verbo</span> <span class='ocrx_word' id='word_1_607' title='bbox 778 5091 994 5166; x_wconf 74' lang='lat' dir='ltr'>legitur</span> <span class='ocrx_word' id='word_1_608' title='bbox 1013 5095 1135 5166; x_wconf 73' lang='grc' dir='ltr'>ὅταν</span> <span class='ocrx_word' id='word_1_609' title='bbox 1165 5097 1236 5166; x_wconf 79' lang='grc' dir='ltr'>μὴ</span> <span class='ocrx_word' id='word_1_610' title='bbox 1267 5095 1337 5155; x_wconf 83' lang='grc' dir='ltr'>ὡς</span> <span class='ocrx_word' id='word_1_611' title='bbox 1367 5091 1567 5160; x_wconf 74' lang='grc' dir='ltr'>δοῦλος,</span> <span class='ocrx_word' id='word_1_612' title='bbox 1601 5094 1858 5166; x_wconf 84' lang='lat' dir='ltr'>fortasse</span> 
     </span>
    </p>
   </div>
   <div class='ocr_carea' id='block_1_100' title="bbox 252 5163 1858 5235">
    <p class='ocr_par' dir='ltr' id='par_1_100' title="bbox 252 5163 1858 5235">
     <span class='ocr_line' id='line_1_100' title="bbox 252 5163 1858 5235; baseline -0.001 -13"><span class='ocrx_word' id='word_1_613' title='bbox 252 5165 476 5222; x_wconf 87' lang='lat' dir='ltr'>melius</span> <span class='ocrx_word' id='word_1_614' title='bbox 506 5165 747 5222; x_wconf 88' lang='lat' dir='ltr'>duabus</span> <span class='ocrx_word' id='word_1_615' title='bbox 784 5163 1038 5222; x_wconf 81' lang='lat' dir='ltr'>vocibus</span> <span class='ocrx_word' id='word_1_616' title='bbox 1073 5163 1371 5235; x_wconf 82' lang='lat' dir='ltr'>legeretur</span> <span class='ocrx_word' id='word_1_617' title='bbox 1411 5166 1484 5219; x_wconf 85' lang='grc' dir='ltr'>ὅτ’</span> <span class='ocrx_word' id='word_1_618' title='bbox 1514 5167 1595 5227; x_wconf 78' lang='grc' dir='ltr'>ἄν,</span> <span class='ocrx_word' id='word_1_619' title='bbox 1658 5165 1742 5220; x_wconf 91' lang='lat' dir='ltr'>uti</span> <span class='ocrx_word' id='word_1_620' title='bbox 1793 5165 1858 5221; x_wconf 92' lang='lat' dir='ltr'>in</span> 
     </span>
    </p>
   </div>
   <div class='ocr_carea' id='block_1_101' title="bbox 253 5235 1854 5310">
    <p class='ocr_par' dir='ltr' id='par_1_101' title="bbox 253 5235 1854 5310">
     <span class='ocr_line' id='line_1_101' title="bbox 253 5235 1854 5310; baseline -0.001 -18"><span class='ocrx_word' id='word_1_621' title='bbox 253 5236 448 5295; x_wconf 81' lang='lat' dir='ltr'>Vossii</span> <span class='ocrx_word' id='word_1_622' title='bbox 471 5237 654 5310; x_wconf 87' lang='lat' dir='ltr'>veteri</span> <span class='ocrx_word' id='word_1_623' title='bbox 676 5235 828 5292; x_wconf 86' lang='lat' dir='ltr'>libro</span> <span class='ocrx_word' id='word_1_624' title='bbox 841 5236 1149 5310; x_wconf 91' lang='lat' dir='ltr'>aliquanto</span> <span class='ocrx_word' id='word_1_625' title='bbox 1176 5241 1313 5310; x_wconf 76' lang='lat' dir='ltr'>ante</span> <span class='ocrx_word' id='word_1_626' title='bbox 1338 5236 1457 5310; x_wconf 80' lang='lat' dir='ltr'>legi</span> <span class='ocrx_word' id='word_1_627' title='bbox 1481 5237 1854 5310; x_wconf 78' lang='lat' dir='ltr'>monuimus.</span> 
     </span>
    </p>
   </div>
   <div class='ocr_carea' id='block_1_102' title="bbox 320 5305 1856 5383">
    <p class='ocr_par' dir='ltr' id='par_1_102' title="bbox 320 5305 1856 5383">
     <span class='ocr_line' id='line_1_102' title="bbox 320 5305 1856 5383; baseline -0.003 -20"><span class='ocrx_word' id='word_1_628' title='bbox 320 5312 442 5380; x_wconf 87' lang='grc'>(71)</span> <span class='ocrx_word' id='word_1_629' title='bbox 489 5309 584 5365; x_wconf 90' lang='lat' dir='ltr'>Sic</span> <span class='ocrx_word' id='word_1_630' title='bbox 630 5313 858 5365; x_wconf 78' lang='lat' dir='ltr'>veteres</span> <span class='ocrx_word' id='word_1_631' title='bbox 912 5305 1177 5383; x_wconf 74' lang='lat' dir='ltr'>quatuor</span> <span class='ocrx_word' id='word_1_632' title='bbox 1218 5305 1373 5363; x_wconf 88' lang='lat' dir='ltr'>libri.</span> <span class='ocrx_word' id='word_1_633' title='bbox 1406 5305 1593 5366; x_wconf 41' lang='lat' dir='ltr'>“Editi</span> <span class='ocrx_word' id='word_1_634' title='bbox 1650 5307 1856 5366; x_wconf 73' lang='grc' dir='ltr'>ἐντολὴν</span> 
     </span>
    </p>
   </div>
   <div class='ocr_carea' id='block_1_103' title="bbox 260 5384 482 5434">
    <p class='ocr_par' dir='ltr' id='par_1_103' title="bbox 260 5384 482 5434">
     <span class='ocr_line' id='line_1_103' title="bbox 260 5384 482 5434; baseline 0 0"><span class='ocrx_word' id='word_1_635' title='bbox 260 5384 482 5434; x_wconf 82' lang='grc' dir='ltr'>Κυοίον.</span> 
     </span>
    </p>
   </div>
   <div class='ocr_carea' id='block_1_104' title="bbox 326 5433 1856 5522">
    <p class='ocr_par' dir='ltr' id='par_1_104' title="bbox 326 5433 1856 5522">
     <span class='ocr_line' id='line_1_104' title="bbox 326 5433 1856 5522; baseline -0.005 -15"><span class='ocrx_word' id='word_1_636' title='bbox 326 5433 444 5514; x_wconf 65' lang='grc'>(72)</span> <span class='ocrx_word' id='word_1_637' title='bbox 473 5433 623 5507; x_wconf 73' lang='grc' dir='ltr'>Εᾶίιί</span> <span class='ocrx_word' id='word_1_638' title='bbox 653 5458 769 5513; x_wconf 84' lang='grc' dir='ltr'>Πῶς</span> <span class='ocrx_word' id='word_1_639' title='bbox 806 5450 832 5503; x_wconf 88' lang='grc' dir='ltr'>ὃ</span> <span class='ocrx_word' id='word_1_640' title='bbox 857 5451 1045 5508; x_wconf 82' lang='grc' dir='ltr'>ποιεῖή</span> <span class='ocrx_word' id='word_1_641' title='bbox 1099 5439 1268 5522; x_wconf 71' lang='grc' dir='ltr'>δεξιὰ,</span> <span class='ocrx_word' id='word_1_642' title='bbox 1339 5449 1422 5522; x_wconf 77' lang='grc' dir='ltr'>ἵνα</span> <span class='ocrx_word' id='word_1_643' title='bbox 1479 5453 1551 5522; x_wconf 77' lang='grc' dir='ltr'>μὴ</span> <span class='ocrx_word' id='word_1_644' title='bbox 1597 5453 1856 5522; x_wconf 75' lang='grc' dir='ltr'>γινὼωιῃ,</span> 
     </span>
    </p>
   </div>
   <div class='ocr_carea' id='block_1_105' title="bbox 253 5519 1858 5594">
    <p class='ocr_par' dir='ltr' id='par_1_105' title="bbox 253 5519 1858 5594">
     <span class='ocr_line' id='line_1_105' title="bbox 253 5519 1858 5594; baseline -0.002 -15"><span class='ocrx_word' id='word_1_645' title='bbox 253 5523 643 5594; x_wconf 82' lang='lat' dir='ltr'>CodexColb.</span> <span class='ocrx_word' id='word_1_646' title='bbox 667 5522 921 5591; x_wconf 89' lang='lat' dir='ltr'>ita,utiu</span> <span class='ocrx_word' id='word_1_647' title='bbox 945 5524 1223 5594; x_wconf 88' lang='lat' dir='ltr'>contextu</span> <span class='ocrx_word' id='word_1_648' title='bbox 1256 5519 1372 5591; x_wconf 86' lang='lat' dir='ltr'>legi</span> <span class='ocrx_word' id='word_1_649' title='bbox 1397 5519 1613 5594; x_wconf 72' lang='lat' dir='ltr'>potest.</span> <span class='ocrx_word' id='word_1_650' title='bbox 1648 5519 1858 5577; x_wconf 84' lang='lat' dir='ltr'>Statim</span> 
     </span>
    </p>
   </div>
   <div class='ocr_carea' id='block_1_106' title="bbox 251 5592 1860 5670">
    <p class='ocr_par' dir='ltr' id='par_1_106' title="bbox 251 5592 1860 5670">
     <span class='ocr_line' id='line_1_106' title="bbox 251 5592 1860 5670; baseline -0.004 -18"><span class='ocrx_word' id='word_1_651' title='bbox 251 5596 399 5652; x_wconf 90' lang='lat' dir='ltr'>editi</span> <span class='ocrx_word' id='word_1_652' title='bbox 445 5593 832 5670; x_wconf 80' lang='grc' dir='ltr'>ἀμετεωρίστως</span> <span class='ocrx_word' id='word_1_653' title='bbox 875 5598 966 5646; x_wconf 79' lang='grc' dir='ltr'>καὶ</span> <span class='ocrx_word' id='word_1_654' title='bbox 1005 5592 1415 5667; x_wconf 63' lang='grc' dir='ltr'>ἱπιτεταγμὲνηξ</span> <span class='ocrx_word' id='word_1_655' title='bbox 1456 5596 1596 5664; x_wconf 84' lang='lat' dir='ltr'>Reg.</span> <span class='ocrx_word' id='word_1_656' title='bbox 1648 5606 1860 5647; x_wconf 88' lang='lat' dir='ltr'>secun-</span> 
     </span>
    </p>
   </div>
   <div class='ocr_carea' id='block_1_107' title="bbox 2013 4596 2546 4671">
    <p class='ocr_par' dir='ltr' id='par_1_107' title="bbox 2013 4596 2546 4671">
     <span class='ocr_line' id='line_1_107' title="bbox 2013 4596 2546 4671; baseline 0.006 -20"><span class='ocrx_word' id='word_1_657' title='bbox 2013 4599 2082 4658; x_wconf 72' lang='grc' dir='ltr'>,ιδ</span> <span class='ocrx_word' id='word_1_658' title='bbox 2112 4596 2372 4671; x_wconf 87' lang='lat' dir='ltr'>Philipp.</span> <span class='ocrx_word' id='word_1_659' title='bbox 2407 4613 2462 4668; x_wconf 83' lang='grc' dir='ltr'>ιι,</span> <span class='ocrx_word' id='word_1_660' title='bbox 2491 4599 2546 4654; x_wconf 83' lang='lat'>8.</span> 
     </span>
    </p>
   </div>
   <div class='ocr_carea' id='block_1_108' title="bbox 1963 4806 3633 4884">
    <p class='ocr_par' dir='ltr' id='par_1_108' title="bbox 1963 4806 3633 4884">
     <span class='ocr_line' id='line_1_108' title="bbox 1963 4806 3633 4884; baseline -0.001 -20"><span class='ocrx_word' id='word_1_661' title='bbox 1963 4808 2080 4884; x_wconf 73' lang='lat' dir='ltr'>dus</span> <span class='ocrx_word' id='word_1_662' title='bbox 2102 4807 2901 4884; x_wconf 66' lang='grc' dir='ltr'>ἀμετεωρίστωςααὶτεταμένη.</span> <span class='ocrx_word' id='word_1_663' title='bbox 2940 4809 3051 4864; x_wconf 80' lang='lat' dir='ltr'>Alii</span> <span class='ocrx_word' id='word_1_664' title='bbox 3080 4813 3199 4865; x_wconf 88' lang='lat' dir='ltr'>tres</span> <span class='ocrx_word' id='word_1_665' title='bbox 3249 4823 3404 4863; x_wconf 84' lang='lat' dir='ltr'>mss.</span> <span class='ocrx_word' id='word_1_666' title='bbox 3445 4806 3528 4863; x_wconf 79' lang='lat' dir='ltr'>ita</span> <span class='ocrx_word' id='word_1_667' title='bbox 3568 4809 3633 4862; x_wconf 86' lang='lat' dir='ltr'>ut</span> 
     </span>
    </p>
   </div>
   <div class='ocr_carea' id='block_1_109' title="bbox 1964 4863 2675 4937">
    <p class='ocr_par' dir='ltr' id='par_1_109' title="bbox 1964 4863 2675 4937">
     <span class='ocr_line' id='line_1_109' title="bbox 1964 4863 2675 4937; baseline 0 -1"><span class='ocrx_word' id='word_1_668' title='bbox 1964 4863 2271 4937; x_wconf 78' lang='lat' dir='ltr'>edendum</span> <span class='ocrx_word' id='word_1_669' title='bbox 2301 4863 2675 4936; x_wconf 67' lang='lat' dir='ltr'>curavimus.</span> 
     </span>
    </p>
   </div>
   <div class='ocr_carea' id='block_1_110' title="bbox 2032 4949 3630 5025">
    <p class='ocr_par' dir='ltr' id='par_1_110' title="bbox 2032 4949 3630 5025">
     <span class='ocr_line' id='line_1_110' title="bbox 2032 4949 3630 5025; baseline -0.004 -17"><span class='ocrx_word' id='word_1_670' title='bbox 2032 4954 2147 5023; x_wconf 72' lang='lat'>(73)</span> <span class='ocrx_word' id='word_1_671' title='bbox 2178 4951 2425 5025; x_wconf 77' lang='lat' dir='ltr'>Antiqui</span> <span class='ocrx_word' id='word_1_672' title='bbox 2451 4951 2575 5025; x_wconf 85' lang='lat' dir='ltr'>duo</span> <span class='ocrx_word' id='word_1_673' title='bbox 2606 4950 2751 5025; x_wconf 79' lang='lat' dir='ltr'>libri</span> <span class='ocrx_word' id='word_1_674' title='bbox 2781 4955 2840 5025; x_wconf 76' lang='lat' dir='ltr'>et</span> <span class='ocrx_word' id='word_1_675' title='bbox 2867 4949 3046 5025; x_wconf 76' lang='lat' dir='ltr'>voss.</span> <span class='ocrx_word' id='word_1_676' title='bbox 3095 4949 3212 5002; x_wconf 82' lang='grc' dir='ltr'>καθ’</span> <span class='ocrx_word' id='word_1_677' title='bbox 3259 4950 3630 5025; x_wconf 50' lang='grc' dir='ltr'>ἕκαστονλιαιτ</span> 
     </span>
    </p>
   </div>
   <div class='ocr_carea' id='block_1_111' title="bbox 1963 5017 3631 5097">
    <p class='ocr_par' dir='ltr' id='par_1_111' title="bbox 1963 5017 3631 5097">
     <span class='ocr_line' id='line_1_111' title="bbox 1963 5017 3631 5097; baseline 0.002 -21"><span class='ocrx_word' id='word_1_678' title='bbox 1963 5017 2075 5097; x_wconf 50' lang='lat' dir='ltr'>pag.</span> <span class='ocrx_word' id='word_1_679' title='bbox 2105 5026 2220 5080; x_wconf 84' lang='lat' dir='ltr'>Nec</span> <span class='ocrx_word' id='word_1_680' title='bbox 2242 5017 2543 5097; x_wconf 49' lang='lat' dir='ltr'>ita—multo</span> <span class='ocrx_word' id='word_1_681' title='bbox 2575 5027 2711 5094; x_wconf 90' lang='lat' dir='ltr'>post</span> <span class='ocrx_word' id='word_1_682' title='bbox 2738 5021 2798 5077; x_wconf 90' lang='lat' dir='ltr'>hi</span> <span class='ocrx_word' id='word_1_683' title='bbox 2828 5019 2941 5093; x_wconf 90' lang='lat' dir='ltr'>ipsi</span> <span class='ocrx_word' id='word_1_684' title='bbox 2969 5035 3125 5091; x_wconf 90' lang='lat' dir='ltr'>quos</span> <span class='ocrx_word' id='word_1_685' title='bbox 3151 5033 3293 5074; x_wconf 85' lang='lat' dir='ltr'>mox</span> <span class='ocrx_word' id='word_1_686' title='bbox 3320 5018 3447 5074; x_wconf 86' lang='lat' dir='ltr'>dixi</span> <span class='ocrx_word' id='word_1_687' title='bbox 3491 5017 3631 5078; x_wconf 78' lang='lat' dir='ltr'>libri</span> 
     </span>
    </p>
   </div>
   <div class='ocr_carea' id='block_1_112' title="bbox 1964 5094 3351 5169">
    <p class='ocr_par' dir='ltr' id='par_1_112' title="bbox 1964 5094 3351 5169">
     <span class='ocr_line' id='line_1_112' title="bbox 1964 5094 3351 5169; baseline 0.019 -27"><span class='ocrx_word' id='word_1_688' title='bbox 1964 5094 2524 5169; x_wconf 53' lang='lat' dir='ltr'>&#39;xpnqiusﬁ027iw379</span> <span class='ocrx_word' id='word_1_689' title='bbox 2552 5096 2748 5149; x_wconf 75' lang='grc' dir='ltr'>σκεύει.</span> <span class='ocrx_word' id='word_1_690' title='bbox 2782 5161 2793 5169; x_wconf 88' lang='lat'>_</span> <span class='ocrx_word' id='word_1_691' title='bbox 3131 5157 3148 5169; x_wconf 81' lang='grc'>,</span> <span class='ocrx_word' id='word_1_692' title='bbox 3265 5162 3275 5169; x_wconf 86' lang='grc'>,</span> <span class='ocrx_word' id='word_1_693' title='bbox 3340 5157 3351 5168; x_wconf 93' lang='grc'><strong>.</strong></span> 
     </span>
    </p>
   </div>
   <div class='ocr_carea' id='block_1_113' title="bbox 2036 5157 3630 5238">
    <p class='ocr_par' dir='ltr' id='par_1_113' title="bbox 2036 5157 3630 5238">
     <span class='ocr_line' id='line_1_113' title="bbox 2036 5157 3630 5238; baseline -0.002 -16"><span class='ocrx_word' id='word_1_694' title='bbox 2036 5157 2150 5238; x_wconf 66' lang='grc'>(74)</span> <span class='ocrx_word' id='word_1_695' title='bbox 2179 5157 2543 5238; x_wconf 58' lang='grc' dir='ltr'>νοοιιιαμέν,</span> <span class='ocrx_word' id='word_1_696' title='bbox 2590 5179 2726 5238; x_wconf 80' lang='lat' dir='ltr'>quae</span> <span class='ocrx_word' id='word_1_697' title='bbox 2778 5161 2839 5218; x_wconf 90' lang='lat' dir='ltr'>in</span> <span class='ocrx_word' id='word_1_698' title='bbox 2887 5158 3066 5217; x_wconf 89' lang='lat' dir='ltr'>editis</span> <span class='ocrx_word' id='word_1_699' title='bbox 3112 5157 3302 5238; x_wconf 65' lang='lat' dir='ltr'>deest,</span> <span class='ocrx_word' id='word_1_700' title='bbox 3327 5157 3399 5238; x_wconf 91' lang='lat' dir='ltr'>_in</span> <span class='ocrx_word' id='word_1_701' title='bbox 3435 5159 3630 5238; x_wconf 80' lang='lat' dir='ltr'>tribus</span> 
     </span>
    </p>
   </div>
   <div class='ocr_carea' id='block_1_114' title="bbox 1965 5229 3625 5308">
    <p class='ocr_par' dir='ltr' id='par_1_114' title="bbox 1965 5229 3625 5308">
     <span class='ocr_line' id='line_1_114' title="bbox 1965 5229 3625 5308; baseline -0.005 -14"><span class='ocrx_word' id='word_1_702' title='bbox 1965 5229 2114 5294; x_wconf 79' lang='lat' dir='ltr'>mss.</span> <span class='ocrx_word' id='word_1_703' title='bbox 2134 5229 2373 5307; x_wconf 82' lang='lat' dir='ltr'>legitur.</span> <span class='ocrx_word' id='word_1_704' title='bbox 2399 5229 2755 5308; x_wconf 44' lang='lat' dir='ltr'>Statim-diro</span> <span class='ocrx_word' id='word_1_705' title='bbox 2777 5245 3086 5308; x_wconf 73' lang='lat' dir='ltr'>mss.cum</span> <span class='ocrx_word' id='word_1_706' title='bbox 3118 5231 3283 5308; x_wconf 76' lang='lat' dir='ltr'>Voss.</span> <span class='ocrx_word' id='word_1_707' title='bbox 3319 5229 3401 5281; x_wconf 86' lang='grc' dir='ltr'>ὅτι</span> <span class='ocrx_word' id='word_1_708' title='bbox 3434 5234 3625 5308; x_wconf 54' lang='lat' dir='ltr'>«pgnas.</span> 
     </span>
    </p>
   </div>
   <div class='ocr_carea' id='block_1_115' title="bbox 2038 5301 3630 5380">
    <p class='ocr_par' dir='ltr' id='par_1_115' title="bbox 2038 5301 3630 5380">
     <span class='ocr_line' id='line_1_115' title="bbox 2038 5301 3630 5380; baseline -0.009 -14"><span class='ocrx_word' id='word_1_709' title='bbox 2038 5311 2152 5378; x_wconf 84' lang='lat'>(75)</span> <span class='ocrx_word' id='word_1_710' title='bbox 2177 5301 2315 5380; x_wconf 60' lang='lat' dir='ltr'>lieg.</span> <span class='ocrx_word' id='word_1_711' title='bbox 2345 5307 2578 5380; x_wconf 74' lang='lat' dir='ltr'>primus</span> <span class='ocrx_word' id='word_1_712' title='bbox 2608 5308 2665 5380; x_wconf 90' lang='lat' dir='ltr'>e_t</span> <span class='ocrx_word' id='word_1_713' title='bbox 2690 5301 2861 5380; x_wconf 85' lang='lat' dir='ltr'>Co_lb.</span> <span class='ocrx_word' id='word_1_714' title='bbox 2924 5306 3014 5380; x_wconf 53' lang='lat' dir='ltr'>v.31</span> <span class='ocrx_word' id='word_1_715' title='bbox 3068 5301 3484 5380; x_wconf 64' lang='grc' dir='ltr'>πιστεύσωμεν.’</span> <span class='ocrx_word' id='word_1_716' title='bbox 3510 5305 3630 5362; x_wconf 83' lang='lat' dir='ltr'>lbi-</span> 
     </span>
    </p>
   </div>
   <div class='ocr_carea' id='block_1_116' title="bbox 1965 5373 3194 5446">
    <p class='ocr_par' dir='ltr' id='par_1_116' title="bbox 1965 5373 3194 5446">
     <span class='ocr_line' id='line_1_116' title="bbox 1965 5373 3194 5446; baseline -0.007 -12"><span class='ocrx_word' id='word_1_717' title='bbox 1965 5378 2106 5434; x_wconf 90' lang='lat' dir='ltr'>dem</span> <span class='ocrx_word' id='word_1_718' title='bbox 2135 5373 2324 5434; x_wconf 64' lang='lat' dir='ltr'>bodéx</span> <span class='ocrx_word' id='word_1_719' title='bbox 2347 5373 2536 5434; x_wconf 69' lang='lat' dir='ltr'>&#39;Colb.</span> <span class='ocrx_word' id='word_1_720' title='bbox 2587 5375 2725 5446; x_wconf 71' lang='grc' dir='ltr'>αὐτῷ</span> <span class='ocrx_word' id='word_1_721' title='bbox 2754 5373 3194 5446; x_wconf 62' lang='grc' dir='ltr'>ἐπαγγελλομένῳ.</span> 
     </span>
    </p>
   </div>
   <div class='ocr_carea' id='block_1_117' title="bbox 2038 5440 3631 5519">
    <p class='ocr_par' dir='ltr' id='par_1_117' title="bbox 2038 5440 3631 5519">
     <span class='ocr_line' id='line_1_117' title="bbox 2038 5440 3631 5519; baseline -0.003 -15"><span class='ocrx_word' id='word_1_722' title='bbox 2038 5449 2373 5519; x_wconf 81' lang='lat' dir='ltr'>(76)Vossii</span> <span class='ocrx_word' id='word_1_723' title='bbox 2417 5453 2589 5502; x_wconf 86' lang='lat' dir='ltr'>vetus</span> <span class='ocrx_word' id='word_1_724' title='bbox 2626 5440 2776 5519; x_wconf 78' lang='lat' dir='ltr'>liber</span> <span class='ocrx_word' id='word_1_725' title='bbox 2818 5440 2999 5519; x_wconf 62' lang='grc' dir='ltr'>μελέτῃ</span> <span class='ocrx_word' id='word_1_726' title='bbox 3037 5440 3350 5519; x_wconf 47' lang='lat' dir='ltr'>amissas.</span> <span class='ocrx_word' id='word_1_727' title='bbox 3413 5449 3631 5507; x_wconf 82' lang='lat' dir='ltr'>Statim</span> 
     </span>
    </p>
   </div>
   <div class='ocr_carea' id='block_1_118' title="bbox 1963 5516 3395 5588">
    <p class='ocr_par' dir='ltr' id='par_1_118' title="bbox 1963 5516 3395 5588">
     <span class='ocr_line' id='line_1_118' title="bbox 1963 5516 3395 5588; baseline -0.005 -14"><span class='ocrx_word' id='word_1_728' title='bbox 1963 5516 2127 5574; x_wconf 72' lang='lat' dir='ltr'>idem</span> <span class='ocrx_word' id='word_1_729' title='bbox 2162 5537 2277 5574; x_wconf 89' lang='lat' dir='ltr'>ms.</span> <span class='ocrx_word' id='word_1_730' title='bbox 2307 5535 2446 5574; x_wconf 88' lang='lat' dir='ltr'>cum</span> <span class='ocrx_word' id='word_1_731' title='bbox 2480 5521 2617 5588; x_wconf 77' lang='lat' dir='ltr'>Reg.</span> <span class='ocrx_word' id='word_1_732' title='bbox 2653 5516 2848 5588; x_wconf 90' lang='lat' dir='ltr'>primo</span> <span class='ocrx_word' id='word_1_733' title='bbox 2880 5516 3177 5588; x_wconf 68' lang='grc' dir='ltr'>ἐγγίνεσθαι</span> <span class='ocrx_word' id='word_1_734' title='bbox 3201 5517 3395 5574; x_wconf 78' lang='grc' dir='ltr'>εἴωθεν.</span> 
     </span>
    </p>
   </div>
   <div class='ocr_carea' id='block_1_119' title="bbox 2035 5587 3332 5664">
    <p class='ocr_par' dir='ltr' id='par_1_119' title="bbox 2035 5587 3332 5664">
     <span class='ocr_line' id='line_1_119' title="bbox 2035 5587 3332 5664; baseline -0.002 -19"><span class='ocrx_word' id='word_1_735' title='bbox 2035 5592 2146 5663; x_wconf 87' lang='grc'>(77)</span> <span class='ocrx_word' id='word_1_736' title='bbox 2178 5589 2422 5664; x_wconf 79' lang='lat' dir='ltr'>Antiqui</span> <span class='ocrx_word' id='word_1_737' title='bbox 2451 5587 2586 5647; x_wconf 80' lang='lat' dir='ltr'>duo</span> <span class='ocrx_word' id='word_1_738' title='bbox 2605 5587 2744 5647; x_wconf 77' lang='lat' dir='ltr'>libri</span> <span class='ocrx_word' id='word_1_739' title='bbox 2773 5587 3332 5664; x_wconf 79' lang='grc' dir='ltr'>παραϐουλεύσασθαι.</span> 
     </span>
    </p>
   </div>
  </div>
