4086 6186
204 275 224 327 l
244 276 350 330 237

1377 271 1676 329 REGUL£
1716 267 2006 326 BREVIUS
2041 265 2424 327 TRACTATA‘I

3435 282 3567 338 l238

201 405 335 460 νοεῖς
363 413 378 464 ;
423 394 674 450 Μάλιστα
701 390 789 446 οὖν
821 394 904 446 ἐπὶ
929 402 1029 445 τῶν
1058 398 1303 447 τοιούτων
1346 400 1434 448 καὶ
1461 404 1560 448 τῶν
1591 391 1803 448 δοκούν-

1931 391 2184 448 Maxime
2216 392 2393 465 igitur
2420 395 2480 451 in
2505 395 2722 452 talibus
2748 401 2803 452 et
2831 396 2889 452 in
2916 395 2989 452 iis
3017 398 3120 471 qui
3140 398 3418 459 videntur
3438 419 3569 460 csse

203 507 305 539 των
335 486 466 540 εἶναι
489 481 854 558 ἐνδοξοτέρων,
889 480 1130 546 σπουδῆς
1156 490 1316 561 χρεία
1344 491 1433 538 καὶ
1459 484 1773 556 ἐπισκέψεως
1797 504 1810 517 ·

199 561 283 628 ἰνα
313 580 405 628 καὶ
437 580 531 633 τὴν
564 573 894 646 ὀφειλομένην
933 571 1220 646 ἐπιμελειαν
1250 575 1417 628 αὐτῶν
1448 575 1580 644 (41),
1631 576 1726 625 εἴτε
1765 570 1812 624 ἓν

200 664 557 741 παρακλήσει,
593 666 696 716 εἶτε
733 661 781 714 ἐν
847 661 1046 734 ὶλέγχῳ
1101 667 1232 735 μετὰ
1291 673 1382 725 τῆς
1437 665 1810 739 προσηκούσης

200 757 570 830 μακροθυμίας
601 754 964 825 ποιησώμεθα,
993 757 1083 804 καὶ
1133 755 1199 805 τὰ
1243 753 1401 806 λοιπὰ
1440 756 1629 818 πάντα,
1675 752 1810 803 κατὰ

198 849 294 903 τήν
344 852 440 896 τοῦ
489 847 684 918 Κυρίου
725 840 949 908 ἐντολὴν,
991 839 1066 893 ἔπ’
1115 841 1284 894 αὐτῶν
1331 841 1803 916 παραφυλάξαντες,

201 933 547 994 ανυπαιτίους
573 933 784 994 ἑαυτούς
813 937 902 984 καὶ
933 931 985 983 ἐν
1009 934 1175 1004 τούτῳ
1205 941 1276 1004 τῷ
1306 937 1448 1007 μέρει
1470 930 1796 1004 φυλάξωμεν.

747 1066 1061 1113 ΕΡΩἸἪΣΙΣ
1103 1059 1259 1116 ΣΛΒ’.

194 1150 317 1204 Ἐάν
351 1169 456 1218 τις,
491 1146 764 1210 ἀδικηθεὶς
795 1150 895 1200 ὑπὸ
934 1167 1073 1221 τινος
1100 1149 1231 1219 (42),
1286 1144 1476 1221 μηδενὶ
1509 1146 1800 1221 Αᾶινάθηται,

261 1221 410 1294 λόγω
435 1215 798 1294 μακροθυμίας
823 1225 912 1271 καὶ
943 1215 1296 1286 ἀνεξικακίας,
1337 1217 1464 1292 δόξῃ
1497 1216 1556 1272 δε
1585 1228 1656 1290 τῷ
1689 1227 1802 1290 Θεῷ

271 1289 594 1346 ἀποδιδόναι
623 1289 688 1344 τό’
711 1297 894 1366 κρῖμα,
928 1291 972 1343 εἰ
999 1295 1134 1344 κατὰ
1165 1294 1354 1366 Κύριον
1389 1289 1545 1346 ποιεῖ.

815 1423 1186 1472 ΛΙΙΟΚΡΙΣΙΣ.

266 1512 372 1559 Τοῦ
407 1510 600 1581 Κυρίου
628 1505 879 1576 εἰπόντος,
919 1509 1039 1559 ποτε
1077 1511 1188 1579 μεν,
1218 1506 1415 1580 Ἀφίετε
1469 1510 1512 1560 εἰ
1558 1527 1611 1560 τι
1657 1509 1802 1578 ἔχετε

192 1598 336 1648 κατά
361 1615 494 1656 τινος
519 1616 532 1628 ·
563 1599 688 1648 ποτε
719 1591 797 1662 δε,
828 1596 944 1648 Ἐὰν
976 1595 1181 1670 ἁμάρτῃ
1213 1596 1283 1658 εἰς
1315 1600 1371 1648 σε
1392 1597 1418 1648 6
1447 1593 1798 1668 ἀδελφὸςσου,

195 1685 392 1757 ὕπαγε,
424 1684 624 1757 ἔλεγξον
655 1685 809 1737 αύτὸν
833 1685 1028 1758 μεταξύ
1061 1693 1156 1738 σού
1185 1691 1276 1738 καὶ
1295 1686 1456 1738 αύτού
1486 1690 1665 1759 μόνον.
1685 1685 1801 1738 Ἐάν

197 1794 296 1828 σου
331 1773 553 1847 ἀκούσῃ,
583 1771 876 1848 ὶκέρδησας
902 1778 988 1827 τὸν
1037 1771 1257 1848 ἀδελφὸν
1291 1795 1385 1828 σου
1418 1795 1432 1809 ο
1481 1773 1565 1827 ἐὰν
1619 1771 1679 1828 δε
1721 1779 1798 1847 ,μὴ

195 1862 427 1938 ἀκούσῃ,
459 1862 726 1938 παράλαϐε
763 1866 894 1937 μετὰ
925 1871 1020 1917 σού
1050 1867 1125 1916 ἔτι
1155 1865 1242 1917 ἕνα
1267 1865 1296 1923 ἡ
1331 1861 1449 1932 δύο,
1475 1866 1559 1916 ἶνα
1583 1863 1666 1917 ἐπὶ
1691 1868 1801 1917 στόο

190 1973 363 2026 ματος
389 1950 487 2006 δύο
516 1956 792 2028 μαρτύρων
821 1959 911 2006 καὶ
941 1962 1096 2028 τριῶν
1131 1956 1296 2026 σταθῇ
1349 1960 1449 2006 πᾶν
1481 1954 1594 2026 (43)
1630 1955 1797 2028 ῥῆμα.

189 2043 316 2098 Ἐὰν
350 2039 410 2096 δε
439 2045 749 2118 παρακούσῃ
785 2043 970 2109 αὐτῶν,
1005 2043 1111 2096 εἰπέ
1139 2052 1200 2116 τῇ
1231 2041 1532 2116 Ἐκκλησίᾳ.
1584 2042 1699 2096 Ἐὰν
1740 2039 1800 2096 δε

187 2137 283 2185 καὶ
309 2140 370 2191 τῆ
380 2151 400 2192 ς
427 2131 740 2192 Ἐκκλησίας
767 2134 1102 2205 παρακούσῃ,
1131 2135 1265 2184 ἔστω
1297 2151 1381 2184 σοι
1411 2133 1582 2206 ὥσπερ
1614 2133 1640 2183 6
1667 2130 1799 2185 ἐθνι-

187 2227 288 2284 κὸς
305 2227 398 2274 καὶ
419 2224 444 2274 6
482 2221 705 2284 τελώνης
731 2243 745 2256 ·
787 2231 882 2283 τῆς
919 2226 1009 2296 μὲν
1040 2225 1406 2296 μακροθυμίας
1431 2225 1629 2298 καρπὸν
1682 2221 1799 2276 ἔπι-

192 2309 510 2366 δείκνυσθαι
539 2316 672 2388 χρὴ,
705 2321 778 2383 τῷ
809 2320 922 2382 Θεῷ
951 2316 1047 2370 τὴν
1082 2317 1390 2386 προσευχὴν
1418 2313 1542 2385 ὑπὲρ
1565 2320 1657 2364 τοῦ
1679 2308 1798 2370 ἠδι-

188 2406 417 2462 κηκότος
438 2399 490 2464 ἐξ
512 2399 760 2463 ἀληθινῆς
780 2397 1064 2464 διαθέσεως
1083 2402 1419 2474 προσάγοντα
1432 2406 1522 2454 καὶ
1542 2400 1756 2473 λέγοντα
1779 2421 1793 2436 ο

191 2494 378 2565 Κύριε,
407 2495 478 2564 μή
513 2497 608 2550 στή
621 2510 715 2564 σῃς
741 2489 880 2561 αύτῷ
906 2495 1000 2550 τὴν
1027 2490 1306 2566 ἁμαρτίαν,
1333 2492 1415 2543 ἵνα
1437 2495 1535 2564 μὴ,
1566 2494 1634 2552 ὡς
1654 2492 1796 2566 ὀργι-

189 2581 412 2654 ζόμενος
438 2589 509 2651 τῷ
532 2576 735 2652 ἀδελφῷ
757 2580 1123 2652 αύτού,ἔνοχος
1144 2584 1356 2652 γένηται
1373 2582 1487 2650 (44)
1508 2587 1568 2652 τῇ
1594 2585 1792 2655 κρίσειο

185 2675 284 2729 τήν
319 2667 367 2722 δ’
360 2689 381 2723 ε
411 2669 741 2745 παράκλησιν
766 2679 838 2741 τῷ
868 2666 1174 2741 ἠδικηκότι,
1201 2675 1290 2722 καὶ
1319 2674 1406 2723 τὸν
1429 2669 1644 2742 ἔλεγχον
1672 2667 1797 2722 ἁπο-

187 2756 411 2813 διδόναι
438 2757 736 2826 ἀκόλουθον,
769 2761 908 2820 ὅπως
936 2759 1168 2812 κάκεῖνον
1198 2767 1293 2820 τῆς
1331 2759 1491 2834 ὀργῆς
1516 2767 1608 2821 τῆς
1639 2757 1797 2834 ἔρχο-

183 2853 351 2922 μένης
378 2847 462 2902 ἐπὶ
492 2852 612 2911 τούς
640 2851 784 2910 υἱούς
813 2857 908 2912 τῆς
934 2847 1195 2909 ἀπειθείας
1225 2847 1564 2922 έλευθερὼσῃ.
1592 2849 1706 2902 Ἐὰν
1738 2845 1798 2902 δε

185 2937 433 3013 ἆμελήσῃ
467 2943 556 2991 καὶ
585 2938 723 3010 λόγῳ
763 2935 921 2997 δῆθεν
950 2947 1042 2999 τῆς
1074 2934 1215 3000 ἰδίας
1254 2940 1620 3013 μακροθυμίας
1668 2937 1796 3010 ἔφη-

183 3030 443 3101 συχάσῃ,
477 3023 668 3086 διπλῆν
695 3026 950 3102 ἁμαρτίαν
977 3026 1260 3100 ἁμαρτάνει
1284 3047 1297 3061 ο
1331 3029 1411 3080 ὅτι
1436 3047 1490 3080 τε
1510 3027 1663 3088 αὐτὸς
1683 3027 1797 3098 (45)

182 3116 502 3194 παραϐαίνει
530 3121 622 3174 τήν
653 3114 856 3174 ἐντολὴν
880 3119 974 3174 τὴν
1002 3116 1279 3188 λέγουσαν,
1333 3115 1558 3189 Ἐλεγμῷ
1581 3115 1797 3188 έλέγξεις
1824 3115 1866 3168 C

178 3212 270 3262 τὸν
300 3207 527 3265 πλησίον
559 3225 676 3272 σου,
707 3211 798 3258 καὶ
836 3205 895 3258 ού
925 3205 1067 3279 λήψῃ
1103 3202 1137 3259 δ
1143 3207 1176 3258 ι’
1207 3206 1362 3259 αύτὸν
1406 3205 1686 3281 ἁμαρτίαν,
1708 3211 1798 3258 καὶ

178 3300 431 3357 κοινωνὸς
459 3303 550 3349 τοῦ
582 3295 969 3370 ἁμαρτάνοντος
994 3292 1090 3348 διὰ
1106 3304 1200 3358 τῆς
1223 3304 1422 3357 σιωπῆς
1440 3300 1641 3366 γίνεται
1660 3316 1673 3330 ο
1706 3301 1796 3349 καὶ

180 3392 263 3443 ὅτι
299 3391 391 3440 τὸν
417 3383 701 3460 δυνάμενον
725 3389 856 3449 ἴσως
884 3383 1207 3461 κερδηθῆναι
1253 3382 1348 3438 διὰ
1401 3393 1506 3438 τώυ
1545 3384 1793 3458 ἇλὲγχων,

178 3479 367 3540 καθὼς
419 3480 511 3529 καὶ
567 3477 594 3529 6
653 3478 844 3550 Κύριος
892 3473 1190 3544 διετάξατο,
1222 3483 1402 3529 τοῦτον
1433 3473 1650 3548 ἀφίησιν
1680 3476 1798 3548 (46)

182 3565 542 3620 ἕναπολέσθαι
567 3572 639 3636 τῷ
663 3573 828 3638 κακῷ.

731 3694 1045 3744 ΕΡΩἹἮΣῘΣ
1105 3696 1138 3743 Σ
1149 3687 1262 3745 ΑΓ.

181 3781 281 3836 Ἐκ
313 3781 520 3834 πάντων
549 3787 647 3832 τῶν
676 3778 1205 3855 κατορθωμάτων-ξαν
1235 3777 1285 3832 ἂν
1308 3777 1457 3853 λείπῃ
1489 3783 1612 3846 τινὶ,
1645 3778 1688 3832 εἰ
1709 3775 1802 3834 διὰ

653 3901 655 3904 τ
733 3852 887 3905 τοῦτο
918 3852 985 3904 ού
1019 3852 1263 3913 σώζεται.

810 3981 1186 4033 ΑΠΟΚΡΙΣῘΣ.

258 4062 475 4120 Πολλῶν
503 4069 660 4119 ὄντων
692 4064 742 4119 έν
771 4073 834 4139 τῇ
869 4085 922 4119 τε
953 4067 1066 4139 (47)
1117 4065 1324 4138 Παλαιᾷ
1350 4070 1442 4121 καὶ
1470 4064 1518 4119 έν
1547 4074 1609 4140 τῇ
1667 4073 1800 4122 Και-

179 4163 241 4230 νῇ
276 4157 518 4230 Διαθὴκῃ
545 4163 643 4208 τῶν
695 4151 991 4228 δυναμένων
1057 4161 1175 4230 περὶ
1229 4145 1420 4209 τούτου
1472 4155 1802 4232 πληροφορῆ-

186 4265 283 4299 σαι
346 4247 509 4318 ἡμᾶς,
575 4243 747 4319 ἀρκεῖν
797 4247 1028 4318 ἠγοῦμαι
1079 4254 1151 4317 τῷ
1199 4254 1372 4317 πιστῷ
1427 4250 1517 4298 καὶ
1557 4250 1710 4318 μόνον
1741 4248 1798 4298 τὸ

185 4334 274 4388 ἐπὶ
335 4343 410 4405 τῷ
455 4338 638 4407 Πέτρῳ
693 4341 896 4410 κρῖμα’
965 4335 1021 4398 ὃς
1075 4333 1158 4388 ἐπὶ
1213 4337 1482 4396 τοσούτοις
1532 4339 1622 4388 καὶ
1648 4333 1798 4393 τηλι-

185 4427 406 4486 κούτοις
485 4425 878 4500 κατορθώμασι,
955 4429 1045 4478 καὶ
1123 4426 1380 4486 τοιούτοις
1468 4431 1573 4485 τοῖς
1657 4427 1801 4498 παρὰ

267 4767 285 4806 ί
332 4767 518 4826 Marc.
548 4781 630 4839 x1,
651 4771 742 4824 25.
817 4766 839 4804 ²
863 4765 1062 4825 latth.
1083 4779 1246 4834 xviu,
1283 4767 1462 4823 15-17.
1539 4764 1563 4801 ⁸
1589 4766 1727 4822 Act.
1757 4777 1860 4831 vu,
1893 4765 1988 4820 59.

266 5107 388 5193 (δ’)
420 5108 562 5193 Βεε-
591 5104 912 5193 Primus?
937 5105 1108 5193 v.08?-
1131 5101 1446 5193 ,ἒπξιεεῗέςιαι
1465 5101 1812 5193 ετξῑεῑέεὲφξ

189 5174 328 5238 mss
343 5174 491 5236 .tres
510 5174 561 5230 ἓν
585 5174 802 5250 iiii/xu.
817 5175 1040 5250 Vocula
1060 5174 1108 5228 ἓν
1128 5174 1383 5250 ineditis
1409 5174 1808 5250 desideratur.

270 5255 390 5316 (42(
419 5250 616 5307 Vossii
636 5245 810 5305 v'e'ius
831 5248 980 5306 liber
999 5263 1138 5304 cum
1161 5247 1296 5320 aliis
1316 5245 1558 5303 duobus
1578 5248 1720 5320 παρά
1740 5267 1815 5298 τι·

190 5343 309 5386 νος.
339 5320 524 5396 Paulo
549 5326 691 5396 post
713 5323 855 5392 Reg.
878 5320 1111 5396 primus
1131 5319 1174 5372 εἰ
1199 5321 1340 5396 uarii
1361 5322 1490 5371 Θεὸν
1511 5319 1666 5396 noui;

272 5397 393 5466 (43)
425 5387 567 5464 Reg:
598 5387 834 5467 primus
859 5387 1020 5464 ὅταθῇ
1054 5398 1176 5446 πᾶν.
1232 5389 1344 5447 Alii
1374 5405 1520 5445 mss.
1561 5393 1618 5445 et
1671 5387 1815 5445 editi

197 5469 378 5524 σταθή
390 5484 559 5522 σεται,

277 5535 1043 5614 (μὶβοςειβριδοὲξοκιὶς
1076 5536 1336 5614 ima.

276 5601 399 5683 (b5)
416 5607 661 5681 Antiqui
687 5606 812 5666 duo
839 5601 983 5666 libiii'
995 5609 1076 5662 ὅτι
1099 5611 1189 5661 καὶ
1213 5605 1387 5668 αύτός.
1421 5601 1654 5662 Ibidem
1673 5601 1817 5661 editi

1926 483 2392 554 prastantiores,
2417 501 2572 558 opus
2593 492 2677 542 est
2711 487 2908 542 studio
2953 503 3022 544 ac
3061 489 3568 564 consideratione,

1923 575 1988 626 ut
2017 576 2075 627 et
2102 571 2371 629 debitam
2397 591 2604 631 curam
2643 591 2754 648 pro
2796 576 2881 630 eis
2929 578 3052 632 sive
3101 577 3160 633 in
3196 580 3570 638 consolando

1923 658 2045 716 sive
2071 661 2131 716 in
2156 661 2582 733 redarguendo
2604 681 2740 720 cum
2763 667 3140 723 convenienti
3169 667 3410 726 lenitate
3433 687 3570 727 sus-

1918 746 2240 820 cipiamus,
2255 757 2311 808 et
2329 752 2572 826 reliquis
2592 753 2973 821 omnibus,ex
2997 756 3230 813 Domini
3251 758 3566 829 mandato,

1916 852 2059 910 erga
2085 841 2252 912 ipsos
2276 841 2635 910 observatis,
2667 845 3078 918 nosmetipsos
3124 847 3466 920 inculpatos
3503 849 3567 905 in

1913 933 2028 989 hac
2057 947 2300 1006 quoque
2325 938 2494 1005 parte
2523 949 2852 990 servemus.

2328 1059 2851 1118 INTERROGATIO
2884 1064 3167 1119 CCXXXII.

1911 1152 1984 1209 Si
1998 1152 2129 1222 quis
2151 1151 2226 1207 ab
2243 1152 2448 1222 aliquo
2468 1152 2700 1224 injuria
2716 1152 3220 1220 a/fectus,nemini
3232 1155 3295 1210 id
3311 1155 3558 1224 referat,

1985 1225 2254 1298 lenitatis
2277 1226 2331 1298 et
2343 1223 3078 1298 patientiagratia,etDeo
3099 1223 3440 1298 relinquere
3457 1231 3562 1298 ju-

1983 1295 2203 1350 dicium
2229 1294 2526 1358 videatur,
2553 1309 2632 1350 an
2649 1295 2975 1351 secundum
3006 1294 3325 1354 Dominum
3338 1294 3556 1368 faciat.

2529 1421 2938 1479 RESPONSIO.

1984 1513 2135 1568 Cum
2152 1511 2441 1568 Dominus
2456 1509 2880 1581 dixerit,modo
2895 1511 3142 1584 quidem
3161 1530 3176 1568 :
3206 1515 3498 1573 Dimittite
3509 1517 3564 1573 si

1911 1602 2060 1675 quid
2071 1601 2298 1658 habetis
2315 1601 2602 1657 adversus
2615 1619 2648 1656 α
2659 1602 2873 1672 liquem
2892 1603 2907 1636 ³
2927 1619 2940 1670 ;
2967 1601 3152 1658 modo
3170 1618 3331 1660 vero:
3355 1603 3424 1660 Si
3428 1620 3560 1674 pec-

1912 1695 2139 1750 caverit
2158 1693 2220 1748 in
2242 1699 2297 1748 te
2313 1692 2516 1760 frater
2536 1697 2694 1755 tuus,
2729 1691 2898 1758 vade,
2923 1693 3162 1762 corripe
3181 1709 3313 1749 eum
3329 1695 3490 1751 inter
3504 1701 3562 1751 te

1911 1789 1964 1840 et
1988 1785 2180 1852 ipsum
2202 1783 2415 1838 solum.
2442 1781 2514 1837 Si
2532 1785 2585 1838 te
2610 1781 2899 1848 audierit,
2922 1781 3196 1838 lucratus
3220 1798 3280 1838 es
3297 1784 3559 1852 fratrem

1912 1879 2080 1930 tuum
2094 1872 2183 1941 ,‘si
2201 1876 2403 1928 autem
2433 1886 2552 1926 non
2572 1870 2857 1937 audierit,
2899 1870 3116 1927 adhibe
3141 1877 3334 1928 tecum
3354 1872 3558 1930 adhuc

1913 1978 2099 2018 unum
2115 1962 2209 2018 vel
2234 1961 2403 2020 duos.
2435 1966 2502 2015 ut
2525 1961 2587 2015 in
2607 1975 2711 2016 ore
2724 1959 2982 2015 duorum
2999 1961 3094 2016 vel
3110 1961 3296 2017 trium
3320 1963 3558 2018 testium

1909 2058 2018 2109 stet
2041 2067 2210 2108 omne
2229 2050 2672 2117 verbum.0uod
2698 2050 2750 2105 si
2770 2064 2888 2105 non
2911 2049 3174 2105 audierit
3187 2065 3303 2112 eos,
3327 2051 3424 2106 dic
3441 2051 3554 2106 Ec-

1909 2141 2201 2198 clesia.Si
2218 2145 2418 2197 autem
2434 2138 2764 2194 Ecclesium
2789 2151 3022 2209 quoque
3045 2152 3163 2192 non
3192 2137 3556 2208 audierit,sit

1908 2231 2018 2287 tibi
2036 2231 2190 2286 sicut
2211 2229 2481 2286 ethnicus
2499 2232 2554 2285 et
2571 2225 2938 2297 publicanus
2952 2229 2973 2260 ι
2989 2243 3004 2293 ;
3020 2225 3072 2281 is
3096 2225 3352 2282 lenitatis
3372 2232 3555 2299 atque

1906 2319 2209 2394 patientia
2256 2318 2516 2374 fructum
2551 2315 2864 2373 ostendere
2901 2314 3101 2382 debet,
3141 2315 3227 2371 ita
3252 2319 3320 2371 ut
3346 2331 3458 2388 pro
3481 2331 3555 2372 eo

1905 2409 2013 2483 qui
2037 2409 2320 2480 iniuriam
2340 2406 2560 2473 intulit,
2583 2421 2792 2478 preces
2827 2421 2898 2460 ex
2931 2421 3077 2462 vero
3103 2404 3324 2461 affectu
3343 2404 3558 2462 oﬂerat

1905 2501 2048 2569 Deo,
2066 2498 2382 2571 dicatque:
2414 2497 2664 2553 Domine
2690 2511 2766 2552 ne
2791 2501 3026 2552 statuas
3046 2495 3148 2550 illi
3170 2501 3486 2564 peccatum
3508 2496 3554 2564 ³,

1906 2594 1973 2645 ut
2002 2604 2096 2658 ne,
2121 2587 2305 2643 veluti
2326 2603 2436 2643 suo
2458 2585 2623 2642 fratri
2642 2583 3079 2656 iratus,judicio
3102 2583 3206 2640 ﬁat
3229 2584 3553 2640 obnoxius.

1907 2677 2234 2733 Admoneri
2255 2680 2458 2733 autem
2487 2681 2545 2733 et
2572 2674 2858 2746 redargui
2895 2690 3008 2747 par
3055 2677 3144 2730 est
3183 2673 3418 2746 injuria
3448 2690 3554 2730 au-

1908 2773 2156 2835 ctorem,
2186 2772 2251 2823 ut
2279 2771 2335 2822 et
2363 2767 2472 2822 iste
2497 2765 2575 2822 ab
2605 2765 2694 2821 ira
2731 2781 2869 2837 qua
2922 2780 3106 2837 super
3157 2764 3554 2820 contumacia

1907 2857 2067 2914 ﬁlios
2117 2857 2300 2923 venit,
2333 2855 2636 2911 liberetur.
2671 2852 2845 2919 Quod
2893 2853 2942 2908 si
2973 2853 3318 2924 neglexerit,
3369 2854 3556 2910 conti-

1906 2945 2234 3018 cueritque,
2257 2943 2605 3000 exercendae
2630 2941 2851 2998 scilicet
2870 2958 2994 2997 sua
3015 2943 3316 3014 patientia
3345 2957 3554 3010 causa,

1907 3034 2166 3090 admittit
2188 3033 2414 3105 duplex
2442 3035 2798 3104 peccatum:
2859 3036 2918 3087 et
2969 3031 3137 3103 quod
3190 3031 3319 3102 ipse
3368 3029 3556 3086 violat

1905 3124 2264 3182 mandatum
2314 3122 2508 3178 illud:
2567 3122 2897 3190 Arguendo
2944 3135 3163 3189 argues
3203 3120 3552 3190 proximum

1903 3218 2155 3282 tuum,et
2166 3227 2288 3268 non
2308 3211 2564 3280 accipies
2578 3215 2828 3278 propter
2846 3223 2975 3264 eum
2985 3214 3300 3278 peccatum
3316 3209 3420 3278 ‘,et
3439 3206 3555 3263 hoc

1904 3303 2137 3359 silentio
2166 3299 2477 3374 peccatiﬂt
2495 3299 2826 3372 particeps:
2851 3303 2908 3353 et
2926 3296 3089 3370 quod
3109 3312 3292 3370 quem
3325 3302 3558 3370 poterat

1904 3393 2154 3450 fortasse
2181 3388 2606 3460 redarguendo
2633 3386 2874 3456 lucrari,
2907 3386 3065 3443 velut
3088 3385 3378 3444 Dominus
3403 3402 3554 3460 pra-

1905 3482 2115 3555 cepit‘,
2138 3481 2300 3537 hunc
2325 3478 2463 3536 sinit
2480 3478 2543 3535 in
2566 3476 2729 3534 malo
2757 3476 2978 3550 perire.

2194 3680 2374 3757 494
2406 3677 2920 3740 INTERROGATIO
2961 3680 3272 3736 CCXXXIII.

1909 3777 2010 3833 Ex
2026 3773 2295 3832 omnibus
2316 3778 2477 3829 recte
2494 3772 2679 3842 factis
2698 3771 2752 3828 si
2789 3770 2884 3827 vel
2913 3785 3109 3842 unum,
3139 3768 3291 3842 desit
3329 3767 3558 3824 alicui:

2076 3862 2220 3903 num
2238 3840 2558 3916 propterea
2587 3844 2842 3900 salutem
2864 3857 2983 3899 non
3005 3840 3386 3910 adipiscitur.

2525 3970 2936 4026 RESPONSIO.

1979 4066 2129 4121 Cum
2183 4059 2375 4118 multa
2417 4059 2536 4116 sint
2591 4067 2720 4115 tum
2775 4058 2838 4114 in
2894 4055 3104 4123 Veteri,
3149 4053 3370 4112 tumin
3398 4056 3560 4112 Novo

1906 4155 2310 4217 Testamento,
2350 4166 2487 4223 qua
2525 4164 2649 4205 non
2696 4146 2938 4222 possint
2991 4144 3066 4201 de
3114 4144 3230 4201 hoc
3277 4143 3558 4200 certiores

1908 4243 2122 4310 facere,
2151 4246 2353 4298 tamen
2385 4240 2528 4296 satis
2557 4254 2692 4294 esse
2717 4238 2877 4294 duco
2909 4235 3095 4292 cuivis
3117 4233 3257 4290 ﬁdei
3282 4233 3376 4290 vel
3413 4232 3560 4290 illud

1908 4349 2100 4390 unum
2131 4331 2206 4388 de
2247 4331 2421 4388 Petro
2445 4329 2766 4400 judicium,
2819 4325 2924 4399 qui
2971 4330 3106 4398 post
3155 4329 3238 4380 tot
3283 4329 3342 4381 et
3391 4327 3562 4380 tanta

1906 4421 2194 4496 praclare
2215 4423 2667 4493 gesta,postque
2678 4415 2825 4474 tales
2838 4414 3244 4472 beatitudines
3263 4430 3301 4472 a
3317 4413 3564 4472 Domino

2075 4761 2095 4797 ⁸
2122 4760 2263 4818 Lev.
2300 4775 2422 4830 xxx,
2446 4758 2717 4835 l7,apud
2754 4758 2898 4817 LXX.
2977 4759 2998 4795 ⁵
3030 4755 3233 4815 Hatth.
3283 4769 3442 4819 xvui,
3475 4756 3560 4810 15.

1920 5099 2362 5176 παραϐαίνειμτὴν
2390 5101 2643 5176 λέγουσαν
2675 5098 3076 5176 ivroliv.__lleg_.

1921 5167 2087 5228 ϐαίνει
2115 5179 2208 5234 τὴν
2240 5167 2558 5232 ὶντολήνῖτὴν
2577 5173 2883 5242 ).ἐγουσαν.ῌ
2903 5167 3073 5242 Haud

1919 5255 2039 5319 γμῷ
2079 5246 2289 5302 addita
2317 5251 2404 5301 est
2433 5259 2505 5300 ex
2531 5239 2728 5319 tribus
2752 5239 3085 5319 codicibus.

1993 5307 2104 5388 (46)
2129 5319 2363 5388 Veteres
2390 5319 2512 5388 duo
2541 5313 2675 5388 libri
2703 5312 2995 5388 ῥναφεησιν.
3049 5307 3276 5388 Ibidem
3307 5309 3448 5388 Reg.
3480 5322 3568 5362 se-

1922 5379 2160 5444 cundus
2191 5394 2244 5443 et
2274 5387 2415 5442 editi
2447 5384 2782 5437 ἕναπολέσθαι
2803 5379 2884 5452 ’τῷ
2910 5385 3109 5453 κόσμῳ9
3144 5381 3207 5436 in
3227 5379 3451 5436 mundo
3467 5395 3568 5448 pe-

1922 5461 2065 5516 rire.
2097 5458 2208 5514 Alii
2238 5463 2354 5513 tres
2380 5473 2524 5512 mss.
2547 5463 2804 5526 τῷκακῷ,
2839 5453 3077 5509 rectius.

1994 5511 2422 5599 auﬁdium
2453 5546 2506 5580 τε
2561 5511 2908 5583 addidimus
2955 5540 3030 5580 ex
3075 5523 3288 5597 priscis
3325 5522 3570 5580 duobus

1923 5600 2110 5658 libris.

3102 5092 3341 5221 Primus
3399 5109 3566 5178 παρα-

3123 5180 3280 5221 onae
3310 5179 3428 5220 vox
3467 5163 3565 5216 ελε-

3123 5163 3199 5221 οο
3208 5180 3280 5234 ge
3310 5179 3428 5220 vox
3467 5163 3565 5216 ἄλι-
