4086 6186
583 249 719 305 1243

921 373 1101 447 496
1128 375 1644 432 lNTERROGATIO
1671 374 1864 432 CCXL.

585 519 712 576 Cur
740 520 904 576 dicta
928 521 1006 575 sit
1037 520 1165 576 lata
1187 527 1391 590 porta,
1425 527 1479 577 et
1509 536 1622 577 cur
1652 522 1768 590 via,
1801 535 1932 590 quae
1961 518 2122 574 ducit
2151 517 2234 575 ad

831 593 1167 656 interitum,
1195 593 1507 662 appellata
1531 595 1606 648 sit
1627 595 1893 662 spatiosa
1912 593 1978 647 “.

1196 719 1606 776 RESPONSIO.

653 841 944 899 Dominus
983 841 1067 899 ob
1114 842 1368 899 multam
1397 842 1856 914 benignitatem,
1897 858 2111 898 earum
2139 857 2231 897 re-

577 946 738 1000 rum,
791 948 928 1006 qua
976 939 1134 989 noue
1174 939 1332 1000 sunt,
1393 933 1748 989 nominibus
1797 930 2232 1004 vocabulisque

576 1029 726 1072 usus
757 1024 850 1073 est
897 1017 975 1073 ad
1015 1017 1382 1073 declaranda
1431 1018 1691 1073 veritatis
1735 1017 2044 1090 dogmata.
2084 1019 2231 1081 Que-

577 1106 983 1163 madmodum
1013 1108 1193 1178 igitur
1223 1108 1282 1162 in
1313 1114 1469 1164 terra
1507 1107 1828 1164 declinatio
1876 1124 1912 1162 a
1943 1112 2104 1162 recto
2132 1106 2230 1161 iti-

576 1211 737 1268 nere,
762 1213 1054 1267 magnam
1084 1197 1264 1253 habet
1287 1197 1667 1254 latitudinem
1701 1215 1714 1252 :
1745 1196 1848 1261 sic,
1879 1195 2096 1268 inquit,
2126 1195 2232 1268 qui

574 1283 816 1342 aberrat
869 1303 904 1342 a
948 1286 1046 1342 via
1091 1286 1348 1342 ducente
1393 1287 1472 1343 ad
1505 1303 1762 1356 regnum
1807 1284 2123 1353 caelorum,
2169 1284 2231 1340 in

577 1373 767 1430 multa
787 1375 1004 1430 erroris
1022 1375 1337 1432 latitudine
1366 1375 1856 1449 deprehenditur.
1883 1378 1999 1430 Has
2026 1379 2232 1430 autem

531 1453 538 1462 ’
576 1478 775 1530 voces,
810 1465 937 1520 lata
967 1469 1024 1519 et
1051 1467 1337 1534 spatiosa,
1370 1465 1530 1520 idem
1563 1464 1758 1520 valere
1780 1463 2056 1520 arbitror.
2081 1466 2228 1519 Nam

575 1555 903 1622 spatiosum
954 1553 1134 1608 etiam
1167 1555 1331 1626 apud
1372 1561 1630 1610 externae
1674 1554 1962 1610 doctrinae
2000 1553 2226 1626 peritos

579 1643 770 1698 latum
801 1642 1036 1698 dicitur.
1063 1645 1334 1715 Spatium
1358 1644 1558 1713 igitur,
1580 1643 1641 1699 id
1662 1649 1774 1710 est,
1798 1643 1966 1699 locus
1987 1643 2224 1714 erroris,

571 1731 688 1789 late
718 1734 1055 1791 extenditur
1089 1751 1102 1790 :
1129 1736 1302 1807 cujus
1331 1735 1469 1792 finis
1500 1742 1594 1792 est
1626 1735 1920 1792 interitus.

1000 1861 1517 1919 INTERROGATlO
1567 1860 1796 1917 CCXLI.

579 1985 876 2046 Quomodo
904 1993 1166 2058 angusta
1192 1993 1275 2044 est
1304 1995 1502 2058 porta,
1527 1994 1580 2044 et
1612 1994 1787 2044 arcta
1816 1989 1936 2054 via,
1961 2003 2092 2059 qua
2113 1989 2226 2043 du-

645 2059 838 2185 $1
848 2061 1051 2172 2ιζιιαηι
1074 2077 1094 2115 :
1119 2067 1172 2116 et
1195 2062 1488 2132 quomodo
1519 2062 1650 2132 quis
1670 2075 1776 2130 per
1801 2061 1993 2130 ipsam
2024 2062 2235 2130 ingre—‘

1193 2258 1601 2315 RESPONSIO.

646 2383 902 2437 Rursum
934 2381 1049 2438 hoc
1077 2381 1259 2437 etiam
1280 2382 1415 2437 loco
1441 2386 1761 2452 angustum
1783 2386 1840 2438 et
1866 2387 2103 2438 arctam
2124 2397 2225 2438 ne-

573 2485 887 2542 quaquam
917 2486 1012 2526 res
1031 2471 1184 2526 inter
1213 2487 1274 2526 se
1287 2471 1565 2526 diversas
1596 2470 1936 2542 signiticant
1960 2485 1974 2523 :
1999 2468 2103 2524 sed
2124 2483 2222 2524 ar-

573 2569 734 2614 ctum
756 2559 984 2614 indicat
1013 2559 1243 2632 aliquid
1269 2558 1439 2614 valde
1465 2565 1818 2628 angustum,
1845 2575 1986 2614 cum
2008 2557 2110 2612 via
2139 2557 2225 2612 vi-

573 2645 786 2704 delicet
814 2649 897 2704 ita
931 2653 1237 2704 coarctata
1265 2654 1377 2714 est,
1409 2654 1473 2704 ut
1502 2653 1833 2720 prematur,
1863 2646 1980 2704 hoc
2018 2651 2130 2713 est,
2161 2646 2224 2702 in

573 2750 650 2790 an
658 2742 900 2804 gustum
923 2737 1204 2807 utrinque
1220 2737 1619 2792 concludatur
1633 2738 1845 2800 viator,
1859 2737 2027 2794 nulla
2041 2736 2222 2793 decli-

571 2823 816 2880 natione
841 2825 964 2881 sive
1003 2824 1083 2880 ad
1113 2823 1444 2896 dexteram,
1478 2827 1600 2882 sive
1633 2827 1708 2882 ad
1747 2827 2076 2896 sinistram,
2116 2843 2222 2900 pe-

571 2910 762 2969 riculo
791 2920 1065 2987 vacante.
1107 2915 1283 2972 Velut
1324 2916 1384 2973 in
1414 2923 1618 2990 ponte,
1648 2916 1928 2991 quisquis
1965 2915 2225 2973 deﬂectit

574 2999 636 3056 in
665 3001 1011 3060 alterutram
1040 3011 1296 3076 partem,
1329 3005 1408 3061 ab
1439 3021 1620 3063 amne
1656 3005 1963 3062 undelibet
1985 3006 2224 3062 subter-

575 3091 794 3149 ﬂuente
831 3093 1142 3166 excipitur.
1175 3096 1549 3167 Quapropter
1593 3095 1780 3151 David
1810 3096 1952 3152 dicit
1985 3113 1998 3152 :
2029 3098 2224 3152 Juxta

575 3183 693 3238 iter
713 3184 1072 3241 scandalum
1103 3191 1431 3253 posuerunt
1465 3184 1699 3242 mihi”.
1739 3189 1946 3258 Itaque
1983 3186 2089 3258 qui
2120 3201 2225 3258 per

575 3279 898 3341 angustam
928 3278 986 3329 et
1022 3279 1252 3330 arctam
1286 3275 1448 3330 viam
1477 3274 1709 3344 ingrati
1740 3275 1854 3330 sibi
1884 3276 2221 3348 proposuit,

574 3375 715 3415 eum
745 3377 958 3416 cavere
984 3368 1237 3433 oportet,
1270 3379 1344 3418 ne
1374 3363 1497 3419 ullo
1527 3363 1711 3420 modo
1730 3363 2009 3421 deﬂectat
2027 3381 2100 3421 ac
2123 3365 2227 3421 de-

573 3447 752 3505 clinet
769 3465 806 3505 a
826 3449 1128 3507 mandatis
1150 3453 1724 3525 Domini,perﬁciens
1746 3453 1912 3525 quod
1933 3455 2225 3526 scriptum

574 3542 692 3594 est:
716 3538 809 3595 Ne
826 3539 1088 3597 declines
1108 3540 1190 3597 ad
1209 3541 1510 3608 dextram,
1530 3557 1719 3614 neque
1731 3544 1815 3600 ad
1831 3545 2139 3602 sinistram
2150 3547 2220 3601 ³⁸.

991 3666 1507 3725 INTERROGATIO
1535 3668 1793 3726 CCXLI].

578 3791 737 3860 Quid
763 3773 880 3849 sibi
900 3792 1031 3849 vult
1062 3793 1222 3848 illud
1238 3807 1262 3853 ,τ
1290 3815 1317 3842 «
1348 3794 1466 3853 Per
1488 3794 1834 3863 fraternam
1865 3794 2224 3854 charitatem

785 3864 868 3921 ad
887 3870 1093 3921 mutuo
1114 3880 1214 3921 vos
1234 3865 1570 3935 diligendos
1584 3867 1876 3936 propensi
1894 3868 1963 3921 ³⁵.
1981 3889 2007 3916 η

1195 3959 1605 4048 RESPONSIO.

646 4117 920 4176 Studium
948 4115 1098 4192 illud
1119 4117 1285 4190 quod
1307 4133 1347 4182 .e
1372 4117 1780 4193 propensione
1799 4122 2000 4178 ortum
2019 4103 2224 4194 habet,

577 4208 652 4267 de
677 4209 904 4266 intento
934 4223 1140 4265 amore
1161 4207 1396 4280 dicitur,
1422 4225 1559 4266 cum
1605 4209 1831 4267 scilicet
1853 4211 1924 4286 is,
1955 4212 2062 4285 qui
2097 4213 2226 4286 dili-

574 4298 980 4371 gitur,cupido
997 4297 1351 4372 ardentique
1372 4299 1587 4356 affectu
1606 4299 1686 4357 ab
1699 4309 1942 4358 amante
1963 4308 2222 4376 amatur.

577 4391 657 4445 Ne
685 4388 866 4459 igitur
888 4389 1186 4447 fraternus
1205 4407 1380 4448 amor
1398 4391 1460 4448 in
1481 4392 1794 4464 superﬁcie
1819 4392 2017 4450 solum
2039 4410 2224 4468 appa-

574 4481 722 4542 reat,
753 4477 860 4533 sed
886 4477 947 4534 in
989 4480 1196 4537 animo
1223 4481 1437 4537 insitus
1466 4482 1542 4539 sit
1569 4486 1626 4538 et
1667 4482 1951 4555 fervidus,
1994 4483 2224 4543 dictum

1958 252 2018 307 S.
2053 248 2300 305 BASlLll
2337 247 2554 305 MAGNI

3759 259 3866 315 illi

2260 375 2308 428 Λ
2899 379 3214 430 ΕΡΩΤΗΣΙΣ
3254 374 3371 430 ΣΜ’.

2345 515 2490 566 Κατὰ
2547 520 2596 566 τί
2653 515 2872 569 πλατεῖα
3001 517 3176 584 πύλη,
3241 524 3326 571 καὶ
3375 518 3657 595 εὐρύχωρος
3706 523 3731 580 ἠ
3773 519 3870 584 ὁδός

2557 591 2781 660 εἴρηται,
2819 591 2849 648 ἠ
2903 587 3182 662 ἀπάγουσα
3220 590 3285 651 εἰς
3322 587 3695 649 την’ἀπώλειαν.

2943 721 3312 768 ΑΠΟΚΡῙΣΙΣ.

2409 834 2467 886 Ὀ
2511 838 2700 910 Κύριος
2748 833 2843 890 διὰ
2889 838 3080 897 πολλὴν
3129 840 3509 915 φιλανθρωπίαν
3550 849 3652 903 τοίς
3695 841 3874 914 ὀνόμασι

2339 930 2428 978 καὶ
2477 927 2684 1001 ⁴όήμασι
2735 937 2833 980 τών
2870 935 3264 1003 γινωσκομένων
3313 933 3429 1002 (58)
3482 934 3772 1006 πραγμάτων
3814 937 3874 984 xi-

2338 1035 2543 1090 χρηται
2603 1021 2732 1090 πρὸς
2790 1023 3124 1093 παράστασιν
3178 1028 3278 1072 τῶν
3335 1019 3571 1082 ἀληθείας
3622 1017 3872 1094 δογμάτων.

2337 1103 2539 1179 Ὠσπερ
2571 1105 2657 1159 οὖν
2688 1116 2782 1167 τῆς
2811 1111 2946 1165 κατὰ
2987 1117 3085 1180 γῆν
3132 1109 3330 1171 εὐθείας
3374 1106 3498 1162 ὀδοῦ
3537 1111 3566 1168 ἡ
3606 1110 3876 1184 παρέκϐασις

2338 1192 2528 1253 πολλὴν
2598 1195 2902 1254 πλατύτητα
2939 1201 3096 1269 κέχει·
3156 1200 3312 1268 ούτω,
3373 1204 3546 1272 φησὶν,
3599 1200 3623 1250 ό
3677 1197 3874 1251 ἐκϐαίνων

2337 1290 2427 1344 τῆς
2457 1280 2585 1335 ὀδοῦ
2614 1293 2708 1347 τῆς
2748 1284 2982 1357 ἀγούσης
3015 1287 3080 1347 εἰς
3117 1292 3211 1345 την
3243 1286 3515 1360 βασιλείαν
3543 1297 3634 1340 τῶν
3671 1288 3875 1361 οὐρανῶν,

2338 1370 2386 1424 ἓν
2419 1373 2587 1445 πολλῷ
2618 1374 2801 1434 πλάτει
2839 1385 2930 1437 τῆς
2960 1375 3159 1438 πλάνης
3183 1379 3501 1450 εὑρίσκεται.
3527 1382 3594 1432 Τό
3624 1375 3678 1430 δε
3703 1378 3878 1430 πλατεῖα

2336 1467 2426 1512 καὶ
2477 1463 2770 1538 εὐρύχωρος
2811 1464 3106 1538 λογίζομαι,
3159 1467 3239 1518 ὅτι
3287 1473 3470 1518 ταυτόν
3514 1466 3661 1520 ἐστιν.
3707 1473 3766 1520 Τό
3797 1470 3874 1540 γὰρ

2338 1549 2458 1624 εύρύ
2488 1557 2577 1604 καὶ
2607 1556 2748 1628 ποιρά
2788 1562 2892 1614 τοῖς
2922 1555 3016 1617 ἔξω
3045 1551 3480 1628 πεπαιδευμένοις
3506 1560 3662 1608 πλατύ
3698 1555 3875 1627 λέγεται.

2336 1639 2394 1692 ’0
2443 1641 2529 1692 οὖν
2573 1650 2771 1716 χῶρος,
2818 1647 3087 1695 τουτέστιν
3117 1647 3143 1696 ό
3172 1650 3328 1705 τόπος
3371 1653 3463 1706 τῆς
3488 1645 3688 1711 πλάνης,
3724 1644 3877 1704 πλατύς

2255 1726 2300 1783 Β
2339 1726 2478 1780 ἐστιν
2521 1731 2658 1805 (59),
2691 1733 2753 1793 ἧς
2783 1735 2839 1784 τό
2870 1731 3006 1793 τέλος
3045 1731 3291 1789 ἀπώλεια.

2868 1863 3182 1910 ΕΡΩΤΗΣΙΣ
3221 1856 3394 1911 ΣΜΧ.

2340 1987 2452 2057 Πῶς
2484 1983 2697 2057 στενὴ-ἠ
2731 1982 2892 2050 πύλη,
2923 1988 3014 2036 καὶ
3040 1984 3354 2057 τεθλιμμένη
3385 1988 3413 2043 ἡ
3446 1981 3562 2046 ὁδός
3590 1987 3617 2044 ἠ
3650 1983 3876 2057 ἀπάγουσα

2408 2052 2475 2113 εἰς
2503 2058 2596 2112 τὴν
2638 2053 2798 2114 ζωὴνο
2830 2059 2920 2107 καὶ
2947 2065 3058 2118 πῶς
3087 2053 3161 2108 δι’
3183 2052 3356 2118 ἀυτῆς
3393 2076 3476 2120 τις
3511 2052 3793 2131 ιίσέρχιτάι.

2936 2259 3318 2312 ΑΠΟΚΡΙΣΙΣ.

2409 2375 2567 2428 Πάλιν
2588 2382 2677 2430 καὶ
2706 2375 2923 2431 ἐνταῦθα
2949 2383 3004 2431 τό
3029 2383 3202 2433 στενόν
3227 2387 3321 2434 καὶ
3348 2381 3668 2455 τεθλιμμένον
3687 2381 3766 2434 οὐκ
3781 2379 3872 2432 aulo

2332 2471 2422 2518 καὶ
2452 2467 2571 2519 αλλο
2594 2488 2644 2520 τι
2675 2464 2846 2536 δηλοῖ,
2876 2467 3002 2521 ἀλλά
3027 2478 3116 2531 τῆς
3143 2477 3450 2534 στενότητος
3479 2478 3569 2530 την
3599 2471 3802 2525 ἐπιτασιν
3830 2473 3872 2520 τό

2332 2556 2664 2629 τεθλιμμένον
2688 2564 3028 2634 παρίστησιν*
3059 2559 3145 2612 ἐπὶ
3173 2570 3428 2614 τοσοῦτον
3458 2569 3544 2622 τῆς
3564 2559 3682 2614 ὁδοῦ
3709 2565 3875 2613 ἄπιστε·

2331 2650 2578 2718 νωμένης,
2665 2649 2736 2709 ὡς
2802 2647 3094 2712 θλίϐεσθαι,
3170 2655 3419 2704 τουτέστι
3495 2651 3876 2725 στενοχωρεῖσθαι

2333 2733 2639 2810 ἑκατέρωθεν
2665 2741 2750 2789 τόν
2777 2734 3045 2806 ὀδεύοντα,
3069 2738 3445 2813 παρεκϐάσεως
3469 2743 3639 2804 πάσης
3667 2734 3878 2791 ἐπικινδύ-

2331 2845 2419 2878 νου
2464 2829 2642 2894 οὔσης,
2687 2831 2784 2879 εἴτε
2837 2824 3004 2899 δεξιᾷ,
3048 2832 3146 2881 εἶτε
3199 2828 3457 2905 ἀριστερᾴ
3513 2836 3616 2904 (60)
3652 2848 3664 2860 ·
3715 2832 3768 2889 ὡς
3814 2827 3878 2880 ἐπὶ

2331 2918 2575 2988 γεφύρας,
2623 2919 2870 2971 πάντοθεν
2918 2925 3008 2971 τοῦ
3049 2918 3387 2994 ὑπορρέοντος
3418 2930 3647 2996 ποταμοῦ
3671 2915 3880 2988 ὑποδεχο-

2339 3009 2491 3078 μένου
2536 3010 2622 3058 τόν
2667 3005 2980 3063 έκκλίνοντα.
3026 3013 3112 3061 Διό
3161 3029 3322 3082 φησιν
3374 3014 3400 3064 ό
3454 3008 3637 3065 Δαϐίδο
3678 3012 3883 3082 Ἐχόμενα

2255 3083 2296 3138 C
2340 3095 2520 3169 τρίϐου
2562 3093 2832 3149 σκάνδαλα
2873 3100 3040 3150 ἔθεντο
3071 3119 3162 3171 μοι
3205 3100 3324 3169 (61)
3355 3109 3439 3154 Δεῖ
3477 3103 3562 3155 οὖν
3599 3105 3676 3154 τὸν
3713 3097 3882 3154 tam

2337 3195 2520 3248 στενῆς
2545 3191 2634 3238 καὶ
2664 3186 2999 3260 τεθλιμμένης
3029 3187 3272 3242 εἰσελθεῖν
3302 3209 3377 3253 εις
3408 3197 3502 3250 την
3528 3192 3658 3252 ζωὴν
3685 3189 3882 3262 προθέμε·

2332 3295 2416 3328 νον
2465 3275 2747 3348 φυλάσσειν
2791 3276 2973 3329 έαυτόν
3025 3275 3127 3330 ἀπὸ
3189 3281 3374 3343 πάσης
3425 3279 3771 3356 παραϐάσεως
3814 3279 3882 3326 καὶ

2332 3373 2696 3440 παρατροπῆς
2762 3374 2862 3417 τῶν
2923 3364 3133 3419 ἐντολῶν
3195 3376 3289 3420 τοῦ
3363 3375 3579 3443 Κυρίου,
3638 3368 3882 3440 πληροῦνται

2332 3460 2808 3532 τόδγεγραμμένον
2852 3479 2865 3492 ·
2939 3463 3024 3517 Μὴ
3089 3458 3331 3534 έκκλίνης
3413 3462 3486 3524 εἰς
3548 3459 3719 3528 δεξιὰ,
3776 3453 3883 3532 μηδι

2331 3544 2583 3621 ἀριστερά
2594 3587 2608 3603 .

2875 3680 3085 3730 ΕΡΩἸἮ
3093 3681 3188 3729 ΣΙΣ
3228 3682 3317 3730 ΣΜ
3327 3676 3394 3734 Β’.

2333 3802 2397 3852 Τί
2422 3797 2534 3851 εστι
2557 3801 2636 3868 τὸ,
2661 3821 2688 3850 ‹‹
2711 3805 2784 3872 Τῇ
2819 3795 3130 3874 φιλαδελφίᾳ
3153 3801 3221 3863 εἰς
3249 3799 3506 3868 ἀλλήλους
3536 3802 3884 3878 φιλόστοργοι.»

2941 4004 3320 4058 ΛΠΟΚΡΙΣΙΣ.

2406 4122 2461 4176 Ἠ
2524 4128 2718 4196 στοργή
2786 4123 2902 4176 κατ’
2964 4123 3204 4190 ἐπίτασιν
3251 4135 3314 4186 τῆ
3326 4147 3349 4190 ς
3407 4127 3571 4201 φιλίας
3619 4126 3797 4198 λέγοιτο
3841 4118 3884 4171 ἂν

2335 4212 2384 4266 έν
2420 4214 2530 4284 (62)
2578 4211 2830 4286 ἐπιθυμίᾳ
2872 4219 2964 4267 καὶ
3010 4211 3246 4268 διαθέσει
3293 4213 3541 4294 διαπύρῳ
3570 4225 3657 4271 τοῦ
3695 4215 3888 4287 ἀγαπῶν·

2334 4323 2420 4366 τος
2467 4309 2586 4380 περὶ
2625 4307 2714 4357 τόν
2755 4303 3112 4378 ἀγαπώμενον.
3165 4312 3238 4360 Ἰν
3286 4304 3376 4360 οὖν
3429 4313 3501 4382 μὴ
3549 4306 3818 4364 ἐπιπόλαιος
3858 4300 3882 4356 ἡ

2343 4390 2670 4468 φιλαδελφία,
2703 4390 2996 4456 ἐνδιάθετος
3034 4392 3094 4448 δε
3123 4401 3212 4449 καὶ
3239 4393 3502 4474 διάπυρος
3531 4395 3584 4471 ᾖ,
3611 4402 3793 4472 εἰρηται
3823 4394 3883 4450 τόν

2315 4477 2404 4558 ’Τῇ
2487 4480 2798 4558 φιλαδελφίᾳ
2881 4484 2954 4546 εἰς
3034 4483 3284 4550 ἀλλήλους
3363 4487 3693 4562 φιλόστοργοι
3765 4481 3880 4554 (63).

579 4568 668 4621 est
691 4563 873 4621 illud:
897 4567 1019 4623 Per
1041 4569 1387 4637 fraternam
1418 4569 1776 4630 charitatem
1806 4573 2110 4644 admutuo
2141 4591 2239 4643 vos
2269 4574 2607 4646 diligendos
2632 4575 2920 4644 propensi

649 4817 692 4852 ²¹
728 4814 930 4874 Matth.
969 4832 1072 4888 vu,
1107 4820 1192 4908 t3.
1267 4818 1314 4853 ³⁸
1345 4817 1496 4898 ibid.
1532 4823 1616 4877 14.
1695 4823 1742 4858 ’³
1767 4821 1926 4881 Psal.
1957 4840 2182 4899 cxxxrx,
2212 4829 2268 4885 6.
2340 4826 2389 4863 “
2422 4827 2589 4884 Deut.
2624 4841 2761 4895 xm,
2798 4829 2886 4884 tt.
2961 4827 3010 4863 ³⁵
3042 4827 3211 4885 Rom.
3240 4841 3337 4897 1m,
3383 4827 3472 4883 t0.

791 5067 942 5125 Editi
967 5068 1173 5144 ῥήμασι
1199 5075 1297 5121 τῶν
1325 5071 1623 5145 γινομένων,
1655 5071 1726 5126 Αἰ
1750 5085 1897 5126 mss.
1929 5074 2046 5128 tres
2074 5087 2222 5145 pre.

578 5141 666 5196 ter
695 5142 859 5197 Voss.
891 5141 990 5193 τῶν
1028 5141 1451 5213 γινωσκομένων,
1477 5141 1720 5213 rectius.

646 5213 760 5285 (59)
787 5214 928 5282 Reg.
962 5211 1192 5285 primus
1213 5215 1240 5265 ὁ
1260 5211 1421 5285 ’τόπος
1451 5221 1545 5275 τῆς
1574 5211 1817 5276 πλατείας
1839 5213 2032 5276 πλάτυς
2052 5215 2216 5272 ἐστιν.

648 5284 762 5352 (60)
791 5281 1236 5360 ﬂanimea“
1267 5285 1332 5344 εἰς
1359 5281 1521 5360 δεξίᾲ,
1558 5288 1656 5338 εἶτε
1687 5287 1755 5348 εἰς
1787 5285 2056 5360 ἀριστερά.
2087 5291 2220 5346 Mox

575 5351 884 5440 duo‘m's‘s.
915 5359 1258 5437 cum_Voss.
1305 5358 1552 5440 πάντοθεν
1582 5365 1672 5408 τοῦ
1713 5351 2109 5440 παραρρέοντος.

645 5425 754 5494 (6t)
798 5428 936 5496 Reg.
987 5428 1218 5498 primus
1275 5433 1332 5484 et
1381 5427 1554 5484 Colb.
1616 5433 1702 5480 τὸν
1765 5425 2079 5498 ἐκκλίνοντα.
2133 5435 2218 5484 Διὸ

575 5501 730 5575 rear?
779 5497 1089 5569 γέγραπται·
1131 5503 1215 5556 Μή
1272 5497 1502 5575 ἐκκλίνῃς
1549 5502 1621 5562 εἰς
1667 5504 1732 5553 τὰ
1781 5497 1928 5564 δεξιὰ
1965 5499 2105 5575 μηδὲ
2153 5503 2219 5564 εἰς

578 5566 645 5616 τὰ
692 5566 966 5641 ἀριστερά.
1017 5575 1116 5623 Καὶ
1167 5571 1194 5621 ὁ
1257 5567 1424 5623 Δαϐίδ
1451 5566 1652 5643 ’φησινο
1724 5566 1980 5647 Ἐχόμενά
2039 5574 2222 5650 τρίϐου

2334 5071 2606 5150 σκάνδαλα
2635 5078 2798 5150 ἔθεντο
2823 5097 2914 5150 μοι
2947 5094 2960 5132 :
2993 5077 3212 5150 quibus
3243 5076 3451 5150 verbis
3472 5077 3533 5133 in
3563 5079 3797 5146 utroque
3813 5080 3887 5147 c9-

2327 5147 2874 5231 diceuterminatur
2937 5147 3281 5231 responsio,
3310 5153 3388 5231 oet
3437 5149 3522 5231 ita
3555 5151 3886 5231 ,quoquﬂ“

2327 5219 2735 5292 Vossii‘veteri
2762 5219 2916 5276 libro
2943 5219 3180 5288 legitur,
3211 5221 3325 5277 nisi
3353 5220 3520 5292 quod
3550 5219 3610 5275 in
3636 5233 3703 5274 eo
3731 5219 3886 5270 onus.

2327 5306 2461 5345 sum
2495 5289 2571 5346 sit
2597 5291 2764 5361 illud,
2807 5295 2902 5344 Διὰ
2930 5293 3082 5345 τοῦτο
3111 5289 3420 5364 γέγραπται
3546 5363 3549 5364 ν
3615 5361 3625 5364 _
3705 5357 3715 5364 α

2399 5343 2979 5445 amntium;
3002 5343 3132 5425 es;
3157 5343 3333 5445 5.x...
3362 5343 3554 5445 ,ένοις
3603 5361 3660 5413 ειν
3697 5357 3758 5412 εν.
3795 5351 3885 5410 Ali-

2325 5439 2561 5510 quanto
2572 5439 2732 5510 post
2749 5434 2910 5491 idem
2939 5453 3054 5510 φβ.
3084 5434 3213 5510 πρὸς
3238 5441 3322 5489 τόν
3352 5434 3699 5510 ἀγαπώμενον.

2399 5507 2514 5579 (63)
2543 5502 2736 5562 Vbssii
2766 5511 2932 5579 vetus
2955 5506 3106 5564 liber
3122 5502 3187 5564 'et
3216 5511 3355 5579 Reg.
3388 5502 3618 5579 primus
3647 5502 3880 5576 φιλόστορ-

2331 5573 2435 5647 γοι,
2476 5577 2673 5646 οἷοκνοι,
2708 5573 3013 5634 σπουδαῖοι.
