4086 6186
174 271 306 326 1245

705 398 1019 450 ΕΡΩΤΗΣΙΣ
1075 394 1237 450 ΣΜΓ.

164 487 230 536 Τί
287 480 536 555 βούλεται
585 481 744 554 λέγων
772 483 888 552 64)
928 486 954 536 6
988 484 1304 555 Ἀπόστολος
1328 505 1341 517 ·
1380 505 1407 555 ε<
1440 483 1768 555 Ὀργίζεσθε,

241 551 333 606 καὶ
375 559 447 626 μὴ
505 551 858 626 ἁμαρτάνετε·
893 556 919 607 6
959 555 1099 617 ἣλιος
1151 561 1222 634 μὴ
1279 551 1548 608 έπιδυέτω
1579 553 1664 605 ἐπὶ
1701 560 1773 621 τῷ

239 625 594 700 παροργισμῷ
623 627 766 700 ὑμῷν
791 647 803 660 ο
835 649 863 676 »
894 632 1129 700 καίτοιγε
1149 625 1384 698 ἀλλαχοῦ
1408 625 1560 700 εξπών
1577 645 1589 657 ο
1616 646 1643 673 ‹‹
1670 629 1774 675 Πᾶ-

243 695 670 771 σα“π”ικρία,ίκαὶ
693 699 873 771 θυμὸς,
907 704 998 751 καὶ
1024 695 1152 773 ὀργὴ
1187 695 1397 772 ἁρθῆτω
1425 695 1509 770 ἀφ’
1536 698 1705 770 ὑμῶν.
1747 715 1775 743 ››

653 948 660 954 _
789 883 1160 932 ΑΠΟΚΡΙΣΙΣ.

241 967 393 1020 Κατά
429 970 654 1038 μίμησιν
709 973 800 1018 τοῦ
852 972 1050 1040 Κυρίου
1100 967 1298 1039 νομίζω
1345 966 1431 1017 τὸν
1465 961 1776 1018 Ἀπόστολον

167 1055 390 1108 ἐνταῦθα
418 1057 884 1128 μετακεχειρίσθαι
914 1060 1000 1108 τὸν
1029 1055 1179 1128 λόγον
1204 1099 1217 1110 .
1243 1054 1442 1128 Ὠσπερ
1481 1057 1582 1126 γὰρ
1628 1051 1674 1104 έν
1704 1061 1776 1122 τῷ

167 1143 470 1216 Εὑαγγελίῳ
526 1145 552 1196 6
613 1147 799 1219 Κύριος
858 1150 1103 1220 πρότερον
1160 1145 1311 1196 εἰπών
1341 1164 1354 1177 ·
1407 1141 1619 1217 Ἐρρέθη
1666 1149 1775 1202 τοίς

166 1232 420 1307 ἀρχαίοις
473 1230 616 1301 τόδε,
651 1229 759 1286 εἶτα
785 1233 962 1306 ἐπάγει
991 1255 1004 1268 ·
1038 1233 1170 1307 Ἐγὼ
1199 1230 1260 1286 δέ
1296 1232 1427 1304 λέγω
1458 1233 1578 1305 ὑμῖν
1610 1228 1731 1284 τόδε
1755 1252 1769 1264 ο

163 1325 303 1375 οὕτω
332 1327 422 1375 καὶ
451 1320 674 1375 ενταῦθα
699 1325 725 1376 6
751 1322 1088 1390 Ἀπόστολος,
1133 1328 1376 1398 πρότερον
1411 1323 1774 1394 μνημονεύσας

161 1421 256 1466 τοῦ
311 1413 534 1466 παλαιοῦ
584 1418 669 1464 καὶ
719 1421 824 1474 τοῖς
855 1418 968 1467 τότε
994 1414 1238 1489 ῥηθέντος
1271 1413 1408 1483 (65),
1439 1410 1766 1484 Ὀργίζεσθε,

161 1507 258 1556 καὶ
278 1507 351 1576 μὴ
385 1502 722 1576 ἁμαρτάνετε,
756 1501 981 1578 έπιφέρει
1005 1502 1114 1576 μετ’
1147 1502 1298 1574 ὀλίγα
1337 1505 1394 1554 τό
1421 1501 1544 1574 παρ’
1585 1500 1770 1553 ἑαυτοῦ

164 1594 296 1665 ἡμῖν
347 1592 594 1666 ἁρμόζον,
632 1593 784 1646 εἰπών
818 1613 832 1626 θ
887 1598 1042 1646 Πᾶσα
1089 1597 1294 1668 πικρία,
1327 1595 1416 1644 καὶ
1467 1592 1646 1664 θυμός,
1679 1594 1769 1642 καὶ

167 1681 323 1756 ὀργὴ,
352 1702 443 1734 και
480 1687 711 1757 κραυγὴ,
745 1680 952 1758 ἀρθήτω
975 1681 1062 1756 ἀφ’
1091 1683 1254 1755 ὑμῶν.

706 1885 1020 1934 ΕΡΩΤΗΣῙΣ
1072 1877 1232 1933 ΣΜΔ’.

456 1969 521 2022 Τί
539 1968 651 2023 ἔστι
674 1972 752 2036 τὸ,
787 1988 817 2022 ε
848 1973 968 2022 Δότε
996 1972 1152 2021 τόπον
1183 1975 1244 2041 τῇ
1279 1966 1431 2041 ὀργῇ.
1457 1988 1486 2016 ››

778 2081 1147 2131 ΔΠΟΚΡΙΣΙΣ.
1273 2143 1280 2153 θ

240 2165 399 2219 Ἤτοι
430 2169 489 2219 τό
517 2170 590 2239 μὴ
622 2163 928 2224 ἀντιστῆναι
966 2173 1039 2236 τῷ
1078 2172 1307 2237 πονηρῷ,
1353 2165 1522 2224 καθὼς
1548 2166 1773 2236 γέγραπ-

165 2275 279 2324 ται,
295 2254 420 2308 ἀλλά
445 2259 535 2308 καὶ
563 2264 636 2327 τῷ
659 2256 901 2308 τύπτοντι
921 2253 1004 2307 έπὶ
1030 2259 1125 2313 τὴν
1155 2250 1332 2316 δεξιὰν
1374 2257 1594 2325 σιαγόνα
1625 2255 1774 2324 στρέ-

166 2344 272 2417 ψαι
292 2351 381 2399 καὶ
409 2350 498 2404 τὴν
526 2348 638 2415 (66)
666 2343 843 2408 ἄλλην,
874 2349 964 2396 καὶ
981 2346 1046 2396 τὰ
1075 2343 1157 2406 ἐξῆ
1172 2360 1210 2406 ς’
1243 2344 1272 2402 ἢ
1299 2341 1545 2410 τό,’οταν
1571 2337 1772 2394 διώκω-

172 2455 256 2488 σιν
283 2437 423 2509 ὑμᾶς
451 2435 503 2488 έν
523 2443 586 2509 τῇ
620 2435 765 2489 πόλιι
784 2436 971 2508 ταύτῃ,
1006 2437 1215 2508 φεύγετε
1245 2432 1314 2495 εἰς
1338 2437 1432 2492 τὴν
1457 2431 1638 2490 ἄλλην.

706 2634 1020 2684 ΕΡΩἸἮΣῙΣ
1063 2627 1228 2685 ΣΜΕ.

164 2727 259 2785 Τίς
288 2721 430 2775 ἐστιν
455 2721 482 2774 6
507 2723 751 2798 φρόνιμος
776 2723 845 2783 ὡς
887 2721 914 2773 6
953 2723 1064 2793 ὄφις
1101 2721 1228 2792 (67),
1259 2723 1348 2772 καὶ
1379 2717 1612 2792 ἀκέραιος
1639 2718 1707 2780 ὡς
1736 2717 1766 2777 ἠ

816 2795 1125 2868 περιστερά.

783 2905 1153 2954 ΑΠΟΚΡῙΣΙΣ.

236 2990 297 3044 Ὀ
363 2993 606 3065 φρόνιμος
657 2991 747 3064 μεν
796 2992 861 3051 ὡς
915 2991 940 3042 6
998 2993 1131 3062 ὄφις,
1188 2990 1214 3042 6
1252 2991 1384 3063 μετὰ
1424 2987 1774 3064 περισκέψεως

1293 266 1593 323 ΒΕΘΠΕΑΞ
1633 263 1930 321 BREVIUS
1967 265 2375 329 TRACTATA'I.

1801 393 1848 444 Α

1801 1743 1855 1797 Β.

3403 281 3544 338 1246

2193 397 2366 470 497
2414 401 2927 460 INTERROGATIO
2969 401 3240 462 CCXUIL

1888 484 2179 561 Quidsibi
2203 490 2332 544 vult
2356 493 2698 561 Apostolus,
2745 507 2878 546 cum
2906 493 2992 546 ait
3010 508 3033 549 .'
3055 514 3084 542 ‹‹
3122 495 3466 550 lrascimini
3484 502 3539 552 et

1957 558 2143 638 nolite
2174 558 2429 627 peccare
2453 579 2477 638 ,ἡ
2505 565 2594 620 sol
2637 579 2758 619 non
2795 564 3029 638 occidat
3056 580 3253 638 super
3298 567 3542 622 iracun-

1959 627 2124 705 diam
2151 638 2411 705 tjestram
2435 637 2482 670 ³⁸
2513 651 2526 688 :
2559 658 2586 685 ››
2618 651 2751 694 cum
2783 639 2981 690 tamen
3005 627 3155 691 idern
3180 637 3308 705 ipse
3335 639 3460 694 alio
3477 639 3541 694 in

1963 698 2328 783 locodicat:
2359 727 2390 783 3:
2425 707 2639 783 Omnis
2667 705 3030 783 amaritudo,
3055 712 3111 762 et
3149 698 3246 764 ira
3284 714 3338 764 et
3379 709 3541 765 indi-

1960 775 2170 840 gnatio
2192 775 2450 832 tollatur
2473 793 2509 834 a
2542 777 2702 833 vobis
2725 779 2768 812 ³⁷
2784 819 2800 831 .

2494 885 2907 942 ΒΕΞΡΟΝΞῘΟ.

1960 975 2228 1032 Arbitror
2256 973 2607 1046 Apostolum
2656 975 2887 1030 Domini
2915 974 3192 1047 exemplo
3222 974 3304 1031 ita
3330 974 3424 1031 hic
3454 975 3538 1032 lo-

1887 1071 2092 1122 cutum
2115 1063 2799 1125 esse.Quemadmodum
2817 1064 2976 1119 enim
3005 1055 3291 1120 Dominus
3314 1081 3452 1120 cum
3480 1065 3541 1120 in

1887 1153 2206 1224 Evangelio
2227 1157 2402 1209 antea
2424 1152 2705 1207 dixisset:
2737 1153 2972 1207 Dictum
2997 1159 3078 1208 est
3098 1154 3368 1224 antiquis
3399 1153 3538 1218 hoc,

1883 1242 2099 1299 deinde
2127 1241 2469 1312 subjungit:
2499 1242 2626 1312 Ego
2657 1246 2853 1298 autem
2884 1241 3018 1296 dico
3051 1242 3211 1298 vobis
3234 1241 3431 1297 hoc":
3457 1241 3540 1296 sic

1882 1332 2208 1404 Apostolus
2237 1331 2420 1388 etiam
2477 1331 2587 1386 hoc
2627 1329 2780 1401 loco,
2812 1330 3044 1402 antiqui
3072 1329 3232 1386 illius
3255 1329 3541 1401 praecepti

1879 1421 2182 1477 veteribus
2212 1421 2323 1477 illis
2352 1421 2496 1477 olim
2536 1421 2683 1482 dati,
2708 1422 3074 1488 Irascimini,
3105 1427 3161 1476 et
3192 1421 3380 1477 nolite
3411 1435 3539 1488 pec-

1879 1515 2097 1580 care”,
2134 1511 2291 1568 facta
2321 1511 2490 1584 prius
2525 1511 2848 1574 mentione,
2876 1511 3061 1584 paulo
3091 1514 3231 1582 post
3258 1509 3338 1581 id,
3374 1508 3542 1581 quod

1877 1599 2054 1656 nobis
2081 1599 2380 1669 convenit,
2415 1617 2450 1656 a
2481 1600 2682 1672 scipso
2712 1600 2887 1656 infert
2932 1599 3025 1656 his
3054 1598 3252 1655 verbis
3280 1619 3292 1654 :
3329 1598 3538 1654 Omnis

1877 1690 2245 1764 amaritudo,
2280 1696 2335 1746 et
2369 1693 2484 1759 ira,
2533 1697 2588 1746 et
2637 1691 2998 1761 indignatio,
3025 1696 3081 1747 et
3107 1691 3337 1746 clamor
3368 1689 3543 1744 ιοιια-

1883 1786 1986 1836 tur
2014 1796 2050 1836 a
2077 1781 2241 1836 vobis
2267 1782 2337 1834 ³ο.

2283 1887 2803 1943 INTERROGATIO
2856 1886 3130 1942 CCXLIV.

2154 1976 2308 2045 Quid
2333 1974 2550 2032 esthoc
2581 1991 2594 2029 :
2624 1995 2653 2023 ‹‹
2684 1976 2834 2029 Date
2861 1974 3056 2030 locum
3080 1975 3186 2030 ira:
3206 1975 3275 2028 ³⁸.

2503 2082 2914 2138 RESPONSIO.

1955 2173 2079 2230 Hoc
2117 2175 2208 2228 est
2236 2177 2340 2229 aut
2369 2187 2494 2228 non
2551 2171 2826 2227 resistere
2879 2169 3064 2238 malo,
3115 2169 3199 2225 uti
3249 2169 3540 2244 scriptum

1881 2268 1989 2330 est,
2018 2263 2124 2319 sed
2152 2268 2209 2318 et
2236 2261 2590 2334 percutienti
2620 2263 2680 2317 in
2712 2261 3019 2316 dexteram
3077 2259 3386 2316 maxillam
3437 2258 3542 2316 ob-

1880 2357 2106 2410 vertere
2129 2351 2309 2408 etiam
2340 2350 2590 2406 alteram
2613 2352 2681 2415 3’,
2705 2355 2839 2405 etc.:
2866 2355 2969 2405 aut
3019 2347 3167 2404 illud
3201 2364 3215 2403 :
3255 2349 3405 2404 Cum
3439 2362 3543 2403 au-

1882 2449 1994 2499 tem
2015 2442 2318 2513 persecuti
2344 2456 2442 2498 vos
2467 2441 2698 2510 fuerint
2731 2440 2792 2496 in
2825 2439 3065 2495 civitate
3089 2439 3225 2505 ista,
3249 2438 3450 2509 fugite
3481 2437 3542 2492 in

1881 2533 2074 2590 aliam
2103 2533 2174 2588 ³³.

2313 2638 2830 2696 INTERROGATIO
2873 2636 3114 2694 CCXLV.

1885 2730 2026 2800 Quis
2078 2730 2154 2788 sit
2207 2728 2477 2802 prudens
2524 2733 2911 2856 :Otlus’fszens,
2971 2731 3026 2782 et
3081 2725 3342 2797 simplex
3391 2723 3542 2782 sicut

2504 2907 2907 2963 RESPONSIO.

1956 2997 2222 3056 Prudens
2258 2993 2507 3070 quidem
2555 2998 2622 3051 ut
2677 3010 2926 3067 serpens
2964 2990 3015 3048 is
3046 2995 3154 3058 est,
3186 2991 3290 3065 qui
3320 2991 3380 3048 in
3443 2989 3547 3048 do-

171 3087 262 3134 καὶ
290 3087 650 3142 κατανοήσεως
695 3099 786 3133 του
827 3076 1054 3133 δυνατοῦ
1109 3084 1201 3133 καὶ
1242 3087 1334 3140 τῆς
1390 3075 1598 3141 εὖοδίας
1644 3081 1772 3151 πρὸς

1899 3090 2078 3147 :trina
2124 3086 2422 3145 tradenda
2465 3085 2547 3140 ita
2587 3101 2648 3140 se
2691 3084 2860 3154 gerit,
2895 3087 2958 3139 ut
2987 3080 3260 3138 adhibita
3286 3081 3537 3136 circum-

173 3171 461 3224 εὐπείθειαν
517 3179 614 3223 τῶν
669 3168 958 3223 ἀκουόντων
1014 3174 1107 3228 τὴν
1161 3166 1512 3222 διδασκαλίαν
1572 3167 1773 3220 οἰκονο-

170 3269 283 3335 μῶν
328 3281 343 3294 ο
404 3259 637 3334 ἀκέραιος
687 3255 746 3313 δι
811 3261 880 3321 ὡς
941 3261 1241 3332 περιστερὰ,
1299 3259 1325 3310 6
1381 3262 1513 3332 μήτε
1567 3257 1638 3319 εἰς
1704 3259 1774 3309 ἔνο

169 3370 315 3403 νοιαν
376 3349 646 3423 λαμϐάνων
709 3357 799 3402 τοῦ
862 3347 1160 3420 ἀμύνασθαι
1207 3351 1292 3399 τὸν
1363 3346 1774 3412 ἐπιϐουλεύοντα,

171 3438 422 3512 ἐπιμένων
479 3435 538 3491 δι
593 3446 654 3512 τῇ
712 3438 1000 3512 εὐεργεσίᾳ,
1056 3439 1193 3490 κατά
1241 3441 1298 3489 τὸ
1338 3436 1439 3488 ὑπὸ
1493 3443 1586 3488 τοῦ
1627 3436 1778 3489 Ἀπο-

174 3528 366 3582 στόλον
420 3531 889 3605 προστεταγμένον,
944 3528 1023 3580 ὅτι
1074 3525 1239 3600 Ὑμεῖς
1286 3522 1347 3579 δι
1383 3530 1455 3600 μὴ
1513 3523 1778 3578 ίκκακεῖτε

171 3619 587 3680 καλοποιοῦντις.
652 3617 770 3670 Ἐπὶ
825 3620 924 3693 γὰρ
993 3619 1052 3669 τό
1108 3621 1360 3691 κήρυγμα
1413 3617 1535 3676 τοὺς
1607 3615 1778 3687 μαθη-

175 3711 264 3770 τὰς
309 3707 633 3762 ἀποστέλλων
662 3708 688 3761 6
739 3709 950 3780 Κύριος,
1001 3713 1170 3759 ταῦτα
1225 3705 1402 3766 αὐτοῖς
1448 3703 1728 3757 ἕντέλλεται
1761 3724 1774 3737 ·

176 3803 303 3852 ὅπου
350 3801 441 3850 καὶ
485 3801 667 3870 σοφίας
715 3794 776 3856 ἦν
803 3801 956 3872 χρεία
985 3798 1116 3871 πρὸς
1162 3799 1222 3848 τὸ
1245 3801 1448 3861 πεῖσαι,
1479 3797 1568 3846 καὶ
1607 3791 1778 3856 ἀνεξι-

175 3893 359 3949 κακίας
413 3890 544 3962 πρὸς
608 3890 733 3950 τοὺς
789 3884 1218 3947 έπιϐουλεύοντας
1249 3906 1264 3919 ο
1323 3885 1424 3951 ἵνα,
1474 3884 1546 3943 ὡς
1600 3883 1705 3936 ἐκεῖ
1752 3880 1778 3934 6

178 3982 292 4050 ὄφις
366 3979 492 4049 ἔγνω
555 3980 647 4029 καὶ
721 3981 986 4051 προσώπῳ
1059 3973 1362 4048 προσελθεῖν
1415 3973 1778 4047 εὐαγωγοτέρῳ

179 4069 310 4140 (68),
370 4071 460 4120 καὶ
523 4068 755 4130 πιθανῶς
817 4065 976 4119 εἰπεῖν
1035 4064 1106 4126 εἰς
1153 4067 1211 4117 τὸ
1269 4061 1574 4124 ἀποστῆσαι
1622 4069 1776 4125 Θεοῦ,

175 4161 264 4210 καὶ
315 4157 681 4228 ὑπαγαγέσθαι
724 4161 788 4228 τῇ
843 4153 1076 4230 ἁμαρτίᾳ
1109 4175 1122 4188 ο
1175 4153 1310 4206 οὕτω
1357 4157 1447 4205 καὶ
1497 4154 1648 4226 ἡμεῖς
1690 4156 1780 4204 καὶ

176 4249 455 4322 πρόσωπον
492 4249 580 4298 καὶ
637 4248 826 4319 τρόπον
878 4248 967 4296 καὶ
1021 4246 1204 4317 καιρὸν
1254 4242 1366 4313 (69)
1408 4241 1776 4314 έπιλεγώμεθα,

174 4335 265 4388 καί
292 4340 446 4388 παντὶ
494 4338 668 4410 τρόπῳ
697 4338 819 4396 τοὺς
868 4333 1052 4406 λόγους
1099 4333 1445 4405 οἰκονομῶμεν
1493 4331 1543 4382 έν
1584 4335 1776 4405 κρίσει,

1887 3178 2212 3252 spectione,
2246 3173 2871 3244 considerationeque,
2920 3186 3046 3243 qua
3087 3168 3320 3225 ratione
3377 3165 3544 3241 quod

1886 3268 2062 3324 docet
2089 3271 2146 3323 et
2175 3265 2321 3331 ﬁeri,
2351 3268 2408 3320 et
2443 3261 2616 3318 facile
2647 3261 2778 3317 ﬁeri
2821 3259 3028 3333 possit,
3086 3257 3292 3314 omnia
3339 3255 3543 3325 faciat,

1889 3363 1952 3414 ut
1973 3355 2348 3414 audientium
2366 3351 2604 3409 animos
2625 3349 2704 3406 ad
2723 3348 3194 3406 auscultandum
3208 3345 3546 3420 habeatpa-

1886 3452 2070 3506 ratos.
2107 3443 2373 3518 Simplex
2401 3457 2544 3498 vero
2575 3446 2640 3498 ut
2669 3438 2978 3502 columba,
3034 3437 3141 3512 qui
3198 3453 3274 3494 ne
3321 3436 3547 3507 cogitat

1887 3535 2136 3609 quidem
2157 3533 2232 3590 de
2254 3529 2606 3588 insidiator’e
2628 3525 3337 3601 ulciscendo,potiusque
3367 3525 3548 3582 bene-

1886 3625 2023 3682 ﬁcia
2069 3624 2132 3681 in
2180 3621 2351 3679 illum
2397 3619 2666 3677 conferre
2705 3617 2918 3691 pergit,
2948 3617 3121 3688 juxta
3170 3619 3544 3689 praeceptum

1887 3713 2155 3788 Apostoli
2179 3730 2192 3769 :
2213 3713 2320 3769 Vos
2349 3715 2547 3768 autem
2569 3707 3016 3776 nolitede/icere
3037 3704 3542 3775 benefacientes”.

1891 3805 2180 3862 Dominus
2209 3801 2392 3870 enim,
2437 3798 2682 3855 mittens
2730 3794 3060 3869 discipulos
3089 3795 3169 3851 ad
3215 3792 3546 3866 praedicam

1887 3895 2059 3962 dum,
2089 3893 2220 3950 haec
2247 3889 2397 3964 ipsis
2428 3886 2796 3962 prwscribit;
2830 3884 2935 3942 ubi
2963 3891 3020 3942 et
3046 3881 3342 3956 sapientia
3388 3895 3545 3954 opus

1887 3988 2016 4042 erat
2053 3982 2133 4040 ad
2161 3977 2682 4055 persuadendum,
2713 3979 2772 4032 et
2799 3972 3088 4048 patientia
3116 3987 3261 4042 erga
3285 3967 3546 4028 insidia-

1888 4074 2068 4128 tores:
2085 4073 2147 4126 ut
2166 4064 2692 4142 quemadmodum
2714 4063 2833 4120 illic
2850 4062 3017 4119 novit
3041 4075 3287 4136 serpens
3303 4064 3360 4116 et
3376 4058 3548 4116 vultu

1887 4159 2200 4217 blandiore
2226 4155 2534 4223 accedere,
2563 4161 2620 4213 et
2641 4153 2825 4212 modo
2848 4153 3124 4210 suasoria
3139 4151 3326 4225 loqui,
3362 4165 3484 4224 quo
3509 4166 3546 4207 a

1891 4253 2010 4307 Deo
2039 4247 2384 4313 abduceret,
2411 4251 2468 4303 et
2510 4244 2884 4317 manciparet
2926 4245 3174 4316 peccato
3196 4242 3244 4276 “
3273 4257 3286 4309 ;
3320 4239 3401 4296 ita
3431 4254 3543 4295 nos

1889 4355 2136 4414 quoque
2157 4343 2214 4394 et
2242 4337 2456 4394 faciem
2473 4340 2532 4392 et
2554 4350 2754 4390 mores
2782 4338 2838 4388 et
2864 4337 3104 4402 tempus
3128 4344 3539 4396 assumamus,

177 4430 304 4498 πρός
322 4428 382 4478 τὸ
410 4423 714 4484 ἀποστῆσαι
755 4431 852 4485 τῆς
880 4423 1152 4498 ἁμαρτίας,
1174 4425 1265 4474 καὶ
1296 4419 1634 4493 ἐπαναγαγεῖν
1655 4423 1774 4494 πρὸς

1899 4433 1946 4488 et
1969 4427 2257 4486 omnibus
2278 4425 2474 4482 modis
2504 4438 2811 4480 sermones
2834 4425 3077 4478 nostros
3101 4420 3161 4476 in
3181 4418 3412 4492 judicio
3431 4418 3549 4474 dis-

178 4519 298 4570 Θεὸν
324 4537 336 4550 ·
360 4519 453 4575 τὴν
484 4511 545 4568 δέ
570 4533 630 4588 γε
654 4516 911 4588 ὑπομονὴν
932 4512 981 4566 έν
1009 4520 1116 4576 τοῖς
1153 4517 1468 4586 πειρασμοῖς
1507 4512 1778 4586 κατορθὼ-

180 4624 349 4679 σωμεν
381 4604 448 4666 εἰς
476 4604 635 4670 τέλος,
662 4605 833 4668 καθὼς
863 4609 1174 4681 γέγραπται.

1889 4518 2365 4596 pensemus",ut
2384 4515 2766 4574 abducamus
2783 4529 2893 4570 nos
2923 4529 2959 4569 a
2988 4515 3322 4587 peccato,et
3339 4508 3420 4567 ad
3445 4512 3549 4566 De-

1888 4625 1994 4667 um
2005 4606 2694 4668 reducamus.Cmterum
2709 4602 2789 4662 ad
2809 4603 2992 4660 tinem
3016 4617 3209 4676 usque
3231 4615 3548 4658 servemus

1889 4697 2245 4777 patientiam
2281 4696 2342 4753 in
2369 4693 2824 4766 tentationibus,
2850 4693 3017 4752 velut
3045 4692 3336 4768 scriptum
3365 4693 3455 4748 est
3475 4690 3547 4746 ³⁸.

247 4839 296 4874 η
329 4834 638 4910 Εριιεᾳην,
667 4838 758 4910 2e.
835 4837 881 4872 ιτ
914 4834 1060 4910 ibid.
1093 4838 1223 4910 si
1260 4803 1612 4910 ?'_Mattb.v,
1642 4833 1774 4910 21,2

1899 4841 2096 4910 μεεςιςι-
2172 4827 2218 4910 3?
2251 4818 2406 4910 Rsst-
2431 4839 2508 4892 ιν»
2677 4819 3246 4910 ἲ⁰,ερ¹ξςει;ξὶτιέἰ¹;η
3289 4817 3542 4910 ’1?sz-

179 4924 274 4971 xu,
310 4904 395 4964 ίοῖ
501 4908 548 4943 ³³
580 4904 781 4965 Matth.
814 4923 872 4976 v,
904 4907 995 4963 39.
1091 4907 1140 4941 ³³
1176 4904 1377 4964 Matth.
1408 4921 1468 4974 x,
1497 4908 1587 4962 23-

179 4977 223 5015 ³⁷
255 4979 414 5036 Psal.
439 4995 544 5048 cxi,
574 4983 627 5036 5.
703 4979 751 5014 ³⁸
781 4977 982 5036 Matth.
1008 4992 1166 5049 xxxv,
1196 4982 1286 5036 13.

247 5106 361 5178 (64)
391 5105 536 5176 Reg.
564 5103 800 5178 primus
822 5102 1062 5178 βουλεται
1089 5102 1252 5174 λέγειν
1273 5103 1320 5158 6.

247 5173 367 5247 (65)
399 5173 703 5248 Unus-ms.
736 5173 876 5232 cum
905 5177 1076 5232 Voss.
1104 5173 1194 5248 καὶ
1229 5183 1326 5226 τῶν
1355 5177 1470 5226 τότε
1492 5173 1770 5248 ῥηθέντων.

179 5247 375 5306 Codex
397 5247 669 5319 Combef.
691 5252 912 5309 καὶτοῖς
939 5250 1056 5298 τότε
1091 5246 1350 5319 ῥηθεῖσιν.

245 5321 362 5390 (66)
385 5322 527 5388 Reg.
555 5318 789 5390 primus
810 5327 881 5390 τῷ
901 5317 1146 5370 τύπτοντί
1170 5335 1252 5371 σε.
1269 5358 1282 5372 .
1299 5358 1312 5372 .
1353 5317 1592 5386 σιαγόνα,
1628 5317 1777 5387 στρέ-

175 5389 276 5463 ψον
308 5389 452 5461 αῧτῷ
491 5389 580 5463 καὶ
610 5393 726 5448 τήν,
972 5432 981 5437 .
1029 5419 1032 5421 λ

248 5465 364 5543 (6})
391 5448 584 5543 V’ossii
603 5465 776 5543 vetus
793 5461 1021 5543 liber-et
1039 5463 1182 5543 Reg.
1199 5457 1442 5543 primus
1469 5458 1516 5508 oi
1547 5459 1781 5543 ἄνια-ει

248 5475 364 5534 (67)
394 5475 584 5544 V0351}
603 5475 775 5518 vetus
794 5475 1021 5544 liberet
1042 5475 1442 5588 [tegagrunus
1469 5475 1516 5508 οι
1547 5475 1777 5528 apage:

176 5534 364 5665 ἐξῧο
384 5539 526 5608 post
549 5548 611 5590 in
635 5532 992 5591 ὼιοὺιιελιιιε
1021 5531 1216 5590 codici
1263 5545 1335 5587 us
1355 5533 1435 5586 ita
1459 5543 1672 5585 rursus
1699 5527 1777 5583 le-

176 5623 358 5680 gitur.

1697 4904 1744 4939 ³⁵
1788 4900 1936 4960 ibid.
1986 4900 2073 4958 {6.

2171 4894 2218 4932 ss
2251 4890 2638 4966 “11,333,111,
2683 4897 2768 4950 t3.
2800 4890 2822 4894 “
2864 4891 2911 4928 ³⁵
2942 4890 3156 4947 Genes.
3186 4904 3269 4958 Ill,
3310 4891 3332 4943 ι
3370 4900 3543 4959 seqq.

1957 5096 2070 5169 (68)
2099 5098 2249 5166 Reg.
2286 5092 2521 5167 primus
2557 5087 2831 5147 secunda
2871 5102 3062 5144 manu
3112 5082 3416 5159 προσελθεῖν
3467 5082 3521 5135 εὖ

2040 5187 2250 5222 εστεοω.

1957 5187 2250 5242 ωγεστιρῳ.

1958 5240 2070 5310 (69)
2108 5237 2349 5310 Antiqui
2397 5233 2588 5293 nostri
2797 5235 3076 5305 πρόσωπον
3115 5233 3205 5310 καὶ
3235 5233 3424 5310 τρόπον
3455 5227 3544 5310 καί

1887 5297 2376 5384 χαὶρὸότγιιιεὶιιω
2425 5313 2543 5384 tres
2576 5297 2880 5384 editiones
2929 5317 3039 5384 pro
3087 5297 3278 5384 τρόπον
3316 5297 3546 5384 habent

1889 5369 2064 5435 τόπον.
2091 5383 2206 5435 Nec
2225 5369 2316 5434 ita
2353 5379 2546 5433 multo
2573 5373 2747 5442 infra,
2779 5372 2883 5428 ubi
2930 5369 2995 5428 in
3041 5369 3304 5440 vulgatis
3350 5369 3545 5442 tribus

1887 5451 2251 5508 editionibus
2282 5450 2498 5519 legitur
2536 5440 2850 5519 ἀποστῆναι,
2885 5444 2946 5499 in
2977 5441 3280 5500 veteribus
3323 5440 3548 5498 nostris

1888 5522 2054 5580 libris
2083 5513 2376 5595 scriptum
2407 5518 2754 5576 invenimus
2777 5513 3134 5574 ἀποστῆσαι..
