4086 6186
174 156 313 212 4257
1317 144 1623 203 REGULE
1654 92 1950 205 BREVIUS
1979 147 2390 209 TRMITATIE.
3166 176 3171 183 ~
3388 162 3530 218 ηδε

176 276 558 351 ἑπετράπημεν,
605 272 664 327 ού
711 273 816 347 μὴν
860 266 986 325 ούδὶ
1030 272 1090 323 1'6
1133 272 1392 345 συμφέρον
1444 270 1604 324 αἰτεῖν
1651 274 1776 326 πάν-

1923 270 2183 343 olumus,
2206 277 2409 345 petere
2433 289 2446 327 :
2468 273 2594 331 imo
2619 288 2761 332 vero
2782 288 2857 331 ne
2875 273 2938 331 id
2958 275 3208 348 quidem
3234 281 3402 352 quod
3428 298 3535 340 no-

175 389 280 430 τως
342 372 691 439 γινώσκομεν.
765 365 835 414 T6
896 362 1019 435 γὰρ,
1077 365 1129 414 τί
1190 359 1582 436 προσευξόμεθα
1644 362 1774 414 καθὸ

1923 359 1976 415 is
1996 360 2257 434 expedit,
2275 377 2523 435 poscere
2544 362 2664 420 ullo
2684 362 2871 420 modo
2889 364 3195 427 novimus.
3216 366 3367 426 Nam
3386 371 3536 444 quid

179 454 284 529 δεῖ,
336 455 431 511 οῦκ
478 450 714 528 οἴδαμεν.
767 458 928 504 Ὥστε
964 452 1094 522 μετὰ
1150 448 1338 512 πολλῆς
1392 452 1483 523 μεν
1539 454 1777 525 supini.

1927 464 2316 522 xposcamus,
2355 456 2422 510 ut
2451 456 2707 524 oportet,
2753 454 3079 512 nescimus.
3122 456 3318 522 Quare
3348 459 3540 519 multa

177 547 343 620 ψεως,
379 546 517 598 κατὰ
562 546 621 597 τό
672 540 870 615 θέλημα
913 546 1005 593 τοῦ
1050 546 1207 609 Θεοῦ,
1262 541 1530 595 ποιεῖσθαι
1577 536 1661 593 δεῖ
1712 540 1777 599 τὰ

1928 554 2027 595 um
2050 540 2527 600 consideratione
2550 542 2884 600 secundum
2911 543 3281 605 voluntatem
3304 549 3408 607 Dei
3434 566 3541 624 pe-

179 637 467 710 αἰτήματα·
535 638 607 707 μὴ
664 630 1008 705 ἀκουομένους
1065 626 1126 684 δι
1184 625 1377 684 εἰδέναι
1406 666 1412 671 -
1440 635 1573 705 χρὴ,
1620 630 1701 683 ὃτι
1742 629 1771 690 ἦ

1930 628 2124 685 tiones
2178 630 2538 689 adhibendae
2590 635 2749 688 sunt.
2784 633 2955 699 Quod
2995 634 3044 689 si
3076 650 3202 692 non
3232 637 3543 714 audimur,

177 724 431 799 ἐπιμονῆς
485 727 663 797 χρεία,
721 721 750 781 ᾖ
810 724 900 774 καὶ
955 718 1200 785 εὐτονίας,
1236 722 1385 772 κατὰ
1448 723 1542 778 τήν
1606 737 1776 793 παρα-

1930 717 2035 774 3ire
2060 725 2293 793 oportet
2320 726 2423 778 aut
2451 722 2896 794 perseverantia
2924 730 3030 779 aut
3047 724 3274 794 ingenti
3300 734 3543 786 conten-

177 814 339 875 ϐολήν
386 820 477 866 τοῦ
518 814 737 887 Κυρίου,
781 814 913 886 πρὸς
959 812 1017 863 τό
1060 804 1170 862 δεῖν
1221 810 1440 863 πάντοτε
1476 810 1777 883 προσεύχε-

1931 822 2045 863 one
2067 824 2219 881 opus
2244 826 2396 881 esse,
2418 810 2594 881 juxta.
2627 810 2860 867 Domini
2886 812 3266 884 parabolam,
3292 831 3417 888 qua
3439 817 3544 874 do-

179 907 331 971 σθαι,
381 906 472 959 καὶ
525 906 598 974 μὴ
649 897 903 967 έκκακείν,
948 903 1039 951 καὶ
1082 900 1217 952 κατὰ
1264 901 1323 953 τὸ
1362 895 1410 951 ἐν
1463 896 1600 969 ἄλλῳ
1637 901 1778 968 τόπῳ

1926 913 2095 955 emur
2117 914 2355 972 semper
2380 916 2551 957 orare
2569 906 2865 973 oportere,
2883 916 3008 958 non
3029 905 3231 959 autem
3252 904 3539 977 defatiga-

177 993 267 1047 ὑπ’
317 992 477 1045 αὐτοῦ
531 989 817 1063 εἰρημένον,
867 989 946 1042 ὅτι
1001 990 1098 1041 Διὲι
1142 992 1238 1048 τὴν
1303 983 1571 1042 ἀναίδειαν
1616 986 1777 1039 αὐτοῦ

1924 985 1958 1056 i,
1985 991 2042 1042 et
2065 988 2239 1059 juxta
2253 988 2316 1045 id
2335 989 2497 1063 quod
2524 989 2602 1046 ab
2628 989 2761 1063 ipso
2786 989 2846 1046 in
2868 989 2985 1047 alio
3006 989 3140 1048 loco
3164 992 3392 1050 dictum
3413 999 3502 1051 est
3523 1011 3537 1051 :

176 1082 428 1158 έγερθεὶς,
486 1076 647 1133 δώσει
702 1077 867 1149 αύτῷ,
935 1078 1068 1130 ὅσων
1133 1074 1373 1151 χρῄζει·
1448 1077 1477 1138 ἦ
1549 1073 1778 1150 διορθὼο

1929 1081 2602 1150 'rOplerimprobitatem
2618 1084 2747 1152 ejus
2763 1088 2993 1153 surget,
3011 1087 3065 1140 et
3077 1084 3249 1141 dabit
3262 1086 3360 1142 illi
3373 1093 3542 1159 quot-

181 1190 315 1234 σεως
350 1174 442 1224 καὶ
489 1167 803 1241 ἐπιμελείας,
842 1168 978 1220 κατὰ
1013 1170 1073 1219 τὸ
1114 1163 1207 1221 διὰ
1235 1174 1327 1220 τοῦ
1369 1171 1639 1243 προφήτου
1678 1166 1778 1218 ὑπὸ

1930 1175 2030 1225 uot
2057 1169 2232 1226 habet
2260 1171 2673 1228 necessarios‘n
2708 1187 2722 1227 :
2748 1176 2853 1228 aut
2873 1171 3296 1230 emendatione
3324 1181 3384 1232 et
3410 1175 3541 1233 dili-

176 1268 273 1315 τοῦ
342 1266 477 1315 Θεοῦ
528 1261 677 1332 πρὸς
749 1275 895 1320 τινας
960 1256 1243 1330 εἰρημένον,
1303 1256 1553 1316 εἰπόντος·
1620 1253 1780 1309 Ὀταν

1930 1258 2112 1326 entia,
2123 1258 2299 1329 juxta
2317 1258 2379 1315 id
2395 1258 2565 1333 quod
2583 1261 2737 1316 Deus
2756 1275 2864 1335 per
2882 1261 3243 1335 prophetam
3263 1263 3343 1320 ad
3358 1279 3543 1338 quos-

174 1353 273 1413 τὰς
344 1357 532 1423 χεῖρας
596 1349 739 1421 ὑμῶν
800 1345 1056 1406 έκτεῖνητε
1121 1350 1247 1420 πρὸς
1312 1349 1396 1418 με,
1465 1343 1781 1418 ἀποστρέψω

1933 1362 2054 1415 am,
2087 1346 2230 1402 dixit
2256 1346 2340 1405 ita
2372 1347 2628 1421 loquens
2660 1366 2675 1404 :
2723 1349 2875 1405 Cum
2903 1350 3291 1407 extenderitis
3329 1354 3544 1409 manus

175 1442 241 1493 τὸ
293 1441 572 1513 πρόσωπόν
637 1456 738 1510 μου
791 1436 908 1508 (94)
960 1433 1045 1507 ἀφ’
1104 1437 1247 1508 ὑμῶν
1270 1454 1283 1468 ο
1346 1438 1467 1488 καὶ.
1502 1432 1588 1488 ἐὰν
1654 1433 1782 1492 πλη-

1935 1441 2121 1492 estras
2144 1436 2227 1492 ad
2248 1451 2360 1496 me.
2381 1443 2653 1494 avertam
2668 1439 2894 1505 faciem
2922 1452 3112 1496 meam
3133 1454 3174 1496 a
3200 1440 3363 1498 vobis
3386 1456 3400 1497 :
3424 1443 3548 1499 etsi

180 1529 368 1587 θύνητε
434 1531 530 1587 τὴν
605 1522 811 1592 δέησιν,
877 1524 974 1576 ούκ
1045 1522 1422 1597 εἰσακούσομαι
1482 1524 1647 1596 ὑμῶν.
1718 1524 1781 1579 Ai

1932 1539 2092 1583 reces
2111 1526 2683 1596 multiplieaveritis,
2705 1544 2825 1583 non
2847 1530 3169 1586 exaudiam
3198 1531 3545 1587 vos.Manus

176 1621 285 1695 γὰρ
365 1624 540 1691 χεῖρες
620 1617 763 1688 ὑμῶν
837 1616 1059 1689 αἳματος
1130 1613 1341 1689 πλήρεις
1370 1656 1385 1671 .
1467 1614 1777 1682 Λούσασθε,

1931 1616 2051 1671 nim
2107 1621 2318 1672 vestrm
2369 1618 2669 1687 sanguine
2734 1618 2935 1687 plenas
2989 1624 3145 1674 sunt.
3202 1620 3544 1689 Lavamini,

178 1710 409 1784 καθαροὶ
447 1706 674 1779 γένεσθε,
718 1708 807 1758 καὶ
849 1706 917 1758 τὰ
954 1703 1093 1767 ἑξῆς.
1131 1702 1250 1756 Ὀτι
1307 1699 1368 1758 δε
1422 1706 1513 1758 καὶ
1563 1710 1652 1756 νῦν
1689 1708 1781 1775 γί-

1938 1705 2109 1761 mndi
2134 1706 2403 1767 estote".
2434 1711 2544 1763 etc.
2581 1706 2735 1773 Quin
2773 1710 2980 1763 autem
3016 1712 3074 1764 et
3101 1723 3266 1764 nunc
3293 1708 3462 1782 ﬂant,
3492 1714 3551 1768 et

177 1816 381 1863 νονταε,
429 1799 513 1849 καὶ
563 1795 665 1850 εἰσὶ
714 1802 815 1849 τῶν
861 1792 1057 1849 πολλῶν
1098 1792 1155 1847 αἰ
1192 1799 1365 1869 χεῖρες
1402 1793 1618 1866 αἵματος
1652 1792 1785 1851 πλή-

1934 1795 2018 1852 int
2060 1793 2254 1868 plenae
2301 1795 2596 1867 sanguine
2633 1812 2858 1852 manus
2889 1797 3238 1867 multorum,
3268 1798 3547 1859 dubitare

179 1907 314 1965 ρεις,
365 1882 519 1940 ούδὶν
567 1883 905 1958 ἀμφιϐάλλου
945 1879 1029 1937 δεῖ
1072 1886 1193 1946 τοὺς
1233 1884 1576 1944 πιστεύοντας
1612 1880 1785 1955 ἐκείνῳ

1939 1900 2018 1941 on
2039 1883 2286 1950 debent,
2313 1885 2417 1957 qui
2437 1884 2624 1941 ﬁdem
2645 1885 2871 1942 habent
2884 1885 3112 1957 judicio
3134 1886 3217 1942 illi
3238 1888 3359 1957 Dei,
3380 1889 3549 1961 quod

180 1988 261 2051 τῷ
323 1981 541 2053 κρίματι
594 1981 688 2029 τοῦ
751 1981 908 2041 Θεοῦ,
971 1972 997 2026 6
1061 1974 1200 2025 κατὰ
1263 1978 1356 2025 τοῦ
1414 1973 1785 2047 προσταχθέν-

1934 1974 2190 2031 dversus
2210 1989 2350 2030 eum
2372 1974 2802 2047 pronuntiavit,
2826 1974 2933 2048 qui
2952 1975 3180 2048 populo
3204 1978 3547 2034 renuntiare

179 2087 271 2130 τος
714 2072 787 2137 τῷ
850 2063 959 2134 λαῷ
996 2102 1011 2129 ,
1087 2067 1179 2115 καὶ
1244 2066 1608 2124 σιωπήσαντος
1680 2059 1785 2116 ἀπ-

1935 2079 2120 2135 assus,
2152 2063 2487 2131 obticuerit,
2518 2063 2600 2120 ita
2636 2063 2901 2120 locutus:
2930 2064 3189 2135 Sanguis
3212 2066 3548 2135 peccatoris

182 2162 432 2231 εγήνατο,
515 2154 689 2223 εἰπὼν,
768 2155 848 2207 ὅτι
923 2155 993 2206 T6
1059 2149 1194 2225 αἷμα
1268 2158 1360 2204 τοῦ
1425 2153 1788 2224 ἡμαρτηκότος

1935 2169 1972 2211 π
1993 2153 2272 2210 manibus
2300 2154 2696 2223 speculatoris
2721 2153 3152 2226 requiretur”.
3196 2153 3369 2221 Quod
3406 2170 3548 2212 cum

183 2247 248 2301 ἐκ
304 2254 403 2298 τῶν
466 2252 661 2318 χειρῶν
696 2250 827 2298 ,τοῦ
895 2248 1093 2315 σκοποῦ
1167 2239 1590 2303 έκζητηθήσεται
1654 2241 1784 2312 (95).

1937 2242 2274 2299 erissimum
2304 2258 2375 2299 ac
2400 2242 2959 2299 constantissimum
2992 2257 3123 2298 esse
3159 2242 3277 2298 sibi
3299 2258 3550 2315 persua-

179 2335 349 2409 Ὅπερ
405 2332 591 2397 ἄληθες
653 2338 744 2386 καὶ
801 2330 1136 2407 ἀπαράϐατον
1199 2326 1327 2384 εἶναι
1369 2330 1787 2407 πληροφορηθεὶς

1941 2336 2071 2389 sset
2106 2332 2429 2405 Apostolus
2458 2331 2724 2387 dicebat:
2748 2330 3015 2387 Mundus
3043 2346 3151 2403 ego
3171 2346 3246 2389 ea:
3276 2334 3388 2389 hoc
3406 2338 3554 2391 tem-

184 2428 214 2481 6
264 2422 586 2486 Ἀπόστολος
654 2422 807 2495 ἔλεγε·
879 2423 1119 2495 Καθαρὸς
1189 2417 1289 2492 ἐγώ
1362 2418 1463 2472 ἀπὸ
1528 2428 1621 2473 τοῦ
1698 2428 1787 2473 νῦν

1938 2437 2035 2479 ore
2049 2438 2176 2479 sum
2199 2437 2235 2478 α
2255 2421 2552 2493 sanguine
2566 2422 2852 2478 omnium.
2864 2421 3002 2478 Non
3019 2420 3174 2478 enim
3188 2421 3551 2493 subterfugi,

183 2513 292 2569 ἀπὸ
365 2519 460 2567 τοῦ
544 2514 765 2586 αἱματος
848 2512 1053 2565 πάντων
1120 2510 1276 2581 (96).
1352 2509 1429 2562 Οὔ
1491 2512 1623 2583 γὰρ’
1662 2511 1785 2563 ὑπε-

1940 2513 2214 2568 uominus
2228 2512 2656 2569 aununtiarem
2679 2512 2837 2568 vobis
2854 2526 3026 2568 omne
3045 2512 3361 2568 consilium
3375 2513 3553 2568 Dei".

185 2604 475 2678 στειλάμην
547 2610 639 2656 τοῦ
712 2606 784 2676 μὴ
865 2599 1165 2674 ἀναγγεῖλαι
1238 2601 1362 2674 ὑμῖν
1434 2604 1611 2652 πᾶσαν
1693 2597 1788 2659 τῆν

1950 2600 2069 2658 uod
2099 2601 2148 2658 si
2177 2602 2281 2676 qui
2310 2598 2660 2659 conticuerit
2691 2600 2910 2670 solum,
2949 2600 3001 2658 is
3030 2616 3170 2657 reus
3200 2600 3436 2659 futurus
3466 2604 3558 2658 est

181 2693 388 2770 βουλὴν
444 2694 541 2746 τοῦ
603 2697 759 2747 Θεοῦ.
817 2690 880 2745 Εἰ
944 2686 1005 2743 δι
1061 2690 1087 2742 6
1146 2694 1419 2752 σιωπήσας
1473 2692 1627 2763 μόνον
1688 2691 1791 2743 ενο-

1947 2690 2215 2761 inguinis
2246 2706 2477 2763 eorum,
2505 2689 2615 2765 qui
2635 2690 3031 2764 peccaverint,
3059 2689 3207 2764 quid
3236 2688 3373 2763 quis
3394 2689 3560 2747 dixe-

179 2803 292 2857 χος
346 2789 439 2836 τοῦ
495 2784 715 2855 αἵματος
767 2788 873 2845 τῶν,
920 2781 1314 2858 ἁμαρτανόντων
1372 2778 1671 2853 εὑρίσκεται
1738 2784 1792 2833 τί

1953 2781 2070 2837 tde
2098 2779 2171 2836 iis
2218 2780 2325 2854 qui
2362 2796 2471 2854 per
2506 2795 2621 2836 sua
2649 2779 2808 2837 facta
2835 2784 2942 2836 aut
2968 2778 3130 2836 dicta
3165 2778 3301 2836 aliis
3339 2778 3562 2837 fuerint

182 2874 251 2926 ἄν
302 2891 382 2934 τις
442 2874 579 2925 εἴποι
617 2874 737 2944 περὶ
788 2878 911 2943 τῶν,
963 2867 1037 2924 δι’
1093 2866 1165 2921 ὧν
1207 2876 1471 2923 ποιοῦσιν.
1518 2868 1549 2927 ἦ
1600 2865 1674 2921 δι’
1722 2869 1791 2919 ὧν

1947 2868 2221 2924 ﬂ‘ensioni
2249 2870 2278 2925 ?
2308 2869 2394 2924 Fit
2423 2873 2623 2925 autem
2653 2867 2981 2938 interdum,
3014 2872 3080 2924 ut
3106 2867 3288 2924 etiam
3315 2871 3560 2941 propter

180 2961 432 3030 λαλοῦσι,
506 2956 958 3022 σκανδαλιςόντων
1025 2959 1226 3035 ἑτέρους
1275 2975 1289 3026 ;
1371 2956 1526 3011 Ἔστι
1589 2954 1649 3011 δι
1709 2958 1792 3011 ὅτε

1946 2955 2318 3029 idignitatem
2345 2956 2597 3030 petentis
2622 2956 2875 3029 petitum
2898 2971 3020 3012 non
3049 2956 3400 3027 impetretur
3424 2971 3437 3023 ;
3461 2970 3559 3010 ve-

181 3056 281 3103 καὶ
319 3052 435 3122 (97)
477 3046 548 3103 δί’
577 3048 893 3113 ἂναξιότητα
931 3056 1021 3102 τοῦ
1070 3048 1337 3110 αἰτοῦντος
1375 3047 1470 3100 ούκ
1500 3045 1792 3120 ἐπιτυγχά-

1945 3051 1987 3102 1t
2014 3046 2076 3101 in
2109 3044 2354 3113 Davide,
2375 3044 2480 3117 qui
2501 3060 2639 3101 cum
2659 3049 2932 3117 rogasset
2953 3047 3017 3100 ut
3043 3043 3245 3099 liceret
3274 3041 3387 3098 sibi
3408 3041 3558 3098 aedi-

178 3159 333 3193 νεται
378 3142 438 3192 1'6
481 3142 702 3213 αἴτημα,
750 3141 821 3202 ὡς
867 3137 951 3192 ἰπὶ
987 3145 1079 3191 τοῦ
1128 3132 1297 3192 Δαϐὶδ
1340 3136 1619 3211 εὐξαμένου
1657 3136 1791 3189 οἰκο-

1948 3134 2377 3205 caredomum
2427 3136 2567 3200 Deo,
2616 3132 2957 3207 prohibitus
3014 3134 3121 3200 est,
3179 3130 3284 3205 qui
3324 3128 3561 3187 etiamsi

185 3226 435 3303 δομῆσαι
486 3229 625 3281 οἷκον
679 3235 752 3299 τῷ
810 3236 945 3300 Θεῷ,
1004 3232 1094 3281 καὶ
1153 3225 1468 3289 κωλυθέντος
1504 3242 1517 3256 ·
1592 3225 1645 3288 ὃς
1701 3234 1793 3291 τῆς

1948 3228 2112 3281 ratus
2144 3229 2553 3298 acceptusque
2593 3227 2751 3279 esset
2782 3224 2923 3292 Deo,
2956 3226 3160 3279 tamen
3187 3220 3305 3278 hoc
3331 3220 3561 3301 honoro

180 3322 281 3394 μἐν
335 3320 466 3393 πρὸς
517 3321 644 3371 Θεὸν
693 3312 1103 3393 εὐαρεστήσεως
1130 3316 1223 3369 ούκ
1270 3313 1692 3391 ἀπηλλοτριώθη,
1734 3314 1793 3368 ού

1949 3330 2027 3371 on
2064 3313 2313 3370 habitus
2344 3317 2434 3368 est
2478 3312 2719 3384 dignus.
2751 3312 3036 3369 leremias
3066 3327 3209 3368 vero
3240 3311 3320 3368 ob
3352 3310 3562 3385 nequi.

180 3415 294 3485 μὴν
346 3412 438 3460 καὶ
488 3405 677 3460 ἐκείνου
726 3406 872 3471 ἄξιος
920 3406 1121 3482 ἐκρίθη.
1172 3402 1230 3458 Ὀ
1277 3410 1512 3479 μέντοιγε
1551 3403 1793 3482 Ἱερεμίας

1950 3422 2049 3461 am
2081 3419 2293 3461 eorum
2324 3419 2434 3476 pro
2464 3402 2687 3476 quibus
2721 3407 3000 3477 precatus
3031 3406 3139 3470 est,
3171 3401 3411 3459 videtur
3438 3418 3563 3461 non

179 3503 263 3574 μή
319 3495 588 3557 ἆκουσθεὶς
628 3501 863 3569 φαίνεται
910 3492 1005 3548 διὰ
1046 3498 1139 3554 τήν
1179 3499 1367 3547 κακίαν
1404 3492 1626 3571 ἐκείνων,
1667 3496 1792 3570 ὑπὲρ

1948 3494 2222 3551 xauditus
2260 3491 2469 3551 fuisse.
2501 3494 2654 3560 Quin
2679 3492 2861 3551 etiam
2891 3507 3016 3549 non
3052 3490 3228 3565 504
3258 3507 3395 3550 raro
3422 3508 3561 3551 con-

180 3585 259 3641 ὧν
290 3588 631 3661 προσηύχετο
671 3586 805 3654 (98).
842 3584 1092 3647 Πολλάκις
1123 3579 1182 3638 δι
1217 3588 1307 3636 καὶ
1351 3591 1444 3637 τοῦ
1485 3591 1672 3659 καιροῦ
1704 3580 1793 3636 διὰ

1951 3584 2098 3654 ngit,
2116 3589 2177 3640 ut
2204 3583 2608 3657 praetermisso
2634 3598 2705 3638 ex
2727 3586 2933 3638 nostra
2953 3580 3321 3652 negligentia
3340 3595 3564 3655 oppor-

174 3677 455 3755 ῥᾳθυμίαν
484 3675 786 3751 παρεθέντος
816 3676 961 3749 ἡμῖν,
989 3673 1108 3728 καθ’
1156 3675 1209 3727 ὃν
1243 3670 1302 3727 ἕὸ
1307 3693 1349 3726 ει
1378 3674 1708 3733 ποιήσασθαι
1737 3676 1787 3726 τό

1954 3689 2052 3729 ino
2085 3679 2373 3747 tempore,
2393 3688 2517 3746 quo
2543 3688 2713 3730 orare
2736 3670 3124 3746 oportuisset,
3155 3668 3567 3755 comperimur

181 3769 415 3841 αἴτημα,
448 3763 675 3840 ἀκαίρως
704 3764 917 3841 ὕστερον
941 3768 1030 3817 καὶ
1067 3765 1239 3838 μάτην
1271 3763 1530 3825 αἰτοῦντες
1560 3763 1794 3839 εὑρισκό-

1954 3763 2159 3820 osthac
2199 3761 2620 3835 intempestive
2667 3767 2723 3820 et
2765 3761 3075 3818 incassum
3124 3775 3359 3832 rogare.
3393 3748 3567 3828 Quod

179 3858 345 3933 μεθα.
406 3859 532 3931 Περὶ
579 3850 638 3907 δε
693 3862 808 3924 τοῦ,
866 3854 1014 3929 ’Υπερ
1059 3856 1247 3906 τούτου
1295 3859 1407 3928 τρὶς
1462 3857 1549 3906 τὸν
1608 3856 1792 3929 Κύριον

1954 3859 2111 3911 utem
2141 3854 2352 3913 attinet
2381 3852 2460 3910 ad
2498 3851 2669 3925 illud,
2697 3854 2958 3923 Propter
2983 3853 3094 3910 hoc
3133 3858 3224 3909 ter
3245 3852 3567 3911 Dominum

178 3944 544 4023 παρεκάλεσα,
600 3943 683 3997 ἵνα
729 3942 935 4018 ἀποστῇ
989 3942 1077 3997 ἀπ’
1122 3943 1271 4017 ἐμοῦ,
1319 3940 1513 3996 εἰδέναι
1538 3947 1675 4017 χρὴ,
1717 3946 1791 3997 ὅτι

1954 3946 2133 4017 Dgavi,
2167 3951 2232 4001 ut
2264 3944 2593 4002 discederet
2624 3959 2661 4001 a
2682 3958 2772 4001 me
2792 3945 2866 4012 ⁹¹,
2899 3941 3214 4000 sciendum
3243 3947 3331 3999 est
3354 3958 3567 4000 earum

179 4044 293 4091 τῶν
347 4038 725 4110 περιστασέων,
781 4040 879 4086 τῶν
936 4052 991 4087 τε
1043 4032 1223 4096 ἔξωθεν
1278 4038 1368 4085 καὶ⁵
1424 4042 1525 4085 τῶν
1576 4039 1693 4110 περὶ
1740 4037 1792 4086 τό

1955 4032 2325 4091 clamitatum
2367 4050 2504 4108 quae
2536 4038 2665 4092 tum
2705 4032 2768 4090 in
2795 4030 2979 4093 rebus
3024 4031 3307 4097 externis.
3337 4036 3467 4090 tum
3504 4031 3568 4093 in

184 4134 374 4200 σῶμα,
425 4122 583 4187 πολύς
630 4126 719 4176 καὶ
754 4118 1002 4197 διάφορος
1032 4120 1169 4175 ἔστιν
1209 4123 1235 4174 6
1272 4120 1448 4196 λόγος,
1479 4118 1572 4175 τοῦ
1601 4131 1734 4177 Θεοῦ
1766 4125 1795 4185 ἡ

1955 4139 2044 4180 )SO
2109 4139 2361 4194 corpore
2411 4122 2588 4179 nobis
2641 4122 2946 4191 eveniunt,
2994 4120 3387 4196 multiplicem
3433 4137 3568 4181 esse

183 4216 499 4288 έπάγοντος,
547 4212 576 4274 ἦ
619 4219 1022 4287 συγχωροῦντος
1065 4207 1159 4265 διά
1201 4230 1319 4264 τινα
1357 4211 1659 4285 οἰκοναμίαν
1690 4213 1796 4286 {99)

1958 4220 1969 4271 ι
2011 4214 2242 4271 variam
2288 4213 2605 4282 rationem,
2659 4215 2776 4269 Deo
2826 4211 2938 4269 has
2990 4210 3084 4268 vel
3134 4210 3422 4270 inferente
3472 4211 3571 4271 vel

180 4310 468 4380 κρείττονα
512 4310 605 4364 τῆς
646 4303 773 4377 παρ’
809 4301 943 4355 αὐτὰ
996 4299 1238 4363 ἀνέσεως.
1284 4299 1400 4355 Ἐὰν
1446 4305 1538 4375 μὲν
1583 4297 1671 4354 οὖν
1718 4322 1793 4366 τις

1959 4301 2287 4358 ermittente
2335 4317 2441 4373 per
2495 4300 2833 4373 quamdam
2900 4299 3419 4373 dispensationem
3474 4318 3572 4358 su-

184 4368 402 4467 έυνηθῇ
452 4368 733 4468 γνωρίσαι,
778 4393 861 4446 ὄτι
907 4396 1017 4465 χρὴ
1069 4387 1161 4444 διὰ
1198 4368 1506 4465 προσευχῆς
1534 4396 1624 4444 καὶ
1651 4392 1797 4450 αἰτή-

1957 4391 2037 4448 ita
2060 4391 2278 4448 horum
2308 4368 2612 4446 malorum
2644 4368 3018 4447 Ιιὶκιισιιιὶοιιο⁷
3036 4389 3215 4447 nobis
3246 4382 3570 4449 utiliorem.

186 4503 322 4545 σιως
382 4480 740 4554 ἀπαλλαγῆναι
790 4490 881 4543 τῆς
927 4480 1304 4554 περιστάσεως,
1363 4477 1605 4534 ἀκούεται
1653 4480 1799 4540 αἰτιὴ⁶

1955 4482 1971 4537 i
2036 4479 2174 4553 quis
2236 4480 2418 4550 igitur
2482 4492 2662 4535 nosse
2727 4478 3005 4551 potuerit,
3076 4496 3139 4535 se
3207 4478 3286 4536 ab
3353 4479 3568 4549 adver-

187 4595 317 4644 σας,
362 4575 435 4635 ὡς
483 4574 532 4625 οἱ
578 4568 676 4625 δύο
717 4570 900 4645 τυφλοὶ
939 4569 987 4623 έν
1026 4569 1324 4643 Εύαγγελίῳ
1356 4576 1447 4623 καί
1485 4573 1534 4624 οἰ
1568 4567 1697 4625 δέκα
1720 4571 1797 4625 λε-

1958 4575 2083 4628 .tate
2128 4586 2236 4643 per
2282 4569 2694 4644 precationem
2751 4584 2821 4626 ac
2886 4570 3267 4644 rogationem
3326 4569 3571 4628 liberari

262 4718 311 4755 ⁸⁷
339 4717 589 4784 Luc.,n,
617 4717 673 4773 8.
748 4716 795 4751 ⁸⁸
819 4715 935 4773 Isa.
959 4730 1001 4783 ι,
1032 4717 1115 4786 15,
1154 4718 1238 4771 16.
1317 4714 1365 4751 ⁸9
1393 4716 1604 4773 Ezech.
1644 4733 1720 4784 ιιι,
1756 4720 1839 4775 18.

1484 4716 1604 4773 ach.
1644 4733 1720 4784 ιιι,
1756 4720 1839 4775 18.
1918 4719 1967 4753 9°
1992 4719 2123 4775 Act.
2154 4730 2261 4783 ,xx,
2291 4718 2379 4785 26,
2417 4717 2507 4771 27.
2585 4715 2630 4750 ’³
2671 4716 2714 4770 ιι
2745 4715 2878 4773 Cor.
2910 4729 3012 4784 xu,
3044 4718 3097 4770 8.

265 4864 379 4932 (94)
408 4858 597 4916 Vossii
619 4862 790 4915 vetus
808 4856 955 4914 liber
978 4859 1037 4913 et
1065 4855 1167 4913 alii
1196 4855 1319 4911 duo
1346 4854 1661 4986 ἁποστρέὶιω
1684 4862 1801 4920 τούς

265 4932 503 4986 Gallum}:
533 4950 652 4986 μου.
674 4935 944 4986 avertam
967 4931 1170 4985 oculos
1189 4942 1344 4986 meos
1370 4947 1384 4986 :
1406 4944 1514 4986 nec
1539 4945 1575 4986 a
1602 4931 1709 4986 iter
1727 4930 1806 4985 le-

1954 4862 2125 4915 mter
2153 4860 2321 4915 Voss.
2352 4860 2714 4934 προσηύχετο.
2767 4858 2887 4913 Nec
2923 4856 3008 4913 ita
3039 4854 3230 4912 multo
3258 4858 3395 4928 post
3424 4856 3567 4924 Reg.

1954 4930 2147 4986 rimus
2187 4928 2281 4983 διὰ
2332 4930 2592 4986 ῥαθυμίαν
2648 4927 3013 4986 παρελθόντος.
3067 4928 3183 4980 καθ’
3233 4928 3307 4978 ὃν.
3371 4924 3567 4983 Codex

182 4924 503 5007 ὀφθαλμοὺς
530 4950 652 5007 μου,
666 4935 946 5007 avertam
961 4931 1170 5007 oculus
1189 4942 1344 4986 meos
1370 4947 1384 4997 ;
1406 4924 1709 5007 uecZaliter
1727 4930 1795 5007 l_e-

1959 4930 2147 5007 rimus
2187 4928 2302 5007 διαΔ
2329 4924 2607 5007 ῥαθυμίαν
2648 4927 3013 5007 παριλθόντος,
3067 4928 3194 4999 καθ’⁶
3233 4924 3307 4978 ὃν.
3371 4924 3572 4983 Codex

185 4999 379 5079 gitur'
410 4999 578 5077 apud
620 5003 774 5058 LXX.
824 4999 975 5056 Editi
1018 5002 1076 5056 et
1116 5001 1258 5071 Reg.
1305 4999 1610 5059 secundus
1641 5004 1707 5058 ut
1744 5001 1798 5058 in

1305 4999 1610 5059 secundus
1641 5004 1707 5058 ut
1744 5001 1808 5058 in
1917 4999 2645 5079 ῧοῷρπαρελθοντοςὴμᾶς,
2677 4999 2794 5050 καθ’
2833 5000 2910 5079 όν..

186 5064 553 5145 Eontextu,
654 5141 722 5145 ν,
1170 5064 1231 5145 ί
1371 5141 1442 5145 __

1991 5076 2110 5145 (99)
2146 5064 2297 5145 Editi
2346 5078 2401 5128 et
2454 5064 2773 5145 udus'ms.
2820 5065 3050 5145 δια-τήν
3089 5067 3407 5145 οἰκονομίαν.
3460 5064 3574 5145 alii

295 5148 391 5226 ἐρᾷ)
423 5144 665 5226 antiqui
689 5141 811 5226 duo
840 5141 977 5226 libri
1006 5156 1144 5226 cum
1167 5142 1335 5226 Yps‘s.
1365 5141 1666 5226 iactunam,
1734 5220 1751 5226 _

1961 5137 2038 5199 ‘és
2068 5137 2211 5200 diss.
2262 5140 2356 5196 διά
2398 5163 2514 5195 τινα
2552 5140 2866 5226 οἰκονομίαν.
2902 5138 3126 5219 ibidem
3157 5137 3312 5226 etlil‘i'
3346 5144 3403 5196 et
3447 5137 3574 5196 duo

298 5209 391 5291 93)
438 5209 630 5271 Vossii
660 5220 834 5271 vetus
863 5214 1017 5270 liber
1044 5220 1102 5272 et
1129 5213 1229 5271 alii
1255 5215 1379 5272 duo
1410 5216 1612 5267 πάντων
1644 5214 1807 5283 ὑμῶν,

1963 5230 2068 5291 iss.
2121 5209 3101 5291 {nenapa_1'azira.‘itbg._primus
3150 5215 3210 5291 et
3266 5209 3439 5291 Voss.
3478 5219 3576 5291 τῆς

187 5280 477 5349 omnium
510 5294 792 5359 vestrum.
874 5356 883 5359 _
1079 5354 1095 5359 _
1502 5358 1505 5359 ν
1678 5280 1689 5283 ⁷
1714 5353 1731 5359 _

1967 5286 2043 5359 αρξ
2097 5286 2254 5359 αὐτά,
2313 5280 2511 5359 Codex
2567 5280 2732 5338 Colb.
2788 5280 2887 5344 τῆς
2920 5285 3264 5359 -παραυτίκα,
3326 5283 3444 5339 Nec
3494 5282 3580 5340 ita

272 5360 397 5429 (97)
420 5363 497 5415 Rc
548 5401 561 5413 .
639 5358 827 5413 rimus
866 5356 1018 5410 Ἐστι
1066 5354 1124 5410 δὲ
1165 5358 1282 5411 ὅταν
1321 5361 1429 5412 καί.
1464 5358 1592 5414 Mox
1622 5353 1815 5413 codex

272 5432 380 5485 ilb.
416 5431 474 5484 ού
503 5372 725 5485 Ξίδῖται
754 5432 812 5480 τό
845 5431 1066 5485 αἴτημα.

1967 5353 2112 5443 iulio
2157 5358 2316 5413 intra
2374 5355 2495 5411 duo
2534 5369 2683 5409 mss.
2728 5368 2869 5409 cum
2920 5353 3083 5410 Vos's.
3137 5362 3442 5429 προσευχῆς
3488 5359 3580 5408 καὶ

1967 5446 2179 5485 εησεως.

186 5425 385 5493 (ἷόΙὺζ
416 5431 474 5484 ού
508 5425 725 5485 δίδοται
754 5432 812 5480 τό
845 5431 1066 5502 αἴτημα..
1927 5425 2179 5489 δεήσεως.

276 5506 393 5578 (98)
417 5502 570 5560 Editi
589 5505 647 5559 et
666 5502 808 5572 Reg.
833 5498 1138 5556 secundus
1160 5503 1379 5574 ηὔχετο.
1400 5498 1509 5556 Alii
1526 5501 1644 5557 tres
1663 5514 1812 5556 mss.

462 5591 716 5652 ΡΑτιιοι..
754 5588 859 5647 ϐο.
900 5587 1078 5647 XXXI.

3141 5587 3214 5644 60
