4086 6186
172 288 299 347 i265

1300 288 1603 346 REGULIE
1640 288 1931 347 BREVIUS
1967 286 2374 343 TIlAC'I‘ATA-J.

3374 291 3512 346 i266

167 416 429 486 κειμένων,
476 406 524 464 ἓν
575 425 667 462 και
706 412 858 462 τοῦτο
904 416 999 470 τῆς
1045 407 1321 484 μεθοὸείας
1367 421 1457 465 τοὺ
1498 408 1768 478 διαϐόλου,

1878 408 2237 477 habeantur,
2261 410 2377 467 hoc
2395 424 2640 497 quoque
2661 423 2847 469 unum
2890 412 2976 464 est
3006 425 3076 466 ex
3112 408 3379 467 artiﬁciis
3400 410 3528 467 dia-

167 506 225 555 τὸ
303 496 441 562 τοὺς
474 499 693 560 πολλοὺς
756 507 853 552 τῶν
899 496 1199 573 ἀνθρώπων,
1240 503 1411 576 ὥσπερ
1471 501 1770 575 ἐπιλαθομέ-

164 611 282 654 νους
370 598 473 643 τῶν
557 590 818 641 τοσούτων
902 593 993 640 καὶ
1076 592 1319 642 τοιούτων
1406 598 1498 644 τοῦ
1574 595 1767 665 Κυρίου

161 681 417 757 ῥημάτων
472 683 563 732 καὶ
636 676 964 750 ἀποφάσεων,
1034 677 1172 740 τέλος
1239 679 1494 741 κολάσεως
1567 680 1636 741 εἰς
1709 682 1767 732 τὸ

165 769 361 844 μᾶλλον
439 767 771 841 κατατολμῷ
852 776 948 829 τῆς
1030 767 1289 843 ἁμαρτίας
1363 769 1566 831 έαυτοῖς
1643 770 1767 822 ὑπο-

163 862 406 935 γράφιιν.
449 858 508 912 Εἰ
561 854 663 932 γὰρ
704 863 800 917 τῆς
838 856 1049 920 αἰωνίου
1103 857 1361 921 κολάσεως
1417 862 1568 913 ἔσται
1642 862 1773 912 ποτὶ

163 948 331 1016 τέλος,
370 947 508 1010 τέλος
546 946 647 1011 ἔξιι
688 947 896 1007 πάντως
940 951 1031 1000 καὶ
1072 948 1102 1006 ἠ
1145 947 1351 1009 αἰώνιος
1400 948 1531 1009 ζωή.
1581 948 1642 1001 Εἰ
1707 944 1767 1000 ὀὶ

162 1034 249 1090 έπὶ
296 1044 389 1097 τῆς
421 1036 563 1097 ζωῆς
608 1042 763 1088 τοῦτο
801 1043 991 1094 νοῆσαι
1038 1035 1096 1087 οὑ
1145 1033 1573 1111 καταδεχόμεθα,
1620 1044 1766 1090 ποῖον

162 1129 281 1199 ἔχει
325 1124 477 1198 λόγον
522 1132 587 1197 τῇ
630 1123 843 1177 κολάσει
889 1132 950 1197 τῇ
1003 1124 1193 1197 αἰωνίῳ
1238 1126 1374 1187 τέλος
1405 1123 1658 1193 ὀιδόναι;
1706 1125 1764 1179 Ἠ

161 1218 265 1290 γὰρ
328 1223 420 1281 τοῦ
488 1214 699 1267 αἰωνίου
750 1215 1029 1287 προσθήκη
1085 1213 1157 1287 ἐφ’
1200 1214 1451 1289 ἑκατέρων
1494 1219 1624 1276 ἴσως
1664 1222 1767 1269 κεῖ-

157 1323 249 1357 ται
308 1304 448 1377 (IS).
537 1302 939 1357 Ἀπελεὺσονται
1014 1307 1140 1379 γὰρ,
1215 1309 1397 1377 φησιν,
1468 1305 1614 1358 οὗτοι
1699 1304 1766 1357 εἰς

157 1393 381 1447 κόλασιν
432 1393 675 1447 αἰώνιονο
767 1395 817 1445 οἱ
865 1388 924 1446 δε
965 1389 1166 1446 δίκαιοι
1226 1394 1294 1455 εἰς
1348 1395 1488 1456 ζωὴν
1536 1394 1762 1449 αἰώνιον.

157 1486 371 1537 Τούτων
442 1478 530 1536 οὖν
609 1481 769 1543 οὑτως
851 1481 1289 1557 ὁμολογουμένων,
1381 1479 1573 1537 εἰδέναι
1626 1487 1761 1558 χρὴ,

158 1573 243 1626 ὅτι
290 1576 383 1625 καὶ
415 1575 498 1640 τὸ,
557 1576 871 1646 Δαρήσεται,
925 1570 1137 1639 πολλὰς,
1194 1577 1285 1625 καὶ
1331 1575 1410 1639 τὸ,
1471 1576 1764 1645 Δαρήσεται

159 1662 358 1735 ὀλίγας,
410 1660 539 1733 οὑχὶ
575 1661 739 1728 τέλος,
778 1659 906 1714 ἀλλά
973 1659 1229 1738 διαφορὰν
1293 1662 1554 1725 κολάσεως
1610 1658 1768 1719 δηλοῖ

155 1752 300 1823 (16).
330 1751 394 1806 Ei
420 1753 520 1825 γὰρ
550 1752 577 1803 6
616 1753 747 1813 Θεὸς
793 1746 997 1811 δίκαιος
1051 1756 1238 1824 κριτής
1288 1750 1451 1820 ἔστιν,
1502 1749 1562 1804 οὑ
1609 1754 1762 1824 μόνον
1793 1768 1834 1822 Β

155 1847 265 1903 τοῖς
326 1839 563 1912 ἀγαθοῖς,
624 1838 755 1892 ἀλλά
812 1843 904 1892 καὶ
970 1847 1079 1903 τοῖς
1132 1847 1398 1916 πονηροῖς,
1475 1835 1764 1900 ἀποδιδοὺς

157 1928 368 2001 ἑκάστῳ
421 1930 556 1981 κατά
608 1932 703 1988 τήν
756 1927 946 1998 πράξω
1007 1927 1190 1999 αὑτοῦ,
1249 1926 1472 1983 δύναται
1537 1925 1664 1981 εἶναι
1736 1929 1763 1981 6

155 2025 251 2093 μέν
294 2039 374 2081 τις
402 2022 567 2093 πυρὸς
607 2017 867 2072 ἀσϐέστου
906 2017 1071 2087 ἄξιος,
1119 2023 1210 2071 καὶ
1253 2022 1438 2073 τούτου
1495 2022 1616 2078 ἤτοι
1655 2038 1764 2093 μα-

152 2108 479 2184 λακωτέρου,
531 2107 561 2167 ᾖ
594 2106 786 2181 μᾶλλον
834 2106 1137 2179 φλέγοντος·
1198 2108 1223 2159 6
1278 2103 1339 2160 δέ
1378 2126 1455 2168 τις
1500 2106 1765 2168 σκώλῂκος

156 2195 529 2265 ἀτελευτήτου,
558 2200 650 2248 καὶ
698 2197 882 2247 τούτου
929 2195 1082 2248 πάλιν
1127 2195 1155 2255 ἣ
1208 2199 1488 2272 πραότερον
1532 2191 1764 2248 ὀδυνῶν-

154 2306 272 2355 τος,
310 2287 338 2345 ἡ
376 2281 725 2361 σφοδρότερον
762 2287 898 2338 κατά
924 2289 1018 2345 τὴν
1046 2283 1193 2349 ἀξίαν
1221 2285 1441 2339 ἑκάστου
1467 2305 1481 2320 ο
1528 2290 1631 2355 ,καὶ
1668 2284 1764 2341 ἄλ·-

153 2375 240 2439 λος
267 2379 475 2447 γεέννης
505 2371 738 2450 διάφορα
764 2377 971 2438 πάντως
1007 2375 1239 2448 ἐχούσης
1284 2377 1351 2428 τά
1395 2374 1722 2450 κολαστήρια
1747 2396 1760 2410 ·

156 2471 251 2520 καὶ
286 2466 459 2540 ἕτερος
494 2473 586 2518 τοῦ
614 2463 859 2539 ἐξωτέρου
902 2468 1143 2533 σκότους,
1202 2466 1323 2519 ἔνθα
1369 2466 1396 2517 ό
1442 2468 1533 2538 μέν
1579 2484 1661 2526 τις
1716 2463 1765 2518 έν

154 2555 417 2628 κλαυθμῷ
446 2559 599 2629 μόνον
626 2554 762 2626 (17),
811 2555 837 2607 6
882 2550 942 2607 δέ
992 2573 1073 2615 τις
1128 2560 1218 2608 καὶ
1279 2552 1328 2606 έν
1387 2552 1611 2628 βρυγμῷ
1666 2561 1764 2607 τῶν

158 2640 397 2698 ὀδόντων
436 2639 531 2696 διὰ
555 2647 612 2695 τὸ
661 2641 1019 2717 ἐπιτεταμένον
1058 2651 1159 2696 τῶν
1204 2647 1370 2696 πόνων
1408 2650 1625 2715 γίνεται·
1666 2647 1766 2696 Καὶ

156 2739 215 2788 τό
244 2733 493 2811 έξὼτερον
524 2730 584 2786 6":
616 2738 801 2797 σκότος
830 2735 1100 2807 ὑποφαίνει
1128 2736 1328 2801 πάντως
1392 2735 1523 2787 εἶναί
1575 2753 1627 2787 τι
1676 2738 1766 2785 καὶ

157 2824 440 2901 έσωτερον.
509 2828 610 2878 Καὶ
663 2827 743 2896 τὸ,
811 2823 897 2885 Εἰς
952 2825 1189 2897 πυθμένα
1238 2819 1417 2896 ᾅδου,
1455 2821 1504 2877 έν
1567 2830 1764 2897 Παροι-

155 2918 311 2988 μίαις
368 2914 632 2988 εἰρημένον
699 2909 872 2982 δηλοῖ,
923 2914 1003 2965 ὄτι
1059 2913 1161 2966 εἰσί
1196 2932 1359 2975 ,τινες
1415 2910 1462 2965 έν
1527 2920 1600 2984 τῷ
1657 2908 1762 2986 ᾅδῃ

154 3008 276 3078 μὶν,
310 3004 406 3056 οὑκ
435 3002 483 3057 έν
522 3005 744 3077 πυθμένι
776 2998 835 3056 δί
881 2999 1037 3075 ᾅδου,
1086 3007 1398 3078 κουφοτέραν
1437 3004 1768 3075 ὑπομένοντες

157 3100 259 3153 τὴν
303 3092 537 3150 κόλασιν.
569 3099 735 3146 Τοῦτο
765 3088 826 3146 δὲ
852 3092 1271 3170 χαρακτηρίζειν
1304 3094 1416 3145 ἔστι
1452 3096 1542 3144 καὶ
1586 3099 1675 3143 νῦν
1718 3089 1766 3142 έν
1797 3123 1837 3179 c

153 3185 271 3244 τοὶς
308 3190 401 3235 τοῦ
436 3188 677 3256 σώματος
707 3183 951 3239 πάθεσιν.
1005 3180 1063 3234 Ὀ
1110 3184 1202 3255 μεν
1237 3183 1341 3258 γάρ
1388 3200 1469 3244 τις
1516 3185 1768 3257 πυρέσσει

155 3275 299 3347 μετά
327 3273 725 3346 συμπτωμάτων
750 3276 841 3325 καὶ
867 3274 982 3345 (18)
1038 3270 1202 3324 ἄλλων
1238 3273 1417 3325 παθῶν
1441 3291 1454 3306 ο
1509 3272 1536 3323 ό
1586 3266 1647 3323 δέ
1688 3289 1770 3333 τις

155 3365 423 3436 πυρέσσει
461 3366 634 3433 μόνον,
668 3365 756 3414 καὶ
783 3361 932 3423 οὗτος
960 3359 1067 3432 οὐχ
1104 3361 1296 3434 ὁμοίως
1332 3368 1404 3432 τῷ
1443 3354 1597 3435 ἑτέρῳ
1622 3380 1635 3393 ·
1675 3364 1765 3412 καὶ

156 3450 323 3514 ἄλλος
353 3449 412 3503 οὗ
450 3454 704 3528 πυρέσσει
740 3452 852 3523 μὲν,
885 3445 1048 3524 ὀδύνῃ
1083 3445 1144 3503 δέ
1180 3470 1283 3503 τινι
1310 3449 1497 3523 μέλους
1543 3469 1770 3503 καταπο-

152 3548 329 3595 νείται
356 3561 370 3574 ·
401 3545 492 3593 καὶ
517 3537 669 3603 οὗτος
686 3539 838 3593 πάλιν
865 3538 1036 3614 ἐτέρου
1066 3538 1237 3593 πλεῖον
1269 3540 1298 3600 ἦ
1331 3539 1563 3595 ἔλαττον.
1602 3542 1767 3615 Εἶρηο

154 3649 251 3683 ται
282 3624 342 3681 δὶ
366 3632 458 3680 καὶ
485 3635 638 3680 τοῦτο
675 3636 747 3699 τῷ
781 3632 956 3703 Κυρίῳ
985 3631 1043 3680 τὸ
1075 3631 1210 3701 (19),
1237 3626 1430 3690 πολλὰς
1455 3632 1545 3681 καὶ
1566 3627 1764 3700 ὀλίγας,

154 3716 302 3772 κατά
327 3721 422 3776 τήν
450 3725 652 3793 χρῆσιν
690 3725 787 3781 τῆς
826 3718 1125 3784 συνηθείας,
1155 3719 1329 3792 ὥσπερ
1379 3717 1467 3771 οὖν
1504 3722 1594 3770 καὶ
1637 3716 1768 3770 ἄλλα

156 3811 281 3862 τινὰ
305 3815 546 3862 τοιαῦτα.
580 3803 810 3881 Οῖδαμεν
839 3810 941 3883 γὰρ
970 3805 1215 3868 πολλάκις
1240 3810 1299 3859 τὸ
1338 3814 1568 3859 τοιοῦτον
1626 3803 1765 3869 εἶδος

155 3906 254 3952 τοῦ
292 3897 452 3970 λόγου
476 3900 567 3948 καὶ
596 3894 676 3949 ἐπὶ
706 3904 806 3948 τῶν
836 3896 922 3969 ὑφ⁶¹
963 3895 1066 3959 ἑνός
1084 3915 1219 3959 τινος
1248 3897 1448 3960 πάθους
1475 3900 1766 3970 κεκακωμέ-

152 4008 258 4042 νων
297 3984 825 4063 παραλαμϐανόμενον
850 4007 862 4020 ·
924 3987 1029 4039 οἷον
1059 3988 1180 4040 ὃταν
1218 3986 1441 4060 λέγωμεν
1499 3985 1582 4040 έπὶ
1634 4006 1767 4050 τινος

152 4080 514 4151 πυρέσσοντος
541 4080 715 4149 μόνον,
772 4077 802 4135 ᾖ
863 4073 1124 4149 ὀφθαλμὸν
1170 4071 1516 4149 ὀδυνωμένου,
1569 4078 1769 4151 θαυμά-

154 4169 365 4234 ζοντες,
394 4169 478 4220 ὅτι
504 4170 649 4220 πόσα
685 4167 890 4235 ἔπαθεν,
917 4167 947 4226 ἦ
990 4171 1156 4229 πόσας
1203 4169 1466 4240 ὑπέμεινεν
1513 4165 1763 4240 ἀνάγκας.

151 4256 323 4312 ’.Ωστε
350 4261 436 4326 τὸ,
466 4255 659 4318 πολλὰς
679 4258 793 4329 (20)
818 4260 909 4309 καὶ
938 4254 1117 4329 ὀλίγας
1149 4253 1415 4331 δέρεσθαι,
1441 4257 1594 4310 πάλιν
1612 4257 1761 4331 λέγω,

154 4348 258 4401 οὐκ
282 4345 333 4399 έν
363 4353 425 4419 τῇ
456 4351 549 4399 τοῦ
575 4349 774 4420 χρόνον
824 4347 1120 4421 παρατάσει
1159 4346 1188 4405 ἢ
1221 4345 1614 4421 συμπληρώσει,
1657 4344 1763 4399 ἀλλ’

154 4436 206 4491 έι
237 4444 305 4510 τῇ
342 4432 574 4512 διαφορᾷ
597 4442 688 4496 τῆς
724 4434 984 4498 κολάσεως
1010 4440 1229 4508 γίνεται.

698 4566 1012 4616 ΕΡΩΤΗΣῘΣ
1064 4560 1197 4615 ΣΞΙΥ
1209 4603 1223 4619 .

158 4650 314 4705 ιατά
339 4655 486 4704 ποῖον
513 4656 632 4704 νοῦν
659 4648 893 4725 λέγονταί
919 4669 1049 4713 τινες
1072 4655 1179 4705 υἱοὶ
1216 4649 1497 4722 ἀπειθείας,
1551 4655 1642 4707 καὶ
1687 4656 1764 4708 τέ-

803 4758 903 4794 κνα
926 4739 1084 4818 ὀργῆς
1108 4757 1123 4812 ;

770 4872 1122 4921 ΔΠΟΚΡΙΣῙΣ
1136 4908 1149 4926 .

226 4957 400 5011 Τέκνα
426 4958 517 5009 καὶ
565 4954 713 5018 υἱούς
756 4973 890 5017 τινος
917 4955 1033 5030 (21)
1079 4955 1347 5031 ὀνομάζειν
1389 4951 1530 5012 οἶδεν
1586 4957 1612 5010 ό
1656 4958 1761 5012 Κύ-

1794 4479 1839 4532 D

1878 498 2022 566 boli,
2053 504 2115 554 ut
2146 498 2414 571 plerique
2431 495 2709 555 homines
2741 497 2901 557 velut
2933 497 3105 554 obliti
3128 502 3216 555 tot
3239 503 3299 555 et
3318 497 3529 557 talium

1880 588 2115 649 Domini
2156 588 2481 645 verborum
2530 605 2601 644 ac
2637 588 3090 660 sententiarum,
3133 606 3254 662 quo
3296 589 3531 661 majore

1878 693 2015 740 cum
2047 677 2306 734 audacia
2326 682 2594 750 peccent,
2609 676 2888 750 supplicii
2914 676 3032 733 sibi
3051 676 3244 734 ﬁnem
3258 677 3533 751 praescri-

1876 766 2044 823 bant.
2088 767 2337 837 Etenim,
2367 766 2421 821 si»
2451 767 2658 823 aeterni
2690 764 2967 839 supplicii
3004 765 3243 823 futurus
3289 771 3381 823 est
3425 767 3529 824 alio

1876 854 2124 927 quando
2154 855 2309 926 ﬁnis,
2334 855 2519 911 ﬁnem
2540 854 2744 927 utique
2774 854 3049 912 habitura
3077 859 3170 912 est
3194 854 3374 913 etiam
3404 855 3528 912 vita

1875 949 2118 1001 interna.
2143 943 2315 1010 Quod
2337 945 2390 1000 si
2410 960 2531 1001 non
2553 960 2882 1017 possumus
2900 943 3049 1000 illud
3069 943 3146 1000 de
3160 944 3282 1001 vita
3300 949 3530 1001 aeterna

1872 1033 2223 1103 intelligere,
2249 1049 2372 1105 qua
2389 1034 2620 1090 ratione
2645 1033 2938 1107 supplicio
2959 1039 3185 1090 aeterno
3204 1032 3529 1090 ascribitur

1873 1123 2010 1179 ﬁnis
2026 1123 2053 1177 'l
2101 1125 2249 1179 Nam
2274 1122 2587 1196 aequaliter
2613 1138 2723 1195 pro
2752 1128 3009 1196 utroque
3035 1122 3289 1179 habetur
3316 1123 3529 1180 aeterni

1874 1211 2156 1284 adjectio.
2177 1212 2356 1268 Ibunt
2379 1213 2557 1281 enim,
2574 1211 2788 1285 inquit,
2804 1211 2869 1268 Ιιί
2888 1214 2953 1268 in
2973 1213 3339 1283 supplicium
3356 1218 3526 1269 ceter-

1874 1303 2225 1371 num:justi
2242 1306 2444 1360 autem
2465 1302 2531 1358 in
2548 1302 2733 1358 vitam
2759 1306 3047 1358 uternam
3060 1301 3130 1357 ³⁸.
3148 1304 3525 1374 Itaque,cum

1871 1389 2003 1446 haec
2032 1390 2115 1447 ita
2134 1388 2253 1447 sint
2276 1390 2340 1447 in
2378 1390 2680 1457 confesso,
2702 1389 3018 1447 sciendum
3048 1394 3160 1459 est,
3208 1405 3402 1463 neque
3451 1389 3524 1445 il-

1870 1477 1998 1550 lud,
2026 1479 2344 1550 Vapulabit
2375 1482 2600 1546 multis,
2624 1495 2821 1553 neque
2839 1478 3011 1550 illud,
3029 1478 3354 1551 Vapulabit
3373 1493 3528 1550 pau-

1872 1570 1975 1636 cis,
2003 1568 2338 1639 significare
2370 1571 2578 1640 ﬁnem,
2627 1569 2735 1627 sed
2776 1569 3187 1627 diversitatem
3221 1567 3525 1642 supplicii.

1874 1656 1931 1714 Si
1952 1657 2111 1714 enim
2132 1659 2287 1714 Deus
2300 1658 2504 1729 justus
2518 1658 2706 1731 judex
2734 1662 2823 1715 est
2840 1673 2965 1715 non
2983 1658 3164 1716 bonis
3176 1658 3397 1728 solum,
3417 1656 3527 1714 sed

1870 1747 2049 1805 malis
2076 1748 2278 1820 etiam,
2300 1748 2561 1806 reddens
2598 1749 2929 1822 unicuique
2962 1749 3139 1822 juxta
3174 1763 3362 1822 Opera
3392 1764 3525 1817 sua,

1869 1842 2072 1912 potest
2094 1836 2247 1894 alius
2277 1853 2411 1894 esse
2440 1837 2661 1909 dignus
2711 1838 2850 1909 igne
2892 1836 3390 1909 inexstinguibili,
3418 1837 3528 1911 qui

1872 1932 1977 1984 aut
2002 1925 2244 1984 mollius
2272 1932 2375 1983 aut
2402 1926 2600 1983 acrius
2628 1926 2879 1984 adurat:
2930 1926 3084 1987 alius
3124 1942 3331 1984 verme
3371 1942 3527 1984 nun-

1871 2032 2058 2090 quam
2088 2014 2402 2085 morituro,
2425 2014 2529 2088 qui
2556 2015 2738 2073 etiam
2757 2020 2863 2073 aut
2883 2015 3088 2073 mitius
3117 2019 3226 2072 aut
3244 2015 3526 2073 acerbius

1872 2104 2174 2161 excruciet
2209 2119 2321 2178 pro
2377 2104 2673 2178 cujusque
2728 2105 2978 2162 merito:
3034 2102 3189 2161 alius
3220 2103 3520 2175 gehenna,

1872 2211 2010 2268 qua:
2035 2195 2203 2251 varia
2245 2210 2317 2250 ac
2358 2193 2600 2267 penitus
2644 2192 2884 2251 diversa
2930 2192 3230 2268 supplicia
3261 2192 3522 2251 habeat:

1873 2284 2026 2345 alius
2051 2282 2446 2341 exterioribus
2468 2282 2751 2352 tenebris,
2778 2283 2885 2340 ubi
2901 2282 2998 2340 hic
3023 2282 3275 2356 quidem
3297 2282 3360 2339 in
3380 2282 3527 2338 ﬂetu

1872 2374 2093 2442 solum,
2132 2373 2229 2431 ille
2248 2389 2390 2430 vero
2418 2373 2480 2430 in
2504 2373 2779 2431 dentium
2806 2372 2988 2430 etiam
3019 2371 3274 2428 stridore
3301 2370 3382 2428 ob
3411 2369 3527 2427 do-

1871 2464 2071 2522 lorum
2111 2462 2552 2520 vehementiam
2591 2463 2859 2521 exsistat.
2901 2461 3054 2530 Quin
3103 2464 3162 2517 et
3207 2459 3529 2517 exteriores

1872 2553 1988 2611 illae
2014 2552 2274 2610 tenebrae
2327 2553 2477 2609 alias
2519 2552 2701 2609 etiam
2750 2568 2998 2626 prorsus
3040 2566 3171 2608 esse
3217 2550 3529 2609 interiores

1874 2642 2165 2701 indicant.
2226 2644 2293 2698 Et
2321 2642 2473 2698 illud
2506 2641 2675 2716 quod
2704 2640 2930 2698 dictum
2962 2644 3050 2697 est
3074 2640 3135 2696 in
3167 2638 3525 2712 Proverbiis,

1872 2734 1945 2789 In
1967 2732 2343 2805 profundum
2369 2729 2954 2803 inferni’ﬂdeclarat
2975 2728 3282 2805 quosdam
3308 2744 3438 2785 esse
3467 2726 3531 2785 in

1874 2822 2108 2879 inferno
2126 2821 2399 2894 quidem,
2427 2820 2536 2876 sed
2550 2836 2675 2878 non
2703 2820 2765 2876 in
2795 2819 3098 2893 profundo
3136 2817 3373 2891 inferni,
3424 2815 3532 2892 qui

1868 2911 2156 2969 leviorem
2183 2910 2776 2984 poenamyperferant.
2800 2911 2966 2966 Nunc
2987 2914 3189 2966 autem
3211 2909 3327 2965 hoc
3347 2907 3531 2964 etiam

1875 3003 1935 3059 in
1968 3000 2237 3073 corporis
2252 2997 2484 3055 morbis
2503 2998 2819 3056 ostendere
2836 2997 3150 3055 licet.Nam
3169 2994 3530 3053 febricitanti

1875 3090 2043 3150 alteri
2117 3088 2417 3146 accedunt
2478 3093 2913 3162 symptomata,
2963 3092 3021 3143 et
3066 3085 3198 3142 alia:
3241 3083 3529 3158 quaedam

1877 3180 2147 3239 molestae
2176 3178 2554 3247 affectiones;
2583 3177 2731 3236 alter
2755 3193 2898 3235 vero
2926 3174 3226 3233 febricitat
3263 3177 3528 3232 tantum-

1878 3269 2084 3338 modo,
2117 3274 2175 3327 et
2204 3268 2302 3326 hic
2330 3284 2453 3325 non
2484 3266 2664 3324 simili
2690 3266 2896 3335 modo,
2924 3281 3048 3339 quo
3078 3263 3246 3325 alter.
3279 3265 3345 3321 Et
3373 3262 3527 3321 alius

1876 3370 2003 3420 non
2030 3360 2182 3418 febri
2206 3358 2477 3433 quidem,
2524 3356 2631 3415 sed
2660 3357 2935 3430 quodam
2964 3354 3225 3413 membri
3267 3353 3527 3427 alicujus

1876 3450 2085 3509 dolore
2114 3448 2539 3506 discruciatur:
2584 3453 2641 3505 et
2668 3446 2767 3504 hic
2811 3462 3026 3503 rursus
3073 3444 3191 3503 alio
3236 3445 3374 3518 plus
3424 3446 3531 3500 aut

1875 3542 2102 3599 minus.
2133 3542 2233 3596 lite
2264 3545 2467 3596 autem
2496 3553 2675 3594 voces
2703 3538 2911 3594 multis
2932 3541 2988 3592 et
3014 3536 3247 3607 paucis,
3276 3532 3528 3608 prolatu:

1876 3635 2016 3686 sunt
2044 3642 2290 3701 quoque
2337 3642 2374 3684 a
2412 3625 2666 3683 Domino
2707 3641 2780 3681 ex
2833 3628 3127 3681 consueto
3173 3639 3311 3691 usu,
3364 3620 3531 3677 velut

1875 3720 2057 3777 etiam
2078 3717 2201 3775 alia
2218 3715 2502 3791 quedam
2525 3714 2851 3788 ejusmodi.
2872 3717 3078 3786 Neque
3103 3711 3267 3769 enim
3287 3711 3527 3783 ignora-

1876 3826 2015 3867 mus
2043 3805 2397 3879 hujusmodi
2416 3803 2707 3877 loquendi
2729 3819 2920 3874 genus
2959 3817 3118 3876 saepe
3143 3804 3218 3857 de
3247 3799 3318 3856 iis
3343 3798 3527 3856 etiam

1874 3898 1980 3973 qui
2012 3912 2133 3954 uno
2158 3896 2360 3969 aliquo
2381 3893 2597 3952 morbo
2619 3889 3313 3964 afﬂictantur,usurpari.
3341 3886 3526 3945 veluti

1874 4005 2016 4046 cum
2045 3987 2121 4044 de
2143 3986 2347 4059 aliquo
2364 3985 2611 4042 homine
2630 3977 3525 4048 duntaxatfebricitante,autab

1873 4068 3527 4143 oculisdolentemirabundidicimus,llicquotetquanta

1875 4163 2462 4232 sustinuitmala,aut
2474 4167 2941 4236 quotetquantos
2953 4160 3188 4234 pertulit
3199 4158 3522 4216 cruciatus.

1876 4255 2286 4324 Quamobrem
2300 4253 2680 4323 illud,multis
2689 4257 2744 4308 et
2753 4251 2969 4322 paucis
2987 4248 3524 4321 vapulare,iterum

1874 4348 2031 4416 dico,
2077 4359 2470 4418 nequaquam
2518 4341 2763 4415 porrigi,
2815 4344 2922 4397 aut
2949 4337 3239 4414 compleri
3268 4353 3340 4395 ac
3367 4337 3527 4396 ﬁniri

1872 4443 2140 4509 tempus,
2173 4433 2278 4490 sed
2310 4431 2675 4505 supplicium
2706 4430 3010 4487 diversum
3041 4443 3174 4487 esse
3204 4427 3522 4501 signiﬁcat.

2162 4558 2338 4632 508
2378 4558 2890 4614 INTERROGATIO
2928 4556 3239 4614 CCLXVIII.

1875 4652 2000 4721 Quo
2026 4664 2201 4707 sensu
2222 4649 2510 4706 dicantur
2530 4646 2773 4720 quidam
2800 4647 2919 4718 ﬁlii
2946 4646 3338 4704 οοηιωηαοιά
3356 4646 3421 4718 ³⁷,
3468 4649 3524 4703 et

2527 4738 2645 4807 Ῑῑιίι
2673 4737 2861 4795 irae".

2490 4865 2901 4923 RESPONSIO.

1943 4955 2117 5015 Filios
2164 4953 2446 5027 alicujus,
2501 4952 2625 5011 sive
2666 4952 2866 5011 bonus
2912 4950 3038 5031 sive
3088 4946 3287 5008 malus
3322 4941 3519 5018 fuerit,

225 5099 279 5136 ’⁸
305 5096 511 5156 Matth.
541 5114 680 5165 xxv,
711 5103 801 5157 46.
879 5101 929 5137 ³⁸
953 5101 1127 5175 Brov.
1154 5115 1235 5173 xx,
1273 5104 1357 5158 {8.
1433 5101 1479 5137 ³⁷
1509 5100 1728 5174 Ephes.
1758 5117 1768 5135 π

1878 5112 1903 5156 ι.
1980 5100 2029 5136 ³⁸
2059 5098 2278 5173 Ephes.
2307 5113 2366 5171 ιι,
2393 5102 2446 5156 3.

231 5242 350 5315 (15‘
378 5238 769 5322 Veteresduo
787 5242 925 5301 libri
947 5243 1195 5322 έκατέρων
1217 5242 1405 5307 iam);
1434 5251 1621 5299 κεῖται.
1642 5242 1769 5322 -ᾹΙίἱ

155 5313 287 5389 duo
313 5314 876 5389 mss._etiediti__2cu;_
892 5313 1107 5389 κεῖται.ί
1134 5318 1408 5389 Utraque
1437 5331 1585 5389 _vox,
1636 5318 1767 5376 ἴσως

155 5390 222 5461 et
251 5384 412 5461 iam
424 5386 530 5461 ain
553 5386 975 5461 Vossiicodice
994 5387 1229 5461 legitur,
1246 5384 1411 5461 Haud
1435 5384 1616 5457 longe
1630 5401 1768 5461 par-

158 5457 415 5532 ticulam
444 5459 546 5532 γάρ
578 5457 785 5532 addidi
810 5473 884 5532 οξ
911 5457 1080 5532 libris
1098 5458 1396 5532 antiquis.

235 5529 350 5594 (16)
365 5526 569 5584 Codex
598 5527 765 5586 Colb.
793 5529 1054 5583 κολάσεων
1084 5526 1259 5589 dulei.

236 5599 358 5672 (17)
386 5600 551 5657 Unus
578 5615 693 5658 ms.
724 5602 973 5676 κλαυθμῷ
1000 5606 1159 5677 μόνῳ.

1946 5244 2061 5317 (18)
2080 5243 2280 5317 Codex
2303 5240 2465 5317 Cle.
2494 5235 2656 5317 63:19.6)?
2686 5245 2835 5289 τινῶν
2846 5237 3058 5317 παθῶν.

1946 5307 2060 5395 ς19)
2092 5314 2325 5395 veteres
2345 5313 2467 5395 duo
2501 5309 2637 5367 libri
2668 5325 2805 5395 curn
2846 5307 3156 5395 Νξοξξηὺπὸ
3187 5313 3277 5361 τοῦ
3302 5311 3517 5381 Κυρίου.

1875 5383 2199 5456 Aliquanto
2229 5388 2368 5457 post
2395 5383 2518 5437 duo
2550 5396 2695 5457 mss.
2735 5387 2836 5431 τῶν
2866 5383 2939 5452 ἐφ’
2972 5383 3092 5441 ἑνός.

2094 5450 2250 5511 Εείἰιῖ
2280 5453 2440 5505 Ὠστε
2494 5451 2705 5512 πολλάς.
2766 5457 2837 5506 At
2885 5450 3033 5506 mss.
3094 5455 3211 5507 tres
3266 5450 3426 5504 Ὠστε
3463 5455 3521 5504 τὸ

1874 5526 2238 5671 ποῖέἶῗῐίθε.
2272 5593 2581 5653 secundus
2611 5598 2667 5653 et
2692 5594 2832 5653 editi
2858 5599 3011 5650 τέκνα
3037 5598 3129 5649 καὶ
3156 5597 3304 5658 υἱοὺς
3357 5614 3520 5659 τινας.
