4086 6186
217 275 358 329 1269

786 404 1100 451 ΕΡΩΤΗΣΙΣ
1128 397 1241 450 ΣΟ’.

209 492 278 539 τί
308 485 468 554 ἐστιν,
519 508 548 537 ιι
586 487 971 562 ’Δπορούμενοι,
1016 486 1120 539 ἀλλ’
1161 487 1256 539 οὐκ
1293 486 1692 562 ἐξαπορούμενοι
1733 504 1747 554 ;
1780 510 1812 538 ››

823 652 1201 701 ΑΠΟΚΡΙΣΙΣ.

282 740 390 794 Τὴν
447 735 798 810 πληροφορίαν
853 744 946 797 τῆς
1004 735 1188 788 ἑαυτοῦ
1235 736 1306 798 εἰς
1372 739 1498 790 Θεὸν
1563 737 1813 794 πεποιθή-

209 843 346 886 σεως
390 822 443 886 ἐξ
482 823 935 898 ἀντιπαραθέσεως
977 831 1068 875 τοῦ
1117 823 1436 899 ἀνθρωπίνου
1485 830 1812 898 φρονήματος

207 907 422 974 δεικνὺς
470 915 496 964 ό
552 911 891 978 Ἀπόστολος,
956 913 1172 965 ἕκαστον
1243 922 1340 964 τῶν
1404 911 1452 964 ἐν
1507 923 1579 984 τῷ
1636 917 1809 985 τόπῳ-

200 1005 375 1072 τοῦτῳ
413 1007 656 1075 κειμένων
704 1002 839 1054 οὕτω
886 1003 1118 1060 τίθησιν.
1162 1001 1244 1063 Ὠς
1289 1005 1378 1075 μεν
1425 1005 1525 1075 γὰρ
1578 1006 1710 1077 πρὸς
1750 1005 1810 1054 τὸ

201 1093 530 1164 ἀνθρώπινον
609 1096 868 1166 φρόνημα,
937 1091 1019 1143 Ἐν
1097 1097 1251 1143 παντὶ
1319 1090 1626 1162 θλιϐόμενοι,
1706 1111 1810 1163 φη-

204 1184 316 1231 σίν⁸
372 1181 438 1240 ὡς
486 1175 544 1233 δὲ
600 1183 729 1255 πρὸς
783 1184 875 1238 τὴν
924 1177 1006 1232 ἰπὶ
1056 1184 1184 1233 Θεὸν
1232 1182 1546 1238 πεποίθησιν
1587 1180 1810 1253 ἐπιφέρει

201 1273 264 1320 τὸ
336 1271 488 1340 (27),
567 1267 698 1321 Ἀλλ’
767 1258 824 1322 οῦ
897 1271 1410 1344 στενοχωρούμενοισ
1484 1271 1656 1336 πάλιν,
1742 1273 1811 1330 ὡς

201 1361 300 1430 μὲν
366 1363 498 1434 πρὸς
564 1362 622 1412 τὸ
689 1357 1008 1431 ἀνθρώπινον
1077 1365 1337 1432 φρόνημα,
1409 1360 1805 1432 Ἀποροῦμενοι·

202 1449 273 1507 ὡς
336 1443 394 1500 δε
441 1450 571 1520 πρὸς
621 1452 715 1506 τὴν
765 1446 849 1499 ἐπὶ
898 1451 1026 1501 Θεὸν
1073 1450 1406 1513 πεποίθησιν,
1442 1452 1525 1512 τὸ,
1567 1447 1676 1500 Οὐκ
1725 1447 1808 1510 ἐξ-

203 1539 574 1609 απορούμενοι·
617 1541 708 1587 καὶ
755 1539 821 1587 τὰ
866 1535 1023 1587 λοιπὰ
1065 1537 1271 1597 ὁμοίως.
1320 1536 1419 1588 Οἷά
1459 1535 1571 1588 ἔστι
1599 1536 1810 1589 κάκεῖνα

203 1627 272 1677 τὰ
342 1622 575 1697 ἀλλαχοῦ
641 1623 782 1696 αὐτῷ
863 1625 1106 1699 εἰρημένα
1145 1640 1157 1654 ⁸
1227 1625 1309 1686 Ὠς
1377 1624 1806 1694 ἀποθνήσκοντες,

1365 277 1658 332 ΗΕΟΙΠΑΕ
1697 274 1995 330 BBEVIUS
2031 276 2434 332 TRACTATA'I.

1843 403 1892 453 Α

3437 284 3574 338 1270

2245 397 2420 468 509
2468 368 2976 453 Inreaaoomo
3017 399 3252 454 CCLXX.

1923 484 2080 552 Quid
2102 484 2216 538 sibi
2242 489 2372 540 vult
2394 486 2551 540 illud
2574 503 2586 540 :
2619 507 2647 534 «
2697 486 2768 539 In
2793 487 3076 556 maximis
3103 485 3573 556 difﬁcultatibus

2153 570 2486 624 versamur,
2518 556 2620 612 sed
2649 572 2771 611 non
2801 555 3277 613 succumbimus?
3307 579 3336 609 »

2540 644 2949 701 RESPONSIO.

1992 733 2138 788 Cum
2167 732 2486 804 Apostolus
2516 732 2912 788 certissimam
2937 747 3111 788 suam
3132 731 3572 804 plenissimam-

1918 837 2038 894 que
2067 821 2126 876 in
2155 823 2346 877 Deum
2375 821 2664 878 ﬁduciam
2697 838 2768 878 ex
2799 822 3067 878 humana
3107 823 3402 894 sapientia
3430 825 3572 882 huic

1919 912 2175 969 adversa
2206 913 2486 976 ostendit,
2519 913 2757 982 singula
2785 929 2923 984 qum
2953 913 3069 970 hoc
3087 913 3221 970 loco
3247 915 3570 983 habentur,

1920 1001 2008 1056 sic
2027 999 2287 1056 ordinat.
2316 1002 2612 1065 Quantum
2637 1000 2881 1072 quidem
2904 1001 3108 1056 attinet
3132 1001 3208 1057 ad
3236 1003 3568 1064 humanam

1919 1089 2277 1162 sapientiam
2313 1107 2326 1142 :
2358 1091 2418 1144 In
2449 1088 2742 1157 omnibus,
2763 1089 2979 1161 inquit,
3001 1091 3447 1150 tribulationem
3464 1109 3572 1164 pa-

1919 1179 2106 1234 timur
2132 1195 2145 1232 :
2177 1182 2474 1249 quantum
2508 1193 2648 1233 vero
2679 1177 2760 1234 ad
2781 1177 3066 1233 ﬁduciam
3094 1178 3154 1234 in
3184 1180 3394 1247 Deum,
3421 1181 3568 1238 sub-

1913 1266 2114 1338 jungit
2136 1267 2430 1337 illud,Sed
2449 1283 2569 1322 non
2589 1268 3012 1336 angustiamur
3028 1268 3097 1321 ³ο.
3123 1271 3569 1342 Rursus,quan-

1917 1362 2048 1410 tum
2077 1357 2285 1410 attinet
2310 1356 2387 1410 ad
2417 1355 2778 1427 sapientiam
2807 1355 3243 1423 humanam,ln
3290 1361 3570 1417 maximis

1917 1444 2393 1513 difﬁcultatibus
2426 1460 2775 1502 versamur:
2809 1451 3102 1517 quantum
3134 1462 3280 1503 vero
3303 1449 3382 1504 ad
3410 1448 3574 1505 ﬁdu-

1919 1532 2072 1588 ciam
2102 1533 2161 1588 in
2195 1536 2404 1599 Deum,
2435 1534 2572 1590 Non
2620 1534 3078 1590 succumbimus.
3137 1537 3206 1590 Et
3231 1536 3468 1610 reliqua
3497 1537 3572 1593 si-

1920 1621 2157 1678 militer.
2191 1621 2549 1693 Cujusmodi
2576 1627 2718 1678 sunt
2764 1639 2836 1678 ea
2887 1639 3024 1696 qua:
3048 1623 3293 1680 fuerunt
3322 1625 3465 1682 alibi
3491 1625 3570 1682 ab

202 1717 297 1765 καί
372 1707 490 1765 ἰδοὺ
546 1714 730 1786 ζῶμεν·
819 1716 885 1776 ὡς
944 1717 1170 1785 πτωχοὶ,
1228 1712 1446 1776 πολλοὺς
1521 1712 1580 1768 δὲ
1644 1715 1806 1768 πλου-

1943 1727 2054 1783 pso
2080 1711 2242 1766 dicta
2268 1729 2281 1766 ε
2317 1712 2501 1778 Quasi
2527 1714 2927 1782 morientes,et
2953 1728 3084 1770 ecce
3107 1715 3359 1771 vivimus
3383 1732 3396 1770 :
3416 1717 3572 1772 sicut

199 1801 436 1864 τίζοντες
469 1819 481 1830 ⁸
571 1803 636 1864 ὡς
723 1795 890 1875 μηδὲν
964 1805 1203 1874 ἔχοντες,
1281 1806 1370 1856 καὶ
1435 1807 1604 1856 πάντα
1675 1825 1808 1858 κατ-

202 1894 439 1962 ἔχοντες.

755 1987 1069 2034 ΕΡΩΤΗΣΙΣ
1109 1981 1268 2039 ΣΟΑᾌ

201 2075 317 2142 Τοῦ
357 2074 549 2142 Κυρίου
597 2068 928 2142 λίγοντοςῗηιι
983 2069 1122 2128 me»
1180 2073 1244 2122 τὰ
1301 2069 1471 2123 ἐνόντα
1524 2074 1635 2142 (28)
1690 2069 1809 2124 δότε

279 2137 667 2217 ἕλεημόσύνηνί
701 2145 790 2192 καὶ
823 2138 942 2193 ἰδοὺ
980 2144 1150 2193 πάντα
1188 2143 1392 2217 καθαρά
1423 2143 1544 2217 ὑμῖν
1587 2141 1746 2195 ἔστιν⁹
1781 2163 1810 2193 n

281 2211 330 2287 εί
366 2211 592 2287 πάντων.
645 2213 744 2264 ὅσα
791 2215 992 2287 ἦμαρτί
1046 2231 1147 2279 τις,
1204 2212 1296 2266 διὰ
1324 2211 1428 2275 ’τῆς
1455 2211 1809 2286 ’ἐλεημοσύνης

279 2286 370 2334 τὸν
410 2285 739 2355 καθαρισμὸν
779 2285 1032 2356 εὑρίσκει.

782 2377 1164 2426 ΑΠΟΚΡΙΣΙΣ.

280 2459 425 2518 Αὐτὴ
500 2460 530 2519 ἠ
621 2458 903 2514 ἀκολουθία
961 2469 1061 2513 τῶν
1125 2465 1470 2534 προκειμένων
1539 2462 1813 2533 σαφηνίζει

203 2569 264 2602 το
322 2549 584 2621 εἰρημνον
645 2587 660 2606 .
714 2555 979 2624 Προειπὼν
1033 2553 1160 2625 γὰρ,
1226 2552 1307 2602 ὅτι
1374 2552 1692 2624 Καθαρίζετε
1754 2555 1812 2603 τὸ

204 2637 397 2700 ἔξωθεν
474 2645 566 2690 τοῦ
640 2644 895 2714 ποτηρίου
981 2645 1072 2690 καὶ
1153 2647 1247 2701 τῆς
1329 2637 1666 2713 παροψίδος,
1752 2644 1812 2692 τό

202 2721 268 2779 δε
335 2727 525 2779 ἔσωθεν
598 2727 740 2799 ὑμῶν
813 2731 960 2799 γέμει
1025 2726 1269 2801 ἁρπαγῆς
1325 2730 1435 2799 (29)
1498 2734 1588 2779 καὶ
1639 2748 1806 2786 πονη-

201 2819 346 2890 ρίας,
434 2815 597 2878 οὕτως
685 2815 936 2887 ἐπήγαγε·
1033 2814 1173 2875 Πλὴν
1257 2818 1323 2868 τά
1405 2817 1598 2883 ἐνόντα,
1692 2814 1814 2870 δότε

202 2903 602 2976 ἐλεημοσύνην,
710 2910 799 2957 καὶ
897 2901 1016 2957 ἰδοὺ
1116 2907 1288 2957 πάντα
1385 2907 1594 2979 καθαρὰ
1692 2906 1813 2979 ὑμῖν

201 2991 327 3044 ἐστι
369 2996 504 3062 (3Ο)’
561 2995 732 3046 πάντα
789 3000 954 3045 ταῦτα
1000 2990 1242 3051 δηλονότι
1289 2996 1388 3046 ὅσα
1431 2994 1478 3046 ἐν
1516 3003 1590 3063 τῷ
1651 2996 1815 3069 ἁρπά·

1920 1805 2174 1870 egentes,
2198 1801 2418 1856 multos
2463 1806 2666 1857 autem
2722 1803 3157 1871 locupletantes
3209 1819 3224 1857 :

1917 1889 2076 1944 nihil
2108 1889 2408 1956 habentes,
2451 1896 2506 1946 et
2535 1892 2736 1946 omnia
2759 1891 3125 1959 possidentes
3152 1892 3221 1948 ⁴⁰.

2331 1979 2846 2035 INTERROGATIO
2889 1981 3149 2036 CCLXXI.

1921 2067 2069 2139 Cum
2092 2067 2380 2139 Dominus
2397 2066 2593 2121 dicat:
2618 2088 2646 2114 «
2672 2065 3092 2123 Verumtamen
3111 2068 3271 2139 quod
3283 2076 3573 2139 superest,

1993 2137 2136 2193 date
2155 2137 2587 2207 eleemosynam
2621 2153 2636 2192 :
2673 2143 2727 2193 et
2773 2152 2906 2193 ecce
2946 2137 3148 2195 omnia
3180 2137 3409 2196 munda
3437 2146 3576 2196 sunt

1991 2209 2154 2264 vobis
2192 2209 2236 2283 ξι
2260 2225 2295 2283 _:
2339 2232 2365 2256 υ
2407 2207 2686 2283 nunquid
2737 2215 2986 2283 peccata
3017 2211 3238 2281 omnia,
3273 2226 3405 2281 qua
3443 2214 3576 2283 quis

1998 2279 2312 2346 commisit,
2337 2281 2718 2336 mandantur
2734 2295 2842 2348 per
2866 2279 3318 2351 elemosynam.

2542 2371 2955 2426 RESPONSIO.

1995 2456 2186 2514 Series
2215 2457 2352 2529 ipsa
2380 2472 2592 2512 eorum
2619 2473 2758 2529 quae
2792 2455 3161 2529 praecedunt,
3199 2459 3581 2529 propositam

1920 2547 2321 2619 quastionem
2351 2546 2656 2618 explanat.
2687 2549 2858 2611 Nam,
2893 2563 3034 2602 cum
3063 2553 3245 2602 antea
3278 2546 3530 2604 dixisset
3561 2567 3575 2604 :

1920 2635 2231 2690 Mundatis
2253 2636 2409 2707 quod
2430 2635 2664 2704 deforis
2677 2642 2759 2690 est
2780 2636 2988 2692 calicis
3000 2641 3054 2692 et
3074 2638 3288 2692 catini:
3305 2637 3466 2708 quod
3475 2652 3582 2693 au-

1923 2727 2038 2780 tem
2058 2724 2220 2779 intus
2233 2731 2318 2780 est
2342 2730 2624 2790 vestrum,
2645 2725 2893 2792 plenum
2917 2732 3000 2780 est
3041 2727 3262 2794 rapina
3289 2733 3343 2781 et
3363 2727 3583 2797 iniqui-

1925 2815 2107 2870 tate“
2140 2819 2305 2869 :tum
2334 2813 2585 2869 demum
2633 2813 2870 2869 addidit
2924 2813 3071 2870 illud
3105 2833 3118 2869 :
3164 2816 3583 2874 Verumtamen

1925 2903 2084 2973 quod
2106 2908 2397 2971 superest,
2443 2902 2586 2958 date
2619 2904 3092 2972 eleemosynam:
3127 2910 3179 2960 et
3219 2920 3353 2962 ecce
3379 2907 3583 2963 omnia

1922 2992 2154 3048 munda
2180 2998 2320 3046 sunt
2345 2991 2504 3047 vobis
2528 3009 2542 3046 :
2567 2991 2773 3047 omnia
2802 2992 2934 3047 haec
2963 2992 3260 3058 videlicet,
3293 3010 3583 3065 quaecun-

3279 1811 3568 1876 tanquam

203 3081 320 3140 ζειν
387 3087 478 3132 καὶ
550 3080 864 3134 πλεονεκτεῖν
933 3081 1313 3156 ἁμαρτάνομεν,
1381 3089 1471 3136 καὶ
1535 3090 1811 3157 πονηρευό-

1935 3096 2042 3152 que
2068 3095 2175 3152 per
2192 3080 2474 3151 rapinam
2503 3086 2560 3136 et
2589 3081 2899 3136 avaritiam
2930 3088 3344 3152 poccamus,et
3372 3083 3582 3153 nequi-

201 3170 366 3240 μεθα.
393 3174 696 3243 Παρίστησι
727 3165 785 3222 δι
814 3177 966 3222 τοῦτο
989 3176 1079 3222 καὶ
1108 3173 1133 3222 ό
1164 3178 1430 3242 Ζακχαῖος
1461 3172 1637 3229 εἰπών.
1673 3170 1812 3226 Ἰδοὺ

200 3260 276 3308 τὰ
342 3259 511 3328 ἡμίση
570 3267 671 3309 τῶν
710 3260 1056 3332 ὑπαρχόντων
1115 3260 1228 3331 (31)
1285 3280 1385 3332 μου
1444 3256 1642 3332 δίδωμι
1704 3270 1812 3323 τοῖς

201 3351 472 3416 πτωχοῖς·
549 3352 639 3398 καὶ
706 3350 749 3398 εἶ
811 3352 948 3408 τινός
1021 3367 1075 3399 τι
1140 3347 1557 3419 ἐσυκοφάντησα,
1627 3347 1813 3402 ἀποδί-

203 3431 357 3505 δωμι
410 3434 746 3507 τετραπλοῦν.
782 3434 944 3489 Ὠστε
982 3438 1084 3489 ὅσα
1132 3439 1353 3489 τοιαῦτά
1399 3437 1538 3489 ἐστιν
1567 3437 1810 3511 ἁμαρτή-

195 3540 371 3594 ματα,
412 3521 542 3595 ἅπερ
594 3518 814 3575 δύνατόν
864 3522 1141 3594 ἀναλῦσαι,
1201 3532 1291 3578 καὶ
1357 3526 1482 3599 ὑπὲρ
1540 3526 1608 3576 ὧν
1673 3529 1810 3578 εστιν

201 3606 516 3662 ἀντιδοῦναι
567 3609 939 3679 πολυπλάσεον,
995 3614 1162 3684 τούτῳ
1233 3622 1302 3684 τῷ
1357 3619 1533 3686 τρόπῳ
1597 3615 1810 3688 καθαρί-

203 3695 418 3760 ζεσθιιιι⁹
466 3701 555 3750 καὶ
592 3702 781 3770 τούτῳ,
831 3705 986 3772 φημὶ,
1037 3707 1109 3770 τῷ
1148 3704 1342 3775 τρόπῳ,
1384 3701 1478 3753 οὐκ
1511 3701 1652 3772 αὐτῷ
1692 3703 1808 3754 καθ’

199 3786 391 3839 ἑαυτὸν
445 3783 686 3861 ἆρκοῦντι
754 3789 885 3862 πρὸς
935 3791 1029 3846 τὴν
1082 3789 1362 3862 κάθαρσιν,
1427 3793 1688 3862 χρῄζοντι
1751 3787 1809 3843 δί

196 3878 611 3950 προηγουμένως
661 3882 753 3927 τοῦ
798 3875 963 3938 ῑλίους
1011 3883 1102 3928 τοῦ
1153 3883 1307 3946 Θεοῦ,
1349 3881 1438 3930 καὶ
1467 3887 1558 3930 τοῦ
1589 3879 1808 3951 αἵματος

197 3973 298 4016 τοῦ
347 3970 603 4037 Χριστοῦ·
663 3961 712 4016 ἔν
760 3961 800 4036 ᾧ
846 3970 936 4016 καὶ
974 3971 1072 4016 τῶν
1107 3965 1270 4017 ἄλλων
1328 3964 1566 4018 ἁπάντων
1619 3970 1806 4040 ἔχομεν

195 4059 298 4111 τήν
354 4051 735 4127 ἀπολύτρωσιν,
782 4062 1043 4115 ποιοῦντες
1083 4053 1156 4126 ἐφ’
1211 4054 1414 4128 ἑκάστῳ
1459 4060 1574 4117 τοὺς
1630 4053 1807 4120 ἀξίους

195 4146 439 4215 καρποὺς
479 4150 538 4201 τῆ
553 4162 572 4203 ς
611 4147 906 4215 μετανοίας.

775 4235 1087 4285 ΕΡΩΤΗΣῘΣ
1118 4231 1269 4287 ΣΟΒ’.

198 4314 420 4397 Ἐπειξὴ
492 4321 810 4397 πρόσταγμά
858 4319 1005 4397 ἡέστι
1078 4328 1168 4373 τοῦ
1260 4327 1452 4397 Κυρίου
1519 4327 1588 4394 μὴ
1663 4342 1804 4397 μερι-

271 4395 406 4460 μνᾷν
471 4395 590 4462 περὶ
655 4397 746 4451 τῆς
811 4395 1205 4467 αὔριον,.πῶς
1271 4394 1428 4462 ὑγιῶς
1506 4398 1563 4445 τό
1630 4394 1802 4467 πρόσ-

270 4446 474 4545 ξαᾷμα¹
509 4446 763 4533 νοήσομεν
823 4464 840 4532 (
869 4446 939 4545 :2)
987 4446 1028 4532 ,ί
1064 4446 1325 4536 Ὀρῶμεν’
1355 4468 1480 4538 γὰρ,
1539 4467 1618 4516 ὅτι
1670 4447 1802 4518 ⁸πολ·
1833 4446 1878 4499 D

272 4529 388 4609 ‘5an
449 4533 637 4609 ἔχομεν
673 4529 682 4533 ’
721 4529 994 4609 ouandi»;
1045 4529 1143 4584 τῶν
1201 4529 1373 4609 ’πρὸς
1427 4529 1532 4593 ’τὴν
1613 4543 1802 4609 χρείαν

271 4601 477 4668 ἕνεκεν,
518 4601 661 4679 ’ὥστε
727 4601 1057 4679 παραθέσθαι
1118 4610 1206 4656 καὶ
1255 4601 1336 4657 ’τὰ
1401 4610 1530 4679 πρὸς
1593 4601 1803 4661 πλείονα

270 4691 468 4746 χρονον
507 4671 727 4746 ἀρκέσαι
757 4671 1038 4748 δυνάμενα.

825 4767 1195 4820 ᾹΗΟΚΡῘΣΙΣ.

266 4849 330 4903 '0
390 4847 806 4926 καταδεξάμενος
870 4859 958 4913 τήν
1024 4861 1115 4906 τοῦ
1164 4859 1360 4929 Κυρίου
1420 4849 1792 4927 διδασκαλίαν,

270 4956 322 5032 ξ’
349 4957 396 5014 ll
444 4960 578 5014 Cor.
609 4973 686 5031 Iv,
719 4963 772 5017 8.
850 4960 899 4996 ⁸ο
929 4962 974 5032 ll
1005 4962 1137 5017 Cor.
1178 4975 1257 5031 vr,
1300 4964 1354 5032 9,
1390 4964 1477 5019 to.
1556 4965 1600 4999 ιι
1649 4965 1784 5021 Luc.
1822 4980 1906 5032 xl,
1943 4967 2033 5020 41.

195 5030 245 5063 ⁸⁵
281 5029 429 5086 Luc.
458 5042 539 5102 ul,
580 5034 636 5087 8.
669 5029 677 5031 “
713 5034 761 5068 ⁵⁸
783 5031 986 5089 Matth.
1015 5047 1095 5098 vi,
1124 5035 1212 5089 34.

271 5133 392 5206 (27)
424 5131 625 5194 VOSSii
673 5141 847 5198 vetus
890 5136 1042 5196 liber
1083 5141 1142 5195 et
1177 5137 1279 5195 alii
1326 5135 1452 5194 duo
1489 5139 1802 5198 πεποίθησιν

196 5205 448 5281 ἐπιφέρει.
483 5209 606 5265 Vox
635 5207 844 5266 ultima
870 5209 1045 5266 abest
1067 5226 1105 5267 a
1132 5207 1408 5279 vulgatis.

268 5280 551 5362 (ﬂi‘ﬂeg.
579 5282 816 5362 primus
834 5285 899 5334 τὰ
927 5283 1104 5336 ἐνόντα
1133 5283 1322 5336 πάντα.
1349 5282 1479 5336 Mox
1499 5280 1658 5337 idem
1685 5299 1798 5338 ms.

197 5364 344 5424 cum
373 5350 552 5424 Colb._
568 5350 690 5424 ὑμῖν
711 5355 878 5424 ἔσται.

271 5420 389 5504 (2_9)
420 5420 663 5504 Antiqui
688 5421 819 5504 duo,
842 5423 1216 5504 libri-praeter
1246 5424 1416 5504 Voss.
1450 5421 1506 5486 ἐξ
1535 5423 1744 5504 ἁρπῃῆ
1757 5443 1796 5484 ς.

199 5491 597 5567 Postgocem'
610 5493 849 5567 ἁρπαγῆς
868 5495 952 5567 ita
969 5491 1028 5552 in
1056 5495 1230 5552 editis
1246 5493 1485 5564 legitur,
1508 5491 1596 5546 κάλ
1623 5491 1798 5547 661w-

199 5563 308 5618 sed
340 5561 512 5631 illud,
542 5561 840 5635 καῖ’δόλου,
870 5565 931 5623 in
959 5567 1179 5624 nostris
1205 5561 1468 5640 quatuor
1498 5582 1646 5622 mss.
1680 5581 1803 5622 non

1922 3175 2010 3226 ter
2039 3169 2304 3238 agimus.
2337 3167 2452 3223 Sed
2477 3173 2534 3222 et
2551 3169 2871 3224 Zacchtnus
2890 3169 3007 3224 hoc
3038 3168 3427 3236 declaramus
3449 3185 3578 3224 ver-

1919 3258 2209 3314 biszEcce
2237 3257 2553 3313 dimidium
2587 3257 2876 3312 bonorum
2898 3272 3163 3313 meorum
3196 3259 3272 3313 do
3289 3259 3580 3328 pauperi-

1923 3349 2028 3404 bus
2052 3365 2065 3404 :
2089 3353 2144 3404 et
2170 3349 2223 3402 si
2241 3347 2387 3419 quid
2408 3348 2670 3416 aliquem
2693 3345 3268 3415 defraudavi,reddo
3307 3349 3578 3420 quadru-

1912 3438 2086 3506 plum
2111 3437 2180 3491 ’³.
2201 3435 2407 3508 Itaque
2422 3450 2802 3508 quaecunque
2824 3435 3276 3506 suntejusmodi
3308 3441 3577 3510 peccata,

1919 3531 1985 3582 ut
2012 3526 2232 3582 resolvi
2265 3526 2585 3598 possint,et
2611 3539 2723 3597 pro
2753 3524 2976 3596 quibus
3005 3523 3180 3582 liceat
3199 3526 3376 3598 longe
3403 3527 3581 3600 plura

1916 3613 2269 3686 rependere,
2301 3615 2416 3669 hoc
2447 3612 2632 3668 modo
2661 3619 3074 3685 expurgantur
3105 3632 3120 3670 :
3147 3615 3283 3680 hoc,
3299 3616 3576 3688 inquam,

1920 3702 2140 3758 modo:
2165 3701 2670 3775 quandoquidem
2693 3702 2826 3773 ipse
2848 3717 2954 3773 per
2975 3702 3248 3774 seipsum
3271 3701 3434 3759 haud
3460 3703 3579 3758 suf-

1915 3789 2038 3847 ﬁcit
2065 3791 2142 3847 ad
2175 3792 2620 3862 purgationem,
2652 3791 2758 3846 sed
2793 3791 3059 3863 primum
3085 3791 3314 3862 indiget
3341 3792 3576 3848 miseri-

1916 3879 2122 3936 cordia
2156 3880 2256 3936 Dei
2281 3889 2338 3937 et
2368 3881 2665 3952 sanguine
2697 3880 2913 3936 Christi
2941 3899 2953 3935 :
2989 3882 3049 3936 in
3081 3897 3204 3954 quo
3234 3881 3413 3937 etiam
3438 3881 3574 3937 reli-

1914 3985 2177 4040 quorum
2235 3969 2508 4025 omnium
2568 3969 2867 4025 habemus
2920 3969 3492 4042 redemptionem“,
3525 3969 3575 4025 si

1913 4055 2232 4112 fecerimus
2289 4057 2369 4113 ob
2413 4057 2652 4128 singula
2707 4056 2938 4112 fructus
3003 4057 3224 4127 dignos
3275 4057 3570 4131 paeniten-

1911 4143 2007 4204 tiae
2030 4147 2098 4202 ⁸³.

2200 4233 2376 4307 510
2419 4235 2933 4293 INTERROGATIO
2996 4234 3284 4292 CCLXXII.

1913 4325 2061 4381 Cum
2083 4330 2449 4393 praeceptum
2473 4325 2711 4378 Domim
2735 4325 2904 4386 sit,ul
2931 4339 3004 4380 ne
3023 4325 3274 4380 solliciti
3296 4325 3479 4380 simus
3501 4325 3574 4382 de

1981 4395 2336 4451 crastino“:
2359 4395 2649 4465 quomodo
2669 4411 2870 4450 sumus
2893 4395 3002 4450 hoc
3041 4397 3389 4451 mandatum
3415 4404 3574 4453 recte

1982 4467 2380 4522 intellecturi?
2406 4465 2676 4520 Videmus
2707 4470 2864 4521 enim
2887 4482 2994 4521 nos
3021 4469 3102 4522 ad
3130 4469 3443 4536 parandas
3476 4484 3570 4524 res

1982 4539 2345 4594 necessarias
2376 4538 2632 4591 multum
2661 4538 2849 4592 studii
2895 4544 3260 4605 convertere,
3292 4547 3379 4594 ita
3409 4546 3471 4594 ut
3501 4554 3571 4595 ea

1978 4609 2157 4665 etiam
2184 4624 2315 4679 qua
2344 4611 2594 4676 possunt
2615 4605 2695 4663 ad
2726 4611 2965 4678 longius
2999 4617 3228 4679 tempus
3267 4613 3567 4680 sufﬁcere,

1978 4681 2411 4735 recondantur.

1977 4685 2411 4736 recondantur.

2533 4765 2935 4825 RESPONSIO.

1978 4855 2260 4930 Quisquis
2285 4854 2551 4930 suscepit
2572 4852 2915 4913 doctrinam
2947 4853 3208 4926 Domini,
3231 4855 3336 4929 qui
3366 4855 3518 4911 dixit
3548 4871 3566 4910 :

2113 4965 2158 4998 ⁴²
2189 4962 2338 5020 ibid.
2369 4967 2458 5020 39.
2535 4964 2583 4997 ‘3
2624 4964 2762 5018 Luc.
2803 4978 2926 5032 xix,
2968 4966 3019 5018 8.
3100 4964 3144 4996 “
3177 4962 3389 5034 Ephes.
3433 4979 3468 5031 ι,
3508 4965 3561 5016 7.

2007 5216 2098 5270 30)
2126 5214 2352 5267 Rursus
2380 5205 2501 5264 duo
2530 5207 2612 5263 illi
2636 5221 2793 5279 quos
2819 5204 2940 5280 dixi
2974 5204 3211 5280 codices
3238 5207 3359 5280 ὑμῖν
3390 5212 3560 5280 ἔσται,

1910 5279 2073 5358 vobis
2102 5279 2628 5358 erunt.A_liquant_o
2659 5282 2794 5358 post
2815 5279 3006 5358 codex
3035 5279 3292 5358 Colb.__r&
3319 5279 3559 5358 ἡμίσεια,

1980 5357 2036 5420 (3
2051 5358 2094 5423 ί)
2119 5349 2516 5423 Antiquid'uo
2542 5349 2678 5404 libri
2709 5350 3053 5423 ὑτῖςκρχὸντων
3073 5349 3366 5423 μοι-,Πειοά
3380 5352 3561 5423 longe

1908 5419 2132 5479 vocula
2157 5442 2210 5474 τι
2259 5419 2467 5476 addita
2487 5427 2576 5476 est
2604 5435 2678 5475 ex
2709 5419 2896 5476 tribus
2925 5419 3259 5478 codicibus.
3293 5423 3481 5481 Subin

1909 5493 2034 5550 duo
2061 5509 2206 5548 mss.
2239 5487 2459 5544 δυνατόν
2485 5489 2644 5548 ἔστιν.

1981 5568 2097 5637 (32)
2127 5563 2379 5622 (Ξοῶοοι
2403 5567 2520 5620 tres
2541 5569 2629 5622 νοή
2640 5581 2830 5636 σωμεν.

1909 5157 1974 5199 re
2021 5137 2225 5197 eritur.

1977 5156 2098 5338 ζθρι
2126 5214 2225 5267 Rm

1910 5298 1981 5338 vo
2024 5299 2073 5338 is
2102 5298 2225 5338 erm
