4028 6462
123 5538 162 5613 3

122 5644 154 5699 ἓ

151 5876 185 5940 t'

141 5944 173 6019 ἒ

125 6174 161 6280 Ξ

130 6287 158 6322 ο

3380 326 3415 333 vb-

1107 322 2349 366 Μ

193 348 3488 645 sm.

611 854 1150 933 EPISTOLA
1227 850 1981 926 DEDICATOBIA
2052 852 2477 927 BIVARII
2552 856 3080 936 EDITORIS.

1082 740 2660 785 ψ

200 1077 574 1141 lllnstrissiato
594 1097 659 1138 ac
688 1079 1131 1139 Rerercndissimo
1158 1077 1382 1136 Domino
1405 1074 1474 1134 D.
1508 1077 1737 1134 Gabrieli
1756 1079 1819 1133 de
1846 1075 1998 1132 Troia
2027 1076 2089 1135 S.
2119 1076 2187 1133 Π.
2222 1073 2290 1135 Ε.
2318 1075 2586 1135 ϐεινάὶηαίἰ
2609 1082 2931 1152 amplissimo
2961 1082 3057 1139 Fr.
3094 1082 3401 1141 Fl‘l'tllt‘lSCil.)
3434 1089 3499 1145 tte

1279 1169 1439 1227 Biuar
1459 1168 1524 1228 S.
1551 1169 1809 1226 Bernardi
1839 1166 2165 1225 Procurator
2190 1168 2255 1226 S.
2283 1178 2330 1223 ct
2353 1167 2417 1223 1".

287 1289 502 1364 Magnis
528 1307 719 1364 magna
745 1287 997 1347 donanda
1018 1304 1127 1345 esse
1149 1301 1396 1357 munera,
1427 1299 1555 1357 quos
1583 1284 1827 1340 nimirum
1858 1284 2060 1339 minora
2089 1300 2190 1339 non
2220 1285 2461 1353 deceant,
2489 1287 2631 1359 apud
2661 1304 2837 1343 onmes
2863 1291 2917 1343 in
2942 1299 3206 1361 comperto
3235 1301 3307 1347 est
3332 1310 3350 1347 :
3375 1308 3494 1347 nam

198 1401 303 1459 quo
332 1387 509 1460 ntajor
535 1386 651 1457 quis
675 1395 785 1454 est,
810 1385 866 1441 in
891 1380 1218 1443 aminentiori
1256 1381 1370 1437 loco
1408 1379 1610 1451 positus
1648 1377 1716 1433 de
1750 1379 1977 1433 minimis
2018 1378 2189 1434 minus
2214 1389 2383 1434 curat.
2424 1379 2530 1435 Ceu
2571 1383 2660 1452 qui
2691 1382 2742 1436 in
2783 1390 2975 1438 terram
3009 1384 3075 1439 ab
3109 1386 3218 1440 alta
3246 1387 3495 1459 prospicit

202 1488 346 1536 turre
365 1524 383 1548 ,
407 1478 668 1550 inferiora
704 1477 957 1549 despiciat
990 1490 1252 1534 necessum
1279 1483 1354 1530 est
1385 1488 1405 1528 :
1433 1481 1608 1546 utpote
1624 1486 1743 1544 qua:
1770 1470 2060 1527 discernere
2088 1487 2216 1543 pene
2253 1482 2489 1545 nequeat.
2526 1473 2639 1528 Tibi
2663 1491 2783 1546 ergo
2801 1518 2815 1543 ,
2845 1477 3173 1547 Amplissime
3200 1479 3454 1553 Princeps
3475 1522 3491 1548 ,

203 1573 299 1645 qui
330 1574 404 1629 ad
439 1575 699 1631 excelsum
727 1574 844 1630 ccli
878 1571 1147 1629 cardinem
1183 1570 1360 1636 sedes,
1397 1568 1563 1624 altera
1597 1582 1664 1623 ea:
1706 1566 2002 1622 matricibus
2042 1565 2395 1640 intelligentiis
2430 1571 2594 1639 facto,
2637 1585 2857 1637 quarum
2899 1579 3026 1624 nutu
3063 1574 3328 1627 universus
3359 1574 3498 1630 orbis

198 1664 540 1725 Christianus
568 1666 970 1739 circumquaque
1006 1665 1233 1738 regitur,
1274 1677 1599 1733 nequaquam
1629 1659 1998 1716 munusculum
2030 1668 2135 1714 tam
2177 1660 2423 1731 exiguum
2460 1661 2756 1715 donandum
2788 1662 2989 1732 fuerat,
3024 1664 3177 1734 quale
3203 1663 3499 1721 Chronicon

203 1762 468 1835 ejusmodi
487 1761 667 1818 multis
687 1761 957 1819 uidebitur.
981 1759 1234 1818 Ceterum
1251 1758 1297 1813 si
1319 1773 1402 1813 res
1426 1772 1529 1812 non
1548 1754 1931 1827 magnitudine,
1963 1753 2054 1809 sed
2079 1753 2242 1824 pretio
2269 1754 2587 1809 testimandte
2610 1766 2757 1825 sunt,
2791 1772 3071 1827 numquam
3102 1757 3297 1812 adduci
3322 1770 3500 1831 potero

201 1862 259 1909 ut
286 1857 462 1926 fatear
487 1854 785 1912 Chronicon
815 1853 995 1911 Dextri
1027 1853 1173 1923 parvi
1209 1850 1501 1906 habendum
1541 1864 1650 1905 esse
1672 1892 1686 1916 ,
1719 1847 1861 1919 quod
1884 1846 2142 1902 columine
2165 1847 2412 1919 exiguum
2445 1848 2594 1901 valde
2624 1848 2726 1912 sit,
2761 1849 3176 1920 quandoquidem
3213 1853 3279 1904 ad
3300 1853 3501 1923 justam

201 1948 451 2005 libratum
479 1960 725 2006 stateram
765 1950 992 2021 pondere
1029 1964 1126 2006 suo
1158 1948 1421 2021 multaque
1447 1945 1681 2017 ingentia
1717 1942 1983 1998 uolumina
2020 1948 2265 2013 superat,
2310 1956 2427 2009 qum
2452 1940 2517 1993 de
2542 1956 2599 1993 re
2634 1940 2884 1996 hactenus
2923 1942 3265 1998 ecclesiastica
3298 1947 3497 2015 scripta

200 2051 351 2099 sunt.
376 2040 575 2100 Nescio
600 2061 668 2099 an
691 2047 1029 2118 margaritum
1052 2044 1345 2118 egregium,
1370 2041 1495 2095 unio
1514 2082 1530 2106 ,
1556 2056 1646 2095 seu
1667 2038 1885 2093 adamas
1903 2038 2026 2110 jure
2049 2037 2224 2091 uocari
2252 2041 2440 2107 queat,
2476 2034 2749 2106 plusquam
2782 2036 2981 2103 codex;
3006 2037 3106 2092 nisi
3127 2042 3243 2109 quis
3267 2040 3500 2093 libellum

206 2147 433 2188 meum
454 2143 750 2203 nuneupet,
784 2135 1056 2209 peregrina
1092 2134 1288 2207 ingenii
1313 2140 1427 2187 arte
1458 2129 1799 2187 elaboratum.
1826 2130 1956 2198 Qut:
1992 2143 2211 2196 namque
2240 2127 2575 2182 historiarum
2616 2137 2719 2182 tam
2745 2129 3025 2184 recondita:
3055 2130 3247 2187 divitia:
3282 2149 3500 2202 usquam

201 2225 377 2299 fuere,
404 2241 527 2299 qua
550 2245 585 2283 a
611 2224 809 2285 Dextro
833 2229 1197 2298 prtetermissw
1219 2227 1360 2282 sint?
1388 2224 1743 2280 liomartorum
1774 2221 2081 2294 pontiﬁcum
2108 2220 2459 2275 successiones
2481 2261 2497 2286 ,
2536 2221 2904 2291 imperatorum
2931 2222 3195 2293 facinora,
3234 2227 3497 2295 exstirpa—

213 2318 379 2375 tiana
406 2318 695 2387 hensum,
720 2321 1059 2378 conciliorum
1089 2328 1276 2374 exacta
1304 2314 1587 2384 discussio,
1625 2312 1909 2369 Doctorum
1938 2313 2137 2383 scripta
2155 2353 2171 2378 ,
2212 2310 2495 2366 eversiones
2527 2328 2804 2384 regnorum
2827 2354 2843 2379 ,
2872 2315 3296 2368 monarchiarum
3325 2326 3495 2371 trans.

206 2410 559 2478 mutationes,
587 2425 706 2480 quc
730 2426 764 2465 a
789 2422 912 2466 nato
935 2408 1163 2465 Domino
1198 2411 1266 2465 ad
1319 2418 1534 2466 mortem
1574 2424 1733 2479 usque
1767 2408 1997 2463 auctoris
2036 2415 2142 2463 toto
2175 2406 2296 2461 orbe
2333 2407 2579 2478 fuerunt,
2619 2416 2723 2460 tam
2753 2405 3016 2461 luculento
3043 2424 3198 2475 quam
3227 2412 3488 2465 succincta

206 2500 346 2572 siglo
366 2500 753 2573 complectitur.
784 2498 987 2557 Parum
1015 2499 1119 2556 hoc
1145 2517 1167 2557 :
1197 2501 1336 2556 orbis
1365 2502 1530 2573 ipsius
1570 2498 1914 2571 apostolicam
1953 2499 2258 2554 diuisionem
2280 2541 2294 2565 ,
2326 2503 2765 2572 peragrationem,
2798 2502 3249 2572 pradicationem,
3287 2520 3497 2560 conver-

201 2596 440 2662 sionem,
485 2596 910 2669 patriarcharum
966 2605 1120 2669 atque
1150 2594 1525 2670 episcopalium
1573 2595 1777 2650 sedium
1825 2594 2043 2659 miram,
2088 2594 2388 2665 variamque
2432 2593 2822 2664 fundationem,
2876 2606 3165 2666 martyrum
3212 2597 3489 2664 uictorias,

201 2687 567 2761 confessam
588 2688 912 2763 triumphos,
938 2700 989 2748 et
1009 2691 1067 2745 id
1092 2707 1255 2762 genus
1274 2691 1385 2746 alia
1406 2691 1520 2746 sine
1548 2701 1790 2757 numero,
1821 2703 1927 2742 una
1946 2703 2073 2759 pene
2102 2688 2293 2758 pagina
2321 2687 2570 2758 penicillo
2598 2686 2693 2742 leri
2720 2688 2972 2761 depingit.
3007 2690 3158 2757 Quod
3177 2691 3247 2745 ad
3271 2694 3497 2763 patriam

207 2796 362 2839 suam
384 2778 754 2838 illustrandum
794 2793 992 2855 spectat
1019 2784 1308 2857 (Hispania
1335 2785 1448 2840 hac
1482 2782 1606 2855 fuit)
1625 2827 1639 2848 ,
1669 2782 1847 2838 erectis
1874 2796 1965 2851 per
1992 2780 2233 2855 singulas
2267 2781 2498 2837 ciuitates
2521 2793 2810 2853 martyrum
2827 2828 2840 2851 ,
2874 2792 2924 2838 et
2954 2784 3238 2839 illustrium
3263 2787 3491 2843 uirorum

196 2877 447 2948 πορεία,
478 2876 643 2933 multo
665 2893 823 2949 mna
851 2879 1022 2934 ceteri
1051 2878 1391 2951 locupletius,
1421 2876 1655 2933 reddidit
1682 2876 2041 2931 illustriorem.
2068 2876 2187 2941 Qua
2204 2874 2261 2927 in
2280 2890 2335 2928 re
2361 2875 2461 2929 soli
2489 2890 2617 2942 pene
2643 2874 2836 2932 Dextro
2866 2878 3009 2932 debet
3042 2877 3324 2948 Hispania,
3353 2883 3495 2951 quod

206 2969 308 3026 sibi
344 2972 540 3025 multos
572 2971 838 3044 rgregios,
875 2972 1326 3043 sanctissimosque
1364 2970 1489 3036 ﬁdei
1532 2985 1641 3025 sure
1667 2978 1905 3041 parentes
1950 2967 2256 3033 vindicavit,
2296 2982 2426 3038 quos
2460 2965 2732 3021 oblivionis
2775 2984 2959 3035 parens
2986 2978 3185 3038 tempus
3225 2971 3289 3024 ab
3318 2974 3485 3043 ipsius

208 3077 411 3120 corona
431 3061 724 3133 recident,
751 3081 943 3138 magna
971 3082 1089 3121 cum
1116 3066 1327 3121 honoris
1353 3065 1469 3136 ejus
1500 3066 1730 3138 jactura.
1756 3059 1976 3116 Minime
2004 3060 2161 3133 igitur
2183 3059 2327 3129 parui
2352 3058 2500 3128 pretii
2532 3058 2843 3113 credendum
2866 3069 2939 3114 est
2966 3062 3224 3132 ejusmodi
3244 3064 3437 3117 donum
3472 3079 3488 3114 :

212 3165 264 3213 σε
295 3172 359 3213 ω
385 3165 598 3231 prapter
627 3155 1008 3229 Haguitudinis
1035 3168 1140 3216 tute
1165 3176 1268 3214 non
1310 3158 1604 3231 indignum.
1636 3153 1748 3226 Ego
1783 3163 1833 3209 et
1866 3153 2091 3208 debitum
2128 3160 2284 3221 puto,
2328 3168 2444 3205 cum
2483 3152 2784 3207 meritorum
2826 3154 3135 3226 exigentiam
3184 3171 3275 3212 seu
3312 3173 3498 3212 conso-

202 3254 447 3311 nantiam
467 3254 709 3310 discutio.
734 3252 950 3309 Clarum
968 3252 1221 3323 siquidem
1244 3252 1387 3323 apud
1411 3250 1692 3315 smculum,
1722 3257 1777 3302 ct
1800 3245 2002 3301 Christi
2029 3244 2149 3301 ﬁdei
2173 3245 2413 3301 deditum
2438 3244 2793 3317 Hieronymus
2818 3248 3015 3300 vocabit
3046 3257 3305 3303 auctorem
3333 3250 3496 3310 hunc.

196 3353 381 3416 utpote
399 3345 495 3418 qui
511 3344 768 3418 sanguine
780 3345 997 3412 nobilis,
1026 3344 1180 3399 claris
1200 3360 1405 3416 quoque
1429 3343 1748 3415 prwfecturce
1769 3340 2097 3410 prtetoriame
2122 3337 2478 3407 functionibus
2496 3381 2510 3405 ,
2539 3354 2601 3392 ac
2619 3338 2846 3410 propriis
2874 3338 3191 3409 facinoribus
3226 3344 3441 3397 eluxcrit
3471 3358 3490 3397 :

202 3437 422 3512 insuper
471 3438 706 3511 inclytus
740 3438 866 3510 fidei
909 3437 1225 3493 Christiana:
1271 3443 1661 3509 propugnator,
1689 3442 1739 3487 ct
1778 3434 1972 3503 scripto
2011 3439 2061 3485 et
2088 3446 2242 3501 opere
2281 3428 2517 3496 effectus.
2552 3427 2624 3483 Te
2655 3446 2773 3487 vero
2817 3431 2961 3503 apud
3000 3433 3248 3488 socculum
3291 3435 3489 3490 clarum

196 3534 371 3589 sciunt
401 3547 605 3602 mnes,
640 3532 749 3589 sine
782 3532 1065 3587 notissima:
1102 3529 1391 3586 nobilitatis
1416 3526 1741 3600 progeniem,
1783 3525 1887 3579 sive
1927 3523 2363 3593 archiepiscopale
2406 3520 2546 3592 apud
2585 3519 2944 3576 Salmantinos
2992 3526 3302 3593 collegium,
3334 3528 3485 3595 cujus

198 3624 447 3681 alumnus
477 3624 625 3696 fuisti
642 3667 658 3691 ,
677 3626 785 3680 sire
811 3623 1073 3696 publicum
1108 3620 1425 3695 Vesperariae
1444 3619 1704 3675 cathedra:
1724 3623 2037 3671 rectoratum
2058 3614 2495 3688 jurisprudentite
2513 3615 2567 3667 in
2594 3613 2790 3685 inclyta
2816 3615 2913 3668 illa
2932 3618 3197 3670 academia
3224 3618 3452 3687 gloriose
3475 3664 3489 3685 ,

194 3734 278 3775 Ie
332 3719 571 3787 uidente,
603 3702 986 3786 obtintummb
1023 3717 1200 3773 oculos
1237 3718 1423 3789 feram.
1469 3711 1603 3769 Inde
1639 3711 1845 3767 deditus
1878 3705 2071 3763 Christi
2107 3706 2267 3777 ﬁdei,
2299 3705 2602 3758 militarium
2640 3706 2947 3776 religionum
2989 3707 3120 3760 alter
3166 3724 3194 3761 e
3234 3708 3493 3779 regalibus

193 3812 402 3883 iudex.
431 3814 489 3868 in
514 3810 633 3867 alio
655 3811 846 3867 nobilis
871 3810 1170 3866 Alcantarc
1192 3811 1432 3882 equitum-
1448 3807 1701 3878 ascriptus
1729 3821 1812 3871 es,
1844 3812 1895 3858 et
1920 3801 2043 3872 fidei
2062 3799 2288 3872 supremi
2314 3797 2587 3852 tribunalis
2618 3806 2724 3852 tota
2754 3796 3017 3870 Hispania
3040 3816 3216 3853 censor
3246 3799 3435 3856 electus
3468 3820 3488 3854 .-

193 3920 258 3960 nc
294 3904 507 3961 tandem
548 3906 618 3961 ad
644 3903 891 3961 altissimi
917 3887 1150 3959 cardinis
1190 3903 1411 3975 glorians
1449 3900 1645 3954 meritis
1686 3894 2012 3968 exigentibus
2046 3891 2371 3957 sublevatus;
2408 3891 2541 3945 unde
2579 3899 2628 3943 et
2657 3890 2838 3955 uerbo.
2871 3900 2921 3945 et
2959 3894 3152 3962 scripto
3180 3904 3316 3947 totus
3364 3894 3491 3963 fidei

189 3994 431 4061 deditus,
451 3992 774 4062 Ecclesium,
794 4010 1132 4067 propugnare
1158 3994 1361 4055 dicam,
1389 4008 1458 4045 an
1482 3986 1747 4043 illustrare
1769 3988 1795 4041 Ρ
1818 3995 2095 4053 utrumque
2117 3998 2326 4050 prorsus
2354 3981 2547 4051 efﬁcere
2565 3996 2670 4035 non
2698 3996 2887 4036 cessas.
2912 3978 3133 4037 Debetur
3156 3983 3246 4037 tibi
3276 3986 3493 4052 proinde

209 4087 398 4147 Dentri
422 4089 717 4147 Chronicon
744 4100 966 4163 utroque
992 4089 1183 4155 titulo;
1210 4097 1260 4145 et
1285 4086 1426 4159 quod
1466 4082 1707 4155 Hispano
1748 4078 2047 4151 Hispanus,
2080 4090 2128 4133 et
2171 4077 2321 4132 docto
2364 4075 2547 4129 doctus
2582 4075 2856 4130 donandus
2884 4089 3030 4141 erat;
3062 4086 3108 4129 et
3149 4078 3418 4133 thesaurus
3444 4080 3494 4133 ei

191 4183 326 4250 soli,
348 4183 439 4254 qui
466 4182 695 4240 calorem
720 4199 816 4255 pro
839 4183 1038 4237 meritis
1066 4182 1325 4237 aestimare
1352 4177 1561 4234 valebit.
1588 4173 1655 4230 Et
1692 4177 1819 4246 jure
1842 4172 1898 4227 id
1923 4172 2021 4226 sibi
2046 4170 2235 4226 Dexter
2264 4169 2593 4234 vindicabat,
2625 4171 2715 4236 qui
2726 4170 2845 4240 jam
2873 4169 2997 4223 olim
3027 4170 3088 4225 S.
3118 4169 3186 4224 Η.
3218 4169 3283 4223 Ε.
3318 4175 3490 4227 cardi-

193 4275 305 4331 nuli
345 4277 648 4349 presbytero
677 4292 805 4349 opus
847 4274 1164 4329 consecrauit
1208 4288 1390 4335 suum,
1437 4268 1493 4323 id
1521 4277 1629 4333 est,
1659 4264 2003 4336 Hieronymo.
2042 4260 2178 4316 Mihi
2217 4276 2335 4315 vero
2375 4259 2501 4313 dum
2540 4259 2711 4327 ipsum
2757 4257 3153 4314 Commentarii;
3194 4277 3337 4314 mea!
3380 4261 3487 4316 luci

190 4366 488 4435 redditum,
514 4367 610 4422 tibi
637 4365 700 4423 S.
724 4365 793 4422 Β.
821 4364 888 4421 Ε.
924 4365 1115 4435 pariter
1141 4363 1402 4420 cardinali
1427 4360 1719 4432 presbytero
1746 4359 1933 4411 iterum
1958 4370 2200 4409 consecro
2219 4396 2235 4419 ,
2263 4352 2398 4407 illud
2424 4352 2784 4406 uerecundiam
2817 4354 3001 4423 ingerit
3031 4369 3270 4425 magnam
3290 4396 3306 4419 ,
3348 4357 3484 4423 quod

192 4459 256 4514 ab
273 4472 495 4531 utroque
518 4460 676 4529 longa
699 4457 973 4512 intervallo
992 4473 1071 4510 me
1088 4456 1280 4523 distare
1306 4453 1621 4523 conspiciant
1645 4457 1730 4506 :et
1754 4449 1869 4503 ideo
1889 4449 2056 4502 minus
2079 4457 2256 4517 aptum
2280 4489 2295 4512 ,
2323 4454 2379 4499 ut
2409 4442 2657 4498 Dextrum
2681 4446 2841 4500 uirum
2866 4463 3107 4517 magnum
3131 4444 3486 4517 Mugnitudiui

191 4556 294 4603 tua
318 4550 640 4621 conjungaus
666 4562 686 4601 :
706 4561 987 4617 vereorque
1020 4563 1085 4600 ne
1113 4562 1299 4600 munus
1329 4544 1499 4596 minus
1529 4550 1738 4612 gratum
1772 4541 1869 4607 sit,
1909 4536 2048 4609 quod
2077 4538 2141 4590 ab
2189 4534 2404 4606 indigno
2444 4534 2693 4588 ablatura.
2735 4534 2967 4591 Prtebuit
3013 4536 3350 4594 nihilominus
3394 4549 3484 4596 tua

196 4639 484 4712 benignitas
516 4656 739 4709 ausum;
777 4654 871 4693 nec
900 4640 957 4693 id
981 4638 1279 4703 insolitum,
1312 4653 1425 4691 cum
1465 4644 1655 4688 natura
1692 4635 1805 4705 ipsa
1833 4648 2023 4705 magna
2059 4645 2278 4699 corpora
2314 4626 2586 4682 insectibili
2623 4630 2909 4693 quantitate
2944 4635 3256 4702 conjungat,
3300 4632 3354 4685 itl
3383 4648 3479 4700 est,

193 4730 501 4789 indivisibiti
525 4730 803 4802 superﬁcie
829 4745 848 4783 :
877 4730 1081 4802 qualem
1109 4746 1204 4802 ego
1241 4728 1449 4800 judico,
1471 4726 1892 4795 qualemcumque
1930 4724 1985 4777 in
2012 4721 2322 4777 elucidando
2353 4719 2543 4774 Dextro
2573 4718 2802 4775 laborem
2837 4723 3128 4793 insumpsi;
3154 4739 3303 4795 quem
3344 4742 3484 4780 nunc

192 4820 284 4877 sub
328 4820 517 4878 Destri
538 4820 703 4893 ipsius
731 4818 912 4875 umbra
938 4820 1029 4875 tibi
1052 4817 1247 4887 oﬂ'era,
1268 4818 1357 4890 qui
1402 4819 1553 4890 quasi
1581 4816 1932 4885 defensorem,
1963 4822 2011 4869 et
2041 4822 2376 4881 protectorem
2422 4811 2469 4864 ei
2509 4827 2739 4881 qutcrens
2759 4852 2775 4879 ,
2818 4814 2887 4865 ad
2913 4815 3065 4884 pedvs
3094 4826 3207 4869 tuos
3239 4820 3478 4874 accedere

193 4913 386 4972 ueritus
408 4930 517 4969 non
541 4929 661 4969 sum
690 4929 711 4968 :
738 4920 914 4984 utpote
940 4912 996 4967 in
1031 4928 1132 4981 quo
1157 4921 1207 4967 et
1236 4912 1418 4965 turrim
1448 4908 1764 4981 defensionis
1790 4914 1971 4960 contra
2012 4907 2202 4976 fluctus
2231 4904 2646 4957 adversariorum
2664 4944 2681 4970 ,
2709 4921 2863 4977 quam
2891 4908 2942 4959 in
2978 4910 3138 4962 armis
3167 4921 3363 4979 gestas,
3396 4912 3475 4967 in-

194 5003 377 5069 uenio;
402 5012 453 5057 et
481 5002 635 5058 lunas
652 5002 991 5058 circumcirca
1019 5000 1265 5056 ordinata
1292 5000 1404 5054 acie
1427 4997 1764 5065 dimicantes;
1791 4995 1941 5068 quasi
1962 4994 2026 5049 de
2051 4996 2125 5051 eis
2146 4994 2341 5050 dictum
2363 4995 2553 5065 fuerit:
2575 4993 2761 5049 Stella:
2790 4996 2861 5053 de
2884 4997 3025 5053 oculo
3052 4999 3104 5053 in
3129 5000 3321 5057 ordine
3342 5017 3472 5073 suo,

196 5092 461 5152 adversus
510 5092 753 5151 Sisstam
800 5089 1404 5162 dimicabant(1ud.v,
1450 5090 1567 5163 26).
1610 5088 1725 5156 Quo
1771 5090 1888 5145 loco
1932 5088 2068 5144 illud
2110 5086 2321 5145 Senecte
2372 5105 2466 5160 pro
2515 5092 2898 5161 opportunitate
2946 5094 3071 5146 mihi
3120 5111 3349 5164 usurpo,
3407 5102 3474 5153 ad

197 5184 461 5244 Lucillum
487 5188 753 5244 scribentis
781 5203 801 5242 :
830 5186 1099 5244 (Iutorum
1143 5185 1288 5259 quod
1312 5185 1750 5242 Commentarios
1789 5197 1941 5240 meos
1972 5182 2066 5239 tibi
2109 5182 2250 5239 mitti
2281 5182 2583 5254 permittis,
2619 5182 2972 5253 indulge-num
3004 5186 3117 5241 scio
3147 5186 3288 5245 istud
3320 5205 3472 5260 esse,

203 5299 310 5341 non
334 5280 533 5355 iudicii
562 5298 580 5336 :
605 5290 663 5339 et
685 5280 732 5338 si
761 5279 927 5338 modo
949 5280 1138 5351 iudicii
1181 5284 1298 5349 ω,
1326 5279 1656 5352 indulgentia
1688 5276 1787 5332 tibi
1812 5276 2090 5348 imposuit.
2119 5274 2229 5333 Sed
2271 5276 2696 5347 qualescumque
2726 5286 2883 5349 sunt,
2918 5286 2973 5333 tu
3004 5279 3128 5336 illos
3158 5282 3236 5339 sic
3262 5283 3429 5356 legito
3453 5329 3470 5354 ,

197 5385 471 5450 tamquam
500 5388 694 5432 verum
718 5388 963 5445 quaram
991 5373 1204 5439 adhuc,
1234 5387 1346 5430 non
1376 5375 1578 5441 sciam,
1606 5379 1663 5429 et
1690 5370 2084 5429 contumaciter
2111 5385 2373 5440 quaeram.
2408 5370 2525 5426 Non
2556 5371 2702 5427 enim
2736 5388 2821 5427 me
2849 5374 3101 5445 cuiquam
3136 5379 3431 5450 mancipavi
3461 5424 3475 5447 ,

202 5470 404 5530 nullius
432 5483 634 5527 nomen
676 5468 824 5540 tero,
855 5468 1150 5525 multarum
1189 5483 1510 5541 magnorum
1546 5466 1755 5537 judicio
1792 5464 1960 5523 credo
2005 5482 2019 5519 :
2062 5463 2264 5537 aliquid
2295 5473 2350 5521 et
2382 5481 2503 5522 meo
2526 5466 2765 5523 vindico.
2796 5466 2926 5523 Nam
2978 5470 3055 5525 illi
3100 5487 3322 5543 quoque
3368 5494 3475 5531 non

199 5564 414 5625 lanna
444 5606 465 5633 ,
487 5562 589 5621 sed
612 5562 911 5635 qunrcnda
933 5562 1093 5622 nobis
1117 5563 1460 5635 reliquerunt
1487 5562 1694 5635 (Senec.
1723 5559 1873 5633 epist.
1904 5556 2024 5631 45).
2064 5557 2195 5614 Vale
2221 5600 2234 5626 ,
2277 5556 2531 5631 Princeps
2560 5559 2942 5618 lllustrissime.
2972 5560 3154 5621 Ruina:
3192 5584 3254 5621 ex
3280 5569 3478 5625 mitibus

190 5657 250 5718 8.
282 5657 571 5724 Bernardi,
602 5654 669 5714 21
704 5655 1023 5731 Septembris
1055 5657 1182 5712 anni
1206 5653 1365 5714 £624.

243 5822 272 5855 ⁸
304 5820 597 5888 (Iunonique!
646 5830 677 5869 ι
705 5816 910 5888 Risus-lo
938 5818 1054 5888 suo
1078 5817 1254 5888 Dextri
1283 5817 1482 5873 nomine
1516 5816 1823 5884 uulgatum,
1865 5812 2117 5885 spttritalls
2153 5830 2250 5869 una
2284 5829 2405 5873 voce
2446 5824 2660 5882 arguunt.
2703 5822 2877 5871 nostra:
2914 5820 3084 5888 natalis
3117 5819 3441 5888 bililiogrqhi
3472 5865 3484 5887 ,

193 5882 393 5941 lenita
417 5883 618 5941 cuidam
642 5895 727 5931 ινι
746 5882 914 5934 seculi
934 5883 1057 5935 illud
1078 5882 1439 5945 adsultantes.
1638 5882 1653 5884 ί
1900 5882 1907 5885 ⁷
2914 5882 3049 5933 lion.

547 5961 827 6029 Panos.
871 5960 1114 6027 XXXI.
1468 5984 1471 5985 ν
2890 5968 2919 6025 1

1636 6058 1687 6156 1
1725 6061 2109 6163 £33,233“
2132 6070 2164 6163 )
