4028 6460
531 265 591 319 Il
1453 251 1751 309 FL.\'\'lL'S
1793 252 2036 309 [Α’ςειῑτς
2080 251 2121 307 υ

2271 250 2358 307 ER
2400 248 2926 307 CHRONOLCGUS.
3773 242 3852 302 η

525 373 2325 399 Mm“

1138 503 1686 579 EPISTOLA
1764 503 1915 574 AD
1988 500 2550 574 BIVARIUM
2635 497 3241 573 EDITUREM.

528 796 739 855 Gabriel
762 795 820 851 S.
847 794 914 848 Β.
937 794 999 847 Ε.
1026 792 1238 848 titulis.
1274 790 1643 845 Bartholomari
1671 788 1723 840 in
1748 785 1920 839 insula
1943 782 2219 853 Presbyter
2241 780 2539 836 Cardinrilis
2563 783 2621 835 de
2642 781 2818 849 Treio,
2845 795 2943 840 etc.
2982 783 3213 837 ι’.»ερενιλ,
3242 788 3272 836 ii
3302 783 3409 835 τίη)
3431 777 3523 836 Fr,
3552 778 3847 835 ιαἠυιεῑεεο

1019 886 1224 941 Birario
1249 883 1680 955 Congrega'iouis
1712 879 2017 945 Hispaniae
2043 878 2102 932 S.
2131 875 2387 930 Bernardi
2412 874 2658 930 Generali
2692 876 3055 941 Procuratori,
3092 876 3349 934 Salutem.

605 987 735 1052 Qum
761 984 1056 1038 communia
1083 982 1229 1034 nobis
1256 988 1407 1031 antea
1438 983 1654 1047 feceras,
1688 972 2043 1041 manuscripta
2067 970 2451 1023 Continentiuia
2475 981 2563 1023 tua
2597 972 2648 1023 in
2678 970 2921 1024 Flavium
2957 971 3213 1025 Dextrum
3250 971 3612 1041 periiutiquum
3636 967 3849 1039 Hispa-

532 1097 655 1135 tium
687 1089 920 1132 nostrum
941 1121 952 1139 ,
999 1092 1134 1127 nunc
1174 1073 1307 1143 typis
1337 1070 1638 1125 t’It'tldCtttltt
1672 1068 1816 1119 diras
1836 1111 1848 1132 ,
1883 1064 2190 1135 publicoque
2220 1063 2416 1115 honore
2439 1108 2451 1127 ,
2492 1073 2839 1135 perpetuoque
2878 1065 3125 1129 [tene/icio
3170 1080 3251 1119 me
3272 1065 3470 1134 afﬁci},
3504 1080 3653 1135 quem
3681 1074 3847 1117 αηιεα

530 1172 845 1228 conuiiodati
876 1173 942 1223 ad
969 1168 1224 1221 modicum
1255 1180 1450 1233 tempus
1478 1164 1703 1216 muneris
1728 1160 2076 1231 gratissimum
2104 1166 2346 1228 expertus
2379 1174 2451 1211 es.
2486 1156 2621 1221 Quid
2651 1174 2771 1230 ergo
2800 1174 2898 1209 non
2922 1157 3155 1223 debeam,
3182 1158 3268 1226 qui
3295 1172 3417 1211 tunc
3447 1174 3524 1209 me
3554 1158 3602 1208 di
3619 1154 3846 1210 bitorcm

531 1269 794 1338 pri-fessus
825 1263 973 1316 sum?
1002 1263 1065 1314 At
1095 1265 1201 1326 iam
1232 1268 1435 1325 partem
1456 1257 1618 1308 debiti
1641 1258 1798 1306 solvo.
1830 1251 1953 1303 dum
1988 1250 2203 1303 libenter
2228 1259 2275 1302 et
2308 1250 2471 1301 alacri
2503 1251 2680 1301 animo
2702 1250 3002 1320 beneﬁcium
3037 1251 3259 1319 recipio,
3284 1252 3587 1323 signumque
3618 1251 3842 1304 notissi-

532 1376 675 1413 mum
698 1356 1033 1429 gratitudinis
1063 1364 1286 1423 praesto;
1317 1353 1460 1405 ttulltt
1490 1352 1625 1404 enim
1656 1352 1848 1403 clarfor
1875 1360 1994 1400 nuta
2020 1349 2165 1400 avari
2200 1348 2488 1416 iniira’iq'ie
2516 1349 2677 1400 animi
2707 1358 2779 1400 est
2805 1391 2818 1413 ,
2846 1365 3000 1417 quam
3024 1346 3273 1417 beneﬁcia
3296 1391 3307 1407 .
3337 1348 3521 1417 quibus
3548 1359 3760 1418 gratum
3788 1364 3848 1402 se

531 1462 767 1524 {nimum
791 1470 893 1505 non
919 1459 1113 1520 sperat,
1142 1464 1377 1519 respuere
1410 1447 1485 1500 rel
1508 1456 1604 1499 tor.
1627 1464 1651 1496 υ
1687 1445 1826 1497 t'tllltt
1862 1444 2148 1496 admittire.
2189 1439 2430 1492 Flavium
2463 1440 2713 1494 Dextrum
2746 1440 3073 1509 Hispanum,
3120 1444 3401 1509 uterisque
3426 1440 3610 1509 putria?
3644 1450 3847 1497 nostra

532 1551 763 1603 Insania:
808 1548 1062 1616 insignum
1092 1545 1397 1611 scriptorem
1420 1583 1433 1603 ,
1467 1540 1662 1592 sitintii
1694 1548 1738 1590 et
1771 1536 2042 1590 oblivionis
2082 1533 2301 1588 tenebris
2329 1546 2483 1586 antea
2513 1535 2781 1602 obrutum,
2814 1550 2951 1587 nunc
2987 1537 3037 1587 in
3070 1534 3234 1588 lucem
3267 1535 3503 1601 profers;
3545 1539 3846 1605 fontemque

530 1641 975 1711 limpilissimiun,
1011 1636 1269 1685 uri-ultum
1297 1642 1450 1685 antea
1474 1640 1518 1682 et
1557 1632 1751 1682 invium
1771 1671 1784 1689 ,
1817 1625 2051 1680 omnibus
2083 1625 2416 1691 manifestus,
2444 1623 2706 1697 gentisque
2755 1632 2946 1678 nostra:
2984 1633 3329 1694 perretust/:m
3356 1622 3512 1693 fidem
3538 1635 3585 1678 et
3614 1626 3843 1696 religio-

533 1752 672 1796 ﬂi‘tit,
697 1740 997 1784 snnclorttot
1027 1737 1336 1795 martyr-un,
1370 1726 1731 1791 ronfessorum
1756 1732 1799 1773 et
1828 1720 2081 1790 virginum
2110 1718 2280 1788 glorit
2311 1716 2591 1786 illustrem,
2624 1733 2754 1771 novo
2786 1718 3045 1789 praeconio
3069 1766 3083 1786 ,
3113 1719 3355 1789 claraque
3384 1734 3526 1786 voce,
3553 1735 3617 1773 ex
3638 1727 3843 1775 vetusto

536 1828 681 1879 iitirs
711 1842 788 1896 pe.
808 1836 917 1874 tore
939 1831 1230 1881 t'.‘80tt.ittii',
1266 1818 1491 1879 extollis,
1513 1816 1736 1884 antiquis
1768 1828 1898 1866 nova
1924 1813 2193 1879 adiungis,
2217 1812 2475 1880 fidemque
2501 1811 2683 1865 intristi
2712 1814 2939 1865 auctoris
2964 1815 3340 1866 ncotericorum
3366 1816 3839 1869 aucturitatecons-

539 1918 755 1987 probas,
792 1913 980 1967 similis
1015 1910 1233 1979 quidem
1259 1908 1432 1961 lsi-lus
1466 1907 1671 1961 homini
1704 1904 2095 1974 liztlrlfnlltlilas.
2126 1903 2217 1973 qui
2241 1901 2455 1974 profert
2486 1905 2551 1958 dc
2586 1904 2844 1958 thesauro
2861 1920 2962 1960 suo
2986 1922 3122 1960 mna
3153 1915 3209 1961 et
3242 1916 3425 1961 vetera
3450 1906 3664 1978 (Matth.
3691 1909 3841 1977 xm).

539 2014 754 2065 Uinnem
782 2022 901 2078 ergo
933 2003 1235 2056 thesaurum
1253 2000 1506 2065 eifudisti,
1538 1996 1665 2064 quid
1694 2004 1849 2051 restat
1879 1995 1970 2048 tibi
1996 1993 2166 2063 ?quid
2195 1994 2421 2048 munsris
2450 1995 2781 2064 exiguita'em
2803 2013 3018 2049 excusas
3041 1999 3065 2049 ἶ)
3086 2015 3154 2050 un
3176 1996 3544 2068 hyperbolice?
3566 2015 3632 2051 an
3654 2008 3843 2054 contra

533 2113 751 2155 mentem
774 2097 1037 2166 loqueris?
1056 2092 1148 2146 sed
1174 2093 1341 2145 verius
1366 2102 1557 2157 putem;
1582 2086 1874 2160 erangelico
1908 2103 2068 2147 inore,
2106 2103 2218 2138 cum
2246 2089 2437 2151 omnia,
2465 2103 2583 2157 qua:
2616 2099 2757 2157 potes
2784 2089 2952 2159 feristi
2970 2131 2983 2153 ,
3011 2088 3144 2143 dicis
3176 2106 3191 2142 :
3226 2089 3380 2145 Servi
3411 2093 3624 2146 inutiles
3643 2107 3841 2148 sumus

530 2195 696 2267 (Luc.
728 2207 837 2247 xvn
857 2193 896 2260 ).
933 2186 1167 2259 Exiguus
1200 2186 1325 2238 liber
1357 2182 1528 2237 Flavii
1554 2232 1562 2246 ,
1599 2184 1641 2235 si
1673 2185 1738 2233 ml
1777 2184 2014 2234 volumen
2048 2182 2215 2248 ipsum
2245 2180 2595 2245 attendimus;
2625 2180 2836 2251 grandis
2858 2222 2873 2244 ,
2906 2182 2950 2234 si
2991 2183 3042 2234 in
3072 2198 3133 2235 eo
3163 2191 3404 2237 contenta
3427 2199 3445 2245 ;
3466 2199 3628 2254 parvo
3660 2184 3844 2240 codice

536 2304 725 2359 inagna
752 2295 980 2339 cantauit
1003 2326 1019 2345 ,
1061 2278 1263 2332 nullum
1296 2279 1344 2329 in
1378 2295 1437 2331 eo
1468 2277 1687 2329 otiosum
1717 2274 1828 2346 lego
1859 2274 2060 2328 verbum
2081 2316 2095 2339 ,
2140 2274 2412 2327 dissimilis
2443 2276 2646 2339 quidem
2677 2287 2752 2328 e.-.t
2787 2276 3007 2330 t'irbosis
3052 2275 3533 2345 philosophantium
3573 2294 3843 2335 commen-

533 2385 711 2449 tariis,
766 2381 1092 2445 aliorumque
1144 2374 1377 2443 scriptis,
1436 2372 1485 2423 in
1534 2372 1717 2440 quibus
1749 2386 1863 2422 cum
1910 2368 2268 2439 longissimum
2314 2379 2512 2439 tempus
2564 2369 2901 2433 contriveris,
2953 2371 3036 2423 vix
3078 2369 3359 2441 quidquam
3385 2371 3525 2440 quod
3554 2382 3721 2428 ruente
3749 2388 3836 2429 re-

534 2481 699 2533 tinere
742 2476 966 2537 debeas,
1020 2473 1266 2526 invenies.
1317 2469 1437 2525 Non
1484 2486 1603 2541 ergo
1658 2468 1807 2522 illum
1856 2479 2278 2531 contenmeinus,
2327 2469 2415 2537 qui
2464 2468 2681 2519 breviori
2745 2468 2880 2536 style
2946 2464 3153 2539 longam
3218 2469 3441 2523 continet
3507 2469 3841 2540 antiquarunt

535 2589 703 2627 rerum
754 2569 978 2632 seriem;
1036 2583 1125 2620 nec
1184 2564 1317 2619 alios
1370 2563 1827 2635 magnifaciemus,
1877 2562 1963 2629 qui
2009 2562 2161 2628 longo
2203 2560 2473 2614 verborum
2518 2569 2775 2631 apparatu
2830 2560 3004 2613 omnia
3054 2560 3226 2629 potius
3278 2560 3633 2630 confundunt,
3684 2578 3843 2633 quam

532 2667 834 2735 explicant;
880 2666 979 2719 nisi
1032 2662 1228 2717 similes
1278 2665 1325 2716 ei
1369 2678 1477 2716 esse
1530 2662 1796 2722 volumus,
1857 2658 1942 2726 qui
1986 2673 2049 2708 ex
2100 2671 2259 2709 aureo
2309 2671 2497 2724 magno
2556 2663 2605 2708 et
2648 2654 2867 2726 pulchro
2912 2651 3173 2708 cochleari
3233 2670 3479 2710 venenum
3532 2657 3705 2724 potius
3754 2674 3843 2713 su-

540 2776 699 2825 mere,
733 2775 885 2829 quam
913 2774 978 2812 ex
998 2758 1233 2817 minimo,
1267 2764 1314 2809 et
1338 2771 1400 2809 cs:
1429 2755 1519 2808 viti
1549 2753 1787 2813 materia,
1820 2749 1918 2803 incl
1942 2766 2124 2821 sugere
2149 2749 2305 2819 elegit
2336 2748 2528 2821 ((Iyril.
2558 2748 2653 2804 lib.
2689 2764 2785 2813 vn,
2808 2758 2999 2804 emitra
3025 2747 3187 2821 Jul.).
3212 2748 3452 2806 Similem
3485 2766 3582 2823 rgo
3601 2752 3846 2806 conside.

533 2856 717 2909 rabam
751 2852 934 2908 Flavii
963 2853 1160 2906 librant
1188 2850 1395 2903 cuidam
1429 2849 1544 2902 navi
1574 2844 1777 2901 Ptianii
1794 2845 1857 2898 ia-
1886 2843 2079 2916 (cuius
2111 2842 2342 2896 meminit
2373 2840 2667 2913 Xeiwplion
2696 2842 2712 2910 )
2743 2841 2962 2911 fabiicte
2990 2852 3354 2913 peranguste,
3376 2857 3493 2910 qua:
3522 2856 3639 2895 cum
3668 2857 3844 2896 orato-

533 2966 679 3013 rum,
710 2949 1198 3008 instrumentorum,
1236 2942 1486 2996 mercium
1515 2957 1576 2993 ac
1610 2937 1947 3006 supellectilis
1979 2935 2353 3004 cujuscumque
2379 2934 2605 3004 generis,
2639 2934 2891 2988 immensa
2917 2935 3187 2999 varietate,
3216 2942 3263 2986 et
3292 2933 3624 2987 multitudine
3649 2934 3845 2999 repleta

538 3056 691 3107 esset,
722 3043 928 3115 singula
958 3053 1129 3093 tamen
1156 3038 1210 3091 in
1240 3055 1299 3090 ea
1324 3050 1425 3089 tam
1448 3034 1733 3102 artificiose
1763 3029 2050 3088 collocata,
2080 3039 2126 3080 et
2157 3027 2341 3080 solerti
2365 3027 2548 3081 ordine
2570 3025 2826 3098 disposita
2850 3034 3032 3090 erant,
3059 3035 3113 3078 ut
3139 3036 3187 3079 et
3208 3026 3323 3081 sine
3363 3027 3729 3099 impedimento
3750 3040 3844 3097 per

533 3138 702 3192 navim
729 3138 1043 3195 discurrere,
1076 3133 1202 3185 etin
1232 3140 1374 3185 tanta
1406 3142 1581 3182 rerum
1606 3124 1941 3179 multitudine
1960 3167 1974 3187 ,
2005 3120 2216 3205 singula
2244 3120 2411 3174 oculis
2453 3121 2691 3174 contueri
2718 3162 2733 3185 ,
2760 3130 2808 3174 et
2844 3119 2912 3174 ad
2942 3136 3152 3175 manum
3183 3135 3291 3175 rem
3325 3136 3578 3193 quamque
3603 3117 3841 3194 paratam

538 3232 733 3286 habere
752 3240 800 3284 et
828 3228 1060 3282 invenire
1085 3224 1321 3295 quisquis
1348 3230 1536 3292 posset.
1570 3216 1844 3286 Siquidem
1873 3217 1926 3269 in
1950 3212 2211 3269 Flaviana
2240 3212 2460 3266 historia
2484 3212 2557 3266 ita
2579 3212 2754 3266 omnia
2780 3212 3055 3283 disposita,
3086 3220 3141 3266 ut
3168 3215 3325 3281 plena
3351 3214 3605 3268 mercibus
3626 3213 3843 3270 diiersis

531 3342 694 3400 parva
726 3323 895 3387 navis,
930 3320 1103 3374 omnia
1130 3333 1247 3387 qua'
1278 3316 1446 3378 habet,
1478 3314 1530 3366 in
1559 3319 1836 3381 conspectu
1860 3308 2118 3369 ostendat,
2142 3317 2189 3358 et
2210 3308 2264 3359 in
2294 3305 2522 3369 quolibet
2552 3322 2700 3359 versu
2722 3347 2737 3371 ,
2772 3323 2837 3360 ue
2858 3308 3027 3359 dicam
3056 3307 3242 3370 verbo,
3277 3308 3569 3380 ponderosa
3600 3325 3840 3375 compen-

533 3398 625 3474 dio
651 3419 931 3479 contineat,
958 3428 1074 3482 qua!
1102 3413 1390 3482 longiorem
1422 3404 1681 3475 conplere
1710 3414 1917 3472 possent
1946 3400 2240 3454 historiam.
2279 3398 2547 3453 Scribebat
2573 3398 2783 3469 quidem
2812 3414 2914 3453 non
2944 3410 2998 3451 ut
3018 3398 3328 3463 sapientiam
3359 3409 3635 3454 ostentaret
3663 3418 3836 3470 suam,

532 3515 623 3570 sed
653 3526 708 3567 ut
731 3512 786 3567 in
809 3508 1075 3563 reinotiori
1098 3505 1215 3557 orbe
1238 3498 1555 3557 habitantem
1580 3497 1962 3567 Hieronymum
1986 3494 2293 3563 Hispanij
2316 3492 2587 3565 religionis
2611 3494 2882 3547 certiorem
2911 3494 3125 3563 faceret,
3154 3494 3372 3565 ideoque
3397 3490 3589 3551 librant
3615 3496 3838 3567 longiori

531 3608 705 3662 itineri
735 3601 1185 3664 committendum,
1222 3594 1438 3650 breviori
1471 3592 1768 3665 perstrinxit
1791 3589 2019 3644 calamo.
2056 3593 2244 3648 verum
2274 3605 2334 3641 ne
2364 3589 2498 3657 forte
2525 3588 2686 3642 alicui
2716 3588 2974 3642 videretur
3008 3588 3164 3643 altior
3189 3587 3486 3661 breviorque
3511 3590 3676 3661 styliss
3718 3604 3837 3663 poe-

530 3704 686 3758 ticam
713 3708 889 3754 notam
913 3695 1219 3758 incurrisse,
1256 3691 1390 3744 llum
1436 3687 1616 3741 brevis
1644 3700 1769 3742 esse
1801 3684 2018 3746 laboro,
2049 3683 2317 3737 obscurus
2348 3684 2418 3735 tio
2447 3682 2668 3750 (Horat.
2701 3680 2771 3736 de
2803 3680 2938 3736 Arte
2960 3682 3237 3753 poetica),
3270 3692 3324 3737 tu
3354 3700 3457 3738 non
3485 3687 3655 3739 solum
3696 3698 3833 3741 can-

531 3796 731 3866 plicata
759 3803 912 3845 antea
937 3790 1094 3858 longo
1116 3783 1349 3850 silentio,
1378 3793 1425 3835 et
1453 3780 1700 3835 brevitate
1721 3777 1975 3832 orationis
2004 3775 2135 3845 folia
2160 3776 2209 3828 in
2233 3776 2396 3828 lucem
2428 3774 2715 3841 deduxisti,
2738 3777 2827 3828 sed
2865 3775 3164 3843 capticasti,
3194 3781 3413 3844 ornasti,
3440 3790 3486 3831 et
3517 3777 3836 3847 declarasti;

529 3884 891 3944 condecorasti
924 3879 1083 3935 simul
1114 3877 1334 3947 patriam
1364 3882 1633 3927 nostram:
1656 3886 1774 3923 nant
1796 3886 1914 3923 cum
1945 3870 2294 3923 certissimum
2320 3869 2385 3920 sit
2424 3884 2539 3922 eam
2562 3869 2633 3920 ita
2664 3868 3038 3938 pra-dicatione
3062 3870 3354 3941 apostolica
3386 3872 3689 3944 insignitas»
3715 3918 3729 3943 ,
3759 3882 3834 3941 tt,

530 3989 657 4034 teste
691 3972 1043 4037 Tertulliano,
1068 3983 1245 4022 omnes
1271 3966 1476 4020 termini
1506 3963 1782 4033 Hispania:
1808 3962 1964 4031 fidem
1989 3961 2311 4032 susceperint
2343 3961 2575 4028 ('I‘ertul.
2607 3961 2872 4017 adversus
2904 3962 3146 4025 ludat-os.
3176 3979 3302 4034 esp.
3341 3966 3437 4036 'l),
3471 3977 3519 4020 et
3550 3965 3832 4039 Cypriane,

527 4076 583 4129 in
606 4088 665 4126 ea
688 4080 824 4125 recte
855 4062 1291 4133 perseveraverint
1323 4059 1602 4129 (Cypriani.
1638 4057 1803 4124 epist.
1828 4055 1928 4123 68)
1956 4096 1970 4117 ,
2004 4072 2102 4106 non
2129 4056 2336 4116 desunt,
2358 4053 2446 4122 qui
2484 4054 2781 4122 opinionem
2824 4058 3120 4125 fumumque
3149 4065 3382 4111 nostrain
3408 4056 3718 4115 calumniari
3752 4075 3831 4115 ve-

532 4171 653 4230 lint,
676 4174 726 4217 el
759 4159 969 4219 (ledere,
1004 4156 1258 4226 sugillure
1282 4195 1295 4217 ,
1322 4163 1369 4206 et
1407 4151 1814 4203 commaculare.
1852 4146 2008 4201 Nunc
2051 4162 2223 4201 autem
2261 4148 2361 4199 nisi
2392 4155 2630 4214 proterve
2659 4158 2707 4199 et
2733 4148 3070 4217 pertinaciter
3097 4164 3153 4202 se
3183 4165 3365 4219 gerere
3395 4148 3583 4219 velint,
3627 4154 3834 4209 clariori

528 4275 684 4332 quam
714 4255 943 4328 pluebant
970 4250 1085 4303 luce
1116 4248 1406 4311 aspicient,
1438 4255 1689 4312 quantum
1721 4241 1783 4294 ab
1822 4242 1973 4294 initio
2012 4240 2273 4294 nascentis
2315 4237 2570 4292 Ecclesia:
2594 4240 2909 4310 profecerim
2942 4239 3211 4311 Hispani,
3240 4253 3367 4312 quae
3406 4248 3575 4297 saucii
3603 4261 3669 4301 εκ
3690 4248 3830 4302 εαξη

528 4364 676 4427 gente
699 4350 955 4418 Martyres
978 4347 1214 4415 adfuere,
1247 4342 1444 4409 quoties
1470 4356 1574 4393 non
1594 4341 1804 4409 defuere
1830 4339 2075 4407 tyranni;
2101 4350 2225 4407 quot
2248 4337 2569 4403 confessores
2588 4338 2881 4406 ﬂoruerunt
2905 4337 3152 4405 celebres,
3178 4355 3316 4408 cum,
3340 4350 3573 4394 cessante
3598 4357 3830 4412 ρεηεσιι-

529 4454 691 4511 tione,
720 4448 965 4499 virtutum
993 4438 1243 4492 exercitia
1264 4437 1420 4488 libere
1446 4448 1682 4487 exercere
1711 4432 1967 4485 valuerint
1991 4446 2008 4495 ,'
2035 4439 2161 4499 quot
2190 4429 2437 4498 virgines,
2470 4444 2603 4497 quat,
2627 4442 2868 4495 superato
2891 4446 3043 4491 sexu,
3070 4431 3340 4499 carnisque
3357 4440 3408 4486 et
3437 4433 3616 4486 mundi
3646 4436 3829 4505 adepta

530 4542 768 4603 victoria,
801 4554 853 4590 se
879 4544 1050 4589 castas
1079 4530 1415 4583 dilectissimo
1443 4541 1632 4594 sponso
1654 4525 1930 4579 exhibuere
1960 4521 2188 4575 Christo.
2220 4519 2395 4574 Flubit
2421 4523 2596 4591 itaque
2607 4523 2721 4589 jam
2749 4520 2958 4575 dextere
2988 4519 3206 4575 Flavius
3234 4521 3424 4577 Lucius
3447 4521 3661 4593 Dexter,
3680 4544 3828 4599 quem

534 4638 696 4710 (velut
725 4650 753 4686 e
774 4630 1007 4684 cavernis
1033 4634 1207 4679 ventos
1234 4619 1373 4674 Juno
1400 4620 1417 4690 )
1449 4637 1514 4675 ex
1546 4618 1821 4671 oblivionis
1846 4632 2052 4670 carcere
2073 4616 2302 4670 eduxisti
2319 4633 2335 4679 ;
2373 4632 2522 4684 quem
2553 4615 2725 4669 lucide
2745 4626 2791 4669 et
2817 4617 3026 4671 dextere
3056 4618 3380 4684 explicuisti,
3411 4622 3667 4692 cujusque
3700 4626 3827 4678 veri-

532 4744 687 4791 tatem
716 4726 943 4782 historia:
969 4719 1337 4787 coinprobasti.
1370 4716 1477 4769 Nec
1507 4714 1722 4767 minoris
1755 4712 1996 4765 utilitatis
2021 4712 2298 4781 quisquam
2330 4720 2474 4781 putet
2504 4726 2615 4765 esse
2650 4720 2845 4766 sancta:
2875 4711 3148 4766 catholica:
3182 4710 3434 4770 Ecclesia:
3457 4757 3473 4782 ,
3495 4718 3825 4787 antiquorum

525 4837 775 4888 innovare
802 4830 1020 4899 δίνῑρια,
1048 4832 1091 4876 et
1118 4835 1397 4882 exornare,
1430 4833 1588 4887 quam
1618 4831 1777 4870 novos
1806 4814 1956 4868 edere
1978 4813 2176 4879 libros;
2206 4829 2325 4865 nam
2356 4813 2400 4864 si
2430 4828 2605 4865 verum
2630 4827 2868 4865 amamus
2895 4856 2909 4879 ,
2947 4813 3160 4886 majoris
3190 4811 3289 4866 hoc
3319 4814 3563 4875 utilitatis
3592 4828 3685 4873 est.
3722 4817 3824 4875 Ve-

529 4943 661 4983 teres
691 4927 826 4979 enim
856 4927 1099 4992 privatim
1122 4914 1450 4975 auctoritate,
1482 4906 1842 4977 excelluntque
1862 4904 1969 4975 fide
1998 4903 2349 4959 Recentiores.
2384 4902 2575 4957 Nescio
2597 4905 2732 4957 enim
2759 4904 2887 4974 quid
2923 4906 3250 4959 auctoritatis
3276 4906 3374 4960 sibi
3400 4908 3627 4962 vindicat
3650 4920 3824 4968 sancta

528 5030 775 5074 vetustus.
823 5016 936 5082 Quo
970 5013 1025 5081 ﬁt
1047 5053 1061 5076 ,
1092 5022 1143 5061 ut
1172 5007 1261 5074 qui
1292 5003 1591 5059 Christiano
1619 4999 1817 5053 nomini
1853 5000 2195 5052 adversantur
2221 4993 2460 5066 inﬁdeles
2479 5040 2491 5062 ,
2522 5006 2571 5050 et
2596 5000 2683 5068 qui
2709 5006 2903 5051 sancta’
2940 4995 3191 5053 Ecclesite
3219 5001 3336 5068 plus
3363 5012 3548 5056 nocent
3579 5003 3823 5075 heretici,

540 5114 689 5171 nullo
708 5112 815 5165 alio
844 5116 1149 5178 argumento
1180 5102 1345 5173 magis
1372 5098 1736 5151 convincuntur
1760 5109 1914 5164 quam
1942 5094 2270 5162 antiquorum
2299 5093 2611 5161 scriptorum
2647 5092 2955 5144 auctoritate
2987 5102 3036 5146 et
3071 5093 3329 5148 doctrina.
3370 5093 3523 5165 Unde
3547 5098 3638 5167 qui
3664 5114 3748 5153 eos
3773 5099 3824 5155 in

529 5213 697 5263 lucem
728 5203 1037 5275 producunt,
1065 5210 1179 5248 vere
1200 5192 1307 5245 dici
1336 5196 1543 5263 possent
1577 5187 1875 5255 potentiora
1906 5181 2162 5238 Ecclesia:
2187 5195 2379 5236 sancta:
2408 5198 2553 5234 arma
2573 5222 2588 5246 ,
2619 5180 2755 5235 velut
2785 5183 2994 5253 clypeos
3023 5186 3076 5237 in
3107 5183 3359 5241 Daridica
3394 5197 3536 5243 turre
3554 5192 3824 5261 pendentes

527 5306 583 5357 in
614 5298 841 5356 medium
862 5297 1115 5366 proferre.
1158 5286 1223 5340 Et
1248 5283 1460 5357 quidem
1490 5283 1543 5333 in
1570 5280 1665 5333 hac
1696 5274 1881 5332 Dextri
1913 5277 2133 5330 historia
2155 5278 2318 5331 elucet
2341 5277 2565 5328 maxime
2593 5274 2813 5343 ﬁrmitas
2840 5275 2965 5343 fidei
2992 5281 3045 5331 in
3072 5277 3385 5348 inartyribus
3410 5320 3423 5343 ,
3466 5281 3535 5335 ad
3567 5285 3821 5354 confusio.

534 5414 647 5454 nem
678 5392 1038 5449 (itereticorum
1060 5382 1343 5437 dicentium
1365 5390 1513 5453 posse
1541 5388 1873 5447 quemquam,
1896 5380 1953 5424 ut
1978 5373 2094 5426 vita:
2116 5372 2404 5441 periculum
2426 5367 2630 5436 evadat,
2666 5369 2755 5437 fidi
2771 5383 2821 5421 in
2842 5386 2995 5437 (fuam
3022 5370 3319 5443 profitetur,
3343 5374 3620 5446 abnegare.
3639 5373 3822 5451 Fulget

529 5497 828 5547 sanctorum
849 5479 1145 5535 antistitum
1174 5474 1486 5535 auctoritas,
1508 5479 1554 5522 et
1582 5470 1634 5522 in
1667 5465 2008 5536 gubernanda
2035 5464 2272 5518 Ecclesia
2298 5462 2513 5518 solertia
2530 5504 2544 5527 ,
2570 5481 2672 5527 qua
2704 5465 3099 5531 confunduntur
3125 5465 3204 5519 illi
3227 5510 3242 5533 ,
3267 5468 3357 5538 qui
3384 5470 3725 5542 episcopalem
3741 5474 3820 5530 ἀί.

527 5587 777 5661 gnitatem
808 5586 1020 5648 negant,
1052 5582 1101 5627 et
1131 5585 1316 5624 novum
1342 5569 1605 5620 inventum
1638 5576 1824 5617 (cinere
1843 5563 2041 5616 dicunt.
2076 5561 2340 5633 Leguiuur
2360 5602 2374 5626 ,
2405 5577 2462 5615 eo
2484 5564 2601 5633 jam
2629 5570 2856 5630 tempore
2886 5560 3147 5617 admissus
3176 5564 3649 5633 peregrinationum
3678 5583 3713 5621 ιι
3741 5584 3816 5638 us,

530 5654 845 5748 ieniplorum
869 5666 1150 5737 a'di/icatio
1169 5708 1183 5731 ,
1207 5660 1526 5717 sacrosancti
1553 5655 1799 5727 sacriﬁcii
1832 5656 2011 5709 Missw
2038 5654 2126 5709 cel.
2146 5654 2340 5716 bratio,
2376 5664 2421 5707 et
2450 5655 2755 5707 exercitium
2785 5656 2956 5707 omnin
2981 5673 3009 5705 n
3040 5668 3511 5722 sacramentorum,
3544 5664 3820 5718 reverentia

522 5744 835 5846 imaginum,
858 5762 1003 5820 varia
1027 5753 1313 5820 miracula,
1349 5751 1609 5807 veneratio
1640 5760 1837 5803 sancta'
1869 5746 2119 5803 Romana:
2145 5748 2300 5809 sedis,
2338 5756 2382 5801 et
2408 5748 2452 5802 si
2478 5762 2594 5817 qute
2613 5756 2733 5802 sunt
2754 5744 2887 5812 alia,
2915 5764 3032 5821 qua:
3062 5756 3328 5807 novatores
3359 5762 3545 5831 negant
3568 5794 3583 5818 ,
3604 5770 3719 5828 quae
3742 5766 3817 5813 ta-
