  <div class='ocr_page' id='page_1' title='image "/cluster/home/n/w/nwhite01/storage/ocr_20150623/31/umn.319510024773250/015.png"; bbox 0 0 4028 6438; ppageno 0'>
   <div class='ocr_carea' id='block_1_1' title="bbox 569 309 638 373">
    <p class='ocr_par' dir='ltr' id='par_1_1' title="bbox 569 309 638 373">
     <span class='ocr_line' id='line_1_1' title="bbox 569 309 638 373; baseline -0.029 0"><span class='ocrx_word' id='word_1_1' title='bbox 569 309 638 373; x_wconf 74' lang='lat' dir='ltr'><strong>IS</strong></span> 
     </span>
    </p>
   </div>
   <div class='ocr_carea' id='block_1_2' title="bbox 562 390 1695 468">
    <p class='ocr_par' dir='ltr' id='par_1_2' title="bbox 562 390 1695 468">
     <span class='ocr_line' id='line_1_2' title="bbox 562 390 1695 468; baseline -0.02 -4"><span class='ocrx_word' id='word_1_2' title='bbox 562 404 845 464; x_wconf 72' lang='lat' dir='ltr'><strong>nobilitate</strong></span> <span class='ocrx_word' id='word_1_3' title='bbox 877 408 931 457; x_wconf 88' lang='lat' dir='ltr'><strong>et</strong></span> <span class='ocrx_word' id='word_1_4' title='bbox 974 395 1238 468; x_wconf 72' lang='lat' dir='ltr'><strong>martyrio</strong></span> <span class='ocrx_word' id='word_1_5' title='bbox 1280 390 1633 463; x_wconf 64' lang='lat' dir='ltr'><strong>constiicuam</strong></span> <span class='ocrx_word' id='word_1_6' title='bbox 1682 404 1695 441; x_wconf 93' lang='lat'>:</span> 
     </span>
    </p>
   </div>
   <div class='ocr_carea' id='block_1_3' title="bbox 561 474 2156 560">
    <p class='ocr_par' dir='ltr' id='par_1_3' title="bbox 561 474 2156 560">
     <span class='ocr_line' id='line_1_3' title="bbox 561 474 2156 560; baseline -0.018 -2"><span class='ocrx_word' id='word_1_7' title='bbox 561 500 781 558; x_wconf 83' lang='lat' dir='ltr'><strong>Laedam</strong></span> <span class='ocrx_word' id='word_1_8' title='bbox 826 508 1014 552; x_wconf 86' lang='lat' dir='ltr'><strong>sacros</strong></span> <span class='ocrx_word' id='word_1_9' title='bbox 1054 489 1337 560; x_wconf 80' lang='lat' dir='ltr'><strong>coniuges,</strong></span> <span class='ocrx_word' id='word_1_10' title='bbox 1388 499 1451 541; x_wconf 92' lang='lat' dir='ltr'><strong>ac</strong></span> <span class='ocrx_word' id='word_1_11' title='bbox 1492 483 1580 539; x_wconf 90' lang='lat' dir='ltr'><strong>sui</strong></span> <span class='ocrx_word' id='word_1_12' title='bbox 1625 487 1849 536; x_wconf 82' lang='lat' dir='ltr'><strong>senatus</strong></span> <span class='ocrx_word' id='word_1_13' title='bbox 1898 474 2156 539; x_wconf 80' lang='lat' dir='ltr'><strong>vertices,</strong></span> 
     </span>
    </p>
   </div>
   <div class='ocr_carea' id='block_1_4' title="bbox 562 567 2157 657">
    <p class='ocr_par' dir='ltr' id='par_1_4' title="bbox 562 567 2157 657">
     <span class='ocr_line' id='line_1_4' title="bbox 562 567 2157 657; baseline -0.019 -3"><span class='ocrx_word' id='word_1_14' title='bbox 562 612 687 653; x_wconf 89' lang='lat' dir='ltr'><strong>cum</strong></span> <span class='ocrx_word' id='word_1_15' title='bbox 718 591 861 657; x_wconf 88' lang='lat' dir='ltr'><strong>filiis,</strong></span> <span class='ocrx_word' id='word_1_16' title='bbox 889 600 944 645; x_wconf 90' lang='lat' dir='ltr'><strong>et</strong></span> <span class='ocrx_word' id='word_1_17' title='bbox 974 603 1040 645; x_wconf 74' lang='grc' dir='ltr'><strong>ιν</strong></span> <span class='ocrx_word' id='word_1_18' title='bbox 1060 585 1229 642; x_wconf 82' lang='lat' dir='ltr'><strong>sociis</strong></span> <span class='ocrx_word' id='word_1_19' title='bbox 1255 578 1610 652; x_wconf 72' lang='lat' dir='ltr'><strong>martyribus,</strong></span> <span class='ocrx_word' id='word_1_20' title='bbox 1644 572 1907 645; x_wconf 62' lang='lat' dir='ltr'><strong>praesules</strong></span> <span class='ocrx_word' id='word_1_21' title='bbox 1933 567 2157 636; x_wconf 87' lang='lat' dir='ltr'><strong>multos,</strong></span> 
     </span>
    </p>
   </div>
   <div class='ocr_carea' id='block_1_5' title="bbox 559 663 2157 753">
    <p class='ocr_par' dir='ltr' id='par_1_5' title="bbox 559 663 2157 753">
     <span class='ocr_line' id='line_1_5' title="bbox 559 663 2157 753; baseline -0.018 -8"><span class='ocrx_word' id='word_1_22' title='bbox 559 687 851 746; x_wconf 87' lang='lat' dir='ltr'><strong>sanctitate</strong></span> <span class='ocrx_word' id='word_1_23' title='bbox 891 679 1219 753; x_wconf 71' lang='lat' dir='ltr'><strong>spectabiles</strong></span> <span class='ocrx_word' id='word_1_24' title='bbox 1261 671 1620 746; x_wconf 80' lang='lat' dir='ltr'><strong>murtyriique</strong></span> <span class='ocrx_word' id='word_1_25' title='bbox 1659 669 1844 724; x_wconf 87' lang='lat' dir='ltr'><strong>laurea</strong></span> <span class='ocrx_word' id='word_1_26' title='bbox 1877 663 2157 734; x_wconf 81' lang='lat' dir='ltr'><strong>insignes,</strong></span> 
     </span>
    </p>
   </div>
   <div class='ocr_carea' id='block_1_6' title="bbox 558 756 2157 838">
    <p class='ocr_par' dir='ltr' id='par_1_6' title="bbox 558 756 2157 838">
     <span class='ocr_line' id='line_1_6' title="bbox 558 756 2157 838; baseline -0.018 -1"><span class='ocrx_word' id='word_1_27' title='bbox 558 779 846 838; x_wconf 80' lang='lat' dir='ltr'><strong>Etherium</strong></span> <span class='ocrx_word' id='word_1_28' title='bbox 882 776 941 832; x_wconf 88' lang='lat' dir='ltr'><strong>S.</strong></span> <span class='ocrx_word' id='word_1_29' title='bbox 980 773 1169 831; x_wconf 80' lang='lat' dir='ltr'><strong>Jacobi</strong></span> <span class='ocrx_word' id='word_1_30' title='bbox 1200 767 1528 838; x_wconf 89' lang='lat' dir='ltr'><strong>discipulum</strong></span> <span class='ocrx_word' id='word_1_31' title='bbox 1566 781 1581 818; x_wconf 87' lang='lat'><strong>:</strong></span> <span class='ocrx_word' id='word_1_32' title='bbox 1611 762 1959 829; x_wconf 86' lang='lat' dir='ltr'><strong>cherosque</strong></span> <span class='ocrx_word' id='word_1_33' title='bbox 1982 756 2157 823; x_wconf 85' lang='lat' dir='ltr'><strong>duos,</strong></span> 
     </span>
    </p>
   </div>
   <div class='ocr_carea' id='block_1_7' title="bbox 557 850 2159 953">
    <p class='ocr_par' dir='ltr' id='par_1_7' title="bbox 557 850 2159 953">
     <span class='ocr_line' id='line_1_7' title="bbox 557 850 2159 953; baseline -0.014 -24"><span class='ocrx_word' id='word_1_34' title='bbox 557 882 618 953; x_wconf 71' lang='lat' dir='ltr'><strong>et</strong></span> <span class='ocrx_word' id='word_1_35' title='bbox 638 871 918 943; x_wconf 85' lang='lat' dir='ltr'><strong>egregium</strong></span> <span class='ocrx_word' id='word_1_36' title='bbox 939 864 1145 924; x_wconf 77' lang='lat' dir='ltr'><strong>Christi</strong></span> <span class='ocrx_word' id='word_1_37' title='bbox 1173 864 1544 920; x_wconf 75' lang='lat' dir='ltr'><strong>confessorem</strong></span> <span class='ocrx_word' id='word_1_38' title='bbox 1574 852 1965 919; x_wconf 80' lang='lat' dir='ltr'><strong>Theodosium,</strong></span> <span class='ocrx_word' id='word_1_39' title='bbox 1991 850 2159 906; x_wconf 84' lang='lat' dir='ltr'><strong>Ethe-</strong></span> 
     </span>
    </p>
   </div>
   <div class='ocr_carea' id='block_1_8' title="bbox 558 942 2156 1024">
    <p class='ocr_par' dir='ltr' id='par_1_8' title="bbox 558 942 2156 1024">
     <span class='ocr_line' id='line_1_8' title="bbox 558 942 2156 1024; baseline -0.014 -4"><span class='ocrx_word' id='word_1_40' title='bbox 558 942 625 1020; x_wconf 69' lang='lat' dir='ltr'><strong>in</strong></span> <span class='ocrx_word' id='word_1_41' title='bbox 657 942 1068 1024; x_wconf 81' lang='lat' dir='ltr'><strong>successorem;</strong></span> <span class='ocrx_word' id='word_1_42' title='bbox 1103 965 1161 1012; x_wconf 91' lang='lat' dir='ltr'><strong>ut</strong></span> <span class='ocrx_word' id='word_1_43' title='bbox 1195 954 1418 1012; x_wconf 85' lang='lat' dir='ltr'><strong>interim</strong></span> <span class='ocrx_word' id='word_1_44' title='bbox 1455 950 1645 1007; x_wconf 82' lang='lat' dir='ltr'><strong>sileam</strong></span> <span class='ocrx_word' id='word_1_45' title='bbox 1685 947 1744 1005; x_wconf 88' lang='lat' dir='ltr'><strong>S.</strong></span> <span class='ocrx_word' id='word_1_46' title='bbox 1782 942 2156 1015; x_wconf 89' lang='lat' dir='ltr'><strong>Cucupltatem</strong></span> 
     </span>
    </p>
   </div>
   <div class='ocr_carea' id='block_1_9' title="bbox 555 1037 2154 1128">
    <p class='ocr_par' dir='ltr' id='par_1_9' title="bbox 555 1037 2154 1128">
     <span class='ocr_line' id='line_1_9' title="bbox 555 1037 2154 1128; baseline -0.016 -13"><span class='ocrx_word' id='word_1_47' title='bbox 555 1066 896 1128; x_wconf 81' lang='lat' dir='ltr'><strong>martyrem,</strong></span> <span class='ocrx_word' id='word_1_48' title='bbox 946 1066 1105 1124; x_wconf 86' lang='lat' dir='ltr'><strong>quem</strong></span> <span class='ocrx_word' id='word_1_49' title='bbox 1141 1048 1323 1105; x_wconf 80' lang='lat' dir='ltr'><strong>Africa</strong></span> <span class='ocrx_word' id='word_1_50' title='bbox 1364 1044 1586 1119; x_wconf 81' lang='lat' dir='ltr'><strong>quidem</strong></span> <span class='ocrx_word' id='word_1_51' title='bbox 1632 1039 1839 1098; x_wconf 88' lang='lat' dir='ltr'><strong>mundo</strong></span> <span class='ocrx_word' id='word_1_52' title='bbox 1885 1037 2154 1111; x_wconf 83' lang='lat' dir='ltr'><strong>protulit,</strong></span> 
     </span>
    </p>
   </div>
   <div class='ocr_carea' id='block_1_10' title="bbox 554 1132 2156 1209">
    <p class='ocr_par' dir='ltr' id='par_1_10' title="bbox 554 1132 2156 1209">
     <span class='ocr_line' id='line_1_10' title="bbox 554 1132 2156 1209; baseline -0.014 -1"><span class='ocrx_word' id='word_1_53' title='bbox 554 1149 657 1209; x_wconf 87' lang='lat' dir='ltr'><strong>sed</strong></span> <span class='ocrx_word' id='word_1_54' title='bbox 691 1148 960 1205; x_wconf 86' lang='lat' dir='ltr'><strong>Barcinon</strong></span> <span class='ocrx_word' id='word_1_55' title='bbox 990 1143 1212 1201; x_wconf 81' lang='lat' dir='ltr'><strong>Christo</strong></span> <span class='ocrx_word' id='word_1_56' title='bbox 1242 1138 1481 1197; x_wconf 83' lang='lat' dir='ltr'><strong>reddidit</strong></span> <span class='ocrx_word' id='word_1_57' title='bbox 1503 1134 1525 1206; x_wconf 63' lang='lat'><strong>;&#39;</strong></span> <span class='ocrx_word' id='word_1_58' title='bbox 1547 1145 1603 1192; x_wconf 91' lang='lat' dir='ltr'><strong>et</strong></span> <span class='ocrx_word' id='word_1_59' title='bbox 1628 1133 1768 1191; x_wconf 88' lang='lat' dir='ltr'><strong>alios</strong></span> <span class='ocrx_word' id='word_1_60' title='bbox 1790 1132 1995 1189; x_wconf 86' lang='lat' dir='ltr'><strong>multos</strong></span> <span class='ocrx_word' id='word_1_61' title='bbox 2018 1145 2156 1203; x_wconf 83' lang='lat' dir='ltr'><strong>quo-</strong></span> 
     </span>
    </p>
   </div>
   <div class='ocr_carea' id='block_1_11' title="bbox 554 1223 2157 1300">
    <p class='ocr_par' dir='ltr' id='par_1_11' title="bbox 554 1223 2157 1300">
     <span class='ocr_line' id='line_1_11' title="bbox 554 1223 2157 1300; baseline -0.012 -1"><span class='ocrx_word' id='word_1_62' title='bbox 554 1258 680 1300; x_wconf 85' lang='lat' dir='ltr'><strong>rum</strong></span> <span class='ocrx_word' id='word_1_63' title='bbox 714 1238 934 1297; x_wconf 89' lang='lat' dir='ltr'><strong>nomina</strong></span> <span class='ocrx_word' id='word_1_64' title='bbox 963 1246 1092 1300; x_wconf 81' lang='lat' dir='ltr'><strong>sunt</strong></span> <span class='ocrx_word' id='word_1_65' title='bbox 1126 1236 1181 1291; x_wconf 92' lang='lat' dir='ltr'><strong>in</strong></span> <span class='ocrx_word' id='word_1_66' title='bbox 1214 1233 1357 1291; x_wconf 89' lang='lat' dir='ltr'><strong>libro</strong></span> <span class='ocrx_word' id='word_1_67' title='bbox 1390 1230 1540 1287; x_wconf 69' lang='lat' dir='ltr'><strong>vitaz.</strong></span> <span class='ocrx_word' id='word_1_68' title='bbox 1575 1226 1671 1285; x_wconf 81' lang='lat' dir='ltr'><strong>llis</strong></span> <span class='ocrx_word' id='word_1_69' title='bbox 1702 1225 1974 1282; x_wconf 80' lang='lat' dir='ltr'><strong>sideribus</strong></span> <span class='ocrx_word' id='word_1_70' title='bbox 2002 1223 2157 1281; x_wconf 86' lang='lat' dir='ltr'><strong>velut</strong></span> 
     </span>
    </p>
   </div>
   <div class='ocr_carea' id='block_1_12' title="bbox 552 1318 2154 1394">
    <p class='ocr_par' dir='ltr' id='par_1_12' title="bbox 552 1318 2154 1394">
     <span class='ocr_line' id='line_1_12' title="bbox 552 1318 2154 1394; baseline -0.012 -1"><span class='ocrx_word' id='word_1_71' title='bbox 552 1338 609 1394; x_wconf 87' lang='lat' dir='ltr'><strong>in</strong></span> <span class='ocrx_word' id='word_1_72' title='bbox 660 1336 1006 1391; x_wconf 84' lang='lat' dir='ltr'><strong>firmamento</strong></span> <span class='ocrx_word' id='word_1_73' title='bbox 1052 1329 1224 1387; x_wconf 87' lang='lat' dir='ltr'><strong>nobili</strong></span> <span class='ocrx_word' id='word_1_74' title='bbox 1274 1323 1740 1385; x_wconf 84' lang='lat' dir='ltr'><strong>consistentibus,</strong></span> <span class='ocrx_word' id='word_1_75' title='bbox 1787 1318 1976 1377; x_wconf 88' lang='lat' dir='ltr'><strong>addita</strong></span> <span class='ocrx_word' id='word_1_76' title='bbox 2023 1323 2154 1376; x_wconf 88' lang='lat' dir='ltr'><strong>sunt</strong></span> 
     </span>
    </p>
   </div>
   <div class='ocr_carea' id='block_1_13' title="bbox 553 1413 2151 1490">
    <p class='ocr_par' dir='ltr' id='par_1_13' title="bbox 553 1413 2151 1490">
     <span class='ocr_line' id='line_1_13' title="bbox 553 1413 2151 1490; baseline -0.013 -1"><span class='ocrx_word' id='word_1_77' title='bbox 553 1430 848 1489; x_wconf 80' lang='lat' dir='ltr'><strong>Barcinoni</strong></span> <span class='ocrx_word' id='word_1_78' title='bbox 869 1428 937 1485; x_wconf 90' lang='lat' dir='ltr'><strong>ad</strong></span> <span class='ocrx_word' id='word_1_79' title='bbox 957 1427 1217 1483; x_wconf 90' lang='lat' dir='ltr'><strong>decorem</strong></span> <span class='ocrx_word' id='word_1_80' title='bbox 1236 1422 1348 1479; x_wconf 91' lang='lat' dir='ltr'><strong>duo</strong></span> <span class='ocrx_word' id='word_1_81' title='bbox 1369 1420 1497 1490; x_wconf 89' lang='lat' dir='ltr'><strong>alia,</strong></span> <span class='ocrx_word' id='word_1_82' title='bbox 1522 1427 1850 1475; x_wconf 67' lang='lat' dir='ltr'><strong>creterorum</strong></span> <span class='ocrx_word' id='word_1_83' title='bbox 1871 1413 2151 1478; x_wconf 66' lang='lat' dir='ltr'><strong>concites,</strong></span> 
     </span>
    </p>
   </div>
   <div class='ocr_carea' id='block_1_14' title="bbox 550 1504 2151 1597">
    <p class='ocr_par' dir='ltr' id='par_1_14' title="bbox 550 1504 2151 1597">
     <span class='ocr_line' id='line_1_14' title="bbox 550 1504 2151 1597; baseline -0.014 -14"><span class='ocrx_word' id='word_1_84' title='bbox 550 1536 709 1597; x_wconf 88' lang='lat' dir='ltr'><strong>pater</strong></span> <span class='ocrx_word' id='word_1_85' title='bbox 729 1539 790 1580; x_wconf 88' lang='lat' dir='ltr'><strong>ac</strong></span> <span class='ocrx_word' id='word_1_86' title='bbox 817 1523 1003 1579; x_wconf 80' lang='lat' dir='ltr'><strong>illius:</strong></span> <span class='ocrx_word' id='word_1_87' title='bbox 1033 1519 1320 1584; x_wconf 85' lang='lat' dir='ltr'><strong>Pacianus,</strong></span> <span class='ocrx_word' id='word_1_88' title='bbox 1349 1515 1588 1585; x_wconf 88' lang='lat' dir='ltr'><strong>inquam,</strong></span> <span class='ocrx_word' id='word_1_89' title='bbox 1613 1519 1670 1566; x_wconf 88' lang='lat' dir='ltr'><strong>et</strong></span> <span class='ocrx_word' id='word_1_90' title='bbox 1701 1508 1920 1566; x_wconf 80' lang='lat' dir='ltr'><strong>Dexter.</strong></span> <span class='ocrx_word' id='word_1_91' title='bbox 1951 1504 2151 1574; x_wconf 82' lang='lat' dir='ltr'><strong>Quidni</strong></span> 
     </span>
    </p>
   </div>
   <div class='ocr_carea' id='block_1_15' title="bbox 552 1599 2151 1684">
    <p class='ocr_par' dir='ltr' id='par_1_15' title="bbox 552 1599 2151 1684">
     <span class='ocr_line' id='line_1_15' title="bbox 552 1599 2151 1684; baseline -0.013 -6"><span class='ocrx_word' id='word_1_92' title='bbox 552 1636 651 1677; x_wconf 85' lang='lat' dir='ltr'><strong>eos</strong></span> <span class='ocrx_word' id='word_1_93' title='bbox 676 1618 856 1676; x_wconf 88' lang='lat' dir='ltr'><strong>sidera</strong></span> <span class='ocrx_word' id='word_1_94' title='bbox 881 1615 1132 1678; x_wconf 80' lang='lat' dir='ltr'><strong>dixerim,</strong></span> <span class='ocrx_word' id='word_1_95' title='bbox 1154 1626 1291 1684; x_wconf 87' lang='lat' dir='ltr'><strong>quos</strong></span> <span class='ocrx_word' id='word_1_96' title='bbox 1315 1609 1501 1665; x_wconf 85' lang='lat' dir='ltr'><strong>claros</strong></span> <span class='ocrx_word' id='word_1_97' title='bbox 1521 1605 1769 1663; x_wconf 85' lang='lat' dir='ltr'><strong>doctrina</strong></span> <span class='ocrx_word' id='word_1_98' title='bbox 1798 1611 1852 1658; x_wconf 86' lang='lat' dir='ltr'><strong>et</strong></span> <span class='ocrx_word' id='word_1_99' title='bbox 1881 1599 2151 1672; x_wconf 77' lang='lat' dir='ltr'><strong>dignitate</strong></span> 
     </span>
    </p>
   </div>
   <div class='ocr_carea' id='block_1_16' title="bbox 552 1695 2144 1779">
    <p class='ocr_par' dir='ltr' id='par_1_16' title="bbox 552 1695 2144 1779">
     <span class='ocr_line' id='line_1_16' title="bbox 552 1695 2144 1779; baseline -0.014 -8"><span class='ocrx_word' id='word_1_100' title='bbox 552 1722 785 1770; x_wconf 88' lang='lat' dir='ltr'><strong>testatur</strong></span> <span class='ocrx_word' id='word_1_101' title='bbox 821 1712 1216 1779; x_wconf 85' lang='lat' dir='ltr'><strong>Hieronymus,</strong></span> <span class='ocrx_word' id='word_1_102' title='bbox 1251 1713 1308 1762; x_wconf 91' lang='lat' dir='ltr'><strong>et</strong></span> <span class='ocrx_word' id='word_1_103' title='bbox 1336 1713 1521 1759; x_wconf 86' lang='lat' dir='ltr'><strong>tamen</strong></span> <span class='ocrx_word' id='word_1_104' title='bbox 1550 1698 1753 1757; x_wconf 88' lang='lat' dir='ltr'><strong>Danieli</strong></span> <span class='ocrx_word' id='word_1_105' title='bbox 1779 1698 1987 1754; x_wconf 87' lang='lat' dir='ltr'><strong>dictum</strong></span> <span class='ocrx_word' id='word_1_106' title='bbox 2012 1695 2144 1751; x_wconf 84' lang='lat' dir='ltr'><strong>fuit:</strong></span> 
     </span>
    </p>
   </div>
   <div class='ocr_carea' id='block_1_17' title="bbox 1480 250 3881 353">
    <p class='ocr_par' dir='ltr' id='par_1_17' title="bbox 1480 250 3881 353">
     <span class='ocr_line' id='line_1_17' title="bbox 1480 250 3881 353; baseline -0.013 -1"><span class='ocrx_word' id='word_1_107' title='bbox 1480 289 1781 353; x_wconf 76' lang='lat' dir='ltr'><strong>FLAVIUS</strong></span> <span class='ocrx_word' id='word_1_108' title='bbox 1817 284 2068 347; x_wconf 82' lang='lat' dir='ltr'><strong>LUCIUS</strong></span> <span class='ocrx_word' id='word_1_109' title='bbox 2106 277 2391 340; x_wconf 77' lang='lat' dir='ltr'><strong>DEXTER</strong></span> <span class='ocrx_word' id='word_1_110' title='bbox 2427 263 2960 336; x_wconf 77' lang='lat' dir='ltr'><strong>CHRONOLOGUS.</strong></span> <span class='ocrx_word' id='word_1_111' title='bbox 3723 351 3741 353; x_wconf 83' lang='lat'>_</span> <span class='ocrx_word' id='word_1_112' title='bbox 3795 250 3881 321; x_wconf 65' lang='grc'><strong>18</strong></span> 
     </span>
    </p>
   </div>
   <div class='ocr_carea' id='block_1_18' title="bbox 1683 351 3881 447">
    <p class='ocr_par' dir='ltr' id='par_1_18' title="bbox 1683 351 3881 447">
     <span class='ocr_line' id='line_1_18' title="bbox 1683 351 3881 447; baseline -0.016 -6"><span class='ocrx_word' id='word_1_113' title='bbox 1683 404 1696 441; x_wconf 92' lang='lat'><strong>:</strong></span> <span class='ocrx_word' id='word_1_114' title='bbox 1742 383 2046 447; x_wconf 80' lang='lat' dir='ltr'><strong>Pliiletnm,</strong></span> <span class='ocrx_word' id='word_1_115' title='bbox 2091 392 2157 435; x_wconf 85' lang='lat' dir='ltr'><strong>ac</strong></span> <span class='ocrx_word' id='word_1_116' title='bbox 2183 380 2232 437; x_wconf 82' lang='lat' dir='ltr'><strong>A</strong></span> <span class='ocrx_word' id='word_1_117' title='bbox 2258 373 2444 442; x_wconf 81' lang='lat' dir='ltr'><strong>ciens,</strong></span> <span class='ocrx_word' id='word_1_118' title='bbox 2479 367 2704 441; x_wconf 82' lang='lat' dir='ltr'><strong>speciali</strong></span> <span class='ocrx_word' id='word_1_119' title='bbox 2735 365 2894 423; x_wconf 87' lang='lat' dir='ltr'><strong>titulo</strong></span> <span class='ocrx_word' id='word_1_120' title='bbox 2920 360 3249 419; x_wconf 84' lang='lat' dir='ltr'><strong>Ciceronem</strong></span> <span class='ocrx_word' id='word_1_121' title='bbox 3284 359 3446 414; x_wconf 77' lang='lat' dir='ltr'><strong>vocat</strong></span> <span class='ocrx_word' id='word_1_122' title='bbox 3472 364 3669 411; x_wconf 83' lang='lat' dir='ltr'><strong>suum:</strong></span> <span class='ocrx_word' id='word_1_123' title='bbox 3704 351 3881 421; x_wconf 74' lang='lat' dir='ltr'><strong>Quod</strong></span> 
     </span>
    </p>
   </div>
   <div class='ocr_carea' id='block_1_19' title="bbox 2262 447 3883 536">
    <p class='ocr_par' dir='ltr' id='par_1_19' title="bbox 2262 447 3883 536">
     <span class='ocr_line' id='line_1_19' title="bbox 2262 447 3883 536; baseline -0.015 -11"><span class='ocrx_word' id='word_1_124' title='bbox 2262 467 2464 532; x_wconf 86' lang='lat' dir='ltr'><strong>Cicero,</strong></span> <span class='ocrx_word' id='word_1_125' title='bbox 2497 464 2691 536; x_wconf 89' lang='lat' dir='ltr'><strong>inquit,</strong></span> <span class='ocrx_word' id='word_1_126' title='bbox 2722 474 2865 530; x_wconf 84' lang='lat' dir='ltr'><strong>tuus,</strong></span> <span class='ocrx_word' id='word_1_127' title='bbox 2888 458 2979 532; x_wconf 85' lang='lat' dir='ltr'><strong>qui</strong></span> <span class='ocrx_word' id='word_1_128' title='bbox 3006 458 3059 511; x_wconf 83' lang='lat' dir='ltr'><strong>in</strong></span> <span class='ocrx_word' id='word_1_129' title='bbox 3083 471 3203 511; x_wconf 87' lang='lat' dir='ltr'><strong>arce</strong></span> <span class='ocrx_word' id='word_1_130' title='bbox 3231 452 3367 511; x_wconf 85' lang='lat' dir='ltr'><strong>stetit</strong></span> <span class='ocrx_word' id='word_1_131' title='bbox 3396 447 3723 522; x_wconf 74' lang='lat' dir='ltr'><strong>eloquentite,</strong></span> <span class='ocrx_word' id='word_1_132' title='bbox 3756 462 3883 503; x_wconf 76' lang='lat' dir='ltr'><strong>non</strong></span> 
     </span>
    </p>
   </div>
   <div class='ocr_carea' id='block_1_20' title="bbox 2261 540 3883 629">
    <p class='ocr_par' dir='ltr' id='par_1_20' title="bbox 2261 540 3883 629">
     <span class='ocr_line' id='line_1_20' title="bbox 2261 540 3883 629; baseline -0.015 -11"><span class='ocrx_word' id='word_1_133' title='bbox 2261 571 2334 617; x_wconf 87' lang='lat' dir='ltr'><strong>est</strong></span> <span class='ocrx_word' id='word_1_134' title='bbox 2359 562 2529 629; x_wconf 73' lang='lat' dir='ltr'><strong>facere</strong></span> <span class='ocrx_word' id='word_1_135' title='bbox 2545 555 2854 626; x_wconf 77' lang='lat' dir='ltr'><strong>dedignatus</strong></span> <span class='ocrx_word' id='word_1_136' title='bbox 2872 552 2928 606; x_wconf 85' lang='lat' dir='ltr'><strong>in</strong></span> <span class='ocrx_word' id='word_1_137' title='bbox 2948 548 3132 618; x_wconf 85' lang='lat' dir='ltr'><strong>Bruto,</strong></span> <span class='ocrx_word' id='word_1_138' title='bbox 3158 554 3425 604; x_wconf 79' lang='lat' dir='ltr'><strong>oratorum</strong></span> <span class='ocrx_word' id='word_1_139' title='bbox 3443 540 3652 598; x_wconf 69' lang='lat' dir='ltr'><strong>Latina</strong></span> <span class='ocrx_word' id='word_1_140' title='bbox 3667 540 3883 614; x_wconf 74' lang='lat' dir='ltr'><strong>linguc</strong></span> 
     </span>
    </p>
   </div>
   <div class='ocr_carea' id='block_1_21' title="bbox 2261 632 3880 722">
    <p class='ocr_par' dir='ltr' id='par_1_21' title="bbox 2261 632 3880 722">
     <span class='ocr_line' id='line_1_21' title="bbox 2261 632 3880 722; baseline -0.014 -15"><span class='ocrx_word' id='word_1_141' title='bbox 2261 664 2439 711; x_wconf 69' lang='lat' dir='ltr'><strong>texens</strong></span> <span class='ocrx_word' id='word_1_142' title='bbox 2488 650 2807 722; x_wconf 78' lang='lat' dir='ltr'><strong>catalogum,</strong></span> <span class='ocrx_word' id='word_1_143' title='bbox 2850 652 2907 703; x_wconf 87' lang='lat' dir='ltr'><strong>et</strong></span> <span class='ocrx_word' id='word_1_144' title='bbox 2939 657 3081 702; x_wconf 85' lang='lat' dir='ltr'><strong>onus</strong></span> <span class='ocrx_word' id='word_1_145' title='bbox 3121 641 3303 713; x_wconf 85' lang='lat' dir='ltr'><strong>ipsum</strong></span> <span class='ocrx_word' id='word_1_146' title='bbox 3337 634 3485 709; x_wconf 86' lang='lat' dir='ltr'><strong>quod</strong></span> <span class='ocrx_word' id='word_1_147' title='bbox 3527 632 3880 705; x_wconf 79' lang='lat' dir='ltr'><strong>Hieronymo</strong></span> 
     </span>
    </p>
   </div>
   <div class='ocr_carea' id='block_1_22' title="bbox 2261 725 3881 819">
    <p class='ocr_par' dir='ltr' id='par_1_22' title="bbox 2261 725 3881 819">
     <span class='ocr_line' id='line_1_22' title="bbox 2261 725 3881 819; baseline -0.014 -14"><span class='ocrx_word' id='word_1_148' title='bbox 2261 745 2520 819; x_wconf 89' lang='lat' dir='ltr'><strong>imposuit</strong></span> <span class='ocrx_word' id='word_1_149' title='bbox 2544 744 2723 801; x_wconf 90' lang='lat' dir='ltr'><strong>adhuc</strong></span> <span class='ocrx_word' id='word_1_150' title='bbox 2740 740 2954 813; x_wconf 82' lang='lat' dir='ltr'><strong>juvenis</strong></span> <span class='ocrx_word' id='word_1_151' title='bbox 2981 747 3289 812; x_wconf 77' lang='lat' dir='ltr'><strong>provocans</strong></span> <span class='ocrx_word' id='word_1_152' title='bbox 3317 732 3501 801; x_wconf 86' lang='lat' dir='ltr'><strong>illum,</strong></span> <span class='ocrx_word' id='word_1_153' title='bbox 3522 739 3605 798; x_wconf 90' lang='lat' dir='ltr'><strong>ut,</strong></span> <span class='ocrx_word' id='word_1_154' title='bbox 3627 725 3695 785; x_wconf 88' lang='lat' dir='ltr'><strong>ad</strong></span> <span class='ocrx_word' id='word_1_155' title='bbox 3724 726 3881 785; x_wconf 83' lang='lat' dir='ltr'><strong>Sue-</strong></span> 
     </span>
    </p>
   </div>
   <div class='ocr_carea' id='block_1_23' title="bbox 2260 827 3876 909">
    <p class='ocr_par' dir='ltr' id='par_1_23' title="bbox 2260 827 3876 909">
     <span class='ocr_line' id='line_1_23' title="bbox 2260 827 3876 909; baseline -0.014 -9"><span class='ocrx_word' id='word_1_156' title='bbox 2260 844 2397 900; x_wconf 89' lang='lat' dir='ltr'><strong>tonii</strong></span> <span class='ocrx_word' id='word_1_157' title='bbox 2425 837 2762 909; x_wconf 80' lang='lat' dir='ltr'><strong>exemplum,</strong></span> <span class='ocrx_word' id='word_1_158' title='bbox 2790 836 2973 893; x_wconf 86' lang='lat' dir='ltr'><strong>claros</strong></span> <span class='ocrx_word' id='word_1_159' title='bbox 3002 832 3129 890; x_wconf 86' lang='lat' dir='ltr'><strong>fidei</strong></span> <span class='ocrx_word' id='word_1_160' title='bbox 3156 828 3487 887; x_wconf 70' lang='lat' dir='ltr'><strong>Christiana:</strong></span> <span class='ocrx_word' id='word_1_161' title='bbox 3506 833 3778 890; x_wconf 83' lang='lat' dir='ltr'><strong>oratores,</strong></span> <span class='ocrx_word' id='word_1_162' title='bbox 3808 827 3876 877; x_wconf 74' lang='lat' dir='ltr'><strong>et</strong></span> 
     </span>
    </p>
   </div>
   <div class='ocr_carea' id='block_1_24' title="bbox 2260 916 3876 1011">
    <p class='ocr_par' dir='ltr' id='par_1_24' title="bbox 2260 916 3876 1011">
     <span class='ocr_line' id='line_1_24' title="bbox 2260 916 3876 1011; baseline -0.015 -15"><span class='ocrx_word' id='word_1_163' title='bbox 2260 938 2504 1011; x_wconf 79' lang='lat' dir='ltr'><strong>insignes</strong></span> <span class='ocrx_word' id='word_1_164' title='bbox 2535 932 2800 992; x_wconf 74' lang='lat' dir='ltr'><strong>Ecclesia:</strong></span> <span class='ocrx_word' id='word_1_165' title='bbox 2834 931 3100 989; x_wconf 88' lang='lat' dir='ltr'><strong>Doctores</strong></span> <span class='ocrx_word' id='word_1_166' title='bbox 3122 924 3279 984; x_wconf 76' lang='lat' dir='ltr'><strong>brevi</strong></span> <span class='ocrx_word' id='word_1_167' title='bbox 3310 920 3562 992; x_wconf 73' lang='lat' dir='ltr'><strong>catalogo</strong></span> <span class='ocrx_word' id='word_1_168' title='bbox 3590 916 3876 987; x_wconf 79' lang='lat' dir='ltr'><strong>astringe-</strong></span> 
     </span>
    </p>
   </div>
   <div class='ocr_carea' id='block_1_25' title="bbox 2256 1014 3874 1103">
    <p class='ocr_par' dir='ltr' id='par_1_25' title="bbox 2256 1014 3874 1103">
     <span class='ocr_line' id='line_1_25' title="bbox 2256 1014 3874 1103; baseline -0.015 -11"><span class='ocrx_word' id='word_1_169' title='bbox 2256 1043 2363 1099; x_wconf 84' lang='lat' dir='ltr'><strong>ret,</strong></span> <span class='ocrx_word' id='word_1_170' title='bbox 2396 1039 2444 1087; x_wconf 85' lang='lat' dir='ltr'><strong>et</strong></span> <span class='ocrx_word' id='word_1_171' title='bbox 2475 1029 2619 1103; x_wconf 83' lang='lat' dir='ltr'><strong>quod</strong></span> <span class='ocrx_word' id='word_1_172' title='bbox 2642 1027 2735 1083; x_wconf 85' lang='lat' dir='ltr'><strong>ille</strong></span> <span class='ocrx_word' id='word_1_173' title='bbox 2765 1027 2819 1082; x_wconf 83' lang='lat' dir='ltr'><strong>in</strong></span> <span class='ocrx_word' id='word_1_174' title='bbox 2857 1020 3221 1081; x_wconf 62' lang='lat' dir='ltr'><strong>enumerandis</strong></span> <span class='ocrx_word' id='word_1_175' title='bbox 3262 1017 3532 1091; x_wconf 74' lang='lat' dir='ltr'><strong>gentilium</strong></span> <span class='ocrx_word' id='word_1_176' title='bbox 3565 1014 3874 1069; x_wconf 68' lang='lat' dir='ltr'><strong>litterarum</strong></span> 
     </span>
    </p>
   </div>
   <div class='ocr_carea' id='block_1_26' title="bbox 2255 1115 3873 1195">
    <p class='ocr_par' dir='ltr' id='par_1_26' title="bbox 2255 1115 3873 1195">
     <span class='ocr_line' id='line_1_26' title="bbox 2255 1115 3873 1195; baseline -0.015 -10"><span class='ocrx_word' id='word_1_177' title='bbox 2255 1127 2379 1185; x_wconf 71' lang='lat' dir='ltr'><strong>uiris</strong></span> <span class='ocrx_word' id='word_1_178' title='bbox 2406 1124 2701 1183; x_wconf 68' lang='lat' dir='ltr'><strong>illustribus</strong></span> <span class='ocrx_word' id='word_1_179' title='bbox 2723 1122 2939 1195; x_wconf 72' lang='lat' dir='ltr'><strong>fecerat,</strong></span> <span class='ocrx_word' id='word_1_180' title='bbox 2962 1118 3072 1191; x_wconf 82' lang='lat' dir='ltr'><strong>ipse</strong></span> <span class='ocrx_word' id='word_1_181' title='bbox 3092 1117 3147 1171; x_wconf 89' lang='lat' dir='ltr'><strong>in</strong></span> <span class='ocrx_word' id='word_1_182' title='bbox 3171 1115 3361 1171; x_wconf 86' lang='lat' dir='ltr'><strong>nostris</strong></span> <span class='ocrx_word' id='word_1_183' title='bbox 3381 1115 3578 1183; x_wconf 82' lang='lat' dir='ltr'><strong>faceret</strong></span> <span class='ocrx_word' id='word_1_184' title='bbox 3599 1127 3617 1162; x_wconf 92' lang='lat'><strong><em>:</em></strong></span> <span class='ocrx_word' id='word_1_185' title='bbox 3640 1116 3698 1164; x_wconf 86' lang='lat' dir='ltr'><strong>et</strong></span> <span class='ocrx_word' id='word_1_186' title='bbox 3716 1119 3873 1179; x_wconf 67' lang='lat' dir='ltr'><strong>prm-</strong></span> 
     </span>
    </p>
   </div>
   <div class='ocr_carea' id='block_1_27' title="bbox 2256 1201 3872 1285">
    <p class='ocr_par' dir='ltr' id='par_1_27' title="bbox 2256 1201 3872 1285">
     <span class='ocr_line' id='line_1_27' title="bbox 2256 1201 3872 1285; baseline -0.014 -6"><span class='ocrx_word' id='word_1_187' title='bbox 2256 1234 2385 1279; x_wconf 87' lang='lat' dir='ltr'><strong>sens</strong></span> <span class='ocrx_word' id='word_1_188' title='bbox 2430 1217 2745 1275; x_wconf 85' lang='lat' dir='ltr'><strong>Clironicon</strong></span> <span class='ocrx_word' id='word_1_189' title='bbox 2786 1210 3156 1285; x_wconf 84' lang='lat' dir='ltr'><strong>eloquentiam</strong></span> <span class='ocrx_word' id='word_1_190' title='bbox 3200 1204 3439 1265; x_wconf 89' lang='lat' dir='ltr'><strong>hominis</strong></span> <span class='ocrx_word' id='word_1_191' title='bbox 3484 1216 3609 1259; x_wconf 86' lang='lat' dir='ltr'><strong>cum</strong></span> <span class='ocrx_word' id='word_1_192' title='bbox 3652 1201 3872 1273; x_wconf 80' lang='lat' dir='ltr'><strong>pietate</strong></span> 
     </span>
    </p>
   </div>
   <div class='ocr_carea' id='block_1_28' title="bbox 2255 1293 3871 1388">
    <p class='ocr_par' dir='ltr' id='par_1_28' title="bbox 2255 1293 3871 1388">
     <span class='ocr_line' id='line_1_28' title="bbox 2255 1293 3871 1388; baseline -0.015 -15"><span class='ocrx_word' id='word_1_193' title='bbox 2255 1314 2608 1388; x_wconf 79' lang='lat' dir='ltr'><strong>coniunctam</strong></span> <span class='ocrx_word' id='word_1_194' title='bbox 2639 1309 2845 1369; x_wconf 87' lang='lat' dir='ltr'><strong>clamat</strong></span> <span class='ocrx_word' id='word_1_195' title='bbox 2875 1328 2891 1367; x_wconf 85' lang='lat'><strong>:</strong></span> <span class='ocrx_word' id='word_1_196' title='bbox 2924 1320 3051 1364; x_wconf 89' lang='lat' dir='ltr'><strong>nam</strong></span> <span class='ocrx_word' id='word_1_197' title='bbox 3073 1305 3149 1361; x_wconf 88' lang='lat' dir='ltr'><strong>ita</strong></span> <span class='ocrx_word' id='word_1_198' title='bbox 3179 1299 3438 1358; x_wconf 88' lang='lat' dir='ltr'><strong>humanis</strong></span> <span class='ocrx_word' id='word_1_199' title='bbox 3458 1294 3690 1352; x_wconf 84' lang='lat' dir='ltr'><strong>vacabat</strong></span> <span class='ocrx_word' id='word_1_200' title='bbox 3712 1293 3871 1351; x_wconf 83' lang='lat' dir='ltr'><strong>litte-</strong></span> 
     </span>
    </p>
   </div>
   <div class='ocr_carea' id='block_1_29' title="bbox 2254 1388 3744 1473">
    <p class='ocr_par' dir='ltr' id='par_1_29' title="bbox 2254 1388 3744 1473">
     <span class='ocr_line' id='line_1_29' title="bbox 2254 1388 3744 1473; baseline -0.016 -6"><span class='ocrx_word' id='word_1_201' title='bbox 2254 1410 2357 1473; x_wconf 85' lang='lat' dir='ltr'><strong>ris.</strong></span> <span class='ocrx_word' id='word_1_202' title='bbox 2385 1414 2445 1464; x_wconf 91' lang='lat' dir='ltr'><strong>ut</strong></span> <span class='ocrx_word' id='word_1_203' title='bbox 2471 1403 2860 1463; x_wconf 77' lang='lat' dir='ltr'><strong>ecclesiastica:</strong></span> <span class='ocrx_word' id='word_1_204' title='bbox 2888 1396 3145 1457; x_wconf 64' lang='lat' dir='ltr'><strong>historias</strong></span> <span class='ocrx_word' id='word_1_205' title='bbox 3164 1390 3358 1453; x_wconf 86' lang='lat' dir='ltr'><strong>sedulo</strong></span> <span class='ocrx_word' id='word_1_206' title='bbox 3383 1388 3744 1448; x_wconf 83' lang='lat' dir='ltr'><strong>incumberet.</strong></span> 
     </span>
    </p>
   </div>
   <div class='ocr_carea' id='block_1_30' title="bbox 2325 1478 3861 1561">
    <p class='ocr_par' dir='ltr' id='par_1_30' title="bbox 2325 1478 3861 1561">
     <span class='ocr_line' id='line_1_30' title="bbox 2325 1478 3861 1561; baseline -0.015 -1"><span class='ocrx_word' id='word_1_207' title='bbox 2325 1502 2599 1561; x_wconf 62' lang='lat' dir='ltr'><strong>Ceterum</strong></span> <span class='ocrx_word' id='word_1_208' title='bbox 2630 1495 3017 1554; x_wconf 73' lang='lat' dir='ltr'><strong>adolescentia:</strong></span> <span class='ocrx_word' id='word_1_209' title='bbox 3047 1500 3221 1549; x_wconf 85' lang='lat' dir='ltr'><strong>metas</strong></span> <span class='ocrx_word' id='word_1_210' title='bbox 3259 1484 3504 1544; x_wconf 87' lang='lat' dir='ltr'><strong>nondum</strong></span> <span class='ocrx_word' id='word_1_211' title='bbox 3534 1478 3817 1542; x_wconf 78' lang='lat' dir='ltr'><strong>excedens</strong></span> <span class='ocrx_word' id='word_1_212' title='bbox 3839 1519 3861 1546; x_wconf 86' lang='lat'><strong>,</strong></span> 
     </span>
    </p>
   </div>
   <div class='ocr_carea' id='block_1_31' title="bbox 2252 1573 3864 1659">
    <p class='ocr_par' dir='ltr' id='par_1_31' title="bbox 2252 1573 3864 1659">
     <span class='ocr_line' id='line_1_31' title="bbox 2252 1573 3864 1659; baseline -0.016 -3"><span class='ocrx_word' id='word_1_213' title='bbox 2252 1593 2619 1656; x_wconf 82' lang='lat' dir='ltr'><strong>sacramentis</strong></span> <span class='ocrx_word' id='word_1_214' title='bbox 2640 1588 2969 1651; x_wconf 90' lang='lat' dir='ltr'><strong>militaribus</strong></span> <span class='ocrx_word' id='word_1_215' title='bbox 2991 1586 3337 1659; x_wconf 87' lang='lat' dir='ltr'><strong>implicatur;</strong></span> <span class='ocrx_word' id='word_1_216' title='bbox 3358 1578 3507 1655; x_wconf 89' lang='lat' dir='ltr'><strong>quod</strong></span> <span class='ocrx_word' id='word_1_217' title='bbox 3532 1589 3705 1649; x_wconf 83' lang='lat' dir='ltr'><strong>genus</strong></span> <span class='ocrx_word' id='word_1_218' title='bbox 3728 1573 3864 1630; x_wconf 72' lang='lat' dir='ltr'><strong>vita:</strong></span> 
     </span>
    </p>
   </div>
   <div class='ocr_carea' id='block_1_32' title="bbox 2253 1670 3861 1765">
    <p class='ocr_par' dir='ltr' id='par_1_32' title="bbox 2253 1670 3861 1765">
     <span class='ocr_line' id='line_1_32' title="bbox 2253 1670 3861 1765; baseline -0.014 -15"><span class='ocrx_word' id='word_1_219' title='bbox 2253 1708 2321 1751; x_wconf 91' lang='lat' dir='ltr'><strong>eo</strong></span> <span class='ocrx_word' id='word_1_220' title='bbox 2351 1689 2657 1765; x_wconf 80' lang='lat' dir='ltr'><strong>praesertim</strong></span> <span class='ocrx_word' id='word_1_221' title='bbox 2703 1697 2951 1757; x_wconf 81' lang='lat' dir='ltr'><strong>tempore</strong></span> <span class='ocrx_word' id='word_1_222' title='bbox 2987 1680 3252 1740; x_wconf 80' lang='lat' dir='ltr'><strong>nobilium</strong></span> <span class='ocrx_word' id='word_1_223' title='bbox 3290 1676 3534 1734; x_wconf 83' lang='lat' dir='ltr'><strong>virorum</strong></span> <span class='ocrx_word' id='word_1_224' title='bbox 3573 1670 3705 1728; x_wconf 75' lang='lat' dir='ltr'><strong>ﬁliis</strong></span> <span class='ocrx_word' id='word_1_225' title='bbox 3735 1676 3861 1727; x_wconf 82' lang='lat' dir='ltr'><strong>toto</strong></span> 
     </span>
    </p>
   </div>
   <div class='ocr_carea' id='block_1_33' title="bbox 552 1761 3863 1879">
    <p class='ocr_par' dir='ltr' id='par_1_33' title="bbox 552 1761 3863 1879">
     <span class='ocr_line' id='line_1_33' title="bbox 552 1761 3863 1879; baseline -0.014 -16"><span class='ocrx_word' id='word_1_226' title='bbox 552 1808 662 1878; x_wconf 79' lang='lat' dir='ltr'><strong>Qui</strong></span> <span class='ocrx_word' id='word_1_227' title='bbox 680 1806 748 1861; x_wconf 83' lang='lat' dir='ltr'><strong>ad</strong></span> <span class='ocrx_word' id='word_1_228' title='bbox 765 1761 1048 1879; x_wconf 31' lang='lat' dir='ltr'><strong>justitiam;</strong></span> <span class='ocrx_word' id='word_1_229' title='bbox 1061 1800 1304 1856; x_wconf 85' lang='lat' dir='ltr'><strong>erudiunt</strong></span> <span class='ocrx_word' id='word_1_230' title='bbox 1335 1802 1545 1861; x_wconf 88' lang='lat' dir='ltr'><strong>multos,</strong></span> <span class='ocrx_word' id='word_1_231' title='bbox 1578 1793 1728 1865; x_wconf 83' lang='lat' dir='ltr'><strong>quasi</strong></span> <span class='ocrx_word' id='word_1_232' title='bbox 1756 1788 1922 1847; x_wconf 68' lang='lat' dir='ltr'><strong>stellis</strong></span> <span class='ocrx_word' id='word_1_233' title='bbox 1949 1790 2003 1845; x_wconf 87' lang='lat' dir='ltr'><strong>in</strong></span> <span class='ocrx_word' id='word_1_234' title='bbox 2025 1804 2147 1861; x_wconf 85' lang='lat' dir='ltr'><strong>per-</strong></span> <span class='ocrx_word' id='word_1_235' title='bbox 2175 1770 2227 1834; x_wconf 80' lang='grc' dir='ltr'><strong>Β</strong></span> <span class='ocrx_word' id='word_1_236' title='bbox 2255 1761 2486 1843; x_wconf 78' lang='lat' dir='ltr'><strong>Roman.</strong></span> <span class='ocrx_word' id='word_1_237' title='bbox 2514 1783 2745 1854; x_wconf 89' lang='lat' dir='ltr'><strong>imperio</strong></span> <span class='ocrx_word' id='word_1_238' title='bbox 2765 1778 2991 1836; x_wconf 87' lang='lat' dir='ltr'><strong>charum</strong></span> <span class='ocrx_word' id='word_1_239' title='bbox 3013 1783 3157 1842; x_wconf 89' lang='lat' dir='ltr'><strong>erat,</strong></span> <span class='ocrx_word' id='word_1_240' title='bbox 3187 1781 3246 1830; x_wconf 88' lang='lat' dir='ltr'><strong>et</strong></span> <span class='ocrx_word' id='word_1_241' title='bbox 3270 1768 3549 1843; x_wconf 65' lang='lat' dir='ltr'><strong>prazcipue</strong></span> <span class='ocrx_word' id='word_1_242' title='bbox 3575 1764 3631 1821; x_wconf 88' lang='lat' dir='ltr'><strong>itt</strong></span> <span class='ocrx_word' id='word_1_243' title='bbox 3656 1761 3863 1834; x_wconf 86' lang='lat' dir='ltr'><strong>Hispa-</strong></span> 
     </span>
     <span class='ocr_line' id='line_1_34' title="bbox 2552 1853 3857 1879; baseline 0 0"><span class='ocrx_word' id='word_1_244' title='bbox 2552 1876 2567 1879; x_wconf 61' lang='lat'><strong>-</strong></span> <span class='ocrx_word' id='word_1_245' title='bbox 2924 1870 2977 1879; x_wconf 86' lang='lat'><strong>...</strong></span> <span class='ocrx_word' id='word_1_246' title='bbox 3037 1869 3053 1879; x_wconf 74' lang='grc' dir='ltr'>ι</span> <span class='ocrx_word' id='word_1_247' title='bbox 3170 1866 3183 1879; x_wconf 81' lang='grc' dir='ltr'>ι</span> <span class='ocrx_word' id='word_1_248' title='bbox 3208 1866 3220 1878; x_wconf 81' lang='grc' dir='ltr'><strong><em>ο</em></strong></span> <span class='ocrx_word' id='word_1_249' title='bbox 3310 1862 3351 1879; x_wconf 37' lang='grc' dir='ltr'><strong>ιλ</strong></span> <span class='ocrx_word' id='word_1_250' title='bbox 3375 1876 3457 1879; x_wconf 81' lang='lat'>____</span> <span class='ocrx_word' id='word_1_251' title='bbox 3504 1853 3857 1879; x_wconf 63' lang='grc' dir='ltr'><strong>σιοι.--]-..ε..-</strong></span> 
     </span>
    </p>
   </div>
   <div class='ocr_carea' id='block_1_34' title="bbox 548 1882 2148 1969">
    <p class='ocr_par' dir='ltr' id='par_1_34' title="bbox 548 1882 2148 1969">
     <span class='ocr_line' id='line_1_35' title="bbox 548 1882 2148 1969; baseline -0.011 -13"><span class='ocrx_word' id='word_1_252' title='bbox 548 1911 733 1969; x_wconf 77' lang='lat' dir='ltr'><strong>petitas</strong></span> <span class='ocrx_word' id='word_1_253' title='bbox 749 1896 1060 1954; x_wconf 75' lang='lat' dir='ltr'><strong>reternitates</strong></span> <span class='ocrx_word' id='word_1_254' title='bbox 1076 1896 1100 1949; x_wconf 81' lang='lat'><strong><em>?</em></strong></span> <span class='ocrx_word' id='word_1_255' title='bbox 1116 1893 1194 1949; x_wconf 88' lang='lat' dir='ltr'><strong>De</strong></span> <span class='ocrx_word' id='word_1_256' title='bbox 1209 1890 1450 1948; x_wconf 83' lang='lat' dir='ltr'><strong>Paciano</strong></span> <span class='ocrx_word' id='word_1_257' title='bbox 1470 1888 1863 1958; x_wconf 83' lang='lat' dir='ltr'><strong>Hieronymus:</strong></span> <span class='ocrx_word' id='word_1_258' title='bbox 1884 1882 2148 1940; x_wconf 80' lang='lat' dir='ltr'><strong>Pacianus</strong></span> 
     </span>
    </p>
   </div>
   <div class='ocr_carea' id='block_1_35' title="bbox 551 1977 2146 2062">
    <p class='ocr_par' dir='ltr' id='par_1_35' title="bbox 551 1977 2146 2062">
     <span class='ocr_line' id='line_1_36' title="bbox 551 1977 2146 2062; baseline -0.011 -14"><span class='ocrx_word' id='word_1_259' title='bbox 551 1989 848 2049; x_wconf 70' lang='lat' dir='ltr'><strong>Barcilome</strong></span> <span class='ocrx_word' id='word_1_260' title='bbox 877 1991 1171 2062; x_wconf 83' lang='lat' dir='ltr'><strong>episcopus,</strong></span> <span class='ocrx_word' id='word_1_261' title='bbox 1205 1986 1468 2050; x_wconf 78' lang='lat' dir='ltr'><strong>castitate,</strong></span> <span class='ocrx_word' id='word_1_262' title='bbox 1511 1982 1719 2053; x_wconf 89' lang='lat' dir='ltr'><strong>inquit,</strong></span> <span class='ocrx_word' id='word_1_263' title='bbox 1752 1989 1801 2035; x_wconf 87' lang='lat' dir='ltr'><strong>et</strong></span> <span class='ocrx_word' id='word_1_264' title='bbox 1830 1977 2146 2050; x_wconf 73' lang='lat' dir='ltr'><strong>eloquentia,</strong></span> 
     </span>
    </p>
   </div>
   <div class='ocr_carea' id='block_1_36' title="bbox 548 2072 2142 2156">
    <p class='ocr_par' dir='ltr' id='par_1_36' title="bbox 548 2072 2142 2156">
     <span class='ocr_line' id='line_1_37' title="bbox 548 2072 2142 2156; baseline -0.01 -13"><span class='ocrx_word' id='word_1_265' title='bbox 548 2096 601 2144; x_wconf 82' lang='lat' dir='ltr'><strong>et</strong></span> <span class='ocrx_word' id='word_1_266' title='bbox 646 2097 754 2141; x_wconf 88' lang='lat' dir='ltr'><strong>tam</strong></span> <span class='ocrx_word' id='word_1_267' title='bbox 789 2086 925 2152; x_wconf 77' lang='lat' dir='ltr'><strong>rita,</strong></span> <span class='ocrx_word' id='word_1_268' title='bbox 960 2098 1117 2156; x_wconf 83' lang='lat' dir='ltr'><strong>quam</strong></span> <span class='ocrx_word' id='word_1_269' title='bbox 1162 2094 1396 2136; x_wconf 81' lang='lat' dir='ltr'><strong>sermone</strong></span> <span class='ocrx_word' id='word_1_270' title='bbox 1436 2076 1653 2137; x_wconf 75' lang='lat' dir='ltr'><strong>clarus;</strong></span> <span class='ocrx_word' id='word_1_271' title='bbox 1693 2082 1748 2129; x_wconf 89' lang='lat' dir='ltr'><strong>et</strong></span> <span class='ocrx_word' id='word_1_272' title='bbox 1792 2072 1863 2129; x_wconf 86' lang='lat' dir='ltr'><strong>de</strong></span> <span class='ocrx_word' id='word_1_273' title='bbox 1906 2072 2142 2139; x_wconf 81' lang='lat' dir='ltr'><strong>Dextro,</strong></span> 
     </span>
    </p>
   </div>
   <div class='ocr_carea' id='block_1_37' title="bbox 548 2162 2147 2245">
    <p class='ocr_par' dir='ltr' id='par_1_37' title="bbox 548 2162 2147 2245">
     <span class='ocr_line' id='line_1_38' title="bbox 548 2162 2147 2245; baseline -0.014 -6"><span class='ocrx_word' id='word_1_274' title='bbox 548 2179 749 2238; x_wconf 75' lang='lat' dir='ltr'><strong>Dexter</strong></span> <span class='ocrx_word' id='word_1_275' title='bbox 773 2177 1016 2240; x_wconf 86' lang='lat' dir='ltr'><strong>Paciant’,</strong></span> <span class='ocrx_word' id='word_1_276' title='bbox 1048 2175 1115 2231; x_wconf 84' lang='lat' dir='ltr'><strong>de</strong></span> <span class='ocrx_word' id='word_1_277' title='bbox 1141 2189 1243 2245; x_wconf 85' lang='lat' dir='ltr'><strong>quo</strong></span> <span class='ocrx_word' id='word_1_278' title='bbox 1267 2186 1426 2243; x_wconf 82' lang='lat' dir='ltr'><strong>supra</strong></span> <span class='ocrx_word' id='word_1_279' title='bbox 1447 2169 1577 2234; x_wconf 71' lang='lat' dir='ltr'><strong>dixi,</strong></span> <span class='ocrx_word' id='word_1_280' title='bbox 1611 2166 1772 2237; x_wconf 78' lang='lat' dir='ltr'><strong>ﬁlius,</strong></span> <span class='ocrx_word' id='word_1_281' title='bbox 1803 2164 1981 2219; x_wconf 77' lang='lat' dir='ltr'><strong>clarus</strong></span> <span class='ocrx_word' id='word_1_282' title='bbox 2004 2162 2147 2236; x_wconf 79' lang='lat' dir='ltr'><strong>apud</strong></span> 
     </span>
    </p>
   </div>
   <div class='ocr_carea' id='block_1_38' title="bbox 547 2256 2148 2339">
    <p class='ocr_par' dir='ltr' id='par_1_38' title="bbox 547 2256 2148 2339">
     <span class='ocr_line' id='line_1_39' title="bbox 547 2256 2148 2339; baseline -0.011 -10"><span class='ocrx_word' id='word_1_283' title='bbox 547 2270 834 2339; x_wconf 73' lang='lat' dir='ltr'><strong>uocatum,</strong></span> <span class='ocrx_word' id='word_1_284' title='bbox 866 2279 914 2326; x_wconf 85' lang='lat' dir='ltr'><strong>et</strong></span> <span class='ocrx_word' id='word_1_285' title='bbox 943 2266 1134 2324; x_wconf 81' lang='lat' dir='ltr'><strong>Christi</strong></span> <span class='ocrx_word' id='word_1_286' title='bbox 1173 2265 1294 2336; x_wconf 73' lang='lat' dir='ltr'><strong>ﬁdei</strong></span> <span class='ocrx_word' id='word_1_287' title='bbox 1336 2263 1562 2319; x_wconf 82' lang='lat' dir='ltr'><strong>deditus.</strong></span> <span class='ocrx_word' id='word_1_288' title='bbox 1595 2260 1739 2317; x_wconf 78' lang='lat' dir='ltr'><strong>Sane</strong></span> <span class='ocrx_word' id='word_1_289' title='bbox 1780 2258 1839 2316; x_wconf 89' lang='lat' dir='ltr'><strong>S.</strong></span> <span class='ocrx_word' id='word_1_290' title='bbox 1880 2256 2148 2313; x_wconf 87' lang='lat' dir='ltr'><strong>l‘acianus</strong></span> 
     </span>
    </p>
   </div>
   <div class='ocr_carea' id='block_1_39' title="bbox 552 2352 2147 2427">
    <p class='ocr_par' dir='ltr' id='par_1_39' title="bbox 552 2352 2147 2427">
     <span class='ocr_line' id='line_1_40' title="bbox 552 2352 2147 2427; baseline -0.011 -5"><span class='ocrx_word' id='word_1_291' title='bbox 552 2380 678 2422; x_wconf 89' lang='lat' dir='ltr'><strong>cum</strong></span> <span class='ocrx_word' id='word_1_292' title='bbox 702 2362 940 2420; x_wconf 84' lang='lat' dir='ltr'><strong>nondum</strong></span> <span class='ocrx_word' id='word_1_293' title='bbox 958 2367 1109 2417; x_wconf 88' lang='lat' dir='ltr'><strong>esset</strong></span> <span class='ocrx_word' id='word_1_294' title='bbox 1124 2358 1414 2427; x_wconf 88' lang='lat' dir='ltr'><strong>cpiscopus</strong></span> <span class='ocrx_word' id='word_1_295' title='bbox 1430 2370 1497 2410; x_wconf 75' lang='lat' dir='ltr'><strong>ex</strong></span> <span class='ocrx_word' id='word_1_296' title='bbox 1515 2352 1754 2423; x_wconf 84' lang='lat' dir='ltr'><strong>legitima</strong></span> <span class='ocrx_word' id='word_1_297' title='bbox 1773 2362 1943 2406; x_wconf 76' lang='lat' dir='ltr'><strong>uxore</strong></span> <span class='ocrx_word' id='word_1_298' title='bbox 1960 2362 2147 2406; x_wconf 84' lang='lat' dir='ltr'><strong>susce-</strong></span> 
     </span>
    </p>
   </div>
   <div class='ocr_carea' id='block_1_40' title="bbox 546 2444 2148 2529">
    <p class='ocr_par' dir='ltr' id='par_1_40' title="bbox 546 2444 2148 2529">
     <span class='ocr_line' id='line_1_41' title="bbox 546 2444 2148 2529; baseline -0.008 -17"><span class='ocrx_word' id='word_1_299' title='bbox 546 2457 696 2529; x_wconf 81' lang='lat' dir='ltr'><strong>pisse</strong></span> <span class='ocrx_word' id='word_1_300' title='bbox 731 2455 992 2511; x_wconf 75' lang='lat' dir='ltr'><strong>Dextrnnt</strong></span> <span class='ocrx_word' id='word_1_301' title='bbox 1014 2494 1028 2516; x_wconf 90' lang='lat'><strong>,</strong></span> <span class='ocrx_word' id='word_1_302' title='bbox 1067 2450 1198 2508; x_wconf 86' lang='lat' dir='ltr'><strong>illud</strong></span> <span class='ocrx_word' id='word_1_303' title='bbox 1232 2446 1536 2513; x_wconf 88' lang='lat' dir='ltr'><strong>convincit,</strong></span> <span class='ocrx_word' id='word_1_304' title='bbox 1565 2445 1708 2516; x_wconf 89' lang='lat' dir='ltr'><strong>quod</strong></span> <span class='ocrx_word' id='word_1_305' title='bbox 1740 2444 1885 2500; x_wconf 88' lang='lat' dir='ltr'><strong>inter</strong></span> <span class='ocrx_word' id='word_1_306' title='bbox 1913 2451 2148 2499; x_wconf 83' lang='lat' dir='ltr'><strong>caeteras</strong></span> 
     </span>
    </p>
   </div>
   <div class='ocr_carea' id='block_1_41' title="bbox 546 2533 2149 2614">
    <p class='ocr_par' dir='ltr' id='par_1_41' title="bbox 546 2533 2149 2614">
     <span class='ocr_line' id='line_1_42' title="bbox 546 2533 2149 2614; baseline -0.009 -12"><span class='ocrx_word' id='word_1_307' title='bbox 546 2547 717 2602; x_wconf 87' lang='lat' dir='ltr'><strong>animi</strong></span> <span class='ocrx_word' id='word_1_308' title='bbox 746 2561 811 2601; x_wconf 89' lang='lat' dir='ltr'><strong>ac</strong></span> <span class='ocrx_word' id='word_1_309' title='bbox 840 2542 1087 2614; x_wconf 70' lang='lat' dir='ltr'><strong>corporis</strong></span> <span class='ocrx_word' id='word_1_310' title='bbox 1118 2540 1273 2596; x_wconf 88' lang='lat' dir='ltr'><strong>dotes</strong></span> <span class='ocrx_word' id='word_1_311' title='bbox 1302 2537 1530 2594; x_wconf 76' lang='lat' dir='ltr'><strong>castitas</strong></span> <span class='ocrx_word' id='word_1_312' title='bbox 1557 2537 1678 2606; x_wconf 73' lang='lat' dir='ltr'><strong>ejus</strong></span> <span class='ocrx_word' id='word_1_313' title='bbox 1709 2533 1972 2606; x_wconf 81' lang='lat' dir='ltr'><strong>singulari</strong></span> <span class='ocrx_word' id='word_1_314' title='bbox 2007 2548 2149 2605; x_wconf 69' lang='lat' dir='ltr'><strong>prte-</strong></span> 
     </span>
    </p>
   </div>
   <div class='ocr_carea' id='block_1_42' title="bbox 553 2625 2145 2708">
    <p class='ocr_par' dir='ltr' id='par_1_42' title="bbox 553 2625 2145 2708">
     <span class='ocr_line' id='line_1_43' title="bbox 553 2625 2145 2708; baseline -0.009 -12"><span class='ocrx_word' id='word_1_315' title='bbox 553 2640 716 2696; x_wconf 91' lang='lat' dir='ltr'><strong>conio</strong></span> <span class='ocrx_word' id='word_1_316' title='bbox 754 2654 783 2692; x_wconf 92' lang='lat' dir='ltr'><strong>a</strong></span> <span class='ocrx_word' id='word_1_317' title='bbox 824 2636 1159 2708; x_wconf 76' lang='lat' dir='ltr'><strong>Hieronymo</strong></span> <span class='ocrx_word' id='word_1_318' title='bbox 1195 2630 1632 2689; x_wconf 83' lang='lat' dir='ltr'><strong>commendatur.</strong></span> <span class='ocrx_word' id='word_1_319' title='bbox 1681 2628 1951 2684; x_wconf 84' lang='lat' dir='ltr'><strong>Pacianus</strong></span> <span class='ocrx_word' id='word_1_320' title='bbox 1995 2625 2145 2700; x_wconf 89' lang='lat' dir='ltr'><strong>(ait)</strong></span> 
     </span>
    </p>
   </div>
   <div class='ocr_carea' id='block_1_43' title="bbox 552 2721 2146 2797">
    <p class='ocr_par' dir='ltr' id='par_1_43' title="bbox 552 2721 2146 2797">
     <span class='ocr_line' id='line_1_44' title="bbox 552 2721 2146 2797; baseline -0.006 -11"><span class='ocrx_word' id='word_1_321' title='bbox 552 2734 791 2788; x_wconf 84' lang='lat' dir='ltr'><strong>castitate</strong></span> <span class='ocrx_word' id='word_1_322' title='bbox 820 2740 868 2788; x_wconf 86' lang='lat' dir='ltr'><strong>et</strong></span> <span class='ocrx_word' id='word_1_323' title='bbox 891 2728 1181 2797; x_wconf 78' lang='lat' dir='ltr'><strong>eloquentia</strong></span> <span class='ocrx_word' id='word_1_324' title='bbox 1204 2727 1399 2794; x_wconf 89' lang='lat' dir='ltr'><strong>clarus,</strong></span> <span class='ocrx_word' id='word_1_325' title='bbox 1431 2721 1575 2796; x_wconf 86' lang='lat' dir='ltr'><strong>quod</strong></span> <span class='ocrx_word' id='word_1_326' title='bbox 1606 2722 1674 2779; x_wconf 87' lang='lat' dir='ltr'><strong>de</strong></span> <span class='ocrx_word' id='word_1_327' title='bbox 1704 2723 1943 2787; x_wconf 65' lang='lat' dir='ltr'><strong>malcho,</strong></span> <span class='ocrx_word' id='word_1_328' title='bbox 1973 2735 2146 2792; x_wconf 85' lang='lat' dir='ltr'><strong>quan-</strong></span> 
     </span>
    </p>
   </div>
   <div class='ocr_carea' id='block_1_44' title="bbox 552 2813 2145 2897">
    <p class='ocr_par' dir='ltr' id='par_1_44' title="bbox 552 2813 2145 2897">
     <span class='ocr_line' id='line_1_45' title="bbox 552 2813 2145 2897; baseline -0.008 -15"><span class='ocrx_word' id='word_1_329' title='bbox 552 2837 899 2897; x_wconf 86' lang='lat' dir='ltr'><strong>tumcumque</strong></span> <span class='ocrx_word' id='word_1_330' title='bbox 926 2825 1247 2895; x_wconf 62' lang='lat' dir='ltr'><strong>praenitente,</strong></span> <span class='ocrx_word' id='word_1_331' title='bbox 1283 2820 1391 2876; x_wconf 88' lang='lat' dir='ltr'><strong>dici</strong></span> <span class='ocrx_word' id='word_1_332' title='bbox 1431 2833 1538 2874; x_wconf 91' lang='lat' dir='ltr'><strong>non</strong></span> <span class='ocrx_word' id='word_1_333' title='bbox 1564 2824 1766 2887; x_wconf 87' lang='lat' dir='ltr'><strong>posset.</strong></span> <span class='ocrx_word' id='word_1_334' title='bbox 1794 2813 2145 2871; x_wconf 81' lang='lat' dir='ltr'><strong>Nobilitatem</strong></span> 
     </span>
    </p>
   </div>
   <div class='ocr_carea' id='block_1_45' title="bbox 550 2907 2147 2991">
    <p class='ocr_par' dir='ltr' id='par_1_45' title="bbox 550 2907 2147 2991">
     <span class='ocr_line' id='line_1_46' title="bbox 550 2907 2147 2991; baseline -0.008 -15"><span class='ocrx_word' id='word_1_335' title='bbox 550 2919 771 2991; x_wconf 75' lang='lat' dir='ltr'><strong>generis</strong></span> <span class='ocrx_word' id='word_1_336' title='bbox 800 2919 892 2974; x_wconf 84' lang='lat' dir='ltr'><strong>illa</strong></span> <span class='ocrx_word' id='word_1_337' title='bbox 924 2917 1164 2973; x_wconf 86' lang='lat' dir='ltr'><strong>indicant</strong></span> <span class='ocrx_word' id='word_1_338' title='bbox 1193 2914 1360 2970; x_wconf 83' lang='lat' dir='ltr'><strong>verba</strong></span> <span class='ocrx_word' id='word_1_339' title='bbox 1394 2909 1706 2982; x_wconf 76' lang='lat' dir='ltr'><strong>Hieronymi</strong></span> <span class='ocrx_word' id='word_1_340' title='bbox 1743 2928 1756 2963; x_wconf 92' lang='lat'>:</span> <span class='ocrx_word' id='word_1_341' title='bbox 1788 2907 1975 2965; x_wconf 84' lang='lat' dir='ltr'><strong>Clarus</strong></span> <span class='ocrx_word' id='word_1_342' title='bbox 2003 2908 2147 2980; x_wconf 80' lang='lat' dir='ltr'><strong>apud</strong></span> 
     </span>
    </p>
   </div>
   <div class='ocr_carea' id='block_1_46' title="bbox 550 3001 2148 3081">
    <p class='ocr_par' dir='ltr' id='par_1_46' title="bbox 550 3001 2148 3081">
     <span class='ocr_line' id='line_1_47' title="bbox 550 3001 2148 3081; baseline -0.005 -16"><span class='ocrx_word' id='word_1_343' title='bbox 550 3011 840 3078; x_wconf 81' lang='lat' dir='ltr'><strong>steculum,</strong></span> <span class='ocrx_word' id='word_1_344' title='bbox 883 3009 1192 3081; x_wconf 72' lang='lat' dir='ltr'><strong>prmsertim</strong></span> <span class='ocrx_word' id='word_1_345' title='bbox 1240 3005 1430 3061; x_wconf 83' lang='lat' dir='ltr'><strong>Dextri</strong></span> <span class='ocrx_word' id='word_1_346' title='bbox 1476 3002 1666 3059; x_wconf 84' lang='lat' dir='ltr'><strong>laudes</strong></span> <span class='ocrx_word' id='word_1_347' title='bbox 1710 3002 1889 3059; x_wconf 87' lang='lat' dir='ltr'><strong>adhuc</strong></span> <span class='ocrx_word' id='word_1_348' title='bbox 1932 3001 2148 3072; x_wconf 80' lang='lat' dir='ltr'><strong>iuvenis</strong></span> 
     </span>
    </p>
   </div>
   <div class='ocr_carea' id='block_1_47' title="bbox 553 3095 2146 3168">
    <p class='ocr_par' dir='ltr' id='par_1_47' title="bbox 553 3095 2146 3168">
     <span class='ocr_line' id='line_1_48' title="bbox 553 3095 2146 3168; baseline -0.006 -8"><span class='ocrx_word' id='word_1_349' title='bbox 553 3102 968 3168; x_wconf 84' lang='lat' dir='ltr'><strong>concernentia,</strong></span> <span class='ocrx_word' id='word_1_350' title='bbox 999 3117 1068 3157; x_wconf 90' lang='lat' dir='ltr'><strong>eo</strong></span> <span class='ocrx_word' id='word_1_351' title='bbox 1101 3099 1354 3154; x_wconf 72' lang='lat' dir='ltr'><strong>videlicet</strong></span> <span class='ocrx_word' id='word_1_352' title='bbox 1388 3097 1531 3151; x_wconf 80' lang='lat' dir='ltr'><strong>dicta</strong></span> <span class='ocrx_word' id='word_1_353' title='bbox 1560 3105 1830 3167; x_wconf 88' lang='lat' dir='ltr'><strong>tempore,</strong></span> <span class='ocrx_word' id='word_1_354' title='bbox 1862 3110 1969 3168; x_wconf 89' lang='lat' dir='ltr'><strong>quo</strong></span> <span class='ocrx_word' id='word_1_355' title='bbox 1995 3095 2146 3167; x_wconf 79' lang='lat' dir='ltr'><strong>vige-</strong></span> 
     </span>
    </p>
   </div>
   <div class='ocr_carea' id='block_1_48' title="bbox 2252 1853 3859 1952">
    <p class='ocr_par' dir='ltr' id='par_1_48' title="bbox 2252 1853 3859 1952">
     <span class='ocr_line' id='line_1_49' title="bbox 2252 1853 3859 1952; baseline -0.017 -14"><span class='ocrx_word' id='word_1_356' title='bbox 2252 1882 2341 1939; x_wconf 88' lang='lat' dir='ltr'><strong>nia</strong></span> <span class='ocrx_word' id='word_1_357' title='bbox 2366 1923 2382 1951; x_wconf 90' lang='lat'><strong>,</strong></span> <span class='ocrx_word' id='word_1_358' title='bbox 2424 1876 2571 1952; x_wconf 89' lang='lat' dir='ltr'><strong>quod</strong></span> <span class='ocrx_word' id='word_1_359' title='bbox 2596 1853 2873 1947; x_wconf 81' lang='lat' dir='ltr'><strong>magnum</strong></span> <span class='ocrx_word' id='word_1_360' title='bbox 2922 1869 3055 1927; x_wconf 91' lang='lat' dir='ltr'><strong>illud</strong></span> <span class='ocrx_word' id='word_1_361' title='bbox 3100 1866 3255 1923; x_wconf 90' lang='lat' dir='ltr'><strong>orbis</strong></span> <span class='ocrx_word' id='word_1_362' title='bbox 3293 1862 3461 1920; x_wconf 88' lang='lat' dir='ltr'><strong>decus</strong></span> <span class='ocrx_word' id='word_1_363' title='bbox 3504 1853 3859 1952; x_wconf 75' lang='lat' dir='ltr'><strong>Theodosius</strong></span> 
     </span>
    </p>
   </div>
   <div class='ocr_carea' id='block_1_49' title="bbox 2250 1948 3858 2041">
    <p class='ocr_par' dir='ltr' id='par_1_49' title="bbox 2250 1948 3858 2041">
     <span class='ocr_line' id='line_1_50' title="bbox 2250 1948 3858 2041; baseline -0.019 -8"><span class='ocrx_word' id='word_1_364' title='bbox 2250 1948 2458 2041; x_wconf 76' lang='lat' dir='ltr'><strong>senior,</strong></span> <span class='ocrx_word' id='word_1_365' title='bbox 2482 1986 2613 2030; x_wconf 85' lang='lat' dir='ltr'><strong>vere</strong></span> <span class='ocrx_word' id='word_1_366' title='bbox 2634 1971 2687 2027; x_wconf 90' lang='lat' dir='ltr'><strong>in</strong></span> <span class='ocrx_word' id='word_1_367' title='bbox 2709 1967 2921 2027; x_wconf 86' lang='lat' dir='ltr'><strong>cunctis</strong></span> <span class='ocrx_word' id='word_1_368' title='bbox 2939 1963 3184 2035; x_wconf 64' lang='lat' dir='ltr'><strong>Haguus,</strong></span> <span class='ocrx_word' id='word_1_369' title='bbox 3212 1957 3339 2014; x_wconf 87' lang='lat' dir='ltr'><strong>inde</strong></span> <span class='ocrx_word' id='word_1_370' title='bbox 3361 1954 3429 2010; x_wconf 87' lang='lat' dir='ltr'><strong>ad</strong></span> <span class='ocrx_word' id='word_1_371' title='bbox 3456 1948 3673 2024; x_wconf 88' lang='lat' dir='ltr'><strong>imperii</strong></span> <span class='ocrx_word' id='word_1_372' title='bbox 3697 1948 3858 2006; x_wconf 88' lang='lat' dir='ltr'><strong>fasti-</strong></span> 
     </span>
    </p>
   </div>
   <div class='ocr_carea' id='block_1_50' title="bbox 2249 2045 3853 2142">
    <p class='ocr_par' dir='ltr' id='par_1_50' title="bbox 2249 2045 3853 2142">
     <span class='ocr_line' id='line_1_51' title="bbox 2249 2045 3853 2142; baseline -0.017 -17"><span class='ocrx_word' id='word_1_373' title='bbox 2249 2070 2397 2142; x_wconf 85' lang='lat' dir='ltr'><strong>gium</strong></span> <span class='ocrx_word' id='word_1_374' title='bbox 2438 2075 2570 2123; x_wconf 87' lang='lat' dir='ltr'><strong>tunc</strong></span> <span class='ocrx_word' id='word_1_375' title='bbox 2608 2070 2835 2122; x_wconf 82' lang='lat' dir='ltr'><strong>evectus</strong></span> <span class='ocrx_word' id='word_1_376' title='bbox 2872 2058 3083 2122; x_wconf 87' lang='lat' dir='ltr'><strong>fuerat&#39;,</strong></span> <span class='ocrx_word' id='word_1_377' title='bbox 3124 2066 3270 2109; x_wconf 89' lang='lat' dir='ltr'><strong>anno</strong></span> <span class='ocrx_word' id='word_1_378' title='bbox 3298 2045 3506 2105; x_wconf 82' lang='lat' dir='ltr'><strong>Christi</strong></span> <span class='ocrx_word' id='word_1_379' title='bbox 3546 2056 3853 2101; x_wconf 75' lang='lat' dir='ltr'><strong>cccuxu.</strong></span> 
     </span>
    </p>
   </div>
   <div class='ocr_carea' id='block_1_51' title="bbox 2250 2141 3851 2231">
    <p class='ocr_par' dir='ltr' id='par_1_51' title="bbox 2250 2141 3851 2231">
     <span class='ocr_line' id='line_1_52' title="bbox 2250 2141 3851 2231; baseline -0.018 -11"><span class='ocrx_word' id='word_1_380' title='bbox 2250 2141 2367 2220; x_wconf 83' lang='lat' dir='ltr'><strong>Sub</strong></span> <span class='ocrx_word' id='word_1_381' title='bbox 2404 2168 2556 2216; x_wconf 91' lang='lat' dir='ltr'><strong>tanto</strong></span> <span class='ocrx_word' id='word_1_382' title='bbox 2589 2157 2755 2231; x_wconf 83' lang='lat' dir='ltr'><strong>igitur</strong></span> <span class='ocrx_word' id='word_1_383' title='bbox 2784 2151 3032 2227; x_wconf 85' lang='lat' dir='ltr'><strong>principe</strong></span> <span class='ocrx_word' id='word_1_384' title='bbox 3069 2146 3273 2205; x_wconf 78' lang='lat' dir='ltr'><strong>Dexter</strong></span> <span class='ocrx_word' id='word_1_385' title='bbox 3300 2141 3554 2199; x_wconf 83' lang='lat' dir='ltr'><strong>militiam</strong></span> <span class='ocrx_word' id='word_1_386' title='bbox 3590 2144 3851 2231; x_wconf 81' lang='lat' dir='ltr'><strong>secutus,</strong></span> 
     </span>
    </p>
   </div>
   <div class='ocr_carea' id='block_1_52' title="bbox 2249 2228 3855 2316">
    <p class='ocr_par' dir='ltr' id='par_1_52' title="bbox 2249 2228 3855 2316">
     <span class='ocr_line' id='line_1_53' title="bbox 2249 2228 3855 2316; baseline -0.018 -3"><span class='ocrx_word' id='word_1_387' title='bbox 2249 2266 2303 2314; x_wconf 91' lang='lat' dir='ltr'><strong>et</strong></span> <span class='ocrx_word' id='word_1_388' title='bbox 2332 2253 2544 2311; x_wconf 86' lang='lat' dir='ltr'><strong>nobiles</strong></span> <span class='ocrx_word' id='word_1_389' title='bbox 2564 2228 2706 2307; x_wconf 81' lang='lat' dir='ltr'><strong>inea</strong></span> <span class='ocrx_word' id='word_1_390' title='bbox 2730 2247 2935 2304; x_wconf 86' lang='lat' dir='ltr'><strong>faciens</strong></span> <span class='ocrx_word' id='word_1_391' title='bbox 2958 2253 3283 2316; x_wconf 86' lang='lat' dir='ltr'><strong>progressus</strong></span> <span class='ocrx_word' id='word_1_392' title='bbox 3305 2232 3634 2293; x_wconf 86' lang='lat' dir='ltr'><strong>militaribus</strong></span> <span class='ocrx_word' id='word_1_393' title='bbox 3650 2228 3855 2302; x_wconf 81' lang='lat' dir='ltr'><strong>grada-</strong></span> 
     </span>
    </p>
   </div>
   <div class='ocr_carea' id='block_1_53' title="bbox 2251 2322 3857 2406">
    <p class='ocr_par' dir='ltr' id='par_1_53' title="bbox 2251 2322 3857 2406">
     <span class='ocr_line' id='line_1_54' title="bbox 2251 2322 3857 2406; baseline -0.016 0"><span class='ocrx_word' id='word_1_394' title='bbox 2251 2349 2347 2406; x_wconf 89' lang='lat' dir='ltr'><strong>tim</strong></span> <span class='ocrx_word' id='word_1_395' title='bbox 2392 2344 2693 2403; x_wconf 88' lang='lat' dir='ltr'><strong>honoribus</strong></span> <span class='ocrx_word' id='word_1_396' title='bbox 2726 2338 3014 2399; x_wconf 85' lang='lat' dir='ltr'><strong>sublimari</strong></span> <span class='ocrx_word' id='word_1_397' title='bbox 3046 2352 3063 2391; x_wconf 90' lang='lat'><strong>:</strong></span> <span class='ocrx_word' id='word_1_398' title='bbox 3095 2343 3151 2391; x_wconf 86' lang='lat' dir='ltr'><strong>et</strong></span> <span class='ocrx_word' id='word_1_399' title='bbox 3186 2333 3261 2389; x_wconf 85' lang='lat' dir='ltr'><strong>ita</strong></span> <span class='ocrx_word' id='word_1_400' title='bbox 3300 2327 3519 2386; x_wconf 72' lang='lat' dir='ltr'><strong>tandem</strong></span> <span class='ocrx_word' id='word_1_401' title='bbox 3552 2324 3623 2382; x_wconf 83' lang='lat' dir='ltr'><strong>ad</strong></span> <span class='ocrx_word' id='word_1_402' title='bbox 3651 2322 3857 2396; x_wconf 65' lang='lat' dir='ltr'><strong>prafe-</strong></span> 
     </span>
    </p>
   </div>
   <div class='ocr_carea' id='block_1_54' title="bbox 2248 2420 3851 2512">
    <p class='ocr_par' dir='ltr' id='par_1_54' title="bbox 2248 2420 3851 2512">
     <span class='ocr_line' id='line_1_55' title="bbox 2248 2420 3851 2512; baseline -0.017 -10"><span class='ocrx_word' id='word_1_403' title='bbox 2248 2452 2456 2502; x_wconf 87' lang='lat' dir='ltr'><strong>cturam</strong></span> <span class='ocrx_word' id='word_1_404' title='bbox 2484 2436 2727 2512; x_wconf 73' lang='lat' dir='ltr'><strong>praetorii</strong></span> <span class='ocrx_word' id='word_1_405' title='bbox 2764 2432 3057 2491; x_wconf 83' lang='lat' dir='ltr'><strong>Orientalis</strong></span> <span class='ocrx_word' id='word_1_406' title='bbox 3097 2425 3354 2499; x_wconf 81' lang='lat' dir='ltr'><strong>imperii,</strong></span> <span class='ocrx_word' id='word_1_407' title='bbox 3386 2420 3534 2493; x_wconf 85' lang='lat' dir='ltr'><strong>quod</strong></span> <span class='ocrx_word' id='word_1_408' title='bbox 3572 2432 3851 2477; x_wconf 87' lang='lat' dir='ltr'><strong>summum</strong></span> 
     </span>
    </p>
   </div>
   <div class='ocr_carea' id='block_1_55' title="bbox 2251 2516 3851 2596">
    <p class='ocr_par' dir='ltr' id='par_1_55' title="bbox 2251 2516 3851 2596">
     <span class='ocr_line' id='line_1_56' title="bbox 2251 2516 3851 2596; baseline -0.015 -3"><span class='ocrx_word' id='word_1_409' title='bbox 2251 2545 2371 2594; x_wconf 89' lang='lat' dir='ltr'><strong>erat</strong></span> <span class='ocrx_word' id='word_1_410' title='bbox 2399 2532 2668 2596; x_wconf 88' lang='lat' dir='ltr'><strong>munium,</strong></span> <span class='ocrx_word' id='word_1_411' title='bbox 2697 2526 3073 2585; x_wconf 86' lang='lat' dir='ltr'><strong>conscendere</strong></span> <span class='ocrx_word' id='word_1_412' title='bbox 3099 2518 3321 2578; x_wconf 86' lang='lat' dir='ltr'><strong>meruit.</strong></span> <span class='ocrx_word' id='word_1_413' title='bbox 3343 2516 3532 2572; x_wconf 78' lang='lat' dir='ltr'><strong>Annos</strong></span> <span class='ocrx_word' id='word_1_414' title='bbox 3556 2521 3713 2570; x_wconf 90' lang='lat' dir='ltr'><strong>natus</strong></span> <span class='ocrx_word' id='word_1_415' title='bbox 3735 2527 3851 2569; x_wconf 89' lang='lat' dir='ltr'><strong>non</strong></span> 
     </span>
    </p>
   </div>
   <div class='ocr_carea' id='block_1_56' title="bbox 2251 2608 3852 2702">
    <p class='ocr_par' dir='ltr' id='par_1_56' title="bbox 2251 2608 3852 2702">
     <span class='ocr_line' id='line_1_57' title="bbox 2251 2608 3852 2702; baseline -0.016 -16"><span class='ocrx_word' id='word_1_416' title='bbox 2251 2627 2489 2702; x_wconf 84' lang='lat' dir='ltr'><strong>amplius</strong></span> <span class='ocrx_word' id='word_1_417' title='bbox 2519 2640 2650 2682; x_wconf 74' lang='lat' dir='ltr'><strong>xvtn</strong></span> <span class='ocrx_word' id='word_1_418' title='bbox 2687 2620 3001 2679; x_wconf 84' lang='lat' dir='ltr'><strong>Theodosio</strong></span> <span class='ocrx_word' id='word_1_419' title='bbox 3050 2617 3242 2688; x_wconf 79' lang='lat' dir='ltr'><strong>imper.</strong></span> <span class='ocrx_word' id='word_1_420' title='bbox 3287 2608 3728 2702; x_wconf 62' lang='lat' dir='ltr'><strong>adltasissepar</strong></span> <span class='ocrx_word' id='word_1_421' title='bbox 3763 2612 3852 2661; x_wconf 88' lang='lat' dir='ltr'><strong>est</strong></span> 
     </span>
    </p>
   </div>
   <div class='ocr_carea' id='block_1_57' title="bbox 2251 2695 3850 2788">
    <p class='ocr_par' dir='ltr' id='par_1_57' title="bbox 2251 2695 3850 2788">
     <span class='ocr_line' id='line_1_58' title="bbox 2251 2695 3850 2788; baseline -0.014 -12"><span class='ocrx_word' id='word_1_422' title='bbox 2251 2695 2478 2777; x_wconf 80' lang='lat' dir='ltr'><strong>credere</strong></span> <span class='ocrx_word' id='word_1_423' title='bbox 2499 2760 2512 2784; x_wconf 96' lang='lat'><strong>,</strong></span> <span class='ocrx_word' id='word_1_424' title='bbox 2545 2712 2765 2788; x_wconf 86' lang='lat' dir='ltr'><strong>quando</strong></span> <span class='ocrx_word' id='word_1_425' title='bbox 2792 2728 2827 2768; x_wconf 77' lang='grc' dir='ltr'><strong>ι</strong></span> <span class='ocrx_word' id='word_1_426' title='bbox 2858 2708 3070 2782; x_wconf 89' lang='lat' dir='ltr'><strong>imperii</strong></span> <span class='ocrx_word' id='word_1_427' title='bbox 3099 2704 3262 2763; x_wconf 87' lang='lat' dir='ltr'><strong>simul</strong></span> <span class='ocrx_word' id='word_1_428' title='bbox 3290 2717 3411 2759; x_wconf 90' lang='lat' dir='ltr'><strong>cum</strong></span> <span class='ocrx_word' id='word_1_429' title='bbox 3444 2695 3686 2756; x_wconf 82' lang='lat' dir='ltr'><strong>Arcadio</strong></span> <span class='ocrx_word' id='word_1_430' title='bbox 3733 2696 3850 2754; x_wconf 82' lang='lat' dir='ltr'><strong>tilio</strong></span> 
     </span>
    </p>
   </div>
   <div class='ocr_carea' id='block_1_58' title="bbox 2250 2794 3851 2880">
    <p class='ocr_par' dir='ltr' id='par_1_58' title="bbox 2250 2794 3851 2880">
     <span class='ocr_line' id='line_1_59' title="bbox 2250 2794 3851 2880; baseline -0.014 -10"><span class='ocrx_word' id='word_1_431' title='bbox 2250 2810 2469 2870; x_wconf 77' lang='lat' dir='ltr'><strong>Ctesare</strong></span> <span class='ocrx_word' id='word_1_432' title='bbox 2487 2856 2501 2880; x_wconf 89' lang='lat'><strong>,</strong></span> <span class='ocrx_word' id='word_1_433' title='bbox 2532 2819 2591 2866; x_wconf 91' lang='lat' dir='ltr'><strong>et</strong></span> <span class='ocrx_word' id='word_1_434' title='bbox 2618 2803 3003 2863; x_wconf 76' lang='lat' dir='ltr'><strong>Valentiniano</strong></span> <span class='ocrx_word' id='word_1_435' title='bbox 3031 2798 3299 2872; x_wconf 79' lang='lat' dir='ltr'><strong>Augusto,</strong></span> <span class='ocrx_word' id='word_1_436' title='bbox 3330 2794 3628 2853; x_wconf 73' lang='lat' dir='ltr'><strong>Maximum</strong></span> <span class='ocrx_word' id='word_1_437' title='bbox 3655 2805 3851 2863; x_wconf 80' lang='lat' dir='ltr'><strong>tyran-</strong></span> 
     </span>
    </p>
   </div>
   <div class='ocr_carea' id='block_1_59' title="bbox 2250 2886 3850 2962">
    <p class='ocr_par' dir='ltr' id='par_1_59' title="bbox 2250 2886 3850 2962">
     <span class='ocr_line' id='line_1_60' title="bbox 2250 2886 3850 2962; baseline -0.013 0"><span class='ocrx_word' id='word_1_438' title='bbox 2250 2920 2382 2962; x_wconf 89' lang='lat' dir='ltr'><strong>num</strong></span> <span class='ocrx_word' id='word_1_439' title='bbox 2413 2900 2785 2959; x_wconf 84' lang='lat' dir='ltr'><strong>debellaturus</strong></span> <span class='ocrx_word' id='word_1_440' title='bbox 2812 2895 2867 2954; x_wconf 91' lang='lat' dir='ltr'><strong>in</strong></span> <span class='ocrx_word' id='word_1_441' title='bbox 2894 2893 3104 2953; x_wconf 83' lang='lat' dir='ltr'><strong>italiam</strong></span> <span class='ocrx_word' id='word_1_442' title='bbox 3134 2886 3459 2948; x_wconf 88' lang='lat' dir='ltr'><strong>descendit:</strong></span> <span class='ocrx_word' id='word_1_443' title='bbox 3486 2886 3850 2957; x_wconf 86' lang='lat' dir='ltr'><strong>sequentique</strong></span> 
     </span>
    </p>
   </div>
   <div class='ocr_carea' id='block_1_60' title="bbox 2250 2977 3848 3058">
    <p class='ocr_par' dir='ltr' id='par_1_60' title="bbox 2250 2977 3848 3058">
     <span class='ocr_line' id='line_1_61' title="bbox 2250 2977 3848 3058; baseline -0.013 -6"><span class='ocrx_word' id='word_1_444' title='bbox 2250 3012 2372 3052; x_wconf 88' lang='lat' dir='ltr'><strong>cum</strong></span> <span class='ocrx_word' id='word_1_445' title='bbox 2396 2993 2605 3049; x_wconf 87' lang='lat' dir='ltr'><strong>eisdem</strong></span> <span class='ocrx_word' id='word_1_446' title='bbox 2637 2990 2863 3047; x_wconf 77' lang='lat' dir='ltr'><strong>Romam</strong></span> <span class='ocrx_word' id='word_1_447' title='bbox 2892 2987 3232 3058; x_wconf 87' lang='lat' dir='ltr'><strong>ingressum;</strong></span> <span class='ocrx_word' id='word_1_448' title='bbox 3260 2990 3316 3038; x_wconf 88' lang='lat' dir='ltr'><strong>et</strong></span> <span class='ocrx_word' id='word_1_449' title='bbox 3339 2978 3466 3038; x_wconf 90' lang='lat' dir='ltr'><strong>inde</strong></span> <span class='ocrx_word' id='word_1_450' title='bbox 3486 2978 3541 3035; x_wconf 88' lang='lat' dir='ltr'><strong>in</strong></span> <span class='ocrx_word' id='word_1_451' title='bbox 3567 2977 3848 3035; x_wconf 85' lang='lat' dir='ltr'><strong>Orientem</strong></span> 
     </span>
    </p>
   </div>
   <div class='ocr_carea' id='block_1_61' title="bbox 2252 3072 3849 3162">
    <p class='ocr_par' dir='ltr' id='par_1_61' title="bbox 2252 3072 3849 3162">
     <span class='ocr_line' id='line_1_62' title="bbox 2252 3072 3849 3162; baseline -0.011 -16"><span class='ocrx_word' id='word_1_452' title='bbox 2252 3089 2581 3162; x_wconf 88' lang='lat' dir='ltr'><strong>profectum.</strong></span> <span class='ocrx_word' id='word_1_453' title='bbox 2624 3084 2831 3141; x_wconf 83' lang='lat' dir='ltr'><strong>Verum</strong></span> <span class='ocrx_word' id='word_1_454' title='bbox 2873 3080 3156 3138; x_wconf 79' lang='lat' dir='ltr'><strong>enimvero</strong></span> <span class='ocrx_word' id='word_1_455' title='bbox 3195 3078 3269 3134; x_wconf 85' lang='lat' dir='ltr'><strong>ita</strong></span> <span class='ocrx_word' id='word_1_456' title='bbox 3311 3075 3476 3134; x_wconf 89' lang='lat' dir='ltr'><strong>rebus</strong></span> <span class='ocrx_word' id='word_1_457' title='bbox 3519 3072 3849 3132; x_wconf 88' lang='lat' dir='ltr'><strong>militaribus</strong></span> 
     </span>
    </p>
   </div>
   <div class='ocr_carea' id='block_1_62' title="bbox 552 3166 3847 3259">
    <p class='ocr_par' dir='ltr' id='par_1_62' title="bbox 552 3166 3847 3259">
     <span class='ocr_line' id='line_1_63' title="bbox 552 3166 3847 3259; baseline -0.009 -7"><span class='ocrx_word' id='word_1_458' title='bbox 552 3196 751 3252; x_wconf 87' lang='lat' dir='ltr'><strong>simum</strong></span> <span class='ocrx_word' id='word_1_459' title='bbox 787 3194 1006 3250; x_wconf 88' lang='lat' dir='ltr'><strong>tertium</strong></span> <span class='ocrx_word' id='word_1_460' title='bbox 1045 3190 1241 3259; x_wconf 81' lang='lat' dir='ltr'><strong>agebat</strong></span> <span class='ocrx_word' id='word_1_461' title='bbox 1281 3201 1481 3243; x_wconf 86' lang='lat' dir='ltr'><strong>annum</strong></span> <span class='ocrx_word' id='word_1_462' title='bbox 1503 3229 1517 3255; x_wconf 92' lang='lat'><strong>,</strong></span> <span class='ocrx_word' id='word_1_463' title='bbox 1553 3196 1614 3241; x_wconf 89' lang='lat' dir='ltr'><strong>ut</strong></span> <span class='ocrx_word' id='word_1_464' title='bbox 1649 3166 1777 3241; x_wconf 79' lang='lat' dir='ltr'><strong>mox</strong></span> <span class='ocrx_word' id='word_1_465' title='bbox 1818 3166 2147 3243; x_wconf 78' lang='lat' dir='ltr'><strong>videbimus.</strong></span> <span class='ocrx_word' id='word_1_466' title='bbox 2174 3171 2226 3238; x_wconf 76' lang='grc' dir='ltr'>Ο</span> <span class='ocrx_word' id='word_1_467' title='bbox 2257 3186 2503 3241; x_wconf 87' lang='lat' dir='ltr'><strong>addictus</strong></span> <span class='ocrx_word' id='word_1_468' title='bbox 2532 3191 2684 3249; x_wconf 87' lang='lat' dir='ltr'><strong>erat,</strong></span> <span class='ocrx_word' id='word_1_469' title='bbox 2720 3189 2783 3235; x_wconf 89' lang='lat' dir='ltr'><strong>ut</strong></span> <span class='ocrx_word' id='word_1_470' title='bbox 2811 3175 3013 3234; x_wconf 84' lang='lat' dir='ltr'><strong>litteris</strong></span> <span class='ocrx_word' id='word_1_471' title='bbox 3042 3170 3371 3246; x_wconf 85' lang='lat' dir='ltr'><strong>quandoque</strong></span> <span class='ocrx_word' id='word_1_472' title='bbox 3397 3185 3498 3242; x_wconf 92' lang='lat' dir='ltr'><strong>pro</strong></span> <span class='ocrx_word' id='word_1_473' title='bbox 3522 3166 3847 3241; x_wconf 88' lang='lat' dir='ltr'><strong>opportuni-</strong></span> 
     </span>
    </p>
   </div>
   <div class='ocr_carea' id='block_1_63' title="bbox 555 3277 2149 3353">
    <p class='ocr_par' dir='ltr' id='par_1_63' title="bbox 555 3277 2149 3353">
     <span class='ocr_line' id='line_1_64' title="bbox 555 3277 2149 3353; baseline -0.006 -10"><span class='ocrx_word' id='word_1_474' title='bbox 555 3285 693 3343; x_wconf 79' lang='lat' dir='ltr'><strong>Erat</strong></span> <span class='ocrx_word' id='word_1_475' title='bbox 728 3287 893 3342; x_wconf 86' lang='lat' dir='ltr'><strong>etiam</strong></span> <span class='ocrx_word' id='word_1_476' title='bbox 935 3282 1199 3353; x_wconf 85' lang='lat' dir='ltr'><strong>sanguine</strong></span> <span class='ocrx_word' id='word_1_477' title='bbox 1243 3280 1568 3349; x_wconf 74' lang='lat' dir='ltr'><strong>coniunctus</strong></span> <span class='ocrx_word' id='word_1_478' title='bbox 1604 3277 1773 3334; x_wconf 80' lang='lat' dir='ltr'><strong>Paulo</strong></span> <span class='ocrx_word' id='word_1_479' title='bbox 1797 3277 2028 3347; x_wconf 87' lang='lat' dir='ltr'><strong>Orosio,</strong></span> <span class='ocrx_word' id='word_1_480' title='bbox 2062 3280 2149 3336; x_wconf 85' lang='lat' dir='ltr'><strong>vel</strong></span> 
     </span>
    </p>
   </div>
   <div class='ocr_carea' id='block_1_64' title="bbox 552 3368 2146 3450">
    <p class='ocr_par' dir='ltr' id='par_1_64' title="bbox 552 3368 2146 3450">
     <span class='ocr_line' id='line_1_65' title="bbox 552 3368 2146 3450; baseline -0.007 -14"><span class='ocrx_word' id='word_1_481' title='bbox 552 3380 675 3450; x_wconf 82' lang='lat' dir='ltr'><strong>ipso</strong></span> <span class='ocrx_word' id='word_1_482' title='bbox 704 3379 907 3435; x_wconf 82' lang='lat' dir='ltr'><strong>Dextro</strong></span> <span class='ocrx_word' id='word_1_483' title='bbox 936 3375 1139 3432; x_wconf 86' lang='lat' dir='ltr'><strong>latente</strong></span> <span class='ocrx_word' id='word_1_484' title='bbox 1164 3373 1232 3429; x_wconf 92' lang='lat' dir='ltr'><strong>ad</strong></span> <span class='ocrx_word' id='word_1_485' title='bbox 1258 3387 1462 3427; x_wconf 88' lang='lat' dir='ltr'><strong>annum</strong></span> <span class='ocrx_word' id='word_1_486' title='bbox 1495 3370 1706 3426; x_wconf 85' lang='lat' dir='ltr'><strong>Domini</strong></span> <span class='ocrx_word' id='word_1_487' title='bbox 1738 3370 1842 3426; x_wconf 74' lang='lat' dir='ltr'><strong>M7</strong></span> <span class='ocrx_word' id='word_1_488' title='bbox 1871 3388 1883 3425; x_wconf 88' lang='lat'>:</span> <span class='ocrx_word' id='word_1_489' title='bbox 1917 3368 2146 3441; x_wconf 85' lang='lat' dir='ltr'><strong>Paulus,</strong></span> 
     </span>
    </p>
   </div>
   <div class='ocr_carea' id='block_1_65' title="bbox 554 3464 2151 3545">
    <p class='ocr_par' dir='ltr' id='par_1_65' title="bbox 554 3464 2151 3545">
     <span class='ocr_line' id='line_1_66' title="bbox 554 3464 2151 3545; baseline -0.005 -18"><span class='ocrx_word' id='word_1_490' title='bbox 554 3474 762 3545; x_wconf 87' lang='lat' dir='ltr'><strong>inquit,</strong></span> <span class='ocrx_word' id='word_1_491' title='bbox 804 3470 1060 3537; x_wconf 82' lang='lat' dir='ltr'><strong>Orosius,</strong></span> <span class='ocrx_word' id='word_1_492' title='bbox 1094 3464 1185 3526; x_wconf 86' lang='lat' dir='ltr'><strong>Fl.</strong></span> <span class='ocrx_word' id='word_1_493' title='bbox 1223 3466 1395 3522; x_wconf 80' lang='lat' dir='ltr'><strong>Orosii</strong></span> <span class='ocrx_word' id='word_1_494' title='bbox 1424 3465 1597 3533; x_wconf 82' lang='lat' dir='ltr'><strong>ﬁlius,</strong></span> <span class='ocrx_word' id='word_1_495' title='bbox 1632 3466 2151 3539; x_wconf 80' lang='lat' dir='ltr'><strong>consunguineusque</strong></span> 
     </span>
    </p>
   </div>
   <div class='ocr_carea' id='block_1_66' title="bbox 558 3555 2148 3635">
    <p class='ocr_par' dir='ltr' id='par_1_66' title="bbox 558 3555 2148 3635">
     <span class='ocr_line' id='line_1_67' title="bbox 558 3555 2148 3635; baseline -0.006 -14"><span class='ocrx_word' id='word_1_496' title='bbox 558 3564 782 3621; x_wconf 80' lang='grc' dir='ltr'><strong>Ραιίαηὶ</strong></span> <span class='ocrx_word' id='word_1_497' title='bbox 802 3564 967 3635; x_wconf 84' lang='lat' dir='ltr'><strong>patris</strong></span> <span class='ocrx_word' id='word_1_498' title='bbox 989 3562 1110 3628; x_wconf 82' lang='lat' dir='ltr'><strong>mei,</strong></span> <span class='ocrx_word' id='word_1_499' title='bbox 1132 3560 1358 3629; x_wconf 77' lang='lat' dir='ltr'><strong>civisque</strong></span> <span class='ocrx_word' id='word_1_500' title='bbox 1381 3555 1803 3613; x_wconf 78' lang='lat' dir='ltr'><strong>Tarraconensis.</strong></span> <span class='ocrx_word' id='word_1_501' title='bbox 1829 3557 2148 3613; x_wconf 84' lang='lat' dir='ltr'><strong>Orosiorum</strong></span> 
     </span>
    </p>
   </div>
   <div class='ocr_carea' id='block_1_67' title="bbox 551 3649 2149 3731">
    <p class='ocr_par' dir='ltr' id='par_1_67' title="bbox 551 3649 2149 3731">
     <span class='ocr_line' id='line_1_68' title="bbox 551 3649 2149 3731; baseline -0.007 -15"><span class='ocrx_word' id='word_1_502' title='bbox 551 3671 731 3716; x_wconf 86' lang='lat' dir='ltr'><strong>autent</strong></span> <span class='ocrx_word' id='word_1_503' title='bbox 754 3674 890 3731; x_wconf 83' lang='lat' dir='ltr'><strong>gens</strong></span> <span class='ocrx_word' id='word_1_504' title='bbox 913 3656 1199 3713; x_wconf 88' lang='lat' dir='ltr'><strong>nobilitate</strong></span> <span class='ocrx_word' id='word_1_505' title='bbox 1222 3652 1449 3725; x_wconf 82' lang='lat' dir='ltr'><strong>insignis</strong></span> <span class='ocrx_word' id='word_1_506' title='bbox 1467 3650 1587 3718; x_wconf 91' lang='lat' dir='ltr'><strong>fuit,</strong></span> <span class='ocrx_word' id='word_1_507' title='bbox 1611 3663 1799 3722; x_wconf 90' lang='lat' dir='ltr'><strong>utpote</strong></span> <span class='ocrx_word' id='word_1_508' title='bbox 1819 3666 1941 3722; x_wconf 77' lang='lat' dir='ltr'><strong>qua:</strong></span> <span class='ocrx_word' id='word_1_509' title='bbox 1963 3649 2149 3706; x_wconf 74' lang='lat' dir='ltr'><strong>Roma:</strong></span> 
     </span>
    </p>
   </div>
   <div class='ocr_carea' id='block_1_68' title="bbox 555 3745 2145 3820">
    <p class='ocr_par' dir='ltr' id='par_1_68' title="bbox 555 3745 2145 3820">
     <span class='ocr_line' id='line_1_69' title="bbox 555 3745 2145 3820; baseline -0.008 -8"><span class='ocrx_word' id='word_1_510' title='bbox 555 3756 611 3812; x_wconf 87' lang='lat' dir='ltr'><strong>in</strong></span> <span class='ocrx_word' id='word_1_511' title='bbox 642 3753 865 3811; x_wconf 87' lang='lat' dir='ltr'><strong>basilica</strong></span> <span class='ocrx_word' id='word_1_512' title='bbox 904 3752 962 3808; x_wconf 89' lang='lat' dir='ltr'><strong>S.</strong></span> <span class='ocrx_word' id='word_1_513' title='bbox 1003 3750 1220 3806; x_wconf 88' lang='lat' dir='ltr'><strong>Eusebii</strong></span> <span class='ocrx_word' id='word_1_514' title='bbox 1250 3748 1527 3820; x_wconf 76' lang='lat' dir='ltr'><strong>pI&#39;Opl’lilm</strong></span> <span class='ocrx_word' id='word_1_515' title='bbox 1568 3745 1907 3817; x_wconf 80' lang='lat' dir='ltr'><strong>sepulturam</strong></span> <span class='ocrx_word' id='word_1_516' title='bbox 1938 3745 2145 3800; x_wconf 85' lang='lat' dir='ltr'><strong>habuit.</strong></span> 
     </span>
    </p>
   </div>
   <div class='ocr_carea' id='block_1_69' title="bbox 553 3838 2148 3905">
    <p class='ocr_par' dir='ltr' id='par_1_69' title="bbox 553 3838 2148 3905">
     <span class='ocr_line' id='line_1_70' title="bbox 553 3838 2148 3905; baseline -0.006 -2"><span class='ocrx_word' id='word_1_517' title='bbox 553 3848 664 3903; x_wconf 76' lang='lat' dir='ltr'><strong>Nec</strong></span> <span class='ocrx_word' id='word_1_518' title='bbox 687 3848 864 3903; x_wconf 89' lang='lat' dir='ltr'><strong>solum</strong></span> <span class='ocrx_word' id='word_1_519' title='bbox 890 3845 1203 3900; x_wconf 83' lang='lat' dir='ltr'><strong>Tarracone</strong></span> <span class='ocrx_word' id='word_1_520' title='bbox 1224 3850 1280 3898; x_wconf 91' lang='lat' dir='ltr'><strong>et</strong></span> <span class='ocrx_word' id='word_1_521' title='bbox 1308 3842 1515 3905; x_wconf 61' lang='lat' dir='ltr'><strong>Hamas,</strong></span> <span class='ocrx_word' id='word_1_522' title='bbox 1541 3840 1636 3896; x_wconf 85' lang='lat' dir='ltr'><strong>sed</strong></span> <span class='ocrx_word' id='word_1_523' title='bbox 1660 3840 1825 3895; x_wconf 88' lang='lat' dir='ltr'><strong>etiam</strong></span> <span class='ocrx_word' id='word_1_524' title='bbox 1849 3848 1959 3895; x_wconf 80' lang='lat' dir='ltr'><strong>tota</strong></span> <span class='ocrx_word' id='word_1_525' title='bbox 1990 3838 2148 3895; x_wconf 85' lang='lat' dir='ltr'><strong>Lusi-</strong></span> 
     </span>
    </p>
   </div>
   <div class='ocr_carea' id='block_1_70' title="bbox 558 3932 2151 4002">
    <p class='ocr_par' dir='ltr' id='par_1_70' title="bbox 558 3932 2151 4002">
     <span class='ocr_line' id='line_1_71' title="bbox 558 3932 2151 4002; baseline -0.005 -8"><span class='ocrx_word' id='word_1_526' title='bbox 558 3941 705 3995; x_wconf 87' lang='lat' dir='ltr'><strong>tania</strong></span> <span class='ocrx_word' id='word_1_527' title='bbox 734 3937 980 4002; x_wconf 87' lang='lat' dir='ltr'><strong>illustris,</strong></span> <span class='ocrx_word' id='word_1_528' title='bbox 1007 3944 1065 3992; x_wconf 87' lang='lat' dir='ltr'><strong>et</strong></span> <span class='ocrx_word' id='word_1_529' title='bbox 1090 3946 1204 3991; x_wconf 84' lang='lat' dir='ltr'><strong>tcto</strong></span> <span class='ocrx_word' id='word_1_530' title='bbox 1235 3934 1369 3990; x_wconf 90' lang='lat' dir='ltr'><strong>orbc</strong></span> <span class='ocrx_word' id='word_1_531' title='bbox 1396 3933 1695 4002; x_wconf 83' lang='lat' dir='ltr'><strong>conspicua</strong></span> <span class='ocrx_word' id='word_1_532' title='bbox 1721 3932 1931 3987; x_wconf 83' lang='lat' dir='ltr'><strong>reddita</strong></span> <span class='ocrx_word' id='word_1_533' title='bbox 1956 3941 2060 3995; x_wconf 88' lang='lat' dir='ltr'><strong>est,</strong></span> <span class='ocrx_word' id='word_1_534' title='bbox 2093 3940 2151 3986; x_wconf 90' lang='lat' dir='ltr'><strong>ut</strong></span> 
     </span>
    </p>
   </div>
   <div class='ocr_carea' id='block_1_71' title="bbox 555 4022 2152 4098">
    <p class='ocr_par' dir='ltr' id='par_1_71' title="bbox 555 4022 2152 4098">
     <span class='ocr_line' id='line_1_72' title="bbox 555 4022 2152 4098; baseline -0.006 -10"><span class='ocrx_word' id='word_1_535' title='bbox 555 4030 826 4088; x_wconf 77' lang='lat' dir='ltr'><strong>Maximus</strong></span> <span class='ocrx_word' id='word_1_536' title='bbox 842 4030 1361 4098; x_wconf 75' lang='lat' dir='ltr'><strong>Ca-saraugustanus</strong></span> <span class='ocrx_word' id='word_1_537' title='bbox 1378 4026 1670 4096; x_wconf 83' lang='lat' dir='ltr'><strong>episcopus</strong></span> <span class='ocrx_word' id='word_1_538' title='bbox 1688 4022 1879 4079; x_wconf 82' lang='lat' dir='ltr'><strong>scribit</strong></span> <span class='ocrx_word' id='word_1_539' title='bbox 1894 4022 1962 4078; x_wconf 89' lang='lat' dir='ltr'><strong>ad</strong></span> <span class='ocrx_word' id='word_1_540' title='bbox 1979 4036 2152 4078; x_wconf 90' lang='lat' dir='ltr'><strong>annos</strong></span> 
     </span>
    </p>
   </div>
   <div class='ocr_carea' id='block_1_72' title="bbox 555 4116 2151 4186">
    <p class='ocr_par' dir='ltr' id='par_1_72' title="bbox 555 4116 2151 4186">
     <span class='ocr_line' id='line_1_73' title="bbox 555 4116 2151 4186; baseline -0.004 -7"><span class='ocrx_word' id='word_1_541' title='bbox 555 4122 774 4179; x_wconf 85' lang='lat' dir='ltr'><strong>Domini</strong></span> <span class='ocrx_word' id='word_1_542' title='bbox 809 4121 909 4177; x_wconf 71' lang='grc'><strong>471</strong></span> <span class='ocrx_word' id='word_1_543' title='bbox 956 4130 1009 4176; x_wconf 86' lang='lat' dir='ltr'><strong>et</strong></span> <span class='ocrx_word' id='word_1_544' title='bbox 1057 4120 1183 4175; x_wconf 58' lang='grc' dir='ltr'><strong>ϐοὶ.</strong></span> <span class='ocrx_word' id='word_1_545' title='bbox 1237 4118 1410 4175; x_wconf 82' lang='lat' dir='ltr'><strong>Porro</strong></span> <span class='ocrx_word' id='word_1_546' title='bbox 1455 4116 1720 4173; x_wconf 83' lang='lat' dir='ltr'><strong>Pacianus</strong></span> <span class='ocrx_word' id='word_1_547' title='bbox 1763 4125 1937 4186; x_wconf 85' lang='lat' dir='ltr'><strong>pater,</strong></span> <span class='ocrx_word' id='word_1_548' title='bbox 1982 4130 2151 4173; x_wconf 81' lang='lat' dir='ltr'><strong>uxore</strong></span> 
     </span>
    </p>
   </div>
   <div class='ocr_carea' id='block_1_73' title="bbox 557 4210 2152 4282">
    <p class='ocr_par' dir='ltr' id='par_1_73' title="bbox 557 4210 2152 4282">
     <span class='ocr_line' id='line_1_74' title="bbox 557 4210 2152 4282; baseline -0.006 -9"><span class='ocrx_word' id='word_1_549' title='bbox 557 4217 870 4282; x_wconf 84' lang='lat' dir='ltr'><strong>dc5titutus,</strong></span> <span class='ocrx_word' id='word_1_550' title='bbox 902 4213 988 4270; x_wconf 87' lang='lat' dir='ltr'><strong>vel</strong></span> <span class='ocrx_word' id='word_1_551' title='bbox 1021 4213 1204 4268; x_wconf 75' lang='lat' dir='ltr'><strong>forsan</strong></span> <span class='ocrx_word' id='word_1_552' title='bbox 1241 4210 1404 4281; x_wconf 76' lang='lat' dir='ltr'><strong>(quod</strong></span> <span class='ocrx_word' id='word_1_553' title='bbox 1432 4211 1523 4266; x_wconf 79' lang='lat' dir='ltr'><strong>illa</strong></span> <span class='ocrx_word' id='word_1_554' title='bbox 1555 4210 1873 4281; x_wconf 86' lang='lat' dir='ltr'><strong>frequenter</strong></span> <span class='ocrx_word' id='word_1_555' title='bbox 1900 4210 2152 4266; x_wconf 79' lang='lat' dir='ltr'><strong>ferebant</strong></span> 
     </span>
    </p>
   </div>
   <div class='ocr_carea' id='block_1_74' title="bbox 560 4303 2148 4379">
    <p class='ocr_par' dir='ltr' id='par_1_74' title="bbox 560 4303 2148 4379">
     <span class='ocr_line' id='line_1_75' title="bbox 560 4303 2148 4379; baseline -0.005 -15"><span class='ocrx_word' id='word_1_556' title='bbox 560 4308 829 4379; x_wconf 88' lang='lat' dir='ltr'><strong>tempora)</strong></span> <span class='ocrx_word' id='word_1_557' title='bbox 868 4306 936 4361; x_wconf 79' lang='lat' dir='ltr'><strong>ab</strong></span> <span class='ocrx_word' id='word_1_558' title='bbox 977 4322 1039 4361; x_wconf 86' lang='lat' dir='ltr'><strong>ea</strong></span> <span class='ocrx_word' id='word_1_559' title='bbox 1084 4315 1405 4376; x_wconf 59' lang='lat' dir='ltr'><strong>separatus,</strong></span> <span class='ocrx_word' id='word_1_560' title='bbox 1449 4303 1801 4375; x_wconf 84' lang='lat' dir='ltr'><strong>rcdditusque</strong></span> <span class='ocrx_word' id='word_1_561' title='bbox 1848 4303 2148 4373; x_wconf 68' lang='lat' dir='ltr'><strong>Ecclesiae,</strong></span> 
     </span>
    </p>
   </div>
   <div class='ocr_carea' id='block_1_75' title="bbox 562 4399 2147 4471">
    <p class='ocr_par' dir='ltr' id='par_1_75' title="bbox 562 4399 2147 4471">
     <span class='ocr_line' id='line_1_76' title="bbox 562 4399 2147 4471; baseline -0.001 -16"><span class='ocrx_word' id='word_1_562' title='bbox 562 4405 728 4459; x_wconf 77' lang='lat' dir='ltr'><strong>verbo</strong></span> <span class='ocrx_word' id='word_1_563' title='bbox 756 4413 807 4459; x_wconf 88' lang='lat' dir='ltr'><strong>et</strong></span> <span class='ocrx_word' id='word_1_564' title='bbox 836 4402 1088 4471; x_wconf 75' lang='lat' dir='ltr'><strong>exemplo</strong></span> <span class='ocrx_word' id='word_1_565' title='bbox 1110 4416 1237 4457; x_wconf 86' lang='lat' dir='ltr'><strong>oves</strong></span> <span class='ocrx_word' id='word_1_566' title='bbox 1264 4401 1367 4456; x_wconf 89' lang='lat' dir='ltr'><strong>sibi</strong></span> <span class='ocrx_word' id='word_1_567' title='bbox 1389 4400 1710 4455; x_wconf 90' lang='lat' dir='ltr'><strong>commissas</strong></span> <span class='ocrx_word' id='word_1_568' title='bbox 1730 4399 1958 4456; x_wconf 84' lang='lat' dir='ltr'><strong>mirilice</strong></span> <span class='ocrx_word' id='word_1_569' title='bbox 1979 4400 2147 4471; x_wconf 84' lang='lat' dir='ltr'><strong>pavit,</strong></span> 
     </span>
    </p>
   </div>
   <div class='ocr_carea' id='block_1_76' title="bbox 2255 3259 3850 3341">
    <p class='ocr_par' dir='ltr' id='par_1_76' title="bbox 2255 3259 3850 3341">
     <span class='ocr_line' id='line_1_77' title="bbox 2255 3259 3850 3341; baseline -0.013 -6"><span class='ocrx_word' id='word_1_570' title='bbox 2255 3288 2366 3335; x_wconf 89' lang='lat' dir='ltr'><strong>tate</strong></span> <span class='ocrx_word' id='word_1_571' title='bbox 2405 3284 2657 3341; x_wconf 81' lang='lat' dir='ltr'><strong>vacaret;</strong></span> <span class='ocrx_word' id='word_1_572' title='bbox 2700 3272 2756 3328; x_wconf 89' lang='lat' dir='ltr'><strong>in</strong></span> <span class='ocrx_word' id='word_1_573' title='bbox 2802 3267 3044 3326; x_wconf 85' lang='lat' dir='ltr'><strong>Orientis</strong></span> <span class='ocrx_word' id='word_1_574' title='bbox 3090 3275 3271 3322; x_wconf 88' lang='lat' dir='ltr'><strong>autem</strong></span> <span class='ocrx_word' id='word_1_575' title='bbox 3316 3263 3657 3336; x_wconf 85' lang='lat' dir='ltr'><strong>profectione</strong></span> <span class='ocrx_word' id='word_1_576' title='bbox 3696 3259 3850 3316; x_wconf 83' lang='lat' dir='ltr'><strong>viros</strong></span> 
     </span>
    </p>
   </div>
   <div class='ocr_carea' id='block_1_77' title="bbox 2252 3355 3850 3435">
    <p class='ocr_par' dir='ltr' id='par_1_77' title="bbox 2252 3355 3850 3435">
     <span class='ocr_line' id='line_1_78' title="bbox 2252 3355 3850 3435; baseline -0.014 -4"><span class='ocrx_word' id='word_1_577' title='bbox 2252 3373 2637 3435; x_wconf 84' lang='lat' dir='ltr'><strong>doctissimos,</strong></span> <span class='ocrx_word' id='word_1_578' title='bbox 2670 3366 3159 3433; x_wconf 86' lang='lat' dir='ltr'><strong>sanctissimosque</strong></span> <span class='ocrx_word' id='word_1_579' title='bbox 3196 3358 3503 3426; x_wconf 89' lang='lat' dir='ltr'><strong>consuluit,</strong></span> <span class='ocrx_word' id='word_1_580' title='bbox 3535 3355 3850 3426; x_wconf 80' lang='lat' dir='ltr'><strong>audivitque</strong></span> 
     </span>
    </p>
   </div>
   <div class='ocr_carea' id='block_1_78' title="bbox 2252 3447 3852 3540">
    <p class='ocr_par' dir='ltr' id='par_1_78' title="bbox 2252 3447 3852 3540">
     <span class='ocr_line' id='line_1_79' title="bbox 2252 3447 3852 3540; baseline -0.013 -18"><span class='ocrx_word' id='word_1_581' title='bbox 2252 3483 2359 3540; x_wconf 88' lang='lat' dir='ltr'><strong>quo</strong></span> <span class='ocrx_word' id='word_1_582' title='bbox 2383 3462 2648 3535; x_wconf 81' lang='lat' dir='ltr'><strong>temporis</strong></span> <span class='ocrx_word' id='word_1_583' title='bbox 2666 3456 3133 3527; x_wconf 85' lang='lat' dir='ltr'><strong>Constantinopoli</strong></span> <span class='ocrx_word' id='word_1_584' title='bbox 3155 3452 3389 3511; x_wconf 83' lang='lat' dir='ltr'><strong>florebat</strong></span> <span class='ocrx_word' id='word_1_585' title='bbox 3407 3453 3651 3509; x_wconf 87' lang='lat' dir='ltr'><strong>Joannes</strong></span> <span class='ocrx_word' id='word_1_586' title='bbox 3669 3447 3852 3519; x_wconf 83' lang='lat' dir='ltr'><strong>Chry-</strong></span> 
     </span>
    </p>
   </div>
   <div class='ocr_carea' id='block_1_79' title="bbox 2252 3539 3851 3626">
    <p class='ocr_par' dir='ltr' id='par_1_79' title="bbox 2252 3539 3851 3626">
     <span class='ocr_line' id='line_1_80' title="bbox 2252 3539 3851 3626; baseline -0.013 -11"><span class='ocrx_word' id='word_1_587' title='bbox 2252 3539 2548 3624; x_wconf 67' lang='lat' dir='ltr'><strong>sbsmmus,</strong></span> <span class='ocrx_word' id='word_1_588' title='bbox 2577 3554 2630 3609; x_wconf 92' lang='lat' dir='ltr'><strong>in</strong></span> <span class='ocrx_word' id='word_1_589' title='bbox 2654 3553 2837 3626; x_wconf 83' lang='lat' dir='ltr'><strong>Cypro</strong></span> <span class='ocrx_word' id='word_1_590' title='bbox 2859 3547 3220 3621; x_wconf 81' lang='lat' dir='ltr'><strong>Epiphanius,</strong></span> <span class='ocrx_word' id='word_1_591' title='bbox 3242 3544 3611 3602; x_wconf 71' lang='lat' dir='ltr'><strong>Neocatsareae</strong></span> <span class='ocrx_word' id='word_1_592' title='bbox 3634 3539 3851 3610; x_wconf 78' lang='lat' dir='ltr'><strong>Grego-</strong></span> 
     </span>
    </p>
   </div>
   <div class='ocr_carea' id='block_1_80' title="bbox 2250 3635 3850 3725">
    <p class='ocr_par' dir='ltr' id='par_1_80' title="bbox 2250 3635 3850 3725">
     <span class='ocr_line' id='line_1_81' title="bbox 2250 3635 3850 3725; baseline -0.01 -16"><span class='ocrx_word' id='word_1_593' title='bbox 2250 3655 2366 3710; x_wconf 87' lang='lat' dir='ltr'><strong>rius</strong></span> <span class='ocrx_word' id='word_1_594' title='bbox 2398 3695 2414 3718; x_wconf 88' lang='lat'><strong>,</strong></span> <span class='ocrx_word' id='word_1_595' title='bbox 2477 3651 2714 3725; x_wconf 81' lang='lat' dir='ltr'><strong>Cyrillns</strong></span> <span class='ocrx_word' id='word_1_596' title='bbox 2774 3643 3169 3717; x_wconf 82' lang='lat' dir='ltr'><strong>Hierosolymis</strong></span> <span class='ocrx_word' id='word_1_597' title='bbox 3201 3684 3219 3711; x_wconf 91' lang='lat'><strong>,</strong></span> <span class='ocrx_word' id='word_1_598' title='bbox 3287 3640 3510 3698; x_wconf 71' lang='lat' dir='ltr'><strong>Edessa:</strong></span> <span class='ocrx_word' id='word_1_599' title='bbox 3578 3639 3634 3696; x_wconf 89' lang='lat' dir='ltr'><strong>in</strong></span> <span class='ocrx_word' id='word_1_600' title='bbox 3686 3635 3850 3710; x_wconf 79' lang='lat' dir='ltr'><strong>Syria</strong></span> 
     </span>
    </p>
   </div>
   <div class='ocr_carea' id='block_1_81' title="bbox 2254 3732 3850 3817">
    <p class='ocr_par' dir='ltr' id='par_1_81' title="bbox 2254 3732 3850 3817">
     <span class='ocr_line' id='line_1_82' title="bbox 2254 3732 3850 3817; baseline -0.012 -12"><span class='ocrx_word' id='word_1_601' title='bbox 2254 3747 2528 3817; x_wconf 81' lang='lat' dir='ltr'><strong>Ephrem,</strong></span> <span class='ocrx_word' id='word_1_602' title='bbox 2579 3744 2722 3799; x_wconf 75' lang='lat' dir='ltr'><strong>Nisa:</strong></span> <span class='ocrx_word' id='word_1_603' title='bbox 2765 3742 3066 3811; x_wconf 84' lang='lat' dir='ltr'><strong>Gregorius</strong></span> <span class='ocrx_word' id='word_1_604' title='bbox 3107 3738 3275 3804; x_wconf 88' lang='lat' dir='ltr'><strong>alter,</strong></span> <span class='ocrx_word' id='word_1_605' title='bbox 3314 3732 3503 3791; x_wconf 87' lang='lat' dir='ltr'><strong>Basilii</strong></span> <span class='ocrx_word' id='word_1_606' title='bbox 3547 3732 3737 3799; x_wconf 79' lang='lat' dir='ltr'><strong>frater,</strong></span> <span class='ocrx_word' id='word_1_607' title='bbox 3788 3738 3850 3787; x_wconf 91' lang='lat' dir='ltr'><strong>ut</strong></span> 
     </span>
    </p>
   </div>
   <div class='ocr_carea' id='block_1_82' title="bbox 2252 3826 3849 3913">
    <p class='ocr_par' dir='ltr' id='par_1_82' title="bbox 2252 3826 3849 3913">
     <span class='ocr_line' id='line_1_83' title="bbox 2252 3826 3849 3913; baseline -0.007 -20"><span class='ocrx_word' id='word_1_608' title='bbox 2252 3842 2623 3913; x_wconf 75' lang='lat' dir='ltr'><strong>Stipitronlttm</strong></span> <span class='ocrx_word' id='word_1_609' title='bbox 2656 3848 2709 3894; x_wconf 90' lang='lat' dir='ltr'><strong>et</strong></span> <span class='ocrx_word' id='word_1_610' title='bbox 2737 3836 2875 3892; x_wconf 86' lang='lat' dir='ltr'><strong>alios</strong></span> <span class='ocrx_word' id='word_1_611' title='bbox 2896 3843 3221 3906; x_wconf 66' lang='lat' dir='ltr'><strong>prtetcream</strong></span> <span class='ocrx_word' id='word_1_612' title='bbox 3247 3848 3259 3885; x_wconf 91' lang='lat'><strong>:</strong></span> <span class='ocrx_word' id='word_1_613' title='bbox 3290 3844 3402 3901; x_wconf 76' lang='lat' dir='ltr'><strong>pra:</strong></span> <span class='ocrx_word' id='word_1_614' title='bbox 3426 3826 3645 3885; x_wconf 70' lang='lat' dir='ltr'><strong>caneris</strong></span> <span class='ocrx_word' id='word_1_615' title='bbox 3665 3832 3849 3882; x_wconf 84' lang='lat' dir='ltr'><strong>tamen</strong></span> 
     </span>
    </p>
   </div>
   <div class='ocr_carea' id='block_1_83' title="bbox 2254 3919 3851 4005">
    <p class='ocr_par' dir='ltr' id='par_1_83' title="bbox 2254 3919 3851 4005">
     <span class='ocr_line' id='line_1_84' title="bbox 2254 3919 3851 4005; baseline -0.009 -14"><span class='ocrx_word' id='word_1_616' title='bbox 2254 3935 2590 4005; x_wconf 81' lang='lat' dir='ltr'><strong>Hieronymo</strong></span> <span class='ocrx_word' id='word_1_617' title='bbox 2628 3944 2800 4000; x_wconf 85' lang='lat' dir='ltr'><strong>usque</strong></span> <span class='ocrx_word' id='word_1_618' title='bbox 2841 3928 2907 3982; x_wconf 86' lang='lat' dir='ltr'><strong>ad</strong></span> <span class='ocrx_word' id='word_1_619' title='bbox 2949 3923 3215 3981; x_wconf 83' lang='lat' dir='ltr'><strong>amicitias</strong></span> <span class='ocrx_word' id='word_1_620' title='bbox 3237 3936 3370 3979; x_wconf 83' lang='lat' dir='ltr'><strong>usus</strong></span> <span class='ocrx_word' id='word_1_621' title='bbox 3404 3930 3526 3981; x_wconf 83' lang='lat' dir='ltr'><strong>est:</strong></span> <span class='ocrx_word' id='word_1_622' title='bbox 3555 3919 3633 3978; x_wconf 87' lang='lat' dir='ltr'><strong>uti</strong></span> <span class='ocrx_word' id='word_1_623' title='bbox 3662 3933 3732 3976; x_wconf 76' lang='lat' dir='ltr'><strong>es</strong></span> <span class='ocrx_word' id='word_1_624' title='bbox 3760 3932 3851 3977; x_wconf 84' lang='lat' dir='ltr'><strong>se-</strong></span> 
     </span>
    </p>
   </div>
   <div class='ocr_carea' id='block_1_84' title="bbox 2251 4010 3848 4096">
    <p class='ocr_par' dir='ltr' id='par_1_84' title="bbox 2251 4010 3848 4096">
     <span class='ocr_line' id='line_1_85' title="bbox 2251 4010 3848 4096; baseline -0.01 -13"><span class='ocrx_word' id='word_1_625' title='bbox 2251 4025 2428 4085; x_wconf 87' lang='lat' dir='ltr'><strong>cunda</strong></span> <span class='ocrx_word' id='word_1_626' title='bbox 2468 4025 2642 4096; x_wconf 87' lang='lat' dir='ltr'><strong>ipsius</strong></span> <span class='ocrx_word' id='word_1_627' title='bbox 2673 4023 2743 4077; x_wconf 89' lang='lat' dir='ltr'><strong>ad</strong></span> <span class='ocrx_word' id='word_1_628' title='bbox 2778 4019 3035 4077; x_wconf 76' lang='lat' dir='ltr'><strong>Rufinum</strong></span> <span class='ocrx_word' id='word_1_629' title='bbox 3074 4016 3342 4087; x_wconf 78' lang='lat' dir='ltr'><strong>Apologia</strong></span> <span class='ocrx_word' id='word_1_630' title='bbox 3371 4013 3571 4086; x_wconf 87' lang='lat' dir='ltr'><strong>liquet,</strong></span> <span class='ocrx_word' id='word_1_631' title='bbox 3604 4012 3734 4068; x_wconf 88' lang='lat' dir='ltr'><strong>dum</strong></span> <span class='ocrx_word' id='word_1_632' title='bbox 3762 4010 3848 4067; x_wconf 81' lang='lat' dir='ltr'><strong>in-</strong></span> 
     </span>
    </p>
   </div>
   <div class='ocr_carea' id='block_1_85' title="bbox 2252 4104 3847 4192">
    <p class='ocr_par' dir='ltr' id='par_1_85' title="bbox 2252 4104 3847 4192">
     <span class='ocr_line' id='line_1_86' title="bbox 2252 4104 3847 4192; baseline -0.01 -18"><span class='ocrx_word' id='word_1_633' title='bbox 2252 4120 2369 4192; x_wconf 87' lang='lat' dir='ltr'><strong>quit</strong></span> <span class='ocrx_word' id='word_1_634' title='bbox 2394 4138 2407 4174; x_wconf 87' lang='lat'>:</span> <span class='ocrx_word' id='word_1_635' title='bbox 2436 4116 2566 4174; x_wconf 85' lang='lat' dir='ltr'><strong>Cum</strong></span> <span class='ocrx_word' id='word_1_636' title='bbox 2589 4114 2780 4172; x_wconf 65' lang='lat' dir='ltr'><strong>Dexter</strong></span> <span class='ocrx_word' id='word_1_637' title='bbox 2800 4114 2999 4171; x_wconf 84' lang='lat' dir='ltr'><strong>anticus</strong></span> <span class='ocrx_word' id='word_1_638' title='bbox 3020 4128 3162 4166; x_wconf 84' lang='lat' dir='ltr'><strong>meus</strong></span> <span class='ocrx_word' id='word_1_639' title='bbox 3179 4111 3269 4182; x_wconf 88' lang='lat' dir='ltr'><strong>qui</strong></span> <span class='ocrx_word' id='word_1_640' title='bbox 3291 4113 3654 4183; x_wconf 68' lang='lat' dir='ltr'><strong>praefecturam</strong></span> <span class='ocrx_word' id='word_1_641' title='bbox 3672 4104 3847 4160; x_wconf 74' lang='lat' dir='ltr'><strong>admi-</strong></span> 
     </span>
    </p>
   </div>
   <div class='ocr_carea' id='block_1_86' title="bbox 2252 4197 3845 4281">
    <p class='ocr_par' dir='ltr' id='par_1_86' title="bbox 2252 4197 3845 4281">
     <span class='ocr_line' id='line_1_87' title="bbox 2252 4197 3845 4281; baseline -0.008 -15"><span class='ocrx_word' id='word_1_642' title='bbox 2252 4214 2488 4269; x_wconf 74' lang='lat' dir='ltr'><strong>nistravit</strong></span> <span class='ocrx_word' id='word_1_643' title='bbox 2518 4208 2779 4281; x_wconf 63' lang='lat' dir='ltr'><strong>praetorii,</strong></span> <span class='ocrx_word' id='word_1_644' title='bbox 2820 4217 2930 4265; x_wconf 86' lang='lat' dir='ltr'><strong>etc.</strong></span> <span class='ocrx_word' id='word_1_645' title='bbox 2964 4204 3046 4263; x_wconf 75' lang='lat' dir='ltr'><strong>Ad</strong></span> <span class='ocrx_word' id='word_1_646' title='bbox 3077 4204 3183 4261; x_wconf 90' lang='lat' dir='ltr'><strong>hoc</strong></span> <span class='ocrx_word' id='word_1_647' title='bbox 3222 4217 3355 4260; x_wconf 84' lang='lat' dir='ltr'><strong>vero</strong></span> <span class='ocrx_word' id='word_1_648' title='bbox 3395 4215 3682 4259; x_wconf 81' lang='lat' dir='ltr'><strong>necessum</strong></span> <span class='ocrx_word' id='word_1_649' title='bbox 3716 4197 3845 4265; x_wconf 78' lang='lat' dir='ltr'><strong>fuit,</strong></span> 
     </span>
    </p>
   </div>
   <div class='ocr_carea' id='block_1_87' title="bbox 2253 4292 3848 4367">
    <p class='ocr_par' dir='ltr' id='par_1_87' title="bbox 2253 4292 3848 4367">
     <span class='ocr_line' id='line_1_88' title="bbox 2253 4292 3848 4367; baseline -0.01 -5"><span class='ocrx_word' id='word_1_650' title='bbox 2253 4321 2364 4362; x_wconf 82' lang='lat' dir='ltr'><strong>non</strong></span> <span class='ocrx_word' id='word_1_651' title='bbox 2393 4304 2562 4367; x_wconf 85' lang='lat' dir='ltr'><strong>semel</strong></span> <span class='ocrx_word' id='word_1_652' title='bbox 2586 4311 2680 4358; x_wconf 89' lang='lat' dir='ltr'><strong>aut</strong></span> <span class='ocrx_word' id='word_1_653' title='bbox 2704 4302 2797 4358; x_wconf 87' lang='lat' dir='ltr'><strong>itei</strong></span> <span class='ocrx_word' id='word_1_654' title='bbox 2813 4318 2902 4356; x_wconf 91' lang='lat' dir='ltr'><strong>um</strong></span> <span class='ocrx_word' id='word_1_655' title='bbox 2927 4314 3051 4357; x_wconf 89' lang='lat' dir='ltr'><strong>eum</strong></span> <span class='ocrx_word' id='word_1_656' title='bbox 3075 4296 3390 4361; x_wconf 80' lang='lat' dir='ltr'><strong>convenire,</strong></span> <span class='ocrx_word' id='word_1_657' title='bbox 3416 4292 3512 4350; x_wconf 89' lang='lat' dir='ltr'><strong>sed</strong></span> <span class='ocrx_word' id='word_1_658' title='bbox 3534 4293 3848 4363; x_wconf 84' lang='lat' dir='ltr'><strong>frequenter</strong></span> 
     </span>
    </p>
   </div>
   <div class='ocr_carea' id='block_1_88' title="bbox 2252 4384 3849 4466">
    <p class='ocr_par' dir='ltr' id='par_1_88' title="bbox 2252 4384 3849 4466">
     <span class='ocr_line' id='line_1_89' title="bbox 2252 4384 3849 4466; baseline -0.009 -12"><span class='ocrx_word' id='word_1_659' title='bbox 2252 4397 2508 4454; x_wconf 79' lang='lat' dir='ltr'><strong>familiari</strong></span> <span class='ocrx_word' id='word_1_660' title='bbox 2547 4398 2717 4466; x_wconf 83' lang='lat' dir='ltr'><strong>ipsius</strong></span> <span class='ocrx_word' id='word_1_661' title='bbox 2747 4397 2799 4449; x_wconf 89' lang='lat' dir='ltr'><strong>in</strong></span> <span class='ocrx_word' id='word_1_662' title='bbox 2834 4391 3219 4450; x_wconf 74' lang='lat' dir='ltr'><strong>Bellilcmitico</strong></span> <span class='ocrx_word' id='word_1_663' title='bbox 3245 4402 3470 4445; x_wconf 85' lang='lat' dir='ltr'><strong>secessu</strong></span> <span class='ocrx_word' id='word_1_664' title='bbox 3492 4428 3509 4454; x_wconf 92' lang='lat'><strong>,</strong></span> <span class='ocrx_word' id='word_1_665' title='bbox 3549 4387 3651 4441; x_wconf 81' lang='lat' dir='ltr'><strong>lrui</strong></span> <span class='ocrx_word' id='word_1_666' title='bbox 3681 4384 3849 4441; x_wconf 86' lang='lat' dir='ltr'><strong>collo-</strong></span> 
     </span>
    </p>
   </div>
   <div class='ocr_carea' id='block_1_89' title="bbox 553 4479 3847 4567">
    <p class='ocr_par' dir='ltr' id='par_1_89' title="bbox 553 4479 3847 4567">
     <span class='ocr_line' id='line_1_90' title="bbox 553 4479 3847 4567; baseline -0.009 -14"><span class='ocrx_word' id='word_1_667' title='bbox 553 4507 610 4553; x_wconf 88' lang='lat' dir='ltr'><strong>et</strong></span> <span class='ocrx_word' id='word_1_668' title='bbox 631 4512 658 4550; x_wconf 83' lang='lat' dir='ltr'><strong>a</strong></span> <span class='ocrx_word' id='word_1_669' title='bbox 682 4496 934 4564; x_wconf 88' lang='lat' dir='ltr'><strong>luporunt</strong></span> <span class='ocrx_word' id='word_1_670' title='bbox 960 4495 1234 4548; x_wconf 77' lang='lat' dir='ltr'><strong>furentum</strong></span> <span class='ocrx_word' id='word_1_671' title='bbox 1258 4492 1480 4547; x_wconf 78' lang='lat' dir='ltr'><strong>incursu</strong></span> <span class='ocrx_word' id='word_1_672' title='bbox 1505 4490 1887 4558; x_wconf 81' lang='lat' dir='ltr'><strong>(Novatianos,</strong></span> <span class='ocrx_word' id='word_1_673' title='bbox 1912 4500 1969 4547; x_wconf 88' lang='lat' dir='ltr'><strong>et</strong></span> <span class='ocrx_word' id='word_1_674' title='bbox 1988 4489 2150 4545; x_wconf 78' lang='lat' dir='ltr'><strong>Aria-</strong></span> <span class='ocrx_word' id='word_1_675' title='bbox 2251 4494 2415 4567; x_wconf 74' lang='lat' dir='ltr'><strong>quia,</strong></span> <span class='ocrx_word' id='word_1_676' title='bbox 2444 4502 2499 4549; x_wconf 78' lang='lat' dir='ltr'><strong>et</strong></span> <span class='ocrx_word' id='word_1_677' title='bbox 2540 4493 2825 4546; x_wconf 71' lang='lat' dir='ltr'><strong>absentem</strong></span> <span class='ocrx_word' id='word_1_678' title='bbox 2854 4486 3134 4544; x_wconf 68' lang='lat' dir='ltr'><strong>muliones</strong></span> <span class='ocrx_word' id='word_1_679' title='bbox 3166 4500 3262 4555; x_wconf 72' lang='lat' dir='ltr'><strong>per</strong></span> <span class='ocrx_word' id='word_1_680' title='bbox 3300 4484 3510 4538; x_wconf 65' lang='lat' dir='ltr'><strong>liuor-as</strong></span> <span class='ocrx_word' id='word_1_681' title='bbox 3533 4480 3601 4536; x_wconf 65' lang='lat' dir='ltr'><strong>ad</strong></span> <span class='ocrx_word' id='word_1_682' title='bbox 3629 4479 3847 4536; x_wconf 58' lang='lat' dir='ltr'><strong>dicem</strong></span> 
     </span>
    </p>
   </div>
   <div class='ocr_carea' id='block_1_90' title="bbox 558 4566 3848 4659">
    <p class='ocr_par' dir='ltr' id='par_1_90' title="bbox 558 4566 3848 4659">
     <span class='ocr_line' id='line_1_91' title="bbox 558 4566 3848 4659; baseline -0.008 -16"><span class='ocrx_word' id='word_1_683' title='bbox 558 4603 659 4644; x_wconf 89' lang='lat' dir='ltr'><strong>flOS</strong></span> <span class='ocrx_word' id='word_1_684' title='bbox 687 4586 905 4656; x_wconf 88' lang='lat' dir='ltr'><strong>loquor)</strong></span> <span class='ocrx_word' id='word_1_685' title='bbox 932 4601 1038 4641; x_wconf 92' lang='lat' dir='ltr'><strong>non</strong></span> <span class='ocrx_word' id='word_1_686' title='bbox 1064 4587 1243 4639; x_wconf 84' lang='lat' dir='ltr'><strong>Solum</strong></span> <span class='ocrx_word' id='word_1_687' title='bbox 1268 4584 1456 4653; x_wconf 69' lang='lat' dir='ltr'><strong>verbo,</strong></span> <span class='ocrx_word' id='word_1_688' title='bbox 1485 4582 1579 4638; x_wconf 85' lang='lat' dir='ltr'><strong>sed</strong></span> <span class='ocrx_word' id='word_1_689' title='bbox 1607 4583 1767 4637; x_wconf 86' lang='lat' dir='ltr'><strong>etiam</strong></span> <span class='ocrx_word' id='word_1_690' title='bbox 1799 4582 2018 4652; x_wconf 86' lang='lat' dir='ltr'><strong>scriptis</strong></span> <span class='ocrx_word' id='word_1_691' title='bbox 2047 4581 2143 4638; x_wconf 77' lang='lat' dir='ltr'><strong>de-</strong></span> <span class='ocrx_word' id='word_1_692' title='bbox 2172 4566 2230 4629; x_wconf 69' lang='grc' dir='ltr'><strong><em>Β</em></strong></span> <span class='ocrx_word' id='word_1_693' title='bbox 2254 4566 2433 4645; x_wconf 58' lang='lat' dir='ltr'><strong>studia</strong></span> <span class='ocrx_word' id='word_1_694' title='bbox 2459 4600 2781 4659; x_wconf 71' lang='lat' dir='ltr'><strong>provocare,</strong></span> <span class='ocrx_word' id='word_1_695' title='bbox 2807 4583 3080 4640; x_wconf 73' lang='lat' dir='ltr'><strong>&quot;abemus</strong></span> <span class='ocrx_word' id='word_1_696' title='bbox 3107 4580 3227 4651; x_wconf 70' lang='lat' dir='ltr'><strong>ejus</strong></span> <span class='ocrx_word' id='word_1_697' title='bbox 3250 4580 3327 4634; x_wconf 69' lang='lat' dir='ltr'><strong>rei</strong></span> <span class='ocrx_word' id='word_1_698' title='bbox 3353 4577 3541 4634; x_wconf 73' lang='lat' dir='ltr'><strong>nobile</strong></span> <span class='ocrx_word' id='word_1_699' title='bbox 3560 4588 3848 4649; x_wconf 50' lang='lat' dir='ltr'><strong>argum“)-</strong></span> 
     </span>
    </p>
   </div>
   <div class='ocr_carea' id='block_1_91' title="bbox 559 4676 2146 4752">
    <p class='ocr_par' dir='ltr' id='par_1_91' title="bbox 559 4676 2146 4752">
     <span class='ocr_line' id='line_1_92' title="bbox 559 4676 2146 4752; baseline -0.006 -11"><span class='ocrx_word' id='word_1_700' title='bbox 559 4683 763 4750; x_wconf 63' lang='lat' dir='ltr'><strong>Tendit,</strong></span> <span class='ocrx_word' id='word_1_701' title='bbox 802 4695 1034 4752; x_wconf 80' lang='lat' dir='ltr'><strong>quorum</strong></span> <span class='ocrx_word' id='word_1_702' title='bbox 1070 4679 1248 4734; x_wconf 83' lang='lat' dir='ltr'><strong>adhuc</strong></span> <span class='ocrx_word' id='word_1_703' title='bbox 1294 4691 1415 4732; x_wconf 85' lang='lat' dir='ltr'><strong>eum</strong></span> <span class='ocrx_word' id='word_1_704' title='bbox 1447 4678 1693 4732; x_wconf 78' lang='lat' dir='ltr'><strong>doctrina</strong></span> <span class='ocrx_word' id='word_1_705' title='bbox 1736 4679 1998 4732; x_wconf 84' lang='lat' dir='ltr'><strong>miramur</strong></span> <span class='ocrx_word' id='word_1_706' title='bbox 2026 4676 2146 4732; x_wconf 83' lang='lat' dir='ltr'><strong>elo-</strong></span> 
     </span>
    </p>
   </div>
   <div class='ocr_carea' id='block_1_92' title="bbox 554 4768 2149 4845">
    <p class='ocr_par' dir='ltr' id='par_1_92' title="bbox 554 4768 2149 4845">
     <span class='ocr_line' id='line_1_93' title="bbox 554 4768 2149 4845; baseline -0.003 -14"><span class='ocrx_word' id='word_1_707' title='bbox 554 4778 864 4845; x_wconf 81' lang='lat' dir='ltr'><strong>quentiam,</strong></span> <span class='ocrx_word' id='word_1_708' title='bbox 908 4771 1161 4828; x_wconf 82' lang='lat' dir='ltr'><strong>nimirum</strong></span> <span class='ocrx_word' id='word_1_709' title='bbox 1204 4770 1259 4824; x_wconf 88' lang='lat' dir='ltr'><strong>itt</strong></span> <span class='ocrx_word' id='word_1_710' title='bbox 1301 4768 1554 4840; x_wconf 79' lang='lat' dir='ltr'><strong>Epistolis</strong></span> <span class='ocrx_word' id='word_1_711' title='bbox 1588 4771 1655 4823; x_wconf 82' lang='lat' dir='ltr'><strong>ad</strong></span> <span class='ocrx_word' id='word_1_712' title='bbox 1704 4770 2149 4842; x_wconf 82' lang='lat' dir='ltr'><strong>Symphorianunt</strong></span> 
     </span>
    </p>
   </div>
   <div class='ocr_carea' id='block_1_93' title="bbox 557 4858 2147 4935">
    <p class='ocr_par' dir='ltr' id='par_1_93' title="bbox 557 4858 2147 4935">
     <span class='ocr_line' id='line_1_94' title="bbox 557 4858 2147 4935; baseline -0.008 -8"><span class='ocrx_word' id='word_1_713' title='bbox 557 4870 694 4927; x_wconf 87' lang='lat' dir='ltr'><strong>datis</strong></span> <span class='ocrx_word' id='word_1_714' title='bbox 718 4873 769 4922; x_wconf 85' lang='lat' dir='ltr'><strong>in</strong></span> <span class='ocrx_word' id='word_1_715' title='bbox 794 4864 1048 4935; x_wconf 71' lang='lat' dir='ltr'><strong>parwncsi</strong></span> <span class='ocrx_word' id='word_1_716' title='bbox 1066 4863 1129 4917; x_wconf 78' lang='lat' dir='ltr'><strong>tle</strong></span> <span class='ocrx_word' id='word_1_717' title='bbox 1153 4864 1474 4932; x_wconf 64' lang='lat' dir='ltr'><strong>poenitentia,</strong></span> <span class='ocrx_word' id='word_1_718' title='bbox 1503 4869 1559 4917; x_wconf 88' lang='lat' dir='ltr'><strong>et</strong></span> <span class='ocrx_word' id='word_1_719' title='bbox 1580 4862 1841 4930; x_wconf 81' lang='lat' dir='ltr'><strong>opusculo</strong></span> <span class='ocrx_word' id='word_1_720' title='bbox 1866 4862 1929 4916; x_wconf 81' lang='lat' dir='ltr'><strong>de</strong></span> <span class='ocrx_word' id='word_1_721' title='bbox 1961 4858 2147 4931; x_wconf 76' lang='lat' dir='ltr'><strong>Bapti-</strong></span> 
     </span>
    </p>
   </div>
   <div class='ocr_carea' id='block_1_94' title="bbox 557 4953 2146 5027">
    <p class='ocr_par' dir='ltr' id='par_1_94' title="bbox 557 4953 2146 5027">
     <span class='ocr_line' id='line_1_95' title="bbox 557 4953 2146 5027; baseline -0.004 -9"><span class='ocrx_word' id='word_1_722' title='bbox 557 4980 666 5019; x_wconf 88' lang='lat' dir='ltr'><strong>suto</strong></span> <span class='ocrx_word' id='word_1_723' title='bbox 685 4977 700 5027; x_wconf 89' lang='lat'><strong><em>;</em></strong></span> <span class='ocrx_word' id='word_1_724' title='bbox 722 4959 1173 5025; x_wconf 84' lang='lat' dir='ltr'><strong>sanctitatemque</strong></span> <span class='ocrx_word' id='word_1_725' title='bbox 1195 4969 1518 5010; x_wconf 81' lang='lat' dir='ltr'><strong>veneramur</strong></span> <span class='ocrx_word' id='word_1_726' title='bbox 1542 4968 1663 5009; x_wconf 89' lang='lat' dir='ltr'><strong>cum</strong></span> <span class='ocrx_word' id='word_1_727' title='bbox 1687 4953 1927 5009; x_wconf 74' lang='lat' dir='ltr'><strong>Romana</strong></span> <span class='ocrx_word' id='word_1_728' title='bbox 1950 4966 2004 5010; x_wconf 91' lang='lat' dir='ltr'><strong>et</strong></span> <span class='ocrx_word' id='word_1_729' title='bbox 2028 4956 2146 5011; x_wconf 84' lang='lat' dir='ltr'><strong>uui-</strong></span> 
     </span>
    </p>
   </div>
   <div class='ocr_carea' id='block_1_95' title="bbox 557 5047 2145 5125">
    <p class='ocr_par' dir='ltr' id='par_1_95' title="bbox 557 5047 2145 5125">
     <span class='ocr_line' id='line_1_96' title="bbox 557 5047 2145 5125; baseline 0 -17"><span class='ocrx_word' id='word_1_730' title='bbox 557 5054 759 5113; x_wconf 79' lang='lat' dir='ltr'><strong>versali</strong></span> <span class='ocrx_word' id='word_1_731' title='bbox 814 5048 1097 5107; x_wconf 82' lang='lat' dir='ltr'><strong>Ecclesia,</strong></span> <span class='ocrx_word' id='word_1_732' title='bbox 1155 5060 1276 5116; x_wconf 75' lang='lat' dir='ltr'><strong>qua:</strong></span> <span class='ocrx_word' id='word_1_733' title='bbox 1330 5061 1526 5101; x_wconf 89' lang='lat' dir='ltr'><strong>nomen</strong></span> <span class='ocrx_word' id='word_1_734' title='bbox 1581 5047 1748 5116; x_wconf 78' lang='lat' dir='ltr'><strong>ipsius</strong></span> <span class='ocrx_word' id='word_1_735' title='bbox 1792 5050 1845 5104; x_wconf 94' lang='lat' dir='ltr'><strong>in</strong></span> <span class='ocrx_word' id='word_1_736' title='bbox 1894 5051 2145 5125; x_wconf 81' lang='lat' dir='ltr'><strong>catalogo</strong></span> 
     </span>
    </p>
   </div>
   <div class='ocr_carea' id='block_1_96' title="bbox 558 5138 2143 5210">
    <p class='ocr_par' dir='ltr' id='par_1_96' title="bbox 558 5138 2143 5210">
     <span class='ocr_line' id='line_1_97' title="bbox 558 5138 2143 5210; baseline -0.001 -6"><span class='ocrx_word' id='word_1_737' title='bbox 558 5155 872 5205; x_wconf 75' lang='lat' dir='ltr'><strong>sanctorum</strong></span> <span class='ocrx_word' id='word_1_738' title='bbox 905 5142 1033 5210; x_wconf 82' lang='lat' dir='ltr'><strong>legit</strong></span> <span class='ocrx_word' id='word_1_739' title='bbox 1070 5139 1135 5194; x_wconf 77' lang='lat' dir='ltr'><strong>ad</strong></span> <span class='ocrx_word' id='word_1_740' title='bbox 1178 5138 1322 5193; x_wconf 85' lang='lat' dir='ltr'><strong>diem</strong></span> <span class='ocrx_word' id='word_1_741' title='bbox 1352 5141 1384 5193; x_wconf 79' lang='lat'><strong>9</strong></span> <span class='ocrx_word' id='word_1_742' title='bbox 1418 5140 1612 5193; x_wconf 73' lang='lat' dir='ltr'><strong>Hirtii.</strong></span> <span class='ocrx_word' id='word_1_743' title='bbox 1648 5139 1816 5195; x_wconf 80' lang='lat' dir='ltr'><strong>Natus</strong></span> <span class='ocrx_word' id='word_1_744' title='bbox 1847 5153 1932 5198; x_wconf 89' lang='lat' dir='ltr'><strong>est</strong></span> <span class='ocrx_word' id='word_1_745' title='bbox 1965 5155 2143 5202; x_wconf 89' lang='lat' dir='ltr'><strong>autem</strong></span> 
     </span>
    </p>
   </div>
   <div class='ocr_carea' id='block_1_97' title="bbox 557 5231 2149 5302">
    <p class='ocr_par' dir='ltr' id='par_1_97' title="bbox 557 5231 2149 5302">
     <span class='ocr_line' id='line_1_98' title="bbox 557 5231 2149 5302; baseline -0.003 -6"><span class='ocrx_word' id='word_1_746' title='bbox 557 5244 640 5298; x_wconf 77' lang='lat' dir='ltr'><strong>Fi.</strong></span> <span class='ocrx_word' id='word_1_747' title='bbox 688 5238 884 5294; x_wconf 82' lang='lat' dir='ltr'><strong>Lucius</strong></span> <span class='ocrx_word' id='word_1_748' title='bbox 924 5233 1124 5291; x_wconf 73' lang='lat' dir='ltr'><strong>Dexter</strong></span> <span class='ocrx_word' id='word_1_749' title='bbox 1167 5246 1314 5286; x_wconf 88' lang='lat' dir='ltr'><strong>anno</strong></span> <span class='ocrx_word' id='word_1_750' title='bbox 1354 5245 1382 5283; x_wconf 90' lang='lat' dir='ltr'><strong>a</strong></span> <span class='ocrx_word' id='word_1_751' title='bbox 1429 5231 1591 5285; x_wconf 80' lang='lat' dir='ltr'><strong>nitati</strong></span> <span class='ocrx_word' id='word_1_752' title='bbox 1637 5231 1853 5289; x_wconf 89' lang='lat' dir='ltr'><strong>Domini</strong></span> <span class='ocrx_word' id='word_1_753' title='bbox 1896 5234 2044 5302; x_wconf 77' lang='lat'><strong>368,</strong></span> <span class='ocrx_word' id='word_1_754' title='bbox 2089 5247 2149 5293; x_wconf 86' lang='lat' dir='ltr'><strong>ut</strong></span> 
     </span>
    </p>
   </div>
   <div class='ocr_carea' id='block_1_98' title="bbox 557 5322 2141 5402">
    <p class='ocr_par' dir='ltr' id='par_1_98' title="bbox 557 5322 2141 5402">
     <span class='ocr_line' id='line_1_99' title="bbox 557 5322 2141 5402; baseline -0.004 -12"><span class='ocrx_word' id='word_1_755' title='bbox 557 5338 814 5402; x_wconf 67' lang='lat' dir='ltr'><strong>colltgerc</strong></span> <span class='ocrx_word' id='word_1_756' title='bbox 839 5329 967 5384; x_wconf 88' lang='lat' dir='ltr'><strong>licet</strong></span> <span class='ocrx_word' id='word_1_757' title='bbox 988 5343 1055 5381; x_wconf 72' lang='lat' dir='ltr'><strong>ex</strong></span> <span class='ocrx_word' id='word_1_758' title='bbox 1079 5342 1145 5380; x_wconf 89' lang='lat' dir='ltr'><strong>eo</strong></span> <span class='ocrx_word' id='word_1_759' title='bbox 1167 5322 1307 5395; x_wconf 82' lang='lat' dir='ltr'><strong>quod</strong></span> <span class='ocrx_word' id='word_1_760' title='bbox 1335 5324 1400 5379; x_wconf 80' lang='lat' dir='ltr'><strong>ad</strong></span> <span class='ocrx_word' id='word_1_761' title='bbox 1424 5324 1627 5380; x_wconf 66' lang='lat' dir='ltr'><strong>calcem</strong></span> <span class='ocrx_word' id='word_1_762' title='bbox 1651 5324 1905 5384; x_wconf 86' lang='lat' dir='ltr'><strong>Cltronici</strong></span> <span class='ocrx_word' id='word_1_763' title='bbox 1932 5329 2141 5398; x_wconf 83' lang='lat' dir='ltr'><strong>scribit,</strong></span> 
     </span>
    </p>
   </div>
   <div class='ocr_carea' id='block_1_99' title="bbox 556 5419 1923 5500">
    <p class='ocr_par' dir='ltr' id='par_1_99' title="bbox 556 5419 1923 5500">
     <span class='ocr_line' id='line_1_100' title="bbox 556 5419 1923 5500; baseline -0.001 -21"><span class='ocrx_word' id='word_1_764' title='bbox 556 5448 637 5500; x_wconf 46' lang='lat' dir='ltr'><strong>se,</strong></span> <span class='ocrx_word' id='word_1_765' title='bbox 668 5442 807 5483; x_wconf 84' lang='lat' dir='ltr'><strong>anno</strong></span> <span class='ocrx_word' id='word_1_766' title='bbox 828 5422 1025 5478; x_wconf 83' lang='lat' dir='ltr'><strong>Christi</strong></span> <span class='ocrx_word' id='word_1_767' title='bbox 1053 5419 1178 5484; x_wconf 62' lang='grc'><strong>440,</strong></span> <span class='ocrx_word' id='word_1_768' title='bbox 1211 5420 1383 5474; x_wconf 70' lang='lat' dir='ltr'><strong>tetatis</strong></span> <span class='ocrx_word' id='word_1_769' title='bbox 1418 5419 1594 5490; x_wconf 79' lang='lat' dir='ltr'><strong>egisse</strong></span> <span class='ocrx_word' id='word_1_770' title='bbox 1625 5434 1736 5474; x_wconf 74' lang='lat' dir='ltr'><strong>sua:</strong></span> <span class='ocrx_word' id='word_1_771' title='bbox 1758 5437 1923 5477; x_wconf 70' lang='lat' dir='ltr'><strong>usti.</strong></span> 
     </span>
    </p>
   </div>
   <div class='ocr_carea' id='block_1_100' title="bbox 628 5511 2146 5590">
    <p class='ocr_par' dir='ltr' id='par_1_100' title="bbox 628 5511 2146 5590">
     <span class='ocr_line' id='line_1_101' title="bbox 628 5511 2146 5590; baseline 0.007 -24"><span class='ocrx_word' id='word_1_772' title='bbox 628 5521 732 5579; x_wconf 63' lang='lat' dir='ltr'><strong>Sed</strong></span> <span class='ocrx_word' id='word_1_773' title='bbox 774 5532 906 5590; x_wconf 69' lang='lat' dir='ltr'><strong>quos</strong></span> <span class='ocrx_word' id='word_1_774' title='bbox 937 5529 1042 5570; x_wconf 84' lang='lat' dir='ltr'><strong>non</strong></span> <span class='ocrx_word' id='word_1_775' title='bbox 1080 5511 1355 5584; x_wconf 82' lang='lat' dir='ltr'><strong>profectus</strong></span> <span class='ocrx_word' id='word_1_776' title='bbox 1388 5511 1585 5568; x_wconf 76' lang='lat' dir='ltr'><strong>Dexter</strong></span> <span class='ocrx_word' id='word_1_777' title='bbox 1617 5513 1827 5570; x_wconf 85' lang='lat' dir='ltr'><strong>faceret</strong></span> <span class='ocrx_word' id='word_1_778' title='bbox 1859 5516 1961 5572; x_wconf 89' lang='lat' dir='ltr'><strong>sub</strong></span> <span class='ocrx_word' id='word_1_779' title='bbox 1994 5527 2146 5576; x_wconf 89' lang='lat' dir='ltr'><strong>tanto</strong></span> 
     </span>
    </p>
   </div>
   <div class='ocr_carea' id='block_1_101' title="bbox 554 5603 2144 5691">
    <p class='ocr_par' dir='ltr' id='par_1_101' title="bbox 554 5603 2144 5691">
     <span class='ocr_line' id='line_1_102' title="bbox 554 5603 2144 5691; baseline -0.003 -17"><span class='ocrx_word' id='word_1_780' title='bbox 554 5613 822 5691; x_wconf 78' lang='lat' dir='ltr'><strong>parente?</strong></span> <span class='ocrx_word' id='word_1_781' title='bbox 854 5609 910 5663; x_wconf 86' lang='lat' dir='ltr'><strong>lu</strong></span> <span class='ocrx_word' id='word_1_782' title='bbox 943 5604 1355 5661; x_wconf 80' lang='lat' dir='ltr'><strong>immanioribus</strong></span> <span class='ocrx_word' id='word_1_783' title='bbox 1387 5603 1580 5661; x_wconf 87' lang='lat' dir='ltr'><strong>littctis</strong></span> <span class='ocrx_word' id='word_1_784' title='bbox 1607 5605 1950 5675; x_wconf 70' lang='lat' dir='ltr'><strong>iuventutem</strong></span> <span class='ocrx_word' id='word_1_785' title='bbox 1980 5628 2144 5669; x_wconf 36' lang='lat' dir='ltr'><strong>exere</strong></span> 
     </span>
    </p>
   </div>
   <div class='ocr_carea' id='block_1_102' title="bbox 556 5698 2140 5775">
    <p class='ocr_par' dir='ltr' id='par_1_102' title="bbox 556 5698 2140 5775">
     <span class='ocr_line' id='line_1_103' title="bbox 556 5698 2140 5775; baseline -0.005 -12"><span class='ocrx_word' id='word_1_786' title='bbox 556 5710 734 5766; x_wconf 78' lang='lat' dir='ltr'><strong>ruisse</strong></span> <span class='ocrx_word' id='word_1_787' title='bbox 764 5748 778 5771; x_wconf 90' lang='lat'><strong>,</strong></span> <span class='ocrx_word' id='word_1_788' title='bbox 836 5702 1200 5771; x_wconf 79' lang='lat' dir='ltr'><strong>Hieronymus</strong></span> <span class='ocrx_word' id='word_1_789' title='bbox 1244 5698 1297 5754; x_wconf 90' lang='lat' dir='ltr'><strong>iu</strong></span> <span class='ocrx_word' id='word_1_790' title='bbox 1347 5699 1574 5769; x_wconf 82' lang='lat' dir='ltr'><strong>prologo</strong></span> <span class='ocrx_word' id='word_1_791' title='bbox 1634 5700 1755 5755; x_wconf 85' lang='lat' dir='ltr'><strong>libri</strong></span> <span class='ocrx_word' id='word_1_792' title='bbox 1802 5702 2140 5775; x_wconf 86' lang='lat' dir='ltr'><strong>Scriptorum</strong></span> 
     </span>
    </p>
   </div>
   <div class='ocr_carea' id='block_1_103' title="bbox 550 5792 2141 5863">
    <p class='ocr_par' dir='ltr' id='par_1_103' title="bbox 550 5792 2141 5863">
     <span class='ocr_line' id='line_1_104' title="bbox 550 5792 2141 5863; baseline -0.004 0"><span class='ocrx_word' id='word_1_793' title='bbox 550 5796 1046 5863; x_wconf 63' lang='lat' dir='ltr'><strong>ecclesiasticarum</strong></span> <span class='ocrx_word' id='word_1_794' title='bbox 1081 5792 1408 5862; x_wconf 81' lang='lat' dir='ltr'><strong>manilestat,</strong></span> <span class='ocrx_word' id='word_1_795' title='bbox 1443 5792 1569 5851; x_wconf 86' lang='lat' dir='ltr'><strong>dum</strong></span> <span class='ocrx_word' id='word_1_796' title='bbox 1596 5793 1664 5850; x_wconf 84' lang='lat' dir='ltr'><strong>ad</strong></span> <span class='ocrx_word' id='word_1_797' title='bbox 1690 5795 1837 5853; x_wconf 87' lang='lat' dir='ltr'><strong>illum</strong></span> <span class='ocrx_word' id='word_1_798' title='bbox 1862 5802 2027 5857; x_wconf 81' lang='lat' dir='ltr'><strong>verba</strong></span> <span class='ocrx_word' id='word_1_799' title='bbox 2056 5798 2141 5856; x_wconf 77' lang='lat' dir='ltr'><strong>fa-</strong></span> 
     </span>
    </p>
   </div>
   <div class='ocr_carea' id='block_1_104' title="bbox 2254 4666 3846 4749">
    <p class='ocr_par' dir='ltr' id='par_1_104' title="bbox 2254 4666 3846 4749">
     <span class='ocr_line' id='line_1_105' title="bbox 2254 4666 3846 4749; baseline -0.011 -10"><span class='ocrx_word' id='word_1_800' title='bbox 2254 4692 2409 4749; x_wconf 89' lang='lat' dir='ltr'><strong>tum,</strong></span> <span class='ocrx_word' id='word_1_801' title='bbox 2467 4682 2665 4737; x_wconf 87' lang='lat' dir='ltr'><strong>librum</strong></span> <span class='ocrx_word' id='word_1_802' title='bbox 2715 4679 2785 4735; x_wconf 88' lang='lat' dir='ltr'><strong>de</strong></span> <span class='ocrx_word' id='word_1_803' title='bbox 2835 4677 3209 4746; x_wconf 80' lang='lat' dir='ltr'><strong>Scriptoribus</strong></span> <span class='ocrx_word' id='word_1_804' title='bbox 3254 4668 3661 4729; x_wconf 87' lang='lat' dir='ltr'><strong>ecclesiasticis.</strong></span> <span class='ocrx_word' id='word_1_805' title='bbox 3711 4666 3846 4722; x_wconf 88' lang='lat' dir='ltr'><strong>Cum</strong></span> 
     </span>
    </p>
   </div>
   <div class='ocr_carea' id='block_1_105' title="bbox 2255 4759 3847 4841">
    <p class='ocr_par' dir='ltr' id='par_1_105' title="bbox 2255 4759 3847 4841">
     <span class='ocr_line' id='line_1_106' title="bbox 2255 4759 3847 4841; baseline -0.012 -9"><span class='ocrx_word' id='word_1_806' title='bbox 2255 4776 2399 4832; x_wconf 87' lang='lat' dir='ltr'><strong>enim</strong></span> <span class='ocrx_word' id='word_1_807' title='bbox 2430 4783 2544 4837; x_wconf 78' lang='lat' dir='ltr'><strong>tot,</strong></span> <span class='ocrx_word' id='word_1_808' title='bbox 2586 4771 2885 4841; x_wconf 85' lang='lat' dir='ltr'><strong>taliumque</strong></span> <span class='ocrx_word' id='word_1_809' title='bbox 2922 4767 3218 4823; x_wconf 88' lang='lat' dir='ltr'><strong>Doctorum</strong></span> <span class='ocrx_word' id='word_1_810' title='bbox 3254 4762 3478 4833; x_wconf 86' lang='lat' dir='ltr'><strong>scriptis</strong></span> <span class='ocrx_word' id='word_1_811' title='bbox 3504 4759 3847 4818; x_wconf 78' lang='lat' dir='ltr'><strong>ChriStianus</strong></span> 
     </span>
    </p>
   </div>
   <div class='ocr_carea' id='block_1_106' title="bbox 2255 4855 3839 4925">
    <p class='ocr_par' dir='ltr' id='par_1_106' title="bbox 2255 4855 3839 4925">
     <span class='ocr_line' id='line_1_107' title="bbox 2255 4855 3839 4925; baseline -0.012 -1"><span class='ocrx_word' id='word_1_812' title='bbox 2255 4868 2407 4925; x_wconf 87' lang='lat' dir='ltr'><strong>orbis</strong></span> <span class='ocrx_word' id='word_1_813' title='bbox 2436 4866 2541 4921; x_wconf 90' lang='lat' dir='ltr'><strong>sibi</strong></span> <span class='ocrx_word' id='word_1_814' title='bbox 2570 4880 2633 4920; x_wconf 90' lang='lat' dir='ltr'><strong>eo</strong></span> <span class='ocrx_word' id='word_1_815' title='bbox 2663 4864 2866 4920; x_wconf 77' lang='lat' dir='ltr'><strong>saeculo</strong></span> <span class='ocrx_word' id='word_1_816' title='bbox 2886 4860 3241 4918; x_wconf 81' lang='lat' dir='ltr'><strong>vehementer</strong></span> <span class='ocrx_word' id='word_1_817' title='bbox 3261 4857 3518 4914; x_wconf 85' lang='lat' dir='ltr'><strong>illustrari</strong></span> <span class='ocrx_word' id='word_1_818' title='bbox 3540 4855 3839 4917; x_wconf 79' lang='lat' dir='ltr'><strong>videretur,</strong></span> 
     </span>
    </p>
   </div>
   <div class='ocr_carea' id='block_1_107' title="bbox 2254 4947 3838 5031">
    <p class='ocr_par' dir='ltr' id='par_1_107' title="bbox 2254 4947 3838 5031">
     <span class='ocr_line' id='line_1_108' title="bbox 2254 4947 3838 5031; baseline -0.011 -13"><span class='ocrx_word' id='word_1_819' title='bbox 2254 4962 2311 5019; x_wconf 87' lang='lat' dir='ltr'><strong>in</strong></span> <span class='ocrx_word' id='word_1_820' title='bbox 2355 4974 2585 5031; x_wconf 85' lang='lat' dir='ltr'><strong>quorum</strong></span> <span class='ocrx_word' id='word_1_821' title='bbox 2626 4956 3037 5028; x_wconf 88' lang='lat' dir='ltr'><strong>comparatione</strong></span> <span class='ocrx_word' id='word_1_822' title='bbox 3071 4951 3355 5025; x_wconf 79' lang='lat' dir='ltr'><strong>gentilium</strong></span> <span class='ocrx_word' id='word_1_823' title='bbox 3397 4947 3838 5021; x_wconf 84' lang='lat' dir='ltr'><strong>philosophorum</strong></span> 
     </span>
    </p>
   </div>
   <div class='ocr_carea' id='block_1_108' title="bbox 2253 5034 3845 5112">
    <p class='ocr_par' dir='ltr' id='par_1_108' title="bbox 2253 5034 3845 5112">
     <span class='ocr_line' id='line_1_109' title="bbox 2253 5034 3845 5112; baseline -0.01 -3"><span class='ocrx_word' id='word_1_824' title='bbox 2253 5070 2317 5109; x_wconf 85' lang='lat' dir='ltr'><strong>ac</strong></span> <span class='ocrx_word' id='word_1_825' title='bbox 2348 5053 2629 5107; x_wconf 87' lang='lat' dir='ltr'><strong>rhetorum</strong></span> <span class='ocrx_word' id='word_1_826' title='bbox 2660 5048 2935 5105; x_wconf 81' lang='lat' dir='ltr'><strong>subtilitas</strong></span> <span class='ocrx_word' id='word_1_827' title='bbox 2962 5051 3020 5100; x_wconf 91' lang='lat' dir='ltr'><strong>et</strong></span> <span class='ocrx_word' id='word_1_828' title='bbox 3052 5043 3367 5112; x_wconf 78' lang='lat' dir='ltr'><strong>eloquentia</strong></span> <span class='ocrx_word' id='word_1_829' title='bbox 3396 5039 3667 5104; x_wconf 57' lang='lat' dir='ltr'><strong>mluerat,</strong></span> <span class='ocrx_word' id='word_1_830' title='bbox 3695 5034 3845 5093; x_wconf 84' lang='lat' dir='ltr'><strong>dole-</strong></span> 
     </span>
    </p>
   </div>
   <div class='ocr_carea' id='block_1_109' title="bbox 2254 5128 3840 5207">
    <p class='ocr_par' dir='ltr' id='par_1_109' title="bbox 2254 5128 3840 5207">
     <span class='ocr_line' id='line_1_110' title="bbox 2254 5128 3840 5207; baseline -0.011 -6"><span class='ocrx_word' id='word_1_831' title='bbox 2254 5145 2342 5202; x_wconf 86' lang='lat' dir='ltr'><strong>bat</strong></span> <span class='ocrx_word' id='word_1_832' title='bbox 2373 5142 2620 5207; x_wconf 89' lang='lat' dir='ltr'><strong>nimium,</strong></span> <span class='ocrx_word' id='word_1_833' title='bbox 2645 5137 2972 5195; x_wconf 82' lang='lat' dir='ltr'><strong>Christianis</strong></span> <span class='ocrx_word' id='word_1_834' title='bbox 2991 5134 3227 5207; x_wconf 82' lang='lat' dir='ltr'><strong>gentiles</strong></span> <span class='ocrx_word' id='word_1_835' title='bbox 3251 5132 3456 5203; x_wconf 86' lang='lat' dir='ltr'><strong>passim</strong></span> <span class='ocrx_word' id='word_1_836' title='bbox 3484 5128 3840 5187; x_wconf 82' lang='lat' dir='ltr'><strong>rusticitatem</strong></span> 
     </span>
    </p>
   </div>
   <div class='ocr_carea' id='block_1_110' title="bbox 2253 5221 3841 5309">
    <p class='ocr_par' dir='ltr' id='par_1_110' title="bbox 2253 5221 3841 5309">
     <span class='ocr_line' id='line_1_111' title="bbox 2253 5221 3841 5309; baseline -0.011 -15"><span class='ocrx_word' id='word_1_837' title='bbox 2253 5240 2534 5309; x_wconf 71' lang='lat' dir='ltr'><strong>obiicere;</strong></span> <span class='ocrx_word' id='word_1_838' title='bbox 2567 5234 2747 5290; x_wconf 87' lang='lat' dir='ltr'><strong>nullos</strong></span> <span class='ocrx_word' id='word_1_839' title='bbox 2771 5230 3076 5287; x_wconf 83' lang='lat' dir='ltr'><strong>Ecclesiam</strong></span> <span class='ocrx_word' id='word_1_840' title='bbox 3100 5223 3496 5301; x_wconf 88' lang='lat' dir='ltr'><strong>philosophos,</strong></span> <span class='ocrx_word' id='word_1_841' title='bbox 3528 5229 3623 5278; x_wconf 87' lang='lat' dir='ltr'><strong>aut</strong></span> <span class='ocrx_word' id='word_1_842' title='bbox 3651 5221 3841 5276; x_wconf 84' lang='lat' dir='ltr'><strong>rheto-</strong></span> 
     </span>
    </p>
   </div>
   <div class='ocr_carea' id='block_1_111' title="bbox 2252 5313 3842 5397">
    <p class='ocr_par' dir='ltr' id='par_1_111' title="bbox 2252 5313 3842 5397">
     <span class='ocr_line' id='line_1_112' title="bbox 2252 5313 3842 5397; baseline -0.015 -5"><span class='ocrx_word' id='word_1_843' title='bbox 2252 5349 2362 5397; x_wconf 88' lang='lat' dir='ltr'><strong>res,</strong></span> <span class='ocrx_word' id='word_1_844' title='bbox 2390 5330 2570 5388; x_wconf 90' lang='lat' dir='ltr'><strong>nullos</strong></span> <span class='ocrx_word' id='word_1_845' title='bbox 2598 5327 2861 5382; x_wconf 86' lang='lat' dir='ltr'><strong>Doctores</strong></span> <span class='ocrx_word' id='word_1_846' title='bbox 2890 5323 3172 5387; x_wconf 82' lang='lat' dir='ltr'><strong>habuisse,</strong></span> <span class='ocrx_word' id='word_1_847' title='bbox 3199 5329 3391 5389; x_wconf 83' lang='lat' dir='ltr'><strong>utpOte</strong></span> <span class='ocrx_word' id='word_1_848' title='bbox 3418 5331 3448 5372; x_wconf 83' lang='lat' dir='ltr'><strong>a</strong></span> <span class='ocrx_word' id='word_1_849' title='bbox 3477 5316 3695 5373; x_wconf 67' lang='lat' dir='ltr'><strong>rustica:</strong></span> <span class='ocrx_word' id='word_1_850' title='bbox 3714 5313 3842 5370; x_wconf 56' lang='lat' dir='ltr'><strong>sim.</strong></span> 
     </span>
    </p>
   </div>
   <div class='ocr_carea' id='block_1_112' title="bbox 2253 5408 3839 5500">
    <p class='ocr_par' dir='ltr' id='par_1_112' title="bbox 2253 5408 3839 5500">
     <span class='ocr_line' id='line_1_113' title="bbox 2253 5408 3839 5500; baseline -0.013 -15"><span class='ocrx_word' id='word_1_851' title='bbox 2253 5426 2509 5500; x_wconf 78' lang='lat' dir='ltr'><strong>plicitatis</strong></span> <span class='ocrx_word' id='word_1_852' title='bbox 2556 5421 2871 5479; x_wconf 85' lang='lat' dir='ltr'><strong>hominibus</strong></span> <span class='ocrx_word' id='word_1_853' title='bbox 2926 5416 3245 5479; x_wconf 86' lang='lat' dir='ltr'><strong>fundatam,</strong></span> <span class='ocrx_word' id='word_1_854' title='bbox 3296 5428 3393 5469; x_wconf 89' lang='lat' dir='ltr'><strong>seu</strong></span> <span class='ocrx_word' id='word_1_855' title='bbox 3442 5427 3473 5467; x_wconf 88' lang='lat' dir='ltr'><strong>a</strong></span> <span class='ocrx_word' id='word_1_856' title='bbox 3521 5408 3839 5483; x_wconf 84' lang='lat' dir='ltr'><strong>quibusdam</strong></span> 
     </span>
    </p>
   </div>
   <div class='ocr_carea' id='block_1_113' title="bbox 2247 5503 3839 5596">
    <p class='ocr_par' dir='ltr' id='par_1_113' title="bbox 2247 5503 3839 5596">
     <span class='ocr_line' id='line_1_114' title="bbox 2247 5503 3839 5596; baseline -0.013 -16"><span class='ocrx_word' id='word_1_857' title='bbox 2247 5520 2617 5596; x_wconf 84' lang='lat' dir='ltr'><strong>piscatoribus</strong></span> <span class='ocrx_word' id='word_1_858' title='bbox 2639 5514 2914 5588; x_wconf 67' lang='lat' dir='ltr'><strong>prmcipue</strong></span> <span class='ocrx_word' id='word_1_859' title='bbox 2936 5513 3206 5569; x_wconf 83' lang='lat' dir='ltr'><strong>edoctam.</strong></span> <span class='ocrx_word' id='word_1_860' title='bbox 3234 5510 3373 5567; x_wconf 88' lang='lat' dir='ltr'><strong>llinc</strong></span> <span class='ocrx_word' id='word_1_861' title='bbox 3404 5509 3609 5564; x_wconf 78' lang='lat' dir='ltr'><strong>Dexter</strong></span> <span class='ocrx_word' id='word_1_862' title='bbox 3629 5504 3697 5562; x_wconf 88' lang='lat' dir='ltr'><strong>de</strong></span> <span class='ocrx_word' id='word_1_863' title='bbox 3716 5503 3839 5561; x_wconf 74' lang='grc' dir='ltr'><strong>ηἰε·</strong></span> 
     </span>
    </p>
   </div>
   <div class='ocr_carea' id='block_1_114' title="bbox 2249 5601 3840 5685">
    <p class='ocr_par' dir='ltr' id='par_1_114' title="bbox 2249 5601 3840 5685">
     <span class='ocr_line' id='line_1_115' title="bbox 2249 5601 3840 5685; baseline -0.014 -13"><span class='ocrx_word' id='word_1_864' title='bbox 2249 5614 2465 5685; x_wconf 83' lang='lat' dir='ltr'><strong>rcnymi</strong></span> <span class='ocrx_word' id='word_1_865' title='bbox 2493 5608 2797 5667; x_wconf 81' lang='lat' dir='ltr'><strong>sulliccntia</strong></span> <span class='ocrx_word' id='word_1_866' title='bbox 2827 5605 3131 5671; x_wconf 85' lang='lat' dir='ltr'><strong>confidens,</strong></span> <span class='ocrx_word' id='word_1_867' title='bbox 3160 5601 3251 5673; x_wconf 90' lang='lat' dir='ltr'><strong>qui</strong></span> <span class='ocrx_word' id='word_1_868' title='bbox 3280 5615 3420 5674; x_wconf 81' lang='lat' dir='ltr'><strong>pene</strong></span> <span class='ocrx_word' id='word_1_869' title='bbox 3440 5614 3632 5656; x_wconf 86' lang='lat' dir='ltr'><strong>omnes</strong></span> <span class='ocrx_word' id='word_1_870' title='bbox 3660 5604 3840 5655; x_wconf 84' lang='lat' dir='ltr'><strong>aucto-</strong></span> 
     </span>
    </p>
   </div>
   <div class='ocr_carea' id='block_1_115' title="bbox 2250 5689 3838 5769">
    <p class='ocr_par' dir='ltr' id='par_1_115' title="bbox 2250 5689 3838 5769">
     <span class='ocr_line' id='line_1_116' title="bbox 2250 5689 3838 5769; baseline -0.011 -6"><span class='ocrx_word' id='word_1_871' title='bbox 2250 5724 2338 5764; x_wconf 88' lang='lat' dir='ltr'><strong>res</strong></span> <span class='ocrx_word' id='word_1_872' title='bbox 2369 5708 2484 5762; x_wconf 80' lang='lat' dir='ltr'><strong>sive</strong></span> <span class='ocrx_word' id='word_1_873' title='bbox 2504 5700 2934 5769; x_wconf 84' lang='lat' dir='ltr'><strong>ecclesiasticus,</strong></span> <span class='ocrx_word' id='word_1_874' title='bbox 2966 5698 3083 5754; x_wconf 84' lang='lat' dir='ltr'><strong>sive</strong></span> <span class='ocrx_word' id='word_1_875' title='bbox 3112 5695 3392 5767; x_wconf 72' lang='lat' dir='ltr'><strong>profanos,</strong></span> <span class='ocrx_word' id='word_1_876' title='bbox 3415 5693 3638 5751; x_wconf 64' lang='lat' dir='ltr'><strong>Griecos</strong></span> <span class='ocrx_word' id='word_1_877' title='bbox 3666 5700 3721 5746; x_wconf 90' lang='lat' dir='ltr'><strong>et</strong></span> <span class='ocrx_word' id='word_1_878' title='bbox 3742 5689 3838 5746; x_wconf 87' lang='lat' dir='ltr'><strong>La-</strong></span> 
     </span>
    </p>
   </div>
   <div class='ocr_carea' id='block_1_116' title="bbox 2247 5783 3834 5875">
    <p class='ocr_par' dir='ltr' id='par_1_116' title="bbox 2247 5783 3834 5875">
     <span class='ocr_line' id='line_1_117' title="bbox 2247 5783 3834 5875; baseline -0.011 -16"><span class='ocrx_word' id='word_1_879' title='bbox 2247 5801 2395 5859; x_wconf 89' lang='lat' dir='ltr'><strong>tinos</strong></span> <span class='ocrx_word' id='word_1_880' title='bbox 2414 5798 2639 5875; x_wconf 77' lang='lat' dir='ltr'><strong>legerat,</strong></span> <span class='ocrx_word' id='word_1_881' title='bbox 2663 5800 2872 5849; x_wconf 84' lang='lat' dir='ltr'><strong>tantum</strong></span> <span class='ocrx_word' id='word_1_882' title='bbox 2895 5792 2947 5849; x_wconf 89' lang='lat' dir='ltr'><strong>ci</strong></span> <span class='ocrx_word' id='word_1_883' title='bbox 2969 5804 3107 5866; x_wconf 87' lang='lat' dir='ltr'><strong>opus</strong></span> <span class='ocrx_word' id='word_1_884' title='bbox 3130 5789 3379 5865; x_wconf 88' lang='lat' dir='ltr'><strong>imponit,</strong></span> <span class='ocrx_word' id='word_1_885' title='bbox 3405 5799 3587 5862; x_wconf 74' lang='lat' dir='ltr'><strong>Operm</strong></span> <span class='ocrx_word' id='word_1_886' title='bbox 3609 5783 3834 5860; x_wconf 81' lang='lat' dir='ltr'><strong>pretium</strong></span> 
     </span>
    </p>
   </div>
  </div>
