4028 6496
132 314 197 373 ιτ
1533 306 1875 370 AUCTOltlS
1913 307 2093 367 vm.
3418 317 3485 376 ιδ

126 427 324 496 ipsum
350 422 648 482 facturum
669 421 981 490 afﬁrmans,
1008 422 1056 478 si
1084 421 1377 480 Doctorum
1401 423 1667 493 omnium,
1692 423 1787 496 qui
1812 431 1863 493 Α
1886 425 2077 497 quanti
2103 433 2155 481 et
2182 425 2359 496 quales
2379 424 2476 480 viri
2507 442 2618 482 eam
2648 428 3001 500 fundaverinl,
3034 430 3405 499 exstrurcrint,
3437 445 3490 488 et

128 518 247 575 vita
278 526 351 576 et
385 519 629 590 scriptis
652 517 958 576 Ecclesium
982 517 1079 575 Dei
1114 518 1505 588 illustrassent,
1534 519 1778 583 nomina,

1888 518 2208 587 ornauerint,
2235 528 2283 573 et
2313 518 2552 575 desinant
2581 522 2735 593 ﬁdem
2779 531 3009 577 nostram
3036 525 3245 581 rustica:
3285 533 3484 580 tantum

128 621 190 669 et
215 612 675 670 lucubrationes
697 656 717 684 ,
758 625 918 669 more
942 610 1209 684 catalogi,
1238 611 1310 668 ad
1340 625 1506 669 unum
1534 611 1783 669 brevius-
1881 612 2236 699 simplicitatis
2300 631 2516 688 arguere
2544 654 2562 683 ,
2629 634 2877 689 suamque
2941 619 3112 686 potius
3168 620 3485 691 imperitiam

126 705 333 765 culum
388 707 666 764 volumen
709 703 1104 763 encomiastice
1150 706 1442 764 reduceret
1481 724 1495 761 :
1550 717 1610 763 ut
1654 720 1778 762 cum

126 800 395 874 gentiles
440 803 736 860 rhetorum
773 814 841 857 ac
879 807 1172 873 poetarum
1212 815 1434 858 suorum
1471 801 1780 874 catalogum

128 892 308 953 nobis
345 894 706 969 ohjicerent,
731 908 896 967 quem
922 893 1216 951 Suetonius
1235 893 1612 966 Tranquillus,
1637 896 1781 952 libro

127 988 201 1047 de
218 990 554 1047 illustribus
571 988 945 1047 Grammaticis
964 989 1116 1047 edito
1133 989 1483 1059 confecerat,
1505 989 1780 1048 Catholici

129 1095 388 1139 suorum
416 1081 743 1154 catalogum
767 1096 1024 1154 promere
1046 1088 1294 1155 possent,
1315 1093 1371 1139 et
1393 1082 1624 1154 gentiles
1642 1097 1780 1153 quos

140 1176 324 1232 inscia
354 1183 625 1232 vetustas
654 1173 1035 1243 venerabatur,
1062 1173 1354 1245 imperitia:
1380 1182 1437 1230 et
1456 1173 1779 1245 ignorantia:

132 1270 529 1344 redarguere.
560 1269 607 1328 0
636 1268 858 1342 dignam
885 1267 1191 1326 Christiani
1223 1277 1280 1325 et
1308 1267 1458 1327 docti
1490 1267 1589 1325 tiri
1625 1270 1778 1341 cogi.

137 1364 436 1421 tationem
468 1364 484 1418 !
528 1377 566 1419 o
592 1362 839 1421 animum
876 1362 1151 1419 nobilem!
1180 1361 1320 1432 Quid
1352 1360 1550 1418 mirum
1591 1361 1637 1417 si
1668 1375 1777 1418 non

130 1460 321 1516 solum
342 1460 551 1516 clarus
564 1459 708 1530 apud
724 1458 1000 1526 iaculum,
1022 1458 1121 1515 sed
1144 1457 1333 1527 etiam,
1354 1457 1498 1529 quod
1523 1459 1577 1514 in
1598 1472 1777 1515 saecu-

138 1552 246 1608 lari
269 1551 525 1609 homine
554 1565 741 1609 rarum
774 1559 881 1619 est,
906 1549 1104 1607 Christi
1133 1550 1256 1620 ﬁdei
1276 1550 1506 1614 deditur.
1526 1549 1777 1607 dicatur?

136 1647 291 1706 Sane
340 1646 511 1719 quod
564 1646 864 1702 Doctorum
906 1643 1167 1702 Ecclesia:
1214 1644 1462 1716 catalogo
1509 1644 1773 1708 fruamur.

140 1736 363 1795 Dextro
392 1754 458 1792 γ.
499 1753 553 1794 c.
593 1736 858 1795 debemus
891 1753 905 1791 :
936 1751 1059 1793 nam
1090 1736 1209 1808 ejus
1233 1736 1452 1793 hortatu
1486 1734 1546 1793 S.
1582 1735 1774 1792 Hiero-

1883 717 2186 779 agnoscant.
2214 707 2485 765 Hactenus
2513 708 2877 782 Hieronymus
2910 711 3131 768 Dextro.

1954 803 2167 873 Agebat
2192 818 2261 860 eo
2301 813 2550 875 tempore
2586 804 2787 862 Dexter
2826 821 3025 861 annum
3056 807 3232 864 aetatis
3260 824 3395 865 xxm
3424 818 3482 867 et

1884 896 2020 955 licet
2043 896 2428 955 adolescentiae
2455 906 2630 955 metas
2670 914 2781 956 non
2812 900 3163 970 excessisset,
3192 903 3375 958 animo
3407 910 3489 957 ta.

1882 1005 2007 1047 men
2049 1004 2220 1046 canus
2266 1006 2452 1048 senem
2502 990 2700 1048 studiis
2750 1008 2862 1062 pra:
2902 1008 2961 1050 se
2993 994 3230 1063 ferebat;
3260 994 3402 1051 unde
3429 1004 3485 1051 et

1880 1093 2126 1157 coeperat
2165 1085 2476 1142 Cltronicon
2527 1100 2684 1140 suum
2735 1086 2989 1142 Historiae
3037 1086 3369 1143 omnimoda:
3421 1087 3477 1144 in

1878 1178 2111 1250 gratiam
2133 1177 2378 1251 ejusdem
2400 1178 2715 1251 Hieronymi
2742 1188 2962 1247 texere;
2986 1195 3094 1252 quo
3125 1181 3382 1237 nimirum
3411 1180 3480 1235 ad

1879 1270 2191 1343 catalognm
2227 1274 2561 1343 scriptorum
2584 1271 2935 1341 ordiendum,
2962 1274 3139 1345 ipsum
3168 1273 3428 1331 excitaret
3459 1294 3473 1330 :

1882 1364 2096 1420 tametsi
2128 1364 2288 1420 rebus
2310 1362 2542 1428 militite,
2572 1372 2627 1419 et
2656 1364 3042 1435 imperatorum
3067 1364 3293 1421 servitio
3313 1364 3478 1436 longo

1882 1466 2127 1529 tempore
2164 1456 2424 1523 intentus,
2470 1456 2786 1528 ingentique
2828 1466 3247 1515 memoratarum
3287 1474 3470 1514 rerum

1878 1551 2144 1609 varietate
2172 1551 2447 1618 detentus,
2478 1551 2640 1608 linem
2664 1550 2767 1622 ipsi
2792 1551 2897 1607 nisi
2924 1562 3048 1624 post
3078 1551 3277 1608 multos
3301 1567 3478 1610 annos

1878 1659 1987 1702 non
2020 1644 2251 1702 valuerit
2292 1645 2573 1717 imponere
2604 1662 2619 1699 :
2648 1644 2867 1717 quando
2898 1646 3107 1701 scilicet
3146 1645 3299 1702 senio
3339 1659 3474 1703 con-

1879 1739 2072 1807 fectus,
2102 1741 2344 1813 quietem
2379 1739 2527 1796 domi
2553 1755 2684 1807 sum,
2733 1740 2936 1796 exteris
2977 1740 3197 1810 rejectis
3246 1740 3468 1805 muniis,

137 1845 351 1901 nymus
404 1829 752 1901 provinciam
796 1844 917 1885 eam
965 1829 1236 1902 suscepit;
1283 1829 1444 1900 cujus
1482 1826 1772 1887 deﬁciente
1800 1815 1850 1877 Β
1877 1831 2235 1904 ριιὶιοεοριιίω
2272 1830 2597 1889 Christianae
2642 1831 2960 1887 exercenda:
2988 1831 3157 1903 gratia
3185 1832 3461 1903 quaesivit.

143 1926 599 1994 lucubratione,
657 1925 976 1981 innumeros
1024 1923 1373 1996 antiquorum
1433 1924 1763 1995 Doctorum,

140 2034 391 2089 quorum
427 2016 598 2074 modo
624 2031 808 2089 opera:
840 2031 948 2073 non
980 2024 1224 2083 exstant,
1253 2030 1544 2073 necessum
1578 2016 1770 2075 fuisset

143 2112 435 2184 ignorare.
468 2114 737 2171 Annucns
762 2111 929 2184 igitur
958 2112 1147 2170 Dextri
1174 2110 1464 2169 desideriis
1494 2111 1766 2187 Hierony-

146 2220 273 2261 mus
304 2219 433 2262 non
462 2204 643 2261 solum
674 2205 982 2277 catalogutn
1008 2205 1254 2276 cupitum
1281 2200 1553 2271 coniecit,
1585 2205 1680 2261 sed
1712 2216 1767 2262 et

154 2300 361 2357 librum
386 2299 579 2371 ipsum
605 2299 813 2356 Dextro
835 2295 1054 2365 dicavit,
1078 2306 1134 2353 et
1153 2296 1442 2370 epistolam
1464 2295 1606 2355 libro
1628 2312 1763 2369 prte-

148 2393 360 2466 posuit,
386 2392 694 2451 videlicet:

665 2500 1002 2544 EIBRONYIUS
1038 2499 1273 2542 οειτιιο.

214 2577 509 2650 Hortaris,
544 2578 762 2649 Dexter,
793 2589 850 2635 ut
900 2577 1268 2652 Tranquillum
1317 2592 1567 2648 sequens,
1596 2581 1759 2634 eccle~

146 2674 394 2731 sinaticos
424 2674 730 2745 Scriptores
759 2673 816 2729 in
845 2673 1087 2729 ordinem
1123 2674 1398 2746 digeram;
1428 2685 1476 2727 et
1512 2674 1654 2744 quod
1675 2672 1765 2728 ille

149 2767 201 2821 in
228 2767 626 2823 enumerandis
662 2767 931 2841 gentilium
971 2767 1266 2823 litterarum
1304 2766 1429 2822 viris
1453 2767 1576 2839 fecit
1612 2765 1765 2822 illus-

153 2858 344 2932 tribus,
393 2877 500 2933 ego
524 2861 580 2915 in
628 2861 823 2915 nostris
850 2860 1041 2931 faciam
1069 2859 1170 2915 :id
1200 2868 1299 2928 est,
1346 2869 1404 2915 ut
1449 2875 1485 2914 α
1524 2860 1765 2931 passione

148 2949 345 3009 Christi
392 2970 567 3027 usque
595 2953 666 3009 ad
703 2956 961 3010 decimum
994 2961 1238 3025 quartum
1268 2951 1548 3013 Theodosii
1577 2954 1762 3027 imper.

152 3061 347 3101 unum
375 3062 568 3102 omnes
593 3047 684 3118 qui
709 3048 775 3102 de
825 3045 1116 3120 Scripturis
1146 3045 1338 3103 sanctis
1369 3047 1632 3101 memerita
1663 3043 1765 3101 ali-

150 3141 272 3210 quid
324 3140 712 3212 prodiderunt,
762 3140 852 3196 tibi
904 3140 1123 3196 breuiter
1171 3156 1447 3212 exponam.
1504 3138 1763 3196 Fecerunt

1873 1925 2006 1983 Inde
2035 1927 2238 1983 factum
2268 1934 2373 1992 est,
2406 1934 2468 1983 ut
2490 1926 2855 1998 Hieronymus
2874 1927 2996 1998 ejus
3023 1926 3144 1982 libri
3168 1926 3221 1982 in
3244 1942 3345 1982 suo
3374 1941 3466 1983 ca-

1874 2022 2055 2095 talogo
2090 2023 2423 2087 meminerit,
2455 2036 2615 2094 quem
2647 2037 2791 2077 anno
2818 2021 3029 2077 Domini
3059 2021 3169 2079 595
3196 2021 3458 2090 confecit,

1868 2125 1926 2173 et
1952 2116 2302 2172 nihilominus
2333 2115 2576 2171 ultimam
2606 2129 2823 2171 manum
2854 2114 3174 2186 imposuerit
3194 2128 3294 2171 suo
3322 2113 3466 2170 Dex-

1870 2217 1954 2266 ter
1981 2223 2126 2264 anno
2154 2207 2372 2265 Domini
2396 2207 2504 2264 430
2533 2216 2655 2277 post
2682 2208 2999 2280 Hieronymi
3026 2217 3282 2275 mortem,
3314 2216 3373 2263 ut
3397 2222 3464 2265 ex

1866 2300 2098 2373 prologo
2129 2300 2319 2372 liquet.
2351 2299 2688 2371 Quamquam
2730 2297 2781 2355 id
2812 2314 3028 2371 quoque
3055 2298 3337 2371 probabile
3368 2298 3469 2355 ad-

1866 2393 2086 2452 modum
2114 2392 2207 2460 sit,
2240 2407 2347 2448 non
2375 2407 2443 2449 eo
2462 2406 2631 2457 anno,
2649 2406 2759 2462 quo
2778 2390 3059 2463 catalogus
3082 2406 3114 2446 a
3135 2389 3471 2464 Hieronymo

1869 2485 2182 2543 elaboratus
2230 2483 2356 2553 fuit,
2405 2482 2593 2539 Dextri
2644 2481 2930 2539 historiam
2981 2483 3037 2538 in
3083 2498 3151 2539 eo
3204 2482 3467 2538 insertam

1868 2577 2057 2644 fuisse,
2085 2578 2179 2634 sed
2212 2585 2335 2648 post
2373 2575 2579 2647 aliquot
2610 2589 2814 2642 annos,
2856 2573 3077 2647 quando
3106 2573 3364 2630 videlicet
3390 2573 3458 2630 ad

1865 2671 1987 2740 ejus
2013 2667 2259 2725 notitiam
2288 2669 2538 2740 pervenit
2569 2667 2753 2723 Dextri
2783 2665 3117 2732 lucubratio,
3144 2674 3200 2723 et
3244 2664 3462 2721 dedica-

1867 2762 2033 2820 tionis
2057 2762 2434 2836 pr0positum;
2468 2759 2922 2833 quemadmodum
2954 2769 3013 2816 et
3035 2759 3173 2816 alios
3202 2760 3460 2830 paulatim

1866 2855 2168 2913 inseruisse
2207 2870 2465 2913 successu
2499 2854 2784 2926 temporis,
2816 2852 2919 2909 sibi
2960 2862 3087 2909 ante
3126 2852 3453 2925 incognitus,

1866 2964 1965 3007 suo
1993 2948 2116 3006 loco
2136 2947 2335 3005 dicturi
2367 2965 2577 3008 sumus.

1934 3039 2325 3099 Crebrescente
2351 3041 2468 3112 ejus
2493 3041 2654 3108 fama,
2702 3040 2918 3097 tandem
2951 3041 3061 3109 fab'
3090 3040 3322 3097 Arcadio
3369 3043 3462 3112 qui

1865 3133 2103 3192 Orientis
2144 3134 2428 3206 imperium
2458 3150 2487 3190 a
2517 3134 2824 3192 Theodosio
2855 3144 3077 3204 parente
3110 3133 3459 3190 hmrcditario

151 3200 361 3302 quidem
403 3233 510 3287 hoc
538 3232 674 3287 idem
697 3200 859 3304 ⁷αρτιιί
899 3230 1106 3287 Crtecos
1136 3200 1458 3303 Hermippus
1487 3228 1759 3302 Peripateo
1786 3200 1833 3264 δ
1859 3227 1985 3300 jure
2034 3200 2386 3299 susceperat,
2436 3228 2504 3285 ad
2536 3200 2913 3300 praefecturam
2967 3229 3205 3300 prtetorii
3258 3230 3459 3284 Dexter

154 3323 300 3388 licus,
318 3324 626 3397 Antigonus
647 3322 939 3395 Carystius,
963 3323 1185 3396 Satyrus
1205 3324 1389 3378 doctus
1413 3323 1514 3389 vir,
1542 3333 1589 3378 et
1608 3322 1763 3394 longe

156 3416 390 3469 omnium
423 3416 762 3471 doctissimus
796 3415 1136 3470 Aristoxenus
1169 3412 1406 3469 llusicus
1436 3429 1456 3469 :
1484 3413 1628 3487 apud
1658 3412 1761 3468 Lu-

158 3507 285 3562 tinos
309 3518 494 3562 autem
515 3505 706 3573 Varro,
734 3506 950 3573 Santra,
982 3505 1182 3580 Nepos,
1208 3504 1473 3579 Hyginus,
1496 3517 1567 3572 et,
1588 3504 1762 3559 adcu-

154 3601 238 3670 jus
258 3615 351 3657 nos
369 3617 520 3657 mm
530 3600 678 3670 plum
702 3601 776 3655 eis
802 3617 913 3671 pro:
929 3599 1492 3673 ocarc,Tranquillus.
1525 3599 1631 3657 Sed
1655 3617 1760 3655 non

166 3709 292 3761 mea,
322 3706 374 3748 ct
412 3697 634 3748 illorum
661 3694 848 3750 similis
872 3703 950 3749 est
976 3693 1204 3749 conditio
1235 3709 1251 3746 :
1281 3691 1367 3748 illi
1409 3692 1546 3747 enim
1568 3702 1762 3747 ueteres

164 3785 424 3855 historias,
456 3788 777 3857 errantesque
822 3788 1157 3857 replicantes,
1198 3794 1477 3859 potuerunt
1512 3786 1661 3856 quasi
1697 3784 1762 3840 de

166 3879 355 3951 ingenti
404 3889 564 3951 prato
612 3896 827 3952 parvam
857 3880 1093 3950 apusculi
1136 3879 1220 3934 sui
1264 3895 1510 3934 coronam
1540 3889 1711 3933 texere
1738 3894 1757 3931 :

163 3986 251 4044 ego
276 3975 407 4044 quid
451 3983 664 4029 acturus
705 3991 844 4039 sunt,
868 3975 961 4044 qui
1002 3972 1207 4029 nullunt
1249 3972 1497 4046 prconium
1518 3987 1755 4043 sequens,

168 4067 440 4133 pessimum
468 4068 551 4138 (ut
587 4068 797 4139 dicitur)
829 4068 1138 4142 magistrum
1180 4066 1530 4139 metnetipsunt
1561 4065 1761 4121 habeo?

170 4156 497 4231 Quamquam
526 4159 785 4215 Eusebius
798 4158 1065 4231 Pamphili
1092 4160 1147 4213 in
1176 4160 1347 4214 decem
1379 4156 1759 4214 Ecclesiastica:

172 4248 394 4308 historitz
442 4252 616 4320 libris,
666 4255 893 4308 maxime
941 4251 1088 4307 nobis
1134 4252 1435 4326 adjumento
1474 4251 1683 4321 fuerit:
1711 4261 1760 4305 et

168 4343 489 4414 singulorum
512 4346 577 4401 de
604 4346 793 4418 quibus
818 4346 1066 4413 scripturi
1082 4361 1258 4400 sumus
1279 4346 1563 4408 uolumina,
1585 4354 1760 4399 celatos

173 4447 437 4492 auctorum
483 4453 697 4493 suorum
741 4454 879 4510 stupe
923 4447 1198 4493 testantur.
1253 4438 1441 4509 Itaque
1483 4436 1761 4491 Dominum

1862 3328 2086 3377 evectus
2114 3328 2218 3389 est,
2247 3319 2340 3376 cui
2370 3320 2521 3376 nulla
2554 3329 2677 3377 erat
2704 3331 2818 3376 toto
2858 3321 3088 3391 imperio
3117 3319 3353 3391 dignitas
3381 3335 3463 3376 ze-

1862 3412 2057 3485 qualis,
2090 3422 2279 3484 utpote
2306 3414 2451 3471 unde
2478 3414 2679 3469 multos
2722 3414 2790 3469 ad
2816 3428 3075 3470 coronam
3118 3413 3332 3484 imperii
3360 3428 3460 3469 vo-

1860 3514 2012 3562 catos
2058 3522 2130 3563 ex
2179 3507 2419 3563 historiis
2471 3511 2694 3564 scimus.
2723 3508 2842 3576 Quo
2889 3524 3033 3563 anno
3084 3507 3458 3579 prmfecturam

1862 3600 2101 3670 praetorii
2144 3599 2343 3657 Dexter
2388 3602 2614 3672 prmcise
2663 3601 2843 3657 inierit
2896 3617 3003 3657 non
3055 3609 3302 3668 constat;
3356 3602 3462 3659 hoc

1863 3706 2024 3747 unum
2048 3699 2229 3749 tamen
2254 3692 2442 3764 liquet,
2467 3709 2612 3749 anno
2638 3692 2837 3749 Christi
2856 3692 3064 3748 Domini
3082 3691 3215 3759 405,
3244 3708 3351 3763 quo
3372 3694 3455 3747 vi-

1861 3785 2060 3842 delicet
2094 3786 2152 3841 S.
2206 3786 2568 3859 Hieronymus
2607 3786 2902 3843 secundam
2933 3785 3001 3841 ad
3028 3786 3280 3841 Rulinum
3311 3786 3460 3842 dedit

1858 3878 2203 3950 Apologiam,
2228 3878 2604 3949 praefecturam
2638 3880 2749 3950 jam
2790 3894 2944 3936 suam
2978 3879 3301 3949 explevisse,
3329 3894 3455 3935 cum

1860 3982 2040 4027 tamen
2077 3987 2222 4027 anno
2251 3971 2345 4028 illo
2372 3962 2483 4030 595'
2506 3989 2614 4044 quo
2644 3974 2945 4044 catalogum
2977 3974 3302 4044 scriptorum
3333 3988 3457 4044 pcr-

1860 4065 2009 4133 fecit,
2041 4064 2284 4121 nondum
2314 4065 2382 4119 ad
2405 4080 2523 4120 eam
2553 4066 2928 4122 ascendisset:
2956 4067 3010 4121 in
3039 4064 3285 4135 catalogo
3308 4067 3453 4121 enim

1859 4158 1951 4214 illo
1978 4174 2088 4213 non
2117 4174 2183 4213 eo
2214 4157 2371 4214 titulo
2399 4176 2430 4213 a
2460 4158 2791 4232 Hieronymo
2837 4156 3159 4225 honoratur,
3192 4160 3285 4214 sed
3315 4159 3449 4213 sim-

1860 4250 1984 4320 plici
2006 4265 2133 4307 usus
2161 4260 2244 4307 est
2266 4251 2485 4307 nomine
2513 4268 2527 4303 :
2558 4249 2904 4322 Hieronymus
2930 4249 3149 4305 Dextra.
3184 4249 3448 4313 Hortaris,

1858 4341 2069 4398 Dexter.
2116 4341 2175 4397 In
2207 4342 2463 4414 Apologia
2493 4357 2645 4408 vero,
2688 4344 2820 4397 Ante
2861 4343 3196 4410 decennium,
3240 4343 3451 4414 inquit,

1858 4452 1975 4491 cum
2004 4436 2193 4490 Dexter
2210 4434 2405 4491 amicus
2433 4452 2597 4503 meus,
2627 4437 2713 4506 qui
2734 4436 3093 4507 prtefccturant
3118 4438 3457 4492 administra-

173 4523 338 4582 Jcsttm
362 4529 632 4585 Christum
674 4548 883 4604 precor,
927 4542 983 4585 ut
1021 4530 1160 4603 quod
1187 4527 1366 4586 Cicero
1403 4540 1547 4597 tuus,
1571 4531 1661 4602 qui
1703 4532 1758 4585 in
1792 4583 1838 4604 ,ἱ
1862 4532 1930 4584 rit
1958 4532 2209 4601 prmtorii,
2239 4548 2317 4585 me
2346 4538 2595 4602 rogasset,
2627 4538 2683 4584 ut
2720 4539 2990 4583 auctorum
3034 4540 3223 4585 nostra:
3246 4530 3458 4602 religio-

178 4635 286 4675 arce
314 4621 567 4679 Romana:
592 4627 728 4679 stetit
764 4626 1074 4693 eloquentia:
1124 4642 1226 4680 non
1274 4637 1347 4680 est
1390 4625 1559 4696 facere
1604 4622 1755 4678 dedi-

176 4721 350 4780 gnatus
378 4716 431 4770 in
455 4714 646 4785 Bruto,
675 4727 940 4772 oratorum
970 4716 1173 4773 Latina:
1202 4717 1395 4789 lingua:
1420 4728 1595 4773 texens
1625 4727 1760 4772 cata-

182 4799 367 4874 logutn,
393 4810 451 4864 id
494 4826 588 4882 ego
629 4812 683 4865 in
725 4812 972 4868 Ecclesitz
1004 4810 1148 4867 illius
1192 4812 1527 4886 scriptoribus
1552 4828 1761 4869 enume-

182 4902 369 4968 randis,
392 4902 555 4976 digne
576 4902 934 4960 cohortatione
972 4914 1061 4960 tua
1096 4906 1359 4975 impleant.
1394 4906 1565 4976 Siqui
1589 4916 1760 4961 autem

186 4986 342 5046 dehis
379 4995 471 5061 qui
503 5012 662 5068 usque
693 4997 847 5051 hodie
875 4998 1190 5069 scriptitarit,
1219 5016 1251 5053 α
1277 5014 1356 5053 nte
1394 5000 1449 5054 in
1490 5000 1588 5054 hoc
1618 4999 1763 5055 uolu-

185 5084 307 5140 tnine
341 5090 673 5160 prmtcrmissi
710 5102 854 5158 sunt,
885 5092 983 5148 sibi
1022 5094 1207 5165 magis,
1236 5109 1393 5164 quam
1431 5092 1560 5147 ntihi
1584 5093 1767 5149 debent

187 5175 421 5248 imputare
451 5201 470 5239 :
500 5200 661 5255 neque
688 5186 824 5241 enim
841 5184 1065 5243 celantes
1085 5189 1276 5259 scriptu
1297 5203 1416 5254 sua,
1448 5185 1614 5243 dehis
1647 5204 1765 5259 qua:

190 5286 279 5326 non
303 5274 399 5347 legi
419 5294 574 5333 nosse
600 5277 783 5346 potui;
808 5287 856 5333 et
889 5278 1030 5349 quod
1060 5279 1179 5333 aliis
1208 5278 1432 5349 forsitan
1462 5281 1528 5335 sit
1563 5290 1764 5346 natum,

194 5366 303 5421 mihi
329 5370 381 5424 in
407 5373 502 5427 hoc
534 5383 791 5428 terrarum
816 5372 1011 5447 angulo
1035 5376 1189 5445 fuerit
1216 5376 1469 5447 ignotum.
1486 5372 1634 5430 Certe
1648 5390 1763 5428 cum

192 5459 378 5532 scriptis
420 5464 529 5521 suis
574 5464 876 5533 claruerint,
906 5483 1011 5521 non
1041 5483 1355 5539 magnOpere
1384 5467 1548 5523 nostri
1574 5468 1767 5522 silentii

196 5550 442 5623 dispendio
472 5558 833 5628 suspirabunt.
878 5559 1095 5623 Discant
1124 5578 1248 5634 ergo
1290 5560 1488 5626 Celsus,
1517 5561 1765 5633 Porphy-

198 5648 312 5715 νίκα,
334 5647 601 5723 Julianus,
626 5653 793 5708 rabidi
820 5654 1064 5711 adversus
1080 5651 1345 5711 Christum
1372 5671 1545 5721 cupies,
1569 5654 1770 5710 discant

205 5752 359 5797 eorum
396 5755 700 5813 sectatores,
734 5749 822 5817 qui
866 5757 1050 5819 putant
1082 5747 1376 5805 Ecclesium
1400 5748 1575 5804 nullos
1603 5747 1774 5819 philo-

206 5836 407 5907 δίψιοι,
469 5849 518 5896 ct
581 5840 909 5912 eloquentes,
964 5841 1138 5899 nullos
1199 5841 1439 5899 habuisse
1493 5838 1771 5911 Doctores;

1787 4583 1839 4643 ι)

1862 4624 1942 4677 nis
1970 4624 2018 4681 ei
2064 4624 2285 4677 indicem
2315 4632 2556 4677 texerant.
2597 4622 2896 4693 'ltigcsitno
2926 4620 3099 4695 (reor)
3137 4624 3313 4678 artatis
3340 4638 3453 4679 sua:

1861 4732 2005 4771 anno
2035 4715 2273 4786 praetorii
2304 4716 2592 4787 praefectus
2616 4712 2788 4769 factus
2810 4712 2908 4768 fuit
2938 4730 2953 4769 :
2984 4723 3039 4770 et
3068 4714 3139 4770 53
3158 4714 3269 4785 jam
3313 4731 3455 4785 prte-

1862 4808 2073 4866 fectura
2112 4806 2433 4878 perfunctus
2477 4814 2762 4877 tantOperc
2790 4806 3173 4880 Hieronymum
3205 4806 3455 4865 familiari

1861 4900 2134 4972 colloquio
2161 4910 2215 4957 et
2234 4900 2456 4971 scriptis
2481 4910 2837 4969 convenerat,
2870 4909 2931 4957 ut
2962 4900 3029 4957 ab
3056 4901 3174 4972 ipso
3201 4902 3359 4956 amici
3388 4901 3455 4957 ti-

1863 4996 2033 5053 tulum
2060 4997 2339 5052 meruerit.

1935 5089 2117 5146 Rebus
2159 5090 2397 5161 praetorii
2441 5088 2671 5146 feliciter
2713 5089 3122 5156 administratis,
3168 5100 3224 5146 et
3273 5091 3456 5146 multis

1865 5184 2022 5239 annis
2053 5186 2105 5239 in
2134 5183 2355 5239 servitio
2398 5184 2761 5255 Augustorum
2812 5185 3053 5255 Arcadii,
3100 5192 3155 5240 et
3206 5183 3453 5254 Hoitorii,

1865 5290 1929 5331 ac
1951 5276 2188 5346 junioris
2210 5274 2497 5331 Theodosii
2519 5276 2804 5341 conlectis,
2837 5276 3052 5333 tandem
3080 5277 3149 5333 de
3173 5292 3363 5334 eorum
3397 5278 3460 5332 li-

1866 5369 2043 5425 centia
2070 5367 2376 5441 infpatriam
2405 5369 2727 5437 revertitur;
2754 5370 2844 5425 ubi
2870 5379 3048 5427 tamen
3077 5372 3259 5442 quiete
3274 5381 3458 5442 optata

1870 5479 1978 5520 non
2004 5462 2099 5518 diu
2129 5463 2285 5534 potiri
2312 5463 2495 5518 datum
2528 5463 2646 5531 fuit,
2681 5479 2803 5519 nam
2830 5463 2895 5520 ad
2920 5464 3157 5535 regimen
3183 5464 3462 5521 Toletantc

1879 5556 2027 5613 urbis
2050 5564 2384 5627 assumptus,
2415 5555 2661 5611 nonnihil
2684 5555 2863 5612 studia
2892 5565 3066 5627 empto
3095 5558 3459 5615 intermittere

1873 5660 2098 5707 coactus
2127 5660 2230 5707 est.
2262 5650 2333 5707 At
2359 5665 2460 5707 nec
2499 5650 2578 5707 sic
2607 5652 2828 5705 omnino
2869 5651 2938 5706 ab
2965 5651 3075 5707 illis
3102 5652 3330 5720 destitit,
3366 5652 3462 5709 sed

1876 5760 1978 5818 pro
1998 5743 2262 5815 temporis
2284 5743 2708 5814 opportunitate,
2735 5744 2955 5817 antiqua
2976 5743 3151 5801 Toleti
3168 5743 3459 5800 Tabularia

1881 5838 2108 5895 scrutari
2141 5836 2283 5909 (qua:
2316 5835 2417 5893 sibi
2449 5835 2740 5894 admodum
2780 5836 3017 5907 proficua
3045 5834 3212 5896 fuisse
3243 5837 3462 5908 fatetur)
