4028 6464
545 374 618 433 2'5
1456 370 1754 432 FLAVlUS
1790 371 2039 435 LUCIUS
2077 374 2362 435 DEXTER
2398 374 2926 439 CIIRONOLOGUS.
3781 397 3877 465 ει

549 489 876 545 membraneo
897 488 1091 560 scripto
1120 487 1185 545 de
1208 486 1457 543 mandato
1490 489 1741 563 Argioviti
1757 491 2018 562 quondam
2049 493 2143 547 hu—
2166 494 2220 557 Α
2248 493 2397 562 ﬁlius
2418 491 2709 565 Hispanias
2723 496 2879 564 adiit,
2894 495 3145 573 urbesque
3162 517 3341 560 omnes
3358 507 3473 578 ejus
3486 504 3870 582 lustrat.Qua:

542 582 636 653 jus
687 582 821 635 sedis
867 580 1023 654 [SeiL
1067 580 1536 657 Portugallensis],
1579 584 1832 657 episcopi,
1878 586 2020 658 apud
2067 602 2150 643 me
2251 588 2588 646 concordant
2619 590 2847 648 cumbis
2868 605 2991 663 qua:
3017 592 3222 653 Dexter
3243 597 3435 654 scribit
3463 599 3656 658 eodem
3681 580 3866 663 anno.

550 682 629 726 est
655 688 672 726 :
701 676 775 726 sic
795 674 933 727 enim
962 674 1139 729 habet.

622 764 850 821 Sanctus
889 766 1082 824 Petrus
1133 771 1259 827 civis
1298 770 1659 838 Bracarensis.
1703 773 1793 842 qui
1836 782 1886 830 et
1929 772 2150 830 Samuel

551 859 741 927 dictus,
771 878 805 914 a
828 862 891 917 S.
916 863 1117 920 Jacobo
1137 864 1359 922 Joannis
1383 870 1561 941 fratre,
1586 868 1823 927 Zebedtei
1840 870 1957 940 ﬁlio
1978 872 2145 927 susci-

550 959 711 1019 tatus,
752 953 805 1006 in
850 954 1148 1026 episcOpum
1186 957 1558 1015 Bracarenscm
1597 970 1925 1018 consecratus
1962 971 2071 1030 est;
2097 970 2146 1019 et

549 1047 612 1103 ab
642 1064 702 1102 eo
726 1050 938 1115 missus,
973 1051 1153 1107 multis
1176 1053 1245 1107 ibi
1268 1056 1384 1125 ejus
1407 1056 1607 1127 generis
1641 1072 1669 1111 e
1698 1056 1926 1112 tribubus
1950 1058 2147 1131 disper-

553 1140 643 1207 sis,
680 1148 729 1193 et
769 1142 982 1215 gentiles
1010 1148 1279 1202 conrertit.
1312 1146 1447 1202 Inde
1478 1150 1744 1221 digressus
1775 1149 1959 1221 Tydte,
1995 1149 2148 1207 trite-

548 1249 652 1306 gue
678 1235 950 1301 pra‘dicat,
974 1247 1022 1291 et
1050 1254 1142 1309 per
1172 1249 1335 1296 totam
1376 1244 1693 1296 maritimam
1721 1259 1887 1308 oram,
1913 1242 1984 1296 ad
2025 1260 2149 1314 pro-

551 1329 875 1383 montorium
902 1348 1064 1401 usque
1086 1334 1442 1408 Cinthiumﬂd
1464 1346 1549 1392 est
1573 1335 1847 1392 Promont.
1865 1335 2030 1392 Luna:
2050 1352 2146 1394 seu

553 1414 1000 1497 lllgssiponenste]
1022 1427 1125 1481 sive
1149 1439 1193 1481 et
1221 1426 1496 1499 Ulysseum
1520 1445 1541 1484 :
1559 1431 1883 1503 instituitque
1901 1447 1966 1486 ex
1992 1431 2149 1486 disci-

547 1513 690 1582 pulis
733 1515 812 1568 sui
849 1518 1112 1588 magistri,
1145 1536 1272 1590 quos
1309 1536 1483 1575 secum
1524 1521 1819 1579 adduxerat
1856 1524 2143 1596 episcopos,

546 1602 877 1675 Porlut'alle,
907 1606 1143 1674 Eminio,
1178 1610 1540 1680 Conimbrica',
1566 1615 1905 1687 Ulysippone,
1930 1624 1979 1671 et
2006 1616 2147 1671 ultra

549 1694 776 1751 Nerium
806 1704 1222 1770 promontorium
1265 1703 1459 1777 [Hodie
1499 1706 1635 1762 Cabo
1664 1708 1729 1762 de
1771 1705 1928 1762 Finis
1973 1707 2146 1784 terra]

545 1789 714 1855 alios;
747 1802 796 1847 et
816 1794 887 1845 ad
916 1796 1027 1865 ejus
1053 1796 1345 1869 exemplum
1369 1816 1473 1854 non
1500 1802 1555 1853 in
1585 1817 1689 1855 una
1718 1809 1918 1857 tantum
1938 1803 2143 1857 civitate

547 1887 984 1960 commorabatur,
1020 1890 1110 1943 scil
1151 1893 1258 1943 zelo
1288 1891 1448 1962 ﬁdei,
1482 1894 1860 1949 mediterranea
1881 1935 1898 1963 ,
1932 1895 2068 1949 citra
2093 1904 2140 1951 et
2170 1889 2221 1953 Β
2321 1916 2513 1976 Deum.
2534 1967 2548 1990 ν
2598 1920 2823 1979 pan-am-
2870 1926 3034 1997 ﬁlim,

549 1973 689 1997 -.!.,-_
734 1977 797 1997 m,
1154 1984 1165 1997 ι
1420 1984 1482 1997 ιι.
1706 1988 1717 1997 .
1987 1988 2030 1997 ..

545 1973 689 2031 ultra
734 1977 953 2050 Tagum,
1007 1984 1331 2054 populosque
1386 1984 1482 2040 sibi
1531 1988 1830 2042 commissos
1891 1988 2140 2055 ambiens,

546 2069 861 2143 :Egitanite,
896 2073 1195 2137 Callensite.
1224 2076 1489 2142 Emeritaz,
1520 2079 1823 2148 Ambratite,
1852 2089 1900 2135 et
1931 2083 1985 2134 in
2023 2080 2145 2137 aliis

558 2161 857 2231 Vettonum,
891 2176 940 2221 et
962 2166 1341 2225 Lusitanorum
1371 2172 1583 2227 urbibus
1613 2175 1823 2229 verbum
1851 2172 1950 2229 Dei
1982 2175 2146 2230 disse-

545 2262 714 2316 minat
740 2278 760 2316 :
788 2270 837 2316 et
874 2272 1137 2319 traiisacto
1174 2266 1245 2319 ad
1277 2265 1587 2324 Pannonias
1617 2268 1806 2336 Durio,
1849 2270 1904 2323 in
1946 2268 2143 2325 Braca-

546 2370 664 2406 ram
710 2354 1000 2426 Augustam
1048 2360 1225 2412 rediit.
1276 2358 1581 2426 Quindecim
1620 2363 1881 2418 mensibus
1921 2365 2008 2419 vix
2037 2365 2144 2435 fere

547 2444 738 2516 elapsis
754 2488 767 2513 ,
791 2450 907 2519 ejus
926 2451 1176 2520 magister
1195 2448 1421 2507 Iacobus
1446 2453 1514 2507 ad
1540 2452 1997 2527 Caesaraugustam
2017 2458 2146 2512 tedi-

547 2535 723 2590 culam
750 2540 1028 2606 excitarat,
1058 2543 1111 2595 in
1135 2542 1391 2599 honorem
1426 2543 1676 2617 Deiparte
1711 2546 1963 2619 Virginis,
2000 2566 2145 2606 crea-

548 2635 699 2695 toque
735 2629 864 2683 inibi
911 2631 1202 2688 Athanasio
1242 2636 1501 2705 discessit,
1536 2647 1584 2692 et
1636 2637 1925 2695 Bracnram
1962 2642 2142 2709 venit;

546 2720 640 2775 ubi
665 2730 835 2774 sacrat
857 2722 1025 2779 eidem
1054 2725 1313 2795 Dominte,
1338 2745 1455 2783 cum
1486 2728 1585 2785 Pio
1619 2730 1946 2804 Hispalensi,
1973 2744 2023 2789 et
2044 2735 2146 2790 El-

548 2815 694 2885 pidio
725 2815 979 2872 Toletano
1007 2821 1282 2895 episcopis,
1320 2833 1367 2877 et
1396 2823 1517 2879 aliis
1546 2841 1613 2881 ex
1635 2827 1819 2898 primis
1843 2829 1957 2901 ejus
1986 2829 2144 2885 disci-

546 2910 687 2982 pulis
717 2912 877 2966 aliam
902 2914 1179 2971 tediculam
1202 2920 1255 2972 in
1277 2919 1497 2990 quadam
1521 2931 1725 2994 crypta,
1750 2938 1911 2997 prape
1932 2924 2139 2997 balnea,

540 3001 704 3071 juxta
734 3005 983 3073 templum
1008 3006 1070 3061 ab
1101 3008 1369 3081 /Egyptiis
1406 3009 1545 3067 Isidi
1575 3014 1838 3083 quondam
1883 3016 2137 3073 dicatum.

546 3092 617 3148 Et
650 3095 776 3151 inde
814 3095 1091 3171 Brigantio
1128 3103 1301 3156 navim
1328 3107 1715 3173 transcendens,
1755 3110 1809 3162 in
1841 3108 2141 3167 Britannias

548 3189 778 3258 appulit,
829 3190 1009 3245 relicto
1048 3191 1293 3250 Brarara:
1337 3198 1398 3252 S.
1432 3196 1608 3267 Petro,
1664 3203 1777 3273 ejus
1825 3202 2040 3272 vicario,
2089 3214 2138 3259 et

546 3281 799 3351 primario
830 3285 963 3339 inter
977 3285 1131 3356 alios,
1156 3306 1286 3358 quos
1308 3301 1543 3346 sacraret
1564 3296 1618 3349 in
1650 3293 1912 3368 Hispania
1940 3301 2136 3369 episco-
2164 3289 2219 3360 (ἶ

547 3387 664 3440 pos.
682 3374 978 3446 Hactenus,
996 3379 1248 3449 utcredo,
1266 3398 1332 3439 ex
1350 3384 1669 3441 Caledonio.
1685 3386 2140 3450 Subinlertvero:

618 3464 700 3520 De
744 3470 915 3536 prima
966 3470 1182 3543 Legatia
1230 3476 1299 3530 ad
1347 3475 1637 3546 Hispanias
1693 3498 1724 3534 a
1775 3481 1840 3537 Β.
1883 3484 2143 3541 Clemente

545 3558 725 3626 inissa,
748 3560 821 3614 sic
842 3563 1038 3618 Dexter
1062 3565 1282 3622 I’aciani
1304 3568 1447 3636 ﬁlius
1470 3572 1522 3623 in
1542 3571 1761 3627 historia
1782 3575 1848 3629 ad
1876 3576 2136 3646 Orosium,

546 3667 703 3722 quam
730 3654 781 3707 in
810 3657 991 3711 eodem
1021 3660 1195 3713 codice
1225 3660 1537 3734 descriptam
1576 3667 1782 3722 invenio
1807 3684 1827 3724 :
1860 3668 2142 3742 Philippus

547 3757 891 3814 cognomento
922 3747 1257 3817 Philotheus,
1288 3756 1377 3823 qni
1417 3757 1564 3827 prius
1592 3774 1815 3829 corpora
1842 3770 2141 3819 sanctorum

542 3850 833 3910 martyrum
855 3842 1067 3898 Gerttasi
1090 3856 1137 3899 et
1168 3844 1437 3904 Prothasii
1465 3852 1655 3907 civium
1685 3869 1900 3909 suorum
1931 3855 2139 3912 Medio-

544 3932 834 3987 lanensium
860 3934 1147 3993 Mediolani
1169 3942 1467 4012 sepelierat,
1492 3963 1865 4021 conversusque
1885 3952 1936 4005 in
1958 3967 2139 4026 campo

544 4024 909 4083 Laminitaneo
930 4045 961 4082 a
987 4030 1047 4088 li.
1074 4030 1245 4087 Paulo
1268 4036 1539 4105 Apostolo,
1562 4040 1714 4095 illum
1734 4054 1940 4098 secutus
1964 4024 2141 4102 adita:—

544 4118 610 4172 sit
640 4117 911 4184 Clementi,
948 4138 981 4175 a
1010 4139 1110 4195 quo
1135 4124 1335 4197 legatus
1366 4130 1550 4185 missus
1576 4134 1628 4185 in
1666 4133 1974 4206 Hispanias,
2008 4137 2138 4193 Bar-

541 4212 783 4280 cltirtette,
818 4214 1249 4286 Cmsaraugnsta',
1290 4221 1567 4291 Valentia},
1606 4227 1792 4297 Tolcti,
1827 4231 2062 4301 Hispali,
2091 4244 2138 4288 et

542 4305 806 4361 ift‘mnltis
836 4310 955 4365 aliis
981 4312 1192 4369 urbibus
1223 4318 1493 4386 prtedicat.
1532 4321 1633 4375 An.
1671 4324 1877 4379 Cornel.
1925 4327 2133 4399 Palma,

554 4397 613 4448 ν.
646 4397 706 4453 C.
748 4404 848 4456 sive
888 4403 1169 4475 Toletano,
1218 4410 1590 4485 duumviroth
1625 4416 1921 4477 Christiano
1963 4424 2139 4496 [deest

546 4483 624 4542 Μ.
655 4488 960 4567 Marcellusj
995 4496 1229 4554 Toletum
1253 4507 1411 4573 venit,
1441 4507 1605 4579 ibique
1628 4514 1798 4566 sedem
1824 4518 1983 4572 totius
2006 4518 2138 4573 Cur~

542 4584 767 4652 petorrita
812 4588 1026 4659 [melius
1060 4592 1354 4668 Hispanin
1394 4602 1694 4665 primariam
1738 4609 2024 4662 constituit.
2055 4610 2134 4668 De

2250 702 2526 784 ﬂosculus
2546 704 3053 784 Ausus-rgoosctms
3074 708 3128 763 in
3159 709 3299 784 libro
3317 710 3387 768 de
3407 712 3611 784 Script.
3636 717 3833 775 Ecclcs
3846 762 3863 776 .

2324 776 2430 830 sub
2452 777 2953 861 numerodi‘éJAM
2983 795 3185 838 annum
3229 781 3444 843 Domini
3492 776 3635 861 390,
3665 788 3870 849 ﬂoruit

2324 860 2474 902 anno
2505 847 2720 905 Domini
2746 849 2910 906 H20.

2323 958 2539 1029 Dexter,
2568 960 2790 1019 Paciani
2809 962 2974 1038 ﬁlius,
3001 968 3177 1026 clarus
3197 970 3268 1024 ad
3285 973 3559 1047 saeculum,
3580 985 3629 1035 et
3651 977 3863 1040 Christi

2250 1054 2375 1125 ﬁdei
2405 1056 2634 1124 deditus,
2664 1060 2829 1115 texuit
2865 1062 3216 1121 omnimodam
3246 1064 3559 1128 Historiam.

2256 1168 2519 1228 Baream.
2580 1172 3031 1307 Vocarsttut'tttlzlse
3070 1178 3174 1307 tit;5
3234 1198 3308 1240 xv
3371 1184 3855 1266 Anthropologia,

2935 1268 2948 1305 ι
3036 1267 3094 1307 ra
3179 1293 3195 1307 .

2935 1267 3094 1307 ιιῑοτα
3128 1267 3195 1309 υ.

2323 1333 2539 1405 Dexter,
2576 1336 2798 1396 Paciani
2828 1344 3071 1415 prwsulis
3101 1344 3269 1417 ﬁlius,
3302 1350 3380 1404 vir
3416 1351 3770 1425 clarissimus,
3796 1367 3856 1414 et

2249 1426 2446 1486 Christi
2492 1430 2619 1501 ﬁdei
2663 1436 2907 1503 deditus,
2949 1438 3120 1509 fertur
3151 1442 3506 1501 omnimodam
3555 1446 3858 1509 Historia

2251 1524 2498 1591 edidisse,
2533 1530 2708 1598 patria
2747 1527 3245 1604 Barcinonensibus,
3276 1534 3567 1613 Pra'fectus
3602 1540 3857 1601 Praeterii

2252 1616 2530 1674 Theodosii
2551 1621 2833 1695 principis;
2856 1625 2941 1679 cui
2962 1624 3336 1701 Hieronymus,
3360 1635 3452 1707 qui
3473 1634 3584 1691 hare
3602 1644 3852 1710 testatur,

2249 1708 2437 1765 librum
2465 1713 2530 1767 de
2566 1711 2707 1769 Viris
2733 1716 3020 1775 illustribus
3051 1721 3273 1779 dicavit.

2302 1826 2586 1885 Counsnus
2612 1828 2891 1889 GESNERUS
2913 1834 2965 1890 in
2989 1832 3253 1912 Catalogo
3279 1844 3497 1900 testium
3518 1847 3787 1905 veritatis.

3076 1930 3247 1986 clarus
3298 1939 3443 2007 apud
3481 1941 3754 2010 circulum,
3792 1952 3851 1999 et

2248 2008 2445 2068 Christi
2483 2013 2609 2083 ﬁdei
2642 2016 2874 2084 deditus,
2923 2021 2995 2075 ad
3041 2040 3123 2079 me
3161 2029 3513 2086 omnimodam
3546 2008 3847 2094 Historiam

2251 2105 2437 2172 texuit,
2470 2122 2625 2177 quam
2665 2111 2888 2166 necdum
2926 2113 3050 2187 legi.
3098 2115 3167 2173 υ.
3203 2118 3558 2195 Hieronymus
3598 2128 3656 2184 in
3703 2130 3853 2189 Viris

2244 2196 2533 2255 illustribus
2571 2202 2771 2275 Script.
2806 2204 2952 2262 Eccl.
2978 2226 3109 2278 quas
3138 2208 3334 2269 Dextro
3364 2215 3486 2272 huic
3510 2217 3604 2293 (ut
3629 2224 3851 2296 opinor)

2247 2289 2505 2345 inscribit.
2535 2292 2864 2364 Sophronias
2892 2297 3216 2374 Hieronymo
3249 2289 3551 2380 fantiliaris,
3576 2289 3673 2387 qui
3702 2289 3851 2373 hunc

2246 2382 2437 2438 librum
2466 2385 2647 2442 (ἔπαισε
2669 2391 2834 2460 vertit,
2856 2392 3051 2449 indicat
3078 2397 3217 2455 hunc
3235 2400 3491 2461 Dextrum
3509 2382 3675 2480 fuisse
3697 2427 3844 2483 prie-

2245 2476 2435 2548 fectum
2462 2483 2727 2552 pra'torio.

2246 2589 2525 2651 Auromvs
2571 2594 2895 2657 Possunncs
2934 2604 3403 2692 societatis_1esu,
3452 2614 3506 2672 in
3552 2616 3838 2692 Apparatu

2798 2688 2979 2743 sacro,
3015 2677 3193 2736 littera
3222 2682 3286 2741 D.

2315 2755 2518 2816 Eadem
2548 2760 2713 2820 liabet
2735 2764 2900 2822 verba
2922 2783 3045 2840 quin
3071 2772 3367 2834 Gesncrus.

2244 2912 2482 3009 Joannes
2519 2917 2731 3009 Btocut:
2766 2925 2981 3009 ordinis
3009 2930 3281 3009 Minoi-um
3331 2937 3401 2995 de
3440 2942 3845 3009 Obseruantia:

2316 2990 2372 3043 in
2400 2989 2532 3045 Com
2542 2995 2738 3062 pendio
2764 3006 2867 3053 tem
2875 3016 3091 3074 porum,
3126 2989 3224 3064 libi.-
3309 3054 3324 3080 ,

2320 3098 2532 3173 Dexter,
2560 3106 2705 3176 ﬁlius
2729 3108 2949 3192 ἐξᾳείαηὶ
2964 3161 2979 3186 ,
3007 3116 3294 3177 Historiam
3320 3128 3670 3187 omnimodam
3696 3137 3770 3192 ad

2724 3181 3107 3259 Hieronymum
3128 3196 3363 3267 scripsit.

2348 3288 2548 3348 Ossan
2578 3292 2848 3385 Buopms
2971 3302 3485 3385 R._E._Cs_rdinaiis,
3513 3325 3645 3376 tom.
3668 3335 3725 3376 tv

2705 3372 3004 3432 Annalium
3032 3376 3404 3442 Ecclesiastic.

2319 3471 2500 3542 Agens
2529 3474 2597 3531 de
2619 3475 2677 3533 S.
2710 3476 2946 3539 Paciano
2969 3483 3385 3573 Barcinonensi
3414 3496 3703 3573 episcopo,
3762 3505 3836 3562 ad

2244 3578 2445 3622 annum
2474 3567 2691 3626 Domini
2722 3574 2849 3644 588,
2877 3578 3068 3635 subdit
3097 3599 3112 3635 :
3147 3584 3230 3638 Ad
3254 3570 3409 3660 cujus
3437 3567 3849 3668 ﬁlium'prtrfee-

2245 3668 2363 3714 tura
2384 3664 2615 3732 pmtorii
2641 3664 2967 3741 insignitum.
2995 3672 3134 3730 idem
3161 3675 3516 3753 Hieronymus
3536 3725 3552 3752 ,
3598 3696 3655 3741 ut
3701 3664 3846 3747 dice-

2242 3766 2376 3823 mus,
2407 3755 2615 3826 scripsit
2648 3757 2839 3814 librnm
2870 3763 2936 3817 de
2960 3763 3318 3839 Scriptoribus
3347 3772 3750 3838 Ecclesiasticis.

2315 3844 2476 3901 Anno
2502 3863 2631 3903 vero
2659 3849 2872 3908 Domini
2898 3856 3032 3912 592:
3061 3860 3169 3916 Sed
3197 3875 3271 3919 est
3303 3866 3524 3941 (inquit)
3554 3882 3610 3927 ut
3632 3871 3846 3931 S.Hie—

2242 3940 2448 4010 ronymi
2476 3941 2865 4002 lucubrationes
2890 3950 3125 4024 singulas
3151 3956 3205 4010 in
3244 3957 3386 4015 hunc
3434 3940 3600 4035 usgue
3644 3984 3843 4024 annum

2246 4048 2335 4088 xtv
2368 4032 2649 4092 Theodosii
2672 4041 2995 4113 imperatoris
3019 4048 3211 4113 editas,
3236 4055 3487 4125 perfacile
3508 4032 3836 4135 enumeres,

2242 4126 2289 4179 si
2310 4143 2428 4197 qua:
2468 4130 2539 4181 ad
2587 4129 2743 4201 ﬁnem
2784 4132 2937 4191 habet
2982 4138 3035 4193 in
3089 4139 3472 4204 Commentario
3508 4152 3576 4206 de
3631 4126 3835 4212 Eccles:

2244 4220 2597 4292 Scriptoribus
2626 4224 2782 4297 leges.
2812 4228 3041 4296 Scripsit
3071 4235 3223 4291 illum
3243 4241 3314 4295 ad
3342 4240 3599 4300 Dextrum
3627 4264 3671 4300 v.
3699 4246 3834 4303 clar.

2242 4327 2388 4380 quem
2410 4316 2715 4384 pra'fectura
2734 4324 2966 4390 prtetorii
2985 4324 3283 4385 decoratum
3295 4333 3457 4403 fuisse
3474 4337 3583 4408 ipse
3603 4340 3758 4393 tradit
3781 4340 3835 4396 in

2239 4405 2495 4479 Apologia
2520 4418 2704 4465 contra
2755 4413 3000 4485 Ruﬁnum
3028 4464 3043 4488 ,
3091 4419 3218 4475 dum
3266 4426 3342 4479 ait
3394 4442 3415 4481 .'
3461 4405 3601 4485 Ante
3654 4446 3833 4489 annos

2240 4495 2408 4553 lerme
2430 4498 2643 4566 decem,
2672 4518 2795 4559 eum
2818 4504 3018 4564 Dexter
3038 4510 3247 4567 amicus
3271 4530 3453 4587 meus,
3481 4520 3574 4591 qui
3597 4523 3831 4592 prmise-

2239 4598 2416 4646 turam
2440 4594 2840 4653 administravit
2861 4604 3124 4673 praetorii,
3156 4620 3245 4661 me
3266 4619 3536 4679 rogasset,
3560 4620 3618 4669 ut
3643 4626 3830 4673 aucto-

542 4676 664 4727 aliis
696 4678 1040 4747 legationibus
1069 4686 1229 4740 tttttlla
1259 4690 1393 4742 idem
1420 4689 1629 4763 Dexter,
1654 4706 1702 4751 et
1732 4697 1995 4754 Maximus
2017 4703 2128 4757 Caro

2258 4698 2360 4737 'um
2385 4695 2587 4741 nostra:
2609 4687 2894 4759 religionis
2932 4692 2985 4748 ei
3014 4693 3249 4754 indicem
3280 4676 3546 4772 tererem,
3571 4707 3714 4762 inter
3732 4723 3834 4768 cac-

542 4781 950 4840 saraugustanus
994 4777 1284 4851 episc0pus.
1336 4781 1490 4839 Unde
1533 4787 1706 4842 videat
1753 4790 2020 4850 Serenitas
2043 4811 2131 4851 ve-

543 4872 822 4921 stra.......
847 4869 1055 4926 Caetera
1087 4874 1314 4930 deerant
1354 4880 1409 4932 in
1450 4881 1639 4938 codice
1686 4887 1831 4941 unde
1879 4887 1995 4945 brec
2028 4906 2131 4947 ex-

540 4958 711 5011 traxit
738 4958 966 5030 Losadu,
992 4979 1113 5019 nam
1142 4966 1212 5022 ab
1236 4970 1417 5040 aliquo
1441 4973 1699 5043 plagiario
1730 4980 1891 5051 (proli
1913 4982 2065 5039 dolor
2090 4985 2128 5058 !)

537 5048 605 5101 ad
628 5054 1020 5119 eoopericndus
1048 5062 1352 5118 vettilarum
1389 5067 1563 5132 colus,
1598 5070 1730 5125 folia
1759 5074 1975 5131 circiter
1994 5094 2127 5134 cett-

538 5150 650 5196 tum
681 5146 919 5201 abscissa
952 5163 1135 5218 erant,
1188 5166 1242 5210 ut
1274 5158 1528 5216 foliorum
1564 5164 1795 5236 radices,
1828 5184 1949 5241 quae
1976 5188 2128 5230 inan-

533 5245 745 5304 serant,
781 5250 1027 5307 patenter
1051 5246 1310 5304 indicant.

536 5345 799 5431 Jnmncs
831 5354 997 5441 Pcrm
1038 5362 1481 5441 archipresbyter
1508 5370 1825 5441 Tototanus,
1857 5380 1910 5433 in
1950 5377 2125 5438 Chro-

721 5440 840 5479 nico
871 5432 937 5482 ad
969 5447 1166 5487 annum
1196 5432 1400 5494 Christi
1428 5442 1518 5510 56,
1554 5444 1736 5503 ﬂoruit
1773 5432 1937 5508 i100.

607 5514 677 5569 Ut
724 5520 937 5574 traditio
991 5538 1231 5584 constans
1278 5544 1353 5586 cst
1403 5536 1465 5587 ab
1510 5542 1809 5609 apostolicis
1859 5546 2123 5621 hucusque

531 5606 689 5661 ducta
715 5616 1049 5683 temporibus,
1088 5623 1368 5680 multorum
1405 5631 1558 5685 etiam
1587 5646 1811 5693 veterum
1846 5634 2119 5715 Torquati,

531 5696 591 5715 ρ,
658 5702 667 5710 .
716 5704 728 5715 ,
842 5707 852 5715 .
936 5708 979 5715 --

527 5696 899 5774 Ctesiphontis,
925 5708 1208 5784 Honorati,
1236 5717 1499 5790 Helantii,
1534 5728 1735 5798 Dextri,
1770 5732 1845 5787 Μ.
1875 5696 2116 5806 Μαῖῖὶηιὶ,

523 5789 745 5855 Isidori.
766 5796 942 5869 Beda,
964 5807 1287 5882 aliorumque
1303 5820 1624 5888 testimoniis,
1644 5841 1780 5882 anno
1799 5826 2010 5888 Domini
2025 5834 2114 5902 55,

518 5890 648 5943 satis
689 5893 975 5965 honoriﬁca
997 5916 1185 5973 causa,
1211 5907 1275 5963 S.
1308 5907 1539 5970 Iacobus
1577 5920 1842 5988 apostolus
1882 5924 2118 5986 Zebedxi

2239 4783 2386 4832 teros
2431 4787 2776 4837 tractatores.
2830 4783 3133 4859 Scripserat
3176 4801 3298 4847 ante
3336 4793 3474 4849 idem
3526 4794 3719 4853 Dexter
3761 4801 3833 4855 ad

2233 4870 2407 4942 ipsum
2430 4871 2793 4947 Hieronynum
2816 4878 3108 4952 historiam,
3141 4901 3301 4957 quam
3330 4889 3440 4961 ipse
3482 4899 3700 4948 testatur
3748 4895 3833 4951 his

2235 4965 2398 5020 verbis
2426 4983 2443 5019 :
2476 4968 2682 5024 Dexter
2710 4971 2929 5029 Paciuni
2952 5014 2968 5041 ,
2991 4976 3063 5033 de
3086 4992 3194 5049 quo
3216 4996 3380 5054 supra
3401 4982 3514 5040 dixi
3537 4984 3696 5044 (ilius.
3722 4988 3831 5043 Sed

2232 5073 2294 5113 ea
2320 5060 2592 5131 dispendio
2619 5081 2827 5138 quoque
2853 5078 3033 5125 nostro
3060 5074 3241 5143 periit.

2306 5156 2464 5208 Anno
2488 5156 2615 5210 item
2649 5156 2866 5215 Domini
2888 5158 3038 5229 595,
3074 5173 3206 5222 tom.
3246 5182 3281 5222 ν
3321 5186 3336 5223 :
3371 5169 3483 5227 Sed
3504 5181 3552 5228 et
3595 5173 3829 5235 diximus

2230 5244 2490 5301 Dextrum
2506 5251 2802 5322 pra’fectum
2821 5258 3054 5322 prtetorii
3083 5266 3315 5331 tempore
3340 5261 3649 5335 Theodosii,
3680 5275 3824 5343 ejus-

2229 5342 2348 5395 dem
2375 5359 2575 5414 quoquc
2595 5349 2887 5417 argumenti
2913 5348 3320 5409 lucubrationem
3346 5356 3655 5416 elaborasse.

2308 5460 2638 5517 ABBAUAMUS
2662 5460 2900 5545 Decrius
2925 5466 3524 5545 ord._Pru:dicatorum,
3557 5482 3694 5532 toni.
3720 5479 3739 5534 ι

2658 5534 2913 5593 Historiae
2945 5538 3370 5601 Ecclesiasticae.

2300 5652 2383 5721 Ad
2412 5666 2614 5709 annum
2646 5653 2862 5711 Domini
2896 5657 2966 5712 54
3015 5658 3236 5716 adducit
3273 5663 3437 5719 verba
3491 5664 3718 5736 Dextri,
3751 5670 3820 5727 de

2222 5746 2609 5816 prmdicatione
2639 5749 2696 5805 S.
2729 5747 2916 5806 Jacobi
2944 5754 3179 5822 apostoli
3212 5755 3268 5812 in
3314 5756 3607 5832 Hispania,
3642 5761 3818 5837 deque

2222 5839 2343 5911 ejus
2371 5838 2682 5912 discipulis;
2712 5858 2840 5901 nam
2855 5845 2968 5915 jam
2994 5847 3063 5904 ad
3087 5863 3284 5909 manus
3308 5852 3478 5925 ipsius
3506 5855 3817 5919 Cbronicon

2223 5933 2514 6008 ejusmbdi,
2548 5951 2671 5995 cum
2700 5939 2944 6015 scrips't,
2978 5942 3303 6004 advenerat.
