4028 6440
190 378 257 434 εὶς
1333 375 1652 436 CllltONltLl
1688 378 1945 440 DEXTRI
1986 383 2024 439 Α
2034 381 2350 442 POLOGIA.
3407 392 3481 461 26

258 488 526 549 Consulto
578 489 947 547 recentiorum
984 504 1331 552 numerosam
1380 506 1654 555 catervam
1697 514 1791 555 au-
1819 510 1869 578 Α
1896 515 1963 556 ne
1992 500 2210 557 trcdium
2236 500 2558 559 Lectoribus
2593 501 2856 561 afferam:
2887 517 3079 561 eorum
3110 512 3292 566 tamen
3342 524 3474 571 non.

197 593 432 653 ctorum,
460 578 557 655 qui
584 578 772 640 Dextri
801 579 1114 643 Chronicon
1144 598 1544 661 recognoscunt
1570 591 1786 660 omitto,

1894 594 2074 652 nullos
2099 594 2157 653 in
2181 597 2431 669 sequenti
2462 598 2722 670 Apologia
2754 598 3012 656 referam.

193 726 3456 765 Mm

431 860 1317 1000 CHRONICI
1404 863 2097 998 DEXTRI
2193 865 3221 1026 APOLOGIA,

1427 1091 1578 1169 AD
1628 1091 2252 1185 LECTOREM,

478 1249 625 1333 Qua
651 1248 794 1335 ipso
817 1248 885 1315 in
912 1248 1133 1315 limine
1158 1247 1528 1315 admonitus
1557 1247 1876 1315 inoffenso
1904 1258 2140 1321 cuncta
2172 1257 2580 1338 postmodum
2615 1268 2952 1344 percurrat
2977 1264 3161 1349 pede.

189 1559 217 1635 ς
268 1561 319 1619 Ι.
376 1558 512 1631 Qua:
536 1566 585 1615 et
613 1567 876 1635 ιιιιιριιιι,Δ
901 1557 1250 1635 qmnimodam
1303 1559 1438 1635 Itone
1491 1557 1779 1635 Historiam

355 1629 666 1705 9mm
692 1629 877 1688 Dextri
903 1630 1065 1701 {etum
1092 1646 1200 1686 esse
1227 1632 1537 1688 convincam
1564 1631 1591 1686 2

1884 1568 2164 1629 contenta,
2189 1560 2408 1634 plurimi
2438 1561 2646 1621 habere
2689 1563 2901 1638 (errant
2929 1565 3020 1639 qui
3071 1566 3387 1625 existimant
3424 1568 3479 1626 in

1883 1654 2138 1709 cmnobio
2154 1652 2411 1711 Fuldensi
2422 1655 2754 1727 exscriptum
2768 1655 2936 1714 fuisse
2948 1658 3191 1716 codicem
3202 1671 3273 1723 .et
3285 1660 3343 1717 in
3354 1660 3479 1732 ejus

247 1749 406 1819 Quod
434 1749 570 1807 olim
598 1748 820 1819 scriptis
847 1746 1025 1821 llagni
1052 1748 1396 1822 Areopagitte
1423 1749 1667 1823 Dionysii
1687 1765 1780 1808 ac.
1810 1760 1859 1823 Β
1886 1744 2064 1802 adhuc
2093 1745 2422 1804 bibliotheca
2453 1763 2775 1819 permanere
2798 1791 2814 1817 ,
2843 1764 2965 1806 cum
2995 1760 3177 1808 tamen
3205 1752 3476 1811 Totralba

178 1842 329 1910 tidit,
357 1858 483 1915 quze
506 1856 631 1900 cum
660 1841 755 1898 diu
781 1841 1092 1909 latuissent,
1124 1842 1344 1898 tandem
1394 1843 1610 1900 inventa
1637 1853 1694 1900 et
1717 1846 1769 1901 in

179 1938 357 1995 locem
378 1937 509 1992 data
537 1949 737 2010 magno
761 1933 984 1992 fuerunt
1010 1934 1269 1992 Ecclesiae
1289 1936 1574 1994 catholicae
1619 1937 1774 2009 adju-

186 2041 397 2099 mcnto,
424 2031 480 2088 id
506 2044 726 2104 quoque
754 2028 1024 2103 ejusmodi
1055 2029 1115 2086 L.
1141 2029 1327 2087 Dextri
1355 2028 1775 2091 Barcinonensis

178 2123 466 2182 Uironicis
496 2122 748 2191 accidit;
791 2138 915 2195 qua
960 2122 1181 2195 quidem
1224 2134 1351 2179 ante
1388 2124 1539 2182 mille
1581 2134 1639 2183 et
1675 2126 1778 2183 du-

176 2226 367 2275 centos
397 2231 575 2273 annos
598 2216 826 2289 scripta,
860 2223 983 2287 post
1019 2214 1189 2272 multa
1237 2216 1441 2273 saecula
1489 2219 1543 2274 in
1582 2218 1775 2292 vulgus

175 2313 378 2370 emissa
407 2320 562 2378 sunt,
590 2310 798 2384 ingenti
819 2312 985 2367 etiam
1016 2326 1141 2367 cum
1168 2311 1347 2367 fructu
1366 2312 1448 2385 (ut
1467 2312 1773 2388 speramus)

175 2405 581 2463 Ecclesiasticc
624 2404 893 2462 historize.
972 2403 1244 2463 Caeterum
1314 2406 1772 2478 quemadmodum

173 2498 287 2556 illis
306 2499 444 2557 olim
470 2498 869 2556 contradictum
895 2496 996 2554 iuit
1021 2513 1053 2554 a
1085 2499 1381 2565 nonnullis,
1405 2499 1550 2571 quod
1574 2512 1775 2572 praeter

170 2595 422 2650 omnium
446 2592 914 2665 exspectationem
940 2591 1186 2665 quaedam
1203 2591 1560 2662 afﬁrmarint;
1591 2596 1662 2650 ita
1683 2610 1775 2666 pa-

173 2687 310 2744 riter
332 2696 395 2744 et
421 2687 481 2743 in
517 2685 603 2743 his
622 2730 640 2756 ,
670 2685 994 2757 quibusdam
1019 2686 1265 2758 scrupuli
1303 2687 1411 2743 orti
1439 2697 1606 2757 sunt,
1637 2704 1774 2757 quos

173 2796 320 2838 nunc
335 2795 523 2852 operte
545 2779 780 2852 pretium
809 2779 919 2836 erit
944 2779 1169 2846 sedare;
1206 2795 1275 2836 ne
1297 2778 1477 2837 forsan
1497 2781 1670 2838 lector
1691 2782 1773 2837 eis

178 2873 535 2943 absterritus,
584 2872 744 2930 iidem
774 2887 934 2945 quam
982 2872 1108 2944 jure
1155 2882 1514 2941 promeretur,
1561 2875 1772 2932 auctori

179 2976 333 3025 tanto
356 2966 614 3039 deneget.
647 2964 867 3024 Utinam
895 2973 1077 3023 autem
1126 2964 1326 3021 Dextro
1365 2966 1589 3022 daretur
1633 2966 1774 3025 alter

178 3059 528 3125 Theodorus.
570 3059 714 3133 quali
747 3058 1039 3132 Dionysius
1068 3057 1268 3115 fruitus
1295 3068 1409 3123 est.
1439 3058 1654 3117 facilius
1692 3061 1768 3115 si-

1876 1840 2052 1895 solum
2083 1843 2407 1907 asseruerit,
2437 1843 2580 1913 quod
2608 1843 2779 1900 codex
2813 1846 3200 1918 autographus,
3241 1845 3480 1905 Fulden-

1874 1933 2014 1989 sium
2040 1935 2260 2007 fuerat).
2292 1934 2424 1992 Cum
2463 1952 2595 1992 vero
2624 1952 2726 1993 nec
2753 1936 2935 2006 dono,
2969 1953 3070 1996 nec
3099 1941 3296 2010 pretio,
3320 1950 3479 2013 pater

1874 2023 2117 2082 Thomas
2141 2024 2461 2099 originalem
2488 2027 2734 2085 codicem
2773 2031 2844 2085 ab
2871 2028 2991 2101 ipso
3017 2039 3346 2103 extorquere
3373 2046 3474 2089 nec

1875 2118 2075 2190 quiret.
2099 2120 2315 2191 copiam
2341 2119 2487 2175 illius
2507 2129 2568 2175 ιιι
2588 2120 2871 2177 minimum
2891 2123 3185 2180 extrahere
3201 2122 3473 2191 obtinuit;

1875 2227 2039 2284 quam
2068 2212 2216 2270 illico
2245 2213 2298 2269 in
2329 2212 2646 2284 Hispaniam
2681 2215 2831 2272 misit
2857 2215 2929 2273 ad
2975 2215 3038 2272 P.
3082 2217 3475 2292 Hieronymum

1874 2306 1942 2364 de
1993 2308 2043 2363 la
2093 2308 2348 2380 Higuera,
2387 2325 2509 2367 cum
2542 2310 2742 2368 litteris
2781 2309 2926 2368 datis
2984 2308 3299 2367 Wormatize
3328 2325 3478 2369 anno

1877 2404 2088 2460 Domini
2121 2404 2281 2461 1594.
2316 2403 2537 2462 Littera:
2565 2405 2700 2476 ipsa:
2728 2414 2785 2462 et
2809 2405 2963 2475 capia
2993 2404 3246 2463 Chronici
3276 2420 3309 2462 e
3336 2404 3475 2464 Ger-

1874 2497 2056 2554 mania
2084 2497 2265 2554 missae
2292 2541 2308 2564 ,
2356 2514 2385 2553 a
2418 2498 2523 2556 lidc
2555 2498 2894 2573 dignissimis
2938 2500 3074 2556 viris
3101 2501 3301 2572 sapius
3342 2501 3474 2557 visa:

1873 2597 1931 2645 et
1953 2590 2110 2647 lectte
2138 2599 2296 2649 sunt:
2326 2599 2381 2645 et
2405 2606 2510 2662 ego
2530 2605 2696 2663 super
2723 2608 2780 2646 re
2811 2592 2915 2646 hac
2944 2592 3173 2649 conveni
3202 2590 3381 2648 Toleti
3409 2592 3477 2648 P.

1875 2680 2229 2740 Franciscum
2285 2682 2676 2740 Portocarrero
2718 2684 2966 2755 ejusdem
3017 2684 3314 2742 Societatis
3355 2701 3478 2756 pre-

1873 2776 2171 2846 sbyterum,
2207 2790 2235 2829 a
2265 2789 2375 2846 quo
2404 2775 2608 2843 audivi,
2644 2776 2845 2832 vidisse
2884 2790 2945 2832 se
2990 2789 3057 2832 ac
3112 2777 3308 2849 legisse
3348 2792 3476 2850 pro-

1875 2866 2008 2938 priis
2034 2865 2208 2923 oculis
2236 2866 2546 2923 Chronicon
2600 2877 2657 2924 et
2696 2866 2986 2939 epistolam
3028 2867 3090 2924 P.
3140 2867 3365 2925 Thom:
3406 2869 3478 2927 de

1874 2958 2160 3027 Torralba,
2208 2966 2644 3031 cognovisseque
2696 2976 2914 3017 manum
2951 2969 3010 3016 et
3049 2961 3473 3034 suscriptionem

1875 3052 2066 3124 ipsius,
2097 3062 2147 3109 et
2180 3047 2463 3125 utriusque
2495 3053 2694 3110 habere
2736 3056 2951 3124 copiam
2981 3053 3125 3122 apud
3155 3069 3218 3111 se
3247 3071 3264 3111 ε
3296 3055 3469 3112 ident-

174 3153 394 3228 quidem
423 3154 571 3226 apud
600 3167 792 3209 omnes
814 3150 1027 3210 honore
1054 3153 1249 3209 merito
1296 3151 1626 3221 donaretur;
1674 3154 1770 3210 sed
1797 3150 1845 3216 C
1874 3160 1980 3217 que
2031 3154 2262 3202 testatur
2302 3146 2355 3201 in
2403 3145 2627 3218 prologo
2666 3145 2794 3202 libri
2837 3144 2908 3202 de
2946 3144 3068 3201 Vita
3108 3144 3169 3203 S.
3222 3146 3475 3204 ildefonsi

177 3263 241 3305 eo
280 3247 641 3304 nihilominus
675 3246 996 3313 deliciente,
1028 3248 1075 3303 si
1106 3262 1216 3303 non
1244 3248 1571 3305 auctoritate
1600 3249 1772 3305 eluci—

175 3340 406 3409 datoris,
436 3341 650 3398 ratione
674 3346 855 3396 tamen
879 3338 1009 3413 (qua
1029 3341 1143 3396 sola
1168 3340 1656 3412 impraasentiarum
1679 3355 1773 3412 pe-

178 3433 411 3489 riculum
440 3431 626 3489 facere
661 3431 951 3502 volumus)
986 3432 1132 3488 vires
1187 3432 1573 3505 suppeditante
1603 3475 1619 3502 ,
1663 3449 1773 3491 non

179 3524 494 3582 dubitamus
517 3525 631 3581 voti
656 3531 937 3597 compotes
977 3523 1244 3592 evadere;
1303 3526 1472 3582 multa
1521 3527 1666 3583 enim
1720 3535 1777 3583 et

184 3634 379 3691 magna
411 3626 564 3685 sunt,
589 3635 715 3690 qua:
744 3618 795 3673 id
826 3619 1004 3690 ipsum
1048 3619 1413 3688 convincam,
1463 3618 1534 3676 de
1577 3620 1776 3693 quibus

180 3727 323 3770 nunc
351 3710 740 3768 disserendum
765 3728 795 3767 a
826 3710 986 3768 nobis
1015 3723 1120 3770 est.

253 3805 538 3876 Principio
576 3820 737 3861 nemo
766 3815 853 3862 est
876 3804 969 3876 qui
1000 3804 1244 3873 abnuat,
1301 3807 1485 3878 magni
1519 3805 1778 3877 ponderis

182 3917 303 3957 esse
328 3908 592 3973 Oportere
618 3899 879 3956 Chronici
909 3899 1068 3973 hujus
1098 3902 1505 3969 auctoritatem,
1532 3902 1577 3956 si
1604 3901 1777 3958 semel

182 3996 248 4050 dc
279 4006 512 4051 auctore
545 4002 790 4063 constet,
826 4008 952 4051 esse
999 3993 1260 4050 Dextrum
1314 3994 1469 4051 illum
1524 3996 1776 4052 nimirum

183 4086 273 4159 qui
305 4103 465 4143 suam
491 4086 863 4143 omnimodatn
896 4086 1193 4144 Historiam
1217 4088 1548 4160 Hieronymo
1576 4104 1781 4145 nuncu-

1873 3253 2037 3308 quem
2067 3238 2217 3310 typis
2244 3237 2471 3295 excudit
2503 3236 2705 3294 Matriti
2735 3253 2882 3295 anno
2907 3236 3120 3295 Domini
3144 3237 3306 3295 1616.
3334 3238 3480 3296 Tan-

1874 3340 2053 3387 torum
2102 3330 2268 3402 igitur
2292 3331 2509 3387 testium
2552 3332 2850 3388 auctoritas
2886 3346 3108 3389 omnem
3154 3331 3477 3404 ambiguita-

1874 3432 1985 3481 tem
2037 3424 2202 3493 tollit,
2233 3437 2359 3480 cum
2400 3424 2786 3495 proculdubio
2824 3425 2938 3481 sint
2972 3425 3121 3481 omni
3146 3425 3479 3497 exceptione

1875 3519 2134 3588 majores,
2161 3525 2348 3587 utpote
2373 3516 2621 3573 doctrina
2654 3518 2921 3588 insignes,
2952 3518 3216 3589 religione
3258 3518 3479 3589 conspi-

1874 3611 1988 3680 cui,
2034 3610 2156 3667 zelo
2201 3611 2449 3666 veritatis
2480 3621 2827 3680 praestantes.
2857 3618 2913 3667 et
2952 3610 3093 3668 tales
3130 3610 3275 3683 quod
3312 3611 3479 3668 rebus

1876 3702 2100 3773 majoris
2120 3702 2410 3768 momenti,
2433 3717 2662 3771 quarum
2686 3702 2822 3759 alias
2845 3711 3064 3759 nutaret
3084 3703 3242 3771 fides,
3262 3702 3478 3773 pondus

1876 3797 2222 3854 auctoritatis
2244 3797 2491 3868 praebere
2515 3796 2783 3853 valerent.
2818 3795 2934 3852 Huc
2958 3795 3193 3866 accedit,
3215 3794 3360 3870 quod
3390 3809 3481 3854 res

1878 3892 1993 3964 ipsa
2027 3905 2134 3946 non
2166 3889 2307 3945 intra
2334 3892 2577 3963 privatos
2605 3890 2847 3961 parietes
2877 3897 2997 3945 acta
3027 3896 3112 3945 est
3131 3931 3147 3956 ,
3178 3899 3238 3945 et
3266 3887 3396 3945 inde
3423 3889 3479 3943 in

1876 3986 2055 4044 lucem
2084 3984 2232 4051 data,
2264 3983 2360 4039 sed
2382 3982 2450 4039 ab
2471 3997 2614 4037 anno
2641 3982 2764 4053 ipso
2788 3980 2930 4038 1594
2954 3981 3099 4052 quod
3125 3997 3158 4038 c
3185 3979 3479 4038 Germania
3539 3988 3545 3992 '

1879 4079 1934 4136 in
1976 4076 2289 4147 Hispaniam
2345 4074 2663 4131 Chronicon
2715 4072 2777 4129 P.
2832 4072 3173 4146 Hieronymo
3222 4071 3485 4139 missum,

190 4182 333 4250 pavit
367 4200 381 4234 :
415 4194 542 4236 eum
591 4177 860 4250 siquidem
910 4178 1114 4236 Doctor
1156 4181 1532 4238 sanctissimus
1579 4183 1779 4254 smpius

1881 4170 2347 4245 praestantissimis
2369 4170 2537 4225 totius
2556 4168 2832 4241 Hispaniae
2855 4168 3117 4240 praelatis,
3140 4167 3479 4236 doctoribus,

186 4274 544 4329 vehementer
571 4271 778 4343 laudat,
809 4280 865 4329 et
891 4271 1117 4329 multum
1138 4274 1187 4330 ei
1216 4274 1411 4337 deiert,
1459 4274 1535 4331 uti
1565 4290 1633 4332 ex
1660 4275 1782 4347 ejus
1882 4279 1938 4326 et
1964 4267 2303 4341 principibus
2331 4265 2403 4321 ab
2431 4281 2499 4324 co
2522 4266 2984 4321 communicatum
3016 4263 3140 4331 iuit,
3175 4271 3234 4320 et
3274 4277 3374 4336 pro
3399 4262 3484 4320 le-

187 4364 303 4421 vita
327 4365 503 4437 liquet
522 4363 771 4437 superius
797 4381 827 4421 a
857 4365 1015 4421 nobis
1038 4375 1277 4422 exarata.
1293 4367 1428 4424 'l‘ota
1444 4368 1608 4439 igitur
1620 4382 1779 4425 causa

1882 4363 2075 4434 gitimo
2112 4359 2391 4425 habitum;
2424 4371 2483 4414 ut
2519 4357 2714 4413 mirum
2746 4358 2820 4413 sit
2844 4399 2859 4422 ,
2902 4356 2955 4413 id
2981 4356 3050 4413 ab
3077 4357 3262 4430 aliquo
3293 4356 3348 4411 in
3386 4353 3488 4412 du-

186 4472 369 4515 nustra
398 4458 456 4515 in
481 4462 585 4514 hoc
611 4466 960 4525 versatur,ut
980 4458 1351 4525 ostendamus,
1383 4476 1623 4531 pruriens
1647 4476 1784 4532 opus
1886 4454 2033 4510 bium
2079 4453 2217 4509 verti
2266 4464 2451 4523 posse.
2496 4449 2953 4521 Recognovetunt
2993 4447 3123 4504 illud
3175 4450 3313 4503 inter
3352 4447 3488 4503 alios

186 4553 492 4624 legitimum
526 4553 727 4608 mentis
774 4567 888 4608 sua:
937 4563 1150 4624 partum
1201 4551 1390 4611 fuisse.
1444 4555 1558 4624 Qua
1611 4557 1664 4610 in
1720 4544 2241 4611 reDillustrissimi
2292 4558 2355 4598 ac
2394 4541 2836 4600 reverendissimi
2875 4540 3115 4610 domini,
3163 4538 3230 4596 υ.
3263 4540 3487 4596 Saucius

188 4645 450 4718 quidquid
482 4645 555 4702 de
579 4643 702 4700 aliis
724 4643 817 4713 sit,
848 4645 882 4700 ii
912 4654 1085 4714 certe,
1117 4660 1348 4717 quorum
1405 4645 1673 4703 beneﬁcio
1710 4647 1781 4703 ad
1889 4639 2076 4696 Davila
2096 4636 2408 4708 Gieneusis,
2431 4635 2783 4706 Seguntinus,
2808 4645 2863 4691 et
2891 4634 3243 4691 Placentinus
3267 4646 3487 4689 succes-

188 4753 386 4795 manus
414 4748 599 4793 nostra
621 4734 891 4793 Chronica
923 4737 1024 4792 ista
1047 4752 1373 4810 pervenere,
1410 4748 1554 4796 tanta
1579 4740 1786 4811 pollent

190 4832 541 4897 auctoritate,
576 4838 725 4907 tanta
752 4832 1005 4888 veritatis
1031 4832 1371 4903 sinceritate,
1404 4843 1462 4891 ut
1486 4834 1555 4891 de
1584 4850 1645 4891 re
1668 4836 1783 4907 ipsa

195 4926 379 4983 tullus
431 4926 775 4997 relinquatur
823 4926 978 4983 locus
1024 4924 1333 4986 dubitandi.
1377 4929 1441 4985 lli
1488 4938 1615 4985 sunt
1664 4928 1781 4986 RR.

195 5029 375 5089 patres
394 5016 643 5073 Thomas
670 5018 738 5074 dc
764 5016 1059 5087 Torralba,
1101 5029 1157 5074 et
1206 5018 1571 5094 llieronymus
1617 5020 1686 5077 de
1736 5021 1786 5077 Ia

198 5111 433 5182 liiguera
468 5153 483 5177 ,
555 5111 844 5169 Societatis
896 5109 1024 5166 Iesu
1078 5110 1415 5182 presbyteri,
1478 5112 1788 5171 eruditione

197 5202 510 5275 conspicui;
541 5218 572 5257 c
595 5202 794 5275 quibus
819 5202 1079 5268 Thomas,
1105 5203 1236 5259 dum
1270 5207 1323 5260 in
1346 5205 1636 5262 Germania
1668 5223 1786 5264 ver-

197 5305 430 5359 saretur,
469 5294 846 5365 Dcoanspice,
882 5293 1424 5353 iuciditWormacite
1460 5298 1513 5352 in
1544 5298 1786 5353 codicem

204 5397 573 5458 p-rvetustum
606 5387 1043 5456 membraneum,
1075 5389 1532 5461 manuscriptom,
1582 5389 1634 5445 in
1683 5406 1791 5460 quo

197 5485 518 5539 charactere
538 5478 775 5537 Gothico
819 5490 1041 5538 exarata
1091 5490 1250 5539 erant
1299 5481 1570 5540 Chronica
1606 5484 1791 5540 Dextri

200 5585 254 5631 et
278 5574 347 5632 Si.
379 5574 624 5641 Maximi,
658 5582 943 5644 tantopere
973 5589 1003 5630 a
1030 5575 1161 5631 viris
1188 5575 1414 5633 eruditis
1462 5576 1789 5634 desiderata.

204 5670 325 5725 Erat
357 5678 489 5724 tunc
518 5667 701 5721 forsan
726 5665 899 5723 codex
924 5667 1017 5725 ille
1054 5667 1108 5725 in
1132 5684 1293 5725 manu
1325 5669 1474 5727 docti
1507 5670 1788 5742 cujusdam

203 5762 329 5819 tivis
359 5757 811 5827 Wormaciensis,
846 5761 936 5832 qui
967 5761 1203 5835 ingenue
1228 5761 1405 5820 fassus
1436 5763 1554 5827 fuit,
1583 5778 1643 5819 se
1667 5778 1790 5821 eum

202 5870 232 5913 c
255 5853 517 5912 l-‘uldensi
543 5851 936 5909 monachorum
963 5854 1323 5913 celeberrima
1355 5855 1682 5914 bibliotheca
1704 5873 1792 5913 ac-

205 5951 432 6021 cepisse,
460 5959 516 6006 ct
546 5959 647 6019 pro
680 5949 984 6006 veneranda
1015 5948 1355 6019 antiquitatis
1378 5949 1604 6009 historia
1636 5947 1688 6007 in
1723 5964 1792 6007 eo

1887 4739 2002 4793 sive
2026 4734 2339 4807 episcopus,
2368 4733 2423 4788 in
2446 4732 2541 4787 lib.
2570 4730 2629 4788 S.
2655 4728 2847 4787 Vitalis
2879 4727 3340 4801 archipresbyteri
3369 4726 3484 4784 Το-

1886 4830 2069 4892 letani.
2103 4838 2158 4884 et
2186 4826 2446 4900 martyris
2468 4866 2488 4895 ,
2521 4832 2579 4883 et
2616 4824 2671 4882 in
2709 4839 2875 4896 opere
2904 4838 3006 4878 suo
3032 4822 3105 4878 de
3134 4821 3486 4879 veneratione

1888 4920 2238 4995 reliquiarum
2274 4938 2288 4975 :
2317 4917 2387 4975 υ.
2419 4916 2746 4974 Berlrandtts
2775 4915 2984 4972 Ladron
3025 4916 3089 4971 de
3117 4915 3358 4971 Guevora
3395 4929 3485 4971 ar-

1888 5017 2269 5088 chiepiscopus
2296 5013 2780 5086 compostellanus,
2809 5013 2892 5067 vir
2921 5020 3031 5067 tota
3067 5009 3352 5080 llispania,
3376 5009 3489 5065 ita-

1891 5109 2072 5182 liaque
2102 5108 2174 5165 ob
2213 5105 2482 5178 insignem
2524 5104 2888 5161 eruditionem
2928 5104 3267 5169 notissimus,
3297 5103 3355 5159 in
3386 5103 3482 5158 lib.

1891 5202 1959 5259 de
2002 5201 2250 5257 Adventu
2298 5199 2359 5256 S.
2402 5199 2591 5255 Jacobi
2622 5215 2635 5252 :
2669 5195 2739 5253 ι).
2779 5194 3096 5252 Prudentius
3124 5194 3191 5251 de
3220 5195 3488 5252 Sandaeal

1890 5294 2181 5365 episcopos
2227 5290 2519 5355 Tudensis,
2559 5299 2616 5346 et
2659 5288 3136 5361 Pampilionensis,
3187 5303 3254 5345 ac
3305 5288 3487 5360 regius

1893 5387 2387 5460 historiographus,
2437 5384 2492 5441 in
2532 5385 2626 5440 lib.
2677 5383 2939 5441 Ecclesiae
2980 5381 3271 5449 'l‘udensis,
3315 5390 3374 5438 et
3415 5380 3485 5436 ο.

1892 5480 2110 5536 Alexius
2137 5479 2201 5535 de
2227 5477 2485 5534 Menam
2529 5475 2974 5548 archiepiscopus
3013 5474 3396 5543 Bracatensls;
3433 5483 3493 5532 et

1894 5581 2018 5629 ante
2046 5576 2219 5644 ipsum
2250 5571 2312 5627 D.
2341 5570 2680 5643 Augusninus
2698 5569 2769 5625 de
2794 5568 2922 5625 Jesu
2953 5566 3200 5639 ejusdem
3224 5565 3375 5623 sedis
3391 5581 3491 5622 an-

1897 5665 2072 5734 tistes,
2124 5664 2219 5735 qui
2265 5678 2327 5719 ea
2355 5678 2477 5735 qua:
2519 5663 2572 5719 in
2618 5661 2705 5718 his
2729 5659 3017 5717 Chronicis
3057 5659 3122 5716 ad
3146 5657 3487 5730 metropolim

1895 5776 2047 5819 suam
2078 5760 2453 5833 spectantibus
2481 5766 2834 5825 annotantur,
2878 5756 2998 5826 ipse
3035 5756 3092 5812 in
3119 5752 3362 5811 archivis
3397 5769 3492 5812 ar-

1894 5853 2392 5927 chiepiscopalihus
2412 5851 2642 5908 seorsim
2666 5848 2932 5907 asservari
2957 5846 3107 5917 fecit,
3131 5845 3329 5920 quibus
3352 5845 3492 5903 alios

1898 5948 2212 6007 innumeros
2241 5947 2440 6006 addere
2470 5960 2713 6019 pOaSClll,
2756 5956 2988 6017 quorum
3017 5941 3279 6012 judicium
3306 5942 3489 6013 magni
