4028 6446
518 322 586 383 3|
1443 308 1739 371 FLAVIUS
1778 304 2027 367 LUCIUS
2066 304 2352 366 DEXTER
2390 306 2924 370 CHRONOLOGUS.
3748 311 3827 372 3!

521 440 681 516 hujus
699 436 835 495 sacri
858 435 1045 492 montis
1074 432 1301 489 cavernis
1324 434 1530 506 jacent.
1574 428 1781 486 Eodem
1812 440 2001 483 mense
2037 440 2124 482 re-
2149 424 2205 490 Δ
2227 425 2382 493 bere,
2414 436 2469 481 et
2499 428 2706 500 absque
2733 429 2948 487 mendis
2988 436 3049 487 et
3088 429 3288 488 erratis
3326 427 3457 488 illud
3485 429 3621 489 dare
3658 429 3715 488 in
3742 430 3830 491 luo

526 542 683 604 perta
712 538 801 587 est
845 526 950 583 alla
1001 540 1150 583 ωορδ
1201 523 1410 590 tabula,
1452 522 1573 580 haec
1592 521 1882 578 continens
1922 517 2124 575 verba:

528 622 729 693 Corpus
782 629 952 676 ustum
985 619 1048 674 S.
1078 616 1354 672 Mesitonis
1394 614 1659 687 martyris.
1695 610 1897 667 Passus
1926 622 2000 667 est
2032 610 2129 665 sub

530 714 763 773 Neronis
790 714 918 785 imp.
951 718 1241 786 potentatu.
1292 708 1511 764 Decima
1541 704 1743 779 Aprilis
1771 704 1975 776 reperti
2004 709 2131 761 sunt

526 811 784 887 pulveres
803 808 945 866 sacri
978 807 1036 866 8.
1058 802 1446 877 Ctesiphonis,
1476 815 1601 857 cum
1632 799 1884 871 plumbea
1910 795 2126 862 tabella,

529 912 585 960 et
624 901 716 959 die
749 900 822 958 30
863 897 1136 971 ejusdem,
1169 895 1417 968 reliquiae
1470 894 1531 952 8.
1561 891 1790 960 Caecilii,
1826 906 1956 950 cum
2006 905 2127 947 sua.

529 995 668 1054 Mira
713 995 877 1068 igitur
903 994 999 1050 Dei
1029 988 1371 1065 providentia
1400 985 1617 1057 accidit,
1658 995 1719 1042 ut
1744 985 1947 1043 Dexter
1988 998 2133 1055 prato

531 1090 747 1148 veniret
777 1086 1083 1144 tabularum
1115 1085 1336 1140 illarum
1378 1096 1441 1138 ac
1473 1094 1751 1137 sacrarum
1771 1076 2131 1150 reliquiarum

531 1180 934 1249 inventionem,
966 1193 1074 1251 quo
1124 1176 1381 1232 nimirum
1410 1172 1645 1230 invicem
1674 1185 1798 1227 sese
1839 1169 2122 1226 continua-

531 1289 700 1347 rent,
753 1285 811 1333 et
839 1276 1039 1330 Dexter
1064 1271 1324 1329 thesauro
1358 1267 1671 1341 lllipulitani
1728 1265 1927 1322 montis
1968 1263 2131 1321 fidem

528 1373 755 1440 faceret,
790 1378 849 1425 et
867 1382 1012 1425 nunc
1038 1366 1156 1439 ipse
1179 1372 1369 1422 mutuo
1403 1361 1473 1417 ab
1496 1360 1689 1418 eodem
1713 1358 2011 1431 arriperet.

604 1466 685 1523 Ad
713 1463 831 1520 lucc
858 1476 1004 1518 anno
1032 1458 1244 1517 Domini
1274 1456 1336 1513 7i
1374 1455 1482 1527 agit
1505 1460 1695 1509 auctor
1717 1450 1786 1508 de
1818 1464 2043 1507 accessu
2071 1448 2130 1507 S.

532 1559 773 1619 Onesimi
804 1557 873 1612 ad
904 1553 1195 1627 llispanias
1233 1566 1357 1607 cum
1388 1549 1447 1607 S.
1491 1547 1765 1619 Polyxena
1793 1546 2051 1619 llispana,
2082 1552 2141 1599 et

531 1655 592 1710 S.
628 1654 765 1708 Sara
806 1649 924 1719 ejus
962 1646 1135 1713 socia,
1165 1640 1448 1715 discipulis
1492 1641 1545 1696 in
1575 1639 1780 1696 Achaia
1810 1636 1870 1693 S.
1903 1635 2138 1692 Andreae

539 1744 775 1821 apostoli
801 1762 815 1803 :
840 1742 986 1815 quod
1010 1751 1191 1797 tamen
1220 1754 1248 1793 a
1274 1737 1493 1793 nomine
1522 1738 1729 1806 integre
1755 1734 2023 1804 scriptum
2053 1747 2139 1788 rc-

2230 519 2387 577 cem?
2427 520 2558 589 Quis
2585 536 2675 577 res
2703 523 3054 594 notissimas,
3080 531 3141 581 et
3167 524 3400 598 patriam
3427 524 3669 582 auctoris
3694 539 3828 583 con-

2230 620 2527 669 cernentes
2590 612 2918 670 omitteret?
2979 613 3115 683 Quis
3177 615 3428 688 quadam
3486 615 3824 689 replicaret,

2231 704 2480 779 quaedam
2522 706 2844 765 detruncata
2876 709 3246 782 relinqueret?
3274 710 3409 782 Quis
3436 710 3659 767 nomina
3698 724 3832 782 pro-

2232 800 2351 871 pria
2382 797 2626 857 virorum
2648 815 2678 856 a
2712 800 2914 859 Dextro
2940 810 3196 860 notorum
3218 801 3491 860 subdubia
3514 802 3831 861 Ito-tenda-

2232 898 2355 946 tura
2385 889 2658 950 donaret?
2688 893 2747 951 In
2790 893 2879 951 his
2917 903 3099 953 tamen
3139 894 3398 953 omnibus
3424 895 3603 953 codex
3639 905 3836 955 noster

2232 985 2423 1043 multis
2443 997 2615 1044 scatet
2636 988 2849 1046 mendis
2869 997 2928 1047 et
2943 988 3265 1047 defectibus.
3294 990 3463 1047 Multa
3482 988 3645 1047 aliter
3662 1004 3834 1061 quan

2234 1092 2265 1136 a
2294 1080 2693 1138 recentioribus
2722 1082 3105 1140 existimantur
3121 1083 3209 1139 hic
3233 1083 3436 1156 scripta
3455 1094 3605 1150 sunt,
3634 1090 3837 1140 tamet-

2234 1175 2280 1229 si
2311 1174 2447 1231 nihil
2471 1186 2669 1248 prznter
2694 1179 2985 1247 rationem,
3014 1177 3150 1235 nihil
3181 1187 3336 1236 tanto
3356 1189 3589 1236 auctore
3608 1188 3666 1236 et
3689 1177 3839 1236 anti-

2235 1270 2443 1342 quitate
2488 1271 2765 1344 indignum
2789 1314 2804 1339 ,
2843 1272 2986 1343 quod
3026 1287 3094 1329 ex
3146 1272 3403 1348 professo
3438 1274 3837 1332 commentaria

2239 1371 2426 1419 nostra
2460 1374 2825 1438 prepuguant.
2856 1365 2964 1424 Sed
2993 1366 3189 1425 dentus
3211 1374 3523 1425 erratorum
3557 1368 3837 1440 exempla,

2237 1471 2358 1528 qua:
2387 1466 2468 1525 tu,
2501 1456 2694 1526 lector,
2725 1474 2934 1531 quaeso,
2968 1458 3201 1532 judices,
3233 1475 3303 1517 an
3334 1460 3405 1516 ab
3430 1460 3617 1533 aliquo
3643 1472 3842 1519 neote-

2236 1550 2354 1606 rieo
2386 1551 2515 1624 ﬁngi
2548 1554 2844 1622 potuerint.
2875 1554 2992 1623 Qua
3016 1554 3069 1611 in
3093 1571 3153 1611 re
3176 1570 3284 1612 non
3309 1555 3596 1613 minimum
3621 1553 3835 1614 deferri

2239 1642 2395 1700 debet
2428 1643 2494 1698 R.
2529 1644 2590 1700 P.
2633 1644 2957 1714 Cahleroni,
2989 1647 3116 1703 dum
3162 1646 3416 1704 omnibus
3463 1646 3578 1705 suis
3616 1657 3841 1706 scatens

2242 1738 2476 1805 mendis,
2497 1738 2804 1796 Chronicon
2838 1740 2983 1796 istud
3008 1740 3063 1797 in
3088 1741 3264 1798 lucem
3295 1739 3476 1804 dedit;
3505 1740 3712 1798 nullum
3754 1742 3839 1799 si-

538 1843 768 1915 ρει-ξων,
795 1846 857 1894 ut
878 1836 1084 1892 Dextro
1114 1831 1276 1888 tribui
1312 1839 1517 1902 pouset.
1559 1828 1677 1884 Non
1707 1825 2001 1883 dilftlcmur
2024 1838 2136 1880 mc-
2166 1824 2215 1886 B
2240 1834 2458 1905 quidem
2486 1835 2659 1906 majus
2688 1834 3059 1892 testimonium
3086 1837 3139 1892 in
3164 1835 3348 1893 Dextri
3374 1836 3613 1892 favorem
3638 1835 3839 1894 adduci

536 1932 814 2004 nolOgium
835 1929 1146 1986 Graecorum
1173 1923 1239 1979 ad
1254 1926 1325 1978 25
1336 1921 1611 1993 Septemb.
1629 1918 1928 1977 secundum
1954 1925 2133 1971 trans-

536 2027 797 2086 lationem
848 2020 1143 2077 cardinalis
1174 2013 1381 2083 Sirleti,
1426 2029 1593 2087 agere
1636 2012 1705 2068 de
1755 2011 1815 2067 8.
1861 2010 2134 2082 Polyxena

534 2121 598 2181 8.
640 2118 874 2176 Andreae
899 2113 1185 2186 discipula,
1219 2127 1341 2182 qua:
1384 2125 1506 2165 cum
1535 2107 1779 2164 Rebecca
1821 2106 2032 2177 virgine
2081 2104 2137 2160 in

536 2211 856 2284 Hispaniam
886 2220 1108 2266 reversa
1135 2215 1244 2273 est,
1273 2213 1330 2260 et
1355 2204 1410 2259 in
1438 2210 1592 2257 textu
1620 2201 1740 2271 ipso
1766 2199 1956 2257 Graeco
1977 2197 2138 2269 origi-

537 2306 647 2362 nali
690 2303 870 2376 agitur
912 2300 1077 2357 etiam
1108 2298 1178 2354 de
1222 2310 1451 2353 accessu
1489 2293 1549 2350 S.
1582 2291 1823 2348 Onesimi
1858 2306 1979 2346 cum
2019 2292 2135 2358 eis,

534 2397 680 2472 quod
705 2397 936 2454 Sirletus
960 2392 1151 2460 tacuit,
1183 2400 1243 2446 ut
1271 2404 1371 2445 suo
1398 2388 1526 2443 loco
1552 2395 1805 2441 notamus
1836 2403 1850 2438 :
1877 2394 2136 2441 ett-terum

540 2491 669 2548 inde
693 2488 890 2545 deduci
928 2500 1035 2542 non
1087 2484 1265 2555 potuit
1310 2480 1573 2552 quidquid
1619 2477 1821 2533 Dexter
1863 2477 1967 2533 hoc
2017 2477 2140 2534 loco

541 2589 856 2643 asseverat;
894 2578 941 2633 si
980 2578 1125 2633 enim
1159 2573 1284 2630 inde
1322 2570 1690 2627 deduceretur
1720 2568 2025 2640 hujusmodi
2057 2568 2141 2623 hic

544 2677 742 2738 storia,
770 2669 912 2726 haud
943 2667 1166 2726 dubium
1198 2672 1475 2720 veterator
1504 2662 1791 2730 scriberet,
1819 2662 2137 2719 Onesimum

539 2783 666 2826 cunt
698 2764 965 2828 Rebecca,
1017 2771 1066 2818 et
1104 2760 1376 2831 Polyxena
1412 2757 1465 2813 in
1514 2755 1800 2826 Hispanias
1846 2756 2037 2823 ivisse,
2081 2764 2141 2811 ut

533 2863 741 2922 ibidem
771 2858 1038 2917 asseritttr
1065 2871 1095 2911 a
1126 2854 1365 2919 Griecis;
1396 2866 1541 2907 nunc
1578 2861 1762 2906 autem
1791 2853 1939 2906 socia
1980 2848 2141 2921 Polyo

538 2971 697 3014 senae
724 2969 830 3011 non
859 2951 1060 3008 dicitur
1084 2948 1359 3013 Rebecca,
1382 2945 1477 3002 sed
1501 2945 1632 2999 Sara
1661 2961 1676 3000 :
1701 2960 1868 3014 quare
1893 2942 2141 3015 cogimur

543 3049 824 3105 afﬁrmare
852 3059 1121 3102 cauoncm
1174 3042 1335 3097 istum
1384 3038 1630 3093 historia:
1678 3039 1922 3093 auctoris
1966 3039 2142 3093 nostri

544 3158 656 3202 non
681 3154 804 3196 esse
835 3153 1025 3195 recens
1050 3151 1083 3192 e
1106 3135 1422 3192 Grtecorum
1448 3132 1779 3204 menologio,
1810 3140 1905 3187 aut
1923 3130 2143 3189 aliunde

539 3234 887 3291 sulfnratum.
917 3227 1015 3283 sed
1038 3227 1107 3283 ab
1134 3242 1201 3282 eo
1224 3226 1634 3290 concinnatum,
1656 3224 1749 3294 qui
1773 3225 2138 3295 menologium
2166 3220 2214 3286 C

539 3327 719 3399 ipsum
776 3322 1131 3395 pnecederet,
1177 3328 1233 3374 et
1274 3334 1343 3373 es
1383 3315 1662 3385 historiis,
1705 3331 1770 3373 ac
1818 3316 2143 3375 testimoniis

540 3417 938 3477 vetustioribus
966 3413 1264 3485 acceperit.

620 3512 830 3568 Rursus
858 3509 927 3566 ad
954 3523 1157 3565 annum
1179 3506 1393 3563 Domini
1422 3504 1528 3560 253i
1551 3506 1726 3577 agitur
1745 3503 1812 3560 dc
1842 3504 2023 3561 Felice
2046 3504 2143 3561 illo

545 3605 852 3667 netissimo,
907 3602 999 3671 qui
1033 3602 1084 3656 itt
1135 3615 1299 3656 causa
1332 3596 1583 3654 Basilidis
1628 3598 1993 3653 Asturicensis
2025 3598 2139 3666 epi-

544 3701 719 3773 scopi,
749 3712 803 3755 et
824 3695 1085 3754 Martialis
1107 3694 1462 3751 Eineritcnsis
1490 3690 1709 3762 scripsit
1731 3691 1797 3746 ad
1828 3691 1884 3746 8.
1918 3691 2145 3763 Cypria-

544 3808 708 3855 num;
747 3791 865 3863 ejus
896 3804 1023 3845 vero
1055 3788 1317 3844 memoria
1354 3786 1399 3840 si
1434 3802 1465 3841 a
1494 3785 1760 3841 tnoderno
1801 3783 2144 3841 scriberetur

544 3900 789 3953 auctore,
818 3895 874 3941 ιιι
902 3886 1128 3954 antiquo
1155 3883 1448 3947 U'lblldllll',
1480 3878 1701 3936 dubium
1735 3894 1840 3933 non
1868 3886 1970 3943 est,
2013 3876 2141 3949 quin

549 3997 671 4038 cum
701 3978 973 4035 communi
1001 3978 1340 4045 Scriptotum
1370 3974 1590 4045 placito,
1627 3988 1694 4026 ne
1716 3971 1769 4025 in
1797 3986 1855 4026 re
1887 3970 2147 4026 videlicet

552 4072 836 4129 manifesta
865 4087 897 4124 a
929 4083 1059 4123 veto
1094 4068 1359 4132 deviaret,
1397 4070 1647 4119 vocasset
1685 4063 1883 4133 ipsum,
1922 4064 2143 4132 episco-

550 4180 679 4237 putn
707 4164 1290 4233 Cazsaraugustanum;
1337 4157 1651 4230 Cyprianus
1677 4156 1879 4211 etenim
1911 4154 1983 4211 de
2027 4156 2146 4225 ipso

554 4257 726 4328 inquit
751 4276 766 4313 ι
791 4255 857 4310 Et
886 4267 939 4309 ut
967 4253 1103 4310 alius
1125 4252 1278 4309 Felix
1300 4253 1363 4307 de
1384 4250 1780 4323 Cwsaraugusta
1803 4249 1926 4319 ﬁdei
1952 4248 2141 4317 cultor,

553 4365 599 4407 rt
629 4353 869 4419 defensor
895 4350 1147 4413 ueritatis,
1182 4348 1365 4402 litteris
1396 4348 1503 4401 suis
1529 4345 1809 4417 signiﬁcat.
1841 4343 1996 4400 Nunc
2018 4357 2148 4399 vero

548 4457 738 4502 auctor
802 4452 984 4499 uoster
1049 4458 1155 4498 n'm
1226 4450 1386 4496 vocat
1435 4455 1559 4495 eum
1618 4439 1982 4509 episcopum,
2050 4437 2146 4493 sed

558 4539 957 4609 presbyterum,
1000 4549 1100 4590 nec
1129 4532 1196 4590 de
1226 4534 1664 4595 Caesaraugusta,
1700 4530 1794 4586 sed
1825 4529 1893 4585 de
1943 4528 2147 4584 Vallata

2238 1938 2470 2002 poterat,
2502 1928 2707 1985 nullum
2738 1939 2942 1985 tantam
2979 1938 3303 1987 vetustatem
3350 1929 3636 2001 probaret,
3666 1945 3838 2003 quam

2236 2022 2409 2077 codex
2447 2023 2562 2092 ipse
2610 2021 2758 2077 nullo
2800 2021 2991 2078 labore
3036 2029 3094 2078 et
3136 2022 3481 2079 correctione
3528 2021 3839 2092 expolitus.

2239 2116 2534 2173 Sumamus
2560 2129 2706 2171 nunc
2735 2114 2864 2171 inde
2902 2124 3243 2185 argumenta.
3290 2114 3452 2171 Anno
3497 2112 3712 2171 Domini
3763 2115 3840 2174 54

2239 2211 2411 2268 codex
2436 2209 2514 2266 sic
2550 2209 2817 2266 habebat:
2851 2206 3031 2267 Floret
3050 2226 3149 2283 per
3175 2208 3230 2265 id
3261 2218 3463 2281 tempus
3484 2210 3537 2265 in
3568 2208 3843 2283 Hispania

2241 2307 2301 2361 C.
2346 2306 2548 2377 Oppius
2589 2304 2650 2360 C.
2694 2302 2764 2358 F.
2807 2302 2867 2360 C.
2896 2312 3045 2376 pater
3083 2305 3340 2371 centurio,
3389 2305 3483 2376 qui
3533 2304 3843 2360 morientem

2240 2399 2501 2456 Christum
2529 2398 2781 2471 pradicat
2815 2396 3191 2469 Hierosolymis
3214 2413 3324 2452 esse
3358 2394 3559 2451 Filium
3591 2394 3715 2460 Dei.
3741 2395 3841 2452 ubi

2240 2494 2347 2550 illa:
2387 2502 2555 2559 notae,
2584 2490 2647 2545 (ἱ.
2682 2490 2885 2562 Oppius
2918 2489 2979 2546 C.
3012 2486 3080 2544 F.
3115 2489 3174 2545 ο.
3204 2499 3349 2562 pater
3386 2489 3644 2558 centurio,
3672 2498 3730 2545 ut
3750 2490 3846 2560 ja-

2239 2593 2387 2651 cent,
2423 2582 2633 2639 nullum
2664 2598 2883 2639 sensum
2914 2582 3146 2639 reddere
3177 2592 3445 2655 possunt,
3465 2597 3589 2637 nam
3627 2582 3693 2639 C.
3720 2582 3837 2651 Op-

2242 2678 2361 2750 pius
2389 2691 2495 2732 non
2525 2674 2625 2731 fuit
2644 2674 2763 2731 Gaii
2794 2675 2959 2741 filius,
2989 2689 3089 2731 nec
3111 2682 3265 2746 pater
3286 2674 3570 2741 centurio;
3601 2673 3701 2730 sed
3723 2672 3839 2730 fuit

2242 2769 2492 2828 centurio
2519 2768 2665 2825 filius
2694 2768 2929 2825 Cornelii
2963 2768 3171 2839 pariter
3190 2767 3529 2824 centurionis
3553 2784 3569 2826 :
3595 2778 3647 2825 et
3679 2777 3843 2840 pater

2241 2865 2494 2922 centurio
2524 2878 2630 2918 non
2665 2861 2983 2934 praedicavit
3025 2861 3302 2918 Christum
3355 2864 3702 2932 morientem,
3737 2863 3843 2921 sed

2242 2960 2359 3028 ipse
2380 2954 2441 3010 (Ζ.
2475 2954 2699 3025 Oppius.
2731 2953 2915 3022 Quare
2946 2954 3255 3011 necessario
3274 2954 3356 3011 sic
3383 2954 3548 3012 verba
3582 2954 3672 3012 illa
3701 2955 3837 3013 red-

2241 3048 2415 3104 denda
2438 3058 2565 3103 sunt
2587 3063 2603 3101 :
2627 3045 2687 3102 C.
2712 3046 2914 3117 Oppius
2934 3056 3068 3102 cent.
3092 3046 3156 3101 F.
3178 3046 3339 3103 Corn.
3364 3048 3562 3117 pariter
3579 3050 3845 3105 centurio:

2243 3152 2302 3198 ut
2327 3141 2399 3196 sit
2425 3154 2654 3205 sensus;
2685 3138 2842 3193 Caius
2882 3138 3084 3211 Oppius
3126 3141 3387 3206 centurio,
3431 3140 3573 3212 filius
3609 3137 3851 3198 Cornelii

2244 3237 2435 3304 pariter
2459 3234 2795 3298 centurionis,
2825 3234 2915 3305 qui
2936 3236 3237 3289 morientem
3264 3232 3534 3290 Christum
3560 3235 3838 3305 pradicet,

2244 3338 2354 3385 etc.
2384 3328 2548 3398 quue.
2574 3325 2887 3381 necessario
2929 3324 3264 3380 credendum
3313 3324 3420 3379 alia
3457 3325 3640 3381 Dextri
3684 3325 3847 3381 ιδειί-

2245 3421 2422 3474 ntonia
2458 3420 2808 3473 convincunt.
2843 3417 3056 3488 Ergone
3085 3416 3154 3472 de
3184 3415 3451 3473 industria
3490 3426 3704 3487 poterat
3730 3426 3843 3475 tam

2245 3514 2473 3583 turpiter
2512 3511 2662 3567 locus
2701 3512 2802 3565 iste
2831 3510 3155 3582 depravari?
3188 3508 3351 3566 Certe
3392 3510 3593 3565 multos
3633 3512 3849 3567 exscri-

2248 3618 2431 3677 ptores
2451 3606 2692 3676 oportuit
2715 3618 3046 3660 concurrere
3071 3602 3137 3659 ad
3162 3610 3366 3659 tantam
3395 3603 3845 3676 deturpatiouem

2245 3697 2609 3765 conﬂandam,
2645 3713 2676 3751 e
2703 3698 2903 3767 quibus
2932 3695 3271 3751 recentiores
3301 3695 3663 3769 ignorantiam
3695 3710 3848 3767 prc-

2247 3790 2552 3847 cedentimn
2580 3789 2633 3843 in
2658 3788 2813 3859 pejus
2834 3794 3257 3844 commutarent.

2323 3883 2558 3938 Accedat
2578 3882 2721 3935 aliud
2743 3882 3053 3952 exemplum
3077 3881 3247 3937 multo
3275 3879 3452 3937 adhuc
3476 3881 3848 3939 manifestius.

2249 3976 2407 4030 Anno
2434 3972 2639 4028 Christi
2664 3972 2769 4029 500
2800 3971 2871 4026 ita
2896 3970 3211 4044 legebamus
3239 3973 3291 4028 in
3312 3974 3502 4028 codice
3532 3973 3720 4030 Dextri
3745 3973 3848 4042 qui

2248 4074 2428 4123 exstat
2459 4083 2471 4118 :
2506 4065 2663 4121 Seori
2685 4065 2735 4117 iu
2762 4064 3042 4119 Cantabria
3060 4064 3121 4120 S.
3148 4063 3385 4119 Centolla
3409 4066 3533 4120 ciuis
3557 4064 3843 4136 Toletana,

2252 4159 2475 4215 consulis
2506 4157 2652 4213 Lucii
2685 4157 2915 4229 Ragonis
2947 4157 3217 4223 Quintiani
3239 4156 3378 4229 ﬁlia.
3399 4158 3461 4213 ϐ.

2324 4249 2556 4307 Catania:
2577 4268 2732 4324 passa
2756 4261 2835 4305 est
2863 4248 2955 4305 sub
2983 4250 3140 4317 huius
3163 4259 3310 4320 patre
3338 4248 3401 4303 [ι.
3435 4249 3719 4317 Quintiano
3746 4251 3857 4321 [or-

2251 4345 2454 4401 tissime
2484 4348 2626 4420 virgo
2666 4344 2727 4401 Ξ.
2760 4343 2989 4417 Agatho,
3027 4361 3182 4414 passa
3211 4361 3332 4399 cunt
3359 4342 3568 4400 Helena
3591 4344 3768 4414 uidua,
3796 4347 3853 4403 in

2255 4438 2603 4506 persecutione
2647 4437 2973 4492 Diocletiani.
3000 4436 3143 4492 Nihil
3177 4438 3280 4492 hoc
3320 4438 3439 4493 loco
3469 4436 3850 4508 depravatius:

2254 4533 2332 4587 sic
2360 4531 2505 4586 enim
2532 4532 2700 4585 lectus
2730 4532 2901 4586 multa
2926 4530 3159 4586 absurda
3187 4531 3604 4601 complectitur;
3646 4531 3845 4588 videli-

557 4632 805 4699 utbicun,
849 4628 991 4701 quod
1026 4637 1174 4684 certe
1216 4627 1320 4681 nisi
1348 4627 1416 4681 ab
1443 4624 1817 4696 antiquissimo
1846 4623 2009 4678 scribi
2037 4637 2148 4679 non
2178 4620 2229 4681 ι)
2252 4633 2358 4689 cet,
2377 4624 2517 4694 quod
2540 4635 2723 4678 sancta
2751 4623 2956 4694 Agatho
2976 4638 3133 4694 passa
3156 4624 3228 4679 sit
3247 4624 3299 4679 iu
3324 4622 3706 4695 persecutione
3730 4624 3857 4681 Dio-

564 4726 759 4799 potuit,
795 4739 919 4779 nam
966 4720 1213 4778 moderni
1244 4735 1434 4776 omnes
1456 4718 1807 4775 concorditer
1828 4718 2061 4789 primum
2086 4717 2151 4772 il-

561 4821 651 4877 lud
675 4825 1010 4873 asseverant.
1056 4814 1127 4873 Ut
1162 4826 1341 4869 autem
1374 4829 1475 4869 suo
1513 4816 1634 4867 loco
1659 4811 1943 4882 persnicue
1966 4818 2155 4866 osten-

560 4912 752 4970 demus
792 4909 899 4981 (ad
928 4926 1056 4964 ann.
1089 4908 1303 4963 Domini
1346 4904 1510 4974 2.35).
1550 4904 1702 4961 Felix
1746 4905 1839 4959 ille
1871 4904 2153 4974 presbyter

563 5005 665 5062 fuit
696 5004 924 5061 Vallata:
947 5002 1097 5060 Urbit
1117 5017 1200 5057 uae
1225 5003 1277 5055 in
1304 4998 1565 5066 Vaccaeis,
1594 5015 1700 5053 non
1729 4999 1883 5069 longe
1904 4998 1973 5053 ah
1997 5000 2157 5053 Astu-

564 5101 761 5156 ricensi
796 5100 949 5165 urbe,
980 5100 1136 5167 cujus
1168 5093 1426 5151 Ecclesia:
1458 5108 1677 5149 cau~am
1720 5093 1773 5148 in
1809 5093 1922 5147 suis
1963 5091 2156 5147 litteris

564 5194 705 5265 apud
736 5202 985 5247 sanctum
1014 5188 1346 5262 Cyprianum
1374 5190 1484 5260 egit
1512 5198 1605 5246 tet
1632 5187 1779 5242 omni
1809 5184 2159 5241 fundamento

566 5287 883 5343 destituitur
945 5284 1177 5340 assertio
1237 5283 1589 5353 episcopatus
1642 5278 2156 5350 Casarangustani;

564 5383 711 5457 quod
741 5383 903 5437 dante
935 5380 1048 5436 Deo
1075 5380 1545 5452 persuadebimus.

638 5480 881 5550 ldipsum
905 5492 971 5532 ex
992 5475 1214 5538 erratis,
1243 5471 1568 5540 defectibus,
1613 5481 1666 5527 et
1697 5468 2158 5539 superﬂuitatihus

571 5577 733 5647 hujus
773 5573 984 5629 codicis
1011 5570 1295 5626 evidenter
1324 5569 1570 5625 convinci
1613 5576 1814 5640 potest.
1848 5567 1981 5635 Quis
2012 5567 2156 5621 enim

565 5672 632 5726 de
675 5685 815 5725 novo
842 5668 1152 5723 Chronicou
1200 5667 1474 5732 scribens,
1506 5674 1561 5720 ut
1607 5665 1924 5719 doctissimo
1953 5663 2163 5718 auctori

566 5770 920 5832 supponeret,
968 5775 1074 5815 non
1119 5767 1360 5824 curaret,
1405 5772 1470 5814 ea
1514 5772 1636 5828 qua:
1682 5755 2047 5813 communiter
2081 5769 2162 5810 re-

573 5868 727 5925 cepta
773 5862 899 5910 sunt
930 5868 1037 5910 non
1072 5852 1321 5921 alterarc,
1353 5850 1485 5907 nihil
1522 5847 1839 5905 incredibile
1881 5847 1952 5905 illi
1985 5847 2157 5904 ascri-

2256 4717 2501 4781 clctiaui,
2535 4732 2656 4785 quae
2688 4726 2866 4770 tamen
2895 4716 2996 4771 sub
3018 4714 3184 4771 Decio
3210 4727 3337 4770 ante
3359 4716 3428 4770 50
3450 4731 3623 4772 annos
3645 4725 3851 4790 marty-

2258 4812 2339 4866 rio
2360 4821 2612 4864 coronata
2639 4808 2839 4864 fuerat:
2860 4817 2913 4863 et
2933 4808 3078 4879 quod
3103 4818 3288 4863 sancta
3319 4807 3519 4864 llelena
3546 4808 3705 4864 vidua
3741 4822 3852 4865 non

2260 4905 2316 4961 itt
2345 4903 2622 4974 Hispania,
2648 4902 2741 4958 sed
2763 4902 3002 4957 Catanim
3022 4917 3176 4973 passa
3201 4902 3291 4970 sit,
3316 4899 3571 4974 socioque
3601 4902 3659 4957 in
3680 4915 3857 4972 agone

2260 4996 2426 5054 luerit
2463 5004 2669 5052 sanctte
2694 4994 2942 5066 Agatltze,
2973 5010 3095 5065 qua:
3140 5004 3346 5063 tamen,
3388 5003 3451 5048 ut
3489 5008 3683 5049 omnes
3720 4992 3859 5049 scri-

2264 5100 2450 5162 ptores
2492 5087 2840 5144 concorditer
2887 5088 3146 5153 fatentur,
3177 5087 3329 5144 socia
3358 5086 3457 5141 fuit
3496 5086 3556 5142 S.
3585 5085 3854 5142 Centollre

2262 5184 2515 5256 Hispana:
2545 5183 2805 5252 virginis;
2844 5182 2985 5253 quod
3014 5182 3178 5238 etiam
3209 5182 3264 5237 in
3295 5180 3542 5237 Romano
3579 5188 3856 5252 martyra-

2263 5280 2412 5349 logio
2438 5278 2706 5333 asseritur
2734 5275 2822 5331 die
2844 5276 2909 5331 15
2937 5274 3164 5347 Augusti
3194 5292 3208 5328 :
3238 5282 3293 5328 et
3322 5273 3469 5344 quod
3510 5273 3571 5331 S.
3606 5270 3858 5329 Cetttulla

2271 5370 2531 5443 martyrio
2566 5378 2820 5425 coronata
2868 5384 2977 5423 non
2995 5369 3077 5427 ,sit
3105 5384 3120 5421 ε
3150 5375 3209 5422 ut
3223 5366 3415 5423 demus
3447 5365 3688 5421 litteram
3709 5363 3856 5420 illam

2265 5464 2326 5522 C.
2361 5465 2414 5519 in
2449 5464 2553 5520 fine
2583 5462 2781 5534 prioris
2804 5461 3067 5517 clausula:
3100 5460 3309 5515 nullum
3342 5458 3574 5515 reddere
3602 5470 3854 5514 sensum:

2265 5570 2320 5616 et
2348 5572 2525 5614 tamen
2557 5558 2627 5612 ita
2647 5557 2748 5627 logi
2774 5556 2957 5621 debet,
2988 5565 3050 5611 ut
3080 5569 3147 5610 ex
3176 5563 3404 5623 utraque
3430 5566 3534 5606 una
3563 5551 3739 5606 solum
3763 5563 3858 5618 pe-

2269 5654 2454 5710 riodus
2480 5651 2867 5717 constituatur,
2892 5646 3027 5707 etC.
3062 5663 3171 5704 non
3194 5648 3268 5704 sit
3290 5646 3492 5712 littera,
3520 5643 3614 5701 sed
3643 5644 3855 5714 signum

2268 5745 2635 5819 parenthesis,
2667 5761 2775 5817 qua
2804 5751 2976 5799 totum
3019 5740 3175 5810 illud,
3208 5738 3441 5795 Colonia:
3468 5752 3625 5810 passa
3660 5743 3735 5791 est
3763 5734 3856 5789 sub

2270 5844 2426 5914 hujus
2451 5850 2597 5913 putre
2623 5838 2685 5896 L.
2716 5838 2999 5907 Quintiano
3030 5835 3311 5908 [artissima
3347 5848 3488 5906 rtrgo
3521 5830 3583 5889 S.
3631 5828 3852 5903 Agatho,
