4028 6434
165 255 235 329 33
1312 262 1633 329 CllRONlCl
1672 260 1932 331 DEXTRI
1971 267 2340 339 APOLOClA.

3394 278 3476 352 δι

165 383 533 442 ἀλυάωάοω
574 391 689 452 68ιῖ
717 390 777 442 ει
815 386 898 442 Sic
924 383 1129 443 Helena
1156 398 1281 442 cum
1310 384 1554 445 Cenlnlla
1582 389 1761 461 iungi.
1788 392 2204 456 Adicaturum?
2242 400 2405 468 unde,
2446 417 2658 474 quaeso,
2698 412 2794 463 aut
2836 422 3006 481 quare
3047 409 3273 469 Orosius
3318 411 3370 468 ei
3410 414 3464 470 in

169 487 279 545 tur,
307 485 366 535 et
393 485 625 551 utraque
652 478 918 551 martyrio
941 488 1197 536 coronata
1222 480 1491 536 asseritur
1517 481 1618 537 sub
1640 481 1770 540 Dio-

165 573 434 645 cletiano,
463 591 573 631 non
604 589 743 630 vero
767 586 956 631 sancta
989 575 1221 647 Agatho,
1255 576 1307 631 in
1332 576 1473 633 hunc
1504 579 1722 635 modum
1748 596 1763 635 :

164 666 319 723 Secri
346 669 399 722 in
423 665 711 724 Cantabria
734 667 797 725 S.
812 664 1072 737 Cenlolla,
1098 669 1223 725 ciuis
1244 668 1520 739 Toletana,
1535 671 1766 727 consulis

166 760 228 816 L.
284 760 526 833 [lagonis
564 760 841 830 Quintiani
879 761 996 831 filia
1042 761 1314 834 (Cataniie
1355 781 1509 833 passa
1553 773 1630 820 est
1671 763 1764 818 sub

162 849 323 924 hujus
351 865 500 927 patre
527 852 594 911 ι..
640 854 930 920 Quintiano
973 854 1264 929 fortissima
1292 857 1435 929 virgo
1473 866 1655 913 sancta
1695 859 1764 912 Α·

162 949 320 1022 gatho
342 949 385 1012 i,
413 966 573 1021 passa
600 967 719 1004 cum
736 948 944 1005 Helena
970 950 1150 1015 vidua,
1169 952 1222 1005 in
1247 952 1604 1021 persecutione
1633 948 1762 1006 Dio-

163 1042 398 1096 cletiani.
428 1040 602 1114 Cujus
621 1057 817 1100 sensus
848 1041 1026 1099 facilis
1047 1054 1205 1101 estet
1230 1046 1568 1115 perspicuus.
1591 1041 1759 1102 Certe

166 1143 348 1191 tantus
374 1150 541 1192 error
564 1136 834 1193 committi
854 1153 962 1194 non
991 1138 1168 1209 potuit
1193 1137 1297 1193 nisi
1325 1138 1395 1193 ab
1414 1138 1762 1207 ignarissima

160 1231 501 1298 amanuensi,
552 1230 640 1289 vel
686 1229 1097 1288 immoderatius
1137 1230 1207 1287 de
1256 1246 1315 1287 se
1364 1239 1755 1299 praesumente;

160 1326 247 1396 qui
268 1324 401 1381 dum
424 1325 633 1382 vicinas
681 1326 981 1383 sententias
1002 1325 1072 1383 ab
1094 1325 1321 1397 alicujus
1349 1324 1501 1381 urbis
1540 1324 1759 1381 nomine

1872 502 2110 548 mentem
2138 495 2368 564 veniret,
2401 509 2456 554 et
2484 498 2895 575 Hieronymum,
2929 507 3014 561 cui
3045 505 3349 565 Chronieon
3378 508 3460 564 di-

1869 595 2049 641 catum
2086 584 2300 656 legebat
2338 587 2503 662 (apud
2548 594 2723 663 ipsum
2766 594 2862 652 lib.
2910 596 2979 653 de
3014 597 3189 669 Scrip.
3221 599 3457 672 Eecles.)

1869 678 2159 732 retineret?
2185 689 2244 735 et
2280 695 2514 750 quonam
2545 694 2705 754 pacto
2737 684 3047 744 Chronieon
3077 689 3218 746 ultra
3256 706 3459 748 annum

1869 768 1938 827 Η
1981 771 2192 842 imperii
2222 774 2512 833 Theodosii
2541 780 2799 851 principis
2828 783 3175 853 produceret,
3218 802 3342 844 cum
3374 787 3457 845 le-

1868 872 2023 937 geret
2059 867 2200 937 apud
2238 868 2489 927 eumdem
2521 872 2915 948 HierOnymum
2958 878 3152 936 librum
3179 881 3249 939 de
3279 882 3463 954 Scrip-

1869 966 1974 1014 tor.
2004 959 2264 1030 scriptum
2309 978 2339 1019 a
2383 978 2445 1021 se
2492 964 2559 1021 ts
2593 965 2885 1025 Theodosii
2933 972 3113 1027 anno?
3147 987 3291 1029 nunc
3328 988 3463 1032 vero

1868 1050 2051 1107 Dextri
2081 1050 2389 1111 Chronicon
2423 1056 2624 1114 multos
2648 1059 2774 1116 inde
2797 1074 2966 1118 annos
2999 1065 3241 1135 excedit,
3274 1065 3325 1122 id
3354 1075 3462 1135 est,

1866 1143 1935 1200 ab
1973 1160 2120 1201 anno
2142 1145 2342 1204 Christi
2386 1149 2513 1217 593,
2551 1150 2643 1223 qui
2687 1150 2789 1209 fuit
2821 1152 2909 1210 14.
2953 1154 3263 1227 Theodosii,
3290 1172 3463 1230 usque

1864 1236 1933 1292 ad
1962 1239 2028 1293 l3
2054 1237 2342 1296 Theodosii
2374 1239 2612 1299 Junioris
2649 1245 3010 1315 consulatum,
3041 1256 3098 1305 ct
3122 1247 3324 1305 Christi
3352 1248 3461 1306 Do-

1864 1330 1992 1386 mini
2035 1329 2166 1389 430.
2211 1331 2382 1389 Nemo
2421 1346 2573 1392 certe
2607 1351 2639 1392 a
2667 1335 2979 1411 Hieronymi
3001 1340 3335 1408 testimonio,
3376 1340 3463 1397 vel

159 1416 400 1485 incipere
429 1418 767 1486 observavit,
812 1415 1046 1474 credidit
1072 1417 1239 1475 etiam
1281 1432 1311 1471 a
1353 1414 1577 1473 Catania
1628 1430 1765 1471 sen-
1860 1420 2025 1477 latum
2057 1437 2289 1493 unguem
2311 1422 2640 1495 discederet,
2671 1441 2795 1483 cum
2822 1427 2953 1485 nihil
2988 1430 3101 1487 fere
3136 1429 3291 1488 aliud
3319 1430 3463 1503 apud

160 1510 386 1565 tentiam
417 1510 684 1582 incipere.
714 1519 771 1566 et
798 1509 941 1567 sicut
964 1509 1198 1582 legebat,
1230 1508 1525 1565 Tarracone
1554 1525 1758 1565 corona:
1859 1513 2105 1585 vulgatos
2151 1524 2399 1572 auctores
2444 1518 2513 1574 de
2550 1515 2755 1577 Dextro
2790 1525 3051 1594 scriptum
3104 1524 3461 1595 reperiretur,

159 1612 463 1659 sanctorum
491 1613 803 1675 martyrum.
839 1602 1151 1678 Carthagine
1180 1603 1241 1659 S.
1276 1601 1553 1659 Concessa.
1589 1600 1658 1657 In
1682 1603 1758 1657 ci-
1859 1605 2004 1677 quod
2032 1607 2190 1676 sequi
2214 1608 2366 1678 quasi
2403 1610 2628 1667 caeleste
2666 1610 2815 1669 sidus
2844 1625 3140 1686 oporteret.
3168 1615 3303 1673 Cum
3330 1630 3463 1689 ergo

158 1697 312 1752 ritate
336 1697 575 1754 Solicnsi
603 1696 665 1754 S.
702 1695 1009 1754 Ilurccllus.
1040 1697 1194 1755 Seori
1217 1697 1280 1753 S.
1302 1695 1569 1763 Centolla;
1592 1706 1646 1752 et
1673 1697 1752 1752 in-
1862 1698 2017 1753 valde
2054 1699 2124 1755 ab
2167 1714 2334 1771 scopo
2372 1704 2673 1775 proposito,
2699 1722 2860 1779 quem
2902 1708 3105 1781 absque
3131 1710 3297 1767 dubio
3316 1713 3465 1782 quis-

158 1804 383 1846 numera
417 1788 768 1859 huiusmodi;
812 1790 888 1847 ita
932 1806 1151 1862 quoque
1199 1790 1431 1847 credidit
1462 1788 1749 1846 dicendum
1786 1799 1963 1860 Bque
2008 1794 2279 1849 recentior
2315 1806 2671 1865 sequeretur,
2726 1799 2882 1871 longe
2934 1815 3124 1858 auctor
3176 1802 3459 1875 discedat,

159 1878 345 1948 luisse,
375 1880 615 1938 Cataniic
639 1898 795 1953 passa
830 1891 904 1938 est
950 1885 1014 1940 S.
1046 1882 1251 1957 Agatho
1273 1900 1291 1937 :
1323 1898 1431 1940 non
1461 1885 1753 1941 advertens
1855 1896 2196 1955 consequens
2227 1893 2333 1955 cst,
2366 1899 2423 1942 ut
2456 1888 2771 1947 recentioris
2794 1907 2917 1950 esse
2943 1893 3259 1966 ﬁgmentum
3284 1897 3459 1954 omni-

161 1977 565 2047 przcedentem
588 1977 916 2033 sententiam
947 1976 1282 2033 dimidiatam
1312 1976 1566 2048 relinqui.
1858 1975 2035 2031 modis
2080 1974 2417 2045 inﬁciemur,
2458 1989 2515 2035 et
2554 1995 2656 2038 suo
2681 1984 2887 2041 auctori
2913 2000 3173 2057 germano
3204 1989 3454 2046 restitua-

226 2065 461 2140 lnsuper
504 2067 574 2124 ad
618 2084 821 2125 annum
860 2067 970 2124 £29
991 2069 1287 2125 Toletanus
1314 2069 1546 2125 antistes
1570 2070 1754 2125 vocari

155 2159 350 2217 dicitur
385 2159 677 2229 lartinus,
708 2162 790 2220 vel
822 2160 1179 2235 Maiorianus,
1234 2172 1288 2218 et
1315 2176 1457 2219 anno
1479 2162 1586 2219 450
1621 2180 1755 2233 pon-

157 2253 287 2311 tifex
331 2256 856 2329 Caesaraugustanus
895 2266 1121 2313 vocatur
1173 2254 1407 2312 Valerius
1431 2297 1447 2324 ,
1479 2256 1566 2313 vel
1604 2256 1758 2312 Vale-

156 2351 332 2407 rianus
349 2365 372 2416 ;
404 2350 459 2406 in
504 2366 613 2422 quo
670 2366 805 2406 sane
835 2350 1003 2422 (quod
1035 2350 1101 2405 ad
1131 2350 1233 2406 alia
1264 2365 1480 2422 quoque
1520 2349 1636 2405 loca
1667 2364 1758 2406 os-

155 2444 430 2499 tendimus
470 2443 525 2497 in
567 2441 1011 2515 Commentariis)
1034 2444 1267 2499 varietas
1294 2442 1546 2499 lectionis
1574 2459 1640 2498 ex
1666 2443 1772 2501 de-.

156 2538 474 2609 pravatione
503 2539 916 2594 amanuensium
945 2547 1066 2595 orta
1090 2580 1108 2607 ,
1165 2539 1220 2595 in
1252 2546 1458 2594 textum
1512 2538 1753 2595 immissa

153 2642 268 2698 est;
300 2631 571 2703 quosdam
602 2631 745 2688 enim
796 2630 1084 2689 lectionem
1127 2647 1310 2689 veram
1349 2632 1660 2703 ignorantes
1684 2633 1752 2688 ad

154 2727 451 2796 marginem
476 2741 664 2792 unum,
695 2734 754 2781 et
791 2725 845 2781 in
872 2733 1022 2781 testu
1050 2724 1276 2781 alteram
1319 2734 1632 2790 annotasse,
1663 2741 1751 2780 res

155 2813 268 2887 ipsa
298 2817 607 2884 convincit,
635 2817 712 2873 uti
757 2818 811 2872 in
839 2817 1092 2874 omnibus
1124 2816 1363 2885 antiquis
1397 2816 1751 2887 scriptoribus

154 2906 266 2966 ﬁeri
309 2908 718 2981 conspicimus:
750 2909 885 2965 alias
924 2910 1069 2965 enim
1100 2923 1332 2980 quonam
1375 2919 1531 2979 paeto
1556 2918 1747 2963 auctor

158 3004 238 3058 sui
268 3002 498 3071 smculi,
528 3013 589 3060 et
630 3003 817 3072 patria:
868 3001 1312 3075 pmclarissimos
1365 3002 1634 3060 antistites
1683 3017 1747 3058 ex

158 3097 379 3153 nomine
422 3095 618 3152 saltem
649 3111 758 3152 non
787 3095 1173 3167 cognosceret?
1203 3105 1295 3150 aut
1326 3095 1445 3165 quis
1479 3101 1749 3152 recentior

1859 2082 1979 2122 mus
1999 2082 2157 2138 opus.

1937 2160 2130 2216 Mirum
2156 2171 2241 2220 est
2264 2174 2525 2235 quantum
2552 2166 2834 2226 hominum
2862 2171 3074 2242 ingenia
3102 2172 3245 2230 inter
3267 2189 3327 2231 se
3348 2173 3464 2232 dis-

1858 2250 2097 2317 sideant;
2140 2270 2264 2311 nam
2301 2272 2369 2314 ex
2413 2259 2602 2316 iisdem
2644 2261 2877 2317 ﬂoribus
2906 2264 3127 2334 quidam
3157 2266 3290 2334 mel,
3339 2267 3460 2338 qui-

1857 2344 1981 2402 dam
2021 2364 2154 2405 vero
2184 2349 2253 2405 {el
2291 2361 2344 2407 et
2390 2367 2662 2410 venenum
2698 2356 2956 2424 eliciunt,
2992 2359 3453 2430 quemadmodum

1856 2442 2051 2512 apibus
2078 2454 2129 2498 et
2162 2446 2342 2514 vespis
2370 2447 2566 2503 accidit
2592 2467 2603 2502 :
2635 2457 2691 2504 et
2716 2449 2950 2522 idipsum
2980 2450 3141 2507 nobis
3169 2453 3455 2524 objiciunt,

1854 2549 1965 2606 quo
1988 2550 2083 2591 eos
2104 2535 2447 2593 int‘estamus.
2478 2539 2605 2595 inde
2628 2541 2790 2611 igitur
2815 2542 3113 2614 improbari
3135 2544 3457 2602 existimant

1855 2627 2112 2684 Chronici
2142 2629 2305 2701 hujus
2332 2632 2736 2697 auctoritatem.
2764 2637 2909 2706 quod
2952 2634 3022 2692 ad
3056 2635 3446 2710 Hieronymum

1855 2721 2118 2791 scriptum
2149 2736 2253 2775 non
2284 2722 2374 2789 sit,
2407 2724 2548 2793 quod
2584 2726 2768 2782 multis
2792 2737 3002 2785 scatcat
3037 2729 3273 2798 mendis,
3303 2731 3448 2801 quod

1852 2813 2103 2887 quzcdam
2127 2827 2325 2885 praeter
2344 2819 2583 2874 omnium
2614 2819 2862 2876 notitiam
2900 2832 2955 2879 et
2985 2824 3447 2894 exspectationem

1855 2907 2131 2964 contineat
2171 2926 2183 2960 ;
2228 2910 2380 2979 quasi
2420 2925 2549 2966 vero
2588 2926 2695 2967 non
2737 2913 2913 2969 multo
2954 2914 3128 2987 magis
3174 2918 3290 2973 hac
3331 2916 3447 2987 ipsa

1853 3001 2229 3068 antiquitatem
2260 3011 2313 3055 et
2340 3004 2756 3073 germanitatem
2786 3007 3027 3061 auctoris
3070 3009 3394 3065 convincam
3427 3026 3442 3063 :

1856 3100 1911 3147 ut
1931 3092 2092 3148 modo
2111 3093 2546 3164 crpendcbamus
2565 3110 2585 3161 ,°
2606 3112 2728 3152 nam
2751 3097 2796 3153 si
2819 3098 2873 3154 in
2886 3106 3105 3156 auctore
3121 3101 3270 3158 mille
3283 3112 3338 3159 et
3354 3102 3453 3159 du-

152 3190 235 3247 cui
263 3190 393 3245 data
413 3178 560 3246 esset
587 3189 823 3260 ﬁngendi
852 3198 1114 3260 potestas,
1136 3189 1192 3244 id
1222 3186 1425 3243 Dextro
1444 3187 1744 3244 tribueret?
1771 3181 1819 3245 C
1849 3194 2040 3239 centos
2067 3200 2243 3240 annos
2266 3187 2597 3256 excedente,
2634 3189 2789 3260 cujus
2822 3204 2962 3261 Opus
2994 3199 3073 3247 tot
3107 3194 3321 3250 smeulis
3354 3194 3454 3251 de»

153 3285 253 3340 nisi
279 3283 466 3341 forsan
499 3283 783 3352 insaniret,
804 3292 862 3339 et
887 3281 1047 3339 vellet
1072 3282 1311 3338 omnium
1332 3282 1535 3353 judicia
1555 3292 1743 3339 contra

152 3388 209 3432 Ie
236 3376 544 3433 concitare.

219 3469 431 3527 Adbac
460 3467 777 3527 incredibile
800 3476 908 3537 est,
938 3468 997 3527 S.
1024 3468 1367 3525 Vincentium
1413 3477 1703 3542 martyrem
1729 3509 1745 3536 ,

152 3577 207 3628 et
232 3569 292 3626 S.
328 3567 598 3624 Eulaliam
626 3566 1086 3624 Barcinoueusem
1125 3566 1300 3621 omitti
1330 3566 1568 3636 potuisse
1601 3578 1632 3619 a
1655 3579 1742 3620 re-

152 3664 419 3729 ceutiore,
450 3663 542 3735 qui
574 3660 739 3718 vellet
777 3661 976 3717 Dextro
1001 3675 1140 3733 opus
1180 3674 1370 3716 recens
1418 3661 1698 3729 imponere
1726 3674 1743 3723 ;

154 3772 277 3811 nam
302 3754 595 3811 Vincentio
624 3754 911 3823 illustrior,
954 3764 1011 3810 et
1059 3753 1239 3809 notior
1294 3767 1360 3807 ex
1418 3749 1748 3822 martyribus

153 3847 333 3903 nullus
362 3856 506 3916 erat,
529 3855 587 3902 et
611 3845 817 3903 Eulalia
844 3860 913 3902 ex
942 3847 1076 3901 urbe
1102 3844 1273 3916 ipsius
1301 3844 1486 3901 Dextri
1514 3842 1613 3899 luit
1644 3859 1659 3897 :
1688 3849 1748 3897 ut

154 3939 288 3994 alios
326 3954 399 3995 ex
441 3936 746 3995 notioribus
778 3937 1029 4010 llispanls
1055 3938 1336 4004 omittam,
1370 3937 1461 4008 qui
1490 3952 1521 3991 a
1560 3933 1748 3991 codice

154 4031 375 4088 absunt.
426 4029 601 4087 Nemo
639 4041 791 4088 certe
832 4046 980 4087 same
1007 4028 1338 4100 mentis,qui
1363 4028 1749 4100 exquisitiores

159 4135 431 4196 martyres
459 4123 697 4180 intexuit
722 4122 1059 4196 vulgatiores
1081 4123 1367 4180 abnueret.
1403 4122 1479 4177 Ex
1498 4137 1606 4193 quo
1635 4135 1743 4177 ma-

157 4214 415 4271 uit‘estum
444 4215 506 4270 tit
552 4215 655 4271 bos
694 4230 802 4272 non
841 4230 965 4273 esse
1019 4215 1307 4288 scriptoris
1346 4213 1615 4279 defectus,
1649 4212 1746 4270 sed

156 4309 561 4379 exscriptorum
590 4326 604 4363 :
635 4308 725 4379 qui
759 4310 811 4362 in
834 4324 999 4380 opere
1029 4309 1298 4364 moderno
1318 4307 1499 4363 locum
1546 4308 1748 4363 habere

159 4418 264 4457 non
306 4414 571 4473 possunt,
599 4403 692 4457 sed
725 4402 782 4457 in
803 4400 1209 4469 antiquissimo;
1256 4403 1309 4456 in
1353 4416 1463 4471 quo
1492 4402 1743 4455 nimirum

160 4496 281 4548 dum
299 4497 463 4566 longo
478 4504 783 4564 temporum
808 4493 1041 4550 decursu
1073 4511 1102 4550 a
1131 4494 1295 4551 variis
1321 4504 1743 4565 transsumptum

1852 3277 2093 3348 lituerat,
2124 3280 2255 3335 nihil
2286 3296 2392 3337 non
2425 3284 2648 3354 vulgare
2674 3284 3038 3355 reperiretur:
3060 3287 3108 3343 si
3129 3289 3304 3346 codex
3335 3292 3453 3360 ejus

1853 3370 2043 3427 nullibi
2090 3374 2385 3429 mendosus
2440 3385 2608 3446 esset,
2658 3392 2991 3450 nusquamve
3039 3380 3453 3441 difﬁcultatibus

1851 3463 2141 3535 implicitus
2171 3508 2186 3533 ,
2233 3468 2355 3537 quis
2391 3483 2498 3524 non
2540 3468 2610 3527 de
2665 3471 2784 3541 ejus
2829 3481 3098 3530 vetustate
3151 3475 3455 3532 difﬁderet?

1855 3576 2057 3629 ergone
2084 3572 2192 3616 tam
2221 3562 2392 3632 iners,
2432 3572 2491 3620 et
2524 3565 2755 3635 ignavus
2778 3565 2991 3633 fuisset,
3026 3578 3085 3625 ut
3110 3569 3244 3624 nihil
3285 3584 3452 3640 pecu-

1852 3655 1983 3711 liare
2012 3666 2316 3723 assereret;
2348 3666 2455 3713 tam
2483 3672 2674 3729 purus,
2700 3667 2758 3714 ut
2789 3660 2861 3715 ab
2884 3660 3315 3733 exscriptoribus
3334 3677 3450 3718 ma-

1853 3749 2023 3805 culari
2052 3765 2159 3804 non
2196 3759 2411 3819 posset;
2442 3750 2585 3820 quod
2614 3765 2716 3807 nec
2744 3751 2872 3822 ipsis
2919 3753 3090 3809 sacris
3124 3752 3283 3811 libris
3319 3769 3452 3811 con-

1851 3856 2063 3898 cessum
2113 3840 2253 3896 fuit?
2297 3840 2402 3897 Alii
2455 3840 2831 3899 verisimiliora
2877 3853 3199 3919 opponunt,
3248 3846 3452 3918 quibus

1851 3950 1995 3992 nunc
2026 3949 2209 4006 operae
2239 3932 2468 4005 pretium
2496 3945 2583 3991 est
2609 3934 2945 3995 satisfacere.

1855 4051 1883 4123 ᾗ
1928 4050 1993 4108 ll.
2039 4051 2195 4109 Nihil
2231 4067 2343 4109 esse
2386 4053 2525 4126 quod
2568 4050 2729 4126 hujus
2780 4051 3026 4111 Chronici
3088 4057 3449 4117 auctoritatem

2432 4141 2677 4182 ettervat'c
2704 4135 2879 4197 queat.

1930 4220 2061 4289 Qua:
2084 4219 2345 4277 hactenus
2372 4217 2631 4276 adversus
2655 4221 3069 4290 germanitalem
3094 4221 3253 4295 hujus
3274 4222 3414 4281 Οείςςο

1853 4313 1956 4368 uici
1989 4312 2058 4369 ab
2078 4313 2195 4383 ejus
2219 4310 2613 4368 detractoribus
2637 4312 2857 4370 inventa
2886 4325 3035 4381 sunt,
3060 4317 3272 4374 tametsi
3300 4318 3444 4374 varia

1851 4414 1906 4462 et
1931 4408 2116 4473 multa,
2161 4406 2310 4475 juxta
2350 4405 2683 4478 ingeniorum
2728 4405 3129 4476 diversitatem,
3162 4422 3449 4479 possumus

1855 4516 1952 4555 nos
1972 4498 2234 4557 claritatis
2254 4498 2444 4568 gratia,
2462 4499 2527 4553 ad
2552 4497 2651 4553 tria
2676 4502 2935 4555 reducere
2956 4500 3127 4570 capita
3144 4518 3159 4554 :
3178 4501 3230 4556 l'
3249 4500 3453 4573 Objici-

160 4593 259 4650 ω,
302 4585 466 4641 multi
494 4587 731 4657 novique
774 4586 827 4643 in
873 4587 994 4643 dies
1020 4586 1282 4657 defectus,
1313 4602 1409 4643 seu
1455 4588 1746 4654 oblivione,
1780 4570 1827 4632 ἶ)
1855 4604 1935 4647 tur
1961 4592 2223 4661 quodnon
2244 4590 2631 4661 eor-respondet
2676 4590 2995 4658 conditioni,
3015 4603 3069 4649 et
3096 4570 3447 4663 qualitatibus

162 4696 256 4739 seu
286 4680 579 4739 celeritate
604 4681 1041 4750 amanuensium,
1076 4684 1303 4739 admissi
1339 4684 1504 4740 luere.
1560 4683 1753 4739 Nullus

164 4775 574 4831 notissimorum
619 4784 919 4847 martyrum
944 4776 1141 4848 (utpar
1169 4786 1254 4832 est
1277 4776 1529 4849 credere)
1557 4793 1585 4833 a
1617 4778 1750 4833 Dex-

162 4878 245 4927 tro
259 4870 665 4943 prwtcrmissus
677 4878 778 4934 est,
795 4870 888 4926 sed
906 4871 1550 4941 oscitantiilibrariorniu
1572 4874 1745 4939 multi,

161 4962 619 5034 quernadmodum
655 4962 973 5018 eorumdcm
1008 4964 1141 5019 vitio
1174 4964 1308 5021 verti
1354 4965 1550 5022 debent
1583 4978 1750 5022 trans-

164 5054 464 5123 positiones
488 5095 505 5122 ,
549 5063 604 5110 et
640 5053 1024 5126 replicationes
1064 5058 1420 5127 quarumdam
1453 5060 1750 5114 sentcntia-

165 5162 304 5215 rum,
348 5148 420 5204 de
470 5146 669 5219 quibus
713 5148 826 5218 jam
889 5148 1160 5216 diximus;
1227 5152 1314 5208 cui
1371 5152 1516 5209 enim
1573 5154 1747 5210 semel

168 5242 384 5297 omissa:
410 5237 653 5297 fuissent
693 5251 751 5297 et
780 5241 989 5299 restitui
1032 5242 1521 5311 deberenl,crrore
1549 5246 1747 5304 factum

166 5341 264 5399 est,
277 5341 335 5388 ut
356 5348 480 5404 qua:
497 5332 645 5403 prius
662 5332 714 5388 in
739 5336 980 5405 margine
997 5337 1255 5392 restitutae
1268 5337 1496 5407 luerunt,
1525 5349 1754 5409 postmo-

165 5426 286 5486 dum
313 5430 382 5487 ab
397 5427 507 5486 alio
520 5430 855 5498 exscriptnrc
877 5428 997 5486 loco
1021 5429 1258 5488 indubito
1282 5433 1494 5489 intermi
1506 5446 1602 5490 stas
1623 5436 1754 5491 sint.

236 5523 421 5581 Redeo
464 5525 531 5581 ad
570 5525 743 5595 ipsam
791 5524 1186 5593 prud'atioucm,
1234 5542 1327 5583 seu
1368 5531 1753 5587 dedicatoriant

168 5618 466 5689 epistolam,
500 5634 629 5692 qua:
654 5618 722 5673 ad
756 5618 975 5675 Paulum
1004 5619 1255 5678 Orosium
1294 5624 1493 5694 scriptu
1539 5625 1753 5693 legitur.

172 5711 291 5780 Quis
314 5723 421 5771 tam
450 5714 649 5780 hebes,
675 5722 736 5768 ut
765 5728 872 5769 non
904 5714 1100 5781 videat,
1133 5732 1253 5770 cum
1282 5714 1373 5786 qui
1401 5716 1564 5773 vellet
1590 5718 1759 5771 Chro-

172 5805 316 5869 nicon
343 5811 528 5872 Dextri
562 5809 792 5887 lingere,
821 5806 885 5864 Ι).
915 5809 1245 5887 llicronymo
1270 5826 1405 5884 opus
1436 5812 1759 5871 onminiodis

1854 4684 2110 4740 auctoris.
2156 4682 2214 4737 2°
2246 4681 2399 4752 Quod
2441 4696 2540 4739 nec
2571 4682 2727 4737 titulo
2763 4700 2792 4736 a
2825 4682 3022 4739 ltextro
3044 4684 3142 4753 ipsi
3168 4684 3449 4754 apposito;

1852 4779 1910 4834 5°
1937 4777 2088 4845 Quod
2113 4774 2333 4833 historia
2357 4777 2471 4848 ipsa
2509 4777 2562 4832 in
2592 4792 2649 4832 se
2677 4777 2920 4848 congerit
2945 4777 3110 4833 multa
3140 4785 3293 4832 tanto
3318 4792 3445 4833 auc-

1854 4880 1969 4927 tore
1994 4872 2229 4942 indigna,
2254 4879 2308 4925 ct
2329 4868 2584 4926 nonnulla
2605 4884 2793 4925 eorum
2816 4877 2941 4925 sunt
2956 4869 3124 4925 multo
3148 4870 3446 4925 recentiora

1854 4965 1972 5035 ipso
1996 4974 2220 5019 auctore
2246 4982 2258 5016 :
2286 4973 2338 5019 ct
2360 4977 2427 5018 ex
2461 4962 2544 5016 his
2568 4963 2816 5018 omnibus
2837 4964 3077 5031 spuriam
3110 4971 3169 5019 et
3195 4963 3448 5033 supposi.

1860 5067 1968 5111 tam
1990 5056 2175 5112 volunt
2196 5055 2461 5111 convinci.
2487 5053 2594 5113 Sed
2612 5065 2866 5122 caveant,
2901 5069 3108 5128 quaeso,
3131 5070 3198 5112 ne
3220 5054 3289 5112 de
3312 5054 3444 5127 ipsis

1862 5148 1991 5205 illud
2013 5147 2164 5205 ludat
2186 5149 2414 5220 apostoli
2444 5147 2548 5204 dici
2580 5158 2737 5219 queat
2764 5164 2779 5206 :
2807 5146 2881 5201 lli
2910 5158 3083 5204 autent
3114 5164 3445 5221 quacumque

1860 5238 2060 5312 quidem
2092 5240 2353 5312 ignorant,
2382 5238 2773 5311 blaspliemunt;
2804 5255 3139 5313 quietumque
3152 5250 3323 5296 autem
3342 5257 3443 5296 na-

1862 5333 2131 5399 turaliter,
2174 5343 2433 5403 tamquam
2477 5342 2618 5386 muta
2670 5330 2920 5387 annualia
2968 5345 3159 5389 norunt
3191 5376 3207 5402 ,
3259 5337 3311 5390 in
3363 5337 3447 5390 his

1861 5436 2279 5497 corrumpuntur.
2316 5424 2407 5479 Vir
2426 5425 2553 5480 illis.
2587 5422 2696 5479 Nec
2724 5430 2940 5491 mirum,
2974 5442 3096 5483 cum
3125 5428 3236 5485 siut
3262 5426 3445 5484 Nubes

1857 5522 1966 5575 sine
2003 5536 2160 5591 aqua,
2193 5535 2307 5590 quae
2345 5535 2375 5573 η
2404 5518 2565 5572 ventis
2603 5520 3057 5590 circumferuntur,
3106 5530 3293 5593 utpote
3320 5538 3445 5593 qua:

1858 5615 2244 5670 exterminium
2276 5614 2573 5679 minantur,
2606 5624 2657 5665 et
2690 5613 2994 5675 interitum,
3025 5615 3119 5669 sed
3149 5626 3271 5687 post
3297 5616 3445 5671 toni-

1861 5718 1977 5763 trua
2021 5720 2073 5763 ct
2121 5706 2361 5779 fulgura,
2416 5708 2467 5761 in
2518 5718 2711 5764 ventos
2735 5708 3103 5777 resohtttttut',
3143 5718 3203 5765 et
3241 5710 3442 5765 ﬂatus:

1862 5803 2085 5861 Arbores
2111 5801 2457 5873 nutumnalcs,
2501 5803 2858 5878 infructuosn',
2893 5802 2966 5859 bis
3001 5814 3235 5877 mortua,
3270 5803 3443 5862 eradi-
