4028 6446
601 303 675 367 39
1497 294 1797 361 πιΑνιυε
1834 298 2085 359 LUClUS
2127 297 2207 354 DE

2311 296 2412 353 ἘΒ
2452 288 2983 352 ειιηοκοιοους.

3836 280 3931 343 ιο

598 423 736 495 perii
762 420 1017 479 historias
1039 418 1231 489 majori
1259 433 1326 476 ex
1358 428 1513 490 parte
1539 462 1552 485 ,
1584 428 1644 474 ut
1680 429 1809 488 pote
1858 415 2196 489 illyriciauus
2224 418 2270 477 Α
2300 430 2414 469 sem
2471 422 2773 469 extractum
2832 412 3015 468 Dextri
3072 410 3484 484 reperiebatur,
3527 410 3934 485 magnitudine

600 517 1151 590 prosequitur;quod
1181 514 1283 570 fuit
1314 514 1366 570 in
1395 528 1562 570 causa
1587 522 1647 569 ut
1677 511 1734 567 in
1763 512 2034 584 prommio
2054 511 2200 566 dicc—

608 618 693 665 ret
719 627 733 664 :
766 607 881 680 Ego
907 624 1024 663 vero
1056 607 1274 680 simplici
1298 606 1571 661 dumtaxat
1598 606 1999 676 computatione,
2018 603 2203 659 Orien-

602 699 706 755 tolc
730 710 933 755 tantum
962 709 1171 756 secutus
1204 698 1511 772 Imperium.
1544 698 1768 770 lndigne
1802 698 1966 768 igitur
2000 701 2202 753 Dextro

598 793 879 864 objicitur,
912 793 1059 866 quod
1090 795 1144 850 in
1168 794 1333 849 rebus
1362 809 1478 850 sua:
1509 795 1698 864 patriae
1727 792 2052 849 annotandis
2076 808 2200 860 spe—

600 888 725 944 ciati
759 888 1061 944 intentione
1082 903 1145 945 se
1171 887 1469 956 dilTndet‘it,
1499 902 1622 943 cum
1670 887 1885 943 cat-teris
1934 888 2073 943 idem
2127 888 2203 939 fac

600 981 868 1038 cientibus
897 982 1030 1038 vitio
1062 997 1171 1039 non
1199 993 1465 1039 vertatur.
1510 982 1825 1051 Quinimmo
1866 982 2083 1053 plurimi
2125 983 2205 1036 la-

599 1077 855 1134 cicndum
886 1087 1037 1134 esset
1063 1089 1154 1142 .et
1195 1094 1300 1133 non
1333 1078 1524 1136 leviter
1579 1077 1685 1133 illis
1732 1078 1876 1133 laudi
1924 1078 2159 1134 dandum
2186 1118 2202 1141 ,

603 1169 748 1243 quod
780 1172 1147 1243 unusquisque
1176 1188 1357 1227 rerum
1388 1188 1608 1227 suarum
1639 1172 1883 1227 notitiam
1908 1173 2202 1243 specialem

606 1262 765 1320 nobis
786 1262 1069 1330 donarint;
1106 1275 1163 1320 et
1190 1266 1334 1335 quod
1368 1265 1420 1320 in
1459 1266 1525 1320 iis
1566 1279 1627 1320 se
1675 1264 1997 1322 diﬂuderint
2028 1308 2043 1333 ,
2081 1281 2204 1337 quze

604 1357 779 1430 magis
807 1369 1086 1429 comperta
1114 1357 1392 1415 habebant
1416 1400 1433 1425 ,
1484 1368 1541 1414 et
1578 1358 1634 1416 in
1662 1358 1859 1431 quibus
1880 1360 2061 1416 minus
2088 1369 2209 1416 erat

603 1450 825 1510 errandi
850 1451 1174 1526 periculum,
1216 1453 1489 1525 simulque
1522 1468 1634 1510 rem
1660 1454 1777 1508 suis
1806 1454 1975 1527 magis
1995 1463 2204 1527 gratam

608 1555 665 1603 et
694 1548 1060 1605 necessariam
1092 1548 1427 1622 praestabant
1452 1590 1467 1611 ,
1499 1558 1558 1604 ut
1595 1547 1961 1620 Hieronymus
1997 1550 2066 1605 dc
2098 1549 2209 1604 Eu-

606 1639 763 1696 sebio
781 1639 940 1698 dixit.
973 1640 1111 1697 llinc
1132 1642 1332 1697 factum
1364 1648 1467 1709 est,
1494 1650 1551 1697 ut
1588 1641 1771 1714 (quod
1802 1643 1853 1695 in
1883 1642 2072 1698 codice
2102 1643 2207 1697 isto

605 1733 880 1807 videmus)
913 1733 1120 1797 Dexter
1142 1736 1387 1791 omnium
1418 1735 1533 1790 lere
1556 1733 2044 1791 Barcinouensiutn
2086 1735 2210 1808 epi-

2309 507 2622 569 volumiuis.
2648 507 3081 577 etquarumdam
3126 521 3310 563 rerum
3344 506 3614 564 relatione
3651 504 3936 564 nonnihil

2305 599 2633 670 discrepans
2656 599 2726 655 ab
2755 615 2821 654 eo
2846 601 2991 671 quod
3019 600 3448 672 Caesaraugusta
3471 614 3733 657 excusum
3761 596 3879 653 fuit
3908 614 3932 664 ;

2301 692 2742 764 quandoquidem
2771 694 3086 765 priusquam
3114 692 3412 751 cuderetur
3433 734 3451 759 ,
3501 710 3611 750 non
3649 691 3937 750 omnibus

2305 797 2479 855 totus,
2510 797 2565 844 et
2617 788 2829 857 integer
2876 787 3043 843 codex
3084 785 3623 853 communicabatur,
3664 785 3760 843 sed
3808 801 3936 858 per

2304 893 2510 954 partes,
2534 884 2689 953 juxta
2714 882 2954 953 cujusvis
2981 883 3318 939 voluntatem
3344 895 3403 941 et
3425 881 3774 940 devotionem
3802 897 3819 949 ;
3860 890 3932 937 ct

2304 975 2552 1031 nonnulli
2582 991 2684 1047 pro
2713 978 2867 1032 libito
2890 991 2989 1032 suo
3016 976 3331 1034 Chronicon
3352 975 3729 1045 dimidiabaut,
3759 974 3931 1049 quod

2305 1083 2413 1125 non
2461 1071 2641 1125 omnia
2698 1070 2753 1125 in
2797 1084 2865 1128 eo
2920 1084 3181 1129 contenta
3226 1071 3297 1129 ad
3344 1087 3464 1131 rem
3512 1086 3670 1128 suam
3723 1071 3931 1129 facere

2304 1160 2553 1218 viderant
2583 1179 2598 1215 :
2631 1172 2687 1219 et
2716 1160 2819 1218 hoc
2849 1174 3008 1235 pacto
3027 1179 3137 1220 non
3165 1177 3372 1237 paucos
3404 1179 3628 1223 errores
3657 1164 3930 1221 involve-

2305 1254 2457 1321 bant,
2480 1254 2571 1326 qui
2597 1252 2802 1312 Dextro
2820 1255 2891 1313 ab
2905 1256 3029 1313 aliis
3053 1257 3415 1329 imputantur.
3438 1258 3645 1314 Horum
3672 1256 3930 1315 alterum

2304 1346 2407 1403 fuit
2437 1355 2751 1404 extractum
2775 1348 2908 1405 illud
2938 1366 2967 1403 a
3007 1349 3356 1423 Segorhicnsl
3391 1352 3653 1422 episcopo
3693 1351 3930 1408 exscri-

2306 1453 2505 1514 ptum:
2548 1442 2602 1498 in
2641 1459 2752 1515 qtto
2780 1444 3136 1501 vehementer
3182 1443 3507 1519 quihusdam
3552 1443 3924 1516 displicebat,

2305 1537 2449 1610 quod
2480 1538 2537 1595 8.
2572 1537 2864 1595 Paciauum
2914 1538 3102 1595 Dextri
3142 1551 3426 1613 parentem
3454 1540 3795 1598 successisse
3824 1536 3934 1595 die

2306 1639 2453 1687 ceret
2496 1629 2554 1689 S.
2587 1630 2792 1688 Severo
2819 1633 3079 1705 episcopo
3108 1632 3525 1699 Barciuouensi,
3556 1643 3614 1692 et
3647 1630 3928 1707 martyri,

2306 1727 2398 1792 qui
2441 1737 2619 1780 tamen
2668 1741 2812 1782 anno
2869 1725 3084 1782 Domini
3134 1728 3243 1786 285
3297 1729 3453 1785 initio
3510 1729 3935 1803 persecutionis

611 1843 905 1901 scaporum
928 1831 1129 1887 seriem
1154 1840 1473 1902 prosecutus
1508 1829 1582 1885 sit
1606 1873 1622 1898 ,
1654 1839 1844 1902 utpote
1870 1846 2007 1902 quos
2035 1832 2207 1903 magis

2311 1815 2626 1873 Diocletiani
2650 1830 2944 1873 coronatus
2965 1827 3053 1874 est
3076 1834 3093 1875 :
3115 1818 3381 1877 Pacianus
3411 1836 3543 1878 vero
3570 1820 3760 1877 ﬂoruit
3786 1830 3933 1894 post

609 1933 777 1981 natos
802 1922 1063 1989 habebat,
1093 1923 1287 1995 patriae
1311 1937 1425 1979 sua:
1450 1922 1727 1979 antistites
1751 1966 1764 1984 .
1791 1932 1850 1980 et
1876 1925 1991 1979 suis
2013 1939 2205 1981 eorum

611 2019 848 2088 propriis
873 2017 1033 2073 annis
1060 2015 1310 2073 meminit
1335 2058 1350 2080 ,
1381 2015 1435 2072 id
1465 2026 1550 2074 est
1568 2059 1586 2085 ,
1613 2016 1672 2074 S.
1711 2016 1930 2073 Eusebii
1956 2018 2208 2088 discipuli

607 2105 669 2167 S.
697 2106 886 2166 Jacobi
912 2108 1170 2180 apostoli,
1202 2118 1251 2164 et
1283 2107 1434 2165 sedis
1462 2108 1608 2164 illius
1636 2112 1919 2172 erectoris.
1943 2110 2003 2165 8.
2030 2110 2208 2166 Theo-

605 2200 770 2269 desii,
794 2201 917 2258 Auli
952 2199 1211 2265 Victoris,
1240 2200 1392 2257 Lucii
1420 2246 1434 2265 .
1463 2200 1677 2265 Fulue,
1709 2180 1995 2273 utriusque
2018 2202 2207 2260 Severi

609 2294 888 2367 martyris,
915 2295 1081 2363 Aviti,
1115 2292 1467 2361 Mademarii,
1495 2294 1555 2349 8.
1593 2293 1844 2361 Paciani,
1887 2295 2111 2367 Emilae,
2153 2308 2208 2353 et

608 2391 916 2463 Lampadii,
938 2394 1031 2463 qui
1060 2407 1161 2448 suo
1194 2393 1426 2451 ﬂorebat
1447 2403 1696 2466 tempore
1729 2410 1742 2449 :
1786 2409 1914 2450 eum
1942 2404 2125 2450 tamen
2154 2393 2208 2450 in

611 2484 736 2541 aliis
757 2484 981 2543 sedibus
1013 2486 1240 2544 minime
1266 2486 1316 2543 id
1345 2488 1602 2544 observet
1626 2504 1639 2542 :
1671 2502 1776 2542 una
1803 2498 2027 2558 excepta
2051 2486 2210 2542 Tole-

608 2588 760 2644 tana,
791 2580 949 2649 cujus
977 2593 1202 2652 propter
1227 2580 1493 2652 primatus
1537 2582 1956 2653 prterogitivam
1998 2578 2211 2651 episco-

610 2687 714 2746 pos
733 2688 924 2730 omnes
952 2684 1259 2731 enumerat.
1300 2673 1356 2731 In
1395 2675 1539 2731 serie
1573 2674 1944 2731 Romanorum
1994 2672 2210 2745 pontiti-

610 2781 761 2831 cum,
784 2778 841 2824 et
870 2768 1264 2839 imperaturum
1287 2768 1571 2841 signanter
1596 2770 1724 2842 (hoc
1752 2784 1967 2841 quoque
1994 2770 2041 2823 ei
2065 2768 2208 2840 obji-

611 2860 907 2931 ciebatur)
959 2862 1034 2917 ita
1087 2875 1150 2919 se
1174 2862 1314 2933 gerit
1346 2902 1363 2928 .
1419 2871 1479 2918 ut
1524 2878 1633 2918 non
1683 2878 1873 2919 omnes
1904 2862 2012 2916 illis
2055 2862 2212 2916 anuis

610 2951 873 3019 ascribat,
906 2952 1103 3024 quibus
1126 2953 1265 3011 inire
1294 2963 1581 3026 coeperunt
1602 2953 1897 3023 dignitates
1931 2968 2083 3020 suas,
2114 2953 2210 3009 sed

612 3044 907 3103 multorum
948 3044 1110 3101 simul
1160 3048 1543 3104 successiones
1592 3046 1876 3118 assignet,
1922 3047 2208 3116 inquiens,

614 3137 849 3211 Augusto
870 3135 1126 3206 Tiberius,
1156 3136 1365 3194 Tiberio
1396 3137 1574 3209 Caius,
1601 3136 1728 3192 Caio
1750 3138 2023 3201 Claudius,
2055 3136 2213 3192 Clau-

613 3206 717 3285 ιιίο⁷
737 3229 879 3285 Nero
901 3230 1131 3285 succedit
1160 3245 1181 3283 :
1208 3245 1329 3297 seu,
1359 3232 1412 3287 in
1440 3206 1570 3286 sede
1588 3228 1734 3285 Petri
1761 3233 1989 3286 succedit
2012 3230 2212 3303 Zeplte-
2240 3206 2287 3271 C

612 3323 732 3378 riuo
763 3321 1023 3392 Cutixtus,
1052 3320 1260 3380 Colizto
1285 3335 1455 3379 autem
1484 3322 1759 3393 Urbanus,
1805 3323 2015 3380 Urbano
2065 3322 2214 3379 Pon-

613 3417 819 3488 tianus,
865 3416 920 3472 id
949 3428 1129 3474 tamen
1159 3416 1228 3475 ad
1280 3418 1411 3475 illud
1455 3432 1629 3491 usque
1677 3429 1885 3490 tempus
1928 3420 2092 3485 fecit,
2146 3432 2216 3475 ne

613 3519 797 3568 sctum
823 3519 1039 3583 ageret.
1068 3526 1179 3585 quo
1202 3510 1446 3579 Eusebii,
1478 3521 1535 3566 et
1563 3509 1874 3583 Hieronymi
1905 3510 2212 3567 Cbronicon

616 3604 895 3678 pertingit.
922 3604 975 3660 id
1000 3613 1110 3672 est,
1131 3603 1201 3659 ad
1222 3618 1427 3660 annum
1454 3603 1668 3658 Domini
1701 3602 1810 3659 380
1827 3645 1844 3669 ,
1883 3601 2027 3672 quod
2065 3603 2214 3659 vide-

614 3697 743 3756 licet
768 3696 841 3752 ab
867 3697 969 3763 eis,
999 3697 1116 3754 suis
1137 3695 1273 3754 locis
1301 3705 1483 3753 actum
1506 3697 1560 3752 id
1592 3696 1799 3762 fuerat;
1843 3696 1895 3751 in
1928 3699 2211 3768 sequenti-

612 3793 716 3851 bus
726 3802 910 3851 autem
924 3792 1200 3865 sigillatim
1218 3794 1605 3866 imperatorum
1618 3801 1675 3849 et
1694 3794 2006 3864 pontiﬁcum
2052 3792 2209 3849 Rom.

614 3884 751 3944 locis
773 3884 977 3943 debitis
998 3886 1267 3951 meminit,
1297 3896 1358 3942 ut
1384 3885 1436 3942 iu
1466 3887 1654 3945 codice
1681 3886 1865 3943 videre
1892 3894 1999 3942 est.

688 3977 860 4047 Quate
899 3985 1082 4034 autem
1129 3985 1507 4049 argumentum
1554 3976 1683 4032 illud
1737 3986 1857 4044 est,
1906 3976 2212 4032 Cluouicon

617 4067 757 4127 istud
783 4069 929 4143 quod
957 4077 1137 4127 exstat
1164 4068 1356 4142 incipit
1374 4084 1404 4124 a
1432 4067 1647 4124 Christo
1671 4067 1921 4136 Domino,
1939 4077 1994 4123 et
2013 4084 2119 4124 non
2146 4068 2214 4122 ab

614 4162 752 4220 orbe
781 4160 1001 4220 condito
1030 4204 1046 4228 ,
1092 4177 1225 4234 ergo
1274 4176 1385 4217 non
1409 4172 1494 4218 est
1544 4162 1871 4217 omnimodae
1923 4160 2215 4217 llistoriatl

616 4255 772 4327 quasi
794 4270 864 4313 ex
910 4252 1129 4312 defectu
1174 4252 1414 4323 codicis,
1458 4254 1551 4325 qui
1595 4253 1934 4309 dimidiatum
1978 4255 2213 4311 auctoris

616 4365 760 4422 opus
784 4348 1065 4407 dumtaxat
1086 4345 1342 4413 habebat,
1370 4345 1613 4404 defectus
1639 4348 1877 4403 auctoris
1904 4348 2055 4419 argui
2089 4362 2215 4417 pos-

616 4453 722 4497 set.
746 4441 894 4498 Sane
918 4440 964 4496 si
987 4440 1324 4511 suppositum
1350 4448 1522 4506 esset,
1546 4448 1602 4496 et
1627 4439 1697 4498 de
1720 4443 1881 4496 rebus
1901 4452 2027 4496 ante
2053 4442 2213 4496 Chri-

614 4543 760 4590 stum
802 4540 986 4588 natum
1018 4532 1153 4586 niltil
1194 4530 1439 4589 scribere
1468 4531 1671 4589 libebat
1703 4573 1720 4600 ,
1770 4548 2106 4606 nequaquam
2157 4538 2207 4588 in

2306 1917 2528 1964 centum
2559 1924 2755 1977 annos,
2781 1911 2992 1967 scilicet
3015 1926 3160 1968 anno
3186 1910 3299 1970 38‘
3323 1929 3341 1973 :
3363 1912 3511 1987 quod
3535 1915 3582 1971 si
3603 1928 3796 1971 verum
3822 1928 3929 1969 es-

2307 2012 2414 2070 set,
2442 2001 2613 2073 aiunt,
2649 2004 2754 2060 iste
2797 2019 2970 2059 novos
3015 2003 3225 2063 Dexter
3265 2006 3559 2079 ipsummet
3602 2006 3932 2079 genitorem

2307 2113 2465 2155 suum
2496 2115 2603 2155 non
2632 2112 2973 2170 agnosceret.
3016 2100 3125 2158 Sed
3158 2101 3449 2160 manifesta
3473 2102 3931 2176 tequirocatioue

2310 2193 2564 2252 laborant
2590 2196 2649 2253 8.
2681 2196 2908 2263 Severi;
2942 2195 3062 2267 ejus
3102 2200 3303 2255 etenim
3351 2200 3591 2257 nominis
3616 2198 3728 2258 duo
3759 2200 3930 2258 luere

2311 2288 2745 2347 Barcinonenscs
2765 2291 3033 2361 cpiscOpi,
3078 2292 3239 2348 ambo
3282 2304 3576 2368 martyres,
3608 2294 3705 2350 sed
3739 2294 3839 2352 illo
3886 2311 3922 2350 a

2299 2385 2624 2456 gentilibus,
2656 2387 2758 2443 sub
2788 2386 3123 2443 Diocletiano
3164 2403 3311 2444 anno
3355 2389 3570 2446 Domini
3616 2388 3727 2446 285
3759 2430 3777 2455 .
3826 2389 3930 2445 hic

2308 2496 2445 2538 vero
2472 2483 2542 2537 ab
2574 2482 2789 2538 Ariauis
2817 2498 3008 2554 passus
3053 2483 3151 2540 fuit
3178 2499 3326 2541 anno
3351 2484 3482 2552 352,
3513 2494 3567 2542 et
3619 2486 3925 2557 utriusque

2310 2574 2560 2630 meminit
2590 2578 2704 2646 ipse
2728 2576 2926 2631 Dexter
2958 2596 2973 2631 :
3005 2578 3161 2647 cujus
3196 2586 3353 2648 pater
3381 2580 3525 2637 hunc
3548 2579 3928 2649 posteriorem

2310 2677 2536 2724 secutus
2559 2676 2642 2724 est
2672 2668 2723 2724 iu
2753 2669 2916 2738 Sene,
2947 2678 3002 2726 et
3032 2669 3218 2726 lorsan
3251 2686 3362 2728 non
3400 2671 3731 2728 immediate.
3780 2672 3931 2729 sint-

2312 2762 2383 2818 tis
2438 2761 2798 2819 nihilominus
2844 2764 3354 2821 inconvenientitns
3401 2764 3715 2836 subjacebat
3762 2776 3929 2823 trun-

2310 2862 2433 2912 cata
2467 2854 2559 2910 illa
2588 2854 2795 2912 codicis
2833 2855 3020 2912 Dextri
3069 2857 3451 2928 transumptio,
3480 2872 3602 2929 qua:
3647 2860 3701 2913 in
3750 2873 3927 2916 excu-

2312 2949 2466 3008 sione
2491 2949 2685 3022 integri
2716 2949 2971 3006 Chronici
3001 2964 3379 3008 cessaverunt.

2384 3044 2466 3101 Ad
2494 3046 2717 3101 tertium
2766 3046 3108 3116 objectorum
3140 3056 3305 3118 caput
3324 3046 3658 3105 reducuntur
3692 3064 3757 3105 ea
3787 3062 3921 3123 qua:

2316 3138 2602 3195 historiam
2631 3137 2803 3210 ipsam
2821 3148 3180 3207 roncernunt,
3212 3141 3383 3196 multa
3408 3138 3679 3212 siquidem
3705 3139 3920 3214 (aiunt)

2316 3248 2349 3289 a
2388 3234 2618 3290 veritate
2644 3236 2823 3292 aliena
2852 3234 2906 3291 in
2933 3250 2996 3292 ea
3021 3246 3183 3304 sunt,
3228 3252 3337 3293 non
3391 3251 3560 3309 pauca
3602 3237 3919 3297 incredibi-

2318 3329 2410 3399 lia,
2441 3340 2496 3385 et
2524 3329 2659 3386 ultra
2689 3346 2907 3387 omnem
2939 3334 3234 3387 humanam
3260 3331 3443 3389 tidem.
3470 3330 3683 3399 Quibus
3708 3346 3816 3405 ego
3846 3332 3922 3389 il-

2317 3423 2408 3479 lud
2430 3424 2696 3496 imprimis
2718 3425 3053 3496 respondere
3074 3439 3319 3496 possem,
3340 3422 3491 3496 quod
3510 3423 3922 3483 detractoribus

2316 3516 2609 3574 Eusebiani
2640 3516 2895 3574 Cbronici
2924 3518 3311 3591 Hieronymus,
3338 3514 3615 3574 Dictorum
3638 3515 3797 3589 ﬁdem
3815 3534 3920 3575 suo

2314 3615 2517 3668 auctori
2544 3615 2849 3689 assignant,
2879 3623 2935 3670 et
2978 3620 3242 3685 praetcrea
3297 3627 3405 3668 non
3449 3625 3576 3669 csse
3623 3621 3919 3669 auctorem

2315 3704 2486 3776 hunc,
2509 3718 2566 3762 et
2594 3719 2735 3778 opus
2762 3706 2817 3760 iu
2853 3706 3117 3777 (Zatalogo
3154 3704 3555 3761 Canonicarum
3597 3702 3918 3777 Scriptura-

2316 3815 2434 3855 rum
2487 3809 2769 3869 receptum
2796 3842 2811 3863 ,
2865 3805 2925 3854 et
2962 3799 3171 3855 idcirco
3216 3797 3414 3853 mirum
3447 3810 3557 3854 non
3581 3810 3704 3854 esse
3728 3797 3779 3853 si
3810 3795 3921 3854 alio

2314 3892 2529 3963 quando
2553 3907 2582 3947 a
2612 3892 2841 3947 veritate
2888 3889 3110 3947 deliciat
3136 3905 3153 3957 ;
3201 3904 3306 3947 nec
3352 3886 3679 3946 modernum
3708 3903 3725 3956 ;
3755 3896 3820 3945 ut
3843 3902 3917 3945 ea

2315 3985 2429 4042 Sola
2453 3985 2743 4054 scriberet,
2783 4000 2907 4057 qua:
2950 3984 3116 4040 modo
3163 3984 3311 4041 inter
3358 3982 3605 4055 vulgatos
3658 3992 3919 4040 auctores

2317 4088 2532 4151 recrpta
2567 4089 2691 4135 sunt
2720 4096 2733 4132 :
2758 4080 2891 4151 quin
2925 4079 3106 4150 potius
3151 4093 3217 4135 ex
3244 4094 3314 4135 eo
3336 4078 3638 4150 antiquitas
3666 4076 3919 4135 auctoris

2315 4170 2606 4228 manifeste
2645 4170 3012 4239 convincitur,
3064 4169 3212 4241 quod
3238 4170 3488 4242 qurcdam
3536 4170 3695 4228 aliter
3742 4183 3916 4243 quam

2315 4278 2459 4320 nunc
2483 4262 2781 4320 credantur
2814 4263 3038 4319 scribat.
3068 4262 3145 4319 Ex
3172 4278 3240 4319 eo
3277 4261 3443 4334 igitur
3466 4261 3611 4334 quod
3656 4263 3713 4319 in
3764 4274 3916 4318 nou-

2316 4357 2479 4413 nultis
2512 4356 2651 4413 forte
2689 4355 2939 4422 dctieiut,
3000 4371 3105 4412 non
3158 4365 3307 4413 recte
3355 4353 3609 4419 infertur,
3663 4354 3834 4411 alium
3879 4369 3916 4412 ι

2316 4452 2521 4508 Dextro
2549 4448 2802 4505 Chronici
2828 4449 2990 4518 hujus
3030 4457 3308 4504 auctorem
3357 4445 3528 4503 fuisse
3554 4492 3571 4519 ,
3626 4446 3725 4503 sed
3748 4444 3912 4502 dum.

2316 4553 2485 4611 taxat,
2512 4559 2619 4599 non
2645 4558 2769 4598 csse
2795 4542 2991 4598 librum
3035 4541 3415 4608 Canonicum,
3460 4551 3521 4596 ut
3566 4539 3704 4595 dixi.
3764 4537 3914 4597 \‘cre

618 4628 844 4701 prologo
861 4625 1134 4684 diceretur
1157 4626 1360 4681 Dexter
1384 4625 1453 4682 ab
1472 4626 1607 4681 orbe
1659 4602 1880 4682 condito
1931 4602 2097 4699 usque
2142 4627 2207 4682 ad

2318 4602 2501 4694 tamen
2532 4636 2666 4694 nihil
2716 4635 3058 4701 incredibile,
3110 4633 3245 4691 nihil
3301 4602 3668 4706 improbabile
3715 4642 3913 4690 auttor

617 4736 714 4778 sua
738 4731 982 4790 tempora
1004 4717 1285 4774 historiam
1311 4717 1576 4787 texuisse,
1606 4718 1701 4776 sed
1723 4723 1902 4790 potius
1925 4720 2210 4788 scripsisse

613 4812 896 4870 historiam
921 4828 954 4869 a
985 4820 1116 4868 It;th
1144 4809 1410 4877 Domino;
1443 4825 1565 4866 nam
1590 4810 1656 4866 ad
1679 4810 1808 4867 illud
1831 4812 2208 4878 assereudum,

615 4904 931 4980 llieronymi
957 4914 1051 4962 aut
1073 4902 1305 4961 alterius
1344 4903 1631 4974 scriptoris
1670 4904 1890 4960 minime
1922 4921 2023 4961 uos
2050 4920 2210 4977 coge-

611 4999 649 5058 h
667 5010 705 5056 tt
731 5000 1058 5069 auctoritas;
1086 4998 1262 5056 solum
1295 4998 1564 5071 siquidem
1587 4999 1663 5053 ait
1685 5001 1795 5068 ille,
1821 4996 2012 5055 Fertur
2040 5002 2109 5053 αλ
2132 5018 2210 5055 me

611 5091 965 5150 omnimodum
992 5091 1286 5147 Historiam
1315 5091 1559 5147 texuisse.
1590 5090 1919 5150 Cumautem
1937 5093 1987 5148 id
2012 5092 2062 5148 in
2082 5109 2208 5164 pto-

612 5184 739 5257 lozo
766 5191 1069 5251 asseratur,
1095 5193 1151 5241 et
1178 5184 1233 5239 in
1274 5184 1381 5240 isto
1405 5184 1597 5241 codice
1648 5185 1845 5241 veteris
1875 5184 2207 5242 Tesmmenti

614 5279 844 5338 lt'storia
874 5277 1419 5343 deliciat,manifeste
1466 5277 1709 5335 innititur
1756 5280 1992 5350 priorem
2030 5278 2202 5337 Chro-

613 5371 724 5432 nici
754 5382 965 5444 partem
997 5372 1065 5428 ab
1096 5372 1230 5428 orbe
1252 5370 1478 5428 condito
1520 5386 1695 5443 usque
1732 5372 1800 5427 ad
1830 5371 2073 5428 Natalem
2107 5372 2204 5427 Do-

611 5467 746 5525 utiui
800 5466 1087 5525 historiam
1134 5466 1506 5523 continentem
1538 5509 1554 5536 ,
1589 5466 1662 5522 ab
1688 5467 2026 5537 exscriptore
2057 5467 2202 5523 illius

611 5559 871 5616 omissam
926 5558 1126 5630 fuisse,
1159 5575 1281 5631 qua:
1327 5570 1513 5617 tamen
1556 5559 1611 5617 in
1660 5560 1920 5631 Originali
1964 5564 2201 5617 auctoris

610 5663 732 5711 erat
774 5672 787 5708 :
831 5662 926 5709 aut
956 5652 1139 5711 forsan
1186 5654 1238 5709 in
1266 5653 1375 5711 alio
1398 5654 1674 5711 volumine
1708 5655 2031 5726 transcripta
2062 5655 2156 5711 fuit
2182 5700 2197 5724 ,

609 5764 732 5819 qua:
765 5748 1026 5807 hactenus
1056 5747 1306 5805 notitiam
1339 5758 1583 5806 nostram
1617 5749 1822 5822 effugit.
1847 5749 1956 5807 Nec
1982 5765 2201 5808 morere

609 5858 933 5923 quamquam
964 5843 1159 5916 debet,
1185 5843 1330 5919 quod
1358 5844 1498 5922 apud
1533 5845 1843 5920 episcopum
1874 5841 2200 5922 Segorbieu-

2314 4732 2529 4799 asserit,
2563 4738 3056 4802 quantumcumquc
3081 4726 3302 4797 quidam
3345 4725 3708 4784 vociferantes
3757 4726 3912 4784 relu-

2313 4834 2534 4879 cientur
2564 4843 2577 4879 :
2612 4822 2780 4877 multa
2818 4822 2965 4876 enim
3009 4819 3318 4891 objiciunt,
3378 4818 3494 4875 sive
3539 4818 3609 4875 de
3654 4818 3907 4891 epistolis

2311 4916 2523 4986 Jacobi,
2544 4926 2600 4971 et
2626 4914 2777 4971 Pauli
2803 4914 2871 4969 ad
2904 4914 3181 4980 llebraaos,
3208 4926 3332 4985 qnze
3356 4912 3422 4969 ad
3451 4913 3718 4983 Hispanos
3746 4911 3908 4968 dum-

2317 5019 2471 5065 taxat
2502 5010 2553 5065 in
2584 5010 2687 5064 hoc
2715 5008 2904 5063 codice
2930 5011 3151 5077 scripta:
3182 5005 3469 5073 dicuntur,
3499 5014 3558 5062 et
3594 5005 3689 5061 illa
3733 5019 3765 5058 a
3811 5005 3906 5062 Ja-

2311 5105 2450 5161 cobo
2476 5102 2753 5170 Zebedaei,
2784 5111 2984 5173 praeter
3005 5116 3347 5158 communem
3382 5101 3676 5159 Doctorum
3710 5098 3902 5157 existi.

2312 5198 2603 5253 motionem
2639 5195 2790 5250 :sive
2814 5193 2884 5249 de
2914 5192 3342 5251 Centurionibus
3366 5190 3752 5262 Evangeticis,
3805 5192 3898 5262 qui

2311 5291 2364 5346 in
2398 5289 2650 5361 Hispania
2694 5288 2804 5343 nati
2839 5286 3195 5345 referuntur:
3228 5288 3342 5343 sive
3392 5286 3463 5345 de
3512 5285 3899 5360 praedicatione

2309 5392 2368 5443 et
2417 5382 2705 5457 discipulis
2760 5382 3005 5452 ejusdem
3054 5383 3112 5439 S.
3142 5380 3374 5439 Jacobi:
3408 5387 3526 5440 sive
3573 5382 3642 5439 de
3693 5381 3897 5439 ludatis

2312 5479 2563 5548 Hispanis
2590 5476 2813 5533 minime
2843 5478 2895 5530 in
2923 5475 3125 5533 Christi
3151 5484 3383 5533 mortem
3429 5491 3713 5532 assensum
3762 5489 3899 5548 pra:-

2309 5570 2755 5626 bentibuszsive
2810 5568 3045 5640 denique
3101 5567 3169 5624 de
3197 5568 3321 5624 aliis
3379 5570 3655 5625 sexcentis
3710 5569 3891 5637 rebus,

2309 5680 2430 5737 qua:
2480 5674 2576 5719 aut
2628 5663 2824 5725 falsze.
2874 5672 2965 5717 aut
3021 5662 3373 5718 incredibiles
3420 5664 3898 5733 repntautur:eis

2307 5773 2436 5815 vero
2479 5758 2545 5813 ad
2574 5758 2793 5830 plenum
2818 5755 3102 5829 speciatim
3131 5756 3443 5811 Satis-lacere
3463 5756 3529 5812 ad
3552 5756 3898 5812 Commenta-

2311 5853 2424 5910 rios
2452 5858 2669 5909 nostros
2698 5848 2956 5924 pertinet,
2985 5848 3075 5905 tibi
3107 5850 3532 5926 uniuscujusque
3554 5850 3747 5908 asserti
3778 5849 3894 5910 luu-
