4028 6442
468 190 541 246 43
1382 182 1677 243 FLAVIUS
1712 181 1961 240 LUCIL’S
2003 183 2072 240 Di

2180 183 2287 240 Ἑῐὶ
2326 183 2858 244 CHRONOLOGL‘S.

3699 178 3781 237 ιι

470 306 729 362 nimirum
776 305 962 361 Dextri
1004 302 1241 359 latebras
1262 343 1275 367 ,
1301 300 1457 369 cujus
1495 316 1639 372 opus
1686 314 1799 354 non
1848 299 1981 354 satis
2016 298 2070 351 in
2102 298 2149 361 Α
2178 296 2207 371 ᾖ
2237 298 2321 355 ill.
2384 300 2590 374 Quanto
2619 302 2791 374 studio
2820 302 3191 359 elaborandum
3222 302 3320 374 fuit
3348 299 3685 365 rlucidatori,
3712 306 3775 352 ut

470 398 664 468 vulgus
695 397 879 452 datum
928 404 1066 460 erat,
1096 392 1314 464 quando
1352 392 1547 459 Dedin,
1570 391 1837 459 Usuardi,
1862 399 1920 446 et
1944 390 2072 445 reli-

468 505 701 560 quorum
736 487 1356 562 martyroiogia,quibus
1392 500 1536 540 nunc
1564 482 1813 546 fruimur,
1836 480 2074 538 edeban-

472 592 560 638 tur
593 605 608 638 ;
640 583 781 637 unde
806 582 938 636 nihil
966 582 1034 637 ah
1065 596 1131 635 co
1164 579 1281 650 ipso
1311 589 1561 634 mutuare
1593 579 1896 633 valuerunt.
1919 575 2073 644 Quod

472 691 604 729 vero
636 690 796 729 nemo
824 673 1237 729 Neotericorum
1269 688 1297 724 a
1324 670 1531 727 Gra'cis
1565 669 1651 727 vel
1679 668 1907 740 vulgatis
1933 667 2077 723 Lati-

470 769 554 824 nis
586 767 988 838 Inarlyruiogiis
1018 774 1238 820 sanctos
1269 765 1337 819 de
1367 763 1566 833 quibus
1609 765 1659 818 in
1686 762 1769 817 his
1789 761 2076 819 Cbronicis

473 860 682 916 mentio
708 859 969 925 habetur,
1010 857 1316 928 acceperit,
1348 870 1418 911 ex
1451 872 1517 909 eo
1547 856 1682 910 satis
1708 851 2075 916 convincitur,

472 952 615 1022 quod
632 951 686 1005 in
712 952 798 1005 his
821 950 1104 1005 nonnullos
1122 956 1414 1021 martyrum
1436 946 1664 1018 reperiri
1686 946 2073 1018 conspicimus,

470 1043 673 1114 quibus
704 1044 864 1112 longe
895 1042 1015 1097 alia:
1046 1043 1208 1097 urbes
1240 1041 1618 1112 designantur,
1658 1056 1821 1111 quam
1857 1040 1910 1094 in
1942 1039 2070 1094 illis.

471 1134 635 1193 Verbi
658 1138 854 1208 gratia,
886 1145 1111 1191 sanctus
1143 1137 1250 1191 Aza
1278 1150 1401 1189 cum
1433 1133 1599 1190 sociis
1624 1134 1890 1206 martyrio
1919 1146 2078 1188 coro-

471 1238 632 1285 natus
672 1229 873 1284 dicitur
912 1244 941 1281 a
983 1227 1223 1291 Graecis,
1253 1236 1307 1280 et
1344 1225 1552 1282 Latinis
1592 1226 1644 1280 iu
1688 1220 1895 1281 lsanria
1932 1225 2075 1281 Asia:

470 1322 776 1395 provincia,
822 1339 850 1374 a
902 1317 1108 1377 Dextro
1139 1328 1318 1374 autent
1360 1318 1415 1373 in
1454 1317 1707 1375 Gallrecia
1736 1333 1752 1371 :
1786 1332 1975 1373 rursus
2015 1317 2073 1373 S.

471 1414 747 1469 Antonina
791 1429 912 1467 eum
958 1412 1273 1468 Alexandro
1308 1411 1480 1466 milite
1519 1411 1662 1482 passi
1705 1410 2014 1466 referuntur
2044 1426 2075 1465 a

470 1508 676 1563 Circeis
720 1516 776 1561 et
820 1504 979 1561 Rom.
1034 1505 1429 1577 martyrologio
1474 1504 1993 1575 Constantinopoli,
2045 1518 2075 1557 ι

470 1601 673 1656 Dextro
703 1614 831 1655 vero
855 1598 1152 1656 Olcadibus
1178 1600 1230 1653 in
1257 1598 1617 1669 Carpetania;
1650 1592 1837 1655 Sancti
1860 1614 2078 1671 quoque

2387 369 2469 426 his
2498 387 2613 440 quin
2638 370 2834 430 Dexter
2862 377 3101 444 asseruit,
3127 369 3335 445 aﬂérret
3361 374 3548 429 lucem.

2242 493 2379 549 Cum
2428 495 2661 565 primum
2705 496 2767 553 L.
2829 498 3018 556 Destri
3060 497 3380 556 Chronicon
3439 495 3782 555 omnimodae

2177 588 2430 644 Historiae
2460 591 2528 645 ad
2560 605 2754 647 manus
2784 594 3039 663 pervenit
3068 609 3216 650 nicas
3248 591 3503 665 (candide
3525 589 3779 661 Lector),

2178 681 2643 740 inaestimabilium
2689 685 3002 742 divitiarum
3059 690 3373 742 thesaurum
3412 689 3468 742 in
3499 702 3569 742 eo
3604 688 3786 741 latere

2177 775 2647 843 animadvertens,
2674 777 2727 832 in
2759 792 2877 832 eam
2901 786 3123 834 erectus
3162 793 3321 848 spem
3345 776 3444 843 fui,
3472 789 3531 832 ut
3558 776 3603 831 si
3634 776 3787 833 vires

2177 884 2388 929 omnes.
2420 883 2485 924 ac
2525 870 2704 924 studia
2749 869 2805 925 in
2838 871 3012 939 ipsum
3067 871 3380 927 etfndiendo
3417 869 3783 941 applicarent,

2179 974 2288 1016 non
2317 963 2540 1016 onmino
2581 980 2609 1015 a
2648 963 2849 1018 laboris
2879 964 3132 1019 mercede
3180 964 3474 1018 frustratus
3510 962 3787 1018 abscede-

2180 1069 2315 1109 rem.
2342 1054 2581 1125 Ageham
2610 1070 2676 1109 eo
2703 1056 2965 1125 temporis
2988 1056 3209 1121 Matriti,
3235 1056 3377 1125 regis
3394 1053 3659 1110 tiatholici
3680 1069 3788 1108 cu-

2184 1148 2281 1202 ria
2320 1159 2376 1202 et
2426 1147 2616 1217 patriae
2656 1164 2811 1209 ureae.
2849 1148 2937 1204 ubi
2972 1151 3101 1203 mihi
3149 1164 3472 1217 uiaenorum
3509 1148 3786 1212 virorum,

2178 1240 2488 1296 eruditione
2519 1240 2845 1310 insignium,
2878 1242 3281 1313 multarumque
3313 1240 3789 1296 bibliothecarum

2178 1335 2334 1401 Copia
2366 1334 2510 1389 haud
2537 1334 2759 1388 difﬁcili:
2781 1334 2924 1391 facta
2966 1335 3087 1399 fuit,
3118 1351 3243 1391 cum
3268 1336 3491 1404 quibus,
3524 1343 3583 1390 et
3604 1349 3635 1387 a
3661 1332 3792 1403 qni-

2182 1426 2283 1481 bus
2306 1434 2603 1482 conatuum
2640 1443 2888 1484 tneorum
2923 1431 3131 1497 pondus
3159 1429 3381 1497 levigari
3412 1444 3571 1501 posse
3606 1424 3795 1482 conli-

2181 1518 2391 1574 dorem.
2447 1518 2554 1577 Sed
2592 1535 2718 1575 cum
2765 1520 2819 1576 iu
2852 1520 3043 1578 limine
3072 1524 3256 1591 npcris
3300 1520 3479 1576 adhuc
3508 1535 3789 1583 versarer,

2184 1626 2306 1681 qua:
2336 1627 2444 1666 non
2480 1611 2849 1680 difﬁcultates,
2875 1629 2996 1684 quae
3033 1629 3143 1670 non
3177 1613 3436 1668 chimerze
3463 1610 3795 1682 superandus

468 1694 516 1761 ρ
540 1694 723 1749 tiricus
751 1704 806 1748 et
834 1692 1001 1747 Julita
1030 1694 1276 1748 coronati
1307 1693 1375 1748 ab
1401 1694 1524 1747 aliis
1549 1695 1802 1764 leguntur
1831 1692 1987 1747 Tarsi
2021 1695 2072 1747 in

2182 1720 2305 1761 sese
2326 1706 2456 1759 mihi
2477 1683 3060 1763 ohtulercinrcessum
3087 1707 3202 1770 fuit,
3229 1718 3321 1762 aut
3349 1705 3625 1763 defessum
3655 1718 3792 1761 suc-

471 1783 683 1845 Cilieia,
716 1801 743 1837 tt
772 1784 965 1839 dextro
998 1792 1179 1839 tamen
1222 1778 1469 1852 Hippone
1502 1784 1555 1838 in
1606 1784 1934 1853 Carpetania
1971 1801 1982 1833 :
2019 1791 2077 1837 ut

469 1877 689 1932 interim
716 1876 785 1931 de
811 1877 932 1931 aliis
962 1884 1192 1943 taceam,
1214 1893 1445 1949 quorum
1475 1876 1642 1932 urbes
1667 1892 1696 1931 a
1722 1874 1927 1933 Crzccis
1957 1876 2079 1947 qui-

468 1968 597 2027 dem
629 1969 854 2026 silentio
888 1970 1185 2034 involutas,
1220 1986 1285 2024 ex
1313 1972 1447 2025 actis
1480 1981 1659 2026 tamen
1683 1981 1735 2025 et
1763 1969 2073 2025 vetustissi-

470 2064 573 2117 mis
602 2062 971 2115 monumentis
999 2077 1106 2114 non
1137 2060 1275 2113 alias
1303 2075 1461 2129 quam
1492 2060 1791 2130 assignatas
1815 2075 1843 2113 a
1870 2059 2079 2115 Dextro

472 2154 755 2209 multoties
789 2156 839 2207 iu
882 2153 966 2207 his
997 2152 1420 2209 Commentariis
1464 2153 1912 2223 comprobamus.
1945 2152 2078 2219 Quis

466 2258 649 2302 autem
678 2258 785 2300 tam
817 2254 1011 2301 excors
1040 2258 1209 2309 esset,
1241 2256 1297 2300 ut
1328 2247 1493 2301 urbes
1529 2259 1829 2317 martyrum
1858 2245 2078 2300 notissi-

468 2354 586 2396 mas
630 2349 881 2394 recenter
925 2349 1163 2393 mutaret
1203 2338 1227 2391 ?
1286 2338 1396 2395 Sed
1449 2339 1615 2394 redeo
1668 2337 2076 2408 Carthaginem.

472 2433 639 2489 Certe
664 2433 942 2503 Carthago
986 2430 1277 2499 Hispanica
1309 2447 1417 2487 non
1448 2444 1557 2487 tam
1582 2431 1837 2502 ignobilis
1870 2431 1989 2492 fuit.
2024 2438 2081 2485 ut

472 2520 841 2577 Romanorum
866 2533 921 2578 et
950 2521 1255 2577 Gomorqu
1299 2524 1635 2594 temporibus
1661 2524 1753 2579 toti
1787 2521 2080 2595 provincia:

474 2614 516 2669 (Σ
558 2613 897 2684 ithsgineusi
947 2629 1144 2669 nomen
1178 2628 1286 2671 non
1311 2614 1562 2671 dederit:
1594 2625 1650 2671 et
1679 2616 1732 2671 in
1765 2615 2080 2687 antiquissi-

484 2708 589 2762 mis
613 2708 861 2762 conciliis
887 2750 901 2775 ,
937 2708 1237 2777 praesertim
1271 2707 1573 2775 Toletanis,
1604 2718 1654 2764 et
1694 2708 2075 2765 Braccarensi-

478 2803 610 2866 bus,
644 2797 909 2871 frequens
949 2801 1018 2855 de
1061 2799 1481 2869 Carthagincnsi
1542 2802 1823 2873 provincia
1878 2803 2080 2857 mentio

473 2894 553 2957 tit,
585 2907 706 2963 qua:
735 2892 864 2946 otim
886 2891 1208 2948 Toletauam
1240 2909 1460 2964 quoque
1489 2904 1542 2948 et
1574 2894 1933 2962 Csrpetanam
1974 2894 2079 2949 sub

468 2998 530 3039 sc
554 2983 1042 3054 complectebatur.
1067 2983 1188 3051 Quo
1222 3000 1331 3039 uno
1373 2986 1521 3051 dato,
1544 2985 1840 3040 verisimile
1867 2995 1953 3042 est
1980 2985 2081 3043 ali-

469 3086 605 3146 quot
648 3092 841 3132 eorum
887 3090 1190 3150 martyrum
1232 3077 1325 3147 qui
1359 3079 1410 3132 in
1452 3079 1839 3136 ecclesiasticis
1876 3080 2076 3138 tabulis
2102 3068 2147 3133 C

472 3171 805 3243 Carthagine
835 3174 1081 3230 rot‘onati
1111 3176 1385 3245 leguntur,
1421 3175 1472 3229 iu
1502 3176 1844 3245 lliSpsnieusi
1875 3190 2076 3253 marty-

469 3266 552 3319 rio
575 3264 803 3321 affectos
834 3265 1022 3331 fuisse,
1060 3278 1114 3323 et
1154 3283 1260 3323 non
1298 3282 1489 3324 omnes
1538 3270 1589 3324 in
1651 3269 1921 3328 Africana.
1973 3273 2076 3343 Qui

469 3360 616 3415 enim
657 3358 777 3415 fieri
820 3362 1028 3429 potuit,
1078 3373 1134 3415 ut
1177 3376 1299 3416 cum
1336 3372 1447 3418 tota
1490 3363 1747 3437 Hispania
1804 3366 2075 3422 innumeri

471 3453 906 3535 Christianorum
934 3456 1274 3528 agonizariut
1296 3499 1311 3523 ,
1342 3458 1414 3512 ita
1448 3469 1507 3513 ut
1542 3474 1737 3515 omnes
1760 3460 1881 3529 ejus
1912 3460 2076 3517 urhes

471 3550 746 3617 etuppida
786 3549 1050 3622 Sanguine
1095 3550 1432 3606 sacravcrint
1484 3568 1620 3618 suo,
1651 3554 1766 3609 sola
1803 3553 2075 3626 Carthago

474 3643 717 3696 omnium
771 3657 909 3711 pene
964 3641 1303 3698 nobilissima
1363 3642 1514 3695 utillo
1562 3653 1801 3716 martyre
1847 3644 2072 3716 gloriari

470 3735 680 3802 possit?
716 3734 963 3790 llevolve
995 3734 1285 3803 diligenter
1312 3733 1540 3791 Romani
1575 3739 1950 3811 martyrologii
1980 3755 2068 3794 se-

474 3829 610 3881 riem
639 3831 973 3892 universam,
1009 3836 1063 3881 et
1111 3828 1256 3897 inter
1304 3839 1574 3899 martyres
1608 3828 1919 3884 innumeros
1940 3828 2073 3887 Car-

470 3917 689 3987 thagine
713 3933 904 3987 passos
928 3960 941 3980 ,
974 3920 1180 3973 nullum
1214 3920 1458 3987 reperies
1484 3920 1553 3975 de
1580 3937 1684 3986 quo
1715 3920 2071 3987 Specilieatim

472 4010 684 4064 dicatur
706 4008 853 4079 quod
879 4009 932 4064 iu
958 4010 1216 4080 Hispania
1244 4024 1439 4082 passus
1461 4012 1551 4068 sit.
1589 4012 1658 4067 Et
1687 4022 1891 4083 tamen,
1924 4025 1981 4069 ut
2004 4012 2073 4070 de

475 4103 702 4173 reliquis
732 4104 1178 4173 persecutionum
1205 4106 1257 4158 in
1295 4103 1553 4173 Hispania
1579 4106 2071 4162 ministrisintcrim

471 4195 698 4260 sileam,
728 4206 1067 4266 compertum
1107 4206 1192 4252 est
1212 4238 1227 4263 ,
1255 4195 1484 4253 Galbam
1516 4198 1847 4268 Carthagine
1880 4196 2073 4271 Hispa-

475 4289 593 4343 nica
639 4288 1001 4343 acclamatum
1052 4288 1228 4344 fuisse
1260 4290 1325 4344 atl
1357 4291 1643 4360 imperium
1676 4305 1864 4347 contra
1896 4294 2067 4349 Nero-

482 4398 628 4447 nem,
656 4398 778 4438 cum
814 4384 961 4451 prius
1001 4384 1347 4439 Severissime
1382 4386 1435 4439 in
1462 4383 1801 4442 Christianos
1829 4390 2073 4445 animad—

470 4476 748 4540 νει·ιί-εει,
766 4475 904 4529 adeo
928 4484 986 4530 ttt
1011 4476 1326 4531 incolumna
1346 4476 1546 4531 Neroni
1568 4488 1747 4533 erecta
1775 4493 2070 4547 assereret,
2101 4459 2156 4521 Ῑ)

480 4567 534 4622 id
559 4572 756 4623 tactum
799 4567 862 4621 ob
890 4569 1207 4637 prouinciam
1247 4568 1562 4634 latrariibus,
1597 4580 1645 4623 et
1679 4572 1744 4626 iis
1763 4574 1854 4643 qui
1889 4591 2073 4630 noram

469 4669 643 4737 generi
664 4666 893 4721 humano
922 4668 1339 4738 superstitionem
1371 4669 1730 4736 iuculcabont,
1764 4688 2068 4746 purgatam.

473 4767 668 4822 Multos
691 4767 918 4835 proinde
939 4783 1128 4823 eorum
1152 4770 1244 4840 qui
1274 4770 1605 4841 Carthagine
1637 4773 1950 4831 referuntur
1979 4794 2069 4836 0c-

466 4868 585 4929 eisi,
619 4869 670 4922 in
704 4868 960 4938 Hispania
994 4882 1293 4925 coronatos
1333 4873 1561 4929 credere
1589 4887 1851 4946 oportet:
1897 4883 1973 4936 uti
2008 4882 2065 4940 in

467 4969 669 5025 Dextro
698 4986 840 5026 nunc
872 4970 1197 5028 videbimus.
1224 4973 1294 5028 Es
1314 4973 1400 5031 his
1432 4992 1560 5029 vero
1584 4992 1704 5047 qua:
1733 4982 1847 5035 luse
1878 4982 2069 5039 adnuo.

464 5073 590 5127 dum
615 5091 642 5127 a
669 5074 823 5128 nobis
850 5082 1239 5139 tractatasnnt,
1277 5077 1407 5132 illud
1441 5080 1661 5136 tandem
1685 5083 1874 5141 inferri
1906 5103 2069 5157 opor-

462 5182 563 5238 tet,
597 5175 840 5230 codicem
870 5173 1013 5231 bunc
1034 5191 1196 5246 quem
1223 5177 1688 5248 interpretandum
1718 5190 2063 5259 suscipimus,

459 5290 777 5343 geruuinum
820 5276 1006 5331 Dextri
1032 5277 1455 5335 Barcinonensis
1484 5284 1650 5339 totum
1679 5300 1820 5353 esse,
1841 5300 1897 5344 et
1930 5291 2062 5348 nihil

456 5391 647 5432 eorum
675 5392 798 5446 quc
826 5376 880 5432 in
903 5379 1078 5447 ipsum
1103 5379 1302 5448 iactata
1324 5391 1451 5438 sunt
1469 5385 1763 5455 quidquam
1797 5397 2056 5450 momenti

456 5478 679 5534 habere.
711 5477 891 5543 Quare
913 5493 1001 5541 ne,
1027 5495 1233 5548 quaeso,
1261 5481 1454 5539 Lector
1473 5486 1725 5555 candide,
1755 5492 1835 5546 vel
1864 5494 2056 5552 leviter

454 5579 674 5635 haasites
696 5583 749 5635 in
777 5580 892 5651 ejus
920 5579 1170 5652 lectione,
1194 5583 1288 5641 sed
1312 5602 1436 5644 eam
1459 5588 1728 5648 inoﬂenso
1761 5595 1896 5665 pede
1927 5615 2050 5670 per-

447 5693 627 5739 ωτι-ε.

2178 1800 2439 1855 cumbcre
2460 1840 2475 1861 ,
2507 1810 2601 1855 aut
2627 1818 2724 1870 pro
2761 1801 2910 1856 virili
2942 1816 3038 1856 cas
3078 1811 3468 1872 superaturum
3497 1801 3791 1856 dimicare.

2184 1890 2277 1947 Vis
2303 1893 2447 1948 scire
2476 1900 2611 1962 quot
2642 1902 2695 1947 et
2730 1894 2889 1964 ιιιιωῖ
2922 1894 3171 1951 Varietas
3198 1910 3379 1949 rerum
3408 1893 3465 1948 in
3498 1893 3582 1947 his
3606 1893 3796 1947 Chro—

2181 1984 2327 2039 niris
2364 1996 2743 2039 contentarutn
2778 1987 3184 2058 ingentissima,
3207 1986 3279 2042 ad
3309 2001 3446 2056 quas
3466 1984 3797 2042 enodandas

2183 2079 2474 2145 Oportebat
2500 2093 2719 2132 omnem
2742 2078 3084 2148 antiquitatis
3111 2079 3415 2143 historiam,
3440 2082 3557 2133 sive
3588 2079 3794 2134 huma-

2184 2186 2310 2225 nam
2342 2212 2356 2235 ,
2385 2171 2504 2225 sive
2535 2170 2770 2226 divinam
2802 2170 3079 2237 evolvere,
3111 2184 3167 2228 et
3197 2172 3267 2227 de
3295 2172 3611 2226 auctoribus
3643 2173 3797 2240 ipsa-

2184 2278 2326 2328 rum,
2354 2262 2630 2334 rebusque
2660 2264 2792 2332 ipsis
2823 2262 2993 2335 (inter
3029 2278 3089 2317 se
3110 2265 3344 2334 primum
3384 2263 3621 2335 rollatis)
3641 2264 3799 2333 judi-

2182 2356 2326 2410 cinm
2378 2353 2555 2420 ferre;
2607 2356 2730 2424 quis
2771 2356 2824 2410 in
2863 2356 3159 2425 quibusve,
3192 2372 3303 2426 pra:
3345 2358 3562 2412 caneris
3602 2357 3794 2426 potius

2184 2446 2518 2511 audiendus;
2543 2464 2663 2518 qum
2692 2447 3103 2515 verisimiliora,
3128 2461 3251 2518 qua:
3274 2448 3582 2505 abnuenda.
3613 2448 3668 2504 lu
3699 2450 3798 2503 his

2181 2556 2316 2598 vero
2358 2541 2681 2597 consulendi
2728 2549 2887 2596 erant
2923 2539 3148 2605 Livius,
3182 2541 3513 2606 Suetonius.
3549 2553 3795 2610 uterque

2182 2632 2410 2695 Plinius,
2445 2633 2792 2697 Plutarchus,
2825 2631 2946 2693 Dio.
2979 2631 3239 2701 Tacitus,
3264 2631 3647 2696 l’liitostratus.
3674 2631 3791 2686 Ca-

2186 2724 2451 2798 pitolinus
2474 2767 2489 2786 .
2525 2724 2900 2796 Lampridius,
2937 2726 3236 2796 Eutropius
3258 2767 3273 2790 ,
3303 2726 3642 2794 Trebellius,
3681 2725 3799 2779 Vo-

2188 2820 2370 2890 piscus
2389 2860 2402 2881 ,
2428 2818 2691 2875 Martialis
2708 2863 2722 2887 ,
2747 2829 2978 2890 ttterqite
3008 2819 3215 2875 Seneca
3235 2860 3251 2885 ,
3280 2819 3474 2884 Siiins,
3504 2819 3792 2887 Lucanus,

2183 2912 2499 2977 .lnveualis,
2515 2921 2572 2967 et
2598 2912 2691 2967 alii
2719 2913 2972 2970 humana:
2994 2913 3240 2969 historia:
3262 2913 3625 2984 professores,
3644 2930 3797 2984 quos

2186 3008 2406 3077 longum
2459 3017 2609 3062 esset
2642 3020 2932 3063 recensere
2977 3026 2989 3059 :
3046 3024 3157 3080 quo
3186 3009 3409 3063 tandem
3440 3009 3609 3070 vitas,
3637 3020 3793 3075 acta,

2180 3100 2585 3164 successiones,
2607 3109 2661 3154 et
2682 3101 3158 3169 citronograpbias
3180 3101 3552 3155 Romanorum
3584 3100 3798 3169 princi-

2181 3199 2407 3265 pnin,et
2425 3190 2789 3248 Barbat'arum
2821 3194 3065 3263 gentium
3094 3209 3220 3248 cum
3253 3193 3390 3263 ipsis
3418 3193 3789 3264 pugnantium

2179 3286 2246 3339 ad
2276 3282 2461 3341 Dextri
2492 3287 2697 3355 scripta
2729 3286 3125 3342 conferremus.
3160 3287 3367 3345 Praeter
3396 3289 3513 3343 hac
3542 3305 3574 3345 e
3610 3294 3791 3345 veteri

2180 3379 2533 3434 To~tamento
2563 3381 2728 3434 multa
2754 3395 2817 3434 es
2850 3380 3100 3448 professo
3127 3384 3411 3437 tractanda
3432 3390 3628 3443 erant;
3658 3382 3793 3437 sive

2179 3474 2249 3529 de
2280 3476 2434 3531 libris
2466 3474 2676 3547 Regum
2701 3486 2756 3531 et
2786 3475 3268 3546 Paralipomenon.
3301 3479 3420 3532 sive
3443 3476 3517 3534 de
3546 3476 3789 3546 pradic-

2182 3569 2422 3624 tionihus
2454 3572 2849 3643 prophetarum
2872 3587 2887 3624 :
2907 3571 3323 3627 Testamentum
3339 3583 3524 3628 autem
3552 3587 3787 3637 novum,

2178 3677 2279 3732 pro
2308 3664 2430 3732 ejus
2459 3662 2809 3733 chronologia
2825 3662 3367 3731 elucidanda,totum
3385 3662 3788 3729 evotvenduui;

2181 3752 2472 3824 Evangelia
2492 3796 2509 3819 ,
2539 3753 2675 3811 Acta
2706 3756 3037 3825 apostolica,
3082 3757 3537 3827 Apostolorum"
3574 3758 3791 3827 episto-

2182 3851 2309 3904 toim
2341 3858 2397 3903 et
2427 3851 2664 3921 scripta;
2696 3850 2833 3905 nihil
2863 3852 3068 3913 etenim
3114 3865 3225 3907 non
3255 3860 3461 3907 tactum
3496 3866 3527 3905 s
3578 3851 3790 3907 Dextro

2179 3944 2298 3998 fuit.
2342 3944 2450 3999 Sed
2493 3954 2548 3998 et
2586 3959 2781 4001 omnes
2810 3946 3142 4016 (prasertitss
3181 3944 3548 4017 antiquiores)
3590 3932 3789 4003 Patres

2175 4036 2365 4091 audire
2391 4038 2704 4107 oportebat,
2738 4039 2852 4094 sive
2870 4054 2970 4108 pro
2997 4055 3162 4095 sensu
3193 4055 3326 4096 vero
3346 4053 3629 4095 sacrarum
3651 4055 3777 4097 seu.

2182 4130 2474 4183 teutiarum
2510 4127 2848 4194 hauriendo,
2871 4132 2987 4186 sive
3012 4148 3107 4199 pro
3140 4134 3223 4185 his
3246 4148 3369 4201 qua:
3396 4134 3463 4186 ad
3491 4130 3785 4192 historian

2181 4219 2605 4275 eoi‘lesiasticam
2628 4232 2878 4293 spectant
2903 4242 2916 4278 :
2941 4226 3279 4281 Clementem
3295 4224 3419 4280 dion
3442 4224 3749 4281 Romanum
3761 4268 3784 4293 ,

2177 4307 2465 4381 lgnatium,
2494 4313 2831 4384 Dionysium,
2864 4313 3150 4381 Irenaeum,
3174 4316 3511 4372 Clementem
3543 4317 3781 4373 alterum

2189 4404 2638 4471 Alc-xandrimnu,
2666 4406 2983 4473 Eusebium,
3008 4408 3324 4478 Origenem,
3349 4408 3779 4479 Tertullianum,

2182 4494 2548 4567 Cyprianum.
2575 4498 2837 4555 Basiliam
2860 4544 2875 4565 ,
2910 4500 3233 4571 Gregorium
3269 4499 3667 4559 Nazianzenun
3718 4514 3782 4560 et

2184 4587 2510 4660 Nyssenum,
2534 4590 3015 4663 Ciuysostomum,
3043 4592 3427 4663 Epiphaniam,
3454 4595 3773 4664 Paciauum,

2178 4677 2513 4743 Iuvencum,
2550 4683 2893 4737 Ambmsium
2917 4725 2933 4750 ,
2969 4685 3258 4739 Paulinum
3280 4726 3294 4742 .
3343 4683 3732 4757 Hieronymum
3754 4728 3775 4755 ,

2177 4776 2559 4846 Augustinum,
2590 4787 2643 4830 et
2684 4786 2951 4844 cancros,
2992 4794 3225 4849 quorum
3274 4781 3479 4848 scripta
3528 4788 3774 4836 esstsnt.

2177 4867 2318 4936 Quid
2375 4870 2444 4925 de
2487 4871 2732 4927 conciliis
2770 4874 2969 4935 dicam,
3006 4891 3127 4942 qua:
3154 4876 3340 4929 omnia
3375 4891 3473 4943 pro
3500 4890 3773 4932 annorum

2175 4964 2583 5031 supputatione,
2604 4974 2657 5018 et
2690 4979 2787 5033 pro
2812 4969 3043 5021 veritate
3060 4966 3395 5023 ennetesnda
3422 4971 3659 5038 graviter
3687 4970 3771 5024 le-

2175 5069 2303 5124 gere
2335 5056 2635 5111 necessitas
2680 5060 2867 5127 operis
2919 5062 3179 5127 assumpti
3209 5062 3470 5131 cogebat?
3522 5062 3663 5129 Quid
3699 5063 3773 5118 de

2172 5159 2481 5206 sanctorum
2514 5162 2813 5224 martyrum
2841 5155 3016 5220 actis,
3042 5173 3275 5226 quorum
3311 5174 3421 5213 non
3456 5160 3637 5213 omnia
3667 5172 3771 5214 Ise-

2172 5244 2412 5300 cessaria
2446 5246 2500 5301 in
2519 5244 2890 5314 Lippomanis,
2917 5247 3116 5314 Suriis,
3138 5250 3480 5317 Inmbritiis,
3504 5251 3765 5322 Lipeiois.

2177 5334 2419 5391 Velseris
2439 5378 2453 5403 ,
2488 5338 2691 5394 Hamis
2713 5382 2726 5404 ,
2754 5339 3032 5396 Sanctoris
3055 5386 3069 5409 ,
3101 5343 3358 5414 Villegis,
3393 5344 3681 5417 Trugillis,
3712 5356 3773 5401 et

2172 5429 2481 5497 hujusmodi
2524 5436 2751 5503 reperiri
2794 5435 3075 5491 videbam?
3110 5437 3231 5494 Non
3260 5442 3438 5494 omnia
3467 5442 3646 5497 adhuc
3668 5457 3769 5498 no-

2168 5524 2313 5579 mina
2330 5526 2855 5594 suppeditabantmai
2874 5532 3153 5601 tyrologia,
3176 5531 3443 5603 imprimis
3461 5536 3764 5593 [tonitruum

2167 5614 2305 5685 (sive
2333 5617 2610 5687 antiquum
2641 5635 2670 5674 a
2707 5621 2991 5676 ltosweido
3021 5624 3222 5678 υάιιυιιι
3243 5669 3257 5691 ,
3292 5628 3410 5683 sive
3438 5631 3760 5685 ntotlernunt

2160 5723 2188 5762 a
2221 5709 2369 5765 card.
2391 5710 2620 5768 [ιω-οηίο
2644 5711 3024 5783 illustratum).
3052 5716 3248 5776 deinde
3280 5718 3459 5789 Beda,
3482 5720 3758 5778 Notbche-
