  <div class='ocr_page' id='page_1' title='image "/cluster/home/n/w/nwhite01/storage/ocr_20150623/31/umn.319510024773250/031.png"; bbox 0 0 4028 6440; ppageno 0'>
   <div class='ocr_carea' id='block_1_1' title="bbox 596 233 3005 324">
    <p class='ocr_par' dir='ltr' id='par_1_1' title="bbox 596 233 3005 324">
     <span class='ocr_line' id='line_1_1' title="bbox 596 233 3005 324; baseline -0.012 -1"><span class='ocrx_word' id='word_1_1' title='bbox 596 256 672 324; x_wconf 64' lang='grc' dir='ltr'><strong>ᾹῚ</strong></span> <span class='ocrx_word' id='word_1_2' title='bbox 1523 247 1825 312; x_wconf 76' lang='lat' dir='ltr'><strong>FLAV&#39;lL&#39;S</strong></span> <span class='ocrx_word' id='word_1_3' title='bbox 1867 243 2118 307; x_wconf 79' lang='lat' dir='ltr'><strong>LUCIUS</strong></span> <span class='ocrx_word' id='word_1_4' title='bbox 2157 239 2442 304; x_wconf 75' lang='lat' dir='ltr'><strong>DEXTER</strong></span> <span class='ocrx_word' id='word_1_5' title='bbox 2476 233 3005 301; x_wconf 77' lang='lat' dir='ltr'><strong>CIIRONOLOGUS.</strong></span> 
     </span>
    </p>
   </div>
   <div class='ocr_carea' id='block_1_2' title="bbox 3836 219 3933 281">
    <p class='ocr_par' dir='ltr' id='par_1_2' title="bbox 3836 219 3933 281">
     <span class='ocr_line' id='line_1_2' title="bbox 3836 219 3933 281; baseline -0.021 0"><span class='ocrx_word' id='word_1_6' title='bbox 3836 219 3933 281; x_wconf 74' lang='grc' dir='ltr'><strong>ιε</strong></span> 
     </span>
    </p>
   </div>
   <div class='ocr_carea' id='block_1_3' title="bbox 604 336 3931 448">
    <p class='ocr_par' dir='ltr' id='par_1_3' title="bbox 604 336 3931 448">
     <span class='ocr_line' id='line_1_3' title="bbox 604 336 3931 448; baseline -0.012 -15"><span class='ocrx_word' id='word_1_7' title='bbox 604 384 1014 448; x_wconf 80' lang='lat' dir='ltr'><strong>nonnumquam</strong></span> <span class='ocrx_word' id='word_1_8' title='bbox 1046 366 1281 424; x_wconf 87' lang='lat' dir='ltr'><strong>invisere</strong></span> <span class='ocrx_word' id='word_1_9' title='bbox 1313 363 1750 422; x_wconf 74' lang='lat' dir='ltr'><strong>Vallicellenscm</strong></span> <span class='ocrx_word' id='word_1_10' title='bbox 1776 405 1791 430; x_wconf 96' lang='lat'><strong>,</strong></span> <span class='ocrx_word' id='word_1_11' title='bbox 1826 361 1977 417; x_wconf 85' lang='lat' dir='ltr'><strong>card.</strong></span> <span class='ocrx_word' id='word_1_12' title='bbox 2033 359 2202 414; x_wconf 83' lang='lat' dir='ltr'><strong>Baro-</strong></span> <span class='ocrx_word' id='word_1_13' title='bbox 2230 361 2279 421; x_wconf 75' lang='grc' dir='ltr'>Α</span> <span class='ocrx_word' id='word_1_14' title='bbox 2308 353 2778 428; x_wconf 87' lang='lat' dir='ltr'><strong>patrocinantibus</strong></span> <span class='ocrx_word' id='word_1_15' title='bbox 2820 352 3071 420; x_wconf 75' lang='lat' dir='ltr'><strong>ingentes</strong></span> <span class='ocrx_word' id='word_1_16' title='bbox 3108 338 3606 402; x_wconf 86' lang='lat' dir='ltr'><strong>misericordiarum</strong></span> <span class='ocrx_word' id='word_1_17' title='bbox 3641 336 3740 395; x_wconf 92' lang='lat' dir='ltr'><strong>Dei</strong></span> <span class='ocrx_word' id='word_1_18' title='bbox 3787 337 3931 393; x_wconf 82' lang='lat' dir='ltr'><strong>the-</strong></span> 
     </span>
    </p>
   </div>
   <div class='ocr_carea' id='block_1_4' title="bbox 607 454 2205 528">
    <p class='ocr_par' dir='ltr' id='par_1_4' title="bbox 607 454 2205 528">
     <span class='ocr_line' id='line_1_4' title="bbox 607 454 2205 528; baseline -0.013 0"><span class='ocrx_word' id='word_1_19' title='bbox 607 470 690 528; x_wconf 83' lang='lat' dir='ltr'><strong>nii</strong></span> <span class='ocrx_word' id='word_1_20' title='bbox 727 467 923 527; x_wconf 89' lang='lat' dir='ltr'><strong>studiis</strong></span> <span class='ocrx_word' id='word_1_21' title='bbox 972 464 1320 520; x_wconf 66' lang='lat' dir='ltr'><strong>illustratum.</strong></span> <span class='ocrx_word' id='word_1_22' title='bbox 1352 460 1420 515; x_wconf 73' lang='lat' dir='ltr'><strong>Et</strong></span> <span class='ocrx_word' id='word_1_23' title='bbox 1458 468 1516 514; x_wconf 93' lang='lat' dir='ltr'><strong>ut</strong></span> <span class='ocrx_word' id='word_1_24' title='bbox 1559 460 1692 513; x_wconf 81' lang='lat' dir='ltr'><strong>alias</strong></span> <span class='ocrx_word' id='word_1_25' title='bbox 1723 454 1975 512; x_wconf 75' lang='lat' dir='ltr'><strong>brevitati</strong></span> <span class='ocrx_word' id='word_1_26' title='bbox 2007 468 2205 509; x_wconf 91' lang='lat' dir='ltr'><strong>consu-</strong></span> 
     </span>
    </p>
   </div>
   <div class='ocr_carea' id='block_1_5' title="bbox 606 550 2205 634">
    <p class='ocr_par' dir='ltr' id='par_1_5' title="bbox 606 550 2205 634">
     <span class='ocr_line' id='line_1_5' title="bbox 606 550 2205 634; baseline -0.014 -9"><span class='ocrx_word' id='word_1_27' title='bbox 606 568 753 634; x_wconf 78' lang='lat' dir='ltr'><strong>lem,</strong></span> <span class='ocrx_word' id='word_1_28' title='bbox 784 564 1026 621; x_wconf 89' lang='lat' dir='ltr'><strong>omittam</strong></span> <span class='ocrx_word' id='word_1_29' title='bbox 1049 603 1064 629; x_wconf 89' lang='lat'><strong>,</strong></span> <span class='ocrx_word' id='word_1_30' title='bbox 1089 572 1422 633; x_wconf 80' lang='lat' dir='ltr'><strong>magnopere</strong></span> <span class='ocrx_word' id='word_1_31' title='bbox 1447 555 1680 613; x_wconf 83' lang='lat' dir='ltr'><strong>contulit</strong></span> <span class='ocrx_word' id='word_1_32' title='bbox 1705 555 1762 610; x_wconf 89' lang='lat' dir='ltr'><strong>S.</strong></span> <span class='ocrx_word' id='word_1_33' title='bbox 1796 551 1943 609; x_wconf 83' lang='lat' dir='ltr'><strong>Petri</strong></span> <span class='ocrx_word' id='word_1_34' title='bbox 1969 551 2024 606; x_wconf 91' lang='lat' dir='ltr'><strong>in</strong></span> <span class='ocrx_word' id='word_1_35' title='bbox 2053 550 2205 605; x_wconf 73' lang='lat' dir='ltr'><strong>Mon-</strong></span> 
     </span>
    </p>
   </div>
   <div class='ocr_carea' id='block_1_6' title="bbox 603 642 2201 726">
    <p class='ocr_par' dir='ltr' id='par_1_6' title="bbox 603 642 2201 726">
     <span class='ocr_line' id='line_1_6' title="bbox 603 642 2201 726; baseline -0.016 -5"><span class='ocrx_word' id='word_1_36' title='bbox 603 670 664 720; x_wconf 73' lang='lat' dir='ltr'><strong>te</strong></span> <span class='ocrx_word' id='word_1_37' title='bbox 688 662 870 719; x_wconf 80' lang='lat' dir='ltr'><strong>Aureo</strong></span> <span class='ocrx_word' id='word_1_38' title='bbox 890 655 1255 722; x_wconf 82' lang='lat' dir='ltr'><strong>bibliotheca,</strong></span> <span class='ocrx_word' id='word_1_39' title='bbox 1287 655 1338 708; x_wconf 91' lang='lat' dir='ltr'><strong>in</strong></span> <span class='ocrx_word' id='word_1_40' title='bbox 1369 667 1472 726; x_wconf 88' lang='lat' dir='ltr'><strong>qua</strong></span> <span class='ocrx_word' id='word_1_41' title='bbox 1507 650 1659 707; x_wconf 90' lang='lat' dir='ltr'><strong>velut</strong></span> <span class='ocrx_word' id='word_1_42' title='bbox 1689 648 1742 703; x_wconf 90' lang='lat' dir='ltr'><strong>in</strong></span> <span class='ocrx_word' id='word_1_43' title='bbox 1773 647 1936 703; x_wconf 90' lang='lat' dir='ltr'><strong>domo</strong></span> <span class='ocrx_word' id='word_1_44' title='bbox 1963 642 2201 717; x_wconf 87' lang='lat' dir='ltr'><strong>propria,</strong></span> 
     </span>
    </p>
   </div>
   <div class='ocr_carea' id='block_1_7' title="bbox 606 736 2207 825">
    <p class='ocr_par' dir='ltr' id='par_1_7' title="bbox 606 736 2207 825">
     <span class='ocr_line' id='line_1_7' title="bbox 606 736 2207 825; baseline -0.011 -16"><span class='ocrx_word' id='word_1_45' title='bbox 606 751 946 825; x_wconf 79' lang='lat' dir='ltr'><strong>benignitate</strong></span> <span class='ocrx_word' id='word_1_46' title='bbox 973 750 1215 804; x_wconf 87' lang='lat' dir='ltr'><strong>auctoris</strong></span> <span class='ocrx_word' id='word_1_47' title='bbox 1242 747 1433 819; x_wconf 88' lang='lat' dir='ltr'><strong>ipsius,</strong></span> <span class='ocrx_word' id='word_1_48' title='bbox 1465 742 1710 816; x_wconf 86' lang='lat' dir='ltr'><strong>quotidie</strong></span> <span class='ocrx_word' id='word_1_49' title='bbox 1743 740 1857 796; x_wconf 79' lang='lat' dir='ltr'><strong>fere</strong></span> <span class='ocrx_word' id='word_1_50' title='bbox 1881 736 2052 795; x_wconf 81' lang='lat' dir='ltr'><strong>labori</strong></span> <span class='ocrx_word' id='word_1_51' title='bbox 2082 750 2207 792; x_wconf 88' lang='lat' dir='ltr'><strong>meo</strong></span> 
     </span>
    </p>
   </div>
   <div class='ocr_carea' id='block_1_8' title="bbox 609 828 2202 907">
    <p class='ocr_par' dir='ltr' id='par_1_8' title="bbox 609 828 2202 907">
     <span class='ocr_line' id='line_1_8' title="bbox 609 828 2202 907; baseline -0.014 -4"><span class='ocrx_word' id='word_1_52' title='bbox 609 844 995 903; x_wconf 88' lang='lat' dir='ltr'><strong>incumbebam</strong></span> <span class='ocrx_word' id='word_1_53' title='bbox 1022 885 1035 904; x_wconf 83' lang='lat'><strong><em>.</em></strong></span> <span class='ocrx_word' id='word_1_54' title='bbox 1069 840 1325 906; x_wconf 89' lang='lat' dir='ltr'><strong>consilio,</strong></span> <span class='ocrx_word' id='word_1_55' title='bbox 1374 847 1429 894; x_wconf 89' lang='lat' dir='ltr'><strong>et</strong></span> <span class='ocrx_word' id='word_1_56' title='bbox 1470 835 1676 907; x_wconf 89' lang='lat' dir='ltr'><strong>judicio</strong></span> <span class='ocrx_word' id='word_1_57' title='bbox 1714 834 1934 902; x_wconf 76' lang='lat' dir='ltr'><strong>adjutus</strong></span> <span class='ocrx_word' id='word_1_58' title='bbox 1961 828 2028 884; x_wconf 73' lang='grc' dir='ltr'><strong>Κ.</strong></span> <span class='ocrx_word' id='word_1_59' title='bbox 2057 828 2202 883; x_wconf 89' lang='lat' dir='ltr'><strong>adm.</strong></span> 
     </span>
    </p>
   </div>
   <div class='ocr_carea' id='block_1_9' title="bbox 606 923 2207 1005">
    <p class='ocr_par' dir='ltr' id='par_1_9' title="bbox 606 923 2207 1005">
     <span class='ocr_line' id='line_1_9' title="bbox 606 923 2207 1005; baseline -0.014 -5"><span class='ocrx_word' id='word_1_60' title='bbox 606 942 789 1000; x_wconf 81' lang='lat' dir='ltr'><strong>Patris</strong></span> <span class='ocrx_word' id='word_1_61' title='bbox 816 941 976 995; x_wconf 63' lang='lat' dir='ltr'><strong>Lucae</strong></span> <span class='ocrx_word' id='word_1_62' title='bbox 1002 934 1297 1005; x_wconf 64' lang='lat' dir='ltr'><strong>Waddingi</strong></span> <span class='ocrx_word' id='word_1_63' title='bbox 1323 980 1336 1000; x_wconf 85' lang='lat'><strong>,</strong></span> <span class='ocrx_word' id='word_1_64' title='bbox 1370 932 1554 988; x_wconf 76' lang='lat' dir='ltr'><strong>Sat-ra:</strong></span> <span class='ocrx_word' id='word_1_65' title='bbox 1577 928 1893 998; x_wconf 71' lang='lat' dir='ltr'><strong>Theologire</strong></span> <span class='ocrx_word' id='word_1_66' title='bbox 1923 923 2207 996; x_wconf 75' lang='lat' dir='ltr'><strong>prtelecto-</strong></span> 
     </span>
    </p>
   </div>
   <div class='ocr_carea' id='block_1_10' title="bbox 607 1015 2205 1105">
    <p class='ocr_par' dir='ltr' id='par_1_10' title="bbox 607 1015 2205 1105">
     <span class='ocr_line' id='line_1_10' title="bbox 607 1015 2205 1105; baseline -0.015 -13"><span class='ocrx_word' id='word_1_67' title='bbox 607 1036 711 1105; x_wconf 85' lang='lat' dir='ltr'><strong>ris,</strong></span> <span class='ocrx_word' id='word_1_68' title='bbox 764 1047 828 1089; x_wconf 86' lang='lat' dir='ltr'><strong>ac</strong></span> <span class='ocrx_word' id='word_1_69' title='bbox 869 1030 1035 1087; x_wconf 85' lang='lat' dir='ltr'><strong>totius</strong></span> <span class='ocrx_word' id='word_1_70' title='bbox 1065 1027 1340 1098; x_wconf 84' lang='lat' dir='ltr'><strong>serapliici</strong></span> <span class='ocrx_word' id='word_1_71' title='bbox 1371 1026 1582 1082; x_wconf 81' lang='lat' dir='ltr'><strong>ordinis</strong></span> <span class='ocrx_word' id='word_1_72' title='bbox 1621 1015 2205 1088; x_wconf 81' lang='lat' dir='ltr'><strong>arcliicltronographi,</strong></span> 
     </span>
    </p>
   </div>
   <div class='ocr_carea' id='block_1_11' title="bbox 609 1114 2206 1200">
    <p class='ocr_par' dir='ltr' id='par_1_11' title="bbox 609 1114 2206 1200">
     <span class='ocr_line' id='line_1_11' title="bbox 609 1114 2206 1200; baseline -0.016 -14"><span class='ocrx_word' id='word_1_73' title='bbox 609 1129 769 1200; x_wconf 83' lang='lat' dir='ltr'><strong>cujus</strong></span> <span class='ocrx_word' id='word_1_74' title='bbox 798 1123 1130 1182; x_wconf 79' lang='lat' dir='ltr'><strong>bibliotheca</strong></span> <span class='ocrx_word' id='word_1_75' title='bbox 1162 1125 1274 1192; x_wconf 89' lang='lat' dir='ltr'><strong>ipsa</strong></span> <span class='ocrx_word' id='word_1_76' title='bbox 1303 1131 1408 1186; x_wconf 90' lang='lat' dir='ltr'><strong>est,</strong></span> <span class='ocrx_word' id='word_1_77' title='bbox 1438 1128 1494 1175; x_wconf 87' lang='lat' dir='ltr'><strong>et</strong></span> <span class='ocrx_word' id='word_1_78' title='bbox 1522 1118 1690 1173; x_wconf 89' lang='lat' dir='ltr'><strong>multa</strong></span> <span class='ocrx_word' id='word_1_79' title='bbox 1719 1114 1980 1182; x_wconf 85' lang='lat' dir='ltr'><strong>variaque</strong></span> <span class='ocrx_word' id='word_1_80' title='bbox 2017 1123 2206 1180; x_wconf 81' lang='lat' dir='ltr'><strong>opera,</strong></span> 
     </span>
    </p>
   </div>
   <div class='ocr_carea' id='block_1_12' title="bbox 613 1205 2209 1295">
    <p class='ocr_par' dir='ltr' id='par_1_12' title="bbox 613 1205 2209 1295">
     <span class='ocr_line' id='line_1_12' title="bbox 613 1205 2209 1295; baseline -0.014 -16"><span class='ocrx_word' id='word_1_81' title='bbox 613 1237 736 1295; x_wconf 68' lang='lat' dir='ltr'><strong>qum</strong></span> <span class='ocrx_word' id='word_1_82' title='bbox 765 1220 965 1292; x_wconf 83' lang='lat' dir='ltr'><strong>partim</strong></span> <span class='ocrx_word' id='word_1_83' title='bbox 1011 1220 1156 1274; x_wconf 90' lang='lat' dir='ltr'><strong>edita</strong></span> <span class='ocrx_word' id='word_1_84' title='bbox 1184 1259 1197 1278; x_wconf 82' lang='lat'><strong>,</strong></span> <span class='ocrx_word' id='word_1_85' title='bbox 1244 1215 1438 1286; x_wconf 86' lang='lat' dir='ltr'><strong>partim</strong></span> <span class='ocrx_word' id='word_1_86' title='bbox 1489 1210 1808 1282; x_wconf 82' lang='lat' dir='ltr'><strong>quantocius</strong></span> <span class='ocrx_word' id='word_1_87' title='bbox 1841 1205 2053 1264; x_wconf 87' lang='lat' dir='ltr'><strong>edenda</strong></span> <span class='ocrx_word' id='word_1_88' title='bbox 2093 1218 2209 1273; x_wconf 77' lang='lat' dir='ltr'><strong>pne</strong></span> 
     </span>
    </p>
   </div>
   <div class='ocr_carea' id='block_1_13' title="bbox 613 1298 2212 1382">
    <p class='ocr_par' dir='ltr' id='par_1_13' title="bbox 613 1298 2212 1382">
     <span class='ocr_line' id='line_1_13' title="bbox 613 1298 2212 1382; baseline -0.014 -8"><span class='ocrx_word' id='word_1_89' title='bbox 613 1315 868 1374; x_wconf 85' lang='lat' dir='ltr'><strong>manibus</strong></span> <span class='ocrx_word' id='word_1_90' title='bbox 905 1313 1087 1376; x_wconf 86' lang='lat' dir='ltr'><strong>habet,</strong></span> <span class='ocrx_word' id='word_1_91' title='bbox 1120 1312 1394 1382; x_wconf 89' lang='lat' dir='ltr'><strong>ingentem</strong></span> <span class='ocrx_word' id='word_1_92' title='bbox 1427 1307 1510 1362; x_wconf 88' lang='lat' dir='ltr'><strong>illi</strong></span> <span class='ocrx_word' id='word_1_93' title='bbox 1544 1306 1850 1376; x_wconf 86' lang='lat' dir='ltr'><strong>parturiunt</strong></span> <span class='ocrx_word' id='word_1_94' title='bbox 1886 1298 2116 1372; x_wconf 77' lang='lat' dir='ltr'><strong>gloriam</strong></span> <span class='ocrx_word' id='word_1_95' title='bbox 2155 1305 2212 1352; x_wconf 88' lang='lat' dir='ltr'><strong>et</strong></span> 
     </span>
    </p>
   </div>
   <div class='ocr_carea' id='block_1_14' title="bbox 613 1392 2208 1472">
    <p class='ocr_par' dir='ltr' id='par_1_14' title="bbox 613 1392 2208 1472">
     <span class='ocr_line' id='line_1_14' title="bbox 613 1392 2208 1472; baseline -0.015 -4"><span class='ocrx_word' id='word_1_96' title='bbox 613 1408 908 1468; x_wconf 87' lang='lat' dir='ltr'><strong>honorem.</strong></span> <span class='ocrx_word' id='word_1_97' title='bbox 939 1406 1008 1463; x_wconf 86' lang='lat' dir='ltr'><strong>Et</strong></span> <span class='ocrx_word' id='word_1_98' title='bbox 1039 1405 1157 1460; x_wconf 68' lang='lat' dir='ltr'><strong>haec</strong></span> <span class='ocrx_word' id='word_1_99' title='bbox 1205 1403 1387 1457; x_wconf 88' lang='lat' dir='ltr'><strong>omnia</strong></span> <span class='ocrx_word' id='word_1_100' title='bbox 1420 1415 1519 1472; x_wconf 92' lang='lat' dir='ltr'><strong>pro</strong></span> <span class='ocrx_word' id='word_1_101' title='bbox 1550 1399 1832 1463; x_wconf 84' lang='lat' dir='ltr'><strong>varietate,</strong></span> <span class='ocrx_word' id='word_1_102' title='bbox 1868 1392 2208 1464; x_wconf 76' lang='lat' dir='ltr'><strong>antiquitate,</strong></span> 
     </span>
    </p>
   </div>
   <div class='ocr_carea' id='block_1_15' title="bbox 613 1482 2210 1562">
    <p class='ocr_par' dir='ltr' id='par_1_15' title="bbox 613 1482 2210 1562">
     <span class='ocr_line' id='line_1_15' title="bbox 613 1482 2210 1562; baseline -0.015 -1"><span class='ocrx_word' id='word_1_103' title='bbox 613 1512 673 1562; x_wconf 75' lang='lat' dir='ltr'><strong>et</strong></span> <span class='ocrx_word' id='word_1_104' title='bbox 701 1504 942 1560; x_wconf 73' lang='lat' dir='ltr'><strong>novitate</strong></span> <span class='ocrx_word' id='word_1_105' title='bbox 965 1499 1212 1555; x_wconf 73' lang='lat' dir='ltr'><strong>historia:</strong></span> <span class='ocrx_word' id='word_1_106' title='bbox 1240 1495 1429 1551; x_wconf 78' lang='lat' dir='ltr'><strong>Dextri</strong></span> <span class='ocrx_word' id='word_1_107' title='bbox 1458 1489 1803 1557; x_wconf 83' lang='lat' dir='ltr'><strong>elucidnnda,</strong></span> <span class='ocrx_word' id='word_1_108' title='bbox 1829 1498 1888 1546; x_wconf 88' lang='lat' dir='ltr'><strong>et</strong></span> <span class='ocrx_word' id='word_1_109' title='bbox 1914 1502 2013 1558; x_wconf 90' lang='lat' dir='ltr'><strong>pro</strong></span> <span class='ocrx_word' id='word_1_110' title='bbox 2040 1482 2210 1539; x_wconf 85' lang='lat' dir='ltr'><strong>chro-</strong></span> 
     </span>
    </p>
   </div>
   <div class='ocr_carea' id='block_1_16' title="bbox 614 1585 1834 1667">
    <p class='ocr_par' dir='ltr' id='par_1_16' title="bbox 614 1585 1834 1667">
     <span class='ocr_line' id='line_1_16' title="bbox 614 1585 1834 1667; baseline -0.017 -10"><span class='ocrx_word' id='word_1_111' title='bbox 614 1597 818 1667; x_wconf 84' lang='lat' dir='ltr'><strong>noligia</strong></span> <span class='ocrx_word' id='word_1_112' title='bbox 841 1591 1129 1666; x_wconf 60' lang='lat' dir='ltr'><strong>aequanda,</strong></span> <span class='ocrx_word' id='word_1_113' title='bbox 1158 1591 1411 1645; x_wconf 82' lang='lat' dir='ltr'><strong>evolvere</strong></span> <span class='ocrx_word' id='word_1_114' title='bbox 1437 1601 1543 1642; x_wconf 89' lang='lat' dir='ltr'><strong>non</strong></span> <span class='ocrx_word' id='word_1_115' title='bbox 1571 1585 1834 1640; x_wconf 74' lang='lat' dir='ltr'><strong>dubitavi.</strong></span> 
     </span>
    </p>
   </div>
   <div class='ocr_carea' id='block_1_17' title="bbox 685 1668 2214 1759">
    <p class='ocr_par' dir='ltr' id='par_1_17' title="bbox 685 1668 2214 1759">
     <span class='ocr_line' id='line_1_17' title="bbox 685 1668 2214 1759; baseline -0.015 -13"><span class='ocrx_word' id='word_1_116' title='bbox 685 1686 1032 1759; x_wconf 79' lang='lat' dir='ltr'><strong>Geograpbia</strong></span> <span class='ocrx_word' id='word_1_117' title='bbox 1069 1684 1360 1754; x_wconf 75' lang='lat' dir='ltr'><strong>llispanica</strong></span> <span class='ocrx_word' id='word_1_118' title='bbox 1394 1678 1624 1750; x_wconf 88' lang='lat' dir='ltr'><strong>petenda</strong></span> <span class='ocrx_word' id='word_1_119' title='bbox 1677 1676 1776 1731; x_wconf 84' lang='lat' dir='ltr'><strong>fuit</strong></span> <span class='ocrx_word' id='word_1_120' title='bbox 1812 1673 1881 1730; x_wconf 93' lang='lat' dir='ltr'><strong>ab</strong></span> <span class='ocrx_word' id='word_1_121' title='bbox 1919 1668 2214 1729; x_wconf 86' lang='lat' dir='ltr'><strong>Ambrosio</strong></span> 
     </span>
    </p>
   </div>
   <div class='ocr_carea' id='block_1_18' title="bbox 2309 435 3929 506">
    <p class='ocr_par' dir='ltr' id='par_1_18' title="bbox 2309 435 3929 506">
     <span class='ocr_line' id='line_1_18' title="bbox 2309 435 3929 506; baseline -0.012 0"><span class='ocrx_word' id='word_1_122' title='bbox 2309 463 2500 506; x_wconf 83' lang='lat' dir='ltr'><strong>Sauros</strong></span> <span class='ocrx_word' id='word_1_123' title='bbox 2543 457 2793 502; x_wconf 66' lang='lat' dir='ltr'><strong>reserare</strong></span> <span class='ocrx_word' id='word_1_124' title='bbox 2835 442 3053 498; x_wconf 83' lang='lat' dir='ltr'><strong>dabitur</strong></span> <span class='ocrx_word' id='word_1_125' title='bbox 3097 437 3279 504; x_wconf 89' lang='lat' dir='ltr'><strong>nobis,</strong></span> <span class='ocrx_word' id='word_1_126' title='bbox 3316 435 3490 491; x_wconf 89' lang='lat' dir='ltr'><strong>multo</strong></span> <span class='ocrx_word' id='word_1_127' title='bbox 3533 447 3698 504; x_wconf 89' lang='lat' dir='ltr'><strong>quam</strong></span> <span class='ocrx_word' id='word_1_128' title='bbox 3740 438 3929 487; x_wconf 74' lang='lat' dir='ltr'><strong>antea</strong></span> 
     </span>
    </p>
   </div>
   <div class='ocr_carea' id='block_1_19' title="bbox 2310 543 2656 613">
    <p class='ocr_par' dir='ltr' id='par_1_19' title="bbox 2310 543 2656 613">
     <span class='ocr_line' id='line_1_19' title="bbox 2310 543 2656 613; baseline -0.023 -13"><span class='ocrx_word' id='word_1_129' title='bbox 2310 543 2656 613; x_wconf 65' lang='lat' dir='ltr'><strong>locupletius.</strong></span> 
     </span>
    </p>
   </div>
   <div class='ocr_carea' id='block_1_20' title="bbox 2381 621 3932 692">
    <p class='ocr_par' dir='ltr' id='par_1_20' title="bbox 2381 621 3932 692">
     <span class='ocr_line' id='line_1_20' title="bbox 2381 621 3932 692; baseline -0.012 0"><span class='ocrx_word' id='word_1_130' title='bbox 2381 639 2438 692; x_wconf 87' lang='lat' dir='ltr'><strong>In</strong></span> <span class='ocrx_word' id='word_1_131' title='bbox 2485 635 2738 692; x_wconf 82' lang='lat' dir='ltr'><strong>lectionis</strong></span> <span class='ocrx_word' id='word_1_132' title='bbox 2775 645 2912 690; x_wconf 77' lang='lat' dir='ltr'><strong>vero</strong></span> <span class='ocrx_word' id='word_1_133' title='bbox 2953 638 3133 687; x_wconf 82' lang='lat' dir='ltr'><strong>textus</strong></span> <span class='ocrx_word' id='word_1_134' title='bbox 3159 625 3345 684; x_wconf 80' lang='lat' dir='ltr'><strong>Dextri</strong></span> <span class='ocrx_word' id='word_1_135' title='bbox 3383 621 3766 681; x_wconf 84' lang='lat' dir='ltr'><strong>emendatione</strong></span> <span class='ocrx_word' id='word_1_136' title='bbox 3798 632 3932 676; x_wconf 83' lang='lat' dir='ltr'><strong>non</strong></span> 
     </span>
    </p>
   </div>
   <div class='ocr_carea' id='block_1_21' title="bbox 2311 710 3931 789">
    <p class='ocr_par' dir='ltr' id='par_1_21' title="bbox 2311 710 3931 789">
     <span class='ocr_line' id='line_1_21' title="bbox 2311 710 3931 789; baseline -0.012 -3"><span class='ocrx_word' id='word_1_137' title='bbox 2311 730 2494 786; x_wconf 90' lang='lat' dir='ltr'><strong>minus</strong></span> <span class='ocrx_word' id='word_1_138' title='bbox 2524 725 2919 783; x_wconf 85' lang='lat' dir='ltr'><strong>elaborandum</strong></span> <span class='ocrx_word' id='word_1_139' title='bbox 2953 722 3112 778; x_wconf 86' lang='lat' dir='ltr'><strong>nobis</strong></span> <span class='ocrx_word' id='word_1_140' title='bbox 3143 719 3267 788; x_wconf 77' lang='lat' dir='ltr'><strong>fuit,</strong></span> <span class='ocrx_word' id='word_1_141' title='bbox 3308 733 3374 774; x_wconf 88' lang='lat' dir='ltr'><strong>eo</strong></span> <span class='ocrx_word' id='word_1_142' title='bbox 3403 716 3732 789; x_wconf 66' lang='lat' dir='ltr'><strong>prmscrtim,</strong></span> <span class='ocrx_word' id='word_1_143' title='bbox 3763 710 3931 783; x_wconf 84' lang='lat' dir='ltr'><strong>quod</strong></span> 
     </span>
    </p>
   </div>
   <div class='ocr_carea' id='block_1_22' title="bbox 2310 805 3927 894">
    <p class='ocr_par' dir='ltr' id='par_1_22' title="bbox 2310 805 3927 894">
     <span class='ocr_line' id='line_1_22' title="bbox 2310 805 3927 894; baseline -0.012 -15"><span class='ocrx_word' id='word_1_144' title='bbox 2310 823 2482 880; x_wconf 81' lang='lat' dir='ltr'><strong>codex</strong></span> <span class='ocrx_word' id='word_1_145' title='bbox 2520 823 2634 894; x_wconf 88' lang='lat' dir='ltr'><strong>ipse</strong></span> <span class='ocrx_word' id='word_1_146' title='bbox 2655 817 2936 890; x_wconf 80' lang='lat' dir='ltr'><strong>originalis</strong></span> <span class='ocrx_word' id='word_1_147' title='bbox 2957 815 3167 872; x_wconf 87' lang='lat' dir='ltr'><strong>mendis</strong></span> <span class='ocrx_word' id='word_1_148' title='bbox 3194 808 3611 886; x_wconf 87' lang='lat' dir='ltr'><strong>quarnplurimis</strong></span> <span class='ocrx_word' id='word_1_149' title='bbox 3637 805 3927 874; x_wconf 77' lang='lat' dir='ltr'><strong>scatebat,</strong></span> 
     </span>
    </p>
   </div>
   <div class='ocr_carea' id='block_1_23' title="bbox 2310 897 3930 983">
    <p class='ocr_par' dir='ltr' id='par_1_23' title="bbox 2310 897 3930 983">
     <span class='ocr_line' id='line_1_23' title="bbox 2310 897 3930 983; baseline -0.012 -12"><span class='ocrx_word' id='word_1_150' title='bbox 2310 925 2364 971; x_wconf 90' lang='lat' dir='ltr'><strong>et</strong></span> <span class='ocrx_word' id='word_1_151' title='bbox 2395 926 2758 969; x_wconf 85' lang='lat' dir='ltr'><strong>amanuenses</strong></span> <span class='ocrx_word' id='word_1_152' title='bbox 2787 910 2876 983; x_wconf 89' lang='lat' dir='ltr'><strong>qui</strong></span> <span class='ocrx_word' id='word_1_153' title='bbox 2919 908 3045 965; x_wconf 89' lang='lat' dir='ltr'><strong>inde</strong></span> <span class='ocrx_word' id='word_1_154' title='bbox 3073 922 3201 964; x_wconf 90' lang='lat' dir='ltr'><strong>suos</strong></span> <span class='ocrx_word' id='word_1_155' title='bbox 3240 909 3627 966; x_wconf 81' lang='lat' dir='ltr'><strong>extraxerant,</strong></span> <span class='ocrx_word' id='word_1_156' title='bbox 3670 897 3930 956; x_wconf 78' lang='lat' dir='ltr'><strong>senatis</strong></span> 
     </span>
    </p>
   </div>
   <div class='ocr_carea' id='block_1_24' title="bbox 2313 995 3934 1075">
    <p class='ocr_par' dir='ltr' id='par_1_24' title="bbox 2313 995 3934 1075">
     <span class='ocr_line' id='line_1_24' title="bbox 2313 995 3934 1075; baseline -0.011 -10"><span class='ocrx_word' id='word_1_157' title='bbox 2313 1009 2444 1075; x_wconf 83' lang='lat' dir='ltr'><strong>illis,</strong></span> <span class='ocrx_word' id='word_1_158' title='bbox 2474 1008 2810 1062; x_wconf 82' lang='lat' dir='ltr'><strong>adtttiserant</strong></span> <span class='ocrx_word' id='word_1_159' title='bbox 2840 1020 3001 1070; x_wconf 65' lang='lat' dir='ltr'><strong>nova,</strong></span> <span class='ocrx_word' id='word_1_160' title='bbox 3033 1001 3177 1060; x_wconf 91' lang='lat' dir='ltr'><strong>unde</strong></span> <span class='ocrx_word' id='word_1_161' title='bbox 3204 999 3430 1058; x_wconf 77' lang='lat' dir='ltr'><strong>difﬁcile</strong></span> <span class='ocrx_word' id='word_1_162' title='bbox 3461 997 3633 1070; x_wconf 90' lang='lat' dir='ltr'><strong>potuit</strong></span> <span class='ocrx_word' id='word_1_163' title='bbox 3664 995 3934 1068; x_wconf 63' lang='lat' dir='ltr'><strong>pristina:</strong></span> 
     </span>
    </p>
   </div>
   <div class='ocr_carea' id='block_1_25' title="bbox 2313 1085 3933 1173">
    <p class='ocr_par' dir='ltr' id='par_1_25' title="bbox 2313 1085 3933 1173">
     <span class='ocr_line' id='line_1_25' title="bbox 2313 1085 3933 1173; baseline -0.009 -17"><span class='ocrx_word' id='word_1_164' title='bbox 2313 1100 2536 1173; x_wconf 86' lang='lat' dir='ltr'><strong>puritati</strong></span> <span class='ocrx_word' id='word_1_165' title='bbox 2566 1099 2780 1154; x_wconf 90' lang='lat' dir='ltr'><strong>restitui</strong></span> <span class='ocrx_word' id='word_1_166' title='bbox 2809 1115 2821 1152; x_wconf 89' lang='lat'><strong>:</strong></span> <span class='ocrx_word' id='word_1_167' title='bbox 2850 1099 3021 1154; x_wconf 90' lang='lat' dir='ltr'><strong>multa</strong></span> <span class='ocrx_word' id='word_1_168' title='bbox 3053 1108 3235 1152; x_wconf 90' lang='lat' dir='ltr'><strong>tamen</strong></span> <span class='ocrx_word' id='word_1_169' title='bbox 3265 1109 3386 1166; x_wconf 70' lang='lat' dir='ltr'><strong>qua:</strong></span> <span class='ocrx_word' id='word_1_170' title='bbox 3417 1091 3768 1164; x_wconf 84' lang='lat' dir='ltr'><strong>postmodum</strong></span> <span class='ocrx_word' id='word_1_171' title='bbox 3819 1085 3933 1142; x_wconf 82' lang='lat' dir='ltr'><strong>ad-</strong></span> 
     </span>
    </p>
   </div>
   <div class='ocr_carea' id='block_1_26' title="bbox 2314 1186 3932 1261">
    <p class='ocr_par' dir='ltr' id='par_1_26' title="bbox 2314 1186 3932 1261">
     <span class='ocr_line' id='line_1_26' title="bbox 2314 1186 3932 1261; baseline -0.009 -9"><span class='ocrx_word' id='word_1_172' title='bbox 2314 1199 2485 1252; x_wconf 88' lang='lat' dir='ltr'><strong>mixta</strong></span> <span class='ocrx_word' id='word_1_173' title='bbox 2517 1203 2663 1260; x_wconf 89' lang='lat' dir='ltr'><strong>sunt,</strong></span> <span class='ocrx_word' id='word_1_174' title='bbox 2700 1194 2823 1250; x_wconf 83' lang='lat' dir='ltr'><strong>aliis</strong></span> <span class='ocrx_word' id='word_1_175' title='bbox 2852 1192 3025 1261; x_wconf 85' lang='lat' dir='ltr'><strong>copiis</strong></span> <span class='ocrx_word' id='word_1_176' title='bbox 3056 1190 3269 1248; x_wconf 82' lang='lat' dir='ltr'><strong>collatis</strong></span> <span class='ocrx_word' id='word_1_177' title='bbox 3302 1187 3542 1252; x_wconf 88' lang='lat' dir='ltr'><strong>reseeui;</strong></span> <span class='ocrx_word' id='word_1_178' title='bbox 3573 1195 3627 1242; x_wconf 89' lang='lat' dir='ltr'><strong>et</strong></span> <span class='ocrx_word' id='word_1_179' title='bbox 3655 1186 3764 1240; x_wconf 86' lang='lat' dir='ltr'><strong>alia</strong></span> <span class='ocrx_word' id='word_1_180' title='bbox 3789 1196 3932 1256; x_wconf 62' lang='lat' dir='ltr'><strong>quae</strong></span> 
     </span>
    </p>
   </div>
   <div class='ocr_carea' id='block_1_27' title="bbox 2314 1275 3934 1356">
    <p class='ocr_par' dir='ltr' id='par_1_27' title="bbox 2314 1275 3934 1356">
     <span class='ocr_line' id='line_1_27' title="bbox 2314 1275 3934 1356; baseline -0.008 -12"><span class='ocrx_word' id='word_1_181' title='bbox 2314 1304 2382 1344; x_wconf 89' lang='lat' dir='ltr'><strong>ex</strong></span> <span class='ocrx_word' id='word_1_182' title='bbox 2416 1288 2650 1343; x_wconf 85' lang='lat' dir='ltr'><strong>lectione</strong></span> <span class='ocrx_word' id='word_1_183' title='bbox 2679 1287 2819 1356; x_wconf 78' lang='lat' dir='ltr'><strong>ipsa,</strong></span> <span class='ocrx_word' id='word_1_184' title='bbox 2849 1285 3086 1342; x_wconf 82' lang='lat' dir='ltr'><strong>evidenti</strong></span> <span class='ocrx_word' id='word_1_185' title='bbox 3116 1286 3457 1341; x_wconf 86' lang='lat' dir='ltr'><strong>correctione</strong></span> <span class='ocrx_word' id='word_1_186' title='bbox 3484 1279 3731 1350; x_wconf 73' lang='lat' dir='ltr'><strong>indigere</strong></span> <span class='ocrx_word' id='word_1_187' title='bbox 3763 1275 3934 1347; x_wconf 84' lang='lat' dir='ltr'><strong>judi-</strong></span> 
     </span>
    </p>
   </div>
   <div class='ocr_carea' id='block_1_28' title="bbox 2314 1372 3932 1446">
    <p class='ocr_par' dir='ltr' id='par_1_28' title="bbox 2314 1372 3932 1446">
     <span class='ocr_line' id='line_1_28' title="bbox 2314 1372 3932 1446; baseline -0.008 -8"><span class='ocrx_word' id='word_1_188' title='bbox 2314 1388 2434 1439; x_wconf 88' lang='lat' dir='ltr'><strong>cata</strong></span> <span class='ocrx_word' id='word_1_189' title='bbox 2467 1388 2614 1446; x_wconf 88' lang='lat' dir='ltr'><strong>sunt,</strong></span> <span class='ocrx_word' id='word_1_190' title='bbox 2646 1391 2698 1435; x_wconf 91' lang='lat' dir='ltr'><strong>et</strong></span> <span class='ocrx_word' id='word_1_191' title='bbox 2741 1393 2988 1436; x_wconf 89' lang='lat' dir='ltr'><strong>errorem</strong></span> <span class='ocrx_word' id='word_1_192' title='bbox 3027 1393 3134 1434; x_wconf 86' lang='lat' dir='ltr'><strong>non</strong></span> <span class='ocrx_word' id='word_1_193' title='bbox 3163 1376 3426 1444; x_wconf 81' lang='lat' dir='ltr'><strong>auctoris,</strong></span> <span class='ocrx_word' id='word_1_194' title='bbox 3462 1375 3558 1432; x_wconf 88' lang='lat' dir='ltr'><strong>scd</strong></span> <span class='ocrx_word' id='word_1_195' title='bbox 3597 1372 3932 1444; x_wconf 82' lang='lat' dir='ltr'><strong>exscripto-</strong></span> 
     </span>
    </p>
   </div>
   <div class='ocr_carea' id='block_1_29' title="bbox 2316 1469 3930 1545">
    <p class='ocr_par' dir='ltr' id='par_1_29' title="bbox 2316 1469 3930 1545">
     <span class='ocr_line' id='line_1_29' title="bbox 2316 1469 3930 1545; baseline -0.007 -11"><span class='ocrx_word' id='word_1_196' title='bbox 2316 1477 2392 1534; x_wconf 81' lang='lat' dir='ltr'><strong>ris</strong></span> <span class='ocrx_word' id='word_1_197' title='bbox 2420 1476 2707 1531; x_wconf 86' lang='lat' dir='ltr'><strong>manileste</strong></span> <span class='ocrx_word' id='word_1_198' title='bbox 2737 1477 3059 1545; x_wconf 79' lang='lat' dir='ltr'><strong>arguebant,</strong></span> <span class='ocrx_word' id='word_1_199' title='bbox 3097 1473 3409 1530; x_wconf 83' lang='lat' dir='ltr'><strong>emendavi.</strong></span> <span class='ocrx_word' id='word_1_200' title='bbox 3443 1469 3689 1542; x_wconf 82' lang='lat' dir='ltr'><strong>Exempli</strong></span> <span class='ocrx_word' id='word_1_201' title='bbox 3719 1480 3930 1534; x_wconf 83' lang='lat' dir='ltr'><strong>causa,</strong></span> 
     </span>
    </p>
   </div>
   <div class='ocr_carea' id='block_1_30' title="bbox 2318 1561 3935 1636">
    <p class='ocr_par' dir='ltr' id='par_1_30' title="bbox 2318 1561 3935 1636">
     <span class='ocr_line' id='line_1_30' title="bbox 2318 1561 3935 1636; baseline -0.007 -8"><span class='ocrx_word' id='word_1_202' title='bbox 2318 1587 2462 1627; x_wconf 90' lang='lat' dir='ltr'><strong>anno</strong></span> <span class='ocrx_word' id='word_1_203' title='bbox 2505 1569 2718 1624; x_wconf 87' lang='lat' dir='ltr'><strong>Domini</strong></span> <span class='ocrx_word' id='word_1_204' title='bbox 2763 1567 2873 1625; x_wconf 76' lang='lat'><strong>300</strong></span> <span class='ocrx_word' id='word_1_205' title='bbox 2900 1578 3017 1624; x_wconf 83' lang='lat' dir='ltr'><strong>erat</strong></span> <span class='ocrx_word' id='word_1_206' title='bbox 3065 1569 3149 1624; x_wconf 76' lang='lat' dir='ltr'><strong>bis</strong></span> <span class='ocrx_word' id='word_1_207' title='bbox 3197 1565 3403 1636; x_wconf 89' lang='lat' dir='ltr'><strong>scripta</strong></span> <span class='ocrx_word' id='word_1_208' title='bbox 3448 1564 3673 1620; x_wconf 82' lang='lat' dir='ltr'><strong>totidem</strong></span> <span class='ocrx_word' id='word_1_209' title='bbox 3725 1561 3935 1617; x_wconf 75' lang='lat' dir='ltr'><strong>verbis</strong></span> 
     </span>
    </p>
   </div>
   <div class='ocr_carea' id='block_1_31' title="bbox 2316 1656 3929 1732">
    <p class='ocr_par' dir='ltr' id='par_1_31' title="bbox 2316 1656 3929 1732">
     <span class='ocr_line' id='line_1_31' title="bbox 2316 1656 3929 1732; baseline -0.009 -9"><span class='ocrx_word' id='word_1_210' title='bbox 2316 1667 2590 1723; x_wconf 82' lang='lat' dir='ltr'><strong>sententia</strong></span> <span class='ocrx_word' id='word_1_211' title='bbox 2634 1662 2726 1717; x_wconf 91' lang='lat' dir='ltr'><strong>illa</strong></span> <span class='ocrx_word' id='word_1_212' title='bbox 2766 1679 2779 1715; x_wconf 88' lang='lat'>:</span> <span class='ocrx_word' id='word_1_213' title='bbox 2820 1661 3066 1718; x_wconf 74' lang='lat' dir='ltr'><strong>Mellaria</strong></span> <span class='ocrx_word' id='word_1_214' title='bbox 3109 1661 3230 1716; x_wconf 60' lang='lat' dir='ltr'><strong>urbe</strong></span> <span class='ocrx_word' id='word_1_215' title='bbox 3283 1658 3560 1732; x_wconf 71' lang='lat' dir='ltr'><strong>Hispania:</strong></span> <span class='ocrx_word' id='word_1_216' title='bbox 3603 1659 3657 1711; x_wconf 82' lang='lat' dir='ltr'><strong>in</strong></span> <span class='ocrx_word' id='word_1_217' title='bbox 3687 1656 3929 1723; x_wconf 71' lang='lat' dir='ltr'><strong>Bwtica,</strong></span> 
     </span>
    </p>
   </div>
   <div class='ocr_carea' id='block_1_32' title="bbox 613 1755 3936 1850">
    <p class='ocr_par' dir='ltr' id='par_1_32' title="bbox 613 1755 3936 1850">
     <span class='ocr_line' id='line_1_32' title="bbox 613 1755 3936 1850; baseline -0.012 -5"><span class='ocrx_word' id='word_1_218' title='bbox 613 1755 847 1845; x_wconf 78' lang='lat' dir='ltr'><strong>Moralio</strong></span> <span class='ocrx_word' id='word_1_219' title='bbox 869 1828 885 1850; x_wconf 90' lang='lat'><strong>,</strong></span> <span class='ocrx_word' id='word_1_220' title='bbox 905 1755 1180 1838; x_wconf 19' lang='lat' dir='ltr'><strong>VFloriano</strong></span> <span class='ocrx_word' id='word_1_221' title='bbox 1223 1777 1292 1833; x_wconf 88' lang='lat' dir='ltr'><strong>de</strong></span> <span class='ocrx_word' id='word_1_222' title='bbox 1342 1778 1581 1846; x_wconf 86' lang='lat' dir='ltr'><strong>Ucampo</strong></span> <span class='ocrx_word' id='word_1_223' title='bbox 1602 1816 1617 1841; x_wconf 93' lang='lat'><strong>,</strong></span> <span class='ocrx_word' id='word_1_224' title='bbox 1660 1769 1969 1832; x_wconf 77' lang='lat' dir='ltr'><strong>Besendio,</strong></span> <span class='ocrx_word' id='word_1_225' title='bbox 2014 1765 2213 1826; x_wconf 81' lang='lat' dir='ltr'><strong>Nonio.</strong></span> <span class='ocrx_word' id='word_1_226' title='bbox 2243 1768 2295 1832; x_wconf 78' lang='grc' dir='ltr'><strong>Β</strong></span> <span class='ocrx_word' id='word_1_227' title='bbox 2320 1761 2380 1818; x_wconf 83' lang='grc'><strong>8.</strong></span> <span class='ocrx_word' id='word_1_228' title='bbox 2414 1757 2628 1816; x_wconf 79' lang='lat' dir='ltr'><strong>Firmus</strong></span> <span class='ocrx_word' id='word_1_229' title='bbox 2654 1769 2869 1831; x_wconf 75' lang='lat' dir='ltr'><strong>martyr,</strong></span> <span class='ocrx_word' id='word_1_230' title='bbox 2899 1768 3034 1824; x_wconf 90' lang='lat' dir='ltr'><strong>etc.,</strong></span> <span class='ocrx_word' id='word_1_231' title='bbox 3058 1770 3232 1826; x_wconf 85' lang='lat' dir='ltr'><strong>usque</strong></span> <span class='ocrx_word' id='word_1_232' title='bbox 3260 1755 3327 1812; x_wconf 88' lang='lat' dir='ltr'><strong>ad</strong></span> <span class='ocrx_word' id='word_1_233' title='bbox 3358 1769 3458 1811; x_wconf 88' lang='lat' dir='ltr'><strong>sex</strong></span> <span class='ocrx_word' id='word_1_234' title='bbox 3492 1767 3716 1817; x_wconf 83' lang='lat' dir='ltr'><strong>versus;</strong></span> <span class='ocrx_word' id='word_1_235' title='bbox 3742 1765 3936 1824; x_wconf 81' lang='lat' dir='ltr'><strong>quare</strong></span> 
     </span>
    </p>
   </div>
   <div class='ocr_carea' id='block_1_33' title="bbox 621 1859 2218 1950">
    <p class='ocr_par' dir='ltr' id='par_1_33' title="bbox 621 1859 2218 1950">
     <span class='ocr_line' id='line_1_33' title="bbox 621 1859 2218 1950; baseline -0.016 -12"><span class='ocrx_word' id='word_1_236' title='bbox 621 1879 905 1950; x_wconf 86' lang='lat' dir='ltr'><strong>Quevedo,</strong></span> <span class='ocrx_word' id='word_1_237' title='bbox 936 1875 1198 1940; x_wconf 82' lang='lat' dir='ltr'><strong>Mariana,</strong></span> <span class='ocrx_word' id='word_1_238' title='bbox 1230 1871 1437 1934; x_wconf 84' lang='lat' dir='ltr'><strong>Zurita,</strong></span> <span class='ocrx_word' id='word_1_239' title='bbox 1481 1870 1646 1934; x_wconf 87' lang='lat' dir='ltr'><strong>Goes,</strong></span> <span class='ocrx_word' id='word_1_240' title='bbox 1677 1866 1906 1929; x_wconf 88' lang='lat' dir='ltr'><strong>Blanca,</strong></span> <span class='ocrx_word' id='word_1_241' title='bbox 1941 1859 2218 1917; x_wconf 85' lang='lat' dir='ltr'><strong>Deuthero</strong></span> 
     </span>
    </p>
   </div>
   <div class='ocr_carea' id='block_1_34' title="bbox 528 1957 2218 2038">
    <p class='ocr_par' dir='ltr' id='par_1_34' title="bbox 528 1957 2218 2038">
     <span class='ocr_line' id='line_1_34' title="bbox 528 1957 2218 2038; baseline -0.014 -9"><span class='ocrx_word' id='word_1_242' title='bbox 528 1995 534 2003; x_wconf 82' lang='lat'><strong><em>-</em></strong></span> <span class='ocrx_word' id='word_1_243' title='bbox 615 1981 675 2028; x_wconf 91' lang='lat' dir='ltr'><strong>et</strong></span> <span class='ocrx_word' id='word_1_244' title='bbox 700 1972 822 2026; x_wconf 82' lang='lat' dir='ltr'><strong>aliis</strong></span> <span class='ocrx_word' id='word_1_245' title='bbox 852 1969 971 2038; x_wconf 89' lang='lat' dir='ltr'><strong>ejus</strong></span> <span class='ocrx_word' id='word_1_246' title='bbox 1001 1964 1309 2037; x_wconf 78' lang='lat' dir='ltr'><strong>argumenti</strong></span> <span class='ocrx_word' id='word_1_247' title='bbox 1342 1961 1687 2024; x_wconf 89' lang='lat' dir='ltr'><strong>auctoribus;</strong></span> <span class='ocrx_word' id='word_1_248' title='bbox 1736 1957 2017 2025; x_wconf 91' lang='lat' dir='ltr'><strong>multoque</strong></span> <span class='ocrx_word' id='word_1_249' title='bbox 2059 1965 2218 2007; x_wconf 86' lang='lat' dir='ltr'><strong>exac-</strong></span> 
     </span>
    </p>
   </div>
   <div class='ocr_carea' id='block_1_35' title="bbox 617 2043 2218 2123">
    <p class='ocr_par' dir='ltr' id='par_1_35' title="bbox 617 2043 2218 2123">
     <span class='ocr_line' id='line_1_35' title="bbox 617 2043 2218 2123; baseline -0.014 -3"><span class='ocrx_word' id='word_1_250' title='bbox 617 2063 728 2120; x_wconf 87' lang='lat' dir='ltr'><strong>tius</strong></span> <span class='ocrx_word' id='word_1_251' title='bbox 757 2079 786 2117; x_wconf 90' lang='lat' dir='ltr'><strong>a</strong></span> <span class='ocrx_word' id='word_1_252' title='bbox 816 2060 1139 2123; x_wconf 67' lang='lat' dir='ltr'><strong>Ptolomaeo.</strong></span> <span class='ocrx_word' id='word_1_253' title='bbox 1165 2057 1463 2118; x_wconf 80' lang='lat' dir='ltr'><strong>Antonino,</strong></span> <span class='ocrx_word' id='word_1_254' title='bbox 1488 2052 1815 2121; x_wconf 87' lang='lat' dir='ltr'><strong>Pomponio,</strong></span> <span class='ocrx_word' id='word_1_255' title='bbox 1844 2047 2044 2111; x_wconf 85' lang='lat' dir='ltr'><strong>Plinio,</strong></span> <span class='ocrx_word' id='word_1_256' title='bbox 2068 2043 2218 2101; x_wconf 80' lang='lat' dir='ltr'><strong>Stra-</strong></span> 
     </span>
    </p>
   </div>
   <div class='ocr_carea' id='block_1_36' title="bbox 617 2135 2211 2224">
    <p class='ocr_par' dir='ltr' id='par_1_36' title="bbox 617 2135 2211 2224">
     <span class='ocr_line' id='line_1_36' title="bbox 617 2135 2211 2224; baseline -0.013 -10"><span class='ocrx_word' id='word_1_257' title='bbox 617 2158 784 2224; x_wconf 86' lang='lat' dir='ltr'><strong>bone,</strong></span> <span class='ocrx_word' id='word_1_258' title='bbox 817 2153 1069 2224; x_wconf 82' lang='lat' dir='ltr'><strong>Appiano</strong></span> <span class='ocrx_word' id='word_1_259' title='bbox 1101 2149 1497 2210; x_wconf 81' lang='lat' dir='ltr'><strong>Alexandrino,</strong></span> <span class='ocrx_word' id='word_1_260' title='bbox 1528 2146 1753 2210; x_wconf 88' lang='lat' dir='ltr'><strong>Solino,</strong></span> <span class='ocrx_word' id='word_1_261' title='bbox 1785 2151 1840 2198; x_wconf 89' lang='lat' dir='ltr'><strong>et</strong></span> <span class='ocrx_word' id='word_1_262' title='bbox 1870 2144 1952 2198; x_wconf 85' lang='lat' dir='ltr'><strong>eis</strong></span> <span class='ocrx_word' id='word_1_263' title='bbox 1993 2135 2211 2211; x_wconf 64' lang='lat' dir='ltr'><strong>aequali-</strong></span> 
     </span>
    </p>
   </div>
   <div class='ocr_carea' id='block_1_37' title="bbox 617 2230 2219 2314">
    <p class='ocr_par' dir='ltr' id='par_1_37' title="bbox 617 2230 2219 2314">
     <span class='ocr_line' id='line_1_37' title="bbox 617 2230 2219 2314; baseline -0.014 -7"><span class='ocrx_word' id='word_1_264' title='bbox 617 2250 754 2314; x_wconf 84' lang='lat' dir='ltr'><strong>bus;</strong></span> <span class='ocrx_word' id='word_1_265' title='bbox 788 2261 889 2303; x_wconf 91' lang='lat' dir='ltr'><strong>nec</strong></span> <span class='ocrx_word' id='word_1_266' title='bbox 917 2242 1207 2301; x_wconf 89' lang='lat' dir='ltr'><strong>omittendi</strong></span> <span class='ocrx_word' id='word_1_267' title='bbox 1237 2241 1392 2297; x_wconf 82' lang='lat' dir='ltr'><strong>luere</strong></span> <span class='ocrx_word' id='word_1_268' title='bbox 1423 2238 1686 2301; x_wconf 84' lang='lat' dir='ltr'><strong>Ortelius,</strong></span> <span class='ocrx_word' id='word_1_269' title='bbox 1722 2236 2014 2301; x_wconf 80' lang='lat' dir='ltr'><strong>Mercator,</strong></span> <span class='ocrx_word' id='word_1_270' title='bbox 2044 2230 2219 2287; x_wconf 77' lang='lat' dir='ltr'><strong>\‘illa-</strong></span> 
     </span>
    </p>
   </div>
   <div class='ocr_carea' id='block_1_38' title="bbox 618 2323 2221 2405">
    <p class='ocr_par' dir='ltr' id='par_1_38' title="bbox 618 2323 2221 2405">
     <span class='ocr_line' id='line_1_38' title="bbox 618 2323 2221 2405; baseline -0.011 -6"><span class='ocrx_word' id='word_1_271' title='bbox 618 2356 786 2405; x_wconf 81' lang='lat' dir='ltr'><strong>nova,</strong></span> <span class='ocrx_word' id='word_1_272' title='bbox 817 2339 1090 2399; x_wconf 79' lang='lat' dir='ltr'><strong>Moletius,</strong></span> <span class='ocrx_word' id='word_1_273' title='bbox 1126 2335 1347 2398; x_wconf 82' lang='lat' dir='ltr'><strong>Millius,</strong></span> <span class='ocrx_word' id='word_1_274' title='bbox 1377 2329 1772 2395; x_wconf 82' lang='lat' dir='ltr'><strong>Nebrisscnsis,</strong></span> <span class='ocrx_word' id='word_1_275' title='bbox 1809 2327 2047 2392; x_wconf 68' lang='lat' dir='ltr'><strong>Taraﬂa,</strong></span> <span class='ocrx_word' id='word_1_276' title='bbox 2091 2323 2221 2381; x_wconf 87' lang='lat' dir='ltr'><strong>Clu-</strong></span> 
     </span>
    </p>
   </div>
   <div class='ocr_carea' id='block_1_39' title="bbox 615 2418 2220 2501">
    <p class='ocr_par' dir='ltr' id='par_1_39' title="bbox 615 2418 2220 2501">
     <span class='ocr_line' id='line_1_39' title="bbox 615 2418 2220 2501; baseline -0.012 -9"><span class='ocrx_word' id='word_1_277' title='bbox 615 2437 752 2501; x_wconf 86' lang='lat' dir='ltr'><strong>sius,</strong></span> <span class='ocrx_word' id='word_1_278' title='bbox 789 2442 843 2488; x_wconf 92' lang='lat' dir='ltr'><strong>et</strong></span> <span class='ocrx_word' id='word_1_279' title='bbox 873 2432 1213 2487; x_wconf 87' lang='lat' dir='ltr'><strong>diversorum</strong></span> <span class='ocrx_word' id='word_1_280' title='bbox 1245 2441 1541 2495; x_wconf 87' lang='lat' dir='ltr'><strong>regnorum</strong></span> <span class='ocrx_word' id='word_1_281' title='bbox 1572 2424 1736 2478; x_wconf 83' lang='lat' dir='ltr'><strong>variae</strong></span> <span class='ocrx_word' id='word_1_282' title='bbox 1765 2422 2030 2488; x_wconf 65' lang='lat' dir='ltr'><strong>historiae,</strong></span> <span class='ocrx_word' id='word_1_283' title='bbox 2065 2419 2143 2473; x_wconf 88' lang='lat' dir='ltr'><strong>uti</strong></span> <span class='ocrx_word' id='word_1_284' title='bbox 2165 2418 2220 2473; x_wconf 93' lang='lat' dir='ltr'><strong>in</strong></span> 
     </span>
    </p>
   </div>
   <div class='ocr_carea' id='block_1_40' title="bbox 619 2511 2220 2591">
    <p class='ocr_par' dir='ltr' id='par_1_40' title="bbox 619 2511 2220 2591">
     <span class='ocr_line' id='line_1_40' title="bbox 619 2511 2220 2591; baseline -0.01 -8"><span class='ocrx_word' id='word_1_285' title='bbox 619 2528 774 2584; x_wconf 83' lang='lat' dir='ltr'><strong>hisce</strong></span> <span class='ocrx_word' id='word_1_286' title='bbox 800 2521 1213 2581; x_wconf 88' lang='lat' dir='ltr'><strong>commentariis</strong></span> <span class='ocrx_word' id='word_1_287' title='bbox 1251 2520 1632 2591; x_wconf 86' lang='lat' dir='ltr'><strong>experimento</strong></span> <span class='ocrx_word' id='word_1_288' title='bbox 1682 2517 1842 2572; x_wconf 70' lang='lat' dir='ltr'><strong>facile</strong></span> <span class='ocrx_word' id='word_1_289' title='bbox 1892 2511 2220 2586; x_wconf 86' lang='lat' dir='ltr'><strong>comproba-</strong></span> 
     </span>
    </p>
   </div>
   <div class='ocr_carea' id='block_1_41' title="bbox 614 2614 2222 2683">
    <p class='ocr_par' dir='ltr' id='par_1_41' title="bbox 614 2614 2222 2683">
     <span class='ocr_line' id='line_1_41' title="bbox 614 2614 2222 2683; baseline -0.011 -6"><span class='ocrx_word' id='word_1_290' title='bbox 614 2620 786 2677; x_wconf 90' lang='lat' dir='ltr'><strong>bitur.</strong></span> <span class='ocrx_word' id='word_1_291' title='bbox 819 2619 964 2674; x_wconf 89' lang='lat' dir='ltr'><strong>Sane</strong></span> <span class='ocrx_word' id='word_1_292' title='bbox 993 2617 1154 2672; x_wconf 85' lang='lat' dir='ltr'><strong>rebus</strong></span> <span class='ocrx_word' id='word_1_293' title='bbox 1189 2615 1382 2683; x_wconf 72' lang='lat' dir='ltr'><strong>pati-ire</strong></span> <span class='ocrx_word' id='word_1_294' title='bbox 1410 2627 1523 2669; x_wconf 69' lang='lat' dir='ltr'><strong>sua!</strong></span> <span class='ocrx_word' id='word_1_295' title='bbox 1558 2619 1766 2665; x_wconf 88' lang='lat' dir='ltr'><strong>tantam</strong></span> <span class='ocrx_word' id='word_1_296' title='bbox 1803 2619 2000 2664; x_wconf 86' lang='lat' dir='ltr'><strong>auctor</strong></span> <span class='ocrx_word' id='word_1_297' title='bbox 2032 2614 2222 2662; x_wconf 91' lang='lat' dir='ltr'><strong>noster</strong></span> 
     </span>
    </p>
   </div>
   <div class='ocr_carea' id='block_1_42' title="bbox 620 2698 2226 2781">
    <p class='ocr_par' dir='ltr' id='par_1_42' title="bbox 620 2698 2226 2781">
     <span class='ocr_line' id='line_1_42' title="bbox 620 2698 2226 2781; baseline -0.011 -11"><span class='ocrx_word' id='word_1_298' title='bbox 620 2715 802 2770; x_wconf 90' lang='lat' dir='ltr'><strong>lucem</strong></span> <span class='ocrx_word' id='word_1_299' title='bbox 830 2709 1006 2776; x_wconf 79' lang='lat' dir='ltr'><strong>an‘ert,</strong></span> <span class='ocrx_word' id='word_1_300' title='bbox 1060 2708 1402 2781; x_wconf 84' lang='lat' dir='ltr'><strong>singulorum</strong></span> <span class='ocrx_word' id='word_1_301' title='bbox 1453 2713 1753 2777; x_wconf 84' lang='lat' dir='ltr'><strong>martyrum</strong></span> <span class='ocrx_word' id='word_1_302' title='bbox 1800 2700 1964 2757; x_wconf 84' lang='lat' dir='ltr'><strong>urbes</strong></span> <span class='ocrx_word' id='word_1_303' title='bbox 2004 2698 2226 2770; x_wconf 89' lang='lat' dir='ltr'><strong>proprio</strong></span> 
     </span>
    </p>
   </div>
   <div class='ocr_carea' id='block_1_43' title="bbox 622 2790 2225 2866">
    <p class='ocr_par' dir='ltr' id='par_1_43' title="bbox 622 2790 2225 2866">
     <span class='ocr_line' id='line_1_43' title="bbox 622 2790 2225 2866; baseline -0.01 -4"><span class='ocrx_word' id='word_1_304' title='bbox 622 2813 824 2862; x_wconf 84' lang='lat' dir='ltr'><strong>notans</strong></span> <span class='ocrx_word' id='word_1_305' title='bbox 871 2804 1095 2858; x_wconf 84' lang='lat' dir='ltr'><strong>nomine</strong></span> <span class='ocrx_word' id='word_1_306' title='bbox 1133 2817 1146 2852; x_wconf 76' lang='grc' dir='ltr'><strong>ε</strong></span> <span class='ocrx_word' id='word_1_307' title='bbox 1191 2801 1504 2862; x_wconf 86' lang='lat' dir='ltr'><strong>Doctorum,</strong></span> <span class='ocrx_word' id='word_1_308' title='bbox 1557 2805 1615 2852; x_wconf 91' lang='lat' dir='ltr'><strong>et</strong></span> <span class='ocrx_word' id='word_1_309' title='bbox 1661 2797 2082 2866; x_wconf 88' lang='lat' dir='ltr'><strong>episcoporum,</strong></span> <span class='ocrx_word' id='word_1_310' title='bbox 2130 2790 2225 2861; x_wconf 91' lang='lat' dir='ltr'><strong>qui</strong></span> 
     </span>
    </p>
   </div>
   <div class='ocr_carea' id='block_1_44' title="bbox 624 2884 2227 2972">
    <p class='ocr_par' dir='ltr' id='par_1_44' title="bbox 624 2884 2227 2972">
     <span class='ocr_line' id='line_1_44' title="bbox 624 2884 2227 2972; baseline -0.01 -17"><span class='ocrx_word' id='word_1_311' title='bbox 624 2898 822 2972; x_wconf 85' lang='lat' dir='ltr'><strong>priscis</strong></span> <span class='ocrx_word' id='word_1_312' title='bbox 849 2896 958 2953; x_wconf 86' lang='lat' dir='ltr'><strong>illis</strong></span> <span class='ocrx_word' id='word_1_313' title='bbox 990 2894 1328 2966; x_wconf 88' lang='lat' dir='ltr'><strong>temporibus</strong></span> <span class='ocrx_word' id='word_1_314' title='bbox 1357 2903 1467 2947; x_wconf 91' lang='lat' dir='ltr'><strong>tota</strong></span> <span class='ocrx_word' id='word_1_315' title='bbox 1516 2891 1776 2962; x_wconf 77' lang='lat' dir='ltr'><strong>lliSpania</strong></span> <span class='ocrx_word' id='word_1_316' title='bbox 1804 2888 2043 2944; x_wconf 81' lang='lat' dir='ltr'><strong>ﬂoruere</strong></span> <span class='ocrx_word' id='word_1_317' title='bbox 2073 2884 2227 2941; x_wconf 82' lang='lat' dir='ltr'><strong>illus-</strong></span> 
     </span>
    </p>
   </div>
   <div class='ocr_carea' id='block_1_45' title="bbox 621 2979 2226 3062">
    <p class='ocr_par' dir='ltr' id='par_1_45' title="bbox 621 2979 2226 3062">
     <span class='ocr_line' id='line_1_45' title="bbox 621 2979 2226 3062; baseline -0.009 -15"><span class='ocrx_word' id='word_1_318' title='bbox 621 3000 735 3049; x_wconf 88' lang='lat' dir='ltr'><strong>tres</strong></span> <span class='ocrx_word' id='word_1_319' title='bbox 764 2991 1021 3062; x_wconf 87' lang='lat' dir='ltr'><strong>ingerens</strong></span> <span class='ocrx_word' id='word_1_320' title='bbox 1048 2988 1365 3050; x_wconf 87' lang='lat' dir='ltr'><strong>memorias,</strong></span> <span class='ocrx_word' id='word_1_321' title='bbox 1397 3001 1426 3039; x_wconf 90' lang='lat' dir='ltr'><strong>a</strong></span> <span class='ocrx_word' id='word_1_322' title='bbox 1458 2987 1657 3054; x_wconf 88' lang='lat' dir='ltr'><strong>quibus</strong></span> <span class='ocrx_word' id='word_1_323' title='bbox 1686 2983 1922 3054; x_wconf 89' lang='lat' dir='ltr'><strong>denique</strong></span> <span class='ocrx_word' id='word_1_324' title='bbox 1955 2979 2226 3036; x_wconf 84' lang='lat' dir='ltr'><strong>catholica</strong></span> 
     </span>
    </p>
   </div>
   <div class='ocr_carea' id='block_1_46' title="bbox 624 3074 2228 3151">
    <p class='ocr_par' dir='ltr' id='par_1_46' title="bbox 624 3074 2228 3151">
     <span class='ocr_line' id='line_1_46' title="bbox 624 3074 2228 3151; baseline -0.009 -10"><span class='ocrx_word' id='word_1_325' title='bbox 624 3084 763 3140; x_wconf 79' lang='lat' dir='ltr'><strong>ﬁdes</strong></span> <span class='ocrx_word' id='word_1_326' title='bbox 792 3081 968 3149; x_wconf 84' lang='lat' dir='ltr'><strong>initia,</strong></span> <span class='ocrx_word' id='word_1_327' title='bbox 1016 3095 1342 3151; x_wconf 85' lang='lat' dir='ltr'><strong>progressus</strong></span> <span class='ocrx_word' id='word_1_328' title='bbox 1382 3089 1440 3133; x_wconf 89' lang='lat' dir='ltr'><strong>et</strong></span> <span class='ocrx_word' id='word_1_329' title='bbox 1483 3085 1776 3150; x_wconf 88' lang='lat' dir='ltr'><strong>augmenta</strong></span> <span class='ocrx_word' id='word_1_330' title='bbox 1812 3074 2052 3146; x_wconf 87' lang='lat' dir='ltr'><strong>ceperit,</strong></span> <span class='ocrx_word' id='word_1_331' title='bbox 2103 3085 2228 3144; x_wconf 52' lang='lat' dir='ltr'><strong>quae.</strong></span> 
     </span>
    </p>
   </div>
   <div class='ocr_carea' id='block_1_47' title="bbox 2321 1842 3936 1917">
    <p class='ocr_par' dir='ltr' id='par_1_47' title="bbox 2321 1842 3936 1917">
     <span class='ocr_line' id='line_1_47' title="bbox 2321 1842 3936 1917; baseline -0.007 -9"><span class='ocrx_word' id='word_1_332' title='bbox 2321 1852 2492 1908; x_wconf 89' lang='lat' dir='ltr'><strong>semel</strong></span> <span class='ocrx_word' id='word_1_333' title='bbox 2541 1853 2822 1908; x_wconf 76' lang='lat' dir='ltr'><strong>dumtaxat</strong></span> <span class='ocrx_word' id='word_1_334' title='bbox 2861 1849 3024 1906; x_wconf 78' lang='lat' dir='ltr'><strong>scribi</strong></span> <span class='ocrx_word' id='word_1_335' title='bbox 3073 1846 3283 1904; x_wconf 90' lang='lat' dir='ltr'><strong>debuit.</strong></span> <span class='ocrx_word' id='word_1_336' title='bbox 3341 1846 3566 1917; x_wconf 85' lang='lat' dir='ltr'><strong>Insuper</strong></span> <span class='ocrx_word' id='word_1_337' title='bbox 3616 1860 3763 1900; x_wconf 87' lang='lat' dir='ltr'><strong>anno</strong></span> <span class='ocrx_word' id='word_1_338' title='bbox 3809 1842 3936 1899; x_wconf 83' lang='lat' dir='ltr'><strong>Do-</strong></span> 
     </span>
    </p>
   </div>
   <div class='ocr_carea' id='block_1_48' title="bbox 2323 1937 3940 2004">
    <p class='ocr_par' dir='ltr' id='par_1_48' title="bbox 2323 1937 3940 2004">
     <span class='ocr_line' id='line_1_48' title="bbox 2323 1937 3940 2004; baseline -0.005 -1"><span class='ocrx_word' id='word_1_339' title='bbox 2323 1951 2453 2003; x_wconf 90' lang='lat' dir='ltr'><strong>mini</strong></span> <span class='ocrx_word' id='word_1_340' title='bbox 2487 1948 2579 2004; x_wconf 87' lang='lat'><strong>86.</strong></span> <span class='ocrx_word' id='word_1_341' title='bbox 2617 1958 2735 2002; x_wconf 87' lang='lat' dir='ltr'><strong>erat</strong></span> <span class='ocrx_word' id='word_1_342' title='bbox 2781 1947 3094 2002; x_wconf 80' lang='lat' dir='ltr'><strong>intermixta</strong></span> <span class='ocrx_word' id='word_1_343' title='bbox 3127 1945 3389 2000; x_wconf 87' lang='lat' dir='ltr'><strong>memoria</strong></span> <span class='ocrx_word' id='word_1_344' title='bbox 3430 1943 3489 2000; x_wconf 89' lang='lat' dir='ltr'><strong>S.</strong></span> <span class='ocrx_word' id='word_1_345' title='bbox 3518 1939 3757 1997; x_wconf 81' lang='lat' dir='ltr'><strong>Narcissi</strong></span> <span class='ocrx_word' id='word_1_346' title='bbox 3786 1937 3940 1995; x_wconf 79' lang='lat' dir='ltr'><strong>Bra-</strong></span> 
     </span>
    </p>
   </div>
   <div class='ocr_carea' id='block_1_49' title="bbox 2321 2032 3941 2112">
    <p class='ocr_par' dir='ltr' id='par_1_49' title="bbox 2321 2032 3941 2112">
     <span class='ocr_line' id='line_1_49' title="bbox 2321 2032 3941 2112; baseline -0.006 -15"><span class='ocrx_word' id='word_1_347' title='bbox 2321 2043 2567 2097; x_wconf 86' lang='lat' dir='ltr'><strong>carensis</strong></span> <span class='ocrx_word' id='word_1_348' title='bbox 2590 2040 2852 2112; x_wconf 87' lang='lat' dir='ltr'><strong>episcopi,</strong></span> <span class='ocrx_word' id='word_1_349' title='bbox 2889 2037 3165 2096; x_wconf 63' lang='lat' dir='ltr'><strong>Gerunda</strong></span> <span class='ocrx_word' id='word_1_350' title='bbox 3193 2039 3395 2102; x_wconf 86' lang='lat' dir='ltr'><strong>occisi,</strong></span> <span class='ocrx_word' id='word_1_351' title='bbox 3436 2037 3528 2106; x_wconf 87' lang='lat' dir='ltr'><strong>qui</strong></span> <span class='ocrx_word' id='word_1_352' title='bbox 3576 2046 3759 2091; x_wconf 87' lang='lat' dir='ltr'><strong>tamen</strong></span> <span class='ocrx_word' id='word_1_353' title='bbox 3801 2032 3941 2103; x_wconf 79' lang='lat' dir='ltr'><strong>ipso</strong></span> 
     </span>
    </p>
   </div>
   <div class='ocr_carea' id='block_1_50' title="bbox 2324 2126 3944 2203">
    <p class='ocr_par' dir='ltr' id='par_1_50' title="bbox 2324 2126 3944 2203">
     <span class='ocr_line' id='line_1_50' title="bbox 2324 2126 3944 2203; baseline -0.007 -11"><span class='ocrx_word' id='word_1_354' title='bbox 2324 2135 2531 2192; x_wconf 86' lang='lat' dir='ltr'><strong>Dextro</strong></span> <span class='ocrx_word' id='word_1_355' title='bbox 2562 2143 2702 2189; x_wconf 83' lang='lat' dir='ltr'><strong>teste</strong></span> <span class='ocrx_word' id='word_1_356' title='bbox 2749 2142 2872 2203; x_wconf 85' lang='lat' dir='ltr'><strong>post</strong></span> <span class='ocrx_word' id='word_1_357' title='bbox 2918 2131 3028 2190; x_wconf 74' lang='lat'><strong>200</strong></span> <span class='ocrx_word' id='word_1_358' title='bbox 3074 2129 3190 2187; x_wconf 79' lang='lat' dir='ltr'><strong>fere</strong></span> <span class='ocrx_word' id='word_1_359' title='bbox 3228 2144 3404 2186; x_wconf 87' lang='lat' dir='ltr'><strong>annos</strong></span> <span class='ocrx_word' id='word_1_360' title='bbox 3437 2136 3661 2185; x_wconf 85' lang='lat' dir='ltr'><strong>necatus</strong></span> <span class='ocrx_word' id='word_1_361' title='bbox 3705 2126 3842 2191; x_wconf 80' lang='lat' dir='ltr'><strong>luit;</strong></span> <span class='ocrx_word' id='word_1_362' title='bbox 3878 2137 3944 2182; x_wconf 86' lang='lat' dir='ltr'><strong>et</strong></span> 
     </span>
    </p>
   </div>
   <div class='ocr_carea' id='block_1_51' title="bbox 2323 2221 3940 2299">
    <p class='ocr_par' dir='ltr' id='par_1_51' title="bbox 2323 2221 3940 2299">
     <span class='ocr_line' id='line_1_51' title="bbox 2323 2221 3940 2299; baseline -0.006 -15"><span class='ocrx_word' id='word_1_363' title='bbox 2323 2228 2392 2284; x_wconf 91' lang='lat' dir='ltr'><strong>de</strong></span> <span class='ocrx_word' id='word_1_364' title='bbox 2421 2228 2540 2298; x_wconf 84' lang='lat' dir='ltr'><strong>ejus</strong></span> <span class='ocrx_word' id='word_1_365' title='bbox 2569 2228 2832 2299; x_wconf 82' lang='lat' dir='ltr'><strong>martyrio</strong></span> <span class='ocrx_word' id='word_1_366' title='bbox 2861 2224 3054 2281; x_wconf 89' lang='lat' dir='ltr'><strong>scribit</strong></span> <span class='ocrx_word' id='word_1_367' title='bbox 3079 2223 3149 2280; x_wconf 90' lang='lat' dir='ltr'><strong>ad</strong></span> <span class='ocrx_word' id='word_1_368' title='bbox 3177 2239 3308 2279; x_wconf 89' lang='lat' dir='ltr'><strong>ann.</strong></span> <span class='ocrx_word' id='word_1_369' title='bbox 3340 2222 3470 2288; x_wconf 68' lang='lat'><strong>277,</strong></span> <span class='ocrx_word' id='word_1_370' title='bbox 3491 2222 3633 2279; x_wconf 88' lang='lat' dir='ltr'><strong>unde</strong></span> <span class='ocrx_word' id='word_1_371' title='bbox 3653 2221 3940 2276; x_wconf 80' lang='lat' dir='ltr'><strong>memoria</strong></span> 
     </span>
    </p>
   </div>
   <div class='ocr_carea' id='block_1_52' title="bbox 2325 2317 3938 2396">
    <p class='ocr_par' dir='ltr' id='par_1_52' title="bbox 2325 2317 3938 2396">
     <span class='ocr_line' id='line_1_52' title="bbox 2325 2317 3938 2396; baseline -0.007 -14"><span class='ocrx_word' id='word_1_372' title='bbox 2325 2326 2416 2382; x_wconf 91' lang='lat' dir='ltr'><strong>illa</strong></span> <span class='ocrx_word' id='word_1_373' title='bbox 2457 2328 2610 2396; x_wconf 90' lang='lat' dir='ltr'><strong>prior</strong></span> <span class='ocrx_word' id='word_1_374' title='bbox 2653 2323 2886 2394; x_wconf 81' lang='lat' dir='ltr'><strong>expungi</strong></span> <span class='ocrx_word' id='word_1_375' title='bbox 2927 2321 3137 2378; x_wconf 88' lang='lat' dir='ltr'><strong>debuit.</strong></span> <span class='ocrx_word' id='word_1_376' title='bbox 3187 2323 3343 2376; x_wconf 74' lang='lat' dir='ltr'><strong>Anno</strong></span> <span class='ocrx_word' id='word_1_377' title='bbox 3387 2319 3492 2376; x_wconf 77' lang='lat' dir='ltr'><strong>HO</strong></span> <span class='ocrx_word' id='word_1_378' title='bbox 3539 2317 3806 2389; x_wconf 75' lang='lat' dir='ltr'><strong>agebatur</strong></span> <span class='ocrx_word' id='word_1_379' title='bbox 3859 2317 3938 2372; x_wconf 87' lang='lat' dir='ltr'><strong>de</strong></span> 
     </span>
    </p>
   </div>
   <div class='ocr_carea' id='block_1_53' title="bbox 2325 2408 3937 2489">
    <p class='ocr_par' dir='ltr' id='par_1_53' title="bbox 2325 2408 3937 2489">
     <span class='ocr_line' id='line_1_53' title="bbox 2325 2408 3937 2489; baseline -0.007 -14"><span class='ocrx_word' id='word_1_380' title='bbox 2325 2417 2632 2489; x_wconf 83' lang='lat' dir='ltr'><strong>Porpliyrio</strong></span> <span class='ocrx_word' id='word_1_381' title='bbox 2684 2416 3048 2488; x_wconf 85' lang='lat' dir='ltr'><strong>philosopho,</strong></span> <span class='ocrx_word' id='word_1_382' title='bbox 3119 2423 3174 2469; x_wconf 91' lang='lat' dir='ltr'><strong>et</strong></span> <span class='ocrx_word' id='word_1_383' title='bbox 3222 2411 3584 2484; x_wconf 88' lang='lat' dir='ltr'><strong>scriptoribus</strong></span> <span class='ocrx_word' id='word_1_384' title='bbox 3628 2425 3757 2466; x_wconf 88' lang='lat' dir='ltr'><strong>eum</strong></span> <span class='ocrx_word' id='word_1_385' title='bbox 3815 2408 3937 2464; x_wconf 82' lang='lat' dir='ltr'><strong>isn-</strong></span> 
     </span>
    </p>
   </div>
   <div class='ocr_carea' id='block_1_54' title="bbox 2328 2499 3939 2580">
    <p class='ocr_par' dir='ltr' id='par_1_54' title="bbox 2328 2499 3939 2580">
     <span class='ocr_line' id='line_1_54' title="bbox 2328 2499 3939 2580; baseline -0.004 -17"><span class='ocrx_word' id='word_1_386' title='bbox 2328 2509 2722 2580; x_wconf 85' lang='lat' dir='ltr'><strong>pugnantibus,</strong></span> <span class='ocrx_word' id='word_1_387' title='bbox 2774 2522 2899 2563; x_wconf 90' lang='lat' dir='ltr'><strong>cum</strong></span> <span class='ocrx_word' id='word_1_388' title='bbox 2957 2518 3139 2561; x_wconf 91' lang='lat' dir='ltr'><strong>tamen</strong></span> <span class='ocrx_word' id='word_1_389' title='bbox 3197 2503 3251 2560; x_wconf 90' lang='lat' dir='ltr'><strong>id</strong></span> <span class='ocrx_word' id='word_1_390' title='bbox 3303 2505 3431 2559; x_wconf 86' lang='lat' dir='ltr'><strong>anni</strong></span> <span class='ocrx_word' id='word_1_391' title='bbox 3482 2503 3589 2560; x_wconf 75' lang='lat' dir='ltr'><strong>3H)</strong></span> <span class='ocrx_word' id='word_1_392' title='bbox 3640 2499 3939 2572; x_wconf 83' lang='lat' dir='ltr'><strong>preprium</strong></span> 
     </span>
    </p>
   </div>
   <div class='ocr_carea' id='block_1_55' title="bbox 2327 2593 3942 2672">
    <p class='ocr_par' dir='ltr' id='par_1_55' title="bbox 2327 2593 3942 2672">
     <span class='ocr_line' id='line_1_55' title="bbox 2327 2593 3942 2672; baseline -0.007 -13"><span class='ocrx_word' id='word_1_393' title='bbox 2327 2613 2495 2665; x_wconf 89' lang='lat' dir='ltr'><strong>esset,</strong></span> <span class='ocrx_word' id='word_1_394' title='bbox 2529 2614 2582 2658; x_wconf 92' lang='lat' dir='ltr'><strong>et</strong></span> <span class='ocrx_word' id='word_1_395' title='bbox 2609 2603 2710 2672; x_wconf 90' lang='lat' dir='ltr'><strong>ipsi</strong></span> <span class='ocrx_word' id='word_1_396' title='bbox 2740 2599 3048 2656; x_wconf 89' lang='lat' dir='ltr'><strong>necessario</strong></span> <span class='ocrx_word' id='word_1_397' title='bbox 3082 2595 3502 2654; x_wconf 82' lang='lat' dir='ltr'><strong>restituendum.</strong></span> <span class='ocrx_word' id='word_1_398' title='bbox 3534 2593 3762 2650; x_wconf 84' lang='lat' dir='ltr'><strong>Nomina</strong></span> <span class='ocrx_word' id='word_1_399' title='bbox 3798 2607 3942 2662; x_wconf 84' lang='lat' dir='ltr'><strong>pro—</strong></span> 
     </span>
    </p>
   </div>
   <div class='ocr_carea' id='block_1_56' title="bbox 2329 2688 3941 2768">
    <p class='ocr_par' dir='ltr' id='par_1_56' title="bbox 2329 2688 3941 2768">
     <span class='ocr_line' id='line_1_56' title="bbox 2329 2688 3941 2768; baseline -0.006 -17"><span class='ocrx_word' id='word_1_400' title='bbox 2329 2697 2443 2768; x_wconf 88' lang='lat' dir='ltr'><strong>pria</strong></span> <span class='ocrx_word' id='word_1_401' title='bbox 2469 2695 2684 2751; x_wconf 87' lang='lat' dir='ltr'><strong>urbium</strong></span> <span class='ocrx_word' id='word_1_402' title='bbox 2717 2703 2773 2750; x_wconf 92' lang='lat' dir='ltr'><strong>et</strong></span> <span class='ocrx_word' id='word_1_403' title='bbox 2795 2707 3179 2764; x_wconf 85' lang='lat' dir='ltr'><strong>personarum,</strong></span> <span class='ocrx_word' id='word_1_404' title='bbox 3213 2693 3258 2746; x_wconf 90' lang='lat' dir='ltr'><strong>si</strong></span> <span class='ocrx_word' id='word_1_405' title='bbox 3288 2705 3408 2761; x_wconf 81' lang='lat' dir='ltr'><strong>qua:</strong></span> <span class='ocrx_word' id='word_1_406' title='bbox 3434 2688 3634 2744; x_wconf 89' lang='lat' dir='ltr'><strong>alicubi</strong></span> <span class='ocrx_word' id='word_1_407' title='bbox 3663 2694 3941 2756; x_wconf 81' lang='lat' dir='ltr'><strong>corrupta</strong></span> 
     </span>
    </p>
   </div>
   <div class='ocr_carea' id='block_1_57' title="bbox 2327 2781 3939 2855">
    <p class='ocr_par' dir='ltr' id='par_1_57' title="bbox 2327 2781 3939 2855">
     <span class='ocr_line' id='line_1_57' title="bbox 2327 2781 3939 2855; baseline -0.007 -12"><span class='ocrx_word' id='word_1_408' title='bbox 2327 2798 2503 2849; x_wconf 84' lang='lat' dir='ltr'><strong>erant.</strong></span> <span class='ocrx_word' id='word_1_409' title='bbox 2550 2801 2616 2842; x_wconf 88' lang='lat' dir='ltr'><strong>ex</strong></span> <span class='ocrx_word' id='word_1_410' title='bbox 2647 2785 2771 2840; x_wconf 87' lang='lat' dir='ltr'><strong>aliis</strong></span> <span class='ocrx_word' id='word_1_411' title='bbox 2799 2783 3043 2855; x_wconf 86' lang='lat' dir='ltr'><strong>ejusdem</strong></span> <span class='ocrx_word' id='word_1_412' title='bbox 3082 2785 3326 2838; x_wconf 81' lang='lat' dir='ltr'><strong>auctoris</strong></span> <span class='ocrx_word' id='word_1_413' title='bbox 3373 2781 3732 2844; x_wconf 86' lang='lat' dir='ltr'><strong>testimoniis,</strong></span> <span class='ocrx_word' id='word_1_414' title='bbox 3772 2788 3832 2834; x_wconf 89' lang='lat' dir='ltr'><strong>et</strong></span> <span class='ocrx_word' id='word_1_415' title='bbox 3864 2793 3939 2835; x_wconf 88' lang='lat' dir='ltr'><strong>ex</strong></span> 
     </span>
    </p>
   </div>
   <div class='ocr_carea' id='block_1_58' title="bbox 2331 2870 3939 2949">
    <p class='ocr_par' dir='ltr' id='par_1_58' title="bbox 2331 2870 3939 2949">
     <span class='ocr_line' id='line_1_58' title="bbox 2331 2870 3939 2949; baseline -0.005 -12"><span class='ocrx_word' id='word_1_416' title='bbox 2331 2883 2564 2937; x_wconf 85' lang='lat' dir='ltr'><strong>lectione</strong></span> <span class='ocrx_word' id='word_1_417' title='bbox 2594 2881 2939 2949; x_wconf 88' lang='lat' dir='ltr'><strong>antiquorum</strong></span> <span class='ocrx_word' id='word_1_418' title='bbox 2964 2877 3056 2948; x_wconf 92' lang='lat' dir='ltr'><strong>qui</strong></span> <span class='ocrx_word' id='word_1_419' title='bbox 3087 2877 3154 2932; x_wconf 91' lang='lat' dir='ltr'><strong>de</strong></span> <span class='ocrx_word' id='word_1_420' title='bbox 3183 2876 3252 2932; x_wconf 88' lang='lat' dir='ltr'><strong>iis</strong></span> <span class='ocrx_word' id='word_1_421' title='bbox 3285 2884 3550 2940; x_wconf 87' lang='lat' dir='ltr'><strong>tractant,</strong></span> <span class='ocrx_word' id='word_1_422' title='bbox 3594 2873 3795 2943; x_wconf 81' lang='lat' dir='ltr'><strong>corrigi</strong></span> <span class='ocrx_word' id='word_1_423' title='bbox 3827 2870 3939 2929; x_wconf 79' lang='lat' dir='ltr'><strong>de-</strong></span> 
     </span>
    </p>
   </div>
   <div class='ocr_carea' id='block_1_59' title="bbox 2331 2966 3939 3036">
    <p class='ocr_par' dir='ltr' id='par_1_59' title="bbox 2331 2966 3939 3036">
     <span class='ocr_line' id='line_1_59' title="bbox 2331 2966 3939 3036; baseline -0.007 -5"><span class='ocrx_word' id='word_1_424' title='bbox 2331 2977 2498 3031; x_wconf 89' lang='lat' dir='ltr'><strong>buere</strong></span> <span class='ocrx_word' id='word_1_425' title='bbox 2529 2993 2539 3028; x_wconf 94' lang='lat'>:</span> <span class='ocrx_word' id='word_1_426' title='bbox 2570 2973 2673 3030; x_wconf 82' lang='lat' dir='ltr'><strong>alia</strong></span> <span class='ocrx_word' id='word_1_427' title='bbox 2708 2988 2838 3028; x_wconf 87' lang='lat' dir='ltr'><strong>vero</strong></span> <span class='ocrx_word' id='word_1_428' title='bbox 2865 2988 2931 3026; x_wconf 90' lang='lat' dir='ltr'><strong>ex</strong></span> <span class='ocrx_word' id='word_1_429' title='bbox 2962 2969 3414 3028; x_wconf 79' lang='lat' dir='ltr'><strong>antecedentibus</strong></span> <span class='ocrx_word' id='word_1_430' title='bbox 3440 2978 3498 3023; x_wconf 88' lang='lat' dir='ltr'><strong>et</strong></span> <span class='ocrx_word' id='word_1_431' title='bbox 3530 2966 3939 3036; x_wconf 55' lang='lat' dir='ltr'><strong>consequenti.</strong></span> 
     </span>
    </p>
   </div>
   <div class='ocr_carea' id='block_1_60' title="bbox 2331 3058 3941 3130">
    <p class='ocr_par' dir='ltr' id='par_1_60' title="bbox 2331 3058 3941 3130">
     <span class='ocr_line' id='line_1_60' title="bbox 2331 3058 3941 3130; baseline -0.007 -6"><span class='ocrx_word' id='word_1_432' title='bbox 2331 3072 2435 3125; x_wconf 86' lang='lat' dir='ltr'><strong>bus</strong></span> <span class='ocrx_word' id='word_1_433' title='bbox 2463 3068 2624 3124; x_wconf 76' lang='lat' dir='ltr'><strong>facile</strong></span> <span class='ocrx_word' id='word_1_434' title='bbox 2651 3065 2754 3122; x_wconf 76' lang='lat' dir='ltr'><strong>fuit</strong></span> <span class='ocrx_word' id='word_1_435' title='bbox 2781 3065 3108 3130; x_wconf 86' lang='lat' dir='ltr'><strong>emendare;</strong></span> <span class='ocrx_word' id='word_1_436' title='bbox 3141 3074 3196 3120; x_wconf 90' lang='lat' dir='ltr'><strong>et</strong></span> <span class='ocrx_word' id='word_1_437' title='bbox 3243 3060 3598 3118; x_wconf 85' lang='lat' dir='ltr'><strong>nihilominus</strong></span> <span class='ocrx_word' id='word_1_438' title='bbox 3622 3058 3803 3116; x_wconf 83' lang='lat' dir='ltr'><strong>adhuc</strong></span> <span class='ocrx_word' id='word_1_439' title='bbox 3829 3071 3941 3113; x_wconf 82' lang='lat' dir='ltr'><strong>suo</strong></span> 
     </span>
    </p>
   </div>
   <div class='ocr_carea' id='block_1_61' title="bbox 626 3150 3939 3250">
    <p class='ocr_par' dir='ltr' id='par_1_61' title="bbox 626 3150 3939 3250">
     <span class='ocr_line' id='line_1_61' title="bbox 626 3150 3939 3250; baseline -0.009 -17"><span class='ocrx_word' id='word_1_440' title='bbox 626 3177 793 3233; x_wconf 90' lang='lat' dir='ltr'><strong>urbes</strong></span> <span class='ocrx_word' id='word_1_441' title='bbox 837 3175 1244 3250; x_wconf 68' lang='lat' dir='ltr'><strong>prateipuorum</strong></span> <span class='ocrx_word' id='word_1_442' title='bbox 1278 3181 1584 3244; x_wconf 82' lang='lat' dir='ltr'><strong>martyrum</strong></span> <span class='ocrx_word' id='word_1_443' title='bbox 1627 3171 1893 3243; x_wconf 83' lang='lat' dir='ltr'><strong>sanguine</strong></span> <span class='ocrx_word' id='word_1_444' title='bbox 1937 3168 2229 3226; x_wconf 67' lang='lat' dir='ltr'><strong>rubricata:</strong></span> <span class='ocrx_word' id='word_1_445' title='bbox 2255 3169 2303 3234; x_wconf 68' lang='grc' dir='ltr'><strong>(ζ</strong></span> <span class='ocrx_word' id='word_1_446' title='bbox 2336 3162 2503 3218; x_wconf 77' lang='lat' dir='ltr'><strong>nitori</strong></span> <span class='ocrx_word' id='word_1_447' title='bbox 2545 3161 2742 3216; x_wconf 83' lang='lat' dir='ltr'><strong>Dexter</strong></span> <span class='ocrx_word' id='word_1_448' title='bbox 2762 3159 2975 3215; x_wconf 78' lang='lat' dir='ltr'><strong>restitui</strong></span> <span class='ocrx_word' id='word_1_449' title='bbox 3001 3172 3112 3214; x_wconf 89' lang='lat' dir='ltr'><strong>non</strong></span> <span class='ocrx_word' id='word_1_450' title='bbox 3135 3157 3330 3220; x_wconf 83' lang='lat' dir='ltr'><strong>valuit,</strong></span> <span class='ocrx_word' id='word_1_451' title='bbox 3360 3170 3427 3210; x_wconf 91' lang='lat' dir='ltr'><strong>eo</strong></span> <span class='ocrx_word' id='word_1_452' title='bbox 3471 3153 3744 3225; x_wconf 68' lang='lat' dir='ltr'><strong>pmcipue</strong></span> <span class='ocrx_word' id='word_1_453' title='bbox 3781 3150 3939 3222; x_wconf 84' lang='lat' dir='ltr'><strong>quod</strong></span> 
     </span>
    </p>
   </div>
   <div class='ocr_carea' id='block_1_62' title="bbox 627 3257 2227 3337">
    <p class='ocr_par' dir='ltr' id='par_1_62' title="bbox 627 3257 2227 3337">
     <span class='ocr_line' id='line_1_62' title="bbox 627 3257 2227 3337; baseline -0.009 -11"><span class='ocrx_word' id='word_1_454' title='bbox 627 3267 884 3334; x_wconf 80' lang='lat' dir='ltr'><strong>fuerunt,</strong></span> <span class='ocrx_word' id='word_1_455' title='bbox 934 3281 1127 3337; x_wconf 63' lang='lat' dir='ltr'><strong>quaeve</strong></span> <span class='ocrx_word' id='word_1_456' title='bbox 1159 3264 1410 3323; x_wconf 89' lang='lat' dir='ltr'><strong>conciliis</strong></span> <span class='ocrx_word' id='word_1_457' title='bbox 1441 3278 1759 3332; x_wconf 87' lang='lat' dir='ltr'><strong>magnorum</strong></span> <span class='ocrx_word' id='word_1_458' title='bbox 1807 3262 2031 3318; x_wconf 85' lang='lat' dir='ltr'><strong>Patrum</strong></span> <span class='ocrx_word' id='word_1_459' title='bbox 2062 3257 2227 3315; x_wconf 91' lang='lat' dir='ltr'><strong>coho-</strong></span> 
     </span>
    </p>
   </div>
   <div class='ocr_carea' id='block_1_63' title="bbox 630 3352 2233 3430">
    <p class='ocr_par' dir='ltr' id='par_1_63' title="bbox 630 3352 2233 3430">
     <span class='ocr_line' id='line_1_63' title="bbox 630 3352 2233 3430; baseline -0.008 -10"><span class='ocrx_word' id='word_1_460' title='bbox 630 3370 892 3427; x_wconf 72' lang='lat' dir='ltr'><strong>nestatae;</strong></span> <span class='ocrx_word' id='word_1_461' title='bbox 924 3363 1016 3430; x_wconf 90' lang='lat' dir='ltr'><strong>qui</strong></span> <span class='ocrx_word' id='word_1_462' title='bbox 1056 3373 1306 3425; x_wconf 90' lang='lat' dir='ltr'><strong>errores,</strong></span> <span class='ocrx_word' id='word_1_463' title='bbox 1337 3365 1394 3414; x_wconf 91' lang='lat' dir='ltr'><strong>et</strong></span> <span class='ocrx_word' id='word_1_464' title='bbox 1433 3357 1638 3413; x_wconf 87' lang='lat' dir='ltr'><strong>abusus</strong></span> <span class='ocrx_word' id='word_1_465' title='bbox 1664 3357 1718 3411; x_wconf 92' lang='lat' dir='ltr'><strong>in</strong></span> <span class='ocrx_word' id='word_1_466' title='bbox 1766 3356 1835 3411; x_wconf 86' lang='lat' dir='ltr'><strong>iis</strong></span> <span class='ocrx_word' id='word_1_467' title='bbox 1872 3352 2142 3418; x_wconf 89' lang='lat' dir='ltr'><strong>damnati,</strong></span> <span class='ocrx_word' id='word_1_468' title='bbox 2177 3362 2233 3408; x_wconf 90' lang='lat' dir='ltr'><strong>et</strong></span> 
     </span>
    </p>
   </div>
   <div class='ocr_carea' id='block_1_64' title="bbox 626 3451 2233 3525">
    <p class='ocr_par' dir='ltr' id='par_1_64' title="bbox 626 3451 2233 3525">
     <span class='ocr_line' id='line_1_64' title="bbox 626 3451 2233 3525; baseline -0.009 -11"><span class='ocrx_word' id='word_1_469' title='bbox 626 3455 890 3515; x_wconf 88' lang='lat' dir='ltr'><strong>eliminati</strong></span> <span class='ocrx_word' id='word_1_470' title='bbox 918 3472 932 3510; x_wconf 91' lang='lat'><strong>:</strong></span> <span class='ocrx_word' id='word_1_471' title='bbox 960 3464 1020 3511; x_wconf 87' lang='lat' dir='ltr'><strong>ut</strong></span> <span class='ocrx_word' id='word_1_472' title='bbox 1043 3455 1169 3524; x_wconf 89' lang='lat' dir='ltr'><strong>jure</strong></span> <span class='ocrx_word' id='word_1_473' title='bbox 1193 3454 1401 3525; x_wconf 88' lang='lat' dir='ltr'><strong>optimo</strong></span> <span class='ocrx_word' id='word_1_474' title='bbox 1429 3451 1652 3523; x_wconf 89' lang='lat' dir='ltr'><strong>llispani</strong></span> <span class='ocrx_word' id='word_1_475' title='bbox 1683 3463 1880 3506; x_wconf 89' lang='lat' dir='ltr'><strong>omnes</strong></span> <span class='ocrx_word' id='word_1_476' title='bbox 1924 3457 2077 3504; x_wconf 87' lang='lat' dir='ltr'><strong>tanto</strong></span> <span class='ocrx_word' id='word_1_477' title='bbox 2103 3460 2233 3502; x_wconf 87' lang='lat' dir='ltr'><strong>auc-</strong></span> 
     </span>
    </p>
   </div>
   <div class='ocr_carea' id='block_1_65' title="bbox 626 3538 2232 3621">
    <p class='ocr_par' dir='ltr' id='par_1_65' title="bbox 626 3538 2232 3621">
     <span class='ocr_line' id='line_1_65' title="bbox 626 3538 2232 3621; baseline -0.01 -14"><span class='ocrx_word' id='word_1_478' title='bbox 626 3551 735 3607; x_wconf 90' lang='lat' dir='ltr'><strong>tori</strong></span> <span class='ocrx_word' id='word_1_479' title='bbox 759 3546 1091 3621; x_wconf 88' lang='lat' dir='ltr'><strong>plaudentes</strong></span> <span class='ocrx_word' id='word_1_480' title='bbox 1113 3558 1425 3616; x_wconf 87' lang='lat' dir='ltr'><strong>assurgere,</strong></span> <span class='ocrx_word' id='word_1_481' title='bbox 1457 3551 1513 3598; x_wconf 86' lang='lat' dir='ltr'><strong>et</strong></span> <span class='ocrx_word' id='word_1_482' title='bbox 1545 3541 1699 3613; x_wconf 90' lang='lat' dir='ltr'><strong>(Deo</strong></span> <span class='ocrx_word' id='word_1_483' title='bbox 1732 3538 1862 3610; x_wconf 88' lang='lat' dir='ltr'><strong>Opt.</strong></span> <span class='ocrx_word' id='word_1_484' title='bbox 1908 3539 2051 3596; x_wconf 78' lang='lat' dir='ltr'><strong>Max.</strong></span> <span class='ocrx_word' id='word_1_485' title='bbox 2106 3553 2232 3610; x_wconf 88' lang='lat' dir='ltr'><strong>gra-</strong></span> 
     </span>
    </p>
   </div>
   <div class='ocr_carea' id='block_1_66' title="bbox 623 3630 2230 3713">
    <p class='ocr_par' dir='ltr' id='par_1_66' title="bbox 623 3630 2230 3713">
     <span class='ocr_line' id='line_1_66' title="bbox 623 3630 2230 3713; baseline -0.008 -15"><span class='ocrx_word' id='word_1_486' title='bbox 623 3644 823 3699; x_wconf 88' lang='lat' dir='ltr'><strong>tiarum</strong></span> <span class='ocrx_word' id='word_1_487' title='bbox 855 3642 1096 3713; x_wconf 88' lang='lat' dir='ltr'><strong>primum</strong></span> <span class='ocrx_word' id='word_1_488' title='bbox 1137 3637 1454 3694; x_wconf 88' lang='lat' dir='ltr'><strong>actionibus</strong></span> <span class='ocrx_word' id='word_1_489' title='bbox 1492 3635 1800 3692; x_wconf 87' lang='lat' dir='ltr'><strong>decantatis</strong></span> <span class='ocrx_word' id='word_1_490' title='bbox 1848 3648 1946 3705; x_wconf 78' lang='lat' dir='ltr'><strong>pro</strong></span> <span class='ocrx_word' id='word_1_491' title='bbox 1971 3630 2230 3688; x_wconf 87' lang='lat' dir='ltr'><strong>Cltronici</strong></span> 
     </span>
    </p>
   </div>
   <div class='ocr_carea' id='block_1_67' title="bbox 629 3725 2232 3802">
    <p class='ocr_par' dir='ltr' id='par_1_67' title="bbox 629 3725 2232 3802">
     <span class='ocr_line' id='line_1_67' title="bbox 629 3725 2232 3802; baseline -0.011 -8"><span class='ocrx_word' id='word_1_492' title='bbox 629 3735 940 3794; x_wconf 83' lang='lat' dir='ltr'><strong>istiusmodi</strong></span> <span class='ocrx_word' id='word_1_493' title='bbox 970 3733 1329 3802; x_wconf 76' lang='lat' dir='ltr'><strong>inventione)</strong></span> <span class='ocrx_word' id='word_1_494' title='bbox 1363 3733 1416 3784; x_wconf 92' lang='lat' dir='ltr'><strong>in</strong></span> <span class='ocrx_word' id='word_1_495' title='bbox 1445 3730 1566 3802; x_wconf 84' lang='lat' dir='ltr'><strong>ejus</strong></span> <span class='ocrx_word' id='word_1_496' title='bbox 1591 3741 1881 3784; x_wconf 83' lang='lat' dir='ltr'><strong>occursum</strong></span> <span class='ocrx_word' id='word_1_497' title='bbox 1911 3725 2046 3781; x_wconf 92' lang='lat' dir='ltr'><strong>illud</strong></span> <span class='ocrx_word' id='word_1_498' title='bbox 2079 3726 2232 3779; x_wconf 82' lang='lat' dir='ltr'><strong>Cice-</strong></span> 
     </span>
    </p>
   </div>
   <div class='ocr_carea' id='block_1_68' title="bbox 631 3819 2232 3898">
    <p class='ocr_par' dir='ltr' id='par_1_68' title="bbox 631 3819 2232 3898">
     <span class='ocr_line' id='line_1_68' title="bbox 631 3819 2232 3898; baseline -0.009 -12"><span class='ocrx_word' id='word_1_499' title='bbox 631 3829 786 3886; x_wconf 88' lang='lat' dir='ltr'><strong>ronis</strong></span> <span class='ocrx_word' id='word_1_500' title='bbox 819 3829 922 3884; x_wconf 90' lang='lat' dir='ltr'><strong>sibi</strong></span> <span class='ocrx_word' id='word_1_501' title='bbox 968 3841 1251 3884; x_wconf 88' lang='lat' dir='ltr'><strong>assumere</strong></span> <span class='ocrx_word' id='word_1_502' title='bbox 1280 3833 1502 3898; x_wconf 88' lang='lat' dir='ltr'><strong>queant,</strong></span> <span class='ocrx_word' id='word_1_503' title='bbox 1534 3823 1630 3879; x_wconf 89' lang='lat' dir='ltr'><strong>lib.</strong></span> <span class='ocrx_word' id='word_1_504' title='bbox 1665 3838 1681 3876; x_wconf 82' lang='grc' dir='ltr'>ι</span> <span class='ocrx_word' id='word_1_505' title='bbox 1713 3820 1880 3878; x_wconf 83' lang='lat' dir='ltr'><strong>Acad.</strong></span> <span class='ocrx_word' id='word_1_506' title='bbox 1923 3829 2118 3891; x_wconf 64' lang='lat' dir='ltr'><strong>quaest.</strong></span> <span class='ocrx_word' id='word_1_507' title='bbox 2163 3819 2232 3872; x_wconf 90' lang='lat' dir='ltr'><strong>de</strong></span> 
     </span>
    </p>
   </div>
   <div class='ocr_carea' id='block_1_69' title="bbox 632 3915 2227 3988">
    <p class='ocr_par' dir='ltr' id='par_1_69' title="bbox 632 3915 2227 3988">
     <span class='ocr_line' id='line_1_69' title="bbox 632 3915 2227 3988; baseline -0.008 -8"><span class='ocrx_word' id='word_1_508' title='bbox 632 3924 704 3981; x_wconf 77' lang='grc' dir='ltr'><strong>Μ.</strong></span> <span class='ocrx_word' id='word_1_509' title='bbox 735 3925 979 3978; x_wconf 78' lang='lat' dir='ltr'><strong>Varrone</strong></span> <span class='ocrx_word' id='word_1_510' title='bbox 1016 3941 1026 3975; x_wconf 91' lang='lat'><em>:</em></span> <span class='ocrx_word' id='word_1_511' title='bbox 1062 3922 1173 3976; x_wconf 79' lang='lat' dir='ltr'><strong>Nos</strong></span> <span class='ocrx_word' id='word_1_512' title='bbox 1220 3922 1271 3974; x_wconf 88' lang='lat' dir='ltr'><strong>in</strong></span> <span class='ocrx_word' id='word_1_513' title='bbox 1318 3920 1509 3976; x_wconf 75' lang='lat' dir='ltr'><strong>nostris</strong></span> <span class='ocrx_word' id='word_1_514' title='bbox 1558 3917 1770 3972; x_wconf 80' lang='lat' dir='ltr'><strong>urbibus</strong></span> <span class='ocrx_word' id='word_1_515' title='bbox 1816 3915 2227 3988; x_wconf 80' lang='lat' dir='ltr'><strong>peregrinantes,</strong></span> 
     </span>
    </p>
   </div>
   <div class='ocr_carea' id='block_1_70' title="bbox 625 4010 2233 4087">
    <p class='ocr_par' dir='ltr' id='par_1_70' title="bbox 625 4010 2233 4087">
     <span class='ocr_line' id='line_1_70' title="bbox 625 4010 2233 4087; baseline -0.007 -15"><span class='ocrx_word' id='word_1_516' title='bbox 625 4027 959 4087; x_wconf 77' lang='lat' dir='ltr'><strong>errantesque</strong></span> <span class='ocrx_word' id='word_1_517' title='bbox 986 4028 1249 4085; x_wconf 75' lang='lat' dir='ltr'><strong>tamquam</strong></span> <span class='ocrx_word' id='word_1_518' title='bbox 1278 4015 1526 4082; x_wconf 80' lang='lat' dir='ltr'><strong>hospites,</strong></span> <span class='ocrx_word' id='word_1_519' title='bbox 1571 4015 1647 4068; x_wconf 87' lang='lat' dir='ltr'><strong>tui</strong></span> <span class='ocrx_word' id='word_1_520' title='bbox 1685 4010 1806 4065; x_wconf 82' lang='lat' dir='ltr'><strong>libri</strong></span> <span class='ocrx_word' id='word_1_521' title='bbox 1839 4012 1992 4080; x_wconf 85' lang='lat' dir='ltr'><strong>quasi</strong></span> <span class='ocrx_word' id='word_1_522' title='bbox 2017 4010 2233 4065; x_wconf 87' lang='lat' dir='ltr'><strong>domum</strong></span> 
     </span>
    </p>
   </div>
   <div class='ocr_carea' id='block_1_71' title="bbox 630 4102 2221 4175">
    <p class='ocr_par' dir='ltr' id='par_1_71' title="bbox 630 4102 2221 4175">
     <span class='ocr_line' id='line_1_71' title="bbox 630 4102 2221 4175; baseline -0.007 -10"><span class='ocrx_word' id='word_1_523' title='bbox 630 4111 994 4165; x_wconf 68' lang='lat' dir='ltr'><strong>reduxerunt:</strong></span> <span class='ocrx_word' id='word_1_524' title='bbox 1025 4118 1078 4162; x_wconf 84' lang='lat' dir='ltr'><strong>ut</strong></span> <span class='ocrx_word' id='word_1_525' title='bbox 1110 4121 1374 4175; x_wconf 77' lang='lat' dir='ltr'><strong>possemus</strong></span> <span class='ocrx_word' id='word_1_526' title='bbox 1404 4105 1724 4174; x_wconf 82' lang='lat' dir='ltr'><strong>aliquando,</strong></span> <span class='ocrx_word' id='word_1_527' title='bbox 1762 4103 1854 4173; x_wconf 86' lang='lat' dir='ltr'><strong>qui</strong></span> <span class='ocrx_word' id='word_1_528' title='bbox 1896 4110 1946 4157; x_wconf 77' lang='lat' dir='ltr'><strong>et</strong></span> <span class='ocrx_word' id='word_1_529' title='bbox 1982 4102 2065 4154; x_wconf 82' lang='lat' dir='ltr'><strong>ubi</strong></span> <span class='ocrx_word' id='word_1_530' title='bbox 2094 4116 2221 4154; x_wconf 83' lang='lat' dir='ltr'><strong>esse-</strong></span> 
     </span>
    </p>
   </div>
   <div class='ocr_carea' id='block_1_72' title="bbox 630 4195 2235 4278">
    <p class='ocr_par' dir='ltr' id='par_1_72' title="bbox 630 4195 2235 4278">
     <span class='ocr_line' id='line_1_72' title="bbox 630 4195 2235 4278; baseline -0.006 -18"><span class='ocrx_word' id='word_1_531' title='bbox 630 4223 770 4274; x_wconf 82' lang='lat' dir='ltr'><strong>mus,</strong></span> <span class='ocrx_word' id='word_1_532' title='bbox 800 4220 1099 4278; x_wconf 78' lang='lat' dir='ltr'><strong>agnoscere.</strong></span> <span class='ocrx_word' id='word_1_533' title='bbox 1151 4201 1230 4256; x_wconf 86' lang='lat' dir='ltr'><strong>Tu</strong></span> <span class='ocrx_word' id='word_1_534' title='bbox 1273 4210 1475 4256; x_wconf 73' lang='lat' dir='ltr'><strong>trtatem</strong></span> <span class='ocrx_word' id='word_1_535' title='bbox 1521 4200 1729 4272; x_wconf 66' lang='lat' dir='ltr'><strong>patrias,</strong></span> <span class='ocrx_word' id='word_1_536' title='bbox 1774 4208 1829 4250; x_wconf 85' lang='lat' dir='ltr'><strong>tu</strong></span> <span class='ocrx_word' id='word_1_537' title='bbox 1861 4195 2235 4265; x_wconf 77' lang='lat' dir='ltr'><strong>descriptiones</strong></span> 
     </span>
    </p>
   </div>
   <div class='ocr_carea' id='block_1_73' title="bbox 629 4290 2233 4370">
    <p class='ocr_par' dir='ltr' id='par_1_73' title="bbox 629 4290 2233 4370">
     <span class='ocr_line' id='line_1_73' title="bbox 629 4290 2233 4370; baseline -0.009 -16"><span class='ocrx_word' id='word_1_538' title='bbox 629 4310 954 4370; x_wconf 80' lang='lat' dir='ltr'><strong>temporum;</strong></span> <span class='ocrx_word' id='word_1_539' title='bbox 988 4307 1040 4351; x_wconf 88' lang='lat' dir='ltr'><strong>tu</strong></span> <span class='ocrx_word' id='word_1_540' title='bbox 1071 4312 1339 4350; x_wconf 79' lang='lat' dir='ltr'><strong>sacrorum</strong></span> <span class='ocrx_word' id='word_1_541' title='bbox 1360 4296 1510 4364; x_wconf 87' lang='lat' dir='ltr'><strong>jura,</strong></span> <span class='ocrx_word' id='word_1_542' title='bbox 1547 4303 1600 4346; x_wconf 85' lang='lat' dir='ltr'><strong>tu</strong></span> <span class='ocrx_word' id='word_1_543' title='bbox 1632 4290 1996 4354; x_wconf 80' lang='lat' dir='ltr'><strong>sacerdotum;</strong></span> <span class='ocrx_word' id='word_1_544' title='bbox 2042 4298 2096 4342; x_wconf 86' lang='lat' dir='ltr'><strong>tu</strong></span> <span class='ocrx_word' id='word_1_545' title='bbox 2136 4291 2233 4342; x_wconf 69' lang='grc' dir='ltr'><strong>τιο-</strong></span> 
     </span>
    </p>
   </div>
   <div class='ocr_carea' id='block_1_74' title="bbox 629 4382 2231 4458">
    <p class='ocr_par' dir='ltr' id='par_1_74' title="bbox 629 4382 2231 4458">
     <span class='ocr_line' id='line_1_74' title="bbox 629 4382 2231 4458; baseline -0.009 -11"><span class='ocrx_word' id='word_1_546' title='bbox 629 4393 913 4458; x_wconf 76' lang='lat' dir='ltr'><strong>mesticam,</strong></span> <span class='ocrx_word' id='word_1_547' title='bbox 949 4400 1003 4444; x_wconf 85' lang='lat' dir='ltr'><strong>tu</strong></span> <span class='ocrx_word' id='word_1_548' title='bbox 1027 4386 1268 4442; x_wconf 79' lang='lat' dir='ltr'><strong>bellicam</strong></span> <span class='ocrx_word' id='word_1_549' title='bbox 1284 4386 1617 4454; x_wconf 79' lang='lat' dir='ltr'><strong>disciplinam</strong></span> <span class='ocrx_word' id='word_1_550' title='bbox 1634 4399 1652 4446; x_wconf 81' lang='lat'><strong>,&#39;</strong></span> <span class='ocrx_word' id='word_1_551' title='bbox 1669 4391 1725 4436; x_wconf 86' lang='lat' dir='ltr'><strong>tu</strong></span> <span class='ocrx_word' id='word_1_552' title='bbox 1741 4382 1914 4437; x_wconf 80' lang='lat' dir='ltr'><strong>sedem</strong></span> <span class='ocrx_word' id='word_1_553' title='bbox 1937 4383 2231 4452; x_wconf 78' lang='lat' dir='ltr'><strong>regionum,</strong></span> 
     </span>
    </p>
   </div>
   <div class='ocr_carea' id='block_1_75' title="bbox 626 4477 2231 4547">
    <p class='ocr_par' dir='ltr' id='par_1_75' title="bbox 626 4477 2231 4547">
     <span class='ocr_line' id='line_1_75' title="bbox 626 4477 2231 4547; baseline -0.006 -9"><span class='ocrx_word' id='word_1_554' title='bbox 626 4494 685 4538; x_wconf 77' lang='lat' dir='ltr'><strong>tu</strong></span> <span class='ocrx_word' id='word_1_555' title='bbox 717 4483 988 4547; x_wconf 80' lang='lat' dir='ltr'><strong>locorum;</strong></span> <span class='ocrx_word' id='word_1_556' title='bbox 1028 4491 1084 4536; x_wconf 87' lang='lat' dir='ltr'><strong>tu</strong></span> <span class='ocrx_word' id='word_1_557' title='bbox 1131 4481 1360 4535; x_wconf 83' lang='lat' dir='ltr'><strong>omnium</strong></span> <span class='ocrx_word' id='word_1_558' title='bbox 1399 4479 1732 4544; x_wconf 82' lang='lat' dir='ltr'><strong>divinarum,</strong></span> <span class='ocrx_word' id='word_1_559' title='bbox 1781 4477 2231 4545; x_wconf 75' lang='lat' dir='ltr'><strong>humanarumque</strong></span> 
     </span>
    </p>
   </div>
   <div class='ocr_carea' id='block_1_76' title="bbox 2339 3243 3938 3321">
    <p class='ocr_par' dir='ltr' id='par_1_76' title="bbox 2339 3243 3938 3321">
     <span class='ocr_line' id='line_1_76' title="bbox 2339 3243 3938 3321; baseline -0.009 -9"><span class='ocrx_word' id='word_1_560' title='bbox 2339 3257 2495 3312; x_wconf 91' lang='lat' dir='ltr'><strong>nobis</strong></span> <span class='ocrx_word' id='word_1_561' title='bbox 2538 3263 2750 3308; x_wconf 87' lang='lat' dir='ltr'><strong>constet</strong></span> <span class='ocrx_word' id='word_1_562' title='bbox 2776 3250 3036 3308; x_wconf 90' lang='lat' dir='ltr'><strong>nonnulla</strong></span> <span class='ocrx_word' id='word_1_563' title='bbox 3068 3251 3119 3305; x_wconf 90' lang='lat' dir='ltr'><strong>in</strong></span> <span class='ocrx_word' id='word_1_564' title='bbox 3149 3265 3217 3304; x_wconf 86' lang='lat' dir='ltr'><strong>eo</strong></span> <span class='ocrx_word' id='word_1_565' title='bbox 3245 3248 3336 3321; x_wconf 85' lang='lat' dir='ltr'><strong>qui</strong></span> <span class='ocrx_word' id='word_1_566' title='bbox 3358 3257 3559 3312; x_wconf 89' lang='lat' dir='ltr'><strong>exstat,</strong></span> <span class='ocrx_word' id='word_1_567' title='bbox 3600 3243 3938 3311; x_wconf 80' lang='lat' dir='ltr'><strong>desiderari,</strong></span> 
     </span>
    </p>
   </div>
   <div class='ocr_carea' id='block_1_77' title="bbox 2331 3340 3944 3425">
    <p class='ocr_par' dir='ltr' id='par_1_77' title="bbox 2331 3340 3944 3425">
     <span class='ocr_line' id='line_1_77' title="bbox 2331 3340 3944 3425; baseline -0.007 -17"><span class='ocrx_word' id='word_1_568' title='bbox 2331 3367 2455 3425; x_wconf 81' lang='lat' dir='ltr'><strong>quae</strong></span> <span class='ocrx_word' id='word_1_569' title='bbox 2487 3349 2776 3405; x_wconf 80' lang='lat' dir='ltr'><strong>manifesto</strong></span> <span class='ocrx_word' id='word_1_570' title='bbox 2802 3357 3119 3418; x_wconf 86' lang='lat' dir='ltr'><strong>argumento</strong></span> <span class='ocrx_word' id='word_1_571' title='bbox 3142 3344 3312 3417; x_wconf 90' lang='lat' dir='ltr'><strong>liquet</strong></span> <span class='ocrx_word' id='word_1_572' title='bbox 3336 3359 3367 3399; x_wconf 89' lang='lat' dir='ltr'><strong>a</strong></span> <span class='ocrx_word' id='word_1_573' title='bbox 3401 3344 3602 3400; x_wconf 86' lang='lat' dir='ltr'><strong>Dextro</strong></span> <span class='ocrx_word' id='word_1_574' title='bbox 3627 3340 3811 3397; x_wconf 89' lang='lat' dir='ltr'><strong>omitti</strong></span> <span class='ocrx_word' id='word_1_575' title='bbox 3838 3355 3944 3396; x_wconf 80' lang='lat' dir='ltr'><strong>ne-</strong></span> 
     </span>
    </p>
   </div>
   <div class='ocr_carea' id='block_1_78' title="bbox 2334 3433 3943 3518">
    <p class='ocr_par' dir='ltr' id='par_1_78' title="bbox 2334 3433 3943 3518">
     <span class='ocr_line' id='line_1_78' title="bbox 2334 3433 3943 3518; baseline -0.007 -17"><span class='ocrx_word' id='word_1_576' title='bbox 2334 3448 2601 3518; x_wconf 78' lang='lat' dir='ltr'><strong>quivisse.</strong></span> <span class='ocrx_word' id='word_1_577' title='bbox 2626 3443 2759 3511; x_wconf 85' lang='lat' dir='ltr'><strong>Quis</strong></span> <span class='ocrx_word' id='word_1_578' title='bbox 2789 3441 2990 3498; x_wconf 88' lang='lat' dir='ltr'><strong>etenim</strong></span> <span class='ocrx_word' id='word_1_579' title='bbox 3020 3439 3124 3496; x_wconf 84' lang='lat' dir='ltr'><strong>sibi</strong></span> <span class='ocrx_word' id='word_1_580' title='bbox 3153 3437 3511 3511; x_wconf 84' lang='lat' dir='ltr'><strong>persuadeat,</strong></span> <span class='ocrx_word' id='word_1_581' title='bbox 3551 3435 3610 3493; x_wconf 88' lang='lat' dir='ltr'><strong>S.</strong></span> <span class='ocrx_word' id='word_1_582' title='bbox 3653 3433 3943 3491; x_wconf 73' lang='lat' dir='ltr'><strong>Vincentii</strong></span> 
     </span>
    </p>
   </div>
   <div class='ocr_carea' id='block_1_79' title="bbox 2335 3530 3944 3608">
    <p class='ocr_par' dir='ltr' id='par_1_79' title="bbox 2335 3530 3944 3608">
     <span class='ocr_line' id='line_1_79' title="bbox 2335 3530 3944 3608; baseline -0.007 -10"><span class='ocrx_word' id='word_1_583' title='bbox 2335 3540 2541 3597; x_wconf 64' lang='lat' dir='ltr'><strong>Levitte</strong></span> <span class='ocrx_word' id='word_1_584' title='bbox 2592 3537 3070 3608; x_wconf 73' lang='lat' dir='ltr'><strong>Cmsaraugustani</strong></span> <span class='ocrx_word' id='word_1_585' title='bbox 3128 3535 3558 3590; x_wconf 86' lang='lat' dir='ltr'><strong>illustrissimum</strong></span> <span class='ocrx_word' id='word_1_586' title='bbox 3613 3541 3731 3587; x_wconf 90' lang='lat' dir='ltr'><strong>toto</strong></span> <span class='ocrx_word' id='word_1_587' title='bbox 3794 3530 3944 3586; x_wconf 84' lang='lat' dir='ltr'><strong>orbe</strong></span> 
     </span>
    </p>
   </div>
   <div class='ocr_carea' id='block_1_80' title="bbox 2337 3627 3943 3707">
    <p class='ocr_par' dir='ltr' id='par_1_80' title="bbox 2337 3627 3943 3707">
     <span class='ocr_line' id='line_1_80' title="bbox 2337 3627 3943 3707; baseline -0.006 -14"><span class='ocrx_word' id='word_1_588' title='bbox 2337 3637 2655 3707; x_wconf 82' lang='lat' dir='ltr'><strong>martyrium</strong></span> <span class='ocrx_word' id='word_1_589' title='bbox 2682 3650 2708 3687; x_wconf 91' lang='lat' dir='ltr'><strong>a</strong></span> <span class='ocrx_word' id='word_1_590' title='bbox 2741 3633 2941 3688; x_wconf 84' lang='lat' dir='ltr'><strong>Dextro</strong></span> <span class='ocrx_word' id='word_1_591' title='bbox 2968 3631 3190 3687; x_wconf 88' lang='lat' dir='ltr'><strong>silentio</strong></span> <span class='ocrx_word' id='word_1_592' title='bbox 3213 3628 3549 3686; x_wconf 74' lang='lat' dir='ltr'><strong>ithilutum?</strong></span> <span class='ocrx_word' id='word_1_593' title='bbox 3569 3627 3702 3695; x_wconf 83' lang='lat' dir='ltr'><strong>Quis</strong></span> <span class='ocrx_word' id='word_1_594' title='bbox 3727 3637 3943 3683; x_wconf 76' lang='lat' dir='ltr'><strong>sanctze</strong></span> 
     </span>
    </p>
   </div>
   <div class='ocr_carea' id='block_1_81' title="bbox 2335 3723 3942 3800">
    <p class='ocr_par' dir='ltr' id='par_1_81' title="bbox 2335 3723 3942 3800">
     <span class='ocr_line' id='line_1_81' title="bbox 2335 3723 3942 3800; baseline -0.006 -15"><span class='ocrx_word' id='word_1_595' title='bbox 2335 3731 2587 3800; x_wconf 70' lang='lat' dir='ltr'><strong>Virginis,</strong></span> <span class='ocrx_word' id='word_1_596' title='bbox 2624 3744 2686 3785; x_wconf 89' lang='lat' dir='ltr'><strong>ac</strong></span> <span class='ocrx_word' id='word_1_597' title='bbox 2716 3727 2970 3800; x_wconf 79' lang='lat' dir='ltr'><strong>Martyris</strong></span> <span class='ocrx_word' id='word_1_598' title='bbox 2999 3726 3234 3782; x_wconf 73' lang='lat' dir='ltr'><strong>Eulalia:</strong></span> <span class='ocrx_word' id='word_1_599' title='bbox 3264 3724 3708 3789; x_wconf 85' lang='lat' dir='ltr'><strong>Bareinoneusis,</strong></span> <span class='ocrx_word' id='word_1_600' title='bbox 3741 3723 3942 3794; x_wconf 72' lang='lat' dir='ltr'><strong>patrias</strong></span> 
     </span>
    </p>
   </div>
   <div class='ocr_carea' id='block_1_82' title="bbox 2335 3816 3942 3895">
    <p class='ocr_par' dir='ltr' id='par_1_82' title="bbox 2335 3816 3942 3895">
     <span class='ocr_line' id='line_1_82' title="bbox 2335 3816 3942 3895; baseline -0.006 -14"><span class='ocrx_word' id='word_1_601' title='bbox 2335 3825 2505 3895; x_wconf 85' lang='lat' dir='ltr'><strong>ipsius</strong></span> <span class='ocrx_word' id='word_1_602' title='bbox 2541 3824 2727 3879; x_wconf 90' lang='lat' dir='ltr'><strong>Dextri</strong></span> <span class='ocrx_word' id='word_1_603' title='bbox 2755 3821 3100 3891; x_wconf 84' lang='lat' dir='ltr'><strong>protectricis</strong></span> <span class='ocrx_word' id='word_1_604' title='bbox 3130 3820 3449 3876; x_wconf 87' lang='lat' dir='ltr'><strong>memoriam</strong></span> <span class='ocrx_word' id='word_1_605' title='bbox 3484 3819 3553 3873; x_wconf 90' lang='lat' dir='ltr'><strong>ab</strong></span> <span class='ocrx_word' id='word_1_606' title='bbox 3581 3818 3667 3873; x_wconf 87' lang='lat' dir='ltr'><strong>his</strong></span> <span class='ocrx_word' id='word_1_607' title='bbox 3711 3816 3942 3887; x_wconf 81' lang='lat' dir='ltr'><strong>scriptis</strong></span> 
     </span>
    </p>
   </div>
   <div class='ocr_carea' id='block_1_83' title="bbox 2336 3911 3944 3986">
    <p class='ocr_par' dir='ltr' id='par_1_83' title="bbox 2336 3911 3944 3986">
     <span class='ocr_line' id='line_1_83' title="bbox 2336 3911 3944 3986; baseline -0.004 -13"><span class='ocrx_word' id='word_1_608' title='bbox 2336 3917 2704 3974; x_wconf 80' lang='lat' dir='ltr'><strong>eliminatum?</strong></span> <span class='ocrx_word' id='word_1_609' title='bbox 2735 3916 2866 3985; x_wconf 76' lang='lat' dir='ltr'><strong>Quis</strong></span> <span class='ocrx_word' id='word_1_610' title='bbox 2912 3914 3226 3971; x_wconf 74' lang='lat' dir='ltr'><strong>Marcellum</strong></span> <span class='ocrx_word' id='word_1_611' title='bbox 3259 3913 3628 3986; x_wconf 78' lang='lat' dir='ltr'><strong>legionensem</strong></span> <span class='ocrx_word' id='word_1_612' title='bbox 3657 3911 3944 3967; x_wconf 79' lang='lat' dir='ltr'><strong>centurio-</strong></span> 
     </span>
    </p>
   </div>
   <div class='ocr_carea' id='block_1_84' title="bbox 2338 4004 3942 4080">
    <p class='ocr_par' dir='ltr' id='par_1_84' title="bbox 2338 4004 3942 4080">
     <span class='ocr_line' id='line_1_84' title="bbox 2338 4004 3942 4080; baseline -0.002 -14"><span class='ocrx_word' id='word_1_613' title='bbox 2338 4026 2484 4075; x_wconf 81' lang='lat' dir='ltr'><strong>nem,</strong></span> <span class='ocrx_word' id='word_1_614' title='bbox 2513 4021 2570 4066; x_wconf 89' lang='lat' dir='ltr'><strong>et</strong></span> <span class='ocrx_word' id='word_1_615' title='bbox 2602 4009 2668 4065; x_wconf 72' lang='lat'><strong>12</strong></span> <span class='ocrx_word' id='word_1_616' title='bbox 2689 4010 2807 4080; x_wconf 88' lang='lat' dir='ltr'><strong>ejus</strong></span> <span class='ocrx_word' id='word_1_617' title='bbox 2836 4008 2975 4064; x_wconf 89' lang='lat' dir='ltr'><strong>lilios</strong></span> <span class='ocrx_word' id='word_1_618' title='bbox 3005 4016 3120 4064; x_wconf 89' lang='lat' dir='ltr'><strong>tota</strong></span> <span class='ocrx_word' id='word_1_619' title='bbox 3152 4005 3410 4078; x_wconf 77' lang='lat' dir='ltr'><strong>Hispania</strong></span> <span class='ocrx_word' id='word_1_620' title='bbox 3453 4004 3793 4072; x_wconf 82' lang='lat' dir='ltr'><strong>notissimos,</strong></span> <span class='ocrx_word' id='word_1_621' title='bbox 3823 4021 3942 4062; x_wconf 91' lang='lat' dir='ltr'><strong>non</strong></span> 
     </span>
    </p>
   </div>
   <div class='ocr_carea' id='block_1_85' title="bbox 2339 4099 3947 4169">
    <p class='ocr_par' dir='ltr' id='par_1_85' title="bbox 2339 4099 3947 4169">
     <span class='ocr_line' id='line_1_85' title="bbox 2339 4099 3947 4169; baseline -0.002 -13"><span class='ocrx_word' id='word_1_622' title='bbox 2339 4103 2594 4157; x_wconf 87' lang='lat' dir='ltr'><strong>habuisse</strong></span> <span class='ocrx_word' id='word_1_623' title='bbox 2642 4101 2694 4156; x_wconf 91' lang='lat' dir='ltr'><strong>in</strong></span> <span class='ocrx_word' id='word_1_624' title='bbox 2744 4101 2827 4155; x_wconf 63' lang='lat' dir='ltr'><strong>bis</strong></span> <span class='ocrx_word' id='word_1_625' title='bbox 2856 4100 3154 4156; x_wconf 77' lang='lat' dir='ltr'><strong>Clironicis</strong></span> <span class='ocrx_word' id='word_1_626' title='bbox 3199 4102 3378 4154; x_wconf 88' lang='lat' dir='ltr'><strong>locum</strong></span> <span class='ocrx_word' id='word_1_627' title='bbox 3417 4099 3763 4169; x_wconf 80' lang='lat' dir='ltr'><strong>suspicetur?</strong></span> <span class='ocrx_word' id='word_1_628' title='bbox 3798 4114 3947 4167; x_wconf 78' lang='lat' dir='ltr'><strong>pra:-</strong></span> 
     </span>
    </p>
   </div>
   <div class='ocr_carea' id='block_1_86' title="bbox 2339 4193 3943 4266">
    <p class='ocr_par' dir='ltr' id='par_1_86' title="bbox 2339 4193 3943 4266">
     <span class='ocr_line' id='line_1_86' title="bbox 2339 4193 3943 4266; baseline -0.004 -13"><span class='ocrx_word' id='word_1_629' title='bbox 2339 4200 2530 4253; x_wconf 88' lang='lat' dir='ltr'><strong>sertim</strong></span> <span class='ocrx_word' id='word_1_630' title='bbox 2581 4211 2705 4252; x_wconf 90' lang='lat' dir='ltr'><strong>cum</strong></span> <span class='ocrx_word' id='word_1_631' title='bbox 2751 4197 2891 4266; x_wconf 85' lang='lat' dir='ltr'><strong>apud</strong></span> <span class='ocrx_word' id='word_1_632' title='bbox 2941 4193 3116 4250; x_wconf 81' lang='lat' dir='ltr'><strong>Clem.</strong></span> <span class='ocrx_word' id='word_1_633' title='bbox 3169 4193 3522 4251; x_wconf 87' lang='lat' dir='ltr'><strong>Prudentium</strong></span> <span class='ocrx_word' id='word_1_634' title='bbox 3575 4193 3765 4264; x_wconf 87' lang='lat' dir='ltr'><strong>legerit</strong></span> <span class='ocrx_word' id='word_1_635' title='bbox 3817 4193 3943 4262; x_wconf 48' lang='lat' dir='ltr'><strong>ipse</strong></span> 
     </span>
    </p>
   </div>
   <div class='ocr_carea' id='block_1_87' title="bbox 2341 4284 3938 4363">
    <p class='ocr_par' dir='ltr' id='par_1_87' title="bbox 2341 4284 3938 4363">
     <span class='ocr_line' id='line_1_87' title="bbox 2341 4284 3938 4363; baseline -0.004 -17"><span class='ocrx_word' id='word_1_636' title='bbox 2341 4294 2598 4363; x_wconf 72' lang='lat' dir='ltr'><strong>hymnum</strong></span> <span class='ocrx_word' id='word_1_637' title='bbox 2645 4292 2697 4345; x_wconf 87' lang='lat' dir='ltr'><strong>in</strong></span> <span class='ocrx_word' id='word_1_638' title='bbox 2745 4290 2961 4346; x_wconf 82' lang='lat' dir='ltr'><strong>laudem</strong></span> <span class='ocrx_word' id='word_1_639' title='bbox 3008 4288 3106 4346; x_wconf 88' lang='lat' dir='ltr'><strong>SS.</strong></span> <span class='ocrx_word' id='word_1_640' title='bbox 3157 4287 3462 4354; x_wconf 79' lang='lat' dir='ltr'><strong>Emitherii,</strong></span> <span class='ocrx_word' id='word_1_641' title='bbox 3521 4293 3581 4342; x_wconf 88' lang='lat' dir='ltr'><strong>et</strong></span> <span class='ocrx_word' id='word_1_642' title='bbox 3621 4284 3938 4341; x_wconf 79' lang='lat' dir='ltr'><strong>Chelidonii</strong></span> 
     </span>
    </p>
   </div>
   <div class='ocr_carea' id='block_1_88' title="bbox 2340 4377 3936 4454">
    <p class='ocr_par' dir='ltr' id='par_1_88' title="bbox 2340 4377 3936 4454">
     <span class='ocr_line' id='line_1_88' title="bbox 2340 4377 3936 4454; baseline -0.004 -14"><span class='ocrx_word' id='word_1_643' title='bbox 2340 4397 2642 4454; x_wconf 81' lang='lat' dir='ltr'><strong>martyrum</strong></span> <span class='ocrx_word' id='word_1_644' title='bbox 2712 4381 3290 4448; x_wconf 68' lang='lat' dir='ltr'><strong>Calagurritanorum,</strong></span> <span class='ocrx_word' id='word_1_645' title='bbox 3375 4381 3610 4436; x_wconf 90' lang='lat' dir='ltr'><strong>liliorum</strong></span> <span class='ocrx_word' id='word_1_646' title='bbox 3685 4377 3936 4448; x_wconf 86' lang='lat' dir='ltr'><strong>ejusdem</strong></span> 
     </span>
    </p>
   </div>
   <div class='ocr_carea' id='block_1_89' title="bbox 2339 4472 3933 4536">
    <p class='ocr_par' dir='ltr' id='par_1_89' title="bbox 2339 4472 3933 4536">
     <span class='ocr_line' id='line_1_89' title="bbox 2339 4472 3933 4536; baseline -0.006 -4"><span class='ocrx_word' id='word_1_647' title='bbox 2339 4476 2395 4532; x_wconf 88' lang='lat' dir='ltr'><strong>S.</strong></span> <span class='ocrx_word' id='word_1_648' title='bbox 2453 4475 2692 4531; x_wconf 76' lang='lat' dir='ltr'><strong>Marcelli</strong></span> <span class='ocrx_word' id='word_1_649' title='bbox 2731 4494 2742 4528; x_wconf 83' lang='lat'><strong><em>:</em></strong></span> <span class='ocrx_word' id='word_1_650' title='bbox 2788 4482 2843 4529; x_wconf 91' lang='lat' dir='ltr'><strong>ut</strong></span> <span class='ocrx_word' id='word_1_651' title='bbox 2876 4476 3090 4528; x_wconf 82' lang='lat' dir='ltr'><strong>interim</strong></span> <span class='ocrx_word' id='word_1_652' title='bbox 3124 4478 3192 4528; x_wconf 76' lang='lat' dir='ltr'><strong>de</strong></span> <span class='ocrx_word' id='word_1_653' title='bbox 3223 4474 3348 4529; x_wconf 84' lang='lat' dir='ltr'><strong>aliis</strong></span> <span class='ocrx_word' id='word_1_654' title='bbox 3391 4472 3666 4528; x_wconf 85' lang='lat' dir='ltr'><strong>nonnullis</strong></span> <span class='ocrx_word' id='word_1_655' title='bbox 3698 4483 3933 4536; x_wconf 86' lang='lat' dir='ltr'><strong>taceam,</strong></span> 
     </span>
    </p>
   </div>
   <div class='ocr_carea' id='block_1_90' title="bbox 628 4565 3934 4645">
    <p class='ocr_par' dir='ltr' id='par_1_90' title="bbox 628 4565 3934 4645">
     <span class='ocr_line' id='line_1_90' title="bbox 628 4565 3934 4645; baseline -0.003 -16"><span class='ocrx_word' id='word_1_656' title='bbox 628 4593 807 4631; x_wconf 82' lang='lat' dir='ltr'><strong>rerum</strong></span> <span class='ocrx_word' id='word_1_657' title='bbox 833 4579 1064 4639; x_wconf 82' lang='lat' dir='ltr'><strong>nomina,</strong></span> <span class='ocrx_word' id='word_1_658' title='bbox 1098 4575 1301 4645; x_wconf 77' lang='lat' dir='ltr'><strong>ofﬁcia,</strong></span> <span class='ocrx_word' id='word_1_659' title='bbox 1352 4588 1537 4626; x_wconf 82' lang='lat' dir='ltr'><strong>causas</strong></span> <span class='ocrx_word' id='word_1_660' title='bbox 1584 4571 1856 4639; x_wconf 76' lang='lat' dir='ltr'><strong>aperuisti.</strong></span> <span class='ocrx_word' id='word_1_661' title='bbox 1904 4568 1981 4624; x_wconf 88' lang='lat' dir='ltr'><strong>lta</strong></span> <span class='ocrx_word' id='word_1_662' title='bbox 2010 4584 2234 4639; x_wconf 86' lang='lat' dir='ltr'><strong>prorsus</strong></span> <span class='ocrx_word' id='word_1_663' title='bbox 2262 4567 2315 4630; x_wconf 89' lang='lat' dir='ltr'><strong>D</strong></span> <span class='ocrx_word' id='word_1_664' title='bbox 2342 4579 2400 4624; x_wconf 88' lang='lat' dir='ltr'><strong>ttt</strong></span> <span class='ocrx_word' id='word_1_665' title='bbox 2429 4567 2582 4624; x_wconf 81' lang='lat' dir='ltr'><strong>Zoile</strong></span> <span class='ocrx_word' id='word_1_666' title='bbox 2612 4584 2736 4622; x_wconf 87' lang='lat' dir='ltr'><strong>cum</strong></span> <span class='ocrx_word' id='word_1_667' title='bbox 2766 4568 2929 4623; x_wconf 88' lang='lat' dir='ltr'><strong>sociis</strong></span> <span class='ocrx_word' id='word_1_668' title='bbox 2971 4567 3062 4631; x_wconf 80' lang='lat' dir='ltr'><strong>i9,</strong></span> <span class='ocrx_word' id='word_1_669' title='bbox 3109 4566 3370 4623; x_wconf 86' lang='lat' dir='ltr'><strong>Gerontio</strong></span> <span class='ocrx_word' id='word_1_670' title='bbox 3418 4565 3616 4621; x_wconf 64' lang='lat' dir='ltr'><strong>Italica</strong></span> <span class='ocrx_word' id='word_1_671' title='bbox 3646 4566 3934 4635; x_wconf 85' lang='lat' dir='ltr'><strong>episeopo,</strong></span> 
     </span>
    </p>
   </div>
   <div class='ocr_carea' id='block_1_91' title="bbox 626 4666 2231 4735">
    <p class='ocr_par' dir='ltr' id='par_1_91' title="bbox 626 4666 2231 4735">
     <span class='ocr_line' id='line_1_91' title="bbox 626 4666 2231 4735; baseline -0.004 -9"><span class='ocrx_word' id='word_1_672' title='bbox 626 4671 788 4727; x_wconf 86' lang='lat' dir='ltr'><strong>nobis</strong></span> <span class='ocrx_word' id='word_1_673' title='bbox 833 4669 1018 4725; x_wconf 90' lang='lat' dir='ltr'><strong>Dextri</strong></span> <span class='ocrx_word' id='word_1_674' title='bbox 1076 4668 1346 4724; x_wconf 85' lang='lat' dir='ltr'><strong>benelicio</strong></span> <span class='ocrx_word' id='word_1_675' title='bbox 1396 4666 1666 4721; x_wconf 85' lang='lat' dir='ltr'><strong>accidisse</strong></span> <span class='ocrx_word' id='word_1_676' title='bbox 1710 4673 2056 4735; x_wconf 87' lang='lat' dir='ltr'><strong>compertum</strong></span> <span class='ocrx_word' id='word_1_677' title='bbox 2103 4675 2231 4720; x_wconf 89' lang='lat' dir='ltr'><strong>est:</strong></span> 
     </span>
    </p>
   </div>
   <div class='ocr_carea' id='block_1_92' title="bbox 628 4757 2239 4829">
    <p class='ocr_par' dir='ltr' id='par_1_92' title="bbox 628 4757 2239 4829">
     <span class='ocr_line' id='line_1_92' title="bbox 628 4757 2239 4829; baseline -0.004 -12"><span class='ocrx_word' id='word_1_678' title='bbox 628 4762 793 4818; x_wconf 90' lang='lat' dir='ltr'><strong>urbes</strong></span> <span class='ocrx_word' id='word_1_679' title='bbox 818 4761 964 4817; x_wconf 91' lang='lat' dir='ltr'><strong>enim</strong></span> <span class='ocrx_word' id='word_1_680' title='bbox 1006 4771 1059 4817; x_wconf 92' lang='lat' dir='ltr'><strong>et</strong></span> <span class='ocrx_word' id='word_1_681' title='bbox 1109 4759 1310 4829; x_wconf 77' lang='lat' dir='ltr'><strong>Oppida</strong></span> <span class='ocrx_word' id='word_1_682' title='bbox 1365 4757 1640 4825; x_wconf 77' lang='lat' dir='ltr'><strong>Hispania:</strong></span> <span class='ocrx_word' id='word_1_683' title='bbox 1670 4758 1824 4826; x_wconf 87' lang='lat' dir='ltr'><strong>quasi</strong></span> <span class='ocrx_word' id='word_1_684' title='bbox 1883 4757 2131 4827; x_wconf 87' lang='lat' dir='ltr'><strong>hospites</strong></span> <span class='ocrx_word' id='word_1_685' title='bbox 2179 4766 2239 4812; x_wconf 86' lang='lat' dir='ltr'><strong>et</strong></span> 
     </span>
    </p>
   </div>
   <div class='ocr_carea' id='block_1_93' title="bbox 627 4851 2230 4926">
    <p class='ocr_par' dir='ltr' id='par_1_93' title="bbox 627 4851 2230 4926">
     <span class='ocr_line' id='line_1_93' title="bbox 627 4851 2230 4926; baseline -0.005 -14"><span class='ocrx_word' id='word_1_686' title='bbox 627 4857 896 4926; x_wconf 85' lang='lat' dir='ltr'><strong>peregrini</strong></span> <span class='ocrx_word' id='word_1_687' title='bbox 930 4854 1332 4918; x_wconf 81' lang='lat' dir='ltr'><strong>incolebamus,</strong></span> <span class='ocrx_word' id='word_1_688' title='bbox 1361 4851 1489 4919; x_wconf 85' lang='lat' dir='ltr'><strong>quid</strong></span> <span class='ocrx_word' id='word_1_689' title='bbox 1527 4851 1656 4904; x_wconf 80' lang='lat' dir='ltr'><strong>olim</strong></span> <span class='ocrx_word' id='word_1_690' title='bbox 1686 4851 1898 4920; x_wconf 81' lang='lat' dir='ltr'><strong>insigne</strong></span> <span class='ocrx_word' id='word_1_691' title='bbox 1939 4853 1992 4905; x_wconf 93' lang='lat' dir='ltr'><strong>in</strong></span> <span class='ocrx_word' id='word_1_692' title='bbox 2027 4852 2110 4906; x_wconf 87' lang='lat' dir='ltr'><strong>eis</strong></span> <span class='ocrx_word' id='word_1_693' title='bbox 2139 4865 2230 4904; x_wconf 87' lang='lat' dir='ltr'><strong>ac-</strong></span> 
     </span>
    </p>
   </div>
   <div class='ocr_carea' id='block_1_94' title="bbox 619 4942 2230 5018">
    <p class='ocr_par' dir='ltr' id='par_1_94' title="bbox 619 4942 2230 5018">
     <span class='ocr_line' id='line_1_94' title="bbox 619 4942 2230 5018; baseline -0.005 -14"><span class='ocrx_word' id='word_1_694' title='bbox 619 4947 819 5005; x_wconf 86' lang='lat' dir='ltr'><strong>ciderit</strong></span> <span class='ocrx_word' id='word_1_695' title='bbox 851 4949 1204 5018; x_wconf 78' lang='lat' dir='ltr'><strong>ignorantes;</strong></span> <span class='ocrx_word' id='word_1_696' title='bbox 1235 4958 1375 5015; x_wconf 89' lang='lat' dir='ltr'><strong>quos</strong></span> <span class='ocrx_word' id='word_1_697' title='bbox 1405 4957 1771 5013; x_wconf 67' lang='lat' dir='ltr'><strong>prmcessorcs</strong></span> <span class='ocrx_word' id='word_1_698' title='bbox 1805 4942 1935 4998; x_wconf 88' lang='lat' dir='ltr'><strong>inibi</strong></span> <span class='ocrx_word' id='word_1_699' title='bbox 1966 4943 2230 5012; x_wconf 84' lang='lat' dir='ltr'><strong>insignes,</strong></span> 
     </span>
    </p>
   </div>
   <div class='ocr_carea' id='block_1_95' title="bbox 626 5035 2234 5113">
    <p class='ocr_par' dir='ltr' id='par_1_95' title="bbox 626 5035 2234 5113">
     <span class='ocr_line' id='line_1_95' title="bbox 626 5035 2234 5113; baseline -0.004 -19"><span class='ocrx_word' id='word_1_700' title='bbox 626 5056 771 5113; x_wconf 87' lang='lat' dir='ltr'><strong>quos</strong></span> <span class='ocrx_word' id='word_1_701' title='bbox 803 5052 1098 5113; x_wconf 85' lang='lat' dir='ltr'><strong>martyres,</strong></span> <span class='ocrx_word' id='word_1_702' title='bbox 1132 5053 1269 5108; x_wconf 86' lang='lat' dir='ltr'><strong>quos</strong></span> <span class='ocrx_word' id='word_1_703' title='bbox 1303 5039 1595 5099; x_wconf 77' lang='lat' dir='ltr'><strong>antistites,</strong></span> <span class='ocrx_word' id='word_1_704' title='bbox 1631 5053 1767 5106; x_wconf 83' lang='lat' dir='ltr'><strong>quos</strong></span> <span class='ocrx_word' id='word_1_705' title='bbox 1805 5035 2062 5092; x_wconf 89' lang='lat' dir='ltr'><strong>doctores</strong></span> <span class='ocrx_word' id='word_1_706' title='bbox 2095 5037 2234 5104; x_wconf 84' lang='lat' dir='ltr'><strong>pris-</strong></span> 
     </span>
    </p>
   </div>
   <div class='ocr_carea' id='block_1_96' title="bbox 622 5129 2228 5204">
    <p class='ocr_par' dir='ltr' id='par_1_96' title="bbox 622 5129 2228 5204">
     <span class='ocr_line' id='line_1_96' title="bbox 622 5129 2228 5204; baseline -0.006 -14"><span class='ocrx_word' id='word_1_707' title='bbox 622 5136 705 5190; x_wconf 87' lang='lat' dir='ltr'><strong>cis</strong></span> <span class='ocrx_word' id='word_1_708' title='bbox 735 5133 1074 5204; x_wconf 86' lang='lat' dir='ltr'><strong>temporibus</strong></span> <span class='ocrx_word' id='word_1_709' title='bbox 1122 5148 1202 5188; x_wconf 77' lang='lat' dir='ltr'><strong>ea:</strong></span> <span class='ocrx_word' id='word_1_710' title='bbox 1239 5131 1406 5185; x_wconf 90' lang='lat' dir='ltr'><strong>urbes</strong></span> <span class='ocrx_word' id='word_1_711' title='bbox 1455 5131 1810 5198; x_wconf 85' lang='lat' dir='ltr'><strong>pepererint,</strong></span> <span class='ocrx_word' id='word_1_712' title='bbox 1847 5144 1947 5184; x_wconf 91' lang='lat' dir='ltr'><strong>nos</strong></span> <span class='ocrx_word' id='word_1_713' title='bbox 1983 5129 2228 5184; x_wconf 85' lang='lat' dir='ltr'><strong>latebat:</strong></span> 
     </span>
    </p>
   </div>
   <div class='ocr_carea' id='block_1_97' title="bbox 623 5225 2227 5296">
    <p class='ocr_par' dir='ltr' id='par_1_97' title="bbox 623 5225 2227 5296">
     <span class='ocr_line' id='line_1_97' title="bbox 623 5225 2227 5296; baseline -0.002 -14"><span class='ocrx_word' id='word_1_714' title='bbox 623 5242 767 5283; x_wconf 92' lang='lat' dir='ltr'><strong>nunc</strong></span> <span class='ocrx_word' id='word_1_715' title='bbox 795 5242 926 5282; x_wconf 82' lang='lat' dir='ltr'><strong>vero</strong></span> <span class='ocrx_word' id='word_1_716' title='bbox 952 5228 1216 5281; x_wconf 88' lang='lat' dir='ltr'><strong>tutelares</strong></span> <span class='ocrx_word' id='word_1_717' title='bbox 1239 5241 1489 5296; x_wconf 86' lang='lat' dir='ltr'><strong>magnos,</strong></span> <span class='ocrx_word' id='word_1_718' title='bbox 1525 5235 1788 5294; x_wconf 88' lang='lat' dir='ltr'><strong>patronos</strong></span> <span class='ocrx_word' id='word_1_719' title='bbox 1816 5225 2072 5288; x_wconf 72' lang='lat' dir='ltr'><strong>eximios,</strong></span> <span class='ocrx_word' id='word_1_720' title='bbox 2097 5239 2227 5279; x_wconf 89' lang='lat' dir='ltr'><strong>eon-</strong></span> 
     </span>
    </p>
   </div>
   <div class='ocr_carea' id='block_1_98' title="bbox 622 5318 2228 5390">
    <p class='ocr_par' dir='ltr' id='par_1_98' title="bbox 622 5318 2228 5390">
     <span class='ocr_line' id='line_1_98' title="bbox 622 5318 2228 5390; baseline -0.001 -16"><span class='ocrx_word' id='word_1_721' title='bbox 622 5321 775 5374; x_wconf 86' lang='lat' dir='ltr'><strong>cives</strong></span> <span class='ocrx_word' id='word_1_722' title='bbox 806 5319 1042 5386; x_wconf 88' lang='lat' dir='ltr'><strong>nobiles,</strong></span> <span class='ocrx_word' id='word_1_723' title='bbox 1075 5318 1265 5374; x_wconf 85' lang='lat' dir='ltr'><strong>dulces</strong></span> <span class='ocrx_word' id='word_1_724' title='bbox 1295 5318 1511 5384; x_wconf 84' lang='lat' dir='ltr'><strong>fratres,</strong></span> <span class='ocrx_word' id='word_1_725' title='bbox 1551 5318 1753 5374; x_wconf 83' lang='lat' dir='ltr'><strong>Dextro</strong></span> <span class='ocrx_word' id='word_1_726' title='bbox 1775 5318 1938 5387; x_wconf 83' lang='lat' dir='ltr'><strong>duce,</strong></span> <span class='ocrx_word' id='word_1_727' title='bbox 1970 5320 2228 5390; x_wconf 90' lang='lat' dir='ltr'><strong>deinceps</strong></span> 
     </span>
    </p>
   </div>
   <div class='ocr_carea' id='block_1_99' title="bbox 618 5411 2228 5486">
    <p class='ocr_par' dir='ltr' id='par_1_99' title="bbox 618 5411 2228 5486">
     <span class='ocr_line' id='line_1_99' title="bbox 618 5411 2228 5486; baseline -0.002 -17"><span class='ocrx_word' id='word_1_728' title='bbox 618 5426 1001 5486; x_wconf 84' lang='lat' dir='ltr'><strong>agnoscemus,</strong></span> <span class='ocrx_word' id='word_1_729' title='bbox 1025 5411 1425 5478; x_wconf 86' lang='lat' dir='ltr'><strong>reverebimur,</strong></span> <span class='ocrx_word' id='word_1_730' title='bbox 1461 5412 1979 5482; x_wconf 83' lang='lat' dir='ltr'><strong>solemnizabimus,</strong></span> <span class='ocrx_word' id='word_1_731' title='bbox 2019 5424 2073 5470; x_wconf 88' lang='lat' dir='ltr'><strong>et</strong></span> <span class='ocrx_word' id='word_1_732' title='bbox 2098 5413 2228 5484; x_wconf 85' lang='lat' dir='ltr'><strong>ipsis</strong></span> 
     </span>
    </p>
   </div>
   <div class='ocr_carea' id='block_1_100' title="bbox 2340 4658 3939 4732">
    <p class='ocr_par' dir='ltr' id='par_1_100' title="bbox 2340 4658 3939 4732">
     <span class='ocr_line' id='line_1_100' title="bbox 2340 4658 3939 4732; baseline -0.004 -13"><span class='ocrx_word' id='word_1_733' title='bbox 2340 4663 2543 4719; x_wconf 86' lang='lat' dir='ltr'><strong>Evasio</strong></span> <span class='ocrx_word' id='word_1_734' title='bbox 2567 4663 2897 4727; x_wconf 70' lang='lat' dir='ltr'><strong>tiassalensi,</strong></span> <span class='ocrx_word' id='word_1_735' title='bbox 2937 4663 3300 4732; x_wconf 84' lang='lat' dir='ltr'><strong>Hermogene,</strong></span> <span class='ocrx_word' id='word_1_736' title='bbox 3333 4670 3389 4716; x_wconf 89' lang='lat' dir='ltr'><strong>et</strong></span> <span class='ocrx_word' id='word_1_737' title='bbox 3421 4659 3648 4719; x_wconf 75' lang='lat' dir='ltr'><strong>Donato.</strong></span> <span class='ocrx_word' id='word_1_738' title='bbox 3683 4658 3835 4729; x_wconf 86' lang='lat' dir='ltr'><strong>Lupo</strong></span> <span class='ocrx_word' id='word_1_739' title='bbox 3883 4671 3939 4713; x_wconf 83' lang='lat' dir='ltr'><strong>et</strong></span> 
     </span>
    </p>
   </div>
   <div class='ocr_carea' id='block_1_101' title="bbox 2341 4754 3940 4829">
    <p class='ocr_par' dir='ltr' id='par_1_101' title="bbox 2341 4754 3940 4829">
     <span class='ocr_line' id='line_1_101' title="bbox 2341 4754 3940 4829; baseline -0.005 -14"><span class='ocrx_word' id='word_1_740' title='bbox 2341 4759 2584 4822; x_wconf 85' lang='lat' dir='ltr'><strong>Aurelia,</strong></span> <span class='ocrx_word' id='word_1_741' title='bbox 2623 4758 2852 4829; x_wconf 71' lang='lat' dir='ltr'><strong>(Iyriaco</strong></span> <span class='ocrx_word' id='word_1_742' title='bbox 2879 4767 2934 4812; x_wconf 87' lang='lat' dir='ltr'><strong>et</strong></span> <span class='ocrx_word' id='word_1_743' title='bbox 2975 4757 3161 4819; x_wconf 86' lang='lat' dir='ltr'><strong>Paula,</strong></span> <span class='ocrx_word' id='word_1_744' title='bbox 3189 4756 3447 4811; x_wconf 86' lang='lat' dir='ltr'><strong>Sandalio</strong></span> <span class='ocrx_word' id='word_1_745' title='bbox 3487 4754 3849 4816; x_wconf 57' lang='lat' dir='ltr'><strong>Cordubensi,</strong></span> <span class='ocrx_word' id='word_1_746' title='bbox 3881 4765 3940 4808; x_wconf 87' lang='lat' dir='ltr'><strong>ct</strong></span> 
     </span>
    </p>
   </div>
   <div class='ocr_carea' id='block_1_102' title="bbox 2341 4849 3938 4922">
    <p class='ocr_par' dir='ltr' id='par_1_102' title="bbox 2341 4849 3938 4922">
     <span class='ocr_line' id='line_1_102' title="bbox 2341 4849 3938 4922; baseline -0.004 -13"><span class='ocrx_word' id='word_1_747' title='bbox 2341 4852 2610 4909; x_wconf 87' lang='lat' dir='ltr'><strong>Dalmatio</strong></span> <span class='ocrx_word' id='word_1_748' title='bbox 2641 4852 3006 4919; x_wconf 78' lang='lat' dir='ltr'><strong>GerundenSi,</strong></span> <span class='ocrx_word' id='word_1_749' title='bbox 3055 4868 3283 4922; x_wconf 85' lang='lat' dir='ltr'><strong>quorum</strong></span> <span class='ocrx_word' id='word_1_750' title='bbox 3331 4851 3576 4906; x_wconf 81' lang='lat' dir='ltr'><strong>nonnulli</strong></span> <span class='ocrx_word' id='word_1_751' title='bbox 3629 4849 3808 4904; x_wconf 77' lang='lat' dir='ltr'><strong>forsan</strong></span> <span class='ocrx_word' id='word_1_752' title='bbox 3865 4851 3938 4903; x_wconf 81' lang='lat' dir='ltr'><strong>ad</strong></span> 
     </span>
    </p>
   </div>
   <div class='ocr_carea' id='block_1_103' title="bbox 2337 4943 3940 5016">
    <p class='ocr_par' dir='ltr' id='par_1_103' title="bbox 2337 4943 3940 5016">
     <span class='ocr_line' id='line_1_103' title="bbox 2337 4943 3940 5016; baseline -0.002 -15"><span class='ocrx_word' id='word_1_753' title='bbox 2337 4947 2458 5016; x_wconf 89' lang='lat' dir='ltr'><strong>ejus</strong></span> <span class='ocrx_word' id='word_1_754' title='bbox 2494 4946 2740 5000; x_wconf 79' lang='lat' dir='ltr'><strong>notitiam</strong></span> <span class='ocrx_word' id='word_1_755' title='bbox 2776 4962 2880 5000; x_wconf 89' lang='lat' dir='ltr'><strong>nott</strong></span> <span class='ocrx_word' id='word_1_756' title='bbox 2913 4960 3240 5015; x_wconf 72' lang='lat' dir='ltr'><strong>pervenere.</strong></span> <span class='ocrx_word' id='word_1_757' title='bbox 3269 4944 3336 5000; x_wconf 83' lang='lat' dir='ltr'><strong>Et</strong></span> <span class='ocrx_word' id='word_1_758' title='bbox 3365 4943 3494 5013; x_wconf 86' lang='lat' dir='ltr'><strong>quid</strong></span> <span class='ocrx_word' id='word_1_759' title='bbox 3525 4945 3668 5000; x_wconf 89' lang='lat' dir='ltr'><strong>ultra</strong></span> <span class='ocrx_word' id='word_1_760' title='bbox 3711 4957 3940 5013; x_wconf 79' lang='lat' dir='ltr'><strong>progre-</strong></span> 
     </span>
    </p>
   </div>
   <div class='ocr_carea' id='block_1_104' title="bbox 2337 5036 3940 5095">
    <p class='ocr_par' dir='ltr' id='par_1_104' title="bbox 2337 5036 3940 5095">
     <span class='ocr_line' id='line_1_104' title="bbox 2337 5036 3940 5095; baseline -0.004 -1"><span class='ocrx_word' id='word_1_761' title='bbox 2337 5039 2561 5094; x_wconf 81' lang='lat' dir='ltr'><strong>dimur?</strong></span> <span class='ocrx_word' id='word_1_762' title='bbox 2586 5038 2748 5092; x_wconf 79' lang='lat' dir='ltr'><strong>Certe</strong></span> <span class='ocrx_word' id='word_1_763' title='bbox 2785 5039 3026 5095; x_wconf 81' lang='lat' dir='ltr'><strong>laborem</strong></span> <span class='ocrx_word' id='word_1_764' title='bbox 3070 5040 3120 5092; x_wconf 91' lang='lat' dir='ltr'><strong>in</strong></span> <span class='ocrx_word' id='word_1_765' title='bbox 3160 5039 3242 5091; x_wconf 87' lang='lat' dir='ltr'><strong>bis</strong></span> <span class='ocrx_word' id='word_1_766' title='bbox 3271 5038 3556 5094; x_wconf 75' lang='lat' dir='ltr'><strong>Chronicis</strong></span> <span class='ocrx_word' id='word_1_767' title='bbox 3598 5036 3940 5091; x_wconf 89' lang='lat' dir='ltr'><strong>illustrandis</strong></span> 
     </span>
    </p>
   </div>
   <div class='ocr_carea' id='block_1_105' title="bbox 2337 5128 3936 5199">
    <p class='ocr_par' dir='ltr' id='par_1_105' title="bbox 2337 5128 3936 5199">
     <span class='ocr_line' id='line_1_105' title="bbox 2337 5128 3936 5199; baseline -0.002 -14"><span class='ocrx_word' id='word_1_768' title='bbox 2337 5147 2366 5185; x_wconf 89' lang='lat' dir='ltr'><strong>a</strong></span> <span class='ocrx_word' id='word_1_769' title='bbox 2401 5131 2561 5185; x_wconf 90' lang='lat' dir='ltr'><strong>nobis</strong></span> <span class='ocrx_word' id='word_1_770' title='bbox 2595 5130 2917 5199; x_wconf 59' lang='lat' dir='ltr'><strong>prmstiaum,</strong></span> <span class='ocrx_word' id='word_1_771' title='bbox 2951 5141 3003 5184; x_wconf 85' lang='lat' dir='ltr'><strong>et</strong></span> <span class='ocrx_word' id='word_1_772' title='bbox 3029 5130 3347 5186; x_wconf 87' lang='lat' dir='ltr'><strong>eorumdem</strong></span> <span class='ocrx_word' id='word_1_773' title='bbox 3384 5129 3757 5185; x_wconf 83' lang='lat' dir='ltr'><strong>incredibilem</strong></span> <span class='ocrx_word' id='word_1_774' title='bbox 3781 5128 3936 5183; x_wconf 88' lang='lat' dir='ltr'><strong>utili-</strong></span> 
     </span>
    </p>
   </div>
   <div class='ocr_carea' id='block_1_106' title="bbox 2336 5221 3940 5291">
    <p class='ocr_par' dir='ltr' id='par_1_106' title="bbox 2336 5221 3940 5291">
     <span class='ocr_line' id='line_1_106' title="bbox 2336 5221 3940 5291; baseline -0.003 -11"><span class='ocrx_word' id='word_1_775' title='bbox 2336 5233 2538 5288; x_wconf 88' lang='lat' dir='ltr'><strong>tatem,</strong></span> <span class='ocrx_word' id='word_1_776' title='bbox 2595 5223 2826 5278; x_wconf 78' lang='lat' dir='ltr'><strong>lectione</strong></span> <span class='ocrx_word' id='word_1_777' title='bbox 2872 5225 2982 5279; x_wconf 76' lang='lat' dir='ltr'><strong>sola</strong></span> <span class='ocrx_word' id='word_1_778' title='bbox 3031 5223 3267 5279; x_wconf 87' lang='lat' dir='ltr'><strong>lectores</strong></span> <span class='ocrx_word' id='word_1_779' title='bbox 3307 5223 3411 5280; x_wconf 90' lang='lat' dir='ltr'><strong>mei</strong></span> <span class='ocrx_word' id='word_1_780' title='bbox 3459 5221 3940 5291; x_wconf 67' lang='lat' dir='ltr'><strong>poti-runtdepre-</strong></span> 
     </span>
    </p>
   </div>
   <div class='ocr_carea' id='block_1_107' title="bbox 2338 5316 3935 5389">
    <p class='ocr_par' dir='ltr' id='par_1_107' title="bbox 2338 5316 3935 5389">
     <span class='ocr_line' id='line_1_107' title="bbox 2338 5316 3935 5389; baseline 0 -16"><span class='ocrx_word' id='word_1_781' title='bbox 2338 5320 2601 5375; x_wconf 85' lang='lat' dir='ltr'><strong>liendere.</strong></span> <span class='ocrx_word' id='word_1_782' title='bbox 2639 5319 2864 5389; x_wconf 74' lang='lat' dir='ltr'><strong>Legant,</strong></span> <span class='ocrx_word' id='word_1_783' title='bbox 2905 5334 3126 5388; x_wconf 81' lang='lat' dir='ltr'><strong>quzcso,</strong></span> <span class='ocrx_word' id='word_1_784' title='bbox 3178 5330 3235 5372; x_wconf 85' lang='lat' dir='ltr'><strong>et</strong></span> <span class='ocrx_word' id='word_1_785' title='bbox 3283 5334 3479 5387; x_wconf 78' lang='lat' dir='ltr'><strong>magno</strong></span> <span class='ocrx_word' id='word_1_786' title='bbox 3530 5317 3788 5373; x_wconf 76' lang='lat' dir='ltr'><strong>Ecclesia:</strong></span> <span class='ocrx_word' id='word_1_787' title='bbox 3840 5316 3935 5373; x_wconf 86' lang='lat' dir='ltr'><strong>Dei</strong></span> 
     </span>
    </p>
   </div>
   <div class='ocr_carea' id='block_1_108' title="bbox 2335 5411 3667 5485">
    <p class='ocr_par' dir='ltr' id='par_1_108' title="bbox 2335 5411 3667 5485">
     <span class='ocr_line' id='line_1_108' title="bbox 2335 5411 3667 5485; baseline -0.002 -18"><span class='ocrx_word' id='word_1_788' title='bbox 2335 5411 2502 5479; x_wconf 88' lang='lat' dir='ltr'><strong>bono,</strong></span> <span class='ocrx_word' id='word_1_789' title='bbox 2536 5412 2797 5468; x_wconf 79' lang='lat' dir='ltr'><strong>Dextrum</strong></span> <span class='ocrx_word' id='word_1_790' title='bbox 2828 5413 2878 5468; x_wconf 88' lang='lat' dir='ltr'><strong>in</strong></span> <span class='ocrx_word' id='word_1_791' title='bbox 2915 5413 3106 5484; x_wconf 73' lang='lat' dir='ltr'><strong>vulgus</strong></span> <span class='ocrx_word' id='word_1_792' title='bbox 3133 5411 3284 5468; x_wconf 67' lang='lat' dir='ltr'><strong>exire</strong></span> <span class='ocrx_word' id='word_1_793' title='bbox 3310 5421 3667 5485; x_wconf 81' lang='lat' dir='ltr'><strong>cognoscant.</strong></span> 
     </span>
    </p>
   </div>
   <div class='ocr_carea' id='block_1_109' title="bbox 1987 5683 2513 5727">
    <p class='ocr_par' dir='ltr' id='par_1_109' title="bbox 1987 5683 2513 5727">
     <span class='ocr_line' id='line_1_109' title="bbox 1987 5683 2513 5727; baseline -0.008 -30"><span class='ocrx_word' id='word_1_794' title='bbox 1987 5684 2098 5727; x_wconf 61' lang='grc' dir='ltr'>Ὲ</span> <span class='ocrx_word' id='word_1_795' title='bbox 2107 5683 2513 5699; x_wconf 38' lang='grc' dir='ltr'><strong>ης*</strong></span> 
     </span>
    </p>
   </div>
  </div>
