4122 6452
471 256 583 318 559

1519 258 1752 319 FLAVH
1792 259 1972 320 LUC"
2011 258 2270 318 DEXTRI
2312 258 2722 320 CllRONlCON.

466 378 539 439 Α.
565 377 627 435 C.
657 377 784 435 208.
831 377 1029 437 Lucius
1049 375 1467 436 Barcinoneusis
1497 379 1788 450 episcopus
1816 387 2015 449 prmest
2049 380 2206 433 annis
2233 390 2484 447 quatuor.

3659 253 3773 318 360

3428 374 3495 433 Α.
3538 375 3606 432 ιι.
3638 375 3769 432 959.

822 480 1056 548 Quintus
1078 480 1367 550 episcopus
1396 477 1693 533 Toletanus
1713 475 1955 533 succedit
1985 476 2224 541 Patrino,
2261 475 2515 543 prresidet
2543 476 2596 530 in
2626 475 2755 530 sede
2785 473 2942 530 annis
2971 489 3064 529 xu.

827 573 884 630 In
918 572 1172 646 llispania
1199 573 1269 628 ab
1298 571 1614 644 apostolicis
1643 571 1982 642 temporibus
2011 570 2265 639 frequens
2291 569 2584 639 imaginum
2622 583 2896 625 sacrarum
2927 583 3078 633 usus,
3110 575 3166 624 et
3193 567 3405 634 cultus;

897 666 953 722 in
978 667 1178 738 quibus
1204 666 1348 738 apud
1382 681 1480 722 nos
1504 673 1775 736 postrema
1809 665 1907 718 luit
1935 679 1963 717 a
1989 664 2240 734 passione
2270 664 2444 718 sancti
2471 660 2849 734 Christopltori
2879 663 3110 734 gigantis
3136 664 3336 734 imago.

820 760 1112 819 Secundus
1140 761 1392 819 Astensis
1430 759 1592 816 ﬂoret
1632 763 1686 816 iu
1722 760 1976 832 Hispania
1999 802 2014 829 ,
2051 774 2240 830 passus
2273 759 2328 816 in
2360 759 2556 817 Baetica
2585 802 2604 830 ,
2629 776 2799 833 prope
2827 761 3028 818 ﬂumen
3056 761 3366 836 Tanagram
3393 805 3410 832 ,

895 856 1036 912 alias
1065 863 1321 912 vocatum
1351 853 1605 912 Lethem.

1682 948 1940 1007 ΒινΑῐιιι
1978 948 2549 1011 COMMENTARIUS.

471 1089 794 1168 tota_Gallia
824 1088 972 1168 nulla
1000 1090 1196 1147 civitas
1225 1105 1484 1168 umquam
1509 1088 1613 1168 fuit
1637 1102 1706 1146 eo
1721 1087 2072 1168 pominejn-
2098 1091 2148 1153 Α
2174 1086 2539 1168 CitristOpItori
2581 1094 2809 1168 gigantis
2856 1097 3024 1166 imago
3043 1141 3058 1165 ,
3087 1101 3424 1168 corruptum
3457 1101 3541 1151 est
3583 1091 3634 1149 in
3671 1107 3772 1149 co-

468 1165 702 1237 signita;
747 1165 984 1219 Antonio
1015 1176 1199 1220 autem
1242 1160 1602 1237 Nebrissensi
1620 1171 1673 1217 et
1714 1160 2072 1237 Carolo_Ste-

475 1233 656 1305 pliano
702 1240 753 1289 in
801 1239 919 1290 suis
963 1236 1306 1291 dictionariis
1359 1235 1679 1290 historicis.
1735 1233 2072 1302 auctoribus,

472 1309 688 1365 Nivaria
738 1306 1014 1378 Hispania:
1059 1308 1190 1362 urbs
1240 1307 1340 1361 l'uit
1392 1308 1538 1360 inter
1586 1306 1972 1378 Saltinanticam
2021 1316 2078 1378 et

471 1377 896 1451 Compluticam,
927 1395 958 1434 a
1001 1389 1264 1450 perpetua
1296 1379 1442 1451 nive,
1485 1389 1543 1432 ut
1578 1377 1769 1451 credo,
1798 1377 2076 1451 cognomi-

473 1447 628 1517 nata,
650 1447 1118 1521 quemadmodum
1141 1468 1244 1506 una
1272 1467 1336 1506 ex
1355 1450 1670 1521 Fortunalis
1691 1447 1906 1508 lnsulis,
1929 1463 2077 1504 nunc

475 1523 531 1578 ta
576 1520 800 1578 Comera
831 1565 843 1587 ,
889 1523 1018 1579 olim
1050 1539 1080 1576 a
1110 1534 1370 1594 perpetua
1423 1522 1549 1577 nive
1597 1520 1812 1577 Nix-aria
1862 1535 2078 1594 quoque

475 1603 783 1665 nuncupata
815 1594 914 1649 fuit
939 1636 955 1658 ,
997 1594 1065 1649 de
1093 1592 1198 1665 qua
1235 1594 1445 1648 Plinius
1484 1594 1577 1646 lib.
1606 1607 1836 1665 vr,_cap.
1863 1592 1955 1665 ζὴ.
1987 1593 2079 1646 Μ-

475 1669 625 1723 varia
660 1661 790 1735 ergo
819 1683 939 1733 quae
983 1661 1126 1720 inter
1171 1666 1555 1720 Salmanticatn
1598 1677 1650 1720 et
1680 1661 2076 1735 Compluticam

477 1742 583 1794 sita
610 1733 824 1803 l'nit,ea
858 1738 1214 1804 proculdubio
1242 1748 1349 1801 est,
1391 1753 1513 1807 quae
1558 1735 1741 1807 (apud
1776 1733 2075 1804 Dextrum)

475 1810 911 1880 Carpetanorum
963 1810 1163 1864 tinibus
1211 1811 1502 1878 coojuucta
1530 1822 1672 1866 erat.
1702 1821 1831 1880 cum
1862 1815 2080 1880 constet

477 1878 803 1949 Carpetante
855 1882 1151 1950 provinciae
1199 1881 1334 1936 lines
1396 1880 1526 1934 illuc
1575 1879 1870 1948 pertinere.
1921 1878 2076 1944 Quod

478 1969 613 2008 vero
638 1954 690 2005 in
713 1951 903 2007 Galliis
933 1952 1264 2023 prwdicarit,
1289 1965 1396 2008 non
1421 1952 1557 2004 toilit
1578 1955 1704 2020 quin
1735 1950 2076 2023 postmodum

481 2025 774 2095 Hispanias
813 2021 1358 2095 psita'pratdicatione
1404 2023 1754 2085 lustraverit;
1799 2021 2079 2095 ibiquein

479 2094 615 2152 urbe
645 2094 860 2150 Nivaria
911 2097 1054 2150 inter
1080 2096 1342 2151 Vettones
1371 2105 1429 2149 et
1470 2097 1805 2163 Carpetanos
1851 2094 2081 2162 populos

484 2164 736 2239 martyrii
763 2181 1027 2222 coronam
1049 2167 1350 2237 acceperit.
1373 2164 1830 2239 Standumigitur
1853 2164 2078 2239 Dextro,

483 2235 674 2306 utpote
705 2239 991 2293 vetustiori
1024 2235 1267 2293 omnium
1297 2237 1535 2302 auctori,
1561 2250 1616 2292 et
1648 2235 1885 2292 Nivariae
1914 2235 2080 2290 lectio

481 2311 792 2367 retinenda.

557 2383 664 2438 Sed
691 2389 891 2450 quanta
931 2395 1028 2449 pro
1056 2381 1262 2436 Christi
1293 2380 1514 2435 nomine
1543 2378 1604 2436 S.
1639 2378 1921 2435 Andeolus
1960 2391 2084 2448 pas-

482 2468 576 2510 Sus
603 2455 722 2508 est?
761 2453 880 2523 Adu
911 2467 978 2506 ex
1004 2466 1113 2522 quo
1139 2463 1335 2509 ett-tera
1364 2451 1744 2523 Martyrologia
1779 2452 1829 2505 id
1859 2452 2080 2505 desmu-

486 2531 739 2593 pserunt,
781 2522 899 2578 btet!
929 2523 1091 2579 habet
1137 2542 1151 2577 :
1199 2523 1261 2578 S.
1294 2522 1515 2578 Andeoti
1543 2524 1880 2588 subdiacoui,
1927 2539 2076 2589 quem

485 2597 626 2650 misit
665 2595 730 2649 ab
776 2595 988 2649 Oriente
1025 2595 1088 2650 S.
1131 2593 1451 2666 Potycarpus
1491 2611 1608 2649 cum
1649 2593 1712 2648 B.
1741 2593 1996 2665 Benigno,
2028 2603 2076 2666 et

485 2667 756 2723 Antiochia
781 2665 1112 2738 presbyteris,
1135 2678 1184 2722 et
1217 2655 1383 2738 Tyrio
1404 2667 1744 2731 subdiacono,
1775 2670 1842 2718 ad
1867 2655 2074 2738 prmiti-

486 2735 950 2811 eandumyerbum
989 2735 1086 2791 Dei
1127 2739 1180 2792 in
1219 2735 1480 2811 Galliam;
1518 2741 1670 2811 cujns
1701 2737 2079 2811 iprredicatioue

488 2810 664 2866 Censor
714 2808 934 2864 Seuerus
981 2820 1240 2880 coutperta
1284 2810 1454 2880 (dum
1504 2807 1785 2864 Atideolrus
1831 2807 2076 2862 Novarttn

487 2881 814 2950 Carpetautc
844 2883 1032 2950 esset)
1079 2883 1302 2952 spinosis
1330 2881 1552 2952 fustibus
1584 2881 1938 2936 crudelissime
1976 2881 2079 2950 ﬂa-

489 2953 739 3025 gellatam
765 2955 819 3006 in
863 2968 1123 3025 carcerem
1151 2954 1293 3008 trudi
1321 2953 1581 3023 pra'cepit,
1614 2963 1661 3004 et
1694 2953 1801 3004 alia
1822 2952 2076 3025 Adiepmg

490 3021 705 3080 ductum
733 3040 898 3096 ,cnm
939 3023 1128 3096 rideret
1176 3021 1414 3090 superari
1443 3021 1544 3077 non
1585 3037 1770 3095 posse,
1803 3021 1970 3096 jussit
2009 3021 2077 3096 ad

488 3095 879 3150 similitudinem
908 3095 1074 3166 gladii
1122 3097 1184 3149 de
1228 3097 1370 3165 ligno
1413 3096 1689 3150 durissimo
1721 3112 1894 3149 ensem
1936 3095 2074 3166 fieri,

491 3178 539 3222 et
571 3169 626 3220 iu
667 3168 836 3239 crucis
874 3165 1084 3239 modum
1129 3176 1283 3230 caput
1307 3168 1420 3239 ejus
1449 3167 1652 3239 scindi;
1689 3167 1826 3232 quod
1850 3180 1964 3218 cum
1997 3165 2078 3234 fa-

491 3248 628 3293 ctum
659 3237 869 3308 fuisset,
900 3237 1026 3308 eliso
1056 3239 1109 3308 in
1157 3237 1346 3291 terram
1386 3237 1611 3300 cerebro,
1664 3239 1889 3308 gloriosa
1920 3246 2081 3290 morte

494 3306 782 3363 translatus
807 3318 904 3380 est.
933 3307 1012 3363 Ita
1047 3306 1161 3365 fere
1192 3309 1570 3380 Martyrologia
1599 3306 1809 3376 (itione,
1846 3309 2077 3363 Usuardi

493 3391 548 3437 et
576 3380 757 3444 liodtl',
788 3379 1032 3436 Calesiui
1062 3390 1118 3434 et
1145 3379 1445 3436 Ilauroltci.

569 3453 622 3507 5.
666 3451 876 3515 Lucius,
928 3460 1037 3506 etc.
1093 3451 1225 3507 Iure.
1278 3455 1485 3522 optimo
1541 3449 1806 3510 dubitabit
1859 3450 2074 3516 aliquis,

493 3523 637 3579 sitae
665 3522 750 3576 hic
783 3526 901 3588 ipse
925 3522 1143 3592 Lucius,
1167 3537 1326 3592 quem
1356 3534 1483 3578 ante
1510 3523 1582 3578 28
1611 3538 1806 3585 annos,
1832 3523 2082 3576 videlicet

493 3594 695 3649 Christi
744 3594 868 3659 180,
904 3595 1102 3649 Dexter
1145 3597 1367 3652 dixerat
1413 3605 1597 3649 natum
1649 3593 1876 3649 Utriculi
1912 3609 2080 3664 prope

499 3667 784 3738 llispalim,
812 3674 870 3719 et
896 3664 1083 3720 Roma:
1114 3669 1361 3737 pnrclari
1393 3666 1592 3736 ingenii
1625 3667 1780 3722 laude
1803 3665 2080 3720 ﬂoruisse:

495 3752 619 3794 nam
648 3750 701 3791 et
731 3753 926 3792 nomen
959 3747 1017 3792 et
1046 3747 1261 3807 tempus
1288 3748 1610 3794 consonant.

567 3812 623 3865 6.
668 3808 964 3875 Quinctius,
997 3820 1102 3865 ctc.
1151 3811 1414 3876 Superius
1443 3813 1509 3863 ad
1552 3825 1748 3864 annum
1788 3809 1890 3863 l85
1916 3822 2083 3878 expo-

2177 1162 2320 1240 dice,
2361 1162 2415 1219 et
2461 1162 2658 1240 nescio
2693 1169 2818 1240 quid
2869 1162 2972 1223 sibi
3015 1162 3169 1236 velit,
3215 1179 3546 1240 postremam
3587 1180 3710 1220 esse
3740 1181 3772 1220 a

2180 1238 2450 1304 passione.
2479 1237 2591 1294 Hoc
2622 1237 2786 1295 unum
2814 1252 3020 1296 certum
3052 1240 3148 1303 sit,
3177 1239 3338 1295 verba
3366 1240 3478 1292 ha-c
3511 1253 3615 1292 non
3648 1253 3772 1291 esse

2179 1309 2246 1382 ad
2279 1319 2492 1382 tempus
2539 1311 2608 1368 de
2636 1328 2744 1382 quo
2791 1328 2934 1368 nunc
2964 1314 3171 1382 agimus
3215 1309 3522 1374 referenda,
3553 1324 3680 1382 cum
3706 1307 3767 1365 S.

2177 1379 2600 1452 Christopborus
2630 1379 2752 1452 post
2798 1385 2868 1441 50
2894 1379 3066 1438 annos
3094 1383 3313 1439 occisus
3350 1383 3422 1437 sit
3469 1382 3570 1437 sub
3600 1381 3774 1436 Decio

2179 1450 2542 1526 imperatore;
2585 1450 2679 1511 seti
2717 1472 2813 1525 per
2852 1455 3142 1526 quamdam
3178 1455 3708 1525 przeoccupationetn
3740 1468 3771 1508 a

2180 1523 2380 1578 Dextro
2407 1523 2548 1578 dicta
2577 1523 2734 1593 sunt:
2765 1536 2818 1583 et
2839 1523 2960 1583 cum
2985 1528 3126 1581 dicat
3150 1523 3290 1590 apud
3310 1542 3402 1580 nos
3432 1535 3770 1595 postremam

2180 1609 2323 1659 esse,
2357 1597 2488 1649 satis
2519 1596 2689 1664 iiqttt'l.
2731 1601 2798 1652 ad
2843 1610 3085 1668 tempora
3139 1598 3312 1666 ipsius
3341 1595 3594 1652 Auctoris
3648 1610 3773 1650 esse

2179 1669 2644 1741 accommodanda
2661 1690 2671 1724 ε
2691 1670 2849 1741 quasi
2866 1671 3064 1726 dixerit
3077 1671 3486 1741 celeberrimam
3504 1682 3605 1722 suo
3632 1677 3776 1741 tem-

2179 1738 2413 1811 porein
2445 1737 2723 1810 Hispaniis:
2767 1743 2940 1797 tuisSe
2986 1742 3046 1796 S.
3089 1740 3471 1810 Chrismphori
3515 1740 3776 1811 martyris

2183 1810 2471 1878 imaginem
2516 1828 2530 1869 :
2571 1813 2716 1883 quod
2767 1814 2982 1884 quidem
3032 1813 3246 1868 abunde
3293 1810 3776 1884 comprobatusus

2182 1895 2353 1955 {sacrae
2395 1881 2601 1955 ipsius‘
2627 1881 2878 1955 imaginis
2904 1927 2921 1947 .
2978 1885 3068 1954 qui
3113 1885 3165 1939 in
3211 1883 3472 1955 omnibus,
3513 1881 3776 1955 Ecclesiis

2184 1952 2456 2022 Hispania:
2473 1970 2688 2027 semper
2707 1952 3030 2012 observatos
3056 1957 3322 2023 reperitur
3345 1969 3361 2009 :
3386 1953 3593 2010 nullum
3625 1953 3772 2009 enim

2183 2034 2461 2098 a_nttqnum
2511 2030 2772 2096 templum
2823 2043 2930 2096 est,
2979 2029 3123 2094 quod
3153 2028 3272 2098 ejus
3299 2027 3535 2097 imagine
3564 2035 3773 2098 careat.

2185 2093 2263 2170 [Ex
2290 2110 2479 2157 sancto
2505 2093 2666 2153 etiam
2701 2093 2928 2168 Eulogio
2953 2093 3047 2153 lib.
3080 2115 3141 2170 ll,
3173 2093 3294 2170 cap.
3348 2093 3779 2153 xt'Memorialis

2184 2167 2532 2241 Sanctorum,
2559 2179 2706 2239 patet
2721 2167 3029 2228 Cutltorttnt
3065 2167 3308 2241 tempore
3335 2170 3618 2225 exstitisse
3649 2171 3781 2241 (Iorf

2183 2238 2342 2292 dolia!
2408 2238 2621 2309 insigne
2686 2245 3078 2299 nouasterium
3152 2238 3328 2298 saneti
3391 2239 3778 2310 Christopbori

2186 2311 2461 2386 tttartyr_is,
2483 2315 2635 2381 cujus
2661 2326 2849 2386 posma
2875 2313 3119 2370 nonnulli
3142 2313 3393 2386 monachi
3419 2314 3519 2386 sub
3539 2313 3779 2386 Aralntm

2187 2382 2472 2457 tyrannide
2505 2382 2767 2457 martjrio
2812 2388 3060 2441 coronati
3091 2399 3238 2440 sunt.
3269 2385 3324 2440 ln
3357 2385 3638 2439 Breviario
3664 2384 3777 2438 To-

2186 2450 2365 2526 letani»
2413 2455 2469 2510 S.
2530 2450 2720 2511 lsidtiri
2763 2468 2942 2512 exstat
2991 2465 3332 2526 pervetustus
3385 2457 3639 2526 hymnus,
3669 2468 3784 2525 quo

2182 2522 2241 2580 S.
2273 2524 2650 2596 Christ0phori
2675 2539 2795 2585 acta
2824 2522 3112 2585 canuntur.
3145 2529 3272 2600 Ejus
3306 2522 3631 2598 principium
3662 2522 3781 2583 est:

2307 2639 2350 2690 0
2367 2639 2524 2693 Beate
2544 2641 2710 2692 mundi
2733 2650 2900 2693 auctor
2923 2650 3074 2706 atque
3095 2655 3264 2692 rerum
3284 2641 3531 2703 conditor;

2184 2747 2366 2816 ibique
2405 2747 2582 2801 'l‘olet't
2611 2747 2728 2816 ejus
2752 2761 2944 2806 sacras
2973 2747 3209 2818 reliquas
3240 2745 3504 2803 decenter
3528 2747 3781 2801 venerari

2184 2818 2469 2873 ass-oritur.
2507 2821 2569 2874 Iit
2600 2821 2742 2890 quod
2781 2819 2848 2872 ad
2893 2821 3200 2888 giganteam
3247 2829 3510 2873 staturam
3562 2820 3782 2890 attinet,

2183 2903 2307 3018 gubte
2330 2904 2366 3016 la
2417 2889 2690 2945 nonnullis
2742 2892 2809 2945 ad
2857 2892 3171 2963 allegoriam
3217 2890 3446 2947 deducta
3496 2897 3614 2959 est,
3664 2889 3785 2946 hate

2225 2981 2252 3017 a
2293 2977 2323 3015 e
2363 2978 2377 3016 :

2225 2977 2377 3017 δοεῑτ

2310 3057 2620 3121 Elegansque
2642 3063 2825 3108 statura
2844 3065 3014 3108 mente
3037 3055 3342 3121 elegantior,

2308 3116 2430 3169 Visu
2453 3116 2667 3181 fulgens,
2687 3122 2833 3170 corde
2852 3122 3062 3180 vibrans,
3089 3116 3145 3169 ei
3163 3116 3349 3182 capillis
3368 3116 3595 3182 rutilans,

2319 3182 2419 3233 Ore
2448 3183 2708 3241 Christum,
2731 3185 2880 3234 corde
2903 3182 3147 3233 Christum
3176 3181 3550 3244 Christ0pltorus
3567 3183 3780 3233 insonat.

2191 3307 2259 3362 Et
2309 3308 2432 3362 huic
2471 3317 2772 3363 consonant
2815 3310 3034 3378 antiqua
3069 3305 3343 3378 Hispania:
3373 3304 3695 3378 Breviaria;
3725 3305 3780 3361 in

2187 3379 2473 3444 Palcntino
2492 3380 2722 3452 legitur,
2751 3377 2961 3435 statura
2979 3394 3244 3452 procerus,
3275 3377 3464 3432 habens
3501 3377 3781 3432 terribilem

2187 3454 2464 3508 visionem:
2487 3451 2540 3506 in
2568 3454 2904 3507 Asturicensi
2932 3451 3084 3508 vero.
3107 3465 3324 3517 corpore
3346 3464 3610 3522 procerus,
3626 3453 3782 3522 ruite

2189 3525 2447 3578 terribilis.
2476 3523 2760 3592 Equiliuus
2782 3539 2846 3577 ex
2872 3525 3099 3577 vetuStis
3129 3536 3259 3574 mss.
3293 3519 3572 3576 codicibus
3602 3520 3696 3575 lib.
3725 3535 3777 3575 τι

2187 3594 2360 3649 Catal.
2392 3611 2439 3648 c.
2477 3595 2582 3650 1'55
2609 3597 2710 3658 sic,
2741 3598 2882 3649 cultu
2908 3594 3170 3659 terribilis,
3203 3601 3250 3646 et
3277 3592 3646 3666 procerissima
3668 3601 3784 3648 sta-

2189 3676 2338 3722 turte.
2373 3666 2481 3722 Nec
2521 3666 2589 3718 de
2622 3666 2720 3720 hac
2764 3682 2823 3722 re
2870 3666 3121 3718 dubitare
3171 3663 3490 3735 permittunt
3530 3665 3779 3735 reliquiae

2190 3756 2312 3805 qua:
2357 3739 2410 3792 in
2441 3739 2777 3794 Asturiccusi
2829 3738 3064 3792 Ecclesia
3115 3736 3384 3807 hodieque
3432 3734 3553 3804 ejus
3598 3734 3776 3791 sancti

2191 3810 2445 3878 martyris
2473 3824 2665 3880 magno
2693 3809 2895 3862 honore
2926 3816 3280 3872 venerantur;
3313 3822 3446 3880 nam,
3467 3821 3591 3880 pars
3622 3822 3776 3880 tuan-

497 3882 727 3954 suimus,
753 3895 861 3949 quo
888 3893 1048 3952 pacto
1077 3883 1486 3950 intelligendum
1515 3881 1604 3954 sit,
1635 3880 1776 3951 quod
1805 3885 2086 3954 Quinctius
2114 3896 2158 3954 ρ
2195 3881 2396 3935 dibnla:
2430 3879 2666 3936 molares
2688 3882 2849 3935 habet
2865 3881 3068 3954 dentes
3110 3879 3482 3954 antplt_tudiuis
3529 3879 3772 3954 dimidiae

499 3953 755 4008 Patruiuo
780 3951 1102 4008 successerit
1136 3956 1185 4006 in
1226 3954 1476 4008 [uicta-ta
1507 3953 1657 4019 sede,
1681 3968 1804 4007 cum
1844 3951 2083 4004 t'ut-ibtus

498 4026 641 4079 inter
683 4030 970 4092 utrumque
1007 4025 1345 4080 tuedtaverit.
1386 4023 1622 4079 Consule
1651 4040 1772 4093 qua:
1819 4024 1888 4076 ibi
1944 4025 2086 4076 dicta

499 4093 803 4166 suut._Hoc
850 4103 1028 4147 tamen
1076 4110 1336 4152 aunotare
1375 4097 1584 4166 placet,
1637 4095 1777 4165 quod
1825 4093 2084 4166 lcetiones

500 4167 617 4222 illas
648 4164 894 4221 diversas
921 4170 1258 4235 propriorum
1289 4164 1588 4234 nominum,
1617 4164 1733 4236 qum
1768 4166 1820 4220 itt
1849 4165 2085 4234 antiquis

498 4237 778 4293 corticibus
804 4239 872 4291 ad
903 4241 1201 4307 marginem
1231 4249 1384 4292 erant
1415 4238 1665 4305 scriptas,
1711 4238 1910 4292 sciolns
1937 4241 2085 4302 quis-

502 4307 644 4374 piam
687 4310 738 4362 iu
767 4317 972 4363 textum
1018 4313 1194 4380 ipsum
1225 4309 1454 4374 induxit,
1502 4311 1644 4363 unde
1671 4308 2083 4377 corruptissime

499 4381 552 4436 in
585 4381 782 4434 Dexrro
808 4395 1014 4436 excuso
1053 4382 1368 4451 plerumque
1397 4380 1674 4445 duplicate
1712 4382 1956 4433 lectionis
1988 4393 2083 4432 uo-

501 4454 644 4506 tniua
677 4452 942 4506 habentur
981 4468 994 4504 :
1039 4450 1092 4508 et
1123 4454 1227 4506 hoc
1263 4450 1561 4522 praesertim
1590 4453 1728 4517 loco,
1763 4453 1852 4522 ubi
1884 4452 1961 4503 sic
1989 4453 2083 4502 ha-

499 4525 690 4578 betur:
723 4522 999 4595 Qttinctus,
1028 4526 1103 4578 uel
1137 4524 1476 4595 Quinctianus
1505 4523 1773 4595 episcopus
1805 4521 2081 4575 Toletauus

495 4596 731 4649 succedit
767 4594 1039 4659 l’atrnmo,
1088 4599 1164 4649 ecl
1217 4593 1467 4662 Paterno,
1514 4593 1634 4648 eum
1679 4593 1863 4649 tamen
1909 4595 2079 4646 altera

494 4665 659 4721 lectio
684 4667 735 4719 in
761 4675 936 4724 textu.
965 4666 1133 4721 altera
1163 4667 1226 4719 ad
1245 4665 1545 4735 marginem
1572 4666 1882 4721 collocanda
1910 4675 2076 4720 ess‘cl.

496 4740 628 4804 Quae
671 4746 851 4792 autem
900 4753 1086 4791 carum
1131 4740 1319 4792 verior
1359 4739 1450 4799 sit,
1498 4738 1626 4790 dunt
1652 4739 1741 4791 alii
1771 4740 2076 4806 oppositum

492 4816 895 4875 demonstrant;
923 4809 1255 4880 probabilius
1282 4807 1434 4874 mihi,
1460 4809 1769 4875 Quinetiam
1794 4825 1846 4863 et
1873 4810 2081 4863 Patrui-

491 4896 620 4936 ιιυιιι
651 4893 867 4938 vocatos
876 4921 886 4932 .

564 4955 615 5007 7.
659 4950 725 5005 In
775 4952 1032 5023 Hispania
1058 4994 1070 5016 ,
1116 4959 1221 5008 etc.
1274 4951 1562 5008 Sacrarum
1596 4951 1886 5022 imaginum
1919 4968 2075 5008 usum

488 5023 558 5076 ah
606 5024 868 5095 εινοςιυιιε
913 5026 1131 5078 duxisse
1176 5025 1438 5095 originem
1467 5065 1482 5088 ,
1531 5023 1714 5077 multis
1762 5026 1812 5077 in
1861 5025 2073 5080 Niczena

486 5103 697 5166 synodo
725 5111 760 5150 ιι
793 5095 1076 5165 probatum
1105 5108 1216 5161 est;
1256 5106 1311 5150 et
1347 5111 1377 5149 a
1414 5106 1606 5149 saneto
1633 5095 1840 5149 Joanne
1878 5096 2075 5150 Dama-

485 5183 650 5220 sceno
699 5172 748 5220 in
805 5169 1142 5221 orationibus
1196 5169 1264 5221 de
1314 5168 1659 5237 imaginibus.
1718 5169 1937 5221 Certum
1992 5178 2076 5223 cst

481 5252 660 5291 nttlctn
711 5253 864 5293 usum
913 5250 966 5292 et
1017 5241 1424 5292 veneratimtetn
1456 5254 1717 5307 ipsarum,
1757 5254 1861 5291 non
1894 5241 2074 5293 minus

481 5310 536 5363 in
589 5311 865 5379 Hispania,
921 5325 1082 5377 quant
1126 5313 1176 5364 in
1226 5311 1347 5364 aliis
1393 5312 1561 5363 totius
1587 5310 1738 5364 orbis
1767 5310 2065 5379 provinciis

474 5384 544 5431 ab
586 5381 847 5450 apostolis
891 5381 1255 5435 inttoductum
1301 5381 1503 5446 fuisse;
1544 5395 1667 5435 cum
1701 5382 1896 5450 ubiqttc
1935 5399 2062 5436 ens-

472 5451 598 5506 dem
630 5455 808 5505 cultus
839 5463 894 5508 et
924 5468 1102 5506 mures
1135 5468 1231 5521 per
1257 5452 1439 5507 omnia
1482 5455 1690 5506 similes
1738 5453 2060 5520 praedicave-

470 5526 601 5576 rint.
639 5524 954 5578 Consultant
1003 5523 1084 5578 his
1133 5539 1196 5578 ea
1245 5539 1365 5590 qua:
1416 5524 1482 5577 ad
1526 5538 1724 5578 annum
1756 5521 1826 5578 50
1861 5525 2063 5577 Dexter

468 5595 807 5662 praemiserat
844 5596 948 5650 :D.
992 5593 1208 5650 Petrum
1260 5595 1523 5649 detulisse
1577 5598 1837 5663 imagines
1878 5610 2058 5649 sacras

461 5666 532 5718 ah
565 5665 855 5724 Antiochia
883 5667 949 5718 ad
983 5665 1269 5736 Hispanias
1310 5684 1321 5718 :
1366 5677 1420 5720 et
1466 5681 1586 5735 quo:
1621 5671 1683 5718 ad
1714 5682 1836 5719 eum
1881 5666 2055 5718 locum

458 5739 794 5792 notavimus.
822 5738 975 5804 Quod
1005 5739 1075 5792 de
1119 5738 1351 5807 imagine
1393 5739 1452 5791 δ.
1483 5736 1859 5805 Christnpltori
1902 5739 2051 5790 addi-

455 5812 571 5878 tur,
622 5807 685 5862 In
727 5811 910 5881 quibus
952 5811 1091 5878 apud
1123 5826 1213 5864 uos
1242 5819 1500 5882 postrema
1538 5810 1634 5877 {uit
1663 5826 1692 5861 (ι
1722 5810 1959 5879 passione
1987 5809 2046 5864 S.

2193 3954 2364 4007 nucis.
2405 3956 2479 4005 Ad
2509 3963 2832 4012 extremum,
2859 3952 3057 4006 fatetur
3080 3954 3230 4005 card.
3257 3951 3522 4006 BarOnius
3549 3953 3602 4004 in
3631 3951 3775 4006 notis

2188 4027 2253 4077 ad
2300 4027 2441 4078 them
2482 4026 2553 4078 ἳῙί
2593 4026 2740 4082 Julii.
2792 4023 2932 4091 quod
2977 4024 3107 4077 olim
3140 4027 3376 4093 frequens
3401 4033 3534 4083 erat,
3565 4037 3628 4074 ac
3651 4023 3776 4077 retia

2187 4097 2360 4165 giosns
2399 4098 2448 4147 in
2479 4095 2748 4165 Hispaniis
2776 4094 3126 4166 Chr-istorsum}
3154 4096 3396 4165 martyris
3424 4096 3614 4166 cultus.

2260 4168 2311 4222 8.
2358 4164 2628 4222 Secundus
2664 4167 2927 4230 Asterisis,
2961 4164 3065 4221 etc.
3093 4165 3224 4220 Dum
3265 4164 3395 4219 olim
3427 4164 3577 4220 fuere
3610 4164 3772 4220 urbes

2188 4240 2338 4292 Astm
2369 4240 2778 4294 nomenclatura
2827 4238 3120 4306 insignittc,
3145 4237 3316 4292 altera
3337 4237 3394 4292 in
3424 4234 3640 4306 Liguria
3663 4237 3772 4292 Ita-

2190 4309 2224 4362 li
2248 4329 2275 4361 l'
2307 4313 2609 4377 provincia,
2653 4310 2821 4364 altera
2855 4324 2988 4362 vero
3018 4311 3070 4362 in
3104 4310 3314 4364 lia-lica!
3356 4306 3630 4378 Hispania:
3653 4317 3771 4378 ,μοι

2185 4376 2416 4448 utraque
2485 4383 2768 4436 notissima
2824 4381 2964 4448 apud
3021 4380 3271 4450 antiquos
3321 4376 3640 4447 scriptores.
3691 4376 3772 4435 De

2187 4451 2473 4519 lliSp;tttica
2497 4456 2608 4522 agit
2632 4452 3074 4517 l’omponiuslib.
3104 4468 3183 4519 ιιι,
3217 4451 3543 4506 Ptolomarus
3584 4451 3637 4504 in
3683 4461 3770 4504 ta-

2188 4523 2308 4576 bula
2346 4523 2584 4587 ltmt-cm,
2626 4524 2695 4577 ab
2723 4539 2782 4577 ea
2825 4527 3136 4576 a-stuarium
3169 4525 3318 4578 Astm
3358 4522 3768 4577 denominatum

2185 4595 2327 4649 inter
2358 4609 2568 4648 sacrum
2603 4598 3033 4658 promontoritnu
3062 4605 3117 4648 et
3145 4593 3438 4650 Herculeas
3459 4594 3765 4661 columnas,

2185 4681 2490 4735 ntnnenqtte
2529 4669 2674 4720 urbis
2703 4666 2876 4720 solum
2909 4681 3198 4721 remanens
3218 4706 3233 4729 ,
3259 4665 3312 4718 la
3340 4681 3478 4718 mese
3507 4665 3572 4718 de
3598 4665 3765 4733 Asta,

2183 4750 2425 4791 veterum
2450 4739 2683 4792 sustinet
2705 4737 2832 4790 inibi
2865 4739 3176 4791 memoriam
3227 4736 3493 4792 factorum
3519 4735 3768 4808 (consule

2182 4824 2306 4876 qua:
2338 4811 2573 4862 diximus
2603 4810 2671 4862 de
2710 4809 2914 4862 sanctis
2949 4809 3221 4879 Eutychio
3250 4821 3304 4860 et
3342 4809 3767 4879 llonoriogagen-

2183 4890 2284 4942 tes,
2319 4881 2384 4931 ad
2421 4894 2616 4933 annum
2649 4880 2862 4934 Domini
2889 4879 3034 4949 ΗΞ).
3062 4877 3196 4934 λεια
3227 4879 3470 4948 Liguri-ra
3494 4877 3766 4948 hodieque

2183 4966 2376 5004 nomen
2397 4954 2505 5003 Asti
2529 4961 2726 5011 servat,
2756 4951 2898 5004 inter
2918 4952 3143 5005 latinam
3167 4961 3223 5005 et
3243 4949 3626 5006 Mediolanum.
3653 4951 3762 5007 Sed

2183 5023 2233 5076 in
2262 5037 2360 5091 qna
2390 5025 2575 5076 harum
2609 5037 2706 5092 pro
2733 5022 2949 5077 Christo
2975 5021 3257 5076 Secundus
3280 5031 3490 5092 martyr
3516 5019 3764 5077 Asterisis

2179 5096 2516 5155 occubuerit,
2554 5112 2659 5147 non
2707 5094 2959 5147 videntur
2993 5095 3288 5148 convenire
3317 5106 3604 5147 austores:
3636 5107 3762 5148 nam

2181 5165 2232 5218 itt
2257 5164 2655 5238 Marlytiolvgior
2685 5165 2932 5219 Romano
2961 5164 3051 5220 die
3078 5163 3152 5218 ει
3181 5165 3354 5220 Martii
3381 5207 3398 5233 ,
3425 5176 3486 5226 et
3504 5161 3560 5238 in
3592 5164 3764 5238 Addi-

2181 5235 2415 5289 tinmbus
2451 5235 2680 5290 Usnardi
2711 5252 2739 5289 a
2773 5238 2984 5289 Molauo
3016 5240 3068 5289 in
3102 5238 3277 5289 lucem
3305 5237 3448 5290 datis
3469 5237 3644 5289 solum
3675 5237 3762 5290 di-

2176 5308 2335 5372 citur,
2371 5325 2421 5358 tn
2466 5310 2591 5360 urbe
2621 5310 2821 5361 Astensi
2860 5309 3026 5360 sancti
3073 5305 3306 5362 Secundi
3339 5307 3604 5377 martyris.
3637 5307 3754 5362 Itali

2176 5382 2362 5431 volunt
2383 5379 2572 5432 Italum
2604 5395 2745 5442 esse,
2769 5387 2826 5431 et
2858 5384 3001 5432 Asta:
3030 5378 3261 5445 Liguria:
3289 5379 3529 5443 obiisse.
3556 5379 3756 5435 Dexter

2167 5461 2346 5503 autem
2371 5451 2388 5521 (
2418 5453 2461 5504 si
2511 5462 2686 5505 texuts
2729 5459 3018 5516 curruptus
3068 5466 3175 5504 non
3206 5451 3325 5520 est)
3359 5452 3412 5503 in
3442 5448 3642 5521 Baetica
3683 5450 3753 5505 ad

2166 5519 2528 5575 coittluentt-m
2557 5522 2744 5575 Lethis
2789 5522 2978 5585 lluvii,
3027 5524 3114 5590 qui
3163 5519 3428 5589 hodieque
3467 5519 3758 5575 Guadatete

2165 5603 2544 5657 nuncupatur;
2588 5595 2730 5663 quod
2766 5605 2922 5645 sonat
2953 5593 3142 5661 ﬂuuius
3181 5592 3372 5646 Latiae.
3402 5593 3675 5647 Caeterum
3707 5593 3755 5648 si

2162 5677 2289 5716 tera
2314 5673 2462 5727 sunt,
2490 5681 2610 5733 qua:
2643 5666 2695 5718 in
2725 5664 2844 5732 ejus
2879 5664 2996 5718 Vita
3029 5665 3368 5727 referuntur,
3396 5675 3553 5730 prout
3575 5675 3755 5720 exstat

2161 5737 2301 5802 apud
2347 5741 2562 5789 l'etrtnn
2613 5735 2923 5805 Equilinum
2969 5735 3065 5787 lib.
3103 5751 3176 5797 IV,
3216 5748 3339 5803 cap.
3391 5734 3478 5798 l2,
3512 5744 3568 5789 et
3608 5738 3752 5801 apud

2159 5806 2523 5862 lltoutln'itium
2555 5813 2684 5862 tom.
2716 5806 2778 5864 ll.
2810 5806 2916 5860 Vit.
2940 5815 3276 5873 sanctorum,
3309 5809 3361 5862 in
3386 5805 3504 5863 Vita
3529 5809 3589 5864 S.
3613 5807 3756 5868 Nar-
