4114 6460
390 161 460 216 53
1392 164 1622 224 FLAVll
1661 164 1844 225 LUCII
1883 167 1950 225 Di

2030 166 2142 225 TRI
2180 166 2597 229 CllRONlCON.

700 276 922 336 Voluce:
944 292 1113 354 prope
1134 279 1480 339 Numantiam
1510 292 1693 339 sancta
1721 281 1959 341 Victoria
1982 300 2104 340 cum
2125 286 2308 342 sociis.

704 370 854 428 Asta:
875 370 930 429 in
953 372 1212 444 Hispania
1242 376 1457 432 Βίεῑίοω
1473 376 1531 435 S.
1561 376 1845 434 Secundus
1870 386 2078 450 martyr
2103 378 2349 435 colitur.‘

346 158 460 216 453

342 277 474 336 A.C.
494 278 622 335 300.

3545 185 3651 241 ιδι

3336 294 3647 354 A.R.lOSi.

705 467 855 525 Oreti
888 470 940 523 in
970 467 1229 541 Hispania
1251 469 1647 527 Tarraconensi
1699 471 1759 530 S.
1789 470 2066 543 Spiridioo
2089 511 2107 538 ,
2156 472 2305 545 prius
2341 470 2638 547 episcopus
2665 453 2965 533 Toletanus
2988 516 3006 546 ,
3055 478 3151 553 qui
3192 494 3294 553 pro

772 558 976 619 Christi
999 564 1219 621 nomine
1241 566 1457 638 egregie
1484 566 1767 655 pugnavit:

699 652 908 727 llipula:
929 658 982 711 in
1016 656 1269 727 llispania
1296 667 1517 714 sanctus
1542 652 1846 715 Restitutus
1892 665 1975 732 (ut
2012 660 2281 735 creditur)
2316 664 2642 737 presbyter;
2684 666 2943 738 magister
2968 666 3215 727 Castoris
3237 681 3296 730 et

768 752 1044 807 sociorum
1073 750 1472 808 Cantabrorum
1502 752 1964 825 Lapidicinarnm.
1997 755 2094 811 llic
2110 766 2165 813 et
2188 756 2474 830 Crispulus
2502 759 2728 834 Martyr,
2760 770 2817 818 et
2846 762 3183 835 Restitutus,
3219 765 3291 825 de

770 855 880 910 quo
898 843 1104 898 dudum
1134 843 1469 914 dixeramus,
1496 842 1858 902 interfuerunt
1884 847 2113 902 concilio
2143 847 2484 905 lliberritaito
2515 855 2569 905 in
2600 850 2820 906 Bretica.

692 932 973 991 Patavonii
994 934 1051 990 iit
1073 936 1364 993 Asturibus
1381 936 1760 1008 gloriosissinti
1801 937 2003 995 Christi
2025 946 2294 1013 martyres
2319 938 2674 1011 Saturninus,
2703 940 2875 1011 Felix,
2900 942 3229 1003 Fortunatus
3249 987 3268 1018 ,

777 1034 833 1083 et
860 1026 955 1084 alii
983 1028 1120 1084 socii
1149 1040 1442 1103 martyres.

696 1115 843 1176 Urbe
866 1118 1123 1176 Heraclea
1152 1120 1210 1178 in
1236 1118 1405 1191 Calpe
1436 1122 1709 1196 Hispania:
1738 1133 1926 1180 sancta
1954 1123 2115 1183 Lucis
2144 1135 2376 1199 martyr.

690 1214 1039 1286 Argenteolat
1064 1216 1119 1272 in
1147 1218 1435 1275 Asturibus
1459 1219 1634 1277 sancti
1658 1218 1863 1278 Christi
1893 1232 2161 1297 martyres
2190 1222 2521 1284 Saturninus
2545 1268 2562 1297 ,
2592 1224 2929 1300 TheOpliilus
2947 1268 2965 1299 ,
3019 1237 3076 1286 et
3106 1226 3287 1288 Revo-

774 1318 895 1364 cata
922 1323 1025 1380 pro
1046 1309 1264 1369 Christo
1292 1311 1463 1384 passi.

1562 1406 1821 1465 BIVARII
1857 1408 2429 1471 COMMENTARIUS.

335 1541 509 1624 gulam
553 1543 704 1624 illam
749 1542 928 1602 Toleti
975 1543 1255 1624 genuisse,
1301 1559 1599 1624 neAsenem
1643 1544 1936 1624 admodum
1966 1552 2013 1613 Α
2042 1546 2209 1624 igitur
2235 1550 2301 1604 ad
2328 1551 2446 1624 auri
2476 1551 2559 1607 vel
2589 1554 2797 1624 argenti
2826 1552 3037 1609 fodinas
3066 1553 3332 1613 Oretanas
3355 1556 3644 1619 damnatus

333 1614 503 1687 ipsam
530 1617 799 1689 virginem
831 1614 1072 1689 martyrii
1101 1614 1345 1687 tempore
1373 1614 1650 1672 faciamus.
1672 1616 1777 1672 Sed
1801 1618 1938 1689 nihil

334 1690 529 1741 mirum
566 1703 612 1742 SI
662 1687 734 1744 60
760 1687 1171 1757 annunt'ageus
1204 1688 1567 1752 occideretur,
1610 1702 1733 1743 nam
1776 1689 1846 1744 tle
1877 1687 1937 1744 S.

331 1758 619 1821 Apollonia
668 1769 852 1813 nolunt
889 1770 994 1822 est,
1045 1774 1234 1815 senem
1282 1760 1415 1814 satis
1459 1762 1697 1814 occisam
1747 1760 1933 1815 fuisse.

326 1828 693 1884 Nihilominus
721 1830 1049 1886 crediderim
1076 1841 1279 1898 patrem
1309 1840 1366 1885 et
1391 1831 1559 1885 lilium
1587 1832 1793 1885 eisdem
1842 1846 1940 1884 no-

330 1900 897 1972 minibus‘insiguitos,
921 1912 977 1957 et
1000 1904 1337 1958 consulatum
1363 1905 1501 1970 patri
1532 1901 1933 1957 ascribendum.

395 1972 487 2027 50.
545 1969 781 2040 Voluce,
821 1981 926 2029 etc.
961 1974 1090 2042 Ejus
1135 1973 1282 2027 urbis
1323 1969 1573 2027 meminit
1611 1972 1938 2027 Ptolomteus

328 2042 383 2098 in
421 2045 683 2099 Arevacis
716 2058 883 2115 prope
924 2044 1289 2109 Numantiam,
1337 2052 1395 2097 ut
1427 2044 1625 2115 opinor
1651 2042 1931 2115 Berlaugn.

324 2115 540 2184 Corpus
583 2128 716 2171 vero
759 2116 1089 2172 beatissiinre
1137 2115 1361 2185 virginis
1397 2130 1463 2169 ac
1508 2118 1763 2185 martyris
1816 2115 1938 2169 Vic-

328 2185 705 2257 toriaeidebito
734 2187 941 2243 honore
981 2186 1216 2257 quiescit
1255 2187 1310 2239 in
1344 2187 1571 2241 ecclesia
1615 2186 1933 2257 metropoli—

328 2266 451 2312 tana
493 2256 783 2326 Burgensi.
827 2255 1025 2313 Errore
1064 2267 1244 2313 autem
1270 2258 1417 2327 vulgi
1451 2259 1712 2312 hactenus
1740 2255 1934 2312 crede-

330 2327 490 2384 batur
515 2344 618 2383 una
648 2344 715 2384 ex
763 2332 1045 2384 sororibus
1085 2341 1289 2384 sancta:
1325 2327 1536 2383 Ursulae
1560 2368 1575 2389 .
1606 2342 1671 2383 ac
1700 2328 1805 2382 lilia
1838 2343 1934 2383 cu-

321 2396 537 2468 jusdam
567 2400 740 2469 reguli
772 2401 943 2458 Siculi
974 2411 1031 2456 et
1059 2403 1115 2455 S.
1145 2400 1443 2466 Gerasinas,
1474 2415 1598 2469 quae
1625 2400 1734 2453 duo
1765 2412 1931 2459 reuu-

326 2480 496 2538 gnant
540 2472 685 2533 inter
716 2485 798 2528 se.
840 2471 971 2526 Nam
1008 2472 1173 2526 sociat
1206 2470 1268 2527 S.
1311 2471 1519 2526 Ursulus
1558 2484 1750 2527 omnes
1778 2480 1933 2526 crant

329 2557 398 2613 ex
428 2540 623 2613 majori
650 2542 947 2607 Britannia,
978 2558 1074 2599 seu
1105 2543 1318 2612 Anglia,
1350 2557 1472 2610 qute
1504 2541 1664 2612 longo
1691 2557 1719 2595 a
1747 2541 1928 2597 Sicilia

328 2612 498 2668 distat
518 2612 812 2670 intervallo
842 2621 1001 2669 terra:
1027 2628 1094 2670 ac
1130 2614 1318 2669 maris.
1349 2614 1528 2681 Quare
1554 2614 1645 2683 qui
1677 2619 1929 2682 parentes

326 2684 586 2740 dicuntur
606 2685 667 2742 S.
691 2685 949 2741 Victoria:
969 2689 1191 2740 luerunt
1214 2686 1373 2755 simul
1404 2686 1459 2737 in
1483 2686 1742 2755 martyrio
1767 2685 1923 2747 socii,

326 2755 395 2826 de
418 2756 618 2824 quibus
644 2758 757 2826 agit
787 2758 891 2811 hoc
922 2757 1049 2812 loco
1079 2758 1296 2811 Dexter.
1329 2754 1552 2810 Fesmm
1589 2754 1828 2826 ipsorum
1858 2757 1925 2809 ad

326 2825 473 2900 diem
511 2827 581 2900 i0
625 2824 953 2900 Novembris
975 2827 1187 2900 [Surgis
1211 2827 1544 2900 celebratur.
1592 2824 1835 2900 Fuerunt
1870 2840 1925 2882 et

326 2896 448 2951 alia:
471 2899 595 2967 ejus
622 2898 859 2955 nominis
882 2901 935 2969 in
967 2896 1247 2968 Hispania,
1273 2898 1342 2953 de
1368 2896 1566 2968 quibus
1597 2897 1721 2953 ride
1748 2912 1923 2952 anno-

329 2970 567 3025 tationes
593 2970 662 3025 ad
688 2988 816 3025 antt.
849 2969 955 3027 {30
981 2981 1038 3026 et
1062 2970 1194 3027 406.

396 3040 491 3097 51.
519 3040 657 3097 Astra
682 3041 738 3096 in
770 3041 1048 3113 Hispania,
1074 3037 1435 3098 etc.Consulc
1458 3054 1579 3111 quat
1606 3039 1923 3112 scripsimus

330 3108 399 3167 ad
426 3128 625 3167 annum
654 3114 781 3169 208.

399 3182 491 3239 32.
522 3182 687 3251 Oreti,
720 3194 827 3240 etc.
859 3182 1190 3240 Ptolomteus
1207 3190 1372 3240 vocat
1398 3181 1599 3239 Oreton
1625 3182 1927 3240 Germano-

329 3268 471 3317 rum,
502 3270 547 3326 at
562 3271 671 3326 quo
705 3257 929 3312 Oretani
959 3256 1145 3326 populi
1179 3253 1474 3326 nuneupati
1516 3272 1529 3307 :
1566 3255 1766 3326 Strabo
1804 3268 1925 3310 cor-

330 3337 489 3392 rupte
514 3325 721 3381 0riam.
760 3327 935 3392 Multi,
964 3325 1019 3381 iit
1039 3325 1263 3394 quibus
1291 3325 1565 3395 Tarapha,
1605 3325 1877 3381 Villanova
1906 3366 1921 3393 ,

325 3406 383 3453 et
408 3397 634 3453 Carolus
653 3397 868 3454 Clusius
883 3398 1258 3453 existimarunt
1283 3407 1519 3452 veterem
1547 3398 1752 3452 Oreton
1780 3411 1924 3451 nunc

329 3467 438 3524 dici
486 3468 849 3537 Caiatravatn,
902 3472 997 3525 sed
1043 3469 1276 3525 Morales
1330 3468 1387 3523 itt
1436 3469 1702 3538 Antiquit.
1759 3468 1925 3522 verbo

332 3537 529 3595 Oretas
573 3540 789 3597 erudite
832 3543 1025 3611 probat
1068 3555 1176 3596 non
1216 3539 1310 3611 ibi.
1344 3538 1439 3595 sed
1484 3537 1652 3609 prope
1685 3542 1925 3593 Caletra-

330 3625 473 3676 vam,
497 3611 794 3677 exstitisse,
815 3610 924 3681 quo
949 3613 1069 3667 loco
1092 3627 1233 3666 nunc
1255 3610 1562 3666 Ecelesiola
1584 3614 1634 3664 in
1657 3611 1923 3665 honorem

331 3681 394 3738 Β.
427 3681 528 3738 Dei
564 3682 871 3739 Genetricis
902 3683 1114 3739 videtur
1140 3692 1453 3738 constructa
1482 3681 1623 3736 inter
1660 3682 1925 3736 Grattatu-

330 3754 437 3807 iam
457 3762 515 3809 et
540 3750 876 3809 Calatravam
908 3756 974 3807 ad
1006 3756 1177 3823 ripam
1209 3752 1500 3808 Xabalonis
1522 3753 1784 3817 fluminis,
1813 3753 1926 3807 rui-

331 3824 416 3879 nis
460 3824 596 3895 ipsis
627 3833 685 3879 et
711 3826 1006 3883 eremitorii
1049 3826 1477 3895 nontenelatura
1508 3826 1710 3894 pariter
1752 3832 1921 3877 attes-

333 3894 607 3961 tantibus;
641 3912 765 3951 nam
801 3896 999 3952 dicitur
1035 3896 1099 3952 S.
1145 3894 1319 3950 Maria
1347 3897 1412 3950 de
1442 3894 1619 3965 Orata,
1669 3895 1802 3949 alias
1839 3895 1924 3949 del

334 3975 644 4037 Azuqueca.
672 3968 951 4023 Difﬁcilius
978 3969 1251 4022 nonnullis
1273 3969 1447 4022 visum
1477 3977 1561 4021 est
1588 3968 1733 4036 quod
1760 3968 1830 4021 de
1864 3967 1922 4019 S.

330 4036 646 4108 Spiridione
671 4041 957 4108 asseritnr,
985 4040 1243 4093 nintirunt
1274 4042 1588 4106 episcomtm
1626 4037 1793 4092 fuisse
1821 4036 1926 4091 Τυ-

329 4106 591 4176 letanunt,
637 4118 695 4166 et
735 4106 952 4181 egregie
991 4111 1138 4165 Oreti
1181 4124 1280 4178 pro
1316 4110 1517 4164 Christi
1564 4111 1785 4181 nomine
1827 4121 1926 4178 pu-

366 4194 548 4251 nasse.
585 4181 717 4235 Nam
749 4180 1028 4251 Spiridion
1072 4182 1125 4235 in
1166 4184 1348 4251 Cypro
1376 4183 1664 4251 episwpus
1709 4180 1847 4251 fuit,
1870 4186 1926 4232 ut

381 4250 680 4323 uliuuslib.
713 4266 754 4321 ι,
784 4250 905 4323 cap.
935 4252 971 4305 5
997 4250 1331 4307 Sozomenus
1374 4253 1465 4305 lib.
1498 4266 1517 4306 ι
1544 4266 1664 4319 cap.
1708 4250 1927 4323 Μίδου

2044 1620 2143 1699 l‘uit
2170 1631 2389 1699 sanctus
2420 1620 2695 1699 Spiridio'a
2735 1642 2764 1679 a
2792 1626 3139 1691 Maximiano,
3183 1642 3309 1683 cum
3340 1630 3450 1699 jam
3482 1631 3645 1689 Tole-

2042 1698 2223 1765 tanam
2272 1694 2601 1765 aliquamdiu
2651 1700 2883 1751 rexisset
2915 1700 3239 1765 licclesiam;
3272 1694 3521 1758 et'Oreti
3571 1704 3639 1759 ad

2042 1763 2259 1843 metalla
2284 1764 2571 1843 damnatus
2596 1770 2809 1838 egregie
2830 1785 2937 1843 pro
2964 1770 3162 1824 Christi
3190 1763 3410 1827 nomine
3434 1788 3635 1843 pugna-

2037 1835 2297 1911 χιι-δρᾶ
2349 1852 2377 1911 :t
2428 1835 2785 1911 Censtantuio
2830 1835 3177 1911 imperatore,
3229 1835 3641 1911 ageiite'llesio

2036 1902 2374 1983 Cordubensi
2406 1908 2705 1980 absolutus,
2741 1910 2796 1965 iit
2830 1902 3069 1983 Cyprum
3100 1902 3289 1971 rediit:
3305 1911 3384 1970 De
3425 1919 3641 1973 caeteris

2038 1976 2266 2047 consule
2292 1977 2409 2047 ejus
2437 1990 2578 2035 acta.

2106 2047 2197 2128 b3.
2232 2045 2466 2116 Ilipultc,
2498 2062 2604 2128 etc.
2631 2051 2817 2128 llultte
2843 2050 3271 2128 lilljtlS‘nOMiniS
3298 2056 3459 2113 urbes
3485 2058 3638 2115 fuere

2037 2123 2217 2199 prisco
2248 2130 2491 2188 tempore
2528 2123 2585 2199 i_n
2608 2123 3346 2199 _llispanla.__P|inlus_trium
3390 2131 3642 2185 meminit

2036 2189 2133 2270 lib.
2160 2204 2337 2270 .xxvm
2368 2208 2490 2260 cap.
2522 2189 2812 2270 2,_ll_ipul:e
2838 2194 3038 2270 Italica:
3064 2196 3117 2249 in
3136 2195 3421 2270 Conventu
3445 2201 3638 2269 Hispa-

2037 2259 2187 2339 lensi
2202 2275 2372 2339 prope
2403 2259 2751 2339 morticipiuiit
2770 2265 3146 2339 Aratitanunt;
3175 2279 3228 2322 et
3253 2269 3348 2322 lib.
3374 2284 3411 2337 t,
3431 2259 3559 2337 cap:
3578 2275 3631 2337 5,

2036 2330 2239 2408 llipulte
2275 2330 2478 2408 Laudis
2521 2338 2574 2390 in
2608 2330 2943 2408 Bastetanis,
2989 2349 3041 2393 et
3081 2330 3289 2408 llipulte
3313 2330 3537 2398 Minoris
3579 2330 3635 2397 in

2032 2398 2318 2483 Convenit:
2358 2406 2680 2483 Astigitzmo.
2710 2398 3068 2483 __Ptolom:eus
3111 2398 3360 2483 ditat-um,
3404 2427 3632 2483 quarum

2032 2471 2259 2528 alteram
2292 2478 2440 2545 ponit
2479 2471 2891 2550 'in_'l‘urditanis
2922 2494 3089 2550 prope
3131 2471 3463 2549 Nebrissani,
3497 2487 3635 2542 alte-

2033 2556 2147 2621 t'am
2165 2550 2499 2621 cognomine
2528 2548 2772 2621 Magnam
2801 2550 2857 2604 in
2882 2548 3158 2606 Turdulis.
3187 2552 3472 2609 Assentior
3495 2556 3633 2611 Am-

2029 2612 2216 2671 brosio
2231 2612 2305 2694 de
2330 2618 2581 2694 liorales,
2604 2612 2695 2691 qui
2719 2621 2771 2676 in
2798 2622 3059 2694 Antiquit.
3085 2624 3253 2677 verbo
3274 2622 3418 2694 Ilipa
3440 2628 3535 2682 [οι.
3562 2629 3632 2683 87

2031 2700 2201 2755 usque
2228 2686 2299 2743 90
2326 2690 2537 2745 erudite
2566 2686 2840 2748 convincit
2869 2686 3232 2748 ex'Strabone
3276 2706 3329 2746 et
3350 2686 3516 2761 'aliis,
3547 2698 3635 2752 lli-

2030 2771 2152 2839 pam
2202 2773 2450 2839 magnam
2489 2765 2541 2839 i_n
2565 2762 2807 2818 Mariano
2832 2763 3229 2839 δύω-(εἰςτιά
3260 2764 3502 2827 Momm)
3535 2784 3635 2824 ex-

2026 2832 2254 2904 stitisse,
2274 2846 2381 2900 quo
2410 2832 2514 2904 loei
2542 2848 2684 2887 nunc
2710 2844 2794 2904 est
2823 2832 3088 2900 Pana/lar.
3121 2835 3465 2904 llipant'vero
3490 2839 3631 2894 alte-

2027 2913 2167 2974 ram.
2196 2902 2265 2956 de
2293 2916 2397 2969 qua
2423 2903 2729 2974 aliquando
2754 2903 2909 2960 Titus
2940 2904 3141 2967 Livius.
3172 2902 3295 2961 esse
3327 2906 3630 2964 Zalameam

2029 2970 2082 3024 in
2122 2968 2705 3047 Sereno_saltu.'Qnod
2738 2976 2805 3029 ad
2841 2986 3060 3047 sanctos
3088 2986 3354 3047 martyres
3386 2979 3629 3037 Restituo

2029 3050 2141 3096 tum
2166 3051 2218 3096 et
2247 3045 2426 3097 socios
2457 3058 2685 3111 speetat,
2714 3055 2880 3115 agunt
2917 3046 2985 3102 de
3021 3048 3103 3101 eis
3136 3045 3300 3111 Beda,
3336 3058 3389 3104 et
3420 3050 3626 3106 Roma-

2026 3128 2155 3185 num
2188 3115 2631 3185 martyrologium
2677 3119 2743 3169 ad
2788 3118 2849 3173 l0
2874 3117 3019 3172 Junii
3066 3119 3167 3173 sub
3198 3118 3281 3172 liis
3308 3121 3511 3175 verbis.
3557 3120 3628 3177 In

2026 3180 2293 3258 Hispania
2330 3180 2633 3240 sanctorum
2669 3198 2958 3258 martyrum
3005 3186 3236 3256 Crispuli
3266 3200 3311 3243 et
3358 3191 3625 3247 Restituti.

2026 3254 2148 3329 Ado
2169 3256 2259 3311 die
2283 3259 2552 3326 sequenti.
2583 3260 2743 3313 Solus
2774 3254 2972 3329 lfexter
2997 3254 3243 3315 meminit
3272 3260 3538 3329 Castoris,
3567 3278 3625 3321 et

2027 3326 2303 3405 sociorum
2335 3330 2755 3405 Cautum-orum.
2781 3328 3083 3405 Restitutus
3114 3332 3394 3405 presbyter
3428 3326 3631 3405 llipuli-

2027 3404 2184 3475 tanus
2222 3397 2499 3475 (corrupte
2533 3401 2930 3475 Elepelitanus)_
2958 3397 3227 3472 reperitur
3257 3397 3459 3475 primm
3490 3397 3625 3475 ἰη-θ-

2025 3468 2365 3539 sbyterorum
2388 3468 2734 3541 illorum.’qui
2764 3468 3119 3527 interfuerunt
3134 3468 3365 3527 concilio
3387 3468 3626 3531 Ιιεδὸπί-

2028 3549 2174 3612 tario,
2209 3541 2350 3608 apud
2373 3541 2659 3612 Loaysain,
2689 3541 2949 3608 Zuritam,
2980 3550 3039 3597 et
3064 3543 3509 3602 Genebrandum.
3542 3548 3621 3604 De

2026 3608 2854 3683 damnationeChristianorum
2908 3613 2975 3667 ad
3027 3614 3351 3683 lapidicinas
3394 3620 3619 3675 consule

2025 3680 2355 3735 cardinalem
2385 3682 2674 3738 Baroltium
2703 3686 2757 3737 in
2789 3683 2939 3737 Nolis
2960 3683 3027 3737 ad
3054 3680 3196 3739 diem
3228 3686 3294 3739 10
3340 3684 3622 3744 Februarii

2025 3751 2215 3828 verbo,
2246 3752 2317 3806 ad
2349 3756 2562 3808 metalla
2591 3756 2872 3828 damnatis.
2902 3754 3066 3809 Certe
3106 3754 3413 3828 Cantabria:
3461 3772 3621 3828 aspe-

2025 3824 2159 3877 ritas
2186 3824 2238 3878 in
2263 3839 2423 3879 causa
2450 3836 2532 3880 est
2556 3867 2573 3892 ,
2605 3835 2662 3877 ut
2694 3827 2746 3880 in
2777 3840 2853 3897 ea,
2874 3839 3093 3897 semper
3122 3826 3321 3897 fuerint
3372 3824 3619 3897 lapidici-

2027 3908 2135 3970 ttze,
2157 3906 2219 3970 tet
2245 3909 2306 3950 ea
2338 3910 2473 3970 gens
2498 3898 2712 3967 ingenio
2736 3896 2801 3951 ad
2843 3896 3051 3965 lapides
3080 3896 3407 3953 scindendos
3431 3896 3494 3956 et
3521 3915 3619 3970 po-

2025 3964 2238 4019 liendos
2266 3967 2514 4033 polleret.

2098 4035 2191 4090 54.
2233 4036 2530 4103 Palavonii,
2575 4046 2685 4093 etc.
2733 4036 3063 4093 Ptolomavus
3109 4037 3341 4095 collocat
3380 4039 3614 4096 Patavo-

2028 4107 2181 4160 nium
2206 4106 2261 4161 in
2289 4110 2580 4163 Asturibus
2628 4108 2730 4165 sub
2773 4107 2907 4164 urbe
2964 4111 3337 4176 Asturiceusi;
3380 4112 3616 4169 Morales

2032 4178 2128 4233 lib.
2166 4193 2195 4231 ι
2230 4193 2349 4243 cap.
2380 4180 2450 4235 55
2472 4182 2752 4234 existimat
2789 4194 2911 4233 esse
2952 4195 3113 4248 quam
3150 4180 3362 4236 Vanrza
3400 4200 3613 4238 nuncu-

2028 4263 2240 4318 pamns.
2294 4249 2365 4305 Ibi
2412 4266 2544 4306 sane
2585 4250 2860 4309 residebat
2902 4248 3100 4304 Flaviae
3136 4253 3378 4309 cohortis
3433 4255 3612 4309 tribus-

329 4333 510 4398 ct-ates
540 4322 637 4398 lib.
667 4320 925 4398 t_cap.'8,
955 4334 1009 4378 et
1034 4324 1154 4398 ejus
1184 4334 1307 4398 acta
1322 4324 1467 4398 apud
1497 4324 1717 4398 Sutjium
1749 4338 1776 4374 a
1805 4322 1926 4398 Trif
1954 4333 2000 4398 ρ
2031 4333 2155 4398 nus.
2205 4320 2526 4398 Sanctorum
2548 4394 2558 4398 Α
2583 4332 2878 4398 martyrum
2930 4322 3150 4398 r‘elicis,
3199 4322 3504 4398 Fortunati,
3558 4336 3614 4381 et

330 4393 507 4465 pltillo
533 4393 652 4463 ejus
680 4393 951 4461 discipulo
992 4396 1135 4449 edita
1168 4395 1533 4449 manifestam.
1565 4396 1833 4450 Caeterum
1877 4394 1923 4448 si
1965 4393 1999 4398 ”
2028 4394 2305 4465 sociorum
2340 4394 2587 4465 meminit
2636 4393 2827 4465 Petrus
2866 4394 2918 4446 in
2960 4393 3221 4465 Catalogo
3267 4394 3359 4449 lib.
3396 4412 3451 4451 ιι
3487 4393 3608 4464 eap.

329 4471 453 4536 quis
478 4468 638 4521 vellet
666 4467 803 4521 duos
827 4465 1168 4535 Spiridiones
1197 4480 1465 4528 asserere,
1490 4465 1744 4536 Cyprium
1783 4465 1919 4519 alte-

330 4535 475 4603 rum,
502 4536 731 4592 alterum
768 4536 1112 4602 Toletanunt,
1159 4551 1267 4592 non
1310 4546 1492 4604 posset
1520 4535 1770 4591 falsitatis
1812 4551 1924 4589 ma-

328 4610 529 4664 nifeste
554 4609 831 4678 redargui.
865 4609 977 4679 Ego
1005 4623 1139 4663 sane
1171 4610 1507 4675 probabilius
1530 4608 1711 4676 judico
1756 4621 1921 4661 unum

329 4680 689 4749 comitemque
733 4681 1093 4749 Spiridionem
1136 4680 1322 4743 fuisse,
1363 4680 1431 4734 de
1471 4694 1578 4749 quo
1613 4683 1829 4743 Dexter,
1860 4692 1924 4732 ac

332 4749 563 4822 liutinus
589 4751 866 4816 scribunt,
896 4756 987 4821 qui
1012 4752 1230 4822 quidem
1258 4755 1313 4804 ιιι
1337 4749 1517 4821 Cypro
1545 4750 1718 4822 insula
1740 4763 1920 4814 natus,

332 4824 387 4893 in
421 4820 736 4890 Hispaniam
762 4820 1059 4893 protei-tus,
1086 4823 1155 4876 ob
1184 4826 1309 4876 vute
1334 4820 1624 4877 candorem
1652 4820 1828 4875 [actus
1853 4833 1925 4874 sn

332 4892 635 4950 Toletanus
678 4892 990 4964 ept5c0pus,
1046 4908 1110 4949 ac
1161 4896 1376 4948 demum
1424 4896 1475 4948 in
1522 4898 1747 4964 patriam
1806 4901 1927 4961 post

335 4967 539 5021 multos
575 4980 746 5020 annos
790 4963 1064 5032 reversus,
1095 4966 1225 5020 inibi
1266 4968 1548 5035 episcopus
1574 4963 1928 5019 Trimetunti-

335 5052 439 5093 nos
463 5037 672 5091 electus
702 5036 884 5101 fuerit,
918 5038 1042 5091 inde
1072 5035 1307 5092 Nicaeam
1349 5037 1415 5090 ad
1444 5037 1735 5091 concilium
1767 5050 1928 5105 gene-

334 5108 446 5164 rale
468 5106 704 5177 petierit,
730 5122 794 5162 ac
814 5108 1307 5181 Sardicensitetiam
1331 5108 1655 5181 interfuerit.
1680 5107 1767 5161 Sic
1785 5106 1926 5160 enim

335 5193 525 5249 Omnia
550 5188 873 5235 consonant.
906 5179 1002 5233 Cui
1035 5179 1377 5249 suilragatur,
1405 5180 1545 5249 quod
1579 5179 1630 5232 in
1665 5188 1929 5247 martyru-

335 5251 481 5319 logio
508 5248 753 5305 Romano
782 5252 847 5303 de
869 5260 1058 5304 sancto
1080 5252 1387 5320 Spiridione
1412 5248 1499 5304 die
1527 5249 1589 5304 14
1614 5250 1925 5320 Decembris

336 5322 555 5395 dicunt,
587 5320 730 5388 quod
754 5322 1007 5395 nimitum
1036 5319 1169 5375 unus
1191 5324 1286 5395 fuit
1317 5338 1381 5395 ea:
1405 5323 1507 5375 illis
1528 5319 1922 5395 confessor.bus,

336 5410 465 5463 quos
498 5392 848 5447 Maximianus
879 5391 1073 5446 Dextro
1102 5391 1249 5447 oculo
1279 5394 1481 5460 effosso.
1515 5402 1561 5447 et
1592 5394 1796 5446 sinistro
1836 5410 1928 5456 pu-

340 5462 465 5537 plite
493 5468 709 5527 succiso,
732 5464 802 5517 ad
830 5464 1035 5517 metalla
1059 5470 1409 5519 damnaverat.
1441 5466 1570 5532 Quis
1601 5474 1778 5537 autem
1808 5481 1930 5517 nes-

340 5533 415 5590 cit
458 5538 758 5605 pratcipuas
802 5538 1141 5590 metallorum
1186 5539 1415 5601 lodinas,
1448 5552 1584 5606 quas
1630 5536 1927 5590 Romanum

342 5606 575 5663 habebat
617 5607 901 5673 imperium
946 5609 995 5661 in
1043 5606 1313 5677 Hispaniis
1346 5608 1550 5663 fuisse?
1580 5607 1635 5661 id
1666 5622 1765 5661 nos
1804 5607 1929 5660 alibi

342 5691 411 5734 ex
452 5677 550 5736 lib.
587 5677 1044 5748 Macltabatorum,
1076 5684 1132 5735 et
1169 5680 1289 5736 aliis
1326 5678 1447 5738 fuse
1497 5678 1927 5737 m0n5travimus.

2025 4462 2154 4589 fit),
2168 4480 2344 4589 sum:
2370 4464 2457 4531 77,
2490 4463 2791 4534 asscritque
2821 4464 3030 4519 occisos
3059 4479 3161 4534 pro
3190 4464 3424 4522 Domino
3462 4470 3530 4522 ad
3558 4462 3611 4522 ιν

2046 4549 2092 4586 'a
2119 4574 2135 4589 .
2223 4548 2283 4587 ar
2312 4551 2370 4589 it.

2046 4538 2135 4589 tal.
2168 4535 2370 4589 Martii.

2097 4606 2187 4663 35.
2224 4604 2361 4660 Urbe
2388 4604 2664 4671 Heraclea,
2694 4614 2800 4661 etc.
2833 4605 3055 4675 Egimus
3086 4605 3157 4662 de
3177 4608 3312 4663 urbe
3351 4608 3609 4665 Heraclea

2023 4676 2094 4732 ad
2130 4676 2351 4749 Calpem
2393 4680 2531 4749 l'reti
2560 4678 2692 4732 olim
2735 4677 3022 4744 existente,
3048 4679 3101 4732 in
3132 4681 3511 4749 superioribus
3541 4682 3608 4736 ad

2022 4764 2222 4804 annum
2248 4746 2447 4803 Christi
2476 4748 2567 4801 70.

2100 4821 2191 4876 36.
2246 4818 2589 4892 Argeuteultr,
2640 4828 2745 4876 etc.
2775 4818 3017 4874 Meminit
3053 4820 3172 4890 ejus
3217 4820 3369 4875 urbis
3420 4820 3603 4876 Ptolo-

2030 4905 2198 4947 matus
2227 4894 2281 4945 in
2325 4892 2631 4960 Asturibus,
2665 4900 2721 4948 et
2765 4892 3019 4946 Molecius
3048 4893 3187 4959 apud
3217 4893 3517 4947 Urtltelium
3551 4896 3605 4947 itt

2029 4979 2125 5018 sua
2156 4963 2488 5034 Synonyuiia
2520 4963 2786 5029 locorum,
2818 4964 3012 5017 asaerit
3037 4977 3180 5018 nunc
3210 4962 3445 5017 Hadulac
3465 4961 3606 5018 nun-

2031 5039 2215 5104 cupari
2249 5054 2261 5086 :
2290 5036 2408 5096 sed,
2446 5044 2503 5087 ut
2550 5034 2822 5097 existimo,
2850 5046 3108 5103 corrupte
3158 5051 3253 5104 pro
3281 5035 3453 5088 Aviles
3482 5036 3611 5105 legit

2034 5105 2291 5161 Medulrs.
2324 5105 2645 5161 Sani-torum
2673 5120 2805 5159 vero
2829 5117 3125 5174 martyrum
3153 5110 3408 5160 memoria
3432 5115 3612 5160 exstat

2034 5178 2086 5231 in
2120 5179 2368 5248 iloniauo
2400 5177 2778 5248 Martyrologio
2833 5178 2898 5229 ad
2947 5180 3087 5230 diem
3125 5178 3158 5231 6
3188 5176 3469 5248 Februarii
3523 5176 3607 5231 his

2032 5250 2244 5311 verbis;
2285 5246 2483 5302 Eodem
2533 5246 2616 5300 die
2652 5257 2946 5301 sanctorum
2975 5257 3257 5318 martyrum
3306 5247 3606 5314 Saturnini,

2036 5318 2328 5389 TlieOpItilt',
2360 5329 2408 5373 et
2457 5320 2741 5373 liet'ocatw.
2773 5321 3134 5373 Consentium
3173 5331 3352 5389 vetera
3387 5332 3518 5372 nisi.
3548 5330 3605 5373 et

2033 5391 2314 5459 Equitatus
2346 5390 2439 5444 lib.
2472 5404 2526 5444 χι
2567 5406 2684 5458 cap.
2720 5391 2823 5446 150
2852 5405 2999 5443 nunt.
3033 5390 3123 5443 5:2.
3157 5388 3358 5444 Eadem
3386 5389 3603 5444 nomina

2030 5461 2259 5533 lrgunus
2285 5463 2349 5514 ad
2378 5478 2573 5516 annum
2605 5464 2711 5517 200
2744 5464 2796 5515 in
2820 5461 3037 5526 Dextro,
3062 5462 3154 5517 sed
3189 5471 3368 5515 tamen
3399 5469 3608 5529 tempo-

2032 5532 2153 5589 rum
2181 5543 2236 5586 et
2266 5535 2477 5588 urbium
2509 5532 2819 5587 dill‘erentia
2857 5534 3098 5587 diversos
3140 5534 3303 5587 fuisse
3341 5538 3600 5597 ostendit,

2037 5606 2090 5658 lti
2130 5620 2359 5673 namque
2398 5620 2540 5659 anno
2578 5605 2683 5658 500
2724 5605 3069 5673 Argenteolze
3106 5605 3160 5659 in
3190 5603 3495 5671 Asturibus,
3530 5603 3605 5660 illi

2038 5692 2165 5733 ann.
2195 5677 2301 5732 200
2334 5676 2511 5733 Victtct:
2540 5676 2591 5730 in
2623 5675 2880 5733 Gallzrcia
2904 5675 3071 5733 occisi
3098 5687 3245 5731 sunt.
