4114 6464
542 193 652 253 559
1584 196 1818 254 FLAVII
1858 198 2039 257 LUCII
2081 199 2344 257 DEXTRI
2384 201 2802 262 CHRONICON.
3750 204 3859 265 840

537 309 818 368 Δ.ϐ.401.
896 311 1264 379 Innocentius,
1303 313 1321 368 Ι
1355 312 1515 383 hujus
1541 317 1808 385 nominis,
1839 316 2085 372 succedit
2110 318 2421 376 Anastasio.
3527 321 3851 381 A.R.ilfi2.

680 405 812 463 405.
891 408 1159 465 Stilicone
1189 425 1224 466 tt
1251 419 1305 466 et
1335 409 1417 465 Fl.
1449 411 1928 481 Anthemiucoss.,
1959 415 2170 483 cogitur
2190 415 2366 474 ’ποιεῑί
2381 421 2672 477 concilium
2701 438 2715 477 :
2747 427 2802 477 et
2824 419 2891 475 ad
2920 417 3108 477 Patres
3139 419 3192 476 in
3222 420 3326 477 hoc
3352 433 3484 476 con-
3689 419 3852 476 “56.

968 500 1094 557 cilio
1118 503 1380 559 collectos
1403 504 1593 560 scribit
1625 505 1682 562 S.
1723 504 2098 562 Innocentius.

713 593 842 654 506.
915 597 1184 669 Leporius
1211 601 1507 671 episcopus
1547 601 1820 660 Uticensis
1865 603 1919 659 iu
1951 605 2147 660 lla-lica
2169 648 2185 672 ,
2217 605 2368 676 prius
2399 605 2703 662 monachus
2745 620 2778 660 e
2817 604 3022 662 familia
3071 605 3131 662 S.
3162 605 3488 676 Augustini,
3691 608 3855 667 “57.

976 702 1151 750 mutat
1181 696 1448 766 perditam
1477 710 1630 753 suam
1662 698 1902 770 priorem
1928 698 2296 766 sententiam,
2325 697 2638 754 admonitus
2657 715 2688 754 a
2717 698 2777 754 ὃ.
2811 699 3119 773 Augustino
3144 708 3484 770 praeceptore
3503 714 3626 756 suo.

1767 835 2020 894 DIVARII
2059 835 2627 893 COMMENTARIUS.

548 950 653 1004 lert
681 948 734 1004 in
761 948 1164 1007 consultatione
1195 966 1292 1010 sua
1336 952 1563 1006 Orosius
1582 995 1597 1014 ,
1625 950 1764 1006 duos
1796 950 1980 1006 At-itos
2009 949 2138 1004 τίη-ο
2171 952 2222 1012 Α
2249 949 2476 1017 differri,
2507 958 2629 1006 etc..
2648 946 2911 1006 lucidisse
2935 947 2992 1005 in
3037 947 3184 1005 hunc
3226 964 3429 1005 annum
3459 948 3568 1009 405
3599 951 3856 1010 consula-

548 1036 900 1088 raconcnses.
919 1030 1069 1078 extra
1101 1025 1330 1093 patriam
1359 1033 1535 1087 actos,
1562 1038 1778 1078 errores
1802 1022 2064 1092 quosdam
2091 1025 2142 1075 in

547 1108 670 1151 eam
705 1093 1010 1156 reduxisse,
1044 1095 1134 1160 qui
1166 1093 1394 1150 Romam
1422 1095 1677 1162 petierat,
1713 1093 1973 1148 Victorini
2003 1109 2018 1160 ;
2052 1095 2143 1162 qui

551 1164 1010 1237 Hierosolymam,
1059 1163 1353 1237 Origenis:
1407 1166 1661 1221 nimirtnn
1712 1165 1884 1220 libros
1933 1164 2145 1220 Periur-

551 1238 692 1291 chon
724 1235 976 1306 Origenis
1002 1235 1188 1294 secum
1219 1238 1503 1294 deferebat
1528 1278 1543 1302 ,
1587 1249 1642 1292 et
1671 1252 1910 1300 errores,
1949 1238 2147 1306 quibus

575 1309 756 1362 iassim
803 1315 1035 1369 scatent.
1079 1309 1420 1379 prtedicabat
1461 1320 1516 1364 et
1566 1309 1706 1365 inter
1749 1308 1875 1370 alia,
1908 1306 2145 1362 Verbum

575 1324 756 1362 iasstm
803 1324 1035 1369 scatent.
1079 1324 1420 1379 prmuncanat
1461 1324 1516 1364 et
1566 1324 1706 1365 inter
1749 1324 1875 1370 alia,
1913 1324 2145 1362 Verbum

554 1324 738 1434 i’atris
777 1379 1061 1436 dominum
1108 1382 1256 1449 prius
1296 1381 1603 1436 successive
1641 1382 1885 1433 omnium
1934 1379 2146 1434 hierar-

554 1453 780 1506 cliarum
830 1452 1152 1521 angelorum
1203 1453 1268 1506 ad
1324 1467 1478 1508 suam
1535 1450 1869 1523 hypOstasim
1905 1463 2146 1523 maturas

555 1520 943 1592 assumpsisse,
982 1533 1038 1579 et
1077 1523 1272 1579 ultimo
1303 1523 1517 1578 tandem
1549 1520 1860 1578 humanam.
1894 1520 2032 1577 Cum
2061 1520 2148 1575 his

553 1593 849 1666 advenerat
896 1596 950 1648 in
1003 1596 1316 1666 Hispaniam
1367 1595 1587 1666 quidam
1641 1592 2149 1666 sanctusUBusilius

552 1663 777 1720 Cra-cus
823 1666 904 1732 (ut
934 1666 1049 1733 ipse
1087 1665 1312 1722 Orosius
1359 1663 1664 1738 nuncupat)
1712 1664 2006 1720 identidem
2043 1665 2147 1720 do-

554 1751 712 1809 cens,
762 1738 858 1809 sed
903 1739 1152 1807 quisnam
1190 1738 1347 1794 fuerit
1387 1737 1937 1809 igttoratttr.‘Umttc_s
1968 1748 2145 1809 tamen

552 1807 773 1881 scriptis
825 1807 887 1881 D.
921 1805 1219 1880 Augustini
1255 1805 1557 1874 convictos,
1598 1809 1669 1863 ab
1708 1805 1941 1881 inceptis
1979 1807 2149 1862 desti-

556 1880 689 1950 tisse
733 1880 868 1933 satis
907 1896 971 1936 ex
1011 1896 1078 1936 eo
1114 1882 1460 1938 manifestum
1508 1883 1586 1945 lit,
1626 1880 1769 1949 quod
1804 1881 2146 1950 postmodum

555 1949 624 2004 ad
677 1966 878 2006 annum
934 1950 1148 2006 Domini
1180 1952 1288 2008 $29
1318 1952 1642 2009 eorumdem
1678 1949 1815 2008 cum
1835 1953 2047 2005 honore
2093 1965 2148 2004 et

557 2020 717 2076 laude
749 2023 996 2080 meminit
1027 2023 1268 2080 Dexter:
1307 2036 1358 2080 et
1391 2026 1513 2089 quia
1564 2023 1830 2080 memoria
1877 2022 2149 2090 ejusmodi

554 2106 805 2166 errorum
842 2096 893 2149 in
923 2097 1074 2150 nullo
1100 2096 1260 2160 hujus
1285 2097 1460 2150 rotatis
1485 2095 1724 2166 Hispano
1749 2093 1987 2148 concilio
2011 2094 2147 2149 facta

556 2175 661 2220 est.
698 2165 957 2223 Diversus
977 2168 1046 2222 ab
1073 2168 1156 2222 his
1179 2167 1278 2222 fuit
1299 2170 1437 2224 alter
1468 2165 1682 2231 Avitus,
1719 2167 1920 2237 pariter
1949 2166 2148 2237 llispu-

556 2250 660 2291 nus
687 2238 996 2310 presbyter,
1043 2239 1132 2308 qui
1177 2241 1513 2294 rem-latione
1545 2236 1896 2308 reliquiarum
1928 2236 1993 2310 _S.
2022 2238 2147 2310 Stet

556 2310 721 2380 phaui
775 2307 1171 2380 HierOsolymis
1216 2311 1486 2376 interfuit,
1520 2322 1574 2364 et
1605 2307 1892 2380 epi~tolam
1925 2308 2147 2364 aniani

555 2394 589 2433 o
618 2377 811 2436 Graeco
857 2377 1152 2437 Latinitate
1184 2384 1428 2447 tlonaiit,
1482 2398 1544 2435 ac
1594 2377 1788 2436 Uiosiu
1820 2379 2060 2445 tradidit,
2096 2383 2146 2434 in

558 2451 908 2508 Occidentem
937 2468 1059 2508 cum
1085 2453 1330 2522 reliquiis
1359 2453 1733 2508 deferendam.
1768 2451 2145 2522 Diversitatcm

556 2534 812 2591 arguunt,
848 2534 957 2578 tum
988 2527 1175 2592 patria:
1203 2521 1496 2582 diversitas
1524 2542 1537 2579 :
1570 2525 1650 2579 illi
1681 2521 2146 2594 natiiquei'l‘arra-

556 2608 826 2652 concnses
863 2606 1039 2662 erant,
1072 2594 1272 2653 Orosio
1300 2608 1354 2652 et
1397 2601 1596 2653 Dextro
1629 2593 1890 2660 testibus;
1919 2593 2008 2649 hic
2037 2593 2148 2650 Lu-

557 2664 790 2732 sitanus,
819 2677 874 2724 tit
901 2683 1161 2736 expresse
1188 2669 1393 2724 ldatius
1422 2667 1613 2725 scribit
1636 2670 1688 2721 iu
1720 2667 1896 2722 Fastis
1919 2669 1983 2719 ad
2017 2683 2148 2721 cou-

558 2739 795 2792 suiatum
823 2737 1047 2794 llonorii
1077 2756 1109 2796 x
1142 2752 1198 2796 et
1219 2741 1511 2796 Tlieodmii
1539 2741 1780 2797 iunioris
1803 2753 1853 2793 ιι
1882 2758 1893 2791 :
1927 2736 2149 2793 Exstant

557 2807 778 2885 (ait)_ea:
815 2812 899 2885 Itis
919 2812 1075 2885 gestis
1106 2812 1342 2881 (pistatia
1389 2813 1683 2885 supradicti
1718 2812 2003 2885 presbyteri
2032 2809 2148 2864 Lit-

558 2880 723 2956 r_t'_t_mi,
772 2891 820 2956 et
861 2880 934 2956 S.‘
971 2882 1108 2956 Aviti
1139 2880 1428 2956 presbyteri
1457 2880 1838 2956 'Bmcareusis.
1873 2880 1971 2952 ἰμιί
2022 2891 2148 2936 tunc

560 2948 944 3028 [fierosolymt's
960 2948 1211 3028 degebant
1237 2948 1439 3028 :q'unre
1473 2960 1660 3010 Avitus
1685 2948 1954 3028 tlediCavit
1972 2963 2148 3008 trans-

558 3022 825 3097 lationem
853 3042 1008 3080 suam
1025 3022 1303 3083 Bilcouio'
1321 3029 1583 3097 episcopo
1606 3023 1928 3083 Bracareusi
1945 3071 1960 3094 ,
1991 3030 2148 3097 cujus

557 3093 787 3167 habetur
815 3099 1018 3152 mentio
1047 3100 1100 3152 in
1126 3103 1261 3156 actis
1284 3093 1502 3155 concilii
1521 3098 1770 3155 Toletani
1802 3093 1962 3167 primi
1991 3096 2143 3163 dicti,

559 3175 615 3220 et
651 3165 1000 3224 Bracarensis
1030 3173 1235 3238 pariter
1262 3188 1299 3226 t.
1334 3171 1472 3228 Tum
1513 3170 1712 3226 deinde
1743 3165 1956 3237 tempus
1985 3178 2039 3224 et
2069 3169 2150 3224 lo-

557 3252 677 3306 cus,
703 3254 827 3293 nam
847 3240 1066 3310 quando
1094 3244 1338 3305 reliquias
1364 3243 1606 3298 iuventte
1634 3251 1783 3306 sunt,
1816 3248 1871 3294 et
1900 3241 1988 3294 hic
2021 3239 2150 3296 Avi—

561 3317 650 3383 tus
687 3310 900 3375 aderat,
933 3311 1043 3383 alii
1074 3314 1166 3383 qui
1208 3314 1537 3370 Periarchon
1584 3313 1714 3368 inde
1753 3312 2046 3366 attulerant
2093 3313 2147 3367 iu

560 3379 872 3454 Hispaniam
894 3382 962 3438 ab
986 3379 1257 3454 aliquibus
1283 3387 1442 3441 annis
1476 3384 1770 3441 redierant.

631 3452 696 3508 A.
731 3452 793 3508 C.
824 3453 952 3510 dot.
979 3485 1050 3497 -
1077 3452 1440 3522 Inuoceu:ius,
1472 3470 1581 3513 etc.
1613 3457 1730 3512 Non
1761 3465 1978 3512 constat
2005 3458 2147 3526 apud

561 3538 756 3581 omnes
806 3531 873 3582 de
901 3543 1045 3584 anno
1091 3530 1377 3586 electionis
1405 3529 1741 3592 lnnocentii;
1771 3543 1894 3583 nam
1943 3527 2148 3584 Idatius

563 3596 616 3650 in
643 3611 845 3653 annum
897 3608 1148 3656 octavum
1181 3601 1395 3656 Arcadii
1444 3611 1498 3656 ct
1538 3601 1760 3656 Honorii
1793 3615 1912 3653 eam
1946 3601 2145 3669 rejicit,

559 3669 650 3738 qui
685 3669 783 3725 ftiit
815 3669 1018 3726 Christi
1058 3673 1196 3740 £05;
1247 3673 1594 3729 Marcellinus
1621 3683 1677 3728 et
1706 3673 1888 3726 caeteri
1928 3671 1982 3725 in
2010 3686 2144 3727 cono

2253 1030 2364 1074 tum
2389 1019 2679 1078 Stiliconis
2702 1036 2740 1076 tt
2764 1036 2923 1084 quem
2964 1019 3088 1076 iniit
3124 1036 3248 1078 cum
3283 1020 3368 1078 Fl.
3397 1023 3691 1081 Anthemio
3718 1027 3853 1083 Scri-

2251 1101 2436 1162 ptores
2479 1107 2669 1168 omnes
2699 1092 2973 1168 aﬂirmant
3000 1110 3014 1147 :
3063 1103 3118 1148 et
3147 1091 3277 1168 hinc
3305 1092 3489 1168 forsan
3511 1105 3649 1168 aeta
3695 1096 3858 1168 hujus

2249 1179 2380 1240 cum
2402 1163 2703 1236 superioris
2723 1163 2987 1240 Toletani
2996 1164 3221 1240 concilii
3241 1163 3475 1240 confusa
3504 1165 3686 1240 fuere;
3708 1163 3856 1240 quod

2251 1235 2507 1290 nimirum
2558 1245 2852 1304 utrumque
2890 1235 3149 1291 Stilicone
3191 1238 3420 1293 consule
3461 1235 3852 1298 habitum'sit.

2250 1306 2366 1361 Non
2395 1306 2582 1362 habito
2613 1307 2830 1362 delectu
2858 1307 2925 1362 de
2959 1322 3189 1363 numero
3213 1309 3550 1377 consulatus,
3581 1325 3706 1366 cum
3735 1325 3859 1369 oor-

2251 1388 2363 1451 ttttn
2395 1381 2465 1432 sit
2497 1377 2733 1451 primum
2759 1377 3042 1434 Stiliconis
3071 1379 3123 1433 iu
3155 1396 3356 1451 annum
3386 1379 3604 1437 Domini
3635 1381 3743 1439 A00
3766 1383 3859 1439 in-

2251 1450 2476 1525 cidisse,
2507 1450 2807 1506 secundum
2830 1451 3035 1525 inlini.
3063 1450 3207 1520 quod
3233 1449 3457 1525 lustius,
3483 1451 3856 1525 lfarceliinus,

2251 1521 2614 1597 Cassiodorus
2637 1530 2694 1579 et
2720 1523 2908 1578 cmteri
2939 1530 3229 1578 testantur.
3287 1520 3458 1597 Porro
3487 1520 3860 1597 subscriptio-'-

2253 1609 2351 1664 ues
2399 1592 2463 1648 l9
2492 1593 2876 1664 episcoporum
2907 1609 3028 1664 qua:
3058 1600 3299 1664 exstant,
3333 1593 3499 1663 hujus
3541 1592 3860 1654 necessario

2254 1663 2425 1718 fui~se
2453 1664 2520 1738 id
2537 1663 2840 1738 convincit,
2875 1663 3020 1738 quod
3063 1663 3324 1720 Putemus
3362 1667 3611 1723 omnium
3646 1670 3862 1738 primus

2251 1735 2547 1809 subscribit
2572 1735 2591 1804 (
2617 1736 2875 1809 nimirum
2907 1735 3265 1809 Biacarejnsis
3288 1737 3308 1808 )
3335 1752 3406 1794 eo
3427 1738 3572 1808 quod
3602 1735 3861 1809 prasidi:

2256 1808 2307 1860 in
2336 1823 2402 1881 eo
2435 1805 2652 1881 functus
2687 1807 2878 1881 officio
2915 1809 3022 1874 sit;
3061 1807 3158 1878 qui
3203 1805 3384 1864 tamen
3421 1805 3476 1864 iii
3521 1805 3860 1881 pri-cedenti

2251 1878 2490 1933 concilio
2516 1879 2642 1933 anni
2675 1877 2781 1936 400
2810 1880 2875 1934 ad
2920 1877 3134 1948 tempus
3176 1881 3504 1935 sententiam
3524 1877 3678 1938 'levis
3705 1882 3863 1940 dam-

2255 1950 2489 2004 nationis
2519 1959 2826 2020 ncceperat.
2852 1952 2966 2019 Qua
2995 1951 3063 2006 de
3094 1967 3184 2017 re,
3212 1961 3268 2006 et
3305 1951 3372 2007 de
3400 1953 3620 2008 cmleris
3651 1954 3720 2009 ad
3753 1955 3860 2010 hoc

2253 2023 2546 2076 concilium
2580 2023 3010 2094 pertinentibus,
3040 2022 3254 2094 egimus
3297 2022 3350 2077 iu
3382 2027 3763 2094 superioribus
3787 2026 3858 2080 ad

2252 2107 2456 2147 annum
2487 2093 2698 2148 Domini
2727 2094 2852 2148 586.
2882 2091 3180 2150 litterfuere
3209 2109 3333 2151 eum
3359 2091 3574 2151 celeris
3607 2096 3669 2152 S.
3700 2097 3862 2152 Astu-

2249 2164 2361 2217 ritts
2407 2163 2707 2222 Toletauus
2756 2167 3050 2234 cpiswpus
3098 2168 3290 2234 prima:
3339 2167 3520 2233 sedis;
3571 2165 3862 2223 Marcellus

2252 2235 2571 2310 Cani-tensis
2592 2239 2754 2310 juxta
2795 2238 3122 2310 sententiam
3167 2237 3380 2310 Dextri,
3400 2236 3471 2294 ad
3499 2253 3707 2296 annum
3728 2238 3863 2310 424,

2181 2339 2225 2400 n
2257 2311 2470 2400 [ωξξειξί
2505 2307 3438 2400 tesserae:Hieremias
3463 2307 3858 2400 _“,isr.={'sn,sis¥

2256 2379 2396 2448 apud
2425 2377 2734 2450 Luaysam:
2771 2378 2993 2436 Sererns
3038 2379 3412 2447 Lamacensis,
3455 2398 3553 2438 seu
3589 2377 3864 2439 Italicen-

2253 2452 2348 2516 sis,
2381 2451 2457 2527 de
2480 2467 2591 2527 quo
2613 2451 2726 2527 jam
2751 2451 2990 2527 diximus
3011 2469 3158 2527 anno
3177 2452 3310 2527 E88;
3345 2452 3618 2527 Olympius
3639 2455 3736 2525 qui
3757 2454 3863 2510 fuit

2252 2521 2528 2595 secundus
2551 2521 2714 2592 hujus
2742 2524 2982 2578 nominis
3011 2523 3155 2580 inter
3176 2521 3513 2592 Toletaniis,
3532 2537 3588 2581 et
3617 2521 3864 2595 postmo-

2252 2593 2382 2648 dum
2417 2596 2686 2649 successit
2709 2604 2900 2649 sancto
2925 2596 3146 2650 Asturio
3167 2611 3311 2651 anno
3337 2595 3470 2661 ηδ.
3503 2593 3648 2651 nunc
3670 2607 3853 2652 autem

2252 2666 2480 2720 alterius
2508 2664 2796 2735 cujusdam
2818 2665 2966 2722 sedis
2994 2667 3285 2736 episcopus
3310 2679 3431 2723 erat
3464 2687 3478 2723 :
3512 2669 3574 2724 S.
3608 2667 3858 2724 Hilarius

2254 2737 2611 2808 Arelatensis,
2661 2749 2719 2790 ut
2761 2738 2951 2803 credo,
2985 2743 3075 2805 qui
3121 2737 3206 2793 bis
3244 2738 3436 2795 diebus
3467 2740 3520 2794 in
3568 2741 3860 2808 Aquitania

2252 2806 2509 2880 florebat,
2543 2805 2777 2879 Ortigius
2801 2811 3091 2880 episcopus
3119 2809 3452 2866 lecnensis
3484 2811 3539 2866 in
3567 2805 3820 2869 Callaecia
3841 2856 3856 2877 ,

2251 2878 2343 2948 qui
2378 2880 2428 2932 in
2475 2878 2738 2935 'l'oletano
2774 2878 3046 2950 superiori
3091 2881 3266 2936 fuerat
3291 2883 3616 2950 absolutus,
3644 2894 3704 2940 et
3740 2883 3859 2940 sedi

2251 2954 2659 3025 sumreslitutus
2679 2951 3027 3025 :Lampadius
3041 2953 3484 3025 Barcinonettsis,
3497 2955 3597 3025 qui
3609 2966 3860 3011 Sanctum

2256 3021 2539 3097 Baulinum
2579 3021 3295 3097 presbyteriodeeoravit:
3348 3023 3412 3082 S.
3462 3021 3861 3094 Etuperantius

2254 3091 2546 3168 liavennas
2580 3091 2891 3168 episcopus,
2921 3095 2990 3152 de
3030 3113 3141 3166 quo
3170 3097 3342 3152 multa
3381 3097 3436 3152 in
3477 3091 3862 3168 superioribus

2252 3164 2396 3220 dicta
2425 3175 2588 3221 sunt:
2624 3164 2826 3222 Leonas
2848 3164 3111 3224 Lucensis
3140 3168 3394 3235 antistes,
3425 3179 3483 3226 ut
3507 3164 3713 3225 habent
3733 3169 3863 3225 sub-

2253 3238 2866 3313 scriptionesatttiqutn.
2894 3237 3069 3313 Sedes
3097 3251 3423 3313 caateroruin
3450 3243 3680 3313 minime
3705 3241 3861 3313 potui

2255 3309 2524 3384 reperire,
2553 3309 2805 3384 videlicet
2831 3311 3156 3384 Δμήτοάίέῂ
3201 3310 3430 3384 Licittni,
3481 3309 3732 3380 Leporii',
3765 3314 3862 3384 ju-

2255 3379 2438 3453 cttttdi,
2494 3379 3034 3453 Lampadii,isereni,
3069 3379 3252 3447 Flori,
3296 3383 3461 3440 Statii
3485 3395 3535 3438 et
3556 3379 3859 3440 Aureliani.

2325 3454 2392 3506 A.
2411 3452 2475 3507 C.
2499 3452 2732 3526 ωθτὲ-ί
2749 3491 2762 3507 .
2782 3452 3060 3525 Leporius,
3083 3462 3188 3510 etc.
3209 3455 3344 3522 Quis
3378 3453 3429 3512 is
3461 3454 3723 3526 Leporius
3744 3454 3863 3512 fue-

2253 3523 2325 3578 rit
2347 3540 2450 3579 n0u
2474 3525 2728 3580 omnibus
2749 3523 2984 3586 conatat.
3009 3541 3133 3582 nam
3151 3534 3281 3580 sunt
3297 3529 3388 3597 qui
3406 3523 3578 3583 velint
3601 3529 3700 3582 It0c
3725 3536 3862 3597 tem-

2255 3609 2382 3664 pore
2399 3597 2538 3651 duos
2561 3601 2680 3666 ejus
2707 3597 2941 3652 nominis
2965 3598 3245 3654 exstitisse
3270 3615 3285 3652 ;
3305 3596 3539 3654 alterum
3562 3614 3633 3654 ex
3655 3596 3859 3654 familia

2252 3671 2423 3720 sancti
2444 3668 2756 3739 Augustini,
2777 3669 2933 3737 cujus
2957 3672 3072 3739 ipse
3093 3669 3341 3724 tttettiiuit
3367 3672 3546 3726 Serm.
3573 3670 3642 3726 50
3671 3669 3735 3725 de
3767 3670 3858 3723 Di-

565 3737 800 3795 sttlatum
825 3745 1048 3814 Arcadii
1098 3763 1131 3800 γ
1165 3737 1221 3800 et
1249 3745 1471 3800 Honorii
1501 3762 1563 3813 ν,
1588 3759 1724 3812 quos
1765 3743 2025 3798 Bironius
2055 3758 2146 3800 se-
2176 3737 2223 3801 C
2255 3740 2414 3794 t'rrst's
2439 3756 2451 3805 ;
2477 3737 2736 3814 alierum,
2768 3742 2859 3809 qui
2895 3737 3096 3813 Pelagii
3129 3743 3253 3814 tabe
3280 3740 3513 3814 infectus
3537 3743 3730 3814 gratiae
3762 3741 3858 3814 Dei

559 3814 767 3881 quitur.
822 3813 918 3870 Est
962 3817 1008 3872 is
1061 3833 1236 3872 annus
1284 3817 1496 3873 Domini
1554 3815 1694 3871 402:
1747 3815 1895 3869 solus
1955 3816 2153 3870 licxter

560 3897 722 3953 quem
745 3886 970 3942 viderim
999 3889 1230 3944 electum
1275 3889 1443 3945 refert
1486 3903 1632 3944 anno
1668 3888 1880 3942 Domini
1919 3887 2047 3953 illi,
2083 3889 2154 3942 ab

562 3952 710 4029 prbe
755 3959 977 4014 condita
1010 3959 1168 4016 “52.
1213 3960 1440 4016 lnvaluit
1484 3958 1629 4029 apud
1676 3968 1928 4014 auctores
1967 3959 2153 4028 opinio

563 4025 866 4103 Marcellini
891 4071 905 4096 ,
936 4033 1032 4086 scd
1057 4047 1181 4088 cum
1211 4032 1411 4088 Dexter
1444 4025 1670 4103 iis‘ipsis
1695 4030 1887 4103 diebus
1918 4025 2154 4103 scripse-

564 4100 656 4164 rit,
679 4109 734 4153 et
755 4103 973 4157 caeteris
1003 4104 1256 4158 umnilms
1285 4100 1576 4170 antiquior
1591 4104 1686 4169 sit,
1714 4100 2017 4158 audiendus
2035 4100 2153 4172 pra:

562 4173 818 4244 omnibus
849 4174 1082 4230 videtur.
1116 4174 1178 4231 S.
1211 4176 1484 4232 Auasta-ii
1515 4190 1666 4244 papa:
1699 4183 1929 4230 mortem
1958 4175 2148 4244 deplo-

566 4253 645 4328 rat
703 4242 1271 4328 llieronytnushcpist.
1329 4250 1396 4304 16
1437 4242 1526 4328 ad
1545 4245 1910 4328 liriucipiam,
1938 4261 2006 4300 ex
2031 4242 2155 4328 'quo

561 4313 1009 4388 Martyrologium
1063 4313 1366 4373 Romanum
1417 4318 1484 4373 ad
1543 4318 1612 4373 27
1661 4318 1834 4388 April.
1881 4335 1943 4372 ea
1987 4313 2152 4374 verba

559 4384 894 4461 desumpsit}
939 4405 1090 4461 quem
1119 4390 1211 4444 diu
1251 4389 1418 4445 Roma
1459 4389 1646 4444 habere
1691 4384 1792 4443 rion
1824 4389 2045 4452 meruit,
2093 4407 2158 4444 tte

562 4459 702 4535 orbis
738 4473 894 4532 caput
923 4459 1016 4516 sub
1048 4463 1147 4535 tali
1188 4464 1431 4535 episeopo
1459 4469 1786 4535 trttttcgretatr
1810 4479 1827 4514 :
1866 4476 1984 4514 nam
2017 4462 2156 4535 haud

561 4529 722 4584 multo
754 4529 870 4605 post
901 4537 1016 4605 ejus
1067 4529 1264 4589 obitum
1303 4529 1472 4590 Roma
1513 4551 1545 4605 tt
1592 4531 1778 4589 Gothis
1824 4541 1976 4604 capta
2015 4533 2155 4605 fuit:

559 4613 705 4655 anno
728 4602 984 4660 videlicet
1003 4606 1113 4662 410
1131 4606 1236 4661 sub
1259 4605 1472 4662 Varane
1492 4604 1738 4661 Tertullo
1760 4602 2152 4670 solo'conSUle,

560 4682 618 4747 ut
656 4672 822 4730 habet
858 4677 1224 4745 Marcellinus,
1256 4693 1350 4733 seu
1383 4694 1527 4732 anno
1556 4677 1835 4747 sequenti,
1868 4685 1920 4729 ut
1963 4676 2154 4731 scribit

558 4742 762 4802 ldatius
789 4747 841 4802 in
873 4749 1166 4805 Chronico.

628 4815 694 4871 A.
729 4819 789 4875 (Σ.
821 4820 944 4876 405.
976 4850 1047 4862 -
1068 4821 1342 4888 Stilicoue,
1377 4830 1481 4876 etc.
1512 4820 1680 4892 Hujus
1700 4817 1917 4892 concilii
1951 4835 2158 4877 memo-

555 4886 638 4944 ria
667 4905 734 4962 ex
759 4892 992 4960 epistola
1016 4893 1073 4950 S.
1106 4886 1407 4948 Innocentii
1440 4894 1460 4949 ι
1492 4886 1720 4947 Romani
1749 4889 2030 4947 Pontilicis
2065 4907 2159 4962 pe-

558 4960 717 5035 tenda
749 4972 864 5029 est;
893 4979 967 5019 ex
1002 4981 1104 5035 qua
1136 4973 1352 5022 constat
1381 4967 1553 5035 ipsum
1585 4964 1873 5032 scripsisse
1901 4974 2024 5035 post
2051 4960 2155 5019 ali-

553 5033 698 5102 quod
725 5045 940 5104 tempus
967 5033 1051 5090 sui
1092 5033 1462 5104 pontificatus,
1495 5053 1604 5103 qut)
1629 5037 1873 5091 scribere
1901 5033 2159 5091 dissimu-

555 5104 787 5178 laverat,
818 5107 884 5160 ad
920 5108 1207 5164 universos
1249 5110 1534 5178 episcopos
1575 5109 1628 5163 in
1655 5108 1919 5163 'l‘oletana
1948 5109 2159 5176 synodo

553 5176 916 5241 constitutos;
974 5195 1145 5246 quare
1193 5176 1317 5234 cum
1374 5176 1583 5234 eli-ctus
1636 5179 1798 5233 fuerit
1855 5196 1999 5233 anno
2052 5178 2156 5237 401

554 5248 640 5320 vel
669 5249 796 5320 402,
826 5265 1172 5319 consequens
1216 5251 1294 5316 tit,
1325 5260 1384 5305 ut
1429 5267 1571 5305 anno
1613 5251 1720 5307 405
1762 5251 1844 5304 vel
1885 5266 2058 5320 prope
2099 5267 2160 5307 ca

555 5319 786 5394 epistola
818 5321 944 5394 data
968 5323 1072 5385 sit;
1108 5327 1180 5377 ait
1206 5327 1349 5377 enim
1385 5340 1398 5378 :
1424 5321 1760 5377 Innocentius
1784 5319 2034 5376 mittier-sis
2056 5326 2162 5394 epi—

551 5392 726 5465 scopis
753 5393 807 5465 in
839 5391 1090 5465 (oletum:
1116 5395 1312 5464 synodo
1354 5394 1648 5448 constitutis
1668 5435 1680 5458 ,
1713 5393 2025 5448 dulttssimis
2053 5391 2162 5465 fra-

554 5462 719 5515 tribus
751 5463 806 5515 in
846 5463 1071 5538 Domitio
1095 5462 1340 5519 salutem.
1387 5466 1539 5538 Strpe
1580 5484 1656 5518 me
1684 5477 1729 5518 et
1760 5465 2000 5538 nimium,
2047 5462 2163 5521 cum

554 5544 746 5607 teneret
773 5548 900 5586 cura
944 5537 1268 5598 sollicitum,
1315 5536 1839 5607 sitpertlissettsiouis
1887 5536 2161 5593 schismate

554 5604 931 5679 Erclt'sinrum,
963 5611 1099 5674 quod
1132 5608 1324 5661 malum
1356 5604 1444 5679 pinv
1479 5609 1758 5678 Hispanias
1787 5610 1941 5661 latius
1968 5611 2020 5661 in
2047 5611 2155 5664 dies

559 5676 901 5751 separtttt’ont's
929 5679 1095 5748 gradu
1123 5676 1519 5751 incctlcre'fttula
1541 5676 1865 5750 proloqttttur
1881 5697 1897 5745 ;
1923 5696 2156 5735 necessu-

554 5747 692 5801 rium
723 5747 1188 5819 tempuscmcrsit,
1218 5768 1321 5820 quo
1360 5747 1463 5808 non
1496 5747 1654 5822 possit
1693 5747 1981 5809 emendatio
2011 5762 2155 5809 tanta

2257 3813 2564 3884 contrarius
2587 3813 2855 3884 existens,
2874 3811 3098 3884 pravum
3115 3811 3312 3884 dogma
3337 3813 3390 3869 in
3403 3811 3597 3870 Galliis
3617 3812 3861 3869 dissemi-

2257 3883 2431 3948 navit,
2455 3883 2550 3938 sed
2570 3885 2638 3937 ab
2653 3882 2884 3954 Augusti
2896 3903 2963 3935 uo
2976 3882 3307 3949 admouiius,
3325 3884 3654 3954 palinodiam
3667 3900 3860 3940 recan-

2257 3956 2416 4027 tavit;
2449 3955 2516 4010 de
2536 3971 2647 4024 quo
2672 3955 2986 4027 Gennadius
3018 3956 3112 4011 lib.
3143 3958 3211 4012 de
3237 3956 3378 4011 Viris
3404 3957 3577 4012 illust.
3610 3970 3735 4027 cap.
3767 3956 3856 4023 59,

2257 4036 2310 4078 et
2332 4026 2626 4082 Cassianus
2647 4027 2714 4081 de
2738 4025 2953 4083 lucarn.
2985 4027 3078 4083 lib.
3106 4044 3121 4083 t
3147 4036 3206 4083 ct
3228 4043 3324 4083 vit.
3349 4028 3570 4084 Addunt
3599 4025 3735 4084 falso
3754 4029 3860 4084 dici

2263 4095 2571 4153 Uticensem
2629 4100 2943 4168 episcopum
2992 4100 3044 4153 in
3100 4100 3379 4167 Hispania,
3428 4113 3554 4156 cum
3606 4099 3756 4155 Utica
3809 4104 3862 4154 in

2259 4169 2435 4224 Africa
2469 4171 2560 4234 sit,
2596 4185 2701 4225 non
2729 4171 2780 4224 in
2812 4171 3089 4242 Hispania,
3120 4180 3176 4225 et
3203 4170 3469 4242 Leporius
3512 4187 3621 4226 nun
3665 4172 3864 4242 Hispa-

2261 4257 2382 4305 nus,
2413 4244 2506 4296 sed
2536 4242 2742 4311 Gallus,
2776 4255 2872 4297 aut
2902 4241 3072 4297 Biittu
3104 4241 3297 4311 fuerit,
3315 4256 3371 4299 ut
3401 4244 3634 4299 Pitsatus
3671 4241 3764 4296 lib.
3797 4243 3866 4299 de

2259 4314 2456 4382 Script.
2495 4316 2708 4384 Anglic.
2743 4317 3040 4370 contendit.
3084 4314 3296 4370 Excuso
3325 4314 3662 4369 cardiualem
3691 4313 3863 4370 Baro-

2260 4386 2430 4457 ttiuni,
2457 4385 2553 4455 qui
2586 4389 2785 4457 Dextro
2810 4387 3119 4457 caruit,sed
3143 4401 3238 4442 eos
3265 4387 3378 4457 qui,
3396 4388 3515 4442 viso
3532 4385 3762 4454 Dextro,
3779 4401 3867 4442 re—

2260 4455 2553 4524 luctantur,
2577 4456 2836 4510 admiror.
2861 4456 2995 4514 Cum
3026 4458 3171 4514 enim
3198 4455 3459 4528 expresse
3485 4467 3716 4523 asserat,
3738 4472 3864 4512 eum

2260 4529 2351 4596 qui
2399 4529 2622 4582 mutavit
2663 4532 2990 4585 sententiam
3041 4545 3194 4586 suam
3243 4529 3313 4585 ad
3353 4545 3542 4585 sanam
3583 4528 3862 4585 redactum

2263 4606 2500 4672 mentem
2530 4599 2710 4666 fuisse,
2743 4615 2809 4654 ex
2840 4604 3123 4672 Augustini
3154 4600 3360 4656 familia
3395 4601 3748 4672 monachum,
3769 4601 3864 4655 ha-

2265 4671 2558 4742 buisseque
2584 4671 2972 4741 praeceptorem
3021 4675 3274 4729 eumdem
3317 4671 3679 4743 Augustinum
3705 4713 3722 4738 ,
3754 4686 3862 4728 non

2264 4755 2347 4797 est
2375 4747 2520 4797 unde
2551 4745 2691 4798 alter
2716 4745 2785 4797 ab
2814 4747 2986 4800 altero
3028 4746 3286 4815 distingui
3330 4754 3495 4814 queat
3522 4761 3535 4797 :
3567 4759 3706 4815 cum
3726 4743 3864 4815 alias

2264 4815 2446 4869 nullus
2480 4829 2545 4887 ex
2568 4815 2807 4886 antiquis
2831 4828 3042 4887 promat
3067 4814 3343 4885 duos’ejus
3373 4816 3610 4870 nominis
3623 4814 3732 4887 sub
3752 4814 3864 4887 Atto

2262 4890 2462 4956 gustini
2489 4883 2774 4955 disciplina
2824 4883 3204 4944 monachatum
3232 4883 3566 4943 exercuisse.
3613 4886 3720 4941 Sed
3753 4885 3862 4940 for-

2263 4973 2360 5012 san
2392 4958 2515 5028 quis
2543 4958 2766 5027 objiciat
2799 4958 2850 5014 id
2878 4976 2942 5015 cx
2975 4971 3133 5015 aetate
3165 4958 3298 5016 satis
3337 4959 3571 5024 deduci;
3602 4973 3728 5013 nam
3754 4971 3864 5028 quo

2264 5040 2509 5100 tempore
2539 5045 2679 5086 unus
2721 5034 3047 5087 sententiam
3091 5033 3144 5087 itt
3172 5042 3336 5087 artate
3375 5044 3582 5086 matura
3612 5031 3867 5096 mutavit,

2265 5103 2404 5158 alter
2425 5102 2726 5171 juveutntis
2749 5119 2920 5160 annos
2944 5119 3049 5158 neu
3076 5115 3389 5158 excesserat
3416 5121 3428 5155 :
3459 5101 3726 5171 siquidem
3752 5102 3862 5157 Au-

2265 5176 2512 5246 gustinus
2547 5176 2700 5228 canis
2729 5190 3014 5245 respersus
3042 5179 3208 5231 rel'ert
3243 5190 3300 5228 sc.
3332 5174 3622 5244 Leporium
3653 5172 3706 5226 in
3737 5190 3861 5246 nio-

2268 5247 2504 5301 nasterio
2547 5247 2856 5316 recepisse;
2888 5264 2996 5317 quo
3027 5264 3160 5303 sane
3212 5259 3456 5315 tempore
3499 5255 3620 5315 post
3649 5245 3864 5317 multos

2268 5318 2624 5372 monacbalus
2653 5333 2829 5373 annos
2853 5316 3063 5375 videtur
3086 5320 3382 5388 eontigisse
3402 5319 3584 5386 lapsus
3613 5316 3857 5382 alterius,

2269 5389 2588 5462 prasdiczttio
2619 5392 2847 5456 Cl‘l‘Ol'iS,
2883 5399 2937 5446 et
2961 5393 3080 5462 ejus
3110 5389 3326 5446 tandem
3359 5390 3678 5444 recantatio.

2339 5460 2626 5528 l’erperam
2661 5470 2864 5526 tamen,
2899 5460 3027 5518 nihil
3061 5466 3265 5519 etenim
3296 5463 3489 5516 horum
3534 5477 3596 5515 ex
3642 5460 3860 5530 scriptis

2269 5543 2550 5588 auctorum
2592 5546 2834 5599 constat;
2879 5537 2972 5588 sed
3007 5535 3199 5590 demus
3231 5548 3534 5600 respersum
3564 5533 3715 5586 canis
3741 5547 3858 5586 ser-

2269 5619 2480 5676 monem
2515 5605 2660 5658 illum
2693 5605 2761 5660 50
2783 5608 3071 5676 scripsisse
3105 5609 3484 5674 Augustinum,
3518 5603 3774 5671 quoniam
3807 5603 3856 5676 in

2264 5695 2329 5733 eo
2371 5675 2530 5730 diuit:
2564 5676 2676 5746 Ego
2718 5675 2923 5746 quidem
2967 5696 3117 5750 quem.
3149 5677 3258 5731 Deo
3287 5678 3514 5750 propitio
3547 5675 3724 5728 ridetis
3751 5675 3859 5742 epi-

2265 5764 2474 5818 scopum
2498 5759 2746 5814 uestrum,
2765 5749 3105 5821 juttcuisceni
3128 5749 3196 5805 ad
3225 5751 3377 5804 istam
3408 5749 3698 5814 civitatem,
3726 5757 3809 5802 ctc
3841 5785 3855 5811 ,

3779 5945 3809 5965 \
