4052 6440
321 220 430 278 585

798 224 1171 285 APPENDIX.
1212 224 1279 283 lN
1319 222 1765 284 PROHIETIAM
1804 224 2120 283 DJNIELIS
2158 227 2248 283 DE
2287 227 2625 296 ρυειϊυοῐι
2665 227 3107 288 ANIMALIBUS.

3499 235 3609 293 εδδ

321 342 521 410 crevit,
552 350 610 399 ut
638 345 811 417 majus
840 354 989 403 esset
1019 346 1218 403 ueteris
1246 346 1504 403 cornibus
1531 344 1674 419 quod
1703 344 1768 399 ad
1795 344 1913 416 ejus
1943 347 1995 406 Α
2022 345 2186 416 igitur
2235 361 2267 400 a
2322 348 2545 404 nemine
2584 357 3010 420 cognosceretur
3066 358 3253 418 quarta
3305 347 3609 405 Gothorum

322 447 678 508 conspectum
710 438 1010 495 ceciderunt
1035 440 1134 495 tria
1175 452 1412 506 cornua;
1439 439 1580 509 quod
1611 436 1750 493 oculi
1772 435 1920 506 quasi

322 529 464 585 oculi
485 532 711 588 hominis
732 541 878 589 erant
897 533 951 588 in
974 549 1143 589 cornu
1170 534 1292 597 isto,
1322 532 1467 605 quod
1493 531 1730 588 habebat
1751 532 1915 586 etiam

323 640 381 679 os
419 624 637 697 loquens
677 628 922 698 graulia,
954 639 1052 682 seu
1080 627 1334 699 ingentia.
1384 626 1449 680 ιο
1498 625 1722 682 [lentum
1772 623 1915 695 quod

322 728 552 789 propter
597 735 786 776 vocem
844 735 1159 776 sermonum
1209 718 1493 793 grandium
1556 734 1692 791 quos
1744 732 1916 774 cornu

324 808 459 865 illud
488 810 831 883 loquebatur,
879 812 1154 885 interfecta
1184 813 1284 883 fuit
1314 811 1496 879 bestia,
1533 822 1581 867 et
1613 811 1765 882 periit
1805 826 1919 865 cor-

323 918 420 973 pus
450 902 586 974 ejus,
610 911 658 957 et
685 902 937 958 traditum
962 914 1038 959 est
1061 904 1130 957 ad
1155 903 1557 958 rombnrendnm
1579 903 1708 973 igni.
1734 901 1921 957 Manu-

324 994 576 1053 ducitnur
608 1011 740 1053 vero
767 997 833 1051 ad
864 998 983 1068 ejus
1013 996 1381 1069 cognitionem
1413 997 1658 1067 angelica
1699 997 1920 1065 exposi-

325 1086 498 1155 tione,
524 1103 627 1158 qua
668 1090 735 1145 ad
772 1088 1052 1145 Danielem
1108 1090 1309 1146 dictum
1351 1097 1475 1146 est:
1512 1087 1685 1144 Bestia
1730 1097 1921 1161 quarta

323 1194 543 1253 regnum
581 1190 827 1254 quartum
857 1183 954 1238 crit
995 1183 1049 1237 in
1080 1190 1241 1250 terra,
1267 1184 1409 1252 quod
1439 1183 1609 1252 majus
1633 1182 1729 1236 erit
1760 1180 1924 1235 omni-

324 1272 422 1327 bus
450 1274 645 1345 regnis,
664 1282 710 1327 et
732 1272 994 1329 decumbit
1027 1275 1319 1328 universam
1345 1284 1556 1340 terram,
1576 1282 1623 1327 et
1649 1274 1923 1327 conculca-

327 1366 427 1432 hit,
455 1374 503 1421 et
532 1368 837 1422 comminuet
880 1384 1017 1424 eam.
1065 1368 1238 1424 Porro
1295 1384 1499 1423 cornua
1552 1368 1729 1424 decem
1759 1370 1813 1438 ip
1841 1370 1922 1423 ius

326 1458 474 1529 regni
503 1460 676 1513 decent
696 1475 841 1531 reges
882 1469 1030 1515 erunt
1055 1475 1077 1514 :
1107 1469 1155 1514 ct
1184 1460 1323 1515 alius
1349 1468 1625 1530 consurget
1655 1467 1773 1531 post
1810 1474 1919 1528 eos,

324 1561 376 1607 et
405 1554 518 1620 ipse
542 1553 805 1623 potentior
843 1554 942 1607 erit
982 1551 1264 1624 prioribus,
1286 1562 1337 1607 et
1367 1560 1469 1608 tres
1496 1567 1642 1625 reges
1674 1551 1921 1606 humilia.

326 1647 422 1711 bit,
454 1658 502 1703 et
540 1664 808 1704 sermones
844 1656 1027 1703 contra
1056 1647 1336 1703 Excelsum
1364 1647 1618 1720 loquetur,
1648 1657 1696 1702 et
1717 1654 1923 1703 sanctos

2016 436 2213 505 bestia,
2240 454 2349 494 non
2381 440 2577 497 mirum
2610 442 2653 495 si
2698 442 2911 513 species
2940 442 3059 512 ejus
3097 459 3205 496 non
3250 441 3601 508 describitur,

2018 531 2117 588 sed
2144 531 2428 589 dissimilis
2450 532 2651 589 dicitur
2672 536 2911 590 cadetis.

2090 624 2245 693 Quod
2287 625 2355 681 ad
2398 642 2583 699 regum
2635 643 2925 684 numerum
2983 628 3144 701 hujus
3193 629 3430 685 nationis
3484 643 3612 698 spc-

2018 716 2357 788 ctat,deccm
2383 719 2644 774 cornibus
2674 720 3119 775 adumbratorum
3140 762 3155 787 ,
3185 721 3373 776 decem
3404 722 3611 791 habuit,

2021 822 2131 864 non
2163 808 2285 879 plus
2308 824 2409 865 nec
2439 811 2637 880 minus,
2664 811 2733 867 ab
2763 811 3034 882 Atanlplto
3056 812 3143 882 qui
3173 812 3379 879 primus
3404 814 3618 868 Gotho-

2022 914 2142 955 rum
2176 899 2229 956 in
2260 900 2545 971 llispanias
2577 903 2818 968 intravit,
2855 918 3024 974 usque
3050 904 3116 959 ad
3157 903 3455 961 Linhanem
3478 947 3493 970 ,
3526 907 3615 962 cui

2022 992 2349 1049 undecimus
2366 996 2629 1051 successit
2658 978 3020 1067 Leovigildus;
3045 996 3112 1053 de
3135 1014 3241 1068 quo
3262 998 3522 1070 quidquid
3546 1000 3615 1062 de

2024 1086 2313 1145 undecimo
2338 1103 2512 1145 cornu
2543 1090 2746 1145 dictum
2776 1102 2858 1145 est
2889 1090 2955 1145 ad
2989 1107 3245 1161 unguem,
3283 1103 3338 1146 ut
3369 1109 3492 1147 mox
3526 1109 3614 1148 us-

2025 1180 2268 1250 tendam,
2296 1181 2628 1237 verilicatur.
2655 1181 2870 1237 Primus
2900 1182 2993 1237 fuit
3015 1183 3113 1254 (uti
3142 1183 3403 1255 diximus)
3432 1184 3616 1239 Alani-

2025 1274 2155 1346 phus
2174 1316 2187 1341 ,
2210 1274 2511 1331 Barcinoue
2530 1275 2749 1331 occisus
2784 1289 2913 1332 ano.
2945 1276 3102 1332 Dom.
3129 1276 3255 1331 illi.
3290 1277 3351 1331 ll.
3380 1277 3608 1344 Wnth'u,

2022 1368 2115 1441 qui
2143 1366 2281 1425 duos
2301 1370 2546 1441 regnavit
2576 1383 2772 1437 annos,
2801 1378 2858 1426 et
2883 1368 3021 1423 obiit
3045 1370 3171 1424 illi.
3210 1368 3297 1423 ιιι.
3330 1369 3621 1425 Theodore-

2025 1461 2144 1526 dus,
2168 1462 2262 1532 qui
2287 1478 2416 1517 ann.
2446 1463 2604 1519 Dom.
2638 1462 2746 1518 453
2766 1464 2979 1518 occisus
2999 1462 3275 1519 ocruhuit.
3292 1464 3379 1519 iV.
3402 1466 3531 1535 Ejus
3558 1467 3625 1520 li-

2027 1551 2134 1608 lius
2170 1550 2503 1623 Thorismus,
2548 1570 2646 1611 seu
2692 1554 3161 1623 Thorismundns,
3209 1557 3300 1627 qui
3337 1572 3484 1612 anno
3527 1574 3618 1613 se-

2025 1645 2213 1717 quenti
2245 1658 2473 1703 necatus
2499 1655 2605 1704 est.
2641 1646 2705 1701 V.
2733 1648 3009 1704 Successit
3038 1650 3206 1705 frater
3233 1652 3350 1721 ejus
3379 1650 3617 1708 Theodo-

328 1738 589 1796 Altissimi
616 1748 864 1796 conteret.
898 1740 975 1796 De
1022 1738 1283 1811 superbia
1327 1747 1511 1796 autem
1564 1747 1621 1795 et
1672 1746 1922 1810 tempore
1954 1741 1999 1803 Β
2026 1738 2187 1806 ricus,
2219 1740 2316 1810 qui
2338 1754 2484 1796 anno
2514 1740 2621 1797 464
2644 1741 2714 1795 ab
2745 1740 2943 1797 Euricu
2973 1741 3143 1799 fratre
3177 1759 3280 1799 suo
3320 1746 3621 1801 trucidatus

325 1832 725 1889 dominationis
761 1833 933 1905 ipsius
982 1833 1170 1890 subdit
1198 1851 1214 1888 :
1240 1843 1291 1888 et
1337 1831 1539 1905 putabit
1576 1832 1718 1904 quod
1761 1831 1925 1902 possit

326 1936 533 1984 mutare
559 1937 791 2002 tempora
835 1937 884 1983 et
912 1927 1076 1999 leges,
1102 1936 1154 1982 et
1184 1927 1454 1983 tradentur
1497 1927 1553 1981 iu
1596 1940 1754 1979 manu
1806 1927 1923 1997 ejus

327 2018 526 2092 (sancti
577 2014 859 2089 uidelicet,
890 2020 960 2077 de
984 2019 1194 2092 quibus
1230 2020 1379 2092 prius
1423 2019 1664 2085 dixerat,
1700 2016 1924 2089 faciebat

327 2114 520 2168 bellum
540 2112 789 2170 adversus
809 2122 1015 2170 sanctos
1043 2122 1092 2168 et
1111 2110 1429 2187 'praralebat
1459 2112 1580 2184 eis),
1604 2112 1925 2183 quousque?

327 2219 491 2273 usque
517 2206 574 2260 in
609 2205 789 2274 ﬁnem,
818 2214 874 2261 et
923 2214 1054 2262 tunc
1083 2206 1299 2261 tandem
1348 2221 1568 2277 regnum
1595 2213 1643 2259 et
1672 2212 1921 2277 potestas,

324 2305 375 2351 ct
417 2298 721 2369 ntaguttudo
755 2312 875 2370 qua:
902 2308 979 2353 est
1002 2298 1180 2353 subter
1207 2313 1357 2351 omne
1378 2297 1565 2352 ctutum
1593 2296 1805 2350 dabitur
1829 2312 1925 2368 pa—

326 2391 451 2463 pulo
479 2402 780 2448 sanctorum
808 2393 1082 2457 ditissimi,
1113 2406 1289 2461 colue
1311 2408 1491 2446 omnes
1527 2406 1671 2464 rcges
1699 2390 1924 2445 servient

324 2495 376 2540 ct
398 2487 662 2557 obcdient,
694 2494 741 2541 et
771 2501 985 2558 regnum
1019 2485 1391 2556 sempiternum
1413 2484 1536 2539 erit.
1566 2483 1760 2539 Iiirum
1790 2496 1921 2553 pro-

325 2576 472 2635 fecto
496 2595 654 2651 quam
686 2578 827 2635 bene
857 2580 974 2634 hzrc
1009 2580 1195 2635 omnia
1235 2577 1543 2634 Gothorum
1586 2576 1733 2648 genti
1771 2578 1922 2646 ejus-

324 2690 435 2743 que
476 2675 695 2746 regibus
752 2673 805 2729 in
852 2673 1134 2744 llispanit,
1163 2673 1524 2743 regnantibus
1565 2669 1916 2727 conveniant.

323 2764 433 2835 Ipsi
461 2773 655 2836 quarta
681 2764 853 2823 besﬁa
878 2776 933 2822 et
964 2780 1195 2837 regnum
1244 2774 1503 2838 quartum
1548 2770 1697 2828 sunt,
1730 2770 1920 2831 utpote

323 2858 416 2929 qui
447 2866 571 2927 post
616 2868 850 2914 est-teras
876 2868 986 2913 tres
1016 2857 1269 2913 nationes
1301 2855 1588 2928 Hispanias
1622 2856 1914 2921 intrarunt,

323 2948 426 3019 ipsi
459 2949 714 3006 fortiores
739 2960 795 3005 et
841 2948 1138 3005 ferociores
1178 2947 1422 3013 cmteris,
1462 2945 1729 3017 majorem
1772 2954 1915 3000 stra-

323 3060 445 3116 gem
490 3044 545 3100 in
586 3043 859 3115 Hispaniis
902 3038 1171 3109 fecerunt,
1204 3042 1308 3113 ipsi
1337 3040 1632 3097 dissimiles
1664 3036 1915 3107 reliquis,

2023 1842 2129 1891 est.
2164 1832 2254 1891 Vl.
2285 1833 2511 1895 Ettritus
2537 1836 2674 1907 ipse,
2705 1838 2795 1907 qui
2821 1852 2966 1894 anno
2997 1838 3209 1893 Domini
3240 1838 3366 1895 «£82.
3400 1841 3623 1896 Arelate

2025 1924 2081 1981 in
2099 1926 2276 1983 Gallia
2291 1927 2521 1985 Gothica
2537 1937 2786 1985 mortuus
2808 1938 2909 1995 est,
2938 1929 3229 2002 habuitque
3246 1947 3618 1987 successorem

2023 2016 2319 2074 Alaricnm.
2352 2018 2466 2074 VII.
2501 2018 2745 2075 Alaricus
2776 2020 3022 2090 regnavit
3051 2037 3222 2077 annos
3252 2023 3323 2079 9.3
3350 2040 3521 2095 usque
3550 2025 3620 2079 ad

2024 2124 2225 2167 annum
2253 2111 2469 2166 Domini
2493 2111 2617 2169 506.
2651 2112 2789 2167 Vill.
2816 2113 2951 2167 Ilnic
2980 2116 3249 2170 successit
3287 2116 3426 2171 ﬁlius
3452 2118 3619 2185 ipsius

2025 2202 2392 2271 Antalaricus,
2425 2203 2753 2261 Theoderici
2792 2203 2956 2260 Italia:
2990 2210 3131 2277 regis
3166 2224 3230 2262 ex
3273 2208 3377 2263 lilia
3409 2226 3579 2283 nepos
3600 2190 3645 2280 ,i

2027 2294 2206 2351 infans
2238 2295 2441 2365 adhuc,
2469 2304 2525 2352 et
2555 2296 2790 2368 pueriles
2822 2312 2928 2352 non
2967 2300 3239 2367 excedens
3260 2316 3433 2357 annos
3465 2321 3479 2356 :
3509 2321 3624 2374 quo

2026 2398 2272 2463 tempore
2293 2388 2673 2447 Theudoricus
2691 2391 3017 2462 gubernavit
3044 2393 3096 2447 in
3118 2392 3372 2464 "isnania
3402 2411 3498 2466 pro
3522 2413 3626 2453 ne-

2023 2495 2173 2557 pote.
2202 2486 2297 2541 IX.
2337 2485 2721 2558 Athanngildus
2754 2488 2842 2558 qui
2877 2487 3117 2544 habenas
3144 2492 3292 2560 regni
3326 2493 3503 2547 tenuit
3527 2510 3631 2547 ns-

2022 2593 2129 2651 que
2150 2580 2219 2636 ad
2251 2596 2455 2636 annum
2483 2581 2520 2636 Ξ
2544 2581 2747 2636 Justini
2780 2582 3058 2648 Juniuris,
3102 2583 3305 2639 Christi
3331 2601 3463 2640 vero
3491 2587 3622 2653 567,

2021 2687 2136 2743 quo
2160 2671 2414 2728 nimirum
2442 2673 2826 2743 Athanagildus
2854 2689 2946 2728 rex
2975 2671 3267 2728 Gothorum
3298 2676 3394 2746 (ait
3443 2676 3620 2732 Vicia-

2023 2764 2225 2838 rensis)
2251 2766 2302 2820 in
2338 2764 2603 2835 Hispania
2638 2768 2755 2820 vita
2778 2765 2935 2837 ﬁnem
2958 2768 3210 2837 suscepit,
3243 2777 3293 2821 et
3333 2767 3497 2823 Liuba
3525 2788 3620 2841 pro

2021 2874 2081 2913 eo
2109 2857 2163 2913 in
2189 2873 2405 2931 regnum
2442 2856 2763 2930 provehitur,
2807 2854 3011 2928 fuitque
3041 2857 3089 2913 Χ
3132 2858 3276 2915 inter
3314 2860 3617 2917 Gothorum

2022 2947 2301 3020 Hispania:
2331 2964 2511 3021 reges.
2542 2948 2747 3005 Horum
2773 2951 3011 3005 omnium
3037 2962 3288 3007 auctores
3313 2951 3488 3009 habeo
3511 2964 3621 3011 tres

2021 3041 2267 3098 oculatos
2295 3050 2487 3109 testes,
2514 3040 2770 3107 Idalium,
2800 3040 3126 3108 Maximum,
3152 3051 3207 3098 et
3233 3043 3497 3101 Joannem
3527 3046 3621 3103 Vi-

325 3153 427 3195 nce
452 3126 672 3194 certam
693 3136 926 3206 alicujus
952 3135 1203 3191 animalis
1232 3135 1522 3207 imaginem
1554 3149 1663 3205 prae
1686 3147 1747 3189 se
1776 3130 1918 3187 fere-
1941 3122 1989 3187 C
2024 3134 2357 3191 clarensem.
2381 3132 2491 3190 Sed
2513 3142 2643 3189 sunt
2668 3133 2758 3205 qui
2784 3146 2902 3203 poSt
2930 3136 3286 3207 Atanlphutn,
3313 3136 3616 3209 Sigericum

324 3234 454 3287 bant
475 3230 553 3302 (id
577 3239 682 3295 est,
713 3245 816 3287 nec
839 3229 1050 3298 lemne,
1076 3244 1177 3285 nec
1217 3227 1353 3295 ursi,
1381 3242 1484 3283 nec
1510 3224 1690 3297 pardi,
1717 3222 1803 3281 vel
1836 3223 1919 3279 ale

324 3326 493 3379 terius
522 3321 768 3394 cujusvis
804 3322 1016 3385 bestim,
1050 3337 1172 3392 qua:
1224 3319 1459 3375 describi
1500 3325 1653 3374 cette
1693 3313 1915 3390 possit),

319 3415 466 3488 quod
523 3416 778 3472 nimirum
833 3429 941 3472 non
987 3415 1262 3469 intrarunt
1313 3412 1367 3468 in
1427 3411 1716 3484 Hispanias
1759 3408 1916 3481 quasi

326 3508 534 3574 hostes,
559 3516 616 3563 ct
666 3506 978 3578 prmdones,
1008 3505 1149 3561 sicut
1186 3504 1412 3575 reliquie
1460 3502 1709 3559 barbam
1742 3501 1916 3557 natio-

322 3617 444 3666 nes,
490 3600 587 3656 sed
628 3601 732 3657 sub
774 3600 932 3657 titulo
978 3599 1333 3655 defensorum
1383 3595 1615 3653 Romani
1680 3593 1916 3665 imperii,

322 3708 447 3750 cum
474 3701 653 3749 tamen
677 3706 870 3750 omnes
901 3692 1244 3760 deciperent,
1275 3700 1329 3746 et
1372 3689 1648 3746 Romanus
1677 3704 1783 3743 non
1814 3687 1918 3742 mi-

322 3803 427 3844 nus
442 3804 602 3859 quam
620 3795 852 3842 czeterus
873 3794 1207 3841 conarentur
1228 3784 1300 3839 ab
1320 3782 1579 3850 Hispania
1598 3782 1914 3839 deturbare.

325 3880 401 3935 De
436 3880 817 3950 persecutione
858 3879 1227 3934 Darharorum
1268 3875 1373 3932 sub
1404 3876 1654 3932 Romano
1696 3876 1920 3929 nomine

324 3971 440 4026 haec
472 3968 677 4026 Itlatius
722 3985 869 4026 anno
913 3966 984 4023 25
1014 3966 1274 4024 Archadii
1315 3975 1371 4022 et
1414 3965 1669 4032 Honorii,
1694 3964 1786 4036 qui
1818 3963 1921 4019 fuit

326 4062 607 4121 Secundus
660 4061 732 4119 ab
788 4062 1031 4133 ingressu
1080 4060 1381 4117 Gothorum
1412 4076 1426 4112 :
1462 4057 1662 4114 Watlia
1691 4073 1783 4113 rex
1813 4055 1919 4112 Go-

319 4160 552 4225 thorum,
587 4155 808 4213 Romani
841 4154 1063 4209 nominis
1093 4169 1252 4210 causa
1287 4154 1428 4208 intra
1460 4151 1717 4225 Hispania
1753 4152 1919 4205 credes

321 4251 574 4306 maximas
595 4249 761 4322 efﬁcit
782 4246 1138 4303 Burbarorutn
1154 4264 1174 4315 ;
1188 4258 1240 4303 et
1264 4261 1407 4302 anno
1435 4246 1686 4318 sequenti
1711 4260 1725 4297 :
1751 4243 1920 4300 Wan-

319 4344 431 4400 dali
463 4341 661 4413 Silingi
695 4344 751 4397 in
786 4339 983 4396 Bwtica
1011 4357 1106 4413 per
1133 4338 1388 4396 Walliam
1432 4355 1598 4410 regem
1632 4354 1808 4392 omnes
1829 4353 1921 4390 ex-

320 4438 529 4503 stincti;
580 4434 735 4491 Alani
775 4449 1014 4507 quoque,
1062 4434 1197 4488 adeo
1236 4432 1495 4487 ratsisnnt
1545 4448 1576 4485 a
1624 4428 1828 4491 Gothis,
1863 4438 1918 4481 ut

2020 3225 2296 3282 collocent
2343 3238 2470 3282 ante
2517 3223 2808 3291 Walliatn,
2870 3226 2961 3298 qui
3014 3237 3191 3283 tamen
3242 3230 3450 3301 regium
3509 3248 3616 3287 non

2018 3319 2265 3376 ascendit
2283 3318 2507 3386 solium,
2540 3320 2686 3376 unde
2708 3335 2737 3374 a
2760 3320 3029 3390 Prospero
3057 3331 3111 3377 et
3132 3321 3303 3378 [datio
3333 3324 3385 3379 in
3409 3328 3584 3381 eatan
3601 3358 3617 3370 -

2016 3424 2088 3482 go
2112 3410 2418 3468 Gothorum
2463 3427 2652 3483 regum
2692 3426 2801 3467 non
2853 3412 3186 3482 admittitur,
3217 3413 3286 3470 de
3321 3432 3431 3486 quo
3451 3433 3616 3489 supe-

2018 3503 2135 3559 rius
2160 3504 2295 3559 satis
2322 3503 2525 3560 dictum
2555 3520 2587 3558 a
2626 3504 2783 3559 nobis
2809 3512 2918 3560 est.
2952 3504 3220 3576 Tempore
3250 3510 3415 3565 etiam
3445 3511 3617 3567 infan-

2019 3598 2109 3652 tia:
2141 3594 2431 3652 Amalarici
2477 3596 2675 3651 invasit
2711 3611 2934 3665 regnum
2961 3596 3082 3663 ejus
3119 3598 3465 3669 Gesalaicus,
3514 3606 3612 3661 sed

2018 3687 2295 3760 tyrannidi
2326 3688 2496 3760 ipsius
2523 3687 2896 3745 Theodericus
2929 3690 3131 3761 negotii
3161 3692 3493 3761 gubernator
3517 3715 3613 3752 oe-

2017 3783 2227 3847 currit;
2263 3781 2578 3837 Gcsalaicus
2608 3796 2741 3837 vero
2780 3782 3039 3854 profugus
3061 3792 3117 3838 et
3137 3800 3304 3856 vagus
3338 3790 3387 3842 in
3426 3789 3615 3846 G:.lliis

2018 3883 2264 3930 mortuus
2293 3884 2377 3930 est
2396 3889 2523 3929 ann.
2551 3872 2769 3929 Domini
2792 3874 2921 3930 510.
2954 3874 3117 3931 Addit
3139 3875 3380 3935 Isidorus
3408 3882 3609 3953 (quem

2018 3966 2351 4024 recentiores
2377 3968 2702 4038 sequuntur)
2719 3978 2829 4022 tres
2852 3966 2985 4023 alios
3006 3980 3128 4025 ante
3150 3970 3598 4046 Athanagildum,

2019 4059 2232 4116 scilicet
2257 4059 2585 4126 Theudium,
2612 4058 3020 4126 Tlteudisclum,
3047 4072 3101 4117 et
3134 4063 3375 4133 Agilum,
3411 4069 3501 4139 qni
3535 4080 3615 4127 ta-

2022 4167 2145 4206 men
2177 4151 2391 4221 tyranni
2424 4150 2603 4220 pmius
2631 4167 2792 4221 qttam
2824 4152 2938 4207 veri
2971 4169 3125 4223 reges
3154 4156 3400 4226 fuerunt,
3433 4167 3489 4215 et
3520 4178 3610 4219 ea-

2022 4252 2243 4316 propter
2264 4243 2335 4299 Il.
2360 4243 2625 4298 Maximus
2645 4244 2733 4315 qui
2757 4245 2995 4300 exactius
3017 4261 3101 4301 res
3125 4245 3422 4305 Gothorum
3445 4255 3610 4310 chro-

2023 4336 2274 4407 nologice
2306 4345 2527 4392 secutus
2556 4343 2669 4403 est,
2710 4350 2808 4393 eos
2843 4352 2875 4391 a
2915 4337 3160 4410 catalogo
3192 4356 3376 4411 regunt
3421 4346 3609 4417 ejecit,

2024 4428 2547 4501 indignosjudicans
2576 4436 2723 4483 tanto
2759 4430 2987 4495 honore,
3019 4431 3162 4499 quod
3188 4430 3361 4488 Lucas
3391 4436 3613 4494 Tudun-

321 4531 578 4587 exstincto
633 4543 755 4602 rege
796 4527 1050 4596 ipsorum,
1083 4522 1472 4581 Wandalorum
1523 4539 1575 4578 se
1630 4520 1916 4591 patrocinio
1946 4510 1997 4572 Ι)
2023 4523 2101 4577 sis
2128 4522 2275 4589 fecit,
2302 4522 2467 4577 immo
2487 4537 2553 4577 cu
2580 4528 2738 4589 teste,
2768 4521 3009 4578 Isidorus
3039 4525 3199 4579 etiam
3219 4569 3233 4594 ,
3261 4528 3416 4597 cujus
3439 4530 3615 4589 Chro-

323 4622 687 4697 subjngarent.
744 4619 881 4689 Quis
942 4633 1051 4674 non
1103 4619 1315 4673 diceret
1358 4616 1567 4673 Gothos
1622 4615 1918 4671 fidissimos

326 4716 700 4774 Romanorum
729 4714 1068 4775 auxiliares?
1100 4712 1231 4768 nihil
1265 4722 1445 4769 tamen
1490 4712 1704 4782 longius
1733 4712 1921 4767 aberat

327 4811 401 4865 ab
456 4808 697 4879 ipsorum
750 4806 982 4871 animis;
1034 4820 1160 4862 cum
1192 4808 1336 4860 enim
1383 4806 1600 4861 occasio
1644 4819 1770 4860 sese
1821 4802 1921 4860 ob-

329 4902 477 4972 tulit,
516 4899 815 4957 exercitum
877 4899 1246 4955 Romanorum
1294 4913 1431 4969 quos
1493 4898 1668 4967 palam
1727 4897 1920 4966 juvarc

330 4990 746 5064 promittebant,
798 4988 991 5045 fraude
1038 4997 1095 5044 et
1141 4988 1483 5059 deceptione,
1526 5003 1649 5043 cum
1696 4988 1809 5057 jam
1852 4987 1921 5044 de

332 5086 555 5143 victoria
600 5084 984 5157 loquebantur,
1012 5082 1066 5138 in
1113 5096 1305 5137 manus
1334 5079 1720 5138 Wandalorum
1757 5082 1924 5137 tradi-

331 5179 556 5235 derunt.
583 5177 714 5247 Ejus
758 5174 840 5231 rei
890 5175 1047 5230 testis
1076 5174 1242 5231 etiam
1288 5181 1376 5230 est
1402 5173 1622 5239 ldatius.
1651 5174 1741 5245 (ιιιί
1781 5188 1926 5230 anno

334 5272 409 5328 28
434 5270 650 5327 Arcadii
682 5268 880 5340 inquit,
908 5265 1154 5324 Castinus
1185 5269 1434 5339 magister
1462 5269 1686 5323 militum
1736 5267 1929 5324 Roma-

337 5381 547 5429 norum,
572 5380 691 5420 cunt
730 5379 922 5436 magna
953 5379 1137 5428 manu,
1162 5373 1211 5417 et
1238 5361 1455 5418 auxiliis
1483 5361 1797 5429 Gothorum,
1820 5362 1930 5418 bel-

340 5457 450 5512 lum
470 5457 524 5512 in
556 5454 751 5513 Bretica
778 5453 1055 5511 Wundatis
1082 5455 1238 5526 infert
1269 5472 1288 5511 :
1314 5471 1448 5526 quos
1468 5472 1584 5511 cum
1612 5457 1680 5509 ad
1701 5456 1933 5529 in0piam

342 5552 393 5607 si
415 5549 705 5606 obsidionis
723 5559 972 5618 arctaret,
994 5548 1125 5604 adeo
1141 5559 1194 5602 ut
1222 5564 1277 5604 se
1294 5547 1503 5604 tradere
1522 5551 1637 5619 jam
1665 5557 1936 5621 pararent;

2026 4613 2184 4668 nicon
2215 4613 2282 4667 ad
2308 4612 2530 4668 verbum
2570 4614 2689 4685 ipse
2728 4615 3070 4684 transcripsit
3097 4632 3161 4671 ex
3192 4620 3501 4687 purioribus
3527 4626 3616 4697 (ut

2025 4703 2274 4776 apparet)
2297 4705 2676 4777 originalibus,
2703 4721 2862 4776 quam
2888 4722 3030 4761 nunc
3050 4718 3286 4765 exstent.
3310 4711 3441 4769 Nam
3466 4730 3616 4774 certe

2023 4796 2335 4854 Cltronicon
2360 4798 2507 4870 quod
2552 4799 2693 4854 inter
2722 4800 2839 4869 ejus
2870 4815 3037 4868 opera
3068 4812 3245 4856 exstat
3273 4804 3607 4879 Gothorum,

2027 4892 2128 4947 sub
2158 4891 2380 4947 nomine
2406 4890 2632 4959 lsidori,
2666 4891 2964 4947 innumeris
2991 4903 3160 4949 scatet
3188 4898 3399 4955 mendis
3432 4900 3482 4955 in
3515 4919 3615 4956 an-

2025 5000 2221 5040 norum
2261 4984 2437 5052 notis,
2481 4983 2535 5040 in
2574 4984 2919 5050 nominibus,
2956 4985 3007 5039 in
3043 4986 3236 5042 ordine
3267 5001 3318 5042 et
3364 4993 3503 5046 srric
3528 5011 3615 5048 lt:-

2024 5093 2176 5149 gum,
2217 5087 2272 5133 et
2303 5077 2423 5132 aliis
2451 5091 2573 5149 qua:
2600 5076 2759 5132 facile
2786 5076 2963 5146 quivis
2992 5079 3288 5136 collatione
3328 5082 3461 5137 fat-ta
3490 5101 3613 5141 cum

2027 5174 2316 5240 conciliis,
2355 5171 2567 5240 Idalio,
2618 5169 2915 5225 Viclurensi
2958 5179 3015 5226 et
3054 5175 3264 5227 ueteris
3306 5180 3620 5235 auctoribus

2031 5264 2425 5339 deprehendet.
2462 5264 2661 5321 Decem
2694 5263 2857 5335 igitur
2894 5264 3171 5322 dumtaxat
3200 5267 3501 5327 Gothorum
3537 5292 3620 5329 re-

2032 5373 2130 5430 ges
2159 5358 2309 5414 fuere
2329 5372 2499 5427 usque
2525 5356 2590 5411 ad
2623 5357 2937 5412 Liubanem.

2114 5455 2354 5513 Linbane
2379 5462 2557 5509 tamen
2589 5452 2946 5508 nihilominus
2974 5466 3255 5525 regnante,
3289 5457 3634 5531 Leovigiltlvs

2040 5547 2416 5620 (undecimum
2444 5546 2638 5613 cornu)
2667 5555 2876 5615 partem
2923 5550 3070 5617 regni
3100 5550 3339 5618 accepit;
3371 5566 3480 5621 quo
3504 5572 3633 5613 \‘t'rc

347 5646 641 5704 inconsulte
690 5645 900 5716 publica
956 5646 1236 5700 certamine
1280 5646 1587 5719 conﬂigens,
1618 5643 1939 5700 auxiliorum
2043 5638 2113 5697 de
2141 5640 2234 5696 illo
2257 5637 2566 5703 diceretur,
2602 5635 2735 5692 Ecce
2762 5653 2927 5693 cornu
2966 5639 3117 5693 aliud
3152 5640 3425 5709 parentant
3462 5658 3634 5702 orlth

353 5738 535 5811 fraude
562 5738 828 5811 deceptus,
854 5737 926 5792 ad
955 5733 1312 5793 Tarraconem
1358 5738 1525 5794 rictus
1566 5734 1769 5808 (lingit.
1806 5738 1940 5797 Cum

804 5827 1084 5893 Ριτιιοι.
1122 5826 1366 5893 XXXI.

2046 5742 2121 5817 est
2144 5732 2207 5792 dc
2230 5730 2397 5791 medio
2425 5747 2599 5789 eorum
2616 5748 2638 5801 ;
2667 5731 2721 5790 itt
2748 5730 2932 5791 medio
2960 5733 3104 5789 enim
3140 5734 3295 5808 regni
3326 5738 3508 5794 fratris
3549 5744 3635 5799 sui

3015 5824 3094 5889 19
