4052 6460
473 260 580 322 587

474 389 705 450 parvum
742 386 969 446 regnum
1007 371 1114 430 sibi
1159 370 1444 429 constituit
1491 389 1506 428 :

474 481 753 542 gestorum
784 467 900 538 ejus
929 465 1381 536 chronographus
1425 463 1506 520 sic
1558 464 1803 518 notavit:
1845 464 2005 518 Anno
2036 462 2071 521 ὅ

476 562 675 620 Justini
703 560 975 624 Junioris,
1024 554 1355 629 Leovigildus
1393 570 1673 627 germanus
1709 553 1959 610 Liubauis
1993 568 2073 609 re-

477 656 575 729 gis,
592 654 866 720 superstite
889 655 1051 725 fratre
1071 651 1126 706 in
1150 666 1361 721 regnum
1383 648 1641 704 citerioris
1664 647 1938 719 Hispania:
1958 663 2074 702 cou-

479 749 733 802 stituilut‘.
762 746 930 802 Porro
944 753 1056 801 tres
1079 758 1236 815 reges
1251 751 1372 813 post
1388 742 1512 812 ejus
1533 751 1714 798 ortum
1737 739 2070 807 ceciderunt,

477 842 650 899 Liuha
681 841 1013 904 Gothorum,
1046 845 1102 893 et
1143 837 1296 904 Miro,
1351 843 1512 908 atque
1558 834 1820 891 Evoricus
1866 834 2074 891 Suevo-

1366 253 1663 318 FLAVlUS
1701 249 1949 315 LULIUS
1989 249 2268 310 DEXTrLR
2307 247 2840 310 CllRONOLOGUS.

1551 371 1698 446 quod
1747 368 2070 428 Viclarcnsis
2101 370 2152 432 Α
2178 367 2324 439 pessi
2356 367 2548 434 tuere;
2595 365 2649 422 id
2678 363 2823 437 quod
2869 363 3082 422 Marcus
3127 361 3389 420 Maximus
3417 361 3776 432 Cmsaraugu.

3661 243 3775 306 588

2172 473 2362 520 stanus
2393 473 2520 520 tunc
2552 463 2811 532 temporis
2837 463 3150 532 episcopus,
3184 467 3243 514 et
3267 459 3383 530 ipse
3417 459 3665 515 oculatus
3691 468 3772 515 te-

2171 555 2271 611 stis
2301 555 2496 611 scribit
2516 555 2583 610 ad
2604 569 2807 610 annum
2831 552 3046 609 Domini
3077 552 3205 610 585.
3234 551 3483 608 Faciebat
3512 567 3644 625 ergo
3664 549 3774 607 bel-

2173 648 2282 704 lum
2311 649 2555 705 adrersus
2581 649 2824 715 Sanctus,
2852 657 2900 704 et
2925 647 3233 719 prter-alebat
3255 649 3348 703 eis.

2247 743 2355 798 Sed
2390 743 2519 814 quid
2553 743 2827 812 signiﬁcat
2859 742 3008 814 quod
3048 739 3394 812 subjuugitur
3424 756 3441 799 :
3471 738 3608 794 Ecce
3636 741 3773 795 oculi

2174 835 2320 904 quasi
2349 835 2488 890 oculi
2513 835 2736 890 hominis
2755 841 2902 891 erant
2931 835 2984 888 in
3010 849 3172 888 cornu
3190 833 3328 888 isto?
3349 831 3602 888 nimirum
3629 831 3772 905 quod

477 952 626 1003 rum,
656 945 928 1005 regnaque
956 930 1198 1003 ipsorum
1225 942 1331 985 suo
1361 926 1588 998 adjecit,
1633 937 1690 980 ut
1721 925 1865 982 idem
1895 924 2075 980 Victa-
2171 927 2242 984 ad
2264 927 2620 984 debellandos
2643 938 2860 983 sanctos
2885 941 3151 983 noncmca
3176 939 3276 981 sua
3297 924 3582 981 dumtaxat
3603 927 3774 996 phan-

478 1030 658 1086 rensis
687 1025 876 1084 scribit
903 1044 914 1079 :
948 1040 1057 1093 quo
1085 1022 1341 1077 nimirum
1373 1020 1504 1077 illud
1543 1019 1594 1073 in
1626 1033 1694 1075 eo
1732 1017 2072 1083 veriﬁcetur,

481 1121 660 1179 Cornu
701 1117 847 1173 aliud
874 1127 1045 1173 ortum
1078 1114 1279 1184 fuerat,
1319 1124 1438 1168 ante
1465 1113 1602 1184 quod
1645 1112 1935 1166 ceciderant
1975 1109 2076 1164 tria

480 1230 699 1280 cornua,
730 1221 777 1267 et
803 1211 976 1282 majus
1003 1218 1114 1264 erat
1142 1206 1362 1274 ceteris,-
1393 1214 1448 1261 et
1478 1205 1651 1276 majus
1679 1203 1873 1272 multo,
1904 1218 2077 1276 quan-

483 1305 776 1378 doquidem
802 1304 1112 1360 universam
1141 1298 1479 1370 Hispaniam,
1509 1313 1630 1369 qua:
1654 1297 1838 1353 multis
1858 1294 2077 1366 regibus

480 1400 760 1471 variisque
806 1395 1146 1470 principibus
1191 1391 1433 1463 subjecta
1486 1390 1662 1447 fuerat
1707 1389 1916 1460 primus
1960 1404 2076 1444 onl-

485 1493 634 1549 nium
676 1491 778 1545 sub
808 1505 906 1546 sua
945 1485 1190 1555 reposuit
1237 1492 1532 1554 potestate,
1567 1483 1633 1539 ad
1679 1482 1821 1554 quod
1856 1494 2078 1538 necesse

486 1581 932 1645 luitVasconias,
984 1577 1382 1642 Bastetanizim,
1434 1575 1836 1642 Malacininam,
1866 1572 2078 1628 Cordu-

485 1677 744 1744 bensem,
796 1683 851 1729 et
880 1670 1358 1735 Assidonienscm,
1401 1668 1642 1739 aliasque
1683 1667 1989 1740 provincias
2022 1673 2077 1722 et

2175 1023 2311 1078 tasia
2344 1020 2683 1090 movebatur,
2736 1020 2832 1077 sed
2867 1021 3162 1077 multorum
3209 1019 3588 1090 episcoporum
3617 1017 3774 1074 iusti-

2175 1119 2412 1189 gatione,
2444 1119 2534 1190 qui
2563 1118 2707 1173 oculi
2740 1117 3003 1174 Ecclesia:
3027 1115 3508 1183 nuncupabantnr;
3540 1112 3776 1185 quinim—

2178 1227 2269 1268 mo
2312 1221 2367 1267 et
2407 1212 2639 1268 concilia
2670 1211 2986 1267 celebrabat
3019 1224 3186 1279 super
3234 1207 3424 1263 eadem
3459 1224 3537 1264 re.
3572 1207 3776 1274 Accipe

2177 1303 2248 1358 Μ.
2277 1303 2500 1360 Maximi
2540 1304 2704 1359 verba
2748 1303 2816 1356 ad
2851 1317 3050 1357 annum
3086 1299 3297 1355 Domini
3333 1301 3430 1357 58l
3467 1316 3480 1353 :
3518 1295 3772 1372 Leoeigil-

2178 1399 2278 1452 dus
2314 1399 2500 1453 iterum
2531 1397 2995 1470 Hermencgildum
3029 1396 3200 1465 ﬁlium
3229 1411 3379 1448 suum
3423 1395 3620 1449 obsidet
3644 1435 3659 1460 ,
3689 1409 3775 1447 ca-

2182 1499 2431 1561 ptumque
2459 1488 2695 1544 Toletum
2739 1489 2908 1554 ducit,
2939 1489 3110 1556 ibique
3137 1490 3326 1541 carceri
3359 1488 3642 1557 ntancipat.
3668 1485 3776 1543 Sed

2179 1597 2308 1638 ecce
2337 1583 2530 1637 oculos
2557 1581 2719 1652 hujus
2740 1597 2908 1636 cornu
2934 1596 2949 1635 :
2988 1579 3086 1636 Ubi
3132 1581 3385 1651 synodum
3415 1581 3779 1651 episcoporum

2183 1677 2513 1741 Arianorum,
2535 1693 2737 1748 sumque
2763 1678 3002 1749 factionis
3032 1675 3327 1744 contrahit,
3350 1678 3434 1731 cui
3463 1673 3780 1731 Paschasius

487 1774 649 1829 urbes
678 1769 824 1827 bello
845 1769 950 1824 sibi
975 1767 1244 1836 subjicere
1263 1808 1278 1832 ,
1319 1773 1374 1820 ct
1397 1766 1701 1820 Suet/orum
1730 1762 1823 1836 qui
1866 1763 1919 1817 in
1951 1761 2077 1818 Cal-
2110 1762 2153 1824 Β
2181 1773 2448 1843 episcopus
2473 1770 2722 1826 Ecclesia:
2745 1772 2806 1828 S.
2838 1769 3063 1826 Eulatiw
3092 1770 3355 1826 Toletaua:
3370 1769 3635 1842 prtesidet.
3655 1786 3780 1826 catt-

485 1864 639 1920 lzecia
689 1861 1129 1933 potentabantur,
1174 1873 1399 1928 regnum
1446 1856 1672 1921 delere;
1724 1855 1813 1911 cui
1863 1853 2080 1912 demum

487 1957 722 2014 Galliam
751 1954 1158 2011 Narbonensem
1192 1949 1410 2020 adjecit,
1439 1948 1577 2005 unde
1597 1957 1653 2005 et
1672 1950 1939 2004 devorasse
1960 1948 2082 2003 uni-

483 2069 682 2108 versam
712 2060 901 2106 terram
927 2045 1302 2119 propriissitne
1330 2045 1506 2102 dictus
1525 2052 1630 2114 est,
1662 2055 1709 2103 et
1729 2043 2076 2112 conculcasse,

486 2163 549 2203 ac
575 2146 937 2202 comminuisse
967 2159 1094 2197 eam.

560 2241 758 2313 Magna
793 2252 1006 2308 quoque
1033 2246 1079 2290 et
1107 2235 1338 2308 ingentia
1375 2243 1556 2290 contra
1580 2233 1854 2291 Excelsum
1879 2231 2082 2287 locutus

490 2336 611 2410 fuit,
656 2334 910 2388 nimirum
952 2341 1139 2386 contra
1173 2327 1372 2384 Christi
1423 2326 1771 2384 Divinitateui
1822 2326 2080 2394 blasphe-

487 2429 630 2482 tnias
657 2439 939 2490 evomens,
973 2431 1162 2491 utpote
1204 2421 1535 2476 Arianorum
1575 2417 2041 2492 propugnaculum
2062 2458 2078 2484 ,

487 2531 537 2577 et
565 2519 751 2575 bellum
770 2533 833 2573 ea
853 2516 922 2572 de
933 2529 1092 2572 causa
1119 2515 1364 2571 adversus
1388 2523 1596 2568 sanctos
1617 2511 1860 2587 faciebat,
1879 2521 1926 2565 et
1948 2524 2083 2582 pra:-

490 2614 689 2670 calebat
715 2614 809 2668 eis.
842 2611 984 2668 Nihil
1015 2611 1228 2677 verius,
1274 2608 1410 2664 nihil
1451 2611 1621 2681 magis
1670 2609 1867 2665 littera:
1885 2623 2082 2664 conso-

492 2726 620 2767 num
653 2728 665 2763 :
700 2723 822 2764 nam
852 2721 1086 2764 concors
1109 2713 1393 2762 auctorum
1429 2718 1530 2758 vox
1565 2711 1671 2772 est,
1708 2701 2080 2774 Leovigildum

491 2803 691 2860 bellum
723 2801 1052 2858 acerrimum
1075 2798 1336 2854 indixisse
1365 2796 1654 2854 catholicis
1676 2839 1691 2864 ,
1733 2810 1962 2868 quorum
1984 2811 2082 2868 pa-

492 2897 780 2954 trocinium
808 2891 1261 2961 Hcrmenegildus
1291 2890 1431 2946 tilius
1458 2897 1802 2962 susceperat,
1837 2889 2084 2960 ipsisque

489 3005 707 3061 semper
732 2987 1098 3060 prmvaluisse.
1129 2983 1328 3054 Accipe
1355 2983 1522 3040 verba
1544 2983 1613 3038 Μ.
1638 2983 1875 3049 Hasimi,
1906 2985 1994 3055 qui
2020 2999 2082 3038 ea

492 3089 614 3154 dum
644 3082 777 3136 vidit
819 3078 1029 3150 scripto
1060 3076 1298 3133 tradidit.
1345 3078 1502 3133 Anno
1545 3076 1754 3132 Domini
1786 3077 1914 3133 580.
1948 3076 2084 3131 Iler-

2186 1865 2394 1921 reuiuut
2446 1882 2505 1921 co
2572 1866 2867 1922 Vincentius
2919 1866 3188 1937 cpiscopus
3233 1863 3730 1936 Ctesaraugustanus
3758 1879 3779 1920 .'

2185 1958 2437 2027 Suntuia,
2467 1969 2514 2014 et
2555 1958 2878 2028 Nepotianus
2910 1960 3140 2031 episcopi
3170 1956 3509 2015 Emet'itettsis
3529 1955 3780 2015 Ecclesia:

2184 2051 2374 2107 iutrusi
2425 2065 2442 2105 .'
2497 2050 2682 2125 Ugnus
2723 2051 3149 2117 Barcinoncnsis,
3204 2048 3405 2106 Hurila
3459 2049 3775 2107 Valentinus

2183 2145 2538 2218 Argimundus
2570 2142 3003 2215 Portucallensis,
3037 2143 3337 2218 Gardiugus
3365 2146 3639 2218 cpiscopus
3671 2143 3780 2198 Tu-

2186 2240 2360 2295 densis
2379 2280 2394 2305 ,
2428 2251 2476 2294 ct
2497 2239 2589 2293 alii
2613 2239 2846 2304 eiusdem
2867 2251 3033 2294 recte.
3069 2238 3252 2295 Elates
3283 2248 3362 2293 tot
3389 2239 3607 2295 Patrum
3635 2237 3782 2294 favo-

2186 2347 2247 2387 re
2284 2331 2657 2403 Leovigildus,
2691 2347 2799 2388 non
2842 2332 3040 2387 mirum
3081 2332 3125 2385 si
3156 2340 3409 2402 putaret,
3439 2331 3580 2401 quod
3614 2341 3781 2401 posset

2184 2434 2386 2478 mutare
2411 2435 2642 2495 tempora
2661 2434 2710 2478 et
2738 2423 2874 2495 leges
2896 2425 3048 2495 regni
3081 2423 3186 2491 sui,
3214 2434 3272 2480 et
3297 2437 3484 2482 sectas.
3509 2420 3679 2494 Cujus
3702 2424 3782 2481 rei

2186 2515 2341 2572 nobis
2367 2515 2572 2586 praebet
2592 2516 2897 2584 exemplum
2921 2516 3249 2574 Viclarensis
3272 2534 3286 2584 ;
3309 2532 3429 2573 eum
3456 2518 3600 2573 enim
3624 2518 3782 2574 Aria-

2186 2625 2382 2666 norum
2415 2611 2534 2682 lege
2558 2610 2857 2666 inviolabili
2887 2621 3106 2667 cantum
3137 2621 3309 2682 esset,
3341 2628 3410 2668 ne
3441 2613 3562 2683 quis
3590 2613 3657 2668 ad
3686 2627 3783 2670 eos

2185 2700 2254 2758 de
2290 2701 2575 2758 catholicis
2633 2703 2866 2758 transire
2912 2705 3364 2774 permitteretur,
3419 2704 3525 2761 nisi
3563 2708 3785 2762 luat-ro

2182 2795 2285 2850 illo
2311 2810 2411 2851 suo
2436 2795 2650 2852 Zenoso
2680 2796 3139 2868 rebaptizaretur:
3179 2797 3526 2870 Leovigildus
3552 2816 3785 2872 congre-

2185 2897 2312 2962 gato
2339 2890 2570 2946 concilio
2621 2906 2843 2947 suorum
2875 2890 3207 2960 antistitum,
3255 2893 3428 2964 legem
3476 2892 3781 2966 abrogavit,

2189 2996 2386 3038 novam
2417 2984 2520 3037 sub
2547 2981 2633 3038 his
2668 2983 2847 3039 verbis
2874 2985 3117 3041 condens
3147 3002 3159 3038 :
3192 2985 3274 3041 De
3309 2985 3546 3042 (toruana
3572 2985 3786 3061 religio-

2191 3091 2256 3128 ne
2279 3075 2351 3127 ad
2377 3087 2604 3129 nostram
2625 3075 2936 3131 catholicam
2959 3077 3115 3146 ﬁdem
3141 3078 3236 3147 (ita
3258 3093 3410 3135 suam
3442 3081 3626 3136 miseri
3656 3096 3786 3136 nun-

489 3173 811 3246 menegildus
833 3171 1204 3225 catholicorum
1227 3169 1437 3240 suscipit
1461 3171 1822 3240 patrocinium.
1851 3169 2077 3240 Rursus,
2110 3164 2156 3228 C
2187 3167 2479 3238 cupabant)
2504 3171 2781 3239 uenientes,
2812 3187 2913 3226 non
2939 3171 3119 3228 debere
3150 3174 3424 3246 baptizari,
3450 3176 3539 3230 sed
3564 3182 3792 3232 tantum-

492 3264 701 3320 Indicto
725 3265 852 3318 inter
879 3261 1089 3316 Patrem
1103 3259 1481 3332 Leovigildnm,
1497 3271 1542 3314 et
1569 3261 1850 3334 principem
1868 3259 2091 3317 Herme-

494 3357 762 3432 negildum
784 3355 987 3428 publico
1005 3353 1140 3408 bello
1168 3353 1315 3426 (nam
1336 3354 1387 3407 in
1412 3370 1574 3408 causa
1598 3354 1971 3409 catholicorum
1993 3372 2090 3428 po-

494 3449 740 3521 pulorum
777 3465 808 3501 a
840 3457 989 3521 patre
1020 3446 1319 3501 admonitus
1356 3456 1502 3516 crat,
1550 3462 1613 3502 ne
1651 3464 1683 3500 a
1712 3464 1767 3501 se
1794 3448 2090 3520 deﬁceret),

494 3539 828 3613 Lcovigildus
849 3539 1018 3608 [ilium
1045 3537 1257 3609 Hispali
1297 3538 1528 3603 obsidet,
1561 3539 1955 3612 proditianequc
1985 3542 2093 3598 Ro-

492 3651 764 3691 manorum
803 3634 942 3705 patri
982 3650 1077 3690 suo
1109 3634 1367 3703 truditur,
1392 3635 1481 3705 qui
1513 3645 1626 3704 post
1657 3635 1842 3690 durant
1869 3635 2093 3690 carceris

495 3729 781 3788 custodiam
810 3726 1023 3800 Hispali
1066 3728 1263 3784 vinctus
1288 3771 1303 3796 ,
1340 3737 1388 3783 et
1428 3730 1626 3788 catenis
1651 3729 1899 3801 alligatus
1943 3730 2093 3785 uehe-

493 3833 690 3880 menter
709 3824 962 3895 premitur
977 3821 1098 3877 :scd
1125 3823 1338 3878 tandem
1358 3819 1495 3880 da'tis
1511 3823 1772 3878 obsidibus
1786 3823 2088 3878 dimittitur.

496 3921 655 3974 Anno
686 3918 786 3974 581
823 3934 836 3970 :
866 3914 1200 3987 Learigildus
1219 3916 1404 3971 iterum
1430 3915 1890 3988 Hermrncgildum
1921 3915 2091 3982 ﬁlium

499 4009 692 4065 obsidet
719 4010 788 4063 ad
821 4009 968 4065 Osset
990 4009 1237 4081 Oppidum
1259 4006 1566 4076 Lusitaniae,
1600 4020 1912 4079 captumque
1942 4008 2089 4065 Tole-

498 4112 604 4156 tum
627 4102 790 4168 ducit,
814 4101 987 4173 ibique
1002 4103 1202 4155 carceri
1222 4101 1508 4170 mancipat.
1539 4101 1762 4171 lnsuper
1785 4116 1928 4157 anno
1955 4103 2087 4158 585:

498 4195 827 4269 Lcooigildus
863 4195 1050 4249 iterum
1071 4194 1241 4264 ﬁlium
1269 4195 1728 4268 Hermencgililum
1769 4193 1975 4270 Hispali
2003 4195 2093 4252 ob-

499 4292 647 4346 sidet.
681 4289 751 4344 Et
780 4303 923 4344 anno
954 4287 1062 4343 584
1100 4307 1112 4344 :
1144 4287 1471 4360 Leorigildus
1510 4292 1790 4349 exercitum
1833 4294 2089 4349 contrahit

500 4394 676 4437 contra
705 4379 1154 4454 IIermenegildum
1180 4381 1371 4452 filium.
1408 4380 1663 4437 Mironem
1697 4383 1987 4440 Sueuorum
2010 4402 2092 4442 re-

500 4494 615 4551 gem
641 4479 694 4532 iu
715 4476 972 4532 auxilium
1007 4493 1160 4531 suum
1181 4488 1362 4531 contra
1381 4477 1554 4546 ﬁliam
1575 4519 1588 4541 ,
1621 4488 1668 4533 et
1709 4480 1876 4534 hostes
1903 4482 2090 4536 multos

2195 3263 2347 3318 modo
2375 3280 2464 3332 per
2485 3280 2670 3320 manus
2694 3265 3073 3336 impositionem
3091 3307 3108 3333 ,
3133 3279 3182 3322 et
3205 3270 3581 3325 communionis
3612 3285 3788 3342 perce-

2193 3358 2420 3428 ptionein
2449 3358 2630 3425 recipi,
2654 3368 2702 3410 et
2723 3359 2952 3430 gloriam
2987 3358 3135 3416 Patri
3158 3377 3248 3431 per
3281 3359 3484 3417 Filium
3507 3363 3561 3418 in
3584 3363 3787 3435 Spiritu

2195 3456 2373 3501 sancto
2396 3447 2532 3503 dati.
2558 3447 2942 3517 Quoell'ectunt
2957 3461 3038 3507 est
3062 3451 3397 3521 (miserabile
3417 3454 3591 3524 diem)
3625 3466 3684 3510 ut
3695 3472 3788 3525 per

2197 3543 2331 3596 hanc
2360 3543 2706 3600 scductionem
2733 3545 2946 3615 plurimi
2981 3554 3273 3602 nostrorum
3298 3548 3398 3620 (ait
3433 3547 3788 3621 Viclarensis)

2197 3637 2478 3706 cupiditate
2491 3638 2738 3705 potiusim
2746 3639 2882 3708 pulsi
2890 3682 2904 3705 ,
2919 3641 2970 3694 in
2987 3638 3241 3696 Arianum
3253 3643 3444 3716 dogma
3455 3642 3783 3701 declinarint.

2267 3729 2376 3785 Sed
2404 3730 2533 3800 quid
2557 3730 2657 3786 sibi
2692 3731 2805 3787 vult
2834 3732 2979 3804 quod
3006 3731 3318 3792 debellasse
3354 3743 3411 3792 et
3441 3739 3789 3807 praevaluisse

2199 3818 2400 3877 dicitur
2423 3822 2650 3887 sanctis,
2675 3823 3010 3894 traditusque
3028 3825 3148 3882 illos
3173 3826 3340 3884 fuisse
3364 3827 3419 3885 in
3433 3844 3624 3887 manus
3644 3829 3788 3900 ejus.

2197 3929 2358 3984 usque
2382 3913 2450 3968 ad
2471 3904 2701 3986 tempus,
2733 3926 2780 3971 et
2812 3927 3047 3988 tempora
3067 3960 3083 3986 ,
3115 3929 3165 3975 et
3199 3919 3474 3976 dimidium
3506 3923 3790 3993 temporis?

2197 4004 2340 4060 Sane
2387 4006 2441 4060 in
2505 4006 2592 4062 his
2639 4007 2820 4064 verbis
2859 4024 2993 4080 quat
3037 4026 3212 4067 annos
3258 4026 3586 4085 regnaturus
3615 4026 3787 4084 esset,

2196 4097 2460 4154 innuitur.
2493 4099 2628 4156 Cum
2661 4115 2795 4158 vero
2834 4103 3094 4174 temporis
3123 4106 3362 4171 nomine.
3395 4107 3579 4166 nullus
3606 4108 3792 4167 deter-

2198 4193 2404 4250 minate
2446 4201 2499 4248 et
2556 4195 2845 4264 perspicue
2870 4211 3138 4253 annorum
3167 4215 3428 4256 numerus
3452 4201 3786 4273 designetur,

2199 4301 2424 4342 necesse
2451 4287 2554 4342 erit
2579 4286 2819 4360 aliquem
2849 4291 3268 4349 determinatum
3298 4309 3565 4366 quaerere,
3599 4293 3653 4352 in
3683 4311 3792 4368 quo

2197 4385 2429 4454 simplex
2459 4385 2603 4455 quod
2636 4387 2688 4441 in
2730 4385 2989 4460 singulari
3022 4401 3247 4449 vocatur
3273 4402 3496 4466 tempus,
3537 4411 3661 4451 eum
3685 4397 3788 4452 duc

2198 4477 2327 4548 pliei
2373 4486 2609 4548 tempora
2647 4479 2699 4534 in
2728 4480 2925 4551 plurali
2959 4498 3301 4556 nuncupato,
3335 4494 3392 4542 et
3435 4486 3664 4544 dimidio
3689 4489 3792 4544 du-

500 4581 668 4627 rocat.
716 4573 871 4626 Anno
901 4583 1031 4625 vero
1057 4570 1200 4626 585:
1237 4568 1665 4641 llermcnegildus
1715 4570 1924 4642 Hispali
1953 4571 2091 4629 dclu-
2124 4567 2176 4627 D
2204 4568 2357 4638 plicis
2399 4569 2541 4640 quod
2579 4570 3121 4645 diinirliumtemporis
3165 4575 3368 4633 dicitur
3395 4621 3410 4644 ,
3461 4577 3582 4648 ejus
3635 4579 3789 4651 regni

504 4682 646 4735 psus,
677 4673 723 4719 et
749 4662 1005 4719 Cordubae
1029 4674 1230 4735 captus,
1256 4663 1481 4733 primum
1513 4661 1744 4734 Hispali,
1767 4663 1929 4719 Totcti
1951 4666 2097 4720 drin-

503 4761 588 4824 de,
627 4756 980 4827 Valentiaeque
1007 4753 1203 4824 aliquot
1230 4771 1426 4810 menses
1454 4756 1683 4825 captiuus
1709 4757 1932 4812 exsulat.
1954 4755 2094 4824 Quid

503 4851 707 4921 plura?
747 4848 887 4905 adeo
928 4848 1213 4918 prmvaluit
1255 4849 1557 4905 truculenta
1595 4848 1802 4913 bestia,
1839 4857 1900 4903 ut
1929 4849 2094 4904 lilium

502 4944 681 5014 capite
708 4941 950 4996 truncari
979 4940 1210 5007 iecerit;
1243 4956 1364 4997 cum
1397 4951 1560 4997 antea
1594 4943 1972 5014 persecutione
1996 4958 2091 5012 ge.

503 5034 677 5091 nerali
708 5034 759 5090 iu
786 5033 1086 5090 eatholicos
1111 5043 1252 5088 mota
1276 5074 1291 5101 ,
1338 5034 1640 5104 praecipuos
1664 5050 1854 5090 eorum
1885 5034 2095 5091 antisti-

507 5137 590 5183 tes
617 5128 880 5183 acerrime
918 5136 1238 5197 persceutus
1285 5126 1338 5181 iu
1381 5127 1636 5183 exsiliunt
1675 5129 1931 5183 misisset.
1967 5128 2097 5199 Ejus

505 5235 639 5276 sane
662 5221 819 5292 jussu
852 5221 909 5278 S.
941 5219 1190 5276 Leander
1231 5219 1591 5289 llispalcnsis.
1625 5231 1676 5275 et
1705 5235 1922 5277 sanctus
1946 5222 2092 5278 Lici-

505 5311 698 5368 nianus
724 5312 1167 5383 Carthaginensis
1189 5316 1428 5383 epismpi
1460 5313 1990 5386 Constantinopolim
2009 5332 2095 5372 re-

506 5407 669 5476 legati
714 5417 881 5471 sunt;
929 5407 988 5462 S.
1025 5407 1281 5461 Mausona
1319 5407 1673 5464 Emeritensis
1700 5407 2088 5480 Complutum;

503 5500 563 5555 S.
600 5498 932 5570 Euphemius
979 5499 1274 5555 Toletanus
1309 5499 1703 5566 Barcinonem;
1754 5502 1813 5557 S.
1868 5504 2091 5558 llOnitus

505 5591 905 5672 Cyniplutensis
940 5589 1452 5664 Cmsarangustam;
1500 5594 1557 5650 S.
1594 5595 1905 5667 Fulgentius
1949 5598 2093 5652 Asti-

502 5688 742 5757 gitanns,
770 5695 824 5741 et
851 5686 936 5742 alii
981 5687 1114 5742 alias
1144 5689 1211 5743 ob
1243 5687 1610 5743 defensionem
1641 5689 1918 5744 Catholica:
1950 5691 2092 5745 veri-

500 5781 648 5853 tatis,
685 5788 881 5857 agente
917 5781 1080 5856 impio
1113 5780 1432 5854 Lcovigildo
1461 5799 1623 5856 rege,
1672 5785 1921 5843 exsilium
1961 5802 2084 5858 pcr-

2199 4663 2595 4733 complectatur
2638 4680 2831 4722 annos.
2877 4667 2932 4722 Id
2973 4669 3117 4741 quod
3165 4671 3215 4726 in
3246 4670 3560 4744 Leovigildo
3587 4674 3792 4745 reperi-

2199 4768 2349 4822 mus,
2380 4755 2505 4828 qui,
2540 4766 2677 4813 teste
2711 4759 3028 4828 Viclarensi,
3065 4764 3130 4818 17
3161 4779 3285 4819 cum
3313 4764 3564 4831 dimidio,
3588 4766 3645 4823 in
3684 4769 3789 4824 im-

2203 4849 2356 4918 perio
2386 4848 2712 4920 impiissimo
2753 4853 2954 4924 exrgit.
3000 4853 3242 4927 Namque
3265 4873 3393 4913 eum
3426 4858 3530 4914 sub
3559 4858 3791 4931 simplici

2202 4951 2447 5013 tempore
2478 4944 2785 5012 quinaritnn
2816 4962 3081 5002 annorum
3111 4949 3500 5021 intelligamus,
3533 4952 3660 5010 etin
3689 4952 3790 5009 dn-

2202 5033 2326 5104 plici
2354 5033 2660 5103 denarium,
2693 5048 2749 5093 et
2777 5039 2828 5092 in
2855 5039 3082 5093 dimidio
3115 5041 3395 5112 temporis,
3422 5043 3654 5114 quinarii
3678 5061 3789 5102 me-

2199 5127 2486 5196 dietatem,
2517 5130 2569 5185 id
2601 5141 2715 5198 est,
2745 5132 2880 5188 duos
2919 5148 3093 5191 annos
3123 5150 3248 5190 cum
3273 5135 3532 5203 dimidio;
3564 5149 3786 5208 tempus,

2197 5231 2244 5274 et
2265 5233 2521 5293 tempora,
2551 5233 2598 5278 et
2628 5226 2898 5281 dimidium
2926 5234 3167 5298 temporis
3198 5230 3262 5284 l7
3283 5245 3454 5286 annos
3478 5248 3600 5288 cum
3630 5233 3790 5289 dimi-

2196 5314 2317 5380 dio,
2348 5331 2446 5373 nec
2477 5319 2620 5387 plus.
2671 5334 2774 5375 nec
2806 5320 2983 5376 minus
3009 5323 3322 5378 conﬁcient.
3373 5322 3578 5392 Quibus
3604 5334 3786 5382 trans-

2198 5410 2336 5464 actis
2365 5420 2572 5482 propter
2597 5428 2763 5467 rocem
2786 5430 3079 5469 sermonum
3115 5416 3412 5485 grtindium,
3448 5434 3576 5485 quos
3628 5434 3789 5473 cornu

2199 5503 2332 5556 illud
2365 5512 2547 5558 contra
2590 5504 2866 5561 Excelsmn
2910 5507 3234 5577 loquebatur,
3278 5510 3542 5576 interfecta
3567 5520 3643 5567 est
3696 5511 3786 5567 bs-

2200 5599 2321 5659 stia,
2340 5607 2386 5650 et
2414 5599 2565 5669 periit
2586 5616 2772 5669 corpus
2795 5602 3249 5671 ejuanSIissime
3270 5615 3387 5674 post
3417 5603 3547 5660 illud
3579 5617 3788 5676 tempus

2205 5697 2476 5746 tantorum
2501 5695 2772 5750 scelerum
2806 5694 3152 5766 Leovigildus
3181 5712 3369 5767 pinnas
3389 5697 3507 5764 luit,
3538 5705 3589 5754 et
3622 5715 3788 5770 regno

2215 5788 2455 5858 privatus
2476 5799 2529 5846 ct
2552 5792 2683 5858 vita,
2712 5791 2928 5863 intujus
2951 5793 3095 5865 regis
3120 5804 3293 5852 morte
3309 5793 3479 5850 bestia
3500 5792 3786 5852 interiecta
