4052 6452
721 280 1099 345 ΑΡΡΕΝΒῙΧ.
1140 280 1210 345 IN
1247 282 1691 347 PROI’liE'lHH
1730 286 2050 349 DAMELIS
2092 288 2180 348 DE
2221 286 2553 363 QUATL’OR
2595 290 3041 352 ANIMALIBUS.

3426 296 3533 358 590

228 409 338 473 est,
357 414 620 473 supremo
644 400 698 461 id
712 401 906 462 iudice
935 404 1372 473 decernente,et
1393 404 1508 477 ejus
1532 406 1694 462 simul
1709 421 1831 464 cor-
1858 410 1903 470 Α
1936 407 2122 465 itidem
2151 409 2289 480 apud
2321 409 2616 480 scriptores
2647 410 2763 482 ejus
2796 411 3056 483 lmttporis
3106 412 3389 468 universos
3434 429 3527 471 re-

230 508 335 568 pus
345 495 539 568 periit;
562 511 669 553 non
688 495 835 555 enim
850 498 967 568 ipse
986 497 1159 564 solus,
1179 497 1274 554 sed
1291 508 1400 554 tota
1414 497 1533 569 ejus
1550 509 1695 555 secta
1710 502 1827 571 gla-

228 586 324 645 dio
336 588 489 646 verbi
509 588 605 645 Dei
628 589 880 646 cottlussa
900 589 1171 660 disperiit,
1193 602 1245 648 et
1261 592 1522 661 concidit,
1552 602 1611 649 et
1628 607 1829 664 corpus

226 680 379 739 illius
407 681 600 740 bestia:
622 682 873 739 traditam
894 692 972 740 est
995 685 1064 739 ad
1090 685 1495 741 cotnbttrendum
1518 685 1647 758 igni.
1668 687 1827 754 Quod

224 776 393 834 etiam
412 776 482 835 ad
498 776 736 836 litteram
752 777 1032 849 impletum
1045 788 1155 848 est,
1168 780 1387 851 quando
1401 778 1708 837 Recaredus
1727 780 1830 837 Ca-

224 869 462 929 tholicus
484 887 605 943 rex,
631 879 788 945 patre
806 871 875 929 de
896 871 1079 930 medio
1093 872 1334 939 sublato,
1358 873 1644 929 universos
1666 877 1829 945 pern-

222 961 331 1022 die
371 964 593 1023 Arianae
637 964 811 1022 libros
840 967 932 1036 qui
970 981 1119 1022 Vires
1150 966 1468 1039 prmbebant
1497 966 1722 1035 bestiae,
1773 968 1828 1025 in

224 1056 438 1115 toribus
460 1057 745 1117 Toletanis
777 1059 995 1130 publice
1021 1061 1349 1117 combussit.
1380 1060 1450 1116 Et
1477 1060 1569 1133 qui
1594 1060 1733 1117 vidit
1755 1060 1825 1117 Il.

224 1149 518 1223 Ilaximns,
548 1154 923 1211 testiinonium
965 1154 1246 1227 perhibuit
1275 1154 1329 1212 in
1376 1155 1583 1211 Chron.
1632 1154 1700 1210 ad
1730 1170 1830 1210 an-

222 1262 358 1306 num
398 1249 615 1309 Domini
642 1249 749 1308 589
789 1250 881 1309 ubi
911 1250 982 1308 de
1017 1249 1191 1307 initiis
1227 1250 1493 1309 Recaredi
1528 1266 1695 1324 agens
1749 1251 1832 1308 in-

220 1344 375 1415 quit:
403 1341 548 1401 Libri
574 1344 812 1417 perﬁdia
837 1346 1050 1403 Ariona
1074 1345 1129 1401 in
1155 1345 1356 1418 [oribus
1386 1344 1653 1403 Toletanis
1689 1362 1833 1402 cont-

223 1433 508 1493 bstrsnttstr.
1455 1491 1461 1496 .

297 1527 443 1587 Tunc
466 1531 641 1587 throni
668 1532 823 1604 positi
850 1542 993 1604 sunt,
1019 1542 1077 1592 et
1106 1531 1346 1605 Antiqua
1388 1533 1604 1591 dierum
1641 1532 1715 1588 ita
1757 1530 1830 1589 de

223 1626 384 1685 talis
408 1625 478 1684 ad
509 1625 752 1684 favorem
784 1638 834 1684 et
861 1628 1129 1701 justitiam
1157 1627 1370 1684 Excelsi
1403 1629 1501 1685 ﬁlii
1526 1628 1830 1699 judicante,

216 1717 487 1791 judicium
526 1734 747 1792 quoque
775 1721 829 1776 in
859 1722 1025 1778 terris
1065 1720 1471 1779 solemnissimc
1497 1722 1830 1779 celebratum

1931 502 2111 571 perire
2139 502 2305 569 licet;
2352 502 2403 558 id
2463 514 2579 571 est,
2632 505 2773 575 apud
2821 503 3108 571 lsidorum,
3157 505 3514 574 lldcl‘onsum,

1930 593 1999 650 Μ.
2036 594 2350 665 Maximum,
2379 605 2723 653 etcacteros:
2757 615 2859 670 qua
2898 598 2965 654 de
3001 615 3060 654 re
3102 599 3322 654 uberius
3355 614 3520 670 agen—

1930 685 2056 743 dum
2084 689 2241 745 nobis
2269 698 2355 747 est
2407 691 2462 746 in
2505 692 2917 747 commentariis
2958 691 3024 747 ad
3058 692 3310 747 eumdem
3354 693 3525 748 Maxi-

1930 796 2100 853 mum,
2130 798 2258 839 ann.
2288 784 2501 840 Domini
2535 785 2661 851 590,
2696 786 2786 841 ubi
2829 785 2997 842 etiam
3046 788 3399 843 ostendemus
3426 802 3526 842 an-

1932 876 2236 947 tiquitatem
2274 878 2415 934 tituli
2464 880 2606 950 rcgis
2661 878 2941 944 Catholici,
2993 880 3082 950 qui
3137 880 3263 936 inde
3321 882 3527 953 pariter

1933 969 2138 1028 ducens
2164 972 2433 1044 originem
2467 972 2624 1029 titulo
2667 972 2901 1029 Gloriosi
2948 975 3212 1030 successit
3241 993 3253 1028 :
3285 989 3406 1031 cum
3450 986 3530 1031 ta-

1932 1079 2057 1118 men
2080 1075 2311 1137 uterque
2343 1064 2581 1121 maxime
2613 1063 2776 1122 faciat
2816 1066 2883 1121 ad
2914 1080 3027 1121 rem
3082 1067 3151 1122 de
3195 1082 3302 1137 qua
3352 1068 3530 1138 loqui-

1932 1171 2074 1225 mur,
2107 1154 2159 1212 id
2205 1166 2311 1222 est,
2351 1157 2418 1213 ad
2451 1158 2708 1229 pepulum
2750 1170 3062 1215 sanctorum
3103 1159 3395 1226 Altissimi,
3428 1177 3528 1216 cn-

1927 1247 2017 1319 jus
2045 1263 2205 1320 rcges
2235 1248 2469 1305 Gloriosi
2506 1259 2556 1307 et
2615 1249 2875 1306 Catholici
2921 1266 3117 1322 magno
3166 1251 3259 1308 Dei
3302 1254 3533 1310 consilio

1932 1346 2230 1415 nuncupati
2278 1352 2427 1411 sunt,
2477 1352 2538 1401 ut
2589 1344 2680 1402 vel
2736 1361 2804 1403 ex
2857 1346 2976 1418 ipso
2998 1357 3362 1417 cognomento
3394 1359 3533 1403 tam-

1933 1450 2093 1506 quam
2125 1452 2191 1492 ex
2219 1436 2375 1508 signo
2404 1436 2682 1495 deducere
2702 1454 3032 1509 possemus,
3083 1441 3333 1510 quisnam
3376 1452 3530 1499 esset

1935 1530 2169 1599 populus
2209 1530 2303 1587 ille
2330 1544 2461 1587 vero
2506 1531 2807 1589 catholicus
2852 1542 2909 1589 et
2952 1533 3243 1605 gloriosus,
3300 1534 3370 1591 de
3412 1550 3523 1607 quo

1934 1621 2127 1680 Daniel
2158 1634 2264 1679 tam
2293 1626 2462 1682 multa
2501 1626 2659 1683 dixit.

2005 1716 2162 1787 Quod
2189 1734 2318 1776 vero
2346 1720 2414 1775 ad
2461 1719 2580 1792 ejus
2628 1721 2779 1794 regni
2827 1724 3243 1794 perpetuitatem
3290 1734 3523 1797 spectat,

220 1824 307 1870 est
324 1811 527 1882 Tolcti,
555 1813 649 1870 ubi
674 1814 744 1869 72
770 1816 1045 1886 episcOpis
1073 1815 1238 1871 totius
1263 1816 1533 1885 llispanire
1559 1824 1615 1871 et
1634 1814 1823 1870 Gallia:
1854 1810 1905 1873 B
1929 1809 2000 1867 ab
2053 1811 2244 1868 eodem
2285 1813 2552 1884 propheta
2598 1815 2934 1885 praedictam,
2970 1817 3173 1886 liquido
3222 1832 3442 1877 constat
3494 1837 3526 1877 a

219 1903 471 1963 Gothica:
521 1902 965 1973 considentibus,
1013 1907 1127 1962 Arii
1175 1904 1403 1977 perﬁdia
1466 1904 1828 1962 condemnata

220 2007 329 2056 est.
378 1996 479 2055 Cui
509 1996 697 2055 itidem
722 2009 1042 2055 sanctorum
1079 2000 1369 2056 eonventui
1400 1998 1832 2056 innumerabiles

221 2100 371 2149 recta
424 2090 743 2163 inspirando
788 2090 1106 2164 angelorum
1155 2093 1432 2149 exercitus
1480 2091 1824 2157 interfuisse.

231 2198 343 2242 non
373 2185 549 2242 solum
588 2200 676 2242 res
723 2186 865 2257 ipsa,
911 2193 1118 2241 tantam
1152 2185 1245 2241 Dei
1284 2184 1510 2257 gloriam
1556 2182 1828 2256 paritura,

221 2280 532 2341 convincit:
566 2279 663 2337 sed
691 2279 808 2337 dies
838 2278 1226 2336 celebrationis
1251 2278 1470 2334 concilii
1495 2288 1625 2351 qua-
1665 2276 1766 2333 l'uit
1795 2276 1830 2333 8

223 2371 369 2440 Maii,
398 2389 505 2445 qua
532 2372 727 2429 festum
747 2374 807 2430 S.
838 2370 1117 2429 Michaelis
1140 2382 1193 2427 et
1220 2372 1539 2443 angelorum
1566 2372 1616 2426 in
1644 2370 1829 2426 Eccle-

223 2466 304 2521 sia
333 2464 647 2523 celebratur
675 2482 692 2521 :
736 2474 793 2520 ut
821 2478 892 2521 ex
920 2465 1056 2520 actis
1082 2463 1329 2535 ejusdem
1359 2462 1554 2535 synodi
1593 2468 1826 2518 constat.

223 2560 347 2630 Quo
392 2558 611 2617 tandem
641 2557 772 2617 illud
801 2557 1067 2625 Danielis,
1094 2558 1263 2614 millia
1296 2556 1520 2612 millium
1564 2555 1830 2611 ministra.

223 2653 348 2709 bant
388 2653 457 2720 ei,
502 2662 634 2721 etc.,
667 2668 775 2709 non
820 2650 997 2708 solum
1046 2651 1117 2706 de
1160 2649 1365 2705 sanctis
1394 2648 1692 2720 episcopis,
1726 2646 1825 2703 sed

226 2747 397 2805 etiam
430 2746 498 2810 de
543 2745 752 2819 angelis
798 2745 931 2816 ipsis
972 2742 1042 2801 ad
1089 2741 1330 2801 litteram
1375 2742 1599 2813 intelligi
1645 2752 1829 2813 queat.

229 2841 378 2900 Tum:
405 2842 526 2899 libri
549 2842 718 2916 operti
755 2850 920 2908 sunt;
946 2838 1077 2897 dum
1107 2839 1327 2907 scriptis
1359 2852 1679 2910 magnorum
1723 2835 1833 2892 Pa-

228 2946 399 3003 trum,
429 2936 652 2993 illorum
685 2933 991 3006 prazscrtim
1017 2933 1109 3006 qui
1139 2931 1413 2987 Nicmnam
1441 2930 1716 3003 synodum
1742 2943 1830 2985 ce-

229 3029 547 3096 lebrarunt,
578 3027 848 3094 evolutis;
880 3025 1036 3083 libris
1061 3040 1279 3097 quoque
1303 3023 1400 3082 SS.
1432 3022 1827 3094 Prophetarum

231 3134 293 3182 et
323 3118 757 3195 Evangeliorunf
791 3116 1083 3192 perlectis,
1149 3132 1310 3173 causa
1359 3114 1562 3174 Christi
1617 3114 1831 3171 Domini

1932 1902 2211 1961 lieearedo
2248 1914 2304 1961 et
2350 1904 2610 1977 deinceps
2638 1920 2812 1977 usque
2853 1907 2921 1963 ad
2969 1908 3281 1979 Philippum
3312 1911 3400 1978 iV,
3432 1912 3529 1983 qui

1931 2009 2077 2052 nunc
2107 1994 2340 2053 feliciter
2366 2007 2575 2069 regnat,
2609 2013 2708 2069 per
2757 2006 2903 2056 totos
2954 2001 3096 2057 l030
3142 2017 3315 2058 annos
3370 2020 3531 2061 num-

1931 2106 2092 2166 quam
2123 2091 2177 2148 in
2200 2092 2462 2164 Hispania
2492 2108 2677 2167 regem
2704 2094 3030 2152 catholicum
3062 2095 3341 2167 defuisse;
3372 2115 3529 2156 num-
3645 2136 3653 2144 -

1930 2200 2093 2256 quam
2119 2184 2379 2257 populum
2409 2187 2586 2256 ipsum
2629 2185 2949 2258 Hispanum,
2985 2187 3148 2246 dante
3179 2190 3314 2257 Deo,
3346 2207 3373 2244 a
3421 2192 3531 2249 lide

1930 2275 2198 2333 catholica
2227 2276 2525 2333 descivisse
2556 2294 2573 2346 ;
2600 2294 2724 2334 nam
2754 2281 2966 2335 tametsi
2990 2281 3056 2335 ad
3081 2290 3297 2351 tempus
3328 2300 3522 2356 pecca-

1933 2368 2005 2425 tis
2051 2369 2220 2441 ipsius
2248 2368 2615 2440 erigentibus,
2645 2370 2867 2443 ﬂagello
2897 2372 3255 2432 Sarracenico
3304 2379 3526 2447 punitus

1932 2461 2062 2527 iuit;
2112 2463 2165 2518 in
2209 2461 2482 2519 Montanis
2529 2461 2888 2520 nihilominus
2950 2467 3309 2537 principatum
3365 2484 3531 2539 super

1932 2570 2055 2613 eum
2085 2554 2323 2611 obtinuit
2348 2555 2633 2611 Gloriosus
2659 2565 2715 2612 et
2741 2556 3055 2614 Catltolictts
3085 2574 3183 2614 rex
3220 2558 3470 2633 Pelagius
3503 2576 3535 2630 :p

1934 2648 2244 2721 quinimmo
2270 2648 2325 2704 in
2372 2648 2642 2704 universis
2691 2649 2965 2719 lliSpanire
3026 2650 3252 2706 urbibus
3309 2653 3527 2724 publica

1933 2742 2136 2814 templa
2160 2740 2447 2800 catholicis
2467 2742 2721 2815 Hispanis
2749 2759 2780 2798 a
2806 2743 3127 2802 Sarracenis
3152 2748 3254 2802 sub
3286 2748 3525 2818 ingentis

1933 2834 2190 2907 stipendii
2222 2850 2391 2892 onere
2415 2850 2678 2893 concessa
2702 2846 2868 2905 sunt;
2895 2838 2947 2893 in
2976 2839 3171 2908 quibus
3198 2839 3320 2910 ipsi,
3351 2857 3527 2912 quan-

1937 2940 2284 3001 tumcumque
2304 2929 2598 2987 durissimo
2618 2930 2750 3003 jugo
2777 2932 2972 2996 attriti,
3007 2931 3167 2989 tidem
3196 2934 3523 2991 catholicam

1934 3024 2151 3097 publice
2177 3038 2398 3095 semper
2415 3024 2656 3095 profiteri
2687 3038 2793 3081 non
2810 3024 3143 3094 dubitarunt,
3162 3042 3268 3097 quo
3284 3037 3528 3098 tempore

1937 3120 2208 3177 innumeri
2227 3119 2441 3175 illorum
2466 3119 2755 3187 Cordubae,
2776 3130 2831 3176 et
2858 3120 2988 3176 alibi
3009 3121 3074 3175 ad
3092 3121 3337 3194 martyrii
3365 3137 3525 3179 coro-

229 3217 557 3286 agitatapro
569 3212 651 3271 eis
675 3210 874 3270 divinis
888 3209 1158 3268 sententia
1181 3209 1287 3265 lata
1309 3216 1413 3276 est,
1435 3218 1493 3264 ut
1511 3207 1578 3264 ad
1595 3220 1825 3278 unguem
1854 3211 1902 3276 Ο
1931 3230 2055 3273 nam
2073 3224 2461 3284 pervenerunt,
2485 3229 2714 3287 quorum
2744 3216 3017 3285 gloriosos
3046 3217 3350 3288 triumphos
3381 3233 3524 3274 unus
3566 3280 3571 3285 _

230 3308 553 3380 impleretur
582 3305 715 3364 illud
744 3323 760 3361 :
787 3304 937 3376 qusi
956 3300 1135 3359 Filius
1170 3302 1397 3359 hominis
1426 3302 1654 3357 veniebat
1678 3309 1727 3355 et
1744 3316 1834 3355 us-

228 3419 331 3477 qtto
348 3402 420 3460 od
448 3402 728 3472 Antiquam
758 3400 962 3457 dierum
984 3398 1236 3472 pervenit,
1261 3408 1310 3451 ct
1332 3396 1386 3451 in
1415 3404 1691 3466 conspectu
1714 3398 1831 3468 ejus

231 3495 524 3554 obtulerunt
556 3493 733 3559 illum,
755 3504 804 3550 et
836 3493 976 3549 dedit
1027 3492 1076 3550 ei
1126 3498 1450 3565 potestatem,
1481 3497 1528 3545 et
1560 3488 1831 3555 honorem,

231 3602 282 3647 et
302 3607 536 3665 regnum,
582 3599 633 3646 et
660 3605 837 3646 omnes
862 3585 1046 3660 populi
1086 3586 1277 3655 tribus,
1306 3585 1562 3659 ctlingute
1606 3583 1830 3639 servient

231 3685 303 3743 ei.
332 3684 511 3757 Super
537 3698 661 3758 qua
686 3682 853 3741 verba
884 3681 1249 3752 Hieronymus
1280 3679 1496 3750 inquit:
1532 3676 1662 3747 ριω
1708 3693 1836 3732 cun-

231 3790 319 3837 clo
357 3779 406 3837 si
430 3778 643 3847 Iliensis
688 3776 1006 3835 Arianorum
1038 3776 1127 3849 pio
1152 3773 1303 3831 uellet
1344 3772 1612 3828 advertere
1651 3786 1830 3841 sensu,

231 3888 560 3947 nequaquam
604 3869 755 3928 Filio
784 3869 883 3929 Dei
911 3868 1227 3925 calumniam
1257 3864 1623 3939 inmortalitatis
1665 3879 1836 3922 move-

230 3978 334 4026 ret.
360 3966 629 4025 Nimirum
670 3963 872 4024 fatetur
916 3962 1020 4021 hac
1052 3962 1327 4022 sententia
1373 3962 1696 4019 Arianorum
1724 3958 1837 4018 lm-

233 4063 404 4122 resim
431 4060 811 4122 condemnari.
1342 4063 1347 4067 ‘

306 4157 403 4217 ilia
434 4155 673 4230 peractis
695 4170 925 4230 regnum
956 4167 1210 4226 magnum
1237 4151 1387 4209 illius
1408 4158 1617 4225 quarta:
1646 4148 1837 4209 bestia:

235 4249 309 4308 ab
334 4264 402 4308 ea
442 4263 542 4323 per
577 4248 912 4309 sententiam
973 4248 1266 4305 rescissum
1316 4254 1423 4313 cst,
1471 4244 1839 4317 traditumque

237 4342 446 4418 popqu
497 4350 821 4401 sanctorum
860 4338 1154 4409 Altissimi,
1201 4336 1418 4411 quando
1466 4336 1722 4394 videlicet
1765 4336 1841 4392 A-

240 4436 504 4496 risnismo
526 4444 645 4493 tota
670 4433 931 4507 Hispania
955 4431 1184 4500 abolito,
1208 4438 1265 4488 et
1286 4429 1590 4497 destructo,
1609 4443 1841 4501 regnum

242 4533 543 4605 Hispanum
595 4529 931 4590 catholicum
976 4526 1236 4586 traditum
1284 4526 1385 4580 l'uit
1416 4525 1529 4596 regi
1575 4539 1707 4581 vere
1749 4537 1843 4579 ca-

1936 3323 1999 3364 ex
2018 3307 2149 3379 ipsis
2176 3308 2760 3381 martyribus,sanctus
2788 3309 2998 3365 scilicet
3026 3308 3304 3380 Eulogius,
3330 3309 3398 3367 ad
3416 3310 3528 3366 Το-

1937 3402 2169 3459 letanam
2200 3403 2491 3475 primatem
2536 3402 2725 3460 sedem
2755 3403 2981 3471 electus,
3036 3404 3179 3474 stylo
3232 3405 3527 3476 purissimo

1937 3506 2256 3567 prosccutus
2307 3506 2412 3554 est.
2467 3497 2738 3553 Cancrum
2794 3499 3092 3555 miserante
3147 3499 3257 3555 Deo
3306 3500 3535 3572 Hispani

1938 3603 2045 3644 non
2071 3589 2245 3645 solum
2278 3588 2768 3661 impiorumjugum
2795 3604 2827 3646 a
2860 3589 2974 3647 suis
3004 3589 3309 3647 cervicibus
3335 3606 3535 3649 excus-

1935 3692 2148 3751 serunt,
2196 3696 2389 3739 verum
2434 3690 2491 3738 et
2539 3680 2915 3738 monarchiam
2958 3681 3282 3739 catholicam
3331 3685 3533 3741 sensim

1937 3776 2168 3834 dilatare
2195 3784 2502 3847 coeperunt,
2554 3775 2738 3833 multis
2786 3774 3106 3847 magnisque
3137 3778 3534 3848 principatibus

1936 3868 1995 3927 in
2027 3869 2266 3941 Europa,
2300 3868 2503 3935 Africa,
2535 3876 2590 3923 et
2637 3867 2764 3923 Asia
2818 3866 3142 3940 subjugatis,
3192 3876 3249 3923 et
3290 3868 3529 3940 adeptis,

1938 3979 2079 4037 quos
2129 3962 2347 4035 longum
2376 3970 2525 4018 esset
2556 3974 2651 4033 per
2677 3959 2922 4033 singulos
2974 3975 3287 4028 recensere,
3334 3961 3536 4032 quibus

1938 4053 2157 4112 tandem
2188 4068 2386 4110 novum
2429 4051 2619 4110 orbem
2670 4060 2871 4123 prmter
2910 4051 3156 4109 omnium
3205 4052 3535 4109 scecnlorum

1938 4148 2401 4222 exspectationem
2430 4161 2461 4201 a
2492 4160 2554 4202 se
2580 4145 2957 4213 adinveutnm,
2991 4152 3049 4203 et
3079 4146 3427 4217 subjugatum
3449 4146 3540 4204 ad-

1935 4242 2260 4314 iunxerunt,
2285 4248 2344 4297 et
2364 4238 2615 4297 iecerunt
2663 4237 3017 4306 catholicum,
3049 4246 3107 4294 et
3148 4250 3357 4310 partem
3389 4241 3544 4310 regni

1942 4345 2279 4405 sanctorum,
2316 4335 2368 4393 in
2422 4347 2655 4406 quorum
2705 4332 2991 4401 societate,
3047 4347 3209 4404 quam
3262 4334 3369 4389 late
3426 4342 3540 4391 toto

1943 4430 2077 4488 orbe
2105 4436 2251 4499 patet
2300 4425 2577 4501 (mirabile
2624 4423 3030 4495 dictuinullus
3082 4440 3193 4480 non
3238 4426 3539 4483 catholicus

1944 4523 2195 4580 habitare
2224 4518 2575 4590 permittitur,
2601 4532 2715 4590 quo
2750 4515 2934 4573 verius
2972 4517 3205 4588 papulas
3241 4527 3537 4573 sanctorum

243 4627 450 4686 tholicn
479 4624 788 4694 Rccaredo,
820 4625 874 4681 in
914 4637 1024 4696 quo
1052 4619 1374 4678 monarchia
1418 4617 1690 4676 catholica
1722 4616 1843 4672 fun-
1868 4625 1923 4689 ι)
1948 4616 2134 4673 vocari
2164 4622 2349 4685 queat.

244 4723 373 4781 data
399 4729 518 4789 est;
546 4733 670 4777 nam
698 4726 757 4776 et
798 4715 918 4791 ipse
956 4715 1107 4787 leges
1148 4710 1545 4772 saeratissimas
1591 4725 1689 4783 pro
1730 4710 1846 4779 ipsa

246 4813 543 4885 tulit.quz
572 4812 754 4869 adhuc
778 4816 1000 4868 exstant
1024 4806 1082 4865 in
1124 4808 1195 4863 12
1246 4805 1401 4863 libris
1452 4804 1629 4876 legum
1680 4800 1849 4858 Wisi-

246 4907 568 4983 gothorum,
615 4913 674 4963 et
702 4903 963 4962 universo
1002 4902 1342 4962 concedente
1366 4898 1603 4958 concilio
1646 4910 1851 4967 cogno-

249 5012 495 5063 mentum
540 5000 771 5059 Gloriari
830 4998 971 5071 regis
1014 4996 1280 5059 obtinuit,
1336 5009 1446 5068 quo
1501 4990 1850 5065 singulariter

251 5112 352 5172 per
376 5095 551 5155 multa
577 5103 885 5166 temporum
915 5092 1185 5150 curricula
1227 5088 1349 5161 ejus
1392 5099 1737 5145 successores
1762 5083 1847 5140 usi

251 5200 381 5248 sunt
412 5190 467 5246 in
493 5188 747 5245 omnibus
790 5184 1026 5257 publicis
1084 5181 1487 5251 instrumentis,
1549 5190 1611 5236 ut
1663 5177 1851 5236 videre

253 5297 342 5347 est
370 5286 427 5342 in
456 5284 629 5341 titulis
651 5297 716 5341 ac
736 5279 1231 5353 subSeriptionibus
1258 5278 1439 5349 legum
1468 5275 1850 5349 praedictorum

255 5381 631 5448 “librorum,
661 5388 716 5435 et
746 5379 802 5435 in
829 5378 966 5434 actis
992 5374 1242 5433 omnium
1266 5372 1633 5443 lliSpanorum
1663 5369 1853 5426 conci-

257 5476 457 5534 liorem
486 5476 540 5531 in
570 5473 766 5545 quibus
796 5486 955 5542 reges
999 5468 1280 5541 Hispania:
1310 5475 1570 5537 perpetuo
1600 5462 1852 5531 Gloriosi,

258 5570 510 5646 plerique
538 5568 706 5625 etiam
735 5563 1113 5622 Gloriosissimi
1146 5562 1493 5617 intitulantur
1523 5575 1552 5615 a
1581 5557 1856 5623 Patribus;

2018 4708 2154 4779 Quae
2189 4722 2313 4766 cum
2362 4706 2436 4762 ita
2488 4702 2621 4774 sint,
2655 4702 2797 4760 haud
2844 4702 2984 4759 futili
3033 4703 3147 4761 nixi
3195 4703 3549 4762 fundamento

1947 4802 2244 4867 credimus,
2277 4798 2545 4871 ejusmodi
2575 4796 2907 4853 catholicam
2931 4796 3303 4853 monarchiam
3332 4796 3545 4854 Danieli

1950 4894 2230 4971 prophetae
2254 4909 2378 4964 etp.
2408 4892 2507 4949 illo
2531 4892 2563 4946 'l
2605 4888 2776 4947 fuisse
2811 4902 3279 4962 prtemonstratam
3301 4931 3318 4957 ,
3355 4901 3543 4963 utpote

1952 5004 2114 5063 quam
2166 4987 2460 5042 bestiarum
2535 4992 2767 5055 quatuor
2836 4982 3136 5040 barbaricae
3205 4984 3545 5055 direptiones

1954 5088 2371 5155 prmcesseruut,
2401 5087 2456 5133 et
2498 5076 2554 5132 iu
2586 5076 2862 5132 occisione
2922 5078 3139 5133 Arianrc
3186 5077 3453 5148 perﬁdiae,
3484 5093 3550 5135 ac

1958 5176 2057 5231 lilii
2086 5174 2183 5230 Dei
2213 5170 2610 5244 gloriﬁcatione
2644 5168 2881 5240 sumpsit
2909 5169 3219 5234 exordium,
3248 5179 3307 5226 et
3349 5172 3400 5224 in
3443 5185 3549 5241 qua

1956 5281 2317 5341 quascumque
2345 5281 2373 5318 a
2400 5262 2623 5319 Daniele
2651 5271 2934 5328 notantur,
2960 5263 3125 5318 etiam
3159 5262 3549 5333 minutissima,

1962 5360 2031 5416 ad
2061 5373 2317 5430 unguem.
2351 5364 2411 5411 ut
2436 5354 2695 5422 Vidimus,
2741 5354 3127 5420 verilicantur;
3160 5370 3557 5427 sperautttSqtte
3618 5408 3623 5415 ,

1963 5467 2192 5513 caeteras
2213 5466 2429 5525 quoque
2457 5450 2701 5522 ejusdem
2734 5451 3067 5521 prophetica:
3091 5451 3463 5521 ιπεῐιᾱίειίυιιῐε
3490 5455 3559 5508 de

1970 5548 2163 5619 majori
2191 5546 2368 5603 adhuc
2398 5541 2791 5617 propagatione
2837 5552 2891 5597 et
2946 5544 3306 5612 perpetuitate
3359 5545 3561 5613 populo

260 5634 359 5737 qui
386 5634 608 5736 quando
633 5658 702 5715 ad
733 5660 880 5731 ipsos
921 5655 1307 5727 loquebantur,
1342 5668 1442 5725 pro
1467 5667 1536 5709 eo
1572 5666 1679 5725 quo
1718 5664 1863 5707 nunc
1971 5650 2286 5701 sanctorum
2318 5654 2348 5695 a
2381 5639 2493 5695 Deo
2521 5635 2688 5737 iactas
2720 5634 3114 5737 promissioues
3136 5636 3278 5737 ea
3309 5636 3563 5737 similiter

265 5756 583 5830 Ilsjeatatis,
619 5753 957 5820 Altitudinis,
997 5760 1092 5807 aut
1135 5748 1458 5808 Sereuitatis
1496 5746 1719 5803 nomine
1748 5744 1859 5801 uti-

1974 5734 2375 5808 adimplendas,
2404 5732 2548 5803 quod
2580 5732 2789 5785 utinam
2823 5731 2966 5785 Deus
2994 5732 3121 5803 Opt.
3151 5729 3291 5787 Max.
3342 5730 3412 5785 ad
3462 5742 3568 5786 tua-

269 5824 416 5921 mur,
462 5846 569 5923 ipsi
593 5845 793 5907 Gloria:
821 5844 1228 5907 nomenclatura
1260 5841 1586 5919 utebantur;
1631 5840 1684 5898 id
1726 5837 1869 5912 quod
1976 5833 2151 5908 iorem
2179 5830 2405 5904 gloriam
2431 5825 2695 5903 perﬁcere
2722 5824 2996 5892 dignetur.
