4052 6434
523 268 624 327 591

1423 267 1724 326 Ῑ-ἸΛῗιιὶὀ
1766 264 2016 326 LUCIUS
2056 265 2335 324 DEXTER
2374 265 2902 327 CIIRONOLOGL'S.

3718 270 3830 328 593

591 384 737 440 Pcne
779 381 890 453 jam
944 397 1081 453 opus
1132 381 1276 438 istud
1323 383 1425 437 sub
1470 383 1638 454 prmlo
1683 381 1939 449 sudabat,
1997 395 2118 437 cum
2147 394 2197 452 Α
2224 382 2357 435 iram
2389 383 2582 453 furoris
2609 384 2732 451 mei,
2762 386 2887 438 (ficit
2934 383 3189 440 Dominus
3221 400 3239 440 :
3270 386 3544 442 etmittmn
3589 396 3707 459 post
3734 403 3825 442 eos

519 475 574 531 in
596 475 831 531 similem
863 475 1038 530 dicam
1075 491 1144 530 an
1174 474 1461 532 eamdem?
1494 474 1868 546 prnphcticam
1916 472 2117 544 pracdi-

517 570 758 625 ctionem
794 569 981 631 incidi,
1012 584 1137 638 qua:
1173 585 1204 624 ει
1243 568 1480 625 Jcreutia
1514 568 1730 639 quidem
1760 568 1987 638 scripta,
2018 564 2114 621 sed

517 675 549 715 u
605 662 905 717 venerabili
946 660 1232 717 luaehiuio
1282 663 1479 717 abbate
1531 661 1777 731 euposita
1828 660 2004 716 fuerat
2058 661 2111 713 in

525 754 934 810 commentariis
964 769 1128 825 super
1155 770 1275 827 cap.
1306 770 1431 808 ηυξ
1459 752 1730 809 ιρι-οηιίω.
1758 750 2113 821 lbisiquidem

516 847 783 919 propheta
815 849 1081 905 adversus
1107 847 1283 903 rElam
1316 846 1701 914 comminatur,
1726 860 1960 918 quatuor
1982 860 2113 901 vcn-

515 946 601 995 tos
626 939 1062 996 cteliatotidem
1092 940 1245 995 orbis
1286 939 1458 1011 plagis
1509 939 1844 995 inducendos
1893 953 1922 993 a
1974 936 2111 1002 Deo,

518 1042 577 1088 ut
601 1032 826 1088 ventilet
873 1031 1056 1089 Aitam
1101 1034 1153 1087 in
1182 1048 1375 1088 omnes
1407 1042 1617 1096 ventos,
1641 1040 1697 1088 et
1734 1031 2009 1101 dispergat
2059 1030 2111 1085 in

509 1138 727 1180 omnem
753 1125 939 1179 mundi
968 1126 1213 1197 plagam;
1246 1124 1362 1180 lure
1382 1136 1560 1180 tamen
1591 1125 1947 1180 nihilominus
1970 1134 2115 1179 tem-

513 1233 614 1287 pus
646 1217 911 1288 praedicit,
942 1233 1053 1287 quo
1084 1228 1249 1287 ponat
1280 1218 1421 1273 Deus
1452 1220 1651 1274 solium
1698 1234 1857 1275 suum
1907 1218 1962 1274 in
2014 1216 2114 1273 ΛΕ-

506 1307 720 1377 lam,ct
751 1319 1035 1381 praeponat
1070 1326 1189 1364 eam
1242 1312 1511 1366 universa:
1567 1320 1748 1368 terrae.
1810 1312 1894 1368 lin
1945 1312 2111 1369 verba

521 1402 804 1471 propheta:
830 1420 843 1455 :
880 1403 1036 1471 Quod
1059 1405 1253 1475 factum
1284 1406 1592 1461 est.uerl:um
1614 1404 1829 1461 Domini
1863 1408 1934 1461 ad
1965 1404 2114 1463 lere-

522 1496 682 1551 mium
712 1497 1015 1570 prophetam
1066 1500 1310 1554 adversm
1351 1499 1534 1554 .Iflant
1577 1501 1773 1556 dicens.
1836 1498 1963 1555 Haec
1988 1499 2111 1554 dicit

504 1591 764 1646 Dominus
816 1593 1138 1647 exercituum
1166 1609 1184 1646 :
1235 1590 1371 1648 Ecce
1410 1610 1503 1666 ego
1552 1590 1880 1666 confringam
1929 1594 2113 1649 arcum

508 1680 714 1748 .«Elam,
746 1692 796 1736 et
826 1699 1079 1738 summam
1132 1684 1487 1755 fortitmlinem
1525 1702 1739 1752 eorum;
1781 1696 1828 1740 et
1872 1686 2111 1741 inducam

2216 475 2471 544 gladium,
2527 476 2692 529 donec
2735 492 3035 532 consumam
3091 493 3222 532 cos:
3272 488 3321 533 et
3370 494 3560 547 ponam
3620 477 3819 533 solium

2218 585 2383 623 meum
2429 570 2482 621 in
2513 566 2718 635 illam,
2741 579 2789 624 et
2812 570 3025 640 perdant
3067 571 3189 625 inde
3241 586 3383 642 reges
3431 580 3484 627 ct
3538 572 3820 640 principes,

2214 664 2288 718 ait
2316 661 2595 717 Dominus.
2646 660 2714 717 In
2742 664 3033 719 novissimis
3076 672 3250 718 autem
3293 664 3478 719 diebus
3514 665 3701 720 reverti
3739 668 3823 733 fac

2216 758 2348 811 ciant
2367 756 2595 825 captiuos
2616 754 2827 822 Elam,
2873 758 3001 813 dicit
3034 755 3313 811 Dominus.
3346 756 3472 814 Haec
3502 756 3769 828 propheta
3802 774 3817 812 :

2214 866 2336 921 qua:
2395 860 2575 905 tamen
2605 850 2675 907 de
2719 849 2974 921 Hispanis
3002 850 3356 922 intelligenda
3385 850 3665 906 contendit
3691 849 3823 907 Jou-

2213 941 2448 1007 ehituus,
2473 943 2557 997 vir
2585 954 2717 997 sane
2740 957 2949 1013 magna:
2980 941 3035 996 in
3066 940 3369 997 enodandis
3411 942 3693 1012 prophetis
3716 957 3820 997 au-

2214 1036 2515 1103 ctoritatis;
2542 1034 2620 1091 ait
2657 1048 2829 1090 vero:
2862 1033 2946 1089 Ad
2988 1032 3194 1098 Hilam,
3223 1045 3331 1092 etc.
3368 1033 3520 1103 Quod
3553 1033 3819 1105 Hispanos

2214 1139 2262 1182 et
2290 1127 2653 1183 Occidentales
2707 1127 2969 1194 nationes,
3028 1143 3158 1195 quas
3197 1127 3577 1198 persecutionis
3604 1128 3819 1199 gladius

2212 1220 2412 1274 attriuit
2433 1229 2631 1291 quanto
2658 1228 2771 1287 post
2806 1220 2944 1273 inter
2976 1218 3335 1284 risitatioueut,
3375 1235 3555 1275 eorum
3581 1229 3817 1290 posteros

2212 1316 2285 1369 ad
2311 1314 2467 1385 [idem
2494 1313 2765 1369 catholica:
2791 1312 3149 1385 inspirationis
3189 1311 3442 1383 impellet.
3493 1313 3650 1382 Quod
3692 1313 3818 1383 qui-

2212 1407 2339 1464 dem
2365 1407 2468 1463 sub
2485 1406 2767 1464 Recaredo
2786 1422 2916 1479 rege
2932 1404 3203 1461 catholico
3217 1404 3418 1462 factum
3443 1405 3811 1462 ostendimus.

2213 1502 2434 1567 COuI'er,
2482 1515 2689 1574 qumso,
2737 1500 2931 1571 lector,
2981 1501 3328 1570 prophetiam
3382 1498 3635 1556 Jercmise
3686 1512 3813 1555 cum

2215 1596 2502 1668 prophetia
2552 1593 2823 1661 Danielis;
2876 1601 2935 1651 et
2978 1608 3102 1650 cum
3149 1592 3283 1648 nihil
3330 1591 3563 1648 interse
3590 1591 3815 1649 «ἥσει-το

2211 1688 2571 1759 compereris,
2620 1685 2874 1745 abbatem
2917 1684 3268 1743 Joacbimum
3315 1699 3416 1758 pro
3465 1684 3622 1741 nobis
3664 1693 3815 1741 state

505 1791 664 1847 super
693 1774 765 1828 ιΕ
770 1776 873 1830 lam
894 1789 1120 1847 quatuor
1155 1768 1350 1845 rentoi,
1376 1796 1409 1831 (ι
1437 1788 1664 1849 quatuor
1684 1780 1853 1851 plagis
1892 1779 2027 1847 cali,
2058 1788 2109 1837 et
2138 1780 2187 1843 B
2212 1794 2533 1853 cognosces.

501 1869 755 1923 ventilolto
795 1885 882 1923 eos
933 1872 987 1923 in
1018 1886 1192 1926 omnes
1236 1883 1414 1926 oculos
1442 1872 1601 1935 istos,
1642 1884 1690 1927 ct
1714 1889 1819 1926 tton
1853 1874 1951 1927 erit
1981 1889 2105 1945 gms

501 1962 572 2015 ad
590 1978 749 2033 quant
776 1978 877 2017 non
907 1967 1211 2035 perueniant
1236 1964 1445 2036 profugi
1478 1964 1686 2019 .L'lam.
1729 1962 1795 2019 Et
1818 1982 2003 2039 pavere
2025 1968 2107 2038 fa-

503 2056 640 2111 ciam
660 2054 845 2111 xElam
869 2073 1044 2113 coram
1076 2059 1298 2113 inimicis
1323 2076 1453 2125 suis,
1489 2069 1538 2113 et
1565 2060 1620 2114 itt
1652 2069 1929 2130 conspectu
1968 2076 2114 2133 qutt-

502 2150 732 2207 rentium
761 2153 989 2207 animam
1011 2169 1211 2221 eorum,
1235 2160 1281 2208 et
1310 2153 1575 2209 adducam
1594 2169 1752 2225 super
1769 2169 1858 2210 eos
1882 2155 2103 2225 malum,

2279 1873 2347 1931 Et
2371 1872 2487 1929 ha'c
2510 1871 2732 1945 quidem
2780 1871 2885 1929 sub
2908 1871 3255 1928 correctione
3281 1869 3343 1926 S.
3385 1869 3575 1926 Matris
3619 1869 3814 1927 Eccle-

2207 1967 2324 2034 sire,
2377 1974 2434 2021 et
2483 1963 2725 2036 cujusvis
2777 1964 2974 2022 melius
3034 1963 3321 2021 sentientis
3395 1962 3601 2033 judicio
3665 1964 3812 2019 dicta

2210 2072 2395 2129 sunto,
2424 2063 2511 2116 cui
2552 2060 2719 2116 etiam
2757 2065 2905 2117 totos
2953 2058 3057 2116 hos
3101 2058 3528 2115 commentarios
3564 2056 3811 2114 libentis-

2210 2154 2351 2212 sime
2383 2151 2636 2224 subjicio.

516 2296 3793 2339 Μ

652 2470 2091 2611 APOLOGETICUS
2179 2474 2538 2609 PRO
2638 2477 2790 2608 L.
2893 2481 3638 2617 DEXTBO

1004 2699 1488 2788 CONTRA
1567 2697 2228 2787 RECENTEM
2301 2699 3322 2789 IMPUGNATOREM.

1648 3002 2040 3069 EPISTOLA
2086 3002 2663 3070 DEDICATORIA.

498 3128 1132 3202 ReverettdissimoPatri
1162 3147 1223 3186 ac
1248 3125 1472 3187 Domino
1502 3126 1597 3184 Fr.
1641 3127 1918 3202 Vgleriono
1954 3127 2021 3202 de
2048 3125 2277 3202 {Spinosa
2310 3143 2476 3202 sacra:
2507 3126 2807 3202 Theologic
2838 3094 3821 3202 Hagistro,ullegul‘arisAOerrrantite

571 3204 637 3260 S.
661 3203 920 3275 Bernardi
942 3201 1296 3275 Cisterciensis
1323 3202 1522 3275 Ordinis
1545 3217 1636 3273 per
1658 3199 1947 3275 Hispanias
1973 3198 2321 3275 Reformotori
2338 3197 2593 3275 generali
2622 3216 2682 3254 ac
2709 3196 2858 3275 Regii
2886 3196 3102 3256 ctinobii
3123 3199 3186 3255 S.
3214 3196 3403 3255 Maria
3426 3199 3491 3254 de
3510 3196 3820 3255 Palazeelos

572 3274 791 3341 Abbati,
821 3284 928 3331 etc.
960 3274 1185 3330 Domino
1213 3291 1306 3329 suo
1328 3267 1692 3330 colendissimo
1719 3316 1734 3344 ,
1763 3267 1861 3326 Fr.
1894 3267 2216 3325 Fronct'scus
2238 3268 2306 3324 de
2328 3267 2507 3326 Bioar.
2540 3270 2605 3328 S.
2636 3282 2684 3327 et
2715 3267 3053 3344 lt'.'preca.'ur
3075 3283 3348 3328 cateruam.

577 3393 749 3448 Causa
774 3402 951 3447 nostra
974 3392 1165 3466 agitur,
1220 3390 1661 3447 Reverendiesimc
1684 3386 1912 3458 Prcsul,
1940 3405 2060 3444 cum
2074 3387 2429 3444 Cistercieusis
2457 3387 2721 3460 religionis
2740 3384 2947 3454 honori,
2973 3387 3123 3460 cujus
3143 3402 3193 3442 es
3220 3385 3573 3460 Reformotor,
3594 3403 3627 3442 κ
3646 3386 3821 3453 quovis

502 3500 773 3560 utcmque
817 3485 1131 3552 detrahitur,
1184 3496 1274 3540 aut
1320 3503 1439 3539 cum
1461 3486 1649 3555 patria:
1689 3500 1848 3556 gaus
1894 3482 2151 3555 quispiam
2180 3485 2417 3554 auferre,
2448 3498 2538 3537 seu
2572 3480 2899 3551 splendorem
2930 3491 3164 3537 nostrum
3192 3477 3498 3535 obnubilare
3524 3479 3820 3547 praetendit.

505 3580 709 3640 Eadem
733 3593 868 3639 certe
890 3582 1036 3637 nobis
1066 3583 1237 3655 patria
1257 3591 1333 3638 est
1359 3594 1407 3636 ct
1435 3580 1617 3653 religio
1648 3596 1667 3636 :
1692 3582 1801 3635 lucc
1822 3580 1986 3635 vitam
2007 3578 2208 3645 tribuit,
2233 3578 2329 3633 illo
2349 3578 2686 3643 cohonestat;
2712 3579 2811 3634 ista
2839 3579 3091 3652 corporis,
3113 3580 3209 3637 illo
3227 3579 3415 3634 anima:
3437 3592 3618 3632 curam
3644 3576 3824 3631 habet:

503 3692 551 3735 ct
582 3683 700 3737 ideo
717 3696 823 3735 una
849 3670 943 3748 pro
971 3689 1193 3750 utraque
1218 3676 1613 3734 decertandum.
1648 3674 1716 3731 Et
1742 3674 1948 3745 quidem
1970 3672 2238 3746 religionis
2272 3673 2586 3745 antiquitas,
2632 3682 2679 3727 et
2721 3684 2862 3727 certa
2887 3690 2919 3727 a
2948 3670 3233 3729 Benedicto
3257 3680 3624 3745 protoporente
3647 3670 3827 3726 suiss-
3930 3659 3935 3663 ’

513 3782 634 3828 cuto
660 3771 937 3845 posteritas
959 3780 1065 3825 tam
1085 3772 1361 3842 manifesta
1388 3768 1532 3839 apud
1559 3785 1733 3823 omnes
1753 3766 1986 3823 homines
2011 3781 2210 3838 semper
2228 3765 2351 3837 fuit,
2379 3774 2436 3819 ut
2459 3767 2647 3819 mirum
2664 3766 2729 3821 sit
2746 3764 2810 3820 ab
2828 3766 3006 3837 aliqua
3025 3766 3358 3837 quantumuis
3376 3763 3826 3839 scrupulosissime

516 3884 574 3942 5n
602 3866 818 3920 dubium
850 3865 1025 3919 vocari
1060 3864 1327 3935 potuisse;
1368 3878 1469 3916 non
1498 3860 1666 3931 defuit
1709 3870 1879 3913 tamen
1914 3857 2004 3929 qui
2032 3857 2091 3911 id
2120 3856 2420 3922 tentovcrit;
2459 3864 2507 3910 et
2544 3853 2739 3911 Dexter
2771 3872 2974 3929 quoque
3012 3872 3164 3911 suum
3212 3857 3405 3913 inuenit
3448 3854 3823 3911 aduersarium.

514 3960 703 4015 Utrum
729 3974 905 4013 eorum
934 3954 1332 4020 intolerabilius,
1372 3952 1515 4008 haud
1542 3949 1695 4024 facile
1714 3950 2081 4025 judicaoerim.
2125 3948 2381 4005 Neutrum
2410 3948 2600 4019 absque
2633 3949 2986 4021 satisfactione
3024 3950 3344 4021 prtetermitti
3386 3949 3555 4021 pofuit
3592 3965 3612 4005 :
3635 3958 3683 4005 et
3704 3946 3828 4003 mihi

511 4054 985 4126 utriusquemunus
1014 4047 1352 4104 incmnlteltat.
1385 4047 1492 4104 Sed
1518 4063 1632 4101 cum
1661 4055 1941 4119 pttronum
1966 4045 2037 4098 ad
2062 4043 2419 4099 sustinendum
2454 4043 2723 4116 singulare
2765 4056 3018 4109 certamen
3066 4046 3325 4103 electurus
3378 4047 3477 4101 sim
3513 4087 3529 4113 ,
3579 4056 3729 4118 teque
3774 4044 3827 4099 iu

515 4156 735 4217 utroque
761 4146 955 4226 pariter
975 4142 1277 4214 agnoverint
1305 4158 1505 4213 semper
1530 4140 1659 4195 mihi
1688 4141 1847 4211 fuisse
1867 4152 2169 4211 patronum,
2200 4140 2289 4211 qui
2316 4139 2568 4195 doctrina:
2591 4156 2733 4211 aque
2768 4156 2830 4195 ac
2876 4141 3079 4197 rirtutis
3109 4141 3475 4212 splendoribus
3518 4142 3789 4197 irradiaris
3811 4178 3828 4202 .

516 4238 725 4295 nullum
751 4240 911 4294 alium
935 4237 1123 4309 eligere
1144 4237 1310 4310 potui,
1341 4252 1431 4290 nec
1453 4233 1622 4291 libuit.
1652 4230 1780 4289 Hac
1802 4234 1962 4307 igitur
1980 4247 2096 4301 qua
2116 4231 2308 4286 nomini
2330 4240 2421 4286 tuo
2449 4247 2714 4296 consecro,
2745 4234 3027 4289 certamina
3053 4250 3252 4289 urceum
3279 4235 3478 4290 sustine
3495 4278 3512 4305 ,
3543 4243 3590 4289 et
3621 4234 3833 4289 uiritim

520 4334 868 4389 decertantem
890 4346 1131 4404 promere
1157 4346 1176 4387 :
1202 4328 1297 4384 tibi
1321 4328 1457 4382 enim
1479 4324 1623 4381 cedet
1655 4324 1890 4388 uictoria,
1914 4332 2031 4396 post
2057 4321 2250 4390 Deum,
2280 4337 2396 4377 cum
2418 4336 2519 4395 quo
2543 4322 2860 4393 perenniter,
2879 4321 3115 4395 conﬁdo,
3160 4326 3416 4396 regnabis.
3466 4322 3596 4379 Vale
3616 4364 3633 4394 ,
3676 4322 3834 4380 liere-

520 4426 828 4485 rendissimc
858 4424 1036 4481 Pater.
1069 4423 1285 4491 Romae,
1319 4420 1387 4478 18
1418 4418 1737 4495 Septembris
1772 4416 1931 4475 162%.

559 4557 3832 4598 Ww—

571 4709 729 4795 AD
783 4694 1308 4793 OBJECTA
1362 4690 1957 4781 PENNOTTI
2010 4687 2502 4774 CONTRA
2553 4688 3023 4775 DEXTRI
3077 4684 3782 4793 CHRONICON

1178 4869 1612 4950 INCIPIT
1683 4862 2461 4941 APOLOGETICA
2534 4861 3184 4941 RESPONSIO.

896 5144 925 5219 ᾗ
956 5143 999 5200 1.
1035 5138 1304 5213 Apologia!
1328 5152 1488 5192 causa
1515 5135 1772 5208 operitur.

615 5245 761 5303 Pene
811 5255 841 5296 a
884 5234 1225 5294 defendendo
1282 5231 1487 5286 Dextro
1514 5244 1735 5286 tuanum
1769 5236 2142 5295 retraxeram,

543 5358 669 5400 cum
701 5341 897 5395 iterum
923 5344 1190 5404 provocor
1218 5325 1283 5381 ad
1310 5324 1555 5395 pra-lium
1579 5365 1595 5389 ,
1626 5333 1681 5377 et
1720 5336 1915 5378 manus
1947 5334 2043 5391 pro
2073 5334 2140 5377 eo

546 5437 789 5490 inserere
839 5440 1026 5493 cogor,
1081 5437 1186 5475 non
1236 5417 1454 5489 quidem
1486 5432 1609 5473 cum
1655 5425 1851 5485 aperto
1889 5413 2138 5480 inimico;

548 5530 653 5582 hoc
679 5522 825 5579 enim
856 5519 1033 5573 minus
1056 5512 1406 5582 injucundum
1434 5509 1593 5576 foret,
1622 5507 1717 5563 sed
1742 5523 1865 5562 eum
1891 5520 1958 5562 eo
1988 5505 2143 5575 cujus

547 5617 842 5675 amicitiam
868 5608 1221 5667 libentissime
1242 5604 1558 5672 amplector.
1577 5602 1690 5671 Ego
1705 5600 1977 5655 nemiuem
2000 5598 2143 5668 lassi,

547 5710 822 5769 neminem
854 5700 1187 5761 circumveui
1214 5713 1228 5753 :
1263 5697 1359 5752 sed
1382 5696 1567 5752 dolore
1593 5694 1777 5751 cordis
1815 5691 2145 5750 intrinsecus

552 5812 729 5862 tactus
758 5838 775 5871 ,
816 5796 955 5856 ultra
996 5799 1170 5852 metas
1206 5788 1393 5850 solitas
1445 5783 1755 5859 pertrahor.
1810 5782 1984 5845 Unum
2005 5793 2084 5843 est
2110 5797 2143 5841 a

2168 5144 2214 5203 (ς
2246 5144 2356 5202 quo
2386 5147 2678 5204 numquam
2713 5132 2785 5204 (si
2826 5133 2967 5191 Deus
2998 5133 3253 5207 dederit)
3282 5135 3591 5205 abstrabar,
3623 5145 3675 5195 et
3707 5137 3843 5194 alte-

2245 5239 2364 5279 rum
2396 5226 2451 5281 in
2478 5226 2623 5296 quod
2655 5226 2877 5286 minime
2907 5228 3013 5283 labi
3041 5228 3289 5301 cupiam;
3319 5245 3383 5286 ea
3404 5239 3533 5287 sunt
3552 5232 3840 5298 modestia,

2244 5327 2300 5373 et
2340 5318 2668 5375 contumelia
2694 5361 2708 5385 ,
2753 5320 2898 5391 quod
2929 5320 3018 5377 illa
3048 5322 3116 5377 ad
3147 5324 3580 5391 persuadendum
3613 5324 3841 5382 multum

2246 5413 2536 5480 conducat,
2567 5412 2688 5469 lucc
2713 5415 3066 5471 vehementer
3094 5429 3305 5485 noceat,
3337 5426 3394 5473 ct
3418 5420 3632 5475 animos
3664 5420 3847 5490 legen-

2251 5508 2383 5561 tium
2415 5504 2683 5573 offendat;
2716 5509 3062 5579 quantumvis
3090 5525 3323 5579 namque
3343 5520 3401 5567 et
3440 5526 3542 5566 nos
3578 5522 3632 5568 ct
3659 5523 3844 5569 nostra

2251 5598 2502 5655 lacessita
2530 5598 2745 5654 videam
2771 5639 2785 5664 ,
2810 5615 3103 5671 numquam
3132 5601 3325 5657 adduci
3357 5614 3577 5672 potero,
3630 5615 3688 5659 ut
3717 5605 3845 5661 red-

2252 5693 2373 5748 dam
2404 5692 2606 5749 malum
2630 5709 2729 5764 pro
2761 5693 2922 5759 malo,
2951 5706 3005 5750 et
3032 5694 3376 5752 maledictum
3404 5711 3504 5768 pro
3530 5696 3844 5765 maledicto,

2251 5794 2435 5859 utpote
2478 5786 2740 5845 humilem
2793 5784 3072 5860 religionis
3118 5797 3317 5847 statum
3370 5787 3686 5861 professus;
3748 5789 3848 5849 scd
