4052 6456
273 253 385 312 595

1352 254 1878 316 APOLOGETICUS
1918 256 2055 315 PRO
2094 256 2156 315 L.
2197 261 2505 322 DEXTRO.

3470 274 3578 334 594

264 371 424 441 juxta
457 370 775 445 Apostolum
806 371 984 445 (Rom.
1008 372 1107 441 xu)
1143 375 1360 431 vincere
1388 374 1442 430 in
1466 374 1610 431 bono
1637 374 1836 430 malum
1856 414 1872 441 ,
1902 378 1953 439 Λ
1980 384 2258 447 totamque
2284 378 2457 450 illam,
2485 393 2541 438 ut
2568 384 2806 456 jacebat,
2836 385 3388 457 lucubratiunculam,
3420 394 3578 462 quasi

270 478 534 536 quantum
566 467 698 522 mihi
728 468 963 539 desuper
986 467 1171 523 datum
1196 469 1379 533 fuerit,
1406 468 1730 537 procumbo.

342 556 567 616 Ineunte
608 560 724 616 fere
780 564 1033 631 pra-senti
1068 579 1213 617 anno
1248 578 1277 617 a
1320 574 1448 618 nato
1479 563 1706 619 Domino
1735 562 1875 619 1625

263 666 330 707 ct
367 653 727 726 typographia
780 655 913 711 llev.
940 657 1185 712 Camerti:
1215 658 1543 728 Apostolica:
1584 658 1784 728 prodiit
1816 659 1870 713 in

266 745 446 801 lucem
472 745 738 803 tieneralis
768 749 927 803 totius
956 749 1092 803 sacri
1132 750 1333 803 ordinis
1375 751 1678 804 clericorum
1716 766 1872 804 cauo-

260 840 498 895 nicorutn
544 841 761 897 historia
806 842 1069 914 tripartite
1095 886 1111 911 ,
1162 853 1386 901 auctore
1416 842 1482 898 Β.
1523 843 1587 899 Ρ.
1617 842 1872 900 Gabriele

265 934 539 992 Peuuotto
568 935 885 992 Nevariensi
915 936 1353 1009 congregationis
1395 918 1724 993 Laterattcn.
1768 952 1855 993 re-

263 1028 439 1097 gulari
470 1027 775 1093 canonico;
806 1044 911 1095 qua
942 1043 1011 1084 ex
1038 1030 1288 1085 instituto
1313 1071 1329 1097 ,
1357 1028 1632 1102 theologia
1661 1030 1868 1101 pariter

258 1136 326 1175 ac
347 1122 657 1189 eloquentia
685 1123 1116 1179 escultissimum
1146 1124 1355 1191 virum,
1402 1125 1542 1195 apud
1574 1123 1867 1182 Salmauti-

260 1230 461 1275 censes
490 1215 828 1287 Vesperaria:
853 1216 1132 1274 cathedra:
1161 1216 1561 1274 moderatorem
1597 1232 1664 1274 ac
1693 1219 1864 1290 magi.

255 1318 437 1383 stt-um
455 1355 472 1379 ,
512 1319 571 1365 et
595 1305 891 1366 Catholica
913 1310 1208 1382 Majestatis
1234 1325 1265 1365 a
1294 1308 1463 1368 sacris
1491 1309 1883 1369 Concionlbus.

259 1401 356 1459 Fr.
388 1402 654 1459 Joannem
708 1403 962 1474 Marquez
991 1403 1268 1460 debellare
1314 1404 1601 1460 contendit
1632 1403 1687 1460 in
1715 1420 1863 1476 quie-

252 1496 436 1551 stione
489 1511 518 1550 a
568 1495 754 1551 multis
795 1496 956 1551 annis
1003 1495 1146 1552 inter
1184 1496 1479 1554 canonicos
1517 1505 1574 1553 et
1600 1496 1861 1554 eremitas

254 1588 517 1659 utrinque
557 1588 758 1645 acriter
804 1590 1001 1660 agitata
1054 1604 1223 1662 super
1257 1591 1385 1661 jure
1428 1590 1757 1649 succedendi
1800 1592 1857 1650 in

255 1682 580 1739 brreditate
600 1684 778 1756 Magni
806 1684 1012 1742 Aurelii
1063 1684 1374 1756 Augustini.
1412 1684 1686 1742 Caeterum
1709 1686 1855 1758 quod

1979 469 2112 523 nihil
2162 472 2231 527 de
2271 488 2335 528 ea
2378 489 2555 531 actum
2589 490 2773 547 esset,
2833 484 3028 539 excudi
3058 486 3267 539 curavit
3294 485 3387 541 lib.
3416 500 3574 541 rsum

1975 557 2282 630 Tripartitae
2302 578 2351 618 c.
2386 563 2457 621 52
2486 577 2543 623 et
2571 569 2660 626 55.
2693 571 2891 630 Grates
2912 575 3119 644 agimus
3145 576 3289 647 quod
3320 577 3451 633 nihil
3479 578 3577 634 ad-

1975 650 2203 718 diderit;
2229 655 2328 720 sic,
2364 673 2472 714 non
2498 660 2639 717 nihil
2669 662 2738 721 de
2768 681 2910 721 novo
2936 668 3329 728 elaborandum
3360 687 3389 725 ει
3413 671 3575 729 nobis

1973 746 2099 813 erit,
2124 760 2180 802 ut
2204 751 2433 820 objectis
2465 754 2723 812 faciamus
2760 762 2911 816 satis.

2043 840 2315 897 (laterum
2348 861 2455 900 non
2483 849 2616 905 satis
2646 850 2909 921 intelligo,
2942 855 3073 925 quid
3107 870 3325 913 causam
3370 860 3438 915 ab
3464 860 3571 918 hoc

1972 932 2089 987 viro
2117 945 2305 991 contra
2340 938 2611 996 Vcnerab.
2642 942 2705 999 Ρ.
2732 944 2872 1017 Mag.
2904 945 2995 1003 Fr.
3023 948 3285 1006 Joannem
3315 951 3569 1023 Marquez

1970 1036 2135 1094 super
2164 1027 2371 1097 origine
2400 1046 2463 1086 ac
2494 1031 2835 1091 institutione
2866 1038 3215 1095 cremimrnm
3244 1042 3297 1096 in
3334 1057 3401 1099 eo
3427 1043 3568 1101 libro

1967 1115 2304 1188 institutam,
2351 1123 2504 1193 origo
2541 1125 2925 1185 Cisterciensis
2965 1132 3207 1200 ordinis,
3256 1150 3353 1191 seu
3383 1151 3568 1194 cauam

1967 1209 2118 1266 illius
2153 1212 2543 1284 institutionis,
2583 1220 2669 1273 vel
2702 1220 2865 1276 etiam
2895 1222 2949 1277 in
2981 1226 3164 1293 specie
3194 1226 3480 1296 adjuverit,
3510 1240 3571 1287 ιιι

1964 1303 2033 1359 ab
2060 1304 2305 1361 instituto
2352 1322 2521 1379 scopo
2557 1310 2874 1380 deflectens,
2905 1314 3298 1376 Cistercicnses
3335 1322 3571 1381 insecta-

1966 1404 2052 1451 tus
2084 1399 2214 1452 totis
2244 1398 2453 1454 viribus
2473 1404 2771 1459 contendat
2792 1420 2980 1462 eorum
3006 1410 3311 1467 institutum
3340 1415 3563 1472 minime

1962 1502 1994 1543 a
2024 1487 2083 1544 8.
2109 1487 2170 1543 Ρ.
2195 1488 2494 1549 Benedicto
2517 1494 2875 1563 descendere,
2912 1500 3104 1558 beatos
3135 1503 3350 1560 illorum
3383 1518 3570 1576 patres

1962 1595 2026 1636 ac
2074 1586 2530 1643 monasteriorum
2578 1589 2929 1661 splendorem
2981 1597 3161 1666 palam
3201 1613 3457 1670 carpere,
3506 1615 3567 1659 et

1962 1688 2368 1747 nonnumquam
2408 1694 2597 1751 parum
2647 1695 2991 1741 reverenter:
3038 1703 3364 1761 quamquam
3424 1694 3561 1748 mihi

253 1776 330 1833 bl.
362 1776 612 1851 Narque:
636 1792 747 1835 non
763 1778 933 1835 semel
963 1781 1288 1837 auctoritate
1317 1779 1381 1835 ι..
1414 1779 1632 1848 Dextri,
1654 1790 1714 1837 et
1738 1780 1857 1852 ejus
1886 1770 1938 1833 Β
1961 1763 2187 1824 dubium
2232 1783 2341 1825 που
2388 1770 2462 1827 δία
2484 1813 2502 1840 ι
2556 1772 2609 1829 id
2661 1776 2885 1832 minimc
2929 1778 3108 1848 ills"!!!
3158 1783 3455 1850 “cultum.
3507 1785 3557 1840 si

251 1872 653 1927 continuatoris
674 1871 746 1927 11.
771 1871 988 1927 Maximi
1010 1871 1081 1928 ad
1104 1886 1201 1928 sua
1226 1872 1631 1942 comprobanda
1659 1872 1857 1942 placita

261 1979 394 2019 usus
431 1962 620 2021 fuisset
656 1981 671 2019 :
706 1964 833 2021 inde
863 1964 1160 2021 l’ennottus
1208 1973 1417 2031 noster,
1443 1966 1734 2023 occasione
1760 1980 1856 2022 ar-

252 2065 434 2127 repta,
456 2056 509 2111 io
535 2056 759 2112 eosdem
784 2057 1140 2129 gravissimos
1158 2057 1302 2112 viros
1328 2056 1589 2112 Dextrum
1615 2065 1674 2111 et
1692 2055 1861 2113 ﬂani-

252 2164 405 2205 nuun
436 2149 681 2205 invectus
711 2159 828 2213 est,
856 2160 1123 2221 quatenus
1148 2149 1397 2216 illorum,
1429 2150 1475 2205 si
1506 2149 1619 2206 ﬁeri
1651 2160 1854 2223 posset,

250 2238 578 2295 auctoritate
614 2237 893 2295 debilitata
917 2281 932 2305 ,
968 2238 1174 2295 nullum
1231 2240 1332 2310 ipsi
1379 2238 1653 2297 facessere
1691 2256 1857 2313 nego-

251 2329 385 2385 tium
413 2330 748 2387 viderentur.
797 2329 999 2387 Nactus
1026 2341 1155 2387 tunc
1189 2332 1369 2388 forsan
1394 2332 1640 2390 codicem
1663 2331 1856 2389 Dextri

254 2425 429 2479 fuerat
459 2424 603 2479 dono
630 2424 693 2479 Ι).
725 2423 953 2481 Joannis
978 2423 1048 2480 de
1082 2424 1387 2481 Salasmalo
1429 2425 1671 2483 doctoris
1699 2425 1854 2484 theo-

248 2515 383 2585 Ιοιεὶ,
414 2530 479 2570 ac
505 2515 874 2571 celeberrima:
896 2524 1012 2570 toto
1034 2516 1168 2573 orbe
1199 2516 1455 2574 Ecclesia:
1484 2516 1545 2574 S.
1576 2517 1756 2573 Mariae
1781 2517 1852 2574 de

252 2607 421 2663 l'ilari
440 2608 582 2680 apud
610 2606 1077 2679 Caesaraugustam
1103 2610 1339 2681 prioris,
1370 2622 1426 2666 et
1475 2611 1651 2668 noctis
1690 2612 1852 2668 unius

248 2699 431 2755 studio
456 2700 770 2757 Chronicon
802 2709 976 2756 totum
1009 2702 1303 2771 percurrit,
1360 2710 1543 2773 partes
1573 2701 1846 2773 partibus,

246 2789 556 2847 sententias
596 2790 882 2847 sententiis
910 2791 1277 2863 conferendo,
1308 2801 1362 2850 et
1389 2792 1608 2849 admoto
1635 2794 1847 2850 calamo

247 2884 419 2937 nndta
448 2881 573 2937 hinc
602 2881 729 2939 inde
756 2881 1014 2954 collegit,
1045 2884 1285 2953 appinxit
1310 2926 1327 2951 ,
1372 2883 1568 2955 quibus
1610 2885 1727 2955 ejus
1750 2901 1845 2941 au-

242 2978 493 3046 ctoritas,
517 2991 625 3032 non
653 2975 870 3047 quidem
898 2986 1090 3034 nutare
1118 2979 1331 3049 (parum
1362 2981 1495 3047 hoc)
1547 2980 1642 3035 sed
1697 2992 1847 3035 com-

246 3068 416 3124 nu-nti
438 3078 531 3122 aut
561 3067 758 3124 fabulae
790 3068 963 3125 notari
989 3069 1088 3125 sibi
1123 3073 1235 3125 visa
1281 3070 1398 3128 luit.
1456 3070 1566 3129 Sed
1592 3087 1716 3128 cum
1746 3086 1844 3127 no-

1936 1860 2309 1917 ‘advcrtenter
2346 1862 2679 1934 loqueretur,
2720 1870 2989 1941 sciretque
3016 1873 3412 1934 Cistercienses
3440 1894 3559 1936 mo-

1957 1950 2168 2008 nacbos
2209 1954 2382 2022 multo
2409 1956 2608 2013 clarius
2638 1958 3018 2021 demonstrare
3053 1980 3216 2037 posse
3253 1969 3562 2029 Benedicti-

1957 2058 2083 2099 nam
2117 2044 2470 2115 filiationcm,
2518 2065 2679 2123 quam
2723 2056 3021 2113 canonicos
3064 2059 3340 2130 regulares
3356 2052 3559 2134 'Augu-

1955 2137 2383 2206 stinianam,aut
2405 2146 2738 2200 monasteria
2751 2145 3218 2220 Cistercicnsinm,
3242 2168 3350 2209 non
3376 2157 3553 2214 solum

1955 2229 2175 2286 aliunde
2197 2232 2546 2301 splendorem
2576 2251 2684 2292 non
2716 2250 3014 2311 mutnasse,
3045 2246 3140 2297 sed
3172 2246 3355 2301 multis
3383 2249 3549 2303 etiam

1954 2322 2076 2378 aliis
2127 2323 2413 2381 ordinibus
2455 2327 2710 2393 dedisse;
2748 2342 2843 2388 aut
2889 2336 3252 2394 venerabilem
3296 2339 3548 2398 abbatem

1953 2415 2272 2474 Florensem
2315 2420 2681 2491 Joat-himnnt,
2728 2426 3008 2483 miraculis
3054 2440 3112 2487 et
3154 2432 3448 2490 virtutibus
3493 2437 3548 2491 in

1951 2512 2061 2567 vita
2088 2522 2146 2569 et
2176 2524 2353 2572 morte
2393 2518 2626 2574 mirifice
2654 2536 2684 2574 a
2716 2519 2830 2577 Deo
2860 2522 3211 2594 illustratum,
3245 2539 3300 2583 et
3329 2529 3383 2584 in
3428 2537 3548 2585 tota

1950 2602 2196 2663 Calabria
2248 2625 2350 2679 pro
2395 2610 2555 2667 brato
2598 2614 2863 2683 habitum,
2898 2618 3179 2690 ipsiusque
3221 2619 3485 2677 honorem
3513 2640 3549 2679 ει

1950 2699 2083 2757 sede
2138 2702 2452 2772 Apostolica
2508 2706 2709 2778 saepius
2765 2710 3083 2777 defensum;
3146 2713 3250 2769 hoc
3302 2714 3450 2771 enim
3496 2716 3548 2773 si

1949 2791 2257 2850 Pennottus
2286 2796 2476 2865 sciret,
2528 2814 2872 2872 nequaquam
2903 2806 2954 2860 ei
3001 2814 3113 2860 tam
3156 2808 3421 2865 acerrime
3449 2808 3547 2866 de-

1949 2888 2213 2959 traheret,
2263 2889 2406 2960 quod
2452 2889 2561 2946 duo
2603 2893 2724 2948 libri
2763 2897 2846 2949 sui
2891 2898 3071 2966 capita
3110 2898 3213 2954 hac
3261 2900 3316 2956 in
3359 2916 3421 2956 re
3446 2916 3544 2957 cx-

1946 2982 2216 3052 penderit,
2245 2982 2499 3037 videlicet
2542 2986 3045 3058 quinquagesimum
3074 2989 3308 3059 primum
3355 2993 3542 3063 primi,

1943 3083 2003 3129 ct
2027 3074 2324 3130 secundum
2357 3075 2581 3132 secundi
2613 3094 2627 3130 :
2671 3088 2728 3133 et
2754 3080 3108 3149 proculdubio
3152 3083 3221 3137 ab
3249 3084 3329 3140 eis
3356 3086 3545 3141 convi-

243 3160 411 3214 vis.et
438 3159 637 3215 habere
667 3160 925 3217 Dextrum
955 3162 1011 3216 iu
1042 3160 1187 3219 Urbe
1217 3175 1670 3235 propugnatorem
1689 3206 1704 3228 .
1732 3181 1843 3220 non
1867 3149 1915 3213 (ἶ
1948 3167 2049 3223 ciis
2076 3167 2395 3231 abstineret,
2424 3184 2543 3239 qua!
2575 3170 2679 3225 nisi
2720 3172 2771 3225 in
2805 3172 3230 3241 perditissimam
3263 3176 3541 3231 hominem

241 3270 273 3309 s
293 3255 414 3309 unel
440 3270 536 3325 pro
565 3270 663 3309 sua
690 3255 1040 3326 benignitate,
1070 3256 1290 3312 domum
1314 3257 1493 3314 solita:
1524 3271 1661 3314 mea:
1688 3258 1843 3315 habi-

244 3347 466 3402 tationis
489 3348 629 3418 apud
649 3347 709 3403 8.
740 3348 974 3403 Mantum
1001 3348 1153 3415 adiit,
1188 3366 1307 3419 qua:
1339 3352 1390 3405 in
1425 3354 1600 3421 ipsum
1637 3352 1842 3410 media-

244 3450 393 3496 tatns
426 3440 621 3509 luerat,
655 3457 865 3498 mecum
896 3445 1413 3499 communicaturus.
1447 3445 1753 3514 lieres-itus,
1786 3456 1845 3502 ut

240 3533 493 3599 decebat,
524 3545 732 3591 tantum
765 3534 937 3591 virum
965 3538 1131 3592 senicl
1164 3548 1221 3593 et
1244 3539 1441 3593 iterum
1475 3540 1689 3596 uotulas
1715 3553 1844 3596 suas

244 3628 424 3682 exolvi
444 3646 460 3694 ;
484 3643 619 3699 quas
644 3629 863 3699 quidem
896 3632 1056 3685 unius
1092 3630 1375 3686 dumtaxat
1402 3633 1578 3687 noctis
1601 3632 1841 3695 studium

243 3736 389 3785 (35MB,
440 3722 755 3793 calamoque
802 3732 1059 3780 currente
1100 3725 1333 3796 scriptas
1382 3726 1615 3796 ingenue
1663 3725 1844 3785 lassus

246 3812 369 3868 fuit.
396 3813 521 3868 Post
546 3812 664 3868 dies
688 3816 895 3886 aliquot
918 3815 1169 3873 familiari
1216 3817 1486 3890 celloquio
1519 3860 1536 3887 ,
1590 3819 1843 3877 omnibus

248 3906 284 3960 il
313 3906 357 3961 is
400 3922 496 3977 per
551 3908 801 3963 ordinem
843 3908 1015 3965 verbo
1046 3919 1202 3967 tenus
1250 3911 1567 3970 satisfacete
1611 3916 1838 3985 curavi;

248 3999 377 4053 il'n.l
409 3997 670 4069 adjicicns
701 4016 817 4069 me,
845 4001 892 4057 si
922 4002 1115 4074 vellet,
1146 4002 1353 4076 scripto
1379 4020 1593 4080 quoque
1621 4007 1690 4065 ad
1716 4023 1843 4065 cas-

246 4093 374 4147 dem
401 4107 812 4165 responsurum.
839 4094 911 4150 De
945 4096 1159 4152 duobus
1191 4095 1373 4155 adhuc
1429 4099 1683 4157 harsitare
1732 4116 1843 4156 non

252 4185 487 4250 destitit,
519 4186 776 4244 nimirum
803 4188 876 4245 de
914 4204 1022 4245 uno
1052 4188 1319 4262 Leporio,
1359 4193 1639 4264 Augustini
1670 4192 1844 4266 magi-

246 4280 350 4335 ιιιτὶ
380 4280 464 4335 sui
494 4294 658 4352 opera
687 4296 719 4335 a
752 4280 1143 4353 Pelagianismo
1188 4283 1258 4341 ad
1309 4286 1631 4344 catholicam
1682 4285 1842 4343 ﬁdem

251 4374 541 4446 perducto,
568 4373 715 4442 quod
748 4378 863 4447 ipse
909 4377 1162 4435 crederet
1186 4377 1323 4435 duos
1355 4378 1603 4437 diversos
1631 4380 1797 4438 luisse
1829 4398 1843 4435 :

249 4480 308 4523 ct
333 4468 401 4524 de
431 4467 713 4525 nonnullis
742 4470 1016 4540 prmelaris
1039 4470 1198 4538 viris,
1240 4486 1378 4541 quos
1413 4486 1479 4528 ex
1502 4471 1693 4528 ordine
1720 4486 1844 4528 ere-

1947 3258 2204 3330 profnndi
2235 3260 2541 3331 nequirent.
2564 3260 2701 3330 Quid
2724 3264 2869 3318 enim
2891 3264 3037 3319 aliud
3064 3276 3173 3333 eu,
3194 3265 3539 3324 Joachimnm

1945 3353 2013 3407 ab
2045 3366 2178 3407 orco
2202 3353 2341 3408 velle
2366 3368 2648 3424 revocare,
2683 3358 2904 3413 nomine
2944 3358 3164 3415 Golith
3210 3362 3263 3415 in
3293 3362 3535 3419 derisum

1942 3444 1994 3500 ei
2028 3446 2303 3515 imposito,
2336 3455 2397 3501 ut
2444 3446 2591 3501 vires
2623 3450 2914 3506 metiretur
2952 3464 3081 3506 suas
3106 3452 3213 3519 (sic
3239 3454 3418 3522 ipsum
3447 3454 3543 3510 ille

1946 3536 2184 3592 honorat
2226 3552 2349 3607 cap.
2403 3538 2501 3593 illo
2548 3538 2666 3610 51),
2696 3541 2799 3595 nisi
2830 3541 3203 3599 beatissimum
3232 3547 3405 3600 virum
3437 3545 3540 3602 lto-

1944 3627 2275 3685 rcntissintte
2334 3629 2388 3684 in
2438 3630 2681 3687 Ecclesia
2738 3635 3174 3705 congregationis
3233 3636 3538 3703 Florensis,

1943 3736 2067 3793 qua:
2094 3721 2475 3779 Cistcrciensis
2509 3724 2569 3781 8.
2604 3724 2868 3782 Bernardi
2899 3743 3082 3785 ramus
3108 3737 3219 3799 est,
3266 3730 3541 3787 instituto-

1947 3830 2061 3873 rem
2084 3815 2140 3872 in
2171 3814 2362 3874 inferis
2391 3817 2662 3887 sepultum
2694 3818 2973 3888 profiteri?

2014 3910 2089 3966 At
2128 3923 2364 3979 quonam
2414 3919 2575 3982 pacto
2622 3910 2676 3966 in
2708 3911 2932 3983 prologo
2963 3911 3086 3968 libri
3116 3913 3257 3985 Mag.
3289 3913 3544 3985 Ilarquc:

1943 4001 2197 4070 miratur,
2228 4002 2374 4073 quod
2400 4002 2469 4060 ab
2510 4005 2918 4076 impnguatione
2946 4006 3013 4062 Β.
3041 4006 3104 4063 Ρ.
3139 4007 3363 4065 Antonii
3396 4010 3541 4066 Daza

1945 4093 2002 4149 in
2032 4095 2335 4165 qumstionc
2364 4095 2433 4151 de
2464 4095 2805 4166 professione
2836 4098 3046 4165 (nescio
3077 4100 3265 4172 quam)
3295 4103 3546 4171 Angusti-

1947 4188 2109 4243 niana
2141 4186 2201 4245 8.
2234 4186 2513 4243 Francisci
2542 4189 2609 4243 ad
2654 4189 2984 4260 carpendam
3016 4190 3131 4247 RR.
3182 4191 3285 4248 PP.
3318 4194 3542 4250 canoni-

1946 4294 2133 4337 corum
2181 4279 2508 4351 regnlarium
2554 4280 2816 4352 originem
2866 4282 3174 4349 deflexerit,
3243 4286 3290 4340 si
3337 4285 3539 4356 ipsein

1947 4373 2143 4430 eodem
2178 4372 2351 4429 haeret
2398 4374 2651 4440 crimine,
2702 4387 2757 4431 et
2787 4391 2816 4428 a
2846 4376 3245 4447 depttgnalione
3289 4381 3545 4435 cremita-

1949 4480 2071 4521 rum
2159 4466 2217 4523 8.
2271 4466 2557 4537 Augustini
2606 4466 2673 4522 ad
2730 4468 3103 4537 provocandos
3151 4468 3546 4528 Cistcrcienses

248 4562 507 4616 nt'tarnm
557 4535 755 4616 sancti-
781 4562 1067 4633 Augustini
1102 4604 1118 4631 ,
1164 4535 1272 4618 seu.
1308 4578 1375 4621 ex
1428 4562 1623 4621 ordine
1668 4564 1841 4620 sancti
1871 4535 1927 4595 Β
1950 4558 2232 4618 deﬂectit?
2269 4535 2402 4615 Nam
2433 4558 2599 4615 verba
2632 4535 2754 4630 ejus
2797 4560 2987 4616 cadent
3033 4561 3147 4618 fere
3176 4573 3302 4618 sunt
3348 4566 3548 4635 quibus

250 4652 530 4708 licucdieti
557 4652 701 4722 apud
729 4651 797 4707 Al.
828 4652 1117 4709 Masinium
1146 4653 1311 4711 fuisse
1340 4654 1570 4727 legimus
1595 4671 1608 4708 :
1632 4653 1847 4710 diccbat

253 4745 521 4815 siquidem
552 4747 808 4801 ercmitas
830 4745 887 4801 8.
915 4746 1219 4816 Augusdni,
1252 4747 1479 4803 minime
1528 4748 1597 4803 ah
1650 4747 1846 4804 eodem

251 4840 478 4897 eductos
512 4856 527 4893 :
557 4840 884 4909 nominaque
918 4839 1005 4894 illa
1035 4856 1100 4894 ex
1132 4839 1324 4895 ordine
1356 4839 1548 4909 hujus,
1580 4838 1667 4897 vel
1701 4840 1847 4895 illius

251 4932 428 4989 sancti
459 4932 631 4986 multo
660 4946 781 4986 esse
836 4931 1140 4987 recentiora
1198 4930 1270 4987 Μ.
1315 4931 1571 4987 Maximo.
1627 4931 1696 4987 Et
1745 4946 1851 5004 ego

250 5040 469 5097 quoque
495 5025 624 5079 mihi
647 5035 927 5096 suspectans
958 5039 1118 5081 voces
1142 5040 1265 5081 esse
1298 5026 1485 5092 intuli,
1541 5026 1751 5081 tametsi
1782 5026 1852 5082 de

254 5119 477 5189 Lepnrii
503 5119 710 5175 unitate
758 5129 855 5175 ant
899 5120 1217 5191 duplicitate
1257 5121 1695 5177 dissentit-emus.
1742 5120 1855 5175 Hoc

253 5232 283 5271 δ
310 5215 362 5267 hi
390 5214 524 5268 satis
551 5229 671 5268 esse
692 5214 759 5269 ad
782 5230 938 5269 suum
962 5215 1262 5269 institutum
1287 5216 1589 5286 professus,
1613 5212 1855 5281 nihilque

257 5306 407 5363 aliud
440 5306 507 5362 de
540 5307 746 5363 Dextro
767 5318 1012 5373 acturus,
1054 5308 1353 5363 imminutis
1399 5322 1621 5377 prorsus
1666 5305 1855 5361 amici-

259 5402 353 5455 tia:
384 5400 588 5456 vitibus
614 5400 892 5470 discessit,
934 5400 1095 5473 idque
1124 5400 1412 5472 aliquoties
1435 5398 1655 5456 Doctori
1705 5399 1856 5454 Sala-

261 5492 441 5546 smalo
483 5493 627 5548 inter
664 5492 965 5549 familiares
1010 5492 1481 5549 confabulationes
1535 5492 1856 5563 propalavit.

260 5584 369 5641 Sxd
400 5585 661 5655 utunquid
692 5584 939 5641 oblivisci
982 5587 1183 5655 poterit
1206 5596 1379 5642 mater
1419 5585 1513 5641 filii
1558 5585 1695 5641 ntcri
1747 5585 1865 5640 sui?

265 5674 437 5733 Filius
464 5691 623 5746 quem
657 5686 817 5731 noete
864 5679 953 5733 illa
999 5688 1329 5749 conceperat
1357 5721 1373 5745 ,
1428 5680 1482 5734 in
1534 5677 1864 5735 oldiviOnem

267 5768 386 5830 dari
414 5770 683 5845 nequitia;
718 5771 889 5827 lucem
920 5772 1146 5847 proinde
1174 5772 1357 5830 videre
1393 5773 1691 5849 permissus
1742 5781 1823 5827 cst
1848 5812 1865 5841 ,

1950 4668 2053 4709 nos
2083 4651 2245 4723 paulo
2283 4661 2410 4707 ante
2452 4652 2533 4707 nsi
2580 4667 2800 4717 sumus;
2842 4653 3095 4708 nimirum
3137 4672 3149 4708 :
3183 4654 3383 4710 I’rrcter
3407 4658 3548 4727 quod

1954 4762 2057 4801 non
2093 4746 2222 4799 satis
2265 4744 2441 4798 adhuc
2481 4745 2743 4814 intelligo,
2794 4745 2918 4816 quid
2956 4762 3165 4800 causam
3204 4747 3267 4799 ab
3305 4748 3404 4801 Itoc
3439 4749 3551 4803 viro

1955 4850 2138 4894 contra
2167 4840 2506 4894 reiterabilcm
2543 4838 2605 4892 Ρ.
2639 4839 2922 4894 Antonium
2947 4839 3144 4894 Dozam
3176 4858 3329 4913 super
3355 4842 3553 4916 origine

1957 4939 2002 4986 et
2030 4930 2356 4987 institutione
2385 4928 2637 4985 Fratrum
2682 4931 2968 4997 Minorttm,
3012 4933 3092 4986 re!
3120 4933 3455 4987 crentitarum
3498 4928 3554 4988 in

1958 5040 2018 5079 eo
2061 5024 2192 5079 libro
2220 5024 2535 5089 institutum,
2567 5024 2711 5094 origo
2756 5025 2993 5079 canonici
3022 5024 3245 5091 ordinis,
3274 5026 3353 5078 vel
3378 5040 3555 5078 causa:

1963 5117 2105 5173 illius
2153 5116 2525 5183 institutionis,
2579 5120 2658 5170 ret
2697 5118 2852 5171 etiam
2894 5118 2945 5171 in
2976 5119 3144 5189 specie
3186 5117 3460 5185 adjacent;
3501 5127 3557 5170 ut

1964 5227 2080 5266 cum
2107 5211 2161 5264 in
2191 5210 2449 5280 principio
2488 5212 2659 5265 statim
2688 5211 2768 5263 sui
2809 5210 2925 5264 libri
2966 5214 3255 5282 scripserit,
3306 5212 3449 5266 illius
3476 5214 3559 5264 in-

1964 5307 2199 5359 stitutum
2228 5304 2281 5357 in
2313 5320 2373 5357 eo
2404 5303 2535 5357 libro
2565 5306 2734 5357 solum
2762 5320 2893 5369 esse,
2924 5320 3070 5358 suum
3116 5306 3345 5358 ordinent
3385 5305 3445 5357 ob
3474 5308 3559 5358 in-

1959 5396 2124 5466 juriis
2168 5395 2337 5450 eidem
2376 5396 2438 5448 nb
2478 5397 2705 5449 Antonio
2754 5394 2901 5449 Daca
2944 5396 3109 5450 illatis
3138 5397 3437 5462 vindicare;
3478 5397 3560 5448 ni—

1968 5489 2248 5542 hilominus
2290 5498 2402 5557 post
2443 5490 2605 5541 aciem
2647 5498 2827 5543 Contra
2854 5488 3002 5543 illum
3029 5500 3397 5552 constructam,
3438 5490 3564 5542 data

1970 5597 2124 5651 aperit
2152 5580 2431 5647 deﬂectens
2470 5589 2633 5632 totum
2663 5581 2867 5651 pondus
2908 5581 3075 5645 praelii
3105 5584 3175 5633 nd
3219 5583 3449 5633 ordinem
3478 5598 3568 5633 cn-

1972 5674 2216 5728 ttonirnm
2258 5673 2600 5726 converterit?
2629 5684 2734 5727 etc.
2765 5674 2927 5727 tiertc
2960 5675 3010 5725 in
3044 5688 3151 5741 quo
3191 5675 3351 5725 alium
3386 5682 3559 5735 notat,

1976 5770 2093 5848 ipse
2137 5766 2639 5843 ςοιιιιιῑυιιυιιιιίιιη’.
2692 5769 3035 5843 Quapropter
3078 5769 3177 5820 hoc
3226 5766 3567 5827 solummodo
