4052 6500
466 267 575 323 595

1370 261 1667 321 FLAVIUS
1705 253 1955 319 LUCIUS
1993 255 2280 315 DEXTER
2314 256 2855 320 CHRONOLOGUS.

3662 261 3772 323 596

471 384 671 440 fecisse
715 382 847 438 mihi
878 389 963 438 sat
993 381 1131 450 erit,
1181 379 1226 435 si
1256 379 1406 451 juxta
1441 378 1817 453 propheticum
1860 373 2142 435 dictnmA
2170 373 2354 433 multis
2399 376 2597 434 abhinc
2653 379 2813 433 annis
2866 377 3147 436 exstitisse
3203 376 3397 437 Dextri
3442 374 3765 437 Chronicon

472 492 710 549 arguens
751 492 876 532 eum
922 486 1159 532 statuam
1205 485 1397 531 contra
1447 474 1640 531 faciem
1690 488 1845 529 suam
1876 472 1893 542 (
1918 471 2067 529 Psat.

473 570 646 640 thx),
696 581 1105 640 monstrumque
1144 570 1195 625 in
1229 570 1294 625 iis
1323 568 1581 624 erunibus
1612 569 1682 624 de
1707 568 1904 640 quibus
1930 564 2072 621 alios

476 673 650 729 notat,
708 664 884 735 ipsum
939 674 1192 733 patenter
1233 663 1585 734 delinquere,
1635 671 1692 718 ut
1737 662 1913 717 discat
1964 674 2070 714 non

477 760 644 815 altum
678 775 896 829 sapere,
926 760 1019 815 sed
1056 760 1266 829 timere,
1299 775 1366 815 ne
1396 757 1537 815 forte
1564 773 1690 815 cum
1721 757 1843 814 aliis
1874 755 2073 828 praedi-

477 853 717 920 caverit,
770 854 885 923 ipse
934 852 1215 924 improbus
1254 852 1544 909 efﬁciatur.
1577 849 1863 908 Docendus
1906 850 2074 920 igitur

483 955 570 1003 est
598 947 777 1003 minus
803 957 951 1004 recte
974 947 1041 1003 de
1068 945 1342 1002 Chronico
1372 945 1561 1002 Dextri
1605 954 1660 1001 et
1699 943 1916 999 Maximi
1948 957 2075 998 sen-

481 1039 704 1095 tentiam
739 1040 951 1104 tulisse,
984 1048 1038 1093 et
1069 1037 1343 1095 immerito
1371 1039 1424 1094 in
1458 1037 1853 1095 Cistercienses
1885 1050 2074 1091 mona-

2172 468 2348 528 Toleti
2381 473 2434 527 in
2465 474 2800 527 monasterio
2831 471 3085 539 Sislensi,
3118 472 3209 529 cui
3242 471 3375 529 illud
3416 472 3563 532 dono
3599 472 3772 533 dede-

2174 572 2259 619 rat
2280 563 2542 621 Dominus
2566 566 2757 621 Petrus
2780 566 2959 622 Pet-ira
2986 565 3264 637 quondam
3297 567 3589 639 episcopus
3608 567 3777 626 Gicn-

2174 658 2404 712 nensis.‘
2432 656 2570 714 Hinc
2615 659 2749 715 satis
2794 658 3066 714 detectam
3105 658 3367 716 Chronici
3398 648 3562 732 hujus
3592 660 3774 733 impo-

2173 758 2379 804 sturam
2423 750 2702 806 existimat
2729 750 2787 805 P.
2821 748 3154 818 Penuottus;
3194 761 3257 808 et
3296 752 3469 810 multo
3501 754 3674 827 magis
3703 770 3774 811 ex

2174 840 2537 914 discrepantia
2584 843 2856 911 codicum,
2900 844 2991 915 qui
3022 845 3123 903 sub
3166 846 3357 904 Dextri
3397 850 3623 906 nomine
3666 851 3777 908 circ

2173 936 2586 995 cumferuntur:
2618 938 2671 995 in
2703 953 2771 994 eo
2814 940 2961 998 cnim
2990 955 3100 1013 quo
3127 940 3301 998 utitur
3342 941 3598 1016 Marqnex
3630 959 3771 1001 non-

2178 1029 2324 1087 nulla
2357 1040 2505 1099 sunt,
2535 1048 2659 1105 qum
2702 1032 2757 1090 in
2797 1048 3011 1091 excuso
3056 1049 3225 1106 opera
3267 1033 3598 1095 Calderonis
3642 1035 3782 1096 deti-

478 1130 611 1186 chos
639 1131 813 1201 iacula
839 1130 1194 1196 contorsisse,
1219 1129 1312 1201 qui
1337 1128 1470 1186 nihil
1494 1128 1646 1185 illum
1670 1128 1945 1197 lmserant,
1975 1141 2075 1183 nec
2177 1122 2350 1190 ciunt,
2379 1126 2686 1195 praesertim
2718 1126 2785 1182 ad
2814 1140 2905 1182 an.
2932 1126 3095 1184 Dom.
3121 1127 3232 1184 «ΗΑ
3265 1138 3323 1186 ct
3349 1144 3550 1188 nomen
3596 1130 3776 1204 ipsum

480 1226 731 1282 ordinem
773 1240 962 1291 suum;
1005 1224 1312 1281 docendum
1356 1239 1486 1281 vero
1515 1238 1775 1296 cuperem
1804 1236 1835 1277 a
1863 1222 2079 1277 doctio-
2177 1218 2416 1274 auctoris
2440 1219 2593 1276 varie
2617 1220 2909 1289 scribitur;
2941 1219 3127 1279 Codex
3158 1237 3395 1281 excusus
3422 1220 3515 1281 Fi.
3540 1224 3605 1280 ι.
3629 1221 3778 1283 Dex-

477 1319 662 1384 ribus;
705 1320 802 1375 sed
847 1320 978 1374 dum
1014 1319 1232 1391 reliqui,
1276 1318 1472 1391 quibus
1498 1320 1603 1375 hoc
1630 1333 1767 1390 opus
1800 1333 1866 1374 ex
1894 1316 2078 1374 ofﬁcio
2180 1320 2336 1378 trum.
2368 1310 2552 1369 Codex
2598 1327 2731 1371 Vero
2771 1330 2933 1387 quem
2978 1315 3234 1390 Marquez
3280 1319 3532 1392 sequitur
3579 1320 3656 1377 Π.
3708 1321 3777 1379 ι.

480 1414 767 1482 incumbit,
800 1416 967 1470 totius
1013 1415 1091 1471 rei
1144 1417 1407 1472 certiores
1449 1414 1605 1485 ﬁunt,
1641 1414 1757 1470 ﬁeri
1788 1414 1951 1471 aliter
1977 1430 2073 1469 ne-

484 1507 625 1577 quit,
674 1508 804 1579 quin
836 1522 866 1562 a
894 1523 980 1564 me
1010 1508 1253 1564 omnium
1304 1508 1531 1565 minimo
1582 1506 1943 1579 quorumdam
1984 1505 2083 1563 ad-

485 1610 794 1657 moneatur.
845 1601 1074 1657 Conﬁdo
1120 1610 1305 1659 autem
1352 1602 1420 1658 de
1468 1601 1717 1658 bonitate
1761 1616 1883 1667 sua,
1933 1598 2080 1673 quod

485 1694 702 1765 cognita
732 1694 964 1752 veritate
993 1696 1227 1767 ingenue
1265 1693 1529 1751 fatebitur
1551 1709 1640 1751 me
1663 1694 1827 1764 justis
1854 1693 1924 1749 de
1950 1707 2081 1749 cau-

2183 1400 2435 1458 Dertrum
2477 1413 2774 1478 nuncupat.
2799 1406 2948 1464 Multi
2974 1408 3243 1479 integrum
3281 1423 3420 1482 opus
3444 1425 3567 1469 esse
3590 1412 3782 1469 existi-

2184 1504 2360 1565 mant,
2396 1496 2703 1556 Esculanus
2733 1514 2869 1556 vero
2914 1501 3302 1574 compendium
3345 1503 3630 1563 dumtaxat
3662 1520 3786 1564 cre-

2185 1586 2299 1652 dit,
2328 1587 2397 1646 ad
2435 1589 2598 1662 idque
2624 1590 2925 1651 Pennotttts
2953 1594 3265 1663 adducitur,
3299 1596 3447 1668 quod
3470 1594 3783 1656 Chl-enicon

2191 1680 2417 1747 Dextri.
2467 1693 2608 1742 teste
2652 1686 3003 1762 Hieronymo,
3037 1689 3203 1747 fuerit
3240 1690 3573 1749 omnimod:
3601 1693 3789 1751 Histo-

485 1764 583 1855 sisi,
639 1788 885 1846 veritatis
933 1764 1168 1856 scilicet,
1218 1787 1491 1857 nationis,
1538 1797 1595 1844 et
1641 1787 1918 1858 religionis
1961 1788 2081 1844 zelo

2192 1773 2283 1829 ria:
2312 1817 2330 1842 ,
2389 1775 2535 1833 unde
2583 1778 3019 1846 copiosissimum
3070 1780 3245 1840 fuisse
3308 1797 3594 1843 necessum
3649 1796 3737 1843 est
3765 1828 3785 1856 ,

488 1891 861 1952 commotum,
911 1898 1021 1939 non
1069 1883 1288 1954 quidem
1316 1882 1373 1939 in
1402 1880 1601 1952 ipsum,
1630 1895 1793 1953 quem
1835 1880 2082 1951 impense

492 1991 753 2034 mereor
779 1985 829 2033 et
859 1976 1041 2043 laudo,
1069 1976 1163 2033 sed
1191 1976 1245 2032 in
1274 1975 1459 2032 ltcsam
1487 1974 1725 2031 auctoris
1771 1984 1825 2031 et
1869 1972 2082 2031 ordinis

490 2070 599 2126 mei
627 2048 848 2136 famam,
879 2071 965 2126 cui
999 2068 1220 2140 scriptis
1260 2070 1373 2127 suis
1416 2067 1599 2127 calore
1630 2068 1811 2142 potius
1840 2067 2078 2140 dicendi,

490 2175 656 2234 quam
688 2161 966 2218 voluntate
995 2160 1255 2218 detraxit.

492 2320 523 2393 θ
547 2320 612 2380 ll.
659 2322 798 2389 Quot
838 2333 887 2378 et
923 2332 1120 2397 quantg
1144 2324 1216 2379 ad
1240 2322 1624 2397 retundendam
1653 2322 1903 2397 Chronici
1929 2322 2088 2397 hujus

689 2397 1050 2453 auctoritatem
1076 2394 1369 2452 Psnnottus
1394 2395 1674 2452 meditatus
1702 2395 1857 2468 fuerit
1874 2396 1900 2449 .’

563 2531 634 2590 Ut
652 2533 812 2605 igitur
823 2533 892 2589 ab
912 2548 1020 2589 ovo
1033 2531 1201 2605 (quod
1214 2530 1319 2587 dici
1337 2529 1504 2605 solet)
1521 2531 1837 2590 exordiatur
1850 2528 2093 2589 Pennot-

497 2634 613 2691 tus,
659 2625 968 2698 priusquam
997 2625 1065 2682 de
1094 2627 1257 2683 rebus
1284 2627 1339 2681 in
1359 2623 1632 2682 Chronico
1668 2627 1786 2699 ipso
1818 2626 2090 2684 contentis

495 2718 820 2775 scrutiuinm
846 2717 1023 2786 faciat,
1068 2718 1168 2775 tria
1192 2717 1419 2789 objicit,
1453 2734 1574 2788 qua:
1608 2717 1768 2775 ﬁdem
1803 2718 1949 2775 illius
1982 2733 2091 2775 non

498 2826 689 2883 parum
721 2826 987 2868 enervare
1010 2811 1246 2882 iudicat;
1290 2810 1513 2869 totidem
1541 2810 1798 2868 nimirum
1829 2811 2092 2869 articulos

496 2905 551 2961 in
598 2904 795 2976 quibus
838 2904 1062 2970 HiSpani
1088 2906 1406 2975 scriptores,
1440 2920 1563 2961 cum
1589 2904 1657 2961 de
1686 2919 1753 2961 eo
1796 2905 2094 2977 loquuntur

498 3001 643 3057 inter
667 3015 727 3056 se
753 3000 1042 3067 dissident,
1090 3000 1205 3055 sive
1231 3000 1373 3055 circa
1421 3000 1893 3055 conservationem
1918 2997 2094 3057 Chro-

496 3094 638 3161 nici,
685 3094 800 3150 sive
848 3096 993 3150 circa
1045 3093 1444 3163 inventionem,
1501 3094 1619 3150 sive
1664 3093 1903 3167 denique
1948 3095 2091 3151 circa

499 3187 749 3243 codicum
797 3190 1074 3241 variorum
1123 3186 1573 3256 discrepantiam.
1623 3186 1781 3253 Quod
1836 3186 1979 3243 enim
2021 3187 2092 3244 ad

498 3282 981 3338 conservationem
1006 3287 1239 3350 spectat,
1269 3279 1488 3350 quidam
1518 3289 1899 3336 conservatum
1926 3279 2094 3337 fuisse

494 3382 725 3446 negant,
771 3375 868 3430 sed
924 3373 1119 3445 injuria
1164 3384 1470 3445 temporum
1516 3372 1753 3447 periisse
1792 3374 2087 3443 afﬁrmant,

496 3467 641 3540 quod
672 3467 938 3523 Baronius
984 3466 1187 3524 asserit
1231 3476 1362 3523 tom.
1415 3466 1482 3523 ιγ
1512 3466 1713 3525 Annal.
1745 3467 1957 3524 Ecclus.
1990 3468 2093 3527 sub

495 3576 641 3617 anno
682 3560 836 3615 Dom.
892 3558 1021 3616 ωε.
1074 3559 1179 3615 Alii
1229 3568 1609 3616 conservatum
1654 3561 1995 3617 contendunt
2038 3562 2092 3618 in

496 3653 821 3711 bibliotheca
864 3652 1153 3710 Fuldeusis
1180 3655 1522 3721 monasterii,
1552 3669 1665 3726 quo
1688 3669 1812 3711 cum
1843 3655 1966 3710 aliis
2000 3668 2092 3711 co-

499 3744 711 3801 dicibus
733 3787 748 3811 ,
788 3744 942 3816 jussu
974 3744 1153 3801 Caroli
1178 3744 1352 3818 Magni
1385 3746 1517 3817 imp.
1549 3754 1796 3818 tempore
1825 3748 2089 3806 Sarrace-

498 3837 634 3894 nicas
683 3838 854 3893 cladis
902 3853 971 3894 ex
1031 3836 1283 3909 Ilispania
1331 3838 1602 3895 deductus
1650 3840 1774 3911 fuit,
1823 3842 1966 3914 quod
2019 3843 2095 3899 ait

499 3930 848 3987 Euthrandus
888 3931 942 3986 in
978 3931 1139 4002 epist.
1186 3930 1256 3986 ad
1302 3931 1729 4004 Regismundum
1774 3935 2091 4006 episcopum

494 4024 916 4082 lliberritanum.
948 4024 1026 4079 De
1049 4026 1333 4081 inventore
1355 4027 1601 4082 nonnulli
1622 4027 1899 4083 afﬁrmant
1921 4028 2093 4086 fuisse

496 4115 782 4187 praefatum
812 4116 1211 4187 Euthrandum,
1247 4118 1340 4189 qui
1369 4117 1555 4174 floruit
1601 4120 1746 4175 circa
1793 4136 1879 4176 an.
1932 4120 2089 4177 Dom.

493 4211 622 4267 590.
677 4210 815 4265 Aliis
864 4211 1043 4282 placet
1094 4208 1263 4266 fuisse
1321 4210 1601 4269 illustriss.
1656 4212 1944 4269 Dominum
1999 4213 2089 4269 Fr.

497 4304 859 4373 Augustinum
889 4304 957 4359 de
1001 4302 1126 4359 Jesn
1174 4304 1645 4375 archiepiscopum
1678 4305 2090 4373 Bracarensem,

492 4396 585 4466 qui
608 4394 952 4452 Germaniam
978 4412 1273 4468 peragrans
1299 4398 1752 4455 monasteriorum
1777 4400 1857 4455 sui
1886 4400 2094 4456 ordinis

496 4490 891 4563 (cremitarum
943 4491 1001 4548 S.
1048 4490 1188 4562 Aug.
1242 4491 1392 4561 prior
1446 4494 1717 4562 generalis
1754 4502 1886 4550 tunc
1930 4491 2090 4569 erat)

493 4584 888 4641 visitandorum
918 4586 1111 4657 gratia,
1157 4585 1211 4639 in
1240 4584 1483 4641 codicem
1518 4586 1698 4642 Dextri
1730 4585 1869 4644 forte
1897 4587 2087 4643 incidit

490 4678 633 4749 apud
683 4678 1008 4747 Fuldenses,
1044 4678 1187 4736 unde
1226 4679 1337 4734 duo
1382 4678 1635 4750 exempla
1669 4681 1881 4737 extrahi
1930 4682 2083 4747 fecit,

494 4787 722 4843 quorum
752 4788 915 4827 unum
940 4770 1193 4843 Philippo
1221 4769 1265 4826 ll
1294 4771 1405 4843 regi
1430 4770 1714 4828 Catholica
1739 4773 1881 4828 dono
1913 4773 2083 4844 dedit,

495 4866 669 4922 altero
714 4866 827 4921 suis
869 4865 1059 4921 usibus
1086 4873 1387 4921 reservato.
1414 4864 1489 4920 lta
1518 4863 1758 4921 Joannes
1782 4866 2082 4934 Calderon,

487 4961 575 5017 cui
628 4968 808 5016 tamen
856 4975 926 5015 ex
970 4958 1238 5015 diametro
1280 4972 1339 5015 se
1369 4958 1593 5030 opponit
1621 4957 1828 5032 Gaspar
1853 4961 2083 5017 Albarez

491 5058 558 5112 de
606 5055 818 5111 Lesada
865 5068 1068 5125 negans
1120 5053 1412 5109 Dominum
1465 5055 1825 5126 Augustinum
1874 5070 1904 5110 a
1954 5053 2085 5113 Jcsu

494 5148 759 5203 Dextrum
797 5161 1052 5216 umquam
1103 5145 1157 5201 in
1203 5144 1494 5202 Germania
1529 5145 1819 5217 reperisse.
1858 5147 1961 5202 Alii
1992 5149 2085 5203 de-

488 5241 615 5299 inde
664 5239 1039 5295 inventionem
1081 5238 1322 5295 tribuunt
1368 5238 1435 5295 R.
1478 5238 1541 5295 Ρ.
1570 5238 1796 5296 Thema:
1823 5240 2086 5298 Torralba

494 5336 851 5393 Occanniensi
880 5350 1056 5392 esoc.
1106 5335 1235 5392 Iesu
1287 5337 1844 5411 presbytero,.qucm
1896 5337 2086 5395 Fulda:

486 5440 761 5499 repertum
788 5444 877 5485 an.
917 5430 1072 5485 Dom.
1107 5430 1245 5487 1594
1277 5432 1426 5487 misit
1454 5434 1504 5487 in
1531 5432 1841 5503 lliSpaniam
1866 5432 1926 5488 Ρ.
1953 5432 2082 5489 llic-

489 5538 720 5595 ronymo
748 5522 814 5578 de
840 5525 887 5578 la
921 5524 1152 5595 lliguera
1176 5526 1418 5598 ejusdem
1448 5542 1562 5584 suc.
1591 5528 1891 5599 Theologo.
1927 5536 1983 5583 et
2011 5527 2080 5583 de

490 5615 807 5685 antiquitate
836 5617 1222 5675 Ecclesiastica
1254 5619 1394 5677 bene
1425 5622 1619 5677 merito
1658 5638 1669 5676 :
1715 5631 1769 5677 et
1802 5620 2079 5677 nihilomi-

486 5726 588 5765 nus
614 5721 864 5767 assernnt
910 5713 1000 5768 alii
1049 5730 1154 5771 non
1201 5714 1334 5771 illud
1381 5718 1655 5788 reperisse
1700 5716 1925 5784 Fuldae,
1976 5715 2072 5771 sed

487 5804 838 5863 Wormaciac.
882 5804 1124 5882 Denique
1168 5807 1375 5883 Gztspal‘
1421 5812 1724 5872 Esculanus
1764 5819 1954 5870 auctor
1982 5820 2069 5869 est

2182 1876 2241 1924 et
2267 1881 2669 1943 consequenter
2715 1873 2888 1929 multo
2933 1874 3106 1947 magis
3149 1892 3239 1944 eo,
3280 1876 3430 1948 quod
3479 1892 3627 1936 nunc
3679 1880 3787 1936 sub

2184 1965 2304 2037 ejus
2331 1966 2553 2022 nomine
2579 1968 2982 2038 circumfertur,
3031 1969 3169 2027 alias
3196 1971 3422 2030 minime
3461 1987 3601 2046 opus
3630 1973 3790 2033 titulo

2186 2060 2563 2131 responderet.
2598 2062 2792 2120 Fertur
2816 2065 2979 2121 etiam
3009 2065 3296 2125 Dominum
3309 2065 3579 2127 Joannem
3612 2069 3783 2128 Pero:

2176 2154 2501 2224 episcopum
2546 2154 2969 2228 Segorbicnsem
3017 2157 3163 2215 aliud
3217 2159 3381 2233 longe
3426 2175 3458 2216 a
3508 2161 3787 2232 pradictis

2189 2245 2448 2305 habuisse
2498 2250 2684 2307 Dextri
2728 2249 3068 2320 Chronicon,
3124 2254 3194 2311 de
3236 2269 3344 2326 quo
3391 2254 3682 2328 perdoctus
3723 2256 3787 2313 P.

2187 2336 2407 2394 Muritlo
2455 2339 2510 2396 in
2564 2342 2793 2416 prologo
2839 2342 2965 2400 libri
3012 2342 3350 2402 fundationis
3394 2348 3537 2405 sacri
3582 2347 3789 2407 Sacelli

2189 2433 2276 2489 del
2318 2431 2488 2507 Pitar,
2526 2436 2731 2509 inquit;
2774 2436 2892 2495 Non
2925 2448 3035 2495 tam
3072 2438 3441 2512 abbreviatio,
3473 2458 3637 2515 quam
3668 2457 3795 2501 cor-

2191 2528 2374 2600 ruptio
2404 2526 2666 2588 Chronici
2696 2531 2979 2589 Dextriani
3023 2533 3273 2602 videtur;
3316 2550 3442 2594 nam
3472 2536 3528 2595 in
3558 2552 3629 2595 eo
3655 2552 3796 2596 nou-

2193 2621 2339 2678 nulla
2368 2623 2602 2696 veritati,
2634 2633 2691 2682 et
2716 2626 2973 2697 gravitati
3002 2625 3252 2688 historia
3279 2628 3635 2690 inveniuntur
3655 2645 3787 2690 con-

2193 2713 2385 2780 traria,
2412 2724 2463 2770 et
2497 2723 2651 2773 tanto
2684 2726 2908 2775 auctore
2938 2718 3180 2791 indigna.

2264 2807 2398 2878 Sed,
2429 2810 2574 2883 quod
2603 2813 2850 2869 omnium
2882 2822 3048 2886 caput
3076 2824 3165 2873 est
3192 2814 3294 2890 (ait
3319 2814 3437 2890 ille)
3468 2816 3514 2875 si
3552 2833 3791 2893 quaeras,

2193 2901 2468 2975 quodnam
2515 2920 2584 2961 ex
2628 2905 2788 2963 dictis
2833 2908 3242 2979 exemplaribus
3288 2910 3421 2968 illud
3464 2915 3558 2985 ait,
3600 2915 3693 2972 cui
3734 2924 3793 2972 ut

2193 2995 2438 3067 legitimo
2481 2994 2644 3053 fidem
2685 2997 3081 3056 adhibeamus?
3118 2995 3215 3058 Fr.
3264 3001 3499 3061 Didacus
3547 3005 3793 3064 Murillus

2195 3087 2663 3145 abbreviationem
2698 3105 2812 3162 pra:
2858 3092 3111 3149 manibus
3135 3093 3396 3153 Chronici
3439 3096 3601 3170 hujus
3629 3097 3793 3155 habe-

2197 3179 2289 3237 bat
2335 3179 2389 3236 in
2437 3181 2624 3239 multis
2651 3182 2720 3239 ab
2763 3198 2863 3251 eo,
2896 3185 3041 3256 quod
3072 3186 3504 3262 thsarauguatm
3530 3205 3790 3248 excusum

2196 3282 2302 3345 est,
2334 3285 2389 3331 et
2417 3290 2447 3331 a
2487 3291 2622 3333 vero
2667 3278 2984 3347 distantem,
3016 3279 3161 3339 unde
3188 3297 3218 3337 a
3243 3280 3455 3341 Joanne
3497 3284 3791 3353 Caldcron,

2195 3368 2286 3440 qui
2320 3368 2451 3426 iliud
2484 3370 2767 3427 excudere
2812 3375 3024 3429 curavit
3073 3374 3129 3431 in
3174 3375 3404 3449 prologo
3434 3378 3501 3434 ad
3531 3378 3792 3437 lectorem

2194 3461 2535 3535 exploditur.
2565 3461 2675 3521 Sed
2721 3474 2776 3520 et
2821 3462 2941 3536 ipse
2994 3464 3351 3525 nihilominus
3396 3468 3569 3527 codex
3616 3471 3688 3528 ab
3724 3486 3792 3530 eo

2195 3569 2429 3611 excusus
2460 3556 2944 3628 depravatissimus
2969 3559 3214 3616 omnium
3251 3577 3375 3618 esse
3404 3564 3785 3623 convincitur:

2196 3649 2366 3705 multa
2414 3649 2560 3706 enim
2614 3653 2902 3708 oscitantia
2947 3651 3249 3724 impressus
3292 3653 3431 3723 fuit,
3481 3667 3541 3714 ut
3590 3658 3788 3729 legenti

2197 3741 2423 3812 patebit.
2468 3740 2579 3798 Nec
2620 3740 2842 3811 desunt,
2871 3745 2964 3817 qui
3012 3744 3196 3801 dicant
3238 3745 3549 3805 Clnonicon
3582 3748 3652 3807 Μ.
3684 3749 3791 3805 Ila-

2195 3834 2325 3890 ximi
2380 3836 2736 3906 depravatum
2787 3853 2959 3911 nuper
3013 3837 3187 3897 fuisse
3236 3855 3268 3896 a
3323 3839 3790 3901 Centuriatoribus

2195 3926 2770 3999 Magdehurgensibus.

2268 4021 2405 4077 Hinc
2443 4038 2573 4079 vero
2610 4032 2846 4095 quatuor
2886 4023 3038 4081 elicit
3070 4021 3371 4083 Pcunottus
3406 4042 3423 4082 :
3460 4027 3517 4083 i‘
3546 4036 3605 4085 ut
3633 4030 3792 4087 mini-

2196 4129 2366 4181 mum,
2417 4131 2525 4171 non
2566 4124 2822 4173 constare
2852 4117 3115 4175 hactenus
3143 4118 3213 4175 de
3243 4128 3462 4176 vetusto
3488 4124 3789 4195 exemplari

2197 4208 2356 4279 hujus
2406 4207 2706 4278 Chronici,
2758 4209 2958 4269 nedum
3008 4212 3076 4269 de
3130 4214 3372 4286 legitimo
3425 4217 3785 4290 autographo.

2195 4305 2261 4359 ει)
2305 4304 2559 4361 Codiecm
2604 4303 2935 4363 Fuldensem
2984 4305 3154 4364 fuisse
3182 4325 3212 4363 a
3240 4308 3791 4382 Magdeburgensibus

2198 4397 2470 4456 haereticis
2497 4398 2763 4456 vitiatum.
2796 4403 2861 4459 3°
2887 4401 3021 4459 illud
3047 4418 3156 4475 quo
3186 4402 3441 4476 Marqucz
3486 4422 3617 4462 usus
3665 4406 3788 4475 iuit,

2201 4507 2307 4547 non
2336 4492 2503 4549 fuisse
2526 4492 2793 4565 integram
2821 4493 3108 4550 historiam
3141 4496 3347 4565 Dextri,
3375 4499 3473 4555 sed
3504 4499 3809 4557 abhrevia--

2198 4588 2397 4644 tionem
2433 4585 2736 4656 dumtaxat,
2783 4587 3158 4661 depravatam.
3187 4592 3253 4648 ιο
3269 4590 3582 4650 Chronicon
3625 4610 3792 4652 excu-

2195 4695 2315 4737 sum
2360 4679 2787 4753 Czesaraugustac
2833 4683 3087 4754 plurimis
3136 4692 3349 4742 scatere
3390 4686 3639 4755 mendis;
3679 4703 3786 4761 quo

2196 4775 2368 4831 ﬁetcx
2392 4784 2582 4832 neutro
2598 4790 2786 4831 eorum
2816 4786 3193 4848 argumentum
3215 4789 3424 4835 certum
3450 4782 3589 4837 sumi
3624 4796 3783 4853 posse

2192 4867 2349 4940 quasi
2395 4883 2461 4924 ex
2502 4868 2825 4925 auctoritate
2867 4869 3073 4926 Dextri.
3108 4872 3183 4928 En
3228 4871 3486 4929 Penuottl
3510 4870 3775 4945 judicium

2193 4962 2262 5020 de
2288 4962 2559 5020 Chronico
2585 4962 2792 5032 Dextri,
2821 4972 2877 5021 et
2904 4964 3120 5020 Maximi
3171 4981 3345 5037 nuper
3372 4965 3626 5038 evulgato
3645 5010 3660 5033 ,
3713 4967 3786 5024 ab

2191 5056 2431 5115 externis
2480 5064 2690 5113 tantum
2737 5057 2821 5129 (ut
2855 5058 2934 5115 sic
2960 5058 3216 5131 dixerim)
3242 5060 3577 5133 argumentis
3605 5060 3773 5116 dedu-

2189 5160 2361 5207 ctum.
2410 5149 2545 5207 Nam
2600 5150 2811 5205 interna
2864 5151 3172 5208 minutatim
3220 5152 3563 5225 pmSpiciens
3611 5156 3779 5210 multa

2190 5244 2420 5315 reperiri
2472 5243 2759 5300 contendit
2803 5245 2949 5302 inter
2992 5261 3090 5315 se,
3134 5254 3194 5303 et
3231 5262 3361 5304 cum
3410 5248 3643 5307 veritate
3690 5264 3785 5322 puo

2188 5337 2431 5410 guanﬁa.

2258 5431 2471 5501 Qumris
2509 5433 2664 5504 qum?
2704 5432 2949 5490 Breviter
2977 5448 3076 5491 sua
3121 5434 3265 5490 dicta
3296 5435 3676 5508 perstringam.
3717 5434 3773 5492 In

2189 5526 2417 5599 epistola
2449 5543 2571 5599 qua:
2616 5526 2962 5598 prazmittitur
2991 5528 3352 5584 dedicationis
3379 5528 3444 5582 ad
3477 5526 3539 5582 D.
3576 5527 3761 5583 Hiero-

2191 5635 2433 5692 nymum,
2475 5620 2575 5675 tria
2609 5620 2845 5675 dilticilia
2877 5628 3040 5679 sunt:
3076 5622 3134 5676 ιο
3156 5620 3299 5692 quod
3331 5629 3537 5676 asserat
3571 5619 3768 5676 Dexter

2190 5714 2509 5788 produxisse
2536 5714 2848 5772 Chronicon
2882 5715 2950 5770 ad
3001 5730 3200 5769 annum
3232 5713 3429 5769 Christi
3477 5714 3607 5780 450,
3648 5729 3769 5770 cum

2189 5818 2391 5867 tamenv
2412 5818 2535 5867 ante
2580 5809 2650 5867 40
2682 5822 2852 5865 annos
2882 5806 2951 5865 de
2980 5821 3044 5865 eo
3074 5806 3435 5878 Hieronymus
3460 5804 3772 5863 meminerit
