4052 6450
313 244 423 306 597

315 455 565 511 boratum
612 469 679 509 ex
732 452 840 507 line
889 452 1035 507 illius
1085 452 1433 508 manifestum
1474 462 1585 521 cst,
1631 460 1686 507 et
1718 451 1910 521 probat

316 549 516 617 Daren,
550 548 606 605 iu
636 547 833 604 Annal.
867 546 1075 602 Ecclcs.
1106 546 1165 600 2°
1195 547 1351 615 Quod
1386 546 1528 601 dicat
1572 561 1709 615 opus
1751 559 1908 600 suum

317 642 385 699 ad
433 657 625 698 manus
673 640 990 711 Hieronymi
1038 647 1098 694 ut
1142 651 1268 711 pote
1306 640 1415 710 jam
1443 636 1684 693 defuncti
1720 651 1911 706 ποθεινο-

314 737 433 792 nire
460 735 805 805 nequivisse;
846 732 966 805 quis
996 742 1174 789 autem
1198 733 1386 788 credat
1415 732 1483 786 ab
1511 746 1655 785 anno
1687 729 1903 785 Domini

313 830 421 888 390
456 845 606 903 quo,
658 835 800 885 teste
849 827 1220 901 Hieronymo,
1272 827 1415 882 liber
1462 827 1699 896 scriptus
1744 832 1906 888 erat,

312 938 485 995 usque
529 923 597 979 ad
641 923 747 980 ﬂii
792 937 922 994 quo,
978 922 1064 976 vel
1114 922 1233 991 ipso
1281 922 1483 975 Dextro
1537 918 1905 985 concedente,

313 1017 682 1089 Hieronymus
735 1014 788 1070 in
847 1012 1101 1069 humanis
1146 1028 1270 1069 esse
1313 1012 1477 1067 desiit
1524 1010 1594 1067 56
1638 1025 1905 1065 annorum

312 1106 741 1179 intercapedine,
770 1120 912 1179 opus
954 1105 1060 1161 sibi
1104 1120 1134 1161 a
1186 1104 1565 1175 potentissimo
1598 1104 1716 1158 viro
1758 1103 1906 1158 diea-

310 1214 453 1273 tum,
505 1215 800 1274 numquam
850 1199 1163 1271 accepisse?
1195 1200 1255 1255 5°
1273 1199 1416 1271 quod
1466 1198 1519 1253 iu
1567 1197 1756 1253 eadem
1786 1195 1904 1267 cpi-

309 1298 452 1356 stola
485 1298 717 1354 fateatur
764 1306 956 1351 auctor
1004 1294 1171 1366 illius,
1213 1309 1336 1349 cum
1370 1291 1502 1348 illud
1548 1305 1683 1362 opus
1710 1291 1905 1346 Orosio

308 1392 665 1465 nuncupavit,
697 1390 934 1463 viguisse
958 1403 1159 1445 annum
1210 1389 1411 1445 Christi
1441 1387 1549 1444 450
1594 1397 1647 1442 et
1696 1387 1750 1442 iu
1799 1387 1907 1443 llne

306 1501 422 1545 sua
468 1487 711 1544 historia:
755 1485 961 1542 Dexter
987 1483 1199 1554 scribit,
1232 1482 1449 1556 quando
1490 1481 1640 1538 illam
1671 1481 1904 1538 absolvit

308 1580 563 1639 floruisse
592 1594 791 1637 annum
821 1577 950 1636 ιιι).

379 1675 551 1733 Multo
596 1674 751 1746 plura
791 1674 846 1729 in
875 1684 1167 1744 progressu
1213 1666 1457 1724 historia:
1489 1667 1739 1725 falsitatis
1769 1684 1904 1724 con-

1370 237 1898 299 AI‘OIDGETIL‘US
1937 237 2077 297 Ι*Πο
2114 241 2175 297 1,.
2219 239 2525 299 DEXTRO.

314 363 368 420 in
399 360 498 418 lib.
542 358 612 417 de
640 358 843 429 Script.
876 357 1025 415 Eccl.
1054 372 1217 430 quem
1259 373 1404 415 anno
1433 358 1631 415 Christi
1664 358 1771 414 590
1795 358 1907 413 ela-
1938 371 1985 432 Α

3502 243 3609 300 598

2088 356 2218 415 Item
2249 358 2351 414 sub
2380 374 2506 415 ann.
2542 360 2662 426 156,
2688 360 2819 417 dicit
2849 362 2909 419 S.
2944 362 3297 435 Polycarpum
3332 363 3429 418 illo
3458 376 3604 419 anno

2014 458 2178 514 ivisse
2210 457 2435 511 llomant
2466 457 2567 509 sub
2615 456 2885 512 Aniecto:
2938 473 3059 512 cum
3113 468 3293 516 tamen
3341 458 3604 516 Anicetus

2011 560 2138 605 ante
2165 564 2367 603 annum
2403 548 2505 603 167
2539 548 2779 616 pontifex
2809 550 3157 605 renuntiatus
3185 566 3291 604 non
3323 552 3505 605 fuerit.

2083 642 2193 699 Sed
2236 652 2288 696 ut
2333 642 2468 697 alios
2496 640 2685 695 multos
2715 659 2913 697 errores
2947 642 3044 715 (ait
3087 642 3414 716 Pettnottus)
3462 645 3603 698 circa

2009 754 2264 792 annorum
2314 744 2613 807 computum
2664 736 2747 791 illi
2788 738 3076 803 donemus;
3124 740 3229 793 sub
3279 753 3422 792 anno
3470 737 3599 801 εις-ιδ

2010 830 2215 901 lginitts
2250 828 2627 886 Cordubensis
2682 828 2882 884 dicitur
2936 832 3207 899 relegatus
3254 831 3308 885 in
3366 830 3599 885 insulam

2008 922 2308 979 Galliarum
2361 921 2631 978 Lcrouem
2683 937 2851 993 :qua:
2906 932 3085 976 tamen
3137 931 3266 978 autc
3308 921 3602 976 adventum

2010 1015 2071 1071 S.
2114 1014 2302 1070 llilarii
2350 1014 2497 1070 circa
2527 1029 2732 1069 annum
2764 1014 2949 1085 gratia:
2992 1012 3123 1078 440,
3164 1012 3543 1071 inhabitabilis
3568 1029 3601 1069 a

2007 1109 2354 1180 serpentibus
2394 1107 2742 1173 reddebatur,
2774 1115 2833 1161 ut
2880 1116 3030 1163 notat
3076 1108 3343 1165 Darouius
3393 1108 3463 1165 ad
3504 1123 3603 1165 au-

2009 1216 2136 1258 nuut
2166 1203 2296 1271 Hii,
2329 1219 2480 1258 nunt.
2507 1204 2559 1269 5,
2582 1212 2714 1257 tom.
2742 1203 2806 1259 ν.

2079 1297 2160 1352 Ad
2207 1312 2408 1353 annum
2440 1296 2654 1353 Domini
2714 1296 2842 1365 Sili,
2892 1298 3025 1353 dicit
3075 1308 3268 1355 auctor
3314 1299 3598 1357 Paulinum

2004 1388 2277 1447 Nolanum
2313 1390 2617 1446 llarciuonc
2647 1391 2813 1447 fuisse
2836 1393 3214 1465 presbyterum
3244 1393 3557 1450 ordinatum
3585 1412 3601 1449 :

2004 1499 2130 1541 cum
2155 1494 2334 1539 tamen
2363 1494 2489 1540 ante
2521 1484 2851 1554 baptismum
2892 1486 3177 1556 Augustini
3228 1485 3284 1542 id
3333 1485 3601 1543 accidisse

2005 1576 2264 1633 Paulinus
2330 1576 2448 1646 ipse
2498 1577 2703 1631 scribat
2750 1576 2816 1633 ad
2848 1576 3084 1647 Alipium
3130 1578 3297 1649 epist.
3330 1580 3422 1645 55,
3454 1580 3600 1636 inter

2005 1667 2432 1738 Augustinianas
2484 1684 2499 1724 :
2555 1668 2857 1738 baptismus
2900 1684 3033 1724 vero
3075 1668 3264 1725 incidit
3309 1671 3362 1725 in
3397 1685 3601 1727 annum

304 1770 452 1828 vinci
494 1768 817 1838 existimat,
866 1781 934 1823 ex
984 1764 1184 1838 quibus
1224 1762 1492 1834 ejusmodi
1534 1763 1602 1820 ad
1646 1762 1897 1820 diversos
1930 1771 1975 1833 ιι
2007 1759 2569 1824 Dom.587,vel588,
2597 1769 2654 1815 ut
2682 1759 2940 1830 probavit
2968 1760 3083 1832 ipse
3116 1761 3532 1821 Pennottuslib.
3558 1780 3599 1829 ι,

302 1860 682 1933 Cbronologia:
699 1873 875 1915 annos
904 1858 1202 1929 spectantia
1227 1856 1438 1927 selegit.
1458 1855 1570 1913 Sub
1583 1871 1673 1912 an.
1696 1857 1898 1912 Christi

298 1955 398 2026 27,
427 1953 566 2011 falso
588 1954 789 2010 dicitur
816 1972 828 2007 :
865 1951 926 2008 S.
956 1950 1241 2008 Petronillu
1265 1967 1521 2005 annorum
1547 1950 1721 2005 decent
1747 1953 1899 2021 ﬂoret

305 2048 373 2103 S.
420 2046 568 2103 Petri
611 2045 834 2119 apostoli
874 2044 989 2114 ﬁlia
1031 2060 1096 2098 ea:
1132 2042 1485 2097 matrimonio.
1526 2040 1659 2096 Nam
1689 2040 1740 2094 id
1774 2040 1899 2111 reji-

301 2141 458 2199 ciunt
485 2141 549 2195 D.
581 2139 912 2211 Augustinus
942 2136 1038 2192 lib.
1070 2144 1260 2192 contra
1305 2133 1678 2191 Adimantium
1720 2147 1773 2189 c.
1804 2134 1891 2200 l7,

301 2242 357 2292 et
386 2232 653 2290 Baronius
678 2231 747 2287 ad
776 2246 907 2287 anu.
944 2230 1099 2285 Dom.
1127 2229 1219 2295 bl),
1252 2243 1403 2284 num.
1449 2228 1543 2294 53,
1574 2236 1630 2283 et
1668 2228 1892 2293 merito;

302 2340 406 2399 qua
431 2326 577 2383 enim
604 2325 819 2380 ratione
846 2322 1027 2395 puella
1056 2330 1186 2377 tunc
1214 2320 1476 2376 decennis
1504 2318 1763 2375 ﬂoreret?

377 2418 607 2491 insuper
631 2417 735 2473 sub
760 2430 905 2473 anno
935 2413 1151 2471 Domini
1182 2413 1274 2480 57,
1303 2412 1438 2468 dicit
1489 2412 1753 2468 Jacohum
1792 2409 1896 2465 Ze-

310 2510 488 2568 bedaai
533 2520 816 2566 auctorem
869 2507 1115 2579 cpistola:
1157 2506 1437 2563 canonica:
1480 2504 1692 2576 fuisse,
1751 2502 1895 2577 quod

302 2606 499 2662 falsum
528 2606 599 2662 ab
627 2604 883 2662 omnibus
913 2614 1172 2676 putatur;
1223 2613 1278 2658 et
1326 2612 1517 2657 contra
1547 2598 1894 2657 traditionem

304 2701 567 2758 Ecclesia:
618 2700 902 2770 Romamn,
933 2714 1056 2771 qua:
1094 2697 1148 2754 in
1196 2696 1335 2753 festo
1365 2695 1426 2752 S.
1456 2694 1643 2751 Jacobi
1674 2693 1897 2748 Minoris

303 2795 477 2862 ipsam
509 2795 613 2867 legi
636 2793 815 2866 jubet.
846 2792 1051 2851 ibidem
1082 2806 1182 2863 pro
1207 2789 1273 2846 12
1300 2788 1565 2854 tribubus,
1599 2803 1718 2858 qua:
1743 2792 1898 2841 erant

304 2889 360 2943 in
415 2886 778 2957 dispersione,
810 2884 1008 2955 quibus
1059 2881 1292 2963 Jacobus
1343 2880 1631 2952 epistolam
1687 2878 1895 2948 dirigit,

306 2976 425 3033 vult
464 2976 846 3047 intelligendos
898 2989 1021 3031 esse
1067 2971 1287 3030 Iudaeos
1338 2980 1466 3025 tunc
1520 2970 1575 3025 in
1622 2967 1898 3036 lliSpaniis

307 3080 752 3134 commorantes;
795 3067 939 3140 quod
970 3073 1336 3123 commentum
1370 3062 1466 3137 (ait
1494 3062 1606 3128 ille)
1660 3060 1725 3115 ad
1771 3060 1895 3115 illos

2002 1868 2056 1909 c.
2100 1853 2155 1920 ι,
2204 1868 2355 1907 num.
2409 1852 2445 1906 3
2484 1862 2541 1908 et
2593 1854 2648 1918 6,
2703 1852 3059 1924 subiuugcns,
3114 1855 3197 1910 vel
3240 1854 3367 1912 hinc
3418 1856 3598 1926 detegi

2003 1942 2292 1999 manifeste
2344 1944 2702 2014 imposturam
2757 1945 2918 2015 hujus
2972 1946 3268 2003 Chronici:
3320 1948 3596 2015 Quomodo

1999 2036 2140 2091 enim
2169 2046 2271 2089 tant
2294 2038 2578 2106 praeclarus
2617 2037 2893 2092 historicus
2920 2039 3057 2093 circa
3096 2054 3178 2093 res
3206 2056 3424 2093 suorum
3469 2050 3596 2095 tem-

2000 2146 2207 2202 porum,
2237 2141 2427 2200 etquo:
2474 2129 2616 2184 domi
2645 2146 2755 2185 sua:
2779 2131 2855 2202 (id
2904 2139 3011 2199 cst,
3066 2132 3391 2203 Barcinonc)
3442 2134 3596 2202 facta:

2000 2227 2232 2295 fuerant,
2263 2233 2313 2279 ct
2351 2224 2491 2279 circa
2519 2241 2794 2297 personant
2842 2225 2973 2278 adeo
3018 2227 3374 2291 conspicuam,
3422 2224 3595 2296 qualis

2000 2326 2113 2370 erat
2171 2314 2453 2383 Paulinus,
2486 2318 2815 2382 acciderant,
2846 2328 2949 2371 tum
2988 2319 3288 2387 oscitanter,
3342 2327 3453 2372 tam
3505 2333 3603 2372 se—

1997 2408 2189 2481 gniter,
2221 2423 2282 2461 ac
2320 2417 2423 2461 lant
2478 2409 2699 2480 turpiter
2728 2426 2900 2464 errare
2937 2410 3181 2482 potuisset
3209 2411 3232 2464 ?

2070 2499 2184 2555 Sub
2222 2514 2353 2555 ann.
2405 2500 2532 2568 ιοο,
2588 2503 2825 2557 mittitur
2872 2502 3098 2558 Orosius
3151 2504 3361 2574 legatus
3401 2504 3596 2574 llispa-

2000 2608 2196 2649 norum
2224 2594 2526 2649 antistitum
2552 2595 2618 2649 ad
2645 2595 2887 2651 Africani
2919 2596 3199 2667 cujusdam
3232 2595 3452 2653 concilii
3492 2597 3596 2653 l’a—

2002 2694 2136 2753 tres,
2183 2687 2469 2758 presbyter
2499 2686 2719 2755 quidem
2744 2688 2857 2758 jam
2911 2690 3215 2757 ordinatus,
3246 2699 3307 2745 ut
3340 2690 3505 2761 liquet
3525 2705 3596 2747 ex

1999 2778 2162 2848 epist.
2197 2779 2269 2835 90
2304 2781 2634 2855 Augustini;
2665 2790 2721 2836 et
2759 2792 2936 2838 tamen
2970 2784 3369 2844 natus.diritur
3406 2785 3459 2840 in
3488 2784 3595 2841 hoc

2000 2871 2269 2929 Chronico
2295 2888 2437 2927 anno
2465 2873 2679 2929 Domini
2707 2876 2834 2945 584,
2865 2892 2929 2931 ex
2954 2892 3061 2948 quo
3084 2889 3296 2934 sextum
3323 2878 3593 2935 decimum

2001 2980 2199 3021 annum
2231 2982 2338 3021 non
2366 2970 2667 3025 exccss’ssc
2695 2970 2971 3040 probatur.
2992 2972 3125 3044 Quae
3150 2988 3355 3044 rerum,
3382 2988 3591 3045 qumso,

2002 3057 2428 3113 convenientia?

305 3162 455 3219 solos
474 3162 802 3220 restrictum.
827 3168 914 3215 est
954 3165 1142 3227 aperte
1182 3165 1371 3211 contra
1413 3168 1625 3211 sacram
1654 3151 1899 3221 Scriptu-
1926 3166 1973 3232 ρ
2076 3148 2157 3204 Ad
2181 3165 2381 3204 annum
2404 3149 2532 3217 406,
2564 3153 2829 3210 asseritur
2858 3152 3125 3227 Leporius
3150 3158 3446 3231 cpiscopus
3474 3157 3603 3215 Uti.

309 3270 423 3312 ram
456 3270 511 3310 tv
534 3254 628 3309 lib.
655 3254 883 3323 Regum.
910 3251 1025 3307 lloc
1052 3265 1213 3321 quam
1242 3263 1431 3319 parum
1460 3254 1669 3301 mature
1692 3244 1897 3298 dictum

307 3353 399 3417 sit,
430 3349 656 3405 inferius
686 3347 897 3404 videbis
931 3365 944 3400 :
976 3345 1217 3410 interim,
1255 3343 1449 3410 lector,
1482 3342 1754 3413 patienter
1778 3351 1904 3393 sus-

311 3443 422 3499 tine
453 3450 609 3497 notas
662 3442 860 3510 quibus
890 3439 975 3493 vir
1016 3437 1307 3507 religiosus
1334 3449 1435 3491 nos
1484 3432 1673 3489 inurit.
1706 3430 1905 3487 Contra

309 3535 661 3601 traditionem,
687 3533 882 3607 inquit,
919 3530 1190 3598 Ecclesia,
1217 3539 1270 3586 et
1301 3536 1477 3601 apsrte
1494 3537 1675 3582 contra
1702 3540 1904 3580 sacrant

314 3626 671 3698 Scriptumm.
713 3622 1138 3680 Tolerabiliores
1185 3628 1373 3675 essent
1417 3619 1462 3674 si
1513 3623 1698 3673 essent
1750 3615 1903 3681 εοῑτυ,

312 3720 409 3778 sed
452 3721 562 3791 jam
617 3719 755 3774 alias
800 3726 961 3773 notas
989 3714 1324 3770 intldelitatis
1352 3710 1655 3781 subjungit.
1687 3707 1903 3764 Etenim

310 3822 500 3870 contra
531 3812 813 3867 historiam
866 3808 1247 3879 Evangelicam
1273 3806 1431 3861 Joan.
1456 3819 1516 3870 ll,
1566 3803 1668 3859 sub
1710 3801 1905 3857 eodem

314 3922 460 3964 anno
500 3907 807 3972 asseritur,
848 3902 1068 3960 Judaos
1118 3902 1210 3973 qui
1257 3909 1416 3956 erant
1467 3896 1861 3969 Hierosolymis
1886 3940 1903 3964 ,

314 4004 512 4060 litteris
556 4002 719 4070 datis,
766 4015 1097 4057 consensum
1161 3997 1480 4056 Judmorum
1538 3994 1906 4067 Hispanorum

315 4112 479 4168 super
514 4094 715 4153 Christi
769 4105 945 4150 morte
982 4094 1334 4166 qumsivisse;
1382 4106 1505 4146 nam
1554 4098 1673 4160 post
1725 4102 1910 4144 resur-

317 4189 616 4245 rectionem
670 4185 857 4241 Lazari
905 4193 959 4238 et
996 4184 1335 4240 coactioncm
1383 4181 1598 4237 concilii
1630 4195 1737 4249 quo
1759 4178 1911 4233 Chri-

317 4283 388 4338 sti
436 4280 671 4351 perditio
711 4278 930 4333 decreta
976 4287 1091 4341 est,
1142 4293 1248 4331 non
1294 4273 1527 4345 amplius
1580 4278 1910 4327 consensum

328 4372 563 4427 aliorum
594 4368 1002 4437 exquisierunt;
1037 4366 1131 4420 scd
1161 4364 1474 4419 mandatum
1503 4364 1569 4417 ad
1622 4364 1769 4417 illum
1819 4376 1912 4416 ca-

319 4462 581 4531 piendum
608 4460 900 4522 dederunt,
950 4470 1005 4513 ut
1039 4458 1204 4514 verba
1236 4458 1324 4512 illa
1358 4463 1665 4511 monstrant
1696 4474 1708 4507 ε
1743 4453 1915 4507 Dede-

2004 3245 2187 3299 ccnsis
2217 3243 2270 3300 lu
2305 3245 2500 3302 [lectica
2542 3263 2571 3301 ιι
2616 3249 3015 3321 l’etagiattismo
3060 3252 3125 3305 ad
3183 3253 3442 3309 Ecclesia:
3468 3267 3596 3325 gre-

2006 3339 2173 3395 mium
2221 3340 2478 3397 rcductus
2517 3342 2587 3396 ab
2615 3344 2917 3414 AttgttStino
2968 3347 3228 3416 magistro
3271 3362 3371 3402 suo
3402 3365 3416 3401 :
3443 3347 3598 3416 Quod

2006 3444 2346 3505 prclerquam
2374 3436 2515 3505 quod
2544 3446 2620 3491 est
2667 3439 2994 3507 manifestum
3048 3439 3373 3495 mendacium
3416 3443 3472 3496 in
3510 3441 3603 3495 hic

2006 3528 2187 3591 atoria,
2213 3525 2464 3601 Leporius
2488 3531 2626 3585 enim
2648 3530 2743 3585 istc
2770 3534 2875 3603 fuit
2916 3533 3189 3604 episcopus
3242 3532 3499 3590 Uticensis
3544 3536 3600 3590 in

2007 3620 2208 3692 Africa,
2240 3637 2342 3675 non
2370 3623 2421 3676 in
2452 3620 2678 3687 Btetica;
2707 3633 2783 3679 cst
2805 3629 2961 3679 etiam
3008 3624 3352 3680 intolerabilis
3402 3625 3602 3697 injuria

2007 3713 2078 3769 ι).
2130 3714 2420 3785 Augustino
2459 3726 2503 3770 et
2542 3718 2683 3772 illius
2712 3720 2926 3791 familia:
2951 3720 3201 3791 irrogata,
3248 3735 3313 3773 ea:
3354 3737 3460 3792 qua
3509 3737 3601 3794 per

2010 3807 2107 3861 Dei
2123 3810 2343 3880 gratiam
2365 3825 2524 3881 neque
2550 3809 2931 3877 Ita-resiarchar,
2952 3826 3115 3880 neque
3136 3813 3383 3880 Itmretici,
3417 3814 3602 3867 saltem

2010 3898 2104 3955 illo
2133 3900 2347 3967 vivente,
2377 3901 2726 3973 prodierunt:
2753 3902 2922 3971 qualis
2952 3902 3036 3955 Itic
3082 3901 3336 3969 Leporius
3380 3904 3598 3959 exstitit.

2085 3990 2327 4061 Denique
2355 4006 2478 4046 cum
2509 3991 2575 4045 ad
2602 3992 2804 4047 calcem
2833 3991 3091 4048 Chronici
3145 3993 3361 4048 dicatur
3406 3993 3604 4050 Dexter

2012 4098 2155 4139 anno
2186 4085 2396 4139 Domini
2424 4084 2533 4141 ΗΟ
2557 4100 2679 4141 csse
2707 4087 2885 4141 :etatis
2910 4086 2999 4155 7-3,
3034 4097 3089 4140 et
3112 4095 3292 4143 tamen
3324 4101 3469 4143 anno
3496 4087 3604 4145 390

2014 4177 2144 4232 ilhtd
2189 4178 2300 4248 jam
2331 4177 2677 4243 absolvisset,
2736 4178 2812 4233 u'i
2866 4196 2933 4235 ex
2983 4181 3315 4254 llicrooytno
3371 4180 3467 4237 lib.
3536 4181 3609 4238 de

2016 4273 2217 4339 Script.
2270 4271 2483 4328 ECl‘leS.
2520 4274 2579 4327 lit
2632 4273 3000 4344 manifestum,
3043 4290 3387 4345 consequens
3434 4285 3613 4331 estut

2017 4363 2215 4418 librum
2249 4377 2406 4418 suum
2441 4365 2733 4435 scripserit
2760 4382 2936 4423 annos
2966 4368 3175 4424 habens
3199 4368 3481 4424 dumtaxat
3507 4367 3604 4437 20,

2017 4456 2243 4527 ejusque
2272 4458 2451 4511 :etatis
2482 4459 2771 4528 praefectus
2800 4460 3061 4530 prmtorio
3117 4462 3295 4530 luerit,
3328 4460 3471 4533 quod
3522 4461 3609 4517 iu-

320 4562 443 4608 runt
503 4562 673 4605 autem
713 4549 985 4619 pontiﬁces
1016 4559 1061 4602 et
1096 4546 1353 4602 Pharismi
1384 4545 1707 4613 mandatum,
1762 4553 1819 4598 ut
1867 4546 1912 4599 si
1943 4567 1994 4627 ι)
2017 4548 2283 4605 credibile
2313 4564 2535 4620 prorsus
2564 4552 2798 4607 videtur,

320 4648 437 4719 quis
463 4644 759 4719 cognoverit
789 4640 871 4697 ulti
899 4642 987 4709 ait,
1016 4640 1224 4703 indicet,
1255 4648 1313 4693 ut
1337 4638 1731 4708 appreltendant
1770 4651 1908 4691 cum.

325 4743 390 4798 Et
429 4740 731 4811 oppositum
777 4736 1128 4791 vanissimum
1157 4744 1321 4789 vocat
1346 4742 1737 4789 commentum.

398 4834 604 4889 llursus
632 4831 732 4888 sub
762 4845 905 4885 anno
932 4828 1022 4895 38,
1055 4826 1189 4883 l‘also
1216 4826 1417 4882 dicitur
1452 4840 1518 4881 eo
1543 4839 1688 4881 anno
1716 4824 1915 4881 Saulus

326 4940 452 5003 post
479 4925 895 4984 conversionem
929 4922 1244 4992 pervenisse
1263 4919 1659 4992 Jerosolymam
1689 4935 1700 4971 :
1726 4924 1914 4987 utpote

328 5026 482 5096 cujus
521 5019 828 5091 oppositum
861 5014 1061 5071 scribat
1092 5015 1207 5085 ipse
1266 5014 1463 5070 Paulus
1514 5011 1581 5066 ad
1636 5010 1815 5067 Galat.
1858 5024 1915 5065 t:

332 5118 590 5173 Continuo
613 5107 1215 5182 (nostcouversionem)
1246 5123 1348 5161 non
1373 5106 1490 5160 ινεηὶ
1531 5104 1918 5175 Icrosolymam

331 5214 406 5267 ad
450 5217 791 5265 antecessores
818 5218 957 5259 meos
980 5201 1261 5275 apostolos,
1295 5198 1383 5254 sed
1412 5199 1516 5252 abii
1564 5198 1619 5251 in
1650 5195 1917 5264 Arabiam,

333 5324 380 5369 et
410 5314 591 5367 iterum
620 5326 851 5365 reversus
876 5323 989 5361 sum
1018 5302 1336 5358 Damascum
1354 5320 1373 5358 :
1402 5301 1590 5357 deinde
1615 5308 1731 5368 post
1760 5315 1925 5355 annos

337 5414 441 5461 tres
475 5404 588 5459 veni
613 5399 997 5473 Jerosolyntam
1024 5412 1043 5453 :
1073 5394 1218 5470 quod
1251 5411 1358 5453 non
1384 5393 1614 5466 contigit
1643 5408 1814 5465 usque
1857 5391 1924 5450 ad

338 5511 428 5553 an.
464 5496 620 5551 Dom.
655 5493 746 5549 4t.

408 5588 521 5644 Sub
542 5602 743 5643 annum
763 5585 973 5642 Domini
991 5583 1079 5647 86,
1096 5583 1466 5656 pontiﬁcatum
1491 5581 1611 5639 Lini
1654 5582 1934 5655 hucusque

343 5680 632 5754 producit;
664 5680 802 5751 quod
851 5680 926 5735 ita
972 5679 1167 5749 falsum
1208 5688 1304 5749 est,
1335 5678 1430 5748 ait,
1465 5686 1519 5734 ut
1564 5692 1691 5741 opus
1737 5693 1839 5733 non
1865 5678 1935 5732 ait

350 5773 492 5830 illius
538 5773 819 5849 falsitatem
848 5772 1085 5845 probare.

2094 4642 2371 4698 llactcnns
2393 4644 2444 4698 iu
2474 4644 2721 4701 codicem
2743 4646 2925 4705 Dextri
2956 4647 3249 4705 insurrexit
3277 4649 3614 4718 Peunottus;

2022 4738 2197 4807 pergit
2223 4735 2485 4808 deinceps
2516 4738 2568 4792 iu
2598 4738 2715 4808 ejus
2744 4741 3177 4795 continuaturem
3207 4742 3278 4799 Μ.
3325 4740 3613 4799 Maximum

2024 4830 2193 4885 multa
2236 4829 2338 4884 alia
2369 4832 2718 4901 conquirere,
2742 4834 2896 4901 cujus
2924 4848 3062 4903 opus
3092 4835 3399 4904 corruptius
3438 4835 3615 4891 adhue.

2026 4922 2213 4978 multis
2235 4922 2410 4978 modis
2438 4924 2674 4980 existere
2696 4924 3002 4981 contendit.
3038 4925 3222 4981 Primo
3248 4942 3483 4997 namque
3512 4914 3619 4987 Sub

2026 5033 2171 5073 anno
2213 5016 2342 5082 439.,
2386 5018 2655 5074 lsidorum
2718 5030 2997 5075 auctorem
3049 5021 3169 5075 libri
3213 5021 3617 5092 Allegorinrum

2026 5118 2193 5165 vocat
2223 5110 2529 5172 Seniorcm;
2561 5110 2883 5166 discordans
2912 5126 2941 5165 a
2977 5113 3193 5178 Dextro,
3227 5113 3316 5183 qui
3368 5129 3492 5167 eum
3525 5128 3622 5167 vo-

2030 5201 2175 5257 cavit
2217 5200 2513 5269 luniorent,
2562 5202 2628 5256 ad
2670 5218 2867 5257 annum
2900 5201 3030 5269 450,
3070 5213 3275 5257 etcum
3330 5202 3419 5259 ille
3468 5203 3623 5259 dedi-

2031 5309 2189 5350 casse
2241 5305 2450 5350 asserat
2503 5294 2900 5366 Allcgoriarum
2960 5295 3158 5351 librum
3218 5295 3386 5351 Paulo
3425 5298 3623 5353 Oresio

2032 5390 2453 5458 Tarraconensi,
2480 5390 2566 5445 hic
2598 5389 2763 5444 Paulo
2793 5388 2989 5446 Orosio
3016 5387 3338 5461 Legionensi
3363 5389 3627 5461 episcopo

2036 5492 2406 5553 nuncupatum
2461 5480 2764 5537 contendit.

2113 5576 2319 5631 Rursus
2348 5576 2449 5631 sub
2479 5590 2624 5631 anno
2648 5573 2776 5644 £59,
2818 5575 2972 5647 ponit
3019 5573 3227 5631 obitum
3274 5572 3485 5643 Dextri,
3531 5576 3623 5646 qui

2040 5678 2221 5726 tamen
2251 5668 2504 5740 superius
2548 5668 2616 5725 de
2644 5683 2704 5724 se
2731 5669 2869 5726 dixit
2915 5668 3163 5727 ultimam
3192 5666 3343 5739 operi
3376 5679 3477 5724 suo
3522 5667 3594 5723 im
3614 5696 3631 5715 ο

2042 5763 2293 5836 posuisse
2322 5777 2539 5823 manum
2571 5777 2715 5821 anno
2745 5764 2853 5821 .Uitl
