4052 6480
439 282 551 342 599

1341 277 1636 338 FLAVIUS
1673 276 1922 337 LUCIUS
1959 275 2245 336 DEXTEB
2282 276 2815 339 CllROROLOGUS.

514 398 784 456 Similiter
820 413 966 455 anno
992 400 1119 469 Ut,
1161 398 1365 454 abiisse
1408 397 1603 453 scribit
1638 395 1870 452 Paulum
1901 393 2038 450 Oro-
2065 395 2121 458 Δ
2146 411 2270 453 cum
2300 398 2369 454 de
2394 398 2456 453 S.
2485 398 2694 455 Donato
2713 406 2881 471 agunt
2905 398 3111 471 regulae
3134 398 3423 471 Augustini
3470 415 3584 457 non
3621 415 3740 457 me-

440 497 607 563 sium,
639 494 960 549 centenario
986 493 1270 562 maiorem,
1316 490 1408 562 qui
1442 502 1622 546 tamen
1646 488 1717 542 88
1752 486 2043 543 dumtaxat

442 590 783 658 expleverat,
815 595 1003 655 utpote
1031 593 1211 654 natus,
1240 594 1385 642 teste
1410 584 1633 647 Dextro,
1666 597 1735 636 an
1766 576 1897 636 εει.

510 682 593 738 Ad
623 696 832 736 annum
862 680 1077 734 Domini
1120 678 1251 745 475,
1297 685 1519 734 sanctos
1570 683 1846 747 martyres
1901 671 2043 728 Afri-

440 790 606 832 canos
636 775 947 830 Liberatum
975 784 1031 828 et
1060 774 1241 827 socios
1281 772 1385 827 sub
1429 769 1760 825 Himmerico
1800 763 2040 821 Wanda-

438 871 615 925 lorum
640 883 765 939 rege
778 881 972 939 passos
1000 876 1278 933 nuncupat
1298 865 1582 919 monachos
1602 859 2037 932 Angustissimum,

439 978 563 1033 qum
591 977 698 1016 vox
730 960 904 1016 multo
948 960 1231 1016 recentior
1268 966 1355 1013 est
1380 954 1453 1012 Il.
1486 954 1743 1021 Maximo,
1797 960 1855 1008 et
1893 965 1923 1006 a
1952 965 2045 1007 re.

439 1054 801 1121 cautioribus,
830 1051 920 1107 vel
952 1049 1509 1122 Nagdeburgensibus
1538 1046 1764 1102 forsitan
1791 1041 2001 1099 addita.

508 1148 628 1204 Sub
680 1162 825 1200 anno
878 1144 1006 1209 486,
1037 1143 1097 1199 S.
1130 1140 1451 1211 Fulgentius
1490 1132 1795 1209 RuSpensis
1842 1135 2042 1191 dicitur

441 1240 741 1297 Toletanus
770 1237 1007 1309 origine,
1037 1250 1164 1292 cum
1208 1245 1391 1290 tamen
1430 1232 1721 1289 Africanus
1768 1228 1954 1294 fuerit,
1985 1235 2044 1283 et

441 1344 605 1390 natus
648 1333 912 1403 Telephe,
960 1346 1067 1386 non
1092 1327 1292 1397 Toleti,
1344 1342 1415 1382 ex
1460 1324 1787 1397 parentibus
1831 1320 2044 1378 ordinis

442 1422 1291 1496 SenatoriiCarthaginensibus,
1348 1436 1459 1477 non
1501 1416 1806 1485 Toletanis,
1859 1424 1920 1471 ut
1971 1429 2042 1471 ex

437 1525 559 1595 ejus
586 1527 758 1595 gestis
785 1530 1027 1578 constat.
1624 1588 1629 1593 _

509 1620 671 1675 Anno
714 1616 925 1672 Domini
986 1614 1112 1681 5H,
1171 1611 1232 1669 S.
1300 1606 1617 1667 Vincentius
1683 1601 2042 1675 Legionensis

438 1722 652 1784 martyr
698 1712 964 1765 asseritur
1006 1709 1253 1764 ordinem
1312 1705 1373 1760 S.
1426 1700 1704 1759 Benedicti
1763 1697 2041 1769 prolessus

2144 491 2460 555 minerunt;
2488 491 2583 547 sed
2604 502 2660 547 et
2687 494 3080 549 monasterium
3105 494 3450 549 Servianum
3481 493 3653 551 fuisse
3672 508 3739 551 ex

2147 581 2341 639 ordino
2369 583 2429 639 S.
2460 583 2742 641 Benedicti
2774 584 2892 656 ipse
2912 592 3107 641 auctor
3150 583 3352 642 fatetur
3401 582 3633 643 inferius
3671 585 3739 644 ad

2146 689 2350 732 annum
2381 674 2593 733 Domini
2622 676 2753 733 590.
3761 680 3767 686 ’

2217 766 2333 824 Sub
2378 784 2527 825 anno
2551 769 2678 837 590,
2706 770 2975 826 asseritur
3004 770 3077 827 ιι.
3110 768 3383 827 Maximus
3427 785 3498 828 ex
3545 772 3741 829 abbate

2145 860 2624 919 Bettcdictinorum
2672 864 2848 920 factus
2890 864 3415 937 Caesaraugustam:
3465 864 3740 923 archidia-

2142 969 2342 1023 conus,
2373 955 2519 1027 quod
2550 965 2754 1026 prteter
2783 972 2992 1012 ruerent
3021 956 3168 1013 illius
3200 958 3466 1031 temporis
3492 967 3598 1014 est.

2216 1045 2379 1103 Auno
2409 1046 2644 1117 denique
2684 1047 2816 1115 606,
2865 1046 3240 1105 ﬂacbumetus
3281 1065 3379 1119 per
3428 1049 3742 1121 Hispaniam

2142 1148 2424 1211 grassatus
2463 1140 2706 1207 dicitur;
2734 1141 2883 1212 quod
2925 1149 3106 1198 tamen
3133 1140 3454 1198 ludentum
3502 1152 3578 1198 est
3605 1160 3747 1200 tuen-

2144 1232 2355 1285 daciuns
2379 1231 2479 1303 (ait
2510 1230 2855 1303 Pennottua),
2888 1247 3013 1288 nam
3044 1233 3416 1308 blaehumettts
3442 1250 3743 1308 numquam

2147 1321 2462 1392 Hispaniam
2486 1322 2643 1389 vidit.
2670 1333 2731 1380 ut
2760 1324 2885 1396 plus
2912 1333 3101 1380 nutum
3122 1333 3229 1391 est,
3257 1339 3422 1397 quam
3448 1328 3596 1398 quod
3620 1342 3747 1398 pro-

2147 1415 2368 1473 batione
2399 1416 2671 1490 indigeat;
2700 1432 2802 1474 nec
2828 1418 2951 1489 ejus
2975 1418 3199 1476 asseelzn
3229 1418 3287 1476 in
3314 1435 3437 1476 eam
3467 1421 3746 1480 irruerunt

2149 1522 2324 1580 usque
2367 1509 2435 1565 ad
2466 1524 2669 1566 annum
2700 1510 2921 1568 Domini
2948 1510 3077 1578 715,
3108 1521 3168 1568 ut
3193 1527 3263 1569 ex
3304 1511 3579 1571 Tuditano
3619 1528 3749 1586 pro-

2146 1604 2240 1661 bat
2294 1604 2559 1661 Baronius
2586 1615 2720 1661 tom.
2762 1620 2839 1676 γι,
2879 1614 2989 1663 etc.
3037 1606 3217 1680 Atque
3265 1608 3384 1665 hac
3420 1608 3642 1683 quidem
3686 1610 3745 1668 in

2148 1695 2218 1752 Il.
2250 1696 2543 1753 Maximum
2585 1697 2742 1753 dixit.

438 1805 600 1875 paulo
626 1810 916 1871 antequam
939 1798 1259 1871 martyrium
1284 1796 1601 1851 suStineret.
1614 1790 1749 1848 Cum
1767 1800 1949 1845 tamen
1979 1788 2040 1844 S.
2072 1790 2123 1854 B
2219 1789 2348 1846 Post
2378 1789 2451 1846 n.
2496 1790 2790 1847 Maximum
2820 1789 3015 1847 habuit
3037 1792 3204 1848 etiam
3233 1792 3436 1851 Dexter
3461 1793 3747 1850 continua-

438 1893 768 1948 Benedictus
797 1906 969 1961 usque
996 1890 1061 1943 ad
1080 1904 1282 1943 annum
1304 1886 1433 1953 5‘25,
1451 1883 1749 1941 monachos
1769 1898 1878 1937 non
1901 1894 2038 1936 con-

434 1986 769 2055 grevavcrit,
798 1992 855 2038 ct
881 1985 931 2037 in
963 1983 1252 2051 Hispanias
1284 1978 1539 2035 monachi
1578 1975 1753 2047 ipsius
1790 1989 1899 2030 non
1926 1982 2039 2028 tra-

433 2078 672 2148 jcccriut
723 2091 898 2146 usque
925 2074 992 2131 ad
1024 2075 1150 2130 (illi:
1184 2074 1246 2127 Et
1278 2086 1382 2127 vox
1416 2070 1551 2127 illa:
1585 2067 1669 2123 Ex
1698 2065 1882 2123 ordine
1926 2075 2042 2137 post

438 2170 505 2225 S.
553 2168 844 2232 Benedicti,
875 2183 983 2221 non
1012 2174 1132 2222 erat
1174 2174 1302 2220 tunc
1326 2164 1381 2218 in
1414 2178 1535 2219 usu.

506 2264 696 2319 Simile
718 2275 799 2319 est
828 2262 972 2333 quod
1002 2276 1133 2315 ann.
1165 2260 1265 2315 551
1292 2260 1359 2314 de
1379 2257 1438 2313 S.
1462 2254 1689 2314 Turibio
1704 2253 1905 2312 dicitur
1932 2252 2042 2309 Ro-

438 2375 542 2415 ma:
563 2376 592 2412 a
613 2361 671 2416 S.
693 2359 987 2415 Betiedicto
1014 2356 1260 2411 habitum
1275 2353 1585 2424 suscepisse
1604 2369 1620 2407 :
1639 2366 1762 2406 nam
1786 2350 1851 2406 D.
1869 2350 2042 2404 Bene-

438 2451 617 2506 dictus
645 2466 933 2518 numquam
959 2450 1147 2504 Roma!
1178 2455 1303 2519 post
1322 2446 1705 2501 monachatum
1736 2442 2033 2508 habitavit,

440 2561 618 2615 neque
646 2548 766 2615 ejus
805 2543 1055 2599 monachi
1098 2550 1226 2597 ante
1252 2540 1357 2597 567
1398 2538 1627 2595 Romam
1666 2536 2034 2592 incoluerunt.

515 2640 629 2694 Sub
671 2654 816 2692 anno
848 2636 974 2704 554,
1003 2636 1177 2707 inquit
1208 2644 1402 2689 auctor
1428 2640 1703 2689 mortuum
1728 2644 1852 2686 esse
1886 2628 2033 2686 Geo-

435 2733 655 2789 mdium
698 2730 1117 2795 Massiliensem,
1182 2728 1273 2799 qui
1316 2736 1500 2783 tamen
1556 2734 1684 2782 ante
1745 2723 1820 2781 40
1862 2737 2037 2778 annos

436 2827 677 2891 obicrat,
726 2834 915 2895 utpote
938 2824 1031 2894 qui
1058 2823 1225 2879 libros
1262 2834 1393 2875 suos
1420 2819 1642 2876 Gelasio
1672 2818 1834 2889 Papa:
1864 2817 2038 2873 corri-

434 2918 645 2989 gendos
696 2916 919 2980 obtulit,
968 2923 1025 2970 et
1071 2923 1390 2969 sanctorum
1432 2908 1710 2983 Prosperi,
1760 2908 1949 2966 llilarii
1979 2919 2036 2967 et

432 3010 677 3069 Cassiani
700 3019 1014 3063 comtatteus
1041 3006 1161 3061 fuit.
1712 3020 1719 3026 θ

512 3107 672 3161 Auno
720 3101 847 3168 562,
880 3117 1167 3172 perperam
1199 3098 1460 3157 asseritur
1504 3095 1898 3168 Athanagildus
1934 3111 2031 3152 rex

2147 1895 2319 1942 torem
2361 1885 2765 1957 Euthraudum,
2807 1901 2904 1943 seu
2930 1886 3340 1960 Luidprandum
3366 1886 3742 1955 'ficinensem,

2147 1979 2302 2050 cujus
2350 1978 2743 2036 dedieatoriam
2770 1980 3058 2052 epistolam
3100 1979 3169 2036 ad
3213 1979 3613 2052 Regimundum
3654 1979 3745 2037 lti-

2148 2072 2487 2128 berritanum
2528 2072 2829 2128 antistitem
2857 2070 3101 2128 Joannes
3121 2069 3395 2130 Celderon
3425 2072 3622 2129 excudi
3647 2089 3745 2129 cu-

2147 2166 2321 2233 ravit;
2347 2166 2400 2221 in
2423 2181 2543 2223 eam
2576 2164 2934 2222 nihilominus
2960 2166 3264 2222 l'ennottus
3281 2163 3463 2236 iacula
3492 2166 3742 2238 qudam

2146 2261 2448 2323 contorsit;
2479 2273 2579 2315 nec
2605 2260 2750 2313 enim
2775 2257 3155 2329 Antipodosim
3186 2274 3341 2313 suam
3369 2258 3594 2331 scripnit
3620 2259 3743 2315 dia-

2144 2366 2315 2409 conus
2340 2351 2520 2407 adhuc
2546 2351 2876 2417 'ficincnsis,
2900 2349 2997 2407 sed
3028 2352 3318 2421 cpiscopus
3356 2352 3471 2421 jam
3517 2353 3744 2408 Cremo-

2144 2442 2331 2497 nensis
2357 2442 2635 2497 existens:
2665 2456 2764 2498 nec
2788 2442 2940 2496 circa
2980 2456 3184 2497 annum
3212 2441 3417 2497 Christi
3463 2440 3595 2506 860,
3640 2442 3741 2500 scd

2144 2535 2272 2594 962.
2307 2546 2367 2589 ut
2396 2550 2461 2590 ex
2486 2534 2805 2605 prrefatione
2830 2534 2928 2591 lib.
2976 2550 3031 2590 ιιι
3061 2542 3297 2601 constat,
3329 2544 3387 2591 et
3412 2535 3611 2606 probat
3639 2535 3741 2591 Ba-

2142 2629 2335 2686 ronius
2360 2628 2427 2685 ad
2474 2645 2675 2685 annum
2702 2629 2830 2696 965,
2861 2644 2964 2685 nec
2992 2644 3115 2685 cum
3143 2629 3420 2685 exstdaret
3442 2629 3585 2701 apud
3613 2629 3740 2687 Ful-

2142 2722 2290 2788 dam,
2313 2722 2409 2777 sed
2440 2738 2561 2776 cum
2586 2722 2858 2793 legatione
2881 2721 3482 2794 Constantinopolitana
3507 2721 3735 2782 rediret.

2140 2816 2301 2886 Quod
2337 2817 2383 2873 si
2436 2816 2497 2874 S.
2535 2816 2715 2873 Boniti
2764 2816 3014 2873 Toletani
3061 2816 3473 2890 archipmulis
3516 2817 3736 2875 subdia-

2141 2924 2312 2965 conus
2344 2910 2462 2980 fuit,
2494 2911 2695 2966 vixisse
2722 2912 2962 2979 oportuit
2992 2926 3084 2967 an.
3116 2911 3271 2968 Dom.
3319 2911 3446 2981 860,
3497 2926 3609 2983 quo
3632 2909 3733 2969 ιιο-
3759 2943 3763 2947 -

2143 3001 2300 3058 rebat
2335 3001 2583 3064 Bonitus.
2639 3010 2779 3058 teste
2815 3001 3052 3069 Murillo,
3094 3012 3150 3058 et
3196 3018 3365 3073 quare
3391 3002 3734 3061 continuatio

2138 3092 2443 3150 Euthraudi
2462 3092 2631 3150 simul
2657 3108 2781 3149 cum
2815 3093 3017 3149 Dextro
3043 3105 3099 3149 et
3129 3092 3365 3150 laximo
3390 3108 3589 3151 excusa
3619 3110 3727 3151 non

434 3199 645 3252 vocatis
691 3198 761 3251 ab
803 3197 953 3250 Italia
995 3194 1276 3250 monachis
1303 3193 1479 3249 Toleti
1532 3191 1822 3264 Agaliensc
1846 3203 2033 3247 cmuo-
2057 3179 2107 3250 (ἶ
2138 3185 2262 3254 fuit,
2296 3187 2390 3242 sed
2434 3184 2583 3242 velut
2625 3185 2812 3253 spuria
2856 3185 3099 3255 reiecta?
3142 3185 3202 3243 Si
3244 3201 3376 3244 vero
3401 3188 3586 3260 spuria
3616 3195 3723 3257 est,

434 3290 585 3346 bium
615 3289 915 3345 aediﬁcasse
939 3333 953 3356 ,
998 3304 1118 3342 cum
1153 3286 1315 3342 fuerit
1353 3284 1645 3340 htereticus
1674 3283 1913 3339 Arianus
1940 3283 2028 3337 vel

434 3400 697 3456 paganus,
734 3396 791 3437 ut
822 3382 1082 3439 Baronius
1116 3383 1324 3437 notavit
1350 3395 1415 3435 ex
1439 3379 1735 3446 Tuditano,
1764 3387 1895 3433 tom.
1927 3392 2024 3444 vn,

432 3496 525 3534 an.
558 3479 686 3539 567.
716 3493 863 3532 num.
899 3478 985 3533 17.
1016 3476 1218 3531 .lbidem
1245 3476 1318 3530 ab
1343 3475 1537 3530 eodem
1586 3489 1713 3543 rege
1746 3483 2020 3529 monaste-

431 3574 570 3629 rium
603 3574 773 3640 Syslae
793 3572 989 3629 dicitur
1008 3573 1358 3636 mditieatum,
1382 3572 1525 3639 quod
1546 3569 1799 3625 eamdem
1822 3569 2026 3638 patitur

434 3668 833 3729 difﬁcultatem,
864 3674 919 3721 ct
947 3666 1088 3736 quod
1136 3667 1197 3720 D.
1243 3665 1543 3736 Augustino
1568 3663 1895 3719 aediﬁcatum
1927 3662 2022 3730 sit,

430 3776 554 3813 cum
584 3759 826 3815 Julianus
855 3760 913 3814 S.
968 3759 1149 3812 Maria:
1195 3767 1557 3827 nuncupatum
1607 3754 1836 3823 scribat,
1880 3764 1936 3811 et
1965 3754 2020 3811 in

426 3854 547 3908 aliis
582 3851 873 3907 (Iudicibus
897 3861 1142 3907 erectum
1172 3850 1378 3905 dicatur
1407 3864 1496 3903 an.
1518 3835 1659 3904 414.

500 3945 613 4001 Sub
644 3960 732 3996 an.
786 3943 917 4011 {(38,
951 3956 1176 4011 prorsus
1207 3942 1399 3996 falsum
1424 3948 1511 3997 est
1539 3938 1639 4013 (ait
1691 3936 2016 4010 Peunottus)

423 4036 567 4107 quod
594 4038 860 4091 asseritur
893 4035 1193 4090 Ecclesium
1220 4034 1277 4090 S.
1306 4033 1490 4089 Maria:
1512 4033 1583 4089 de
1608 4031 1875 4087 Columna
1902 4032 2014 4086 Ca!-

420 4135 758 4196 saraugusun
802 4142 834 4180 a
882 4126 1163 4181 monachis
1216 4128 1274 4183 S.
1309 4124 1585 4180 Benedicti
1636 4123 2014 4191 inhabitatum,

421 4222 564 4291 quod
608 4230 788 4275 tamen
820 4220 1126 4274 institutum
1158 4219 1481 4274 clericorum
1505 4219 1894 4275 Canonicorum
1924 4232 2014 4274 re-

418 4314 686 4383 gulariter
729 4313 1024 4365 viventium
1051 4326 1079 4364 a
1110 4311 1466 4365 sanctissimis
1494 4312 1758 4381 apos:olis
1800 4311 2016 4380 planta-

416 4418 555 4473 tum,
614 4408 664 4459 in
700 4407 843 4459 hunc
873 4419 1042 4475 usque
1069 4404 1214 4461 diem
1246 4404 1395 4475 (Deo
1424 4402 1766 4476 protegente)
1821 4418 2009 4472 perse-

415 4504 577 4552 verat
603 4514 617 4552 :
648 4511 744 4549 nec
790 4496 1151 4549 omittendum
1195 4494 1339 4566 quod
1374 4495 1623 4550 subditur
1671 4512 1683 4547 :

2135 3276 2329 3349 ipsum
2369 3294 2584 3349 quoque
2642 3276 2834 3335 Dextri
2884 3277 3221 3348 Cbronicon,
3279 3285 3339 3335 et
3380 3281 3725 3337 continuatio

2133 3368 2373 3433 Maximi.
2420 3385 2541 3441 qum
2565 3370 2635 3424 ab
2660 3370 2890 3441 epistola
2917 3369 3219 3427 Euthrandi
3243 3368 3405 3427 tidem
3424 3370 3719 3446 accipiunt,

2130 3464 2317 3534 spuria
2349 3464 2534 3519 itidem
2580 3472 2762 3520 erunt.

2133 3578 2161 3651 §
2184 3577 2273 3634 ill.
2296 3578 2647 3651 Tripartitain
2668 3575 2913 3651 Penuotti
2930 3576 3122 3651 (isdem
3142 3576 3335 3634 irretiri
3352 3576 3725 3646 nodis,quihts

2235 3650 2583 3705 omnimodtm:
2610 3647 2796 3704 Dentri
2826 3647 3111 3705 Historians
3140 3651 3335 3705 vincire
3362 3658 3602 3705 cauetur.

2198 3742 2331 3797 Cum
2356 3742 2631 3814 hucusque
2654 3756 2975 3814 progressus
2998 3740 3259 3812 subsisto,
3284 3742 3340 3798 in
3364 3753 3600 3798 mentem
3622 3759 3717 3802 ve-

2124 3834 2205 3891 nit
2218 3835 2343 3906 jure
2365 3850 2451 3890 me
2472 3834 2525 3889 in
2552 3835 2809 3904 ipsum,si
2830 3833 3063 3903 luberet,
3086 3848 3149 3889 ea
3170 3842 3533 3906 contorquere
3555 3834 3717 3892 verba

2123 3944 2306 4002 posse,
2339 3944 2459 3999 qum
2487 3929 2580 3984 lib.
2614 3943 2653 3983 ιι
2682 3927 2995 3999 Tripartitze
3018 3940 3131 3983 sua:
3160 3941 3213 3983 e.
3246 3927 3335 3995 18,
3363 3944 3514 3983 ιιιιιιι.
3537 3927 3592 3995 3,
3620 3928 3715 3984 ad-

2108 4023 2334 4080 versum
2365 4023 2581 4079 doctum
2613 4031 2671 4080 et
2700 4022 3046 4095 reliogiosum
3073 4023 3247 4079 virum
3272 4023 3334 4079 lt.
3362 4022 3419 4079 Ρ.
3447 4022 3717 4082 Constan-

2120 4116 2291 4170 tinum
2314 4114 2633 4185 Cajetauum
2657 4116 2899 4171 animose
2920 4115 3055 4170 satis
3076 4115 3391 4185 intorquet:
3417 4113 3521 4171 Hic
3541 4125 3711 4173 tamen

2117 4205 2576 4263 Coustantinianus
2615 4217 2897 4281 apparatus
2935 4224 2999 4263 ac
3028 4216 3204 4264 tan!”
3232 4210 3502 4267 uerborum
3527 4214 3715 4285 strepi-

2116 4312 2219 4369 tus,
2254 4311 2327 4356 tot
2356 4312 2692 4357 scontmatum
2728 4302 2997 4377 ornatibus
3023 4310 3223 4357 tamen:
3254 4319 3317 4358 ar
3345 4312 3576 4377 turgens,
3606 4322 3711 4363 non

2113 4397 2243 4451 adeo
2283 4396 2482 4452 solidus
2520 4404 2615 4465 est,
2660 4406 2714 4451 nt
2756 4398 2834 4451 uel
2862 4412 2965 4450 uno
2991 4397 3100 4452 ictu
3128 4406 3266 4453 totus
3293 4399 3553 4472 disrumpi
3578 4412 3627 4457 ct
3653 4401 3709 4457 iu

1737 4492 2012 4566 Propeque
2110 4506 2278 4545 acrem
2313 4492 2445 4545 solvi
2473 4507 2576 4546 non
2602 4501 2804 4563 posset;
2830 4506 2923 4545 nec
2951 4491 3081 4544 tanti
3107 4492 3355 4565 ponderis
3383 4501 3439 4548 ut
3465 4495 3537 4547 ad
3559 4494 3709 4551 illul

416 4600 527 4645 erat
555 4591 921 4643 "tonastt‘rittm
952 4590 1323 4643 ttzorracltorum
1350 4587 1806 4643 Beuedictinornm
1832 4628 1850 4655 ,
1892 4598 2004 4645 tum
2036 4567 2087 4629 θ
2113 4585 2449 4657 refutamlum
2501 4600 2712 4639 manum
2761 4584 2964 4639 calamo
3020 4585 3295 4642 admovere
3348 4585 3643 4644 deberemus
3684 4604 3707 4645 :

414 4685 560 4757 quod
611 4684 837 4739 iormula
900 4684 988 4737 illa
1039 4684 1293 4755 laquetidi
1344 4680 1805 4739 Benedictinorum
1866 4698 2004 4739 nova

411 4778 503 4844 sit,
538 4788 647 4831 tum
679 4778 840 4831 etiam
870 4776 994 4846 quia
1024 4777 1118 4831 illo
1148 4777 1318 4830 verbo
1370 4773 1523 4841 Erat,
1579 4775 1826 4831 inanitur
1877 4784 2004 4833 tunc

411 4870 675 4939 temporis
720 4871 960 4923 d:rutum
1012 4870 1121 4938 jam
1178 4870 1344 4925 fuisse
1398 4868 1528 4923 illud
1586 4870 2001 4939 monasterium,

408 4962 551 5030 quod
585 4973 760 5015 tamen
794 4971 878 5015 est
906 4960 1253 5025 incredibile,
1284 4977 1405 5015 cum
1456 4960 1545 5015 vix
1574 4968 1700 5017 tunc
1730 4960 2001 5032 pullulare

405 5055 713 5122 inciperent
740 5054 1070 5107 tminastcria
1116 5054 1173 5109 S.
1208 5054 1511 5109 Benedicti.

478 5148 637 5200 Anno
676 5146 802 5198 437.1.
835 5143 895 5199 S.
949 5146 1187 5199 Donatus
1230 5146 1477 5215 regulam
1536 5144 1904 5201 Eremitarnm
1932 5145 1992 5202 S.

404 5237 689 5305 Augustini
748 5235 1161 5304 locupletiorem
1228 5240 1611 5309 mitioremque
1664 5239 1871 5309 primus
1929 5257 1991 5294 cx

403 5330 585 5386 Africa
616 5331 668 5382 in
700 5329 984 5397 Hispanias
1013 5330 1284 5386 intexissc
1315 5331 1533 5401 dicitur,
1567 5340 1621 5387 et
1647 5332 1990 5387 Servitanum

401 5420 794 5474 monasterium
818 5422 1210 5476 conSIruxissc.
1233 5422 1494 5477 Stolidum
1511 5442 1635 5479 sane
1650 5442 1990 5481 commentum

395 5513 500 5582 (ait
526 5520 779 5577 consm'i:
816 5511 1100 5580 Augustini
1150 5513 1418 5583 siquidem
1468 5517 1653 5587 tegula
1682 5518 1866 5572 mitior
1907 5530 1991 5573 cit

398 5605 673 5667 οιιιιιὶῑιιμ,
703 5604 1015 5673 indigi-tque
1038 5606 1404 5674 rcstrirtionc,
1430 5626 1536 5663 non
1562 5611 1897 5681 mitigatione
1921 5616 1959 5663 (Σ

400 5697 547 5759 Quod
574 5696 665 5747 Ιιιςι
696 5698 925 5750 omn»:
954 5700 1016 5751 de
1042 5710 1175 5753 statu
1206 5704 1592 5757 monachorum.
1625 5705 1692 5759 Ει
1724 5706 1784 5759 D.
1839 5705 1979 5760 lide—

391 5786 579 5843 {onsus
622 5802 685 5841 ac.
725 5792 906 5846 cancri
958 5806 1140 5847 rerum
1192 5793 1607 5867 llispauicarum
1658 5796 1971 5872 scriptores,

2112 4677 2556 4750 quandoquidem
2594 4679 2807 4735 etiamsi
2850 4679 2923 4734 ita
2966 4692 3028 4735 sc
3073 4679 3342 4736 traherent
3383 4682 3561 4738 omnia
3587 4725 3602 4749 ,
3646 4694 3707 4741 ut

2112 4771 2227 4843 ipse
2267 4773 2318 4829 in
2361 4772 2643 4838 Dextrum,
2682 4773 2995 4841 Maximum,
3022 4781 3081 4828 et
3120 4773 3499 4831 Euthrandum
3538 4776 3704 4846 iactat

2110 4865 2277 4938 (quod
2309 4875 2485 4922 tamen
2514 4868 2690 4922 modis
2716 4867 2969 4928 omnibus
2997 4866 3280 4941 negamus)
3302 4883 3369 4924 eo
3392 4868 3566 4925 solum
3592 4870 3701 4926 ictu

2110 4959 2291 5014 omnia
2326 4968 2566 5025 ruerent,
2599 4961 2642 5014 si
2670 4958 2912 5016 dicamus
2940 4969 3094 5016 lauto
3123 4961 3413 5017 verborum
3445 4962 3695 5033 strepitu,

2108 5058 2187 5106 tot
2226 5063 2585 5107 sconunatum
2626 5054 2909 5107 ornatibus
2935 5063 3174 5109 tumente
3198 5062 3255 5111 et
3275 5063 3543 5127 tumente,
3564 5055 3699 5113 nihil

2104 5144 2251 5199 aliud
2294 5145 2536 5215 probari,
2578 5161 2741 5215 quam
2785 5146 2980 5201 librum
3022 5163 3131 5203 non
3170 5163 3300 5206 esse
3343 5150 3691 5219 canonicum,

2104 5252 2207 5293 nec
2245 5246 2522 5293 auctorem
2562 5237 2630 5292 ad
2677 5238 3036 5311 Evangelista:
3076 5240 3301 5311 gradum
3332 5251 3606 5309 evectum,
3636 5252 3698 5300 ut

2101 5332 2427 5400 quandoque
2449 5348 2554 5386 non
2586 5332 2794 5387 valeret
2822 5348 2852 5386 a
2886 5334 3115 5390 veritate
3142 5333 3379 5393 deiicere
3410 5356 3422 5389 :
3453 5337 3690 5395 diversi-

2099 5434 2236 5480 tates
2256 5440 2389 5481 vcro
2409 5427 2655 5482 codicum
2680 5436 2736 5481 et
2758 5426 3131 5495 exemplorum
3158 5428 3532 5501 antiquitatem
3556 5445 3659 5502 ope
3675 5462 3689 5473 -

2095 5518 2171 5571 ris
2192 5516 2477 5573 manifeste
2501 5518 2730 5588 probare
2756 5537 2769 5573 :
2795 5518 2839 5572 si
2864 5519 3009 5573 enim
3035 5521 3352 5577 reccntioris
3373 5534 3513 5579 esset
3539 5538 3690 5580 com-

2093 5620 2360 5674 mentum,
2405 5626 2744 5681 nequaquam
2790 5622 2900 5667 tam
2932 5612 3113 5667 varias
3141 5616 3541 5685 exscriptiones
3577 5619 3685 5687 pati

2088 5707 2491 5775 t‘otttiswtznec
2506 5705 2568 5759 ad
2587 5704 2730 5759 illam
2756 5703 3096 5761 refutandum
3118 5721 3332 5761 mamnn
3355 5710 3563 5764 colatno
3592 5710 3685 5764 ad-

2085 5814 2303 5857 movere
2332 5799 2677 5868 deberemus,
2705 5814 2826 5857 cum
2852 5800 2966 5859 suis
2993 5816 3224 5876 qumque
3245 5802 3381 5860 locis
3404 5806 3585 5863 omnia
3607 5803 3678 5865 ab
