4052 6444
279 278 385 338 θυι

1358 284 1879 345 Αυοιοοετιουε
1916 285 2055 346 PRO
2092 286 2157 346 L.
2200 285 2503 344 DEXTRO.

3472 284 3581 344 602

277 396 591 468 eo'ohjecta
618 411 648 455 a
673 397 832 457 nobis
861 399 915 456 in
939 400 1022 456 his
1041 401 1453 457 connuentariis
1472 401 1718 470 exposita
1744 401 1871 455 sint.
1904 400 1957 463 Λ
1980 400 2049 455 ad
2090 398 2215 456 illos
2253 408 2504 471 spectare
2532 416 2547 455 :
2578 398 2712 457 nihil
2754 406 2934 456 tamen
2961 398 3033 457 de
3053 397 3161 455 illis
3188 398 3240 455 in
3267 406 3381 456 toto
3410 414 3579 471 opere

276 487 465 545 Satius
495 500 676 547 tamen
705 492 1053 562 modestiam,
1084 511 1203 564 qua:
1232 494 1520 565 religiosos
1547 493 1703 549 decet
1732 495 1879 550 virus

275 584 567 656 ωἠΡΙθειί
595 586 790 654 Placet.
820 602 1147 658 quamquam
1181 603 1584 657 nonnumquam
1613 602 1875 643 excessm

273 688 408 730 suos
448 678 521 731 ob
554 678 739 733 ocul0s
770 677 874 748 ipsi
911 694 1115 749 ponere
1144 682 1510 735 necesSarium
1534 679 1871 746 duxerimus,

273 776 334 822 ut
372 766 556 825 videat
593 780 859 844 quantum
898 772 981 828 illi
1026 772 1402 844 indulgeamus
1446 791 1461 829 :
1503 783 1558 829 et
1599 783 1652 828 ut
1695 776 1764 829 ab
1804 775 1871 830 iis

267 860 618 934 diffugientes
669 865 897 922 minime
952 866 1112 923 nobis
1160 867 1443 939 contingat
1491 869 1636 940 quod
1692 869 1867 925 eidem

265 951 633 1013 Constantino
655 954 776 1013 10a.
808 957 965 1029 Bapt.
996 957 1346 1015 Brachesiutn
1370 962 1544 1016 virum
1577 962 1788 1032 pietatis
1812 970 1870 1018 et

263 1045 534 1103 doctrina:
558 1064 589 1102 a
612 1048 847 1106 Baronio
871 1052 1089 1123 egregie
1113 1051 1414 1120 laudatum,
1441 1064 1627 1109 secuto
1652 1054 1870 1124 objece-

262 1139 335 1196 l‘it
371 1157 386 1194 :
420 1142 601 1197 Ctch
628 1159 765 1199 ceco
791 1145 1043 1200 ducatum
1070 1158 1302 1218 prwstat,
1332 1159 1378 1203 et
1402 1150 1554 1204 ambo
1579 1150 1633 1204 in
1659 1152 1865 1218 foveant

258 1234 481 1289 cadunt.
504 1235 645 1306 Quid
673 1239 819 1295 enim
848 1242 1094 1311 proderit
1121 1255 1321 1309 causte,
1353 1243 1529 1313 ipsum
1552 1258 1741 1314 parum
1775 1259 1861 1301 re-

256 1338 515 1384 verenter
527 1330 705 1401 jocari
728 1332 781 1387 in
805 1343 1018 1398 nostra,
1038 1348 1136 1389 seu
1159 1332 1407 1405 frigidam
1430 1350 1552 1392 esse
1573 1350 1736 1408 super
1762 1336 1863 1394 hac

252 1419 343 1475 vel
372 1420 464 1476 illa
496 1436 558 1478 re
594 1422 851 1480 Pennotti
892 1425 1356 1499 imaginationem,
1394 1437 1452 1484 et
1480 1429 1583 1483 alia
1614 1428 1733 1499 ejus
1760 1444 1859 1502 ge.

250 1527 310 1568 nt
325 1513 427 1581 ris,
466 1530 591 1588 qua
630 1517 750 1589 ipse
793 1519 846 1576 in
873 1521 1287 1577 Constantinum
1314 1522 1497 1593 jacnla
1526 1524 1740 1579 vibrat?
1767 1535 1862 1581 aut

249 1622 492 1676 quonam
534 1620 693 1680 pacto
732 1614 850 1669 lta'c
892 1613 944 1669 in
984 1614 1077 1670 Dei
1117 1615 1343 1685 gloriam
1386 1615 1575 1670 relcrri
1606 1628 1856 1687 possunt,

250 1707 313 1753 ut
351 1700 470 1771 ipse
508 1700 633 1758 ﬁteit
659 1718 713 1761 c.
754 1705 843 1773 t9,
881 1722 939 1763 ιι.
967 1706 1025 1771 8.
1053 1721 1177 1763 eum
1208 1707 1275 1762 ad
1309 1707 1511 1764 e~lcem
1540 1708 1859 1765 Constanti-

1980 494 2249 565 rcperitur
2294 510 2308 551 :
2354 507 2523 563 quare
2567 509 2673 548 non
2726 501 2930 548 temere
2966 492 3089 563 quis
3127 492 3425 563 iudicabit,
3468 492 3574 549 hoc

1977 587 2117 655 quod
2153 604 2261 654 pne
2308 586 2552 643 manibus
2589 595 2696 656 est,
2734 602 2841 642 non
2867 602 2989 642 esse
3019 585 3289 659 integrum
3320 587 3573 644 Peuootti

1977 694 2135 748 Opus,
2168 680 2261 734 sed
2293 678 2573 749 deperisse
2599 681 2795 735 bonam
2824 679 2944 748 ejus
2970 692 3199 751 partem.
3225 679 3356 736 Nam
3386 680 3429 736 si
3450 682 3571 735 ani-

1975 788 2095 828 mus
2140 789 2244 828 non
2291 784 2407 829 erat
2454 773 2524 829 de
2552 772 2835 829 eanonieis
2878 774 3234 830 szccularibns
3272 773 3566 847 quidquam

1973 868 2233 933 scribere,
2277 869 2469 922 mutari
2515 867 2701 922 titulus
2738 866 2991 933 debebat,
3022 878 3079 921 ut
3117 867 3365 923 diceret:
3396 866 3569 922 Cotto-

1973 965 2205 1017 nicorum
2245 964 2563 1036 rcgttlurimtt
2609 963 2826 1016 historia
2866 962 3153 1029 tripartito,
3184 979 3307 1030 pro,
3339 959 3569 1017 Clerico-

1969 1073 2086 1111 rttm
2126 1058 2513 1123 rmtonicormn,
2557 1058 2645 1126 qtti
2676 1058 2969 1112 sa-culares
3010 1073 3229 1129 quoque
3253 1057 3569 1126 complecti-

1971 1160 2076 1206 tur.
2126 1151 2232 1206 Sed
2268 1198 2281 1218 ,
2343 1152 2489 1220 quod
2542 1162 2704 1222 caput
2752 1160 2833 1205 cst
2865 1196 2879 1219 ,
2950 1150 3107 1205 titulo
3161 1153 3277 1217 ipso
3335 1149 3564 1206 historia

1965 1246 2225 1299 canonica
2274 1246 2625 1314 promittitur,
2672 1259 2834 1314 qua-n
2882 1253 3062 1299 tamen
3114 1243 3250 1298 liber
3294 1242 3410 1314 ipse
3453 1256 3561 1299 ιιοιι

1964 1336 2078 1394 dat.
2134 1337 2370 1393 llistoria
2410 1341 2611 1409 quippe
2661 1352 2725 1392 ex
2783 1336 3042 1393 tnethodo
3096 1335 3414 1405 scriptoris,
3451 1351 3560 1393 non

1963 1444 2031 1486 ex
2084 1430 2250 1486 rebus
2303 1430 2540 1485 narratis
2583 1429 2952 1500 dignoscitur;
3006 1429 3075 1484 de
3127 1430 3333 1484 eisdem
3389 1429 3561 1499 siqui-

1961 1522 2086 1578 dem
2138 1522 2302 1580 rebus
2358 1522 2591 1579 Historia
2646 1522 2913 1578 naturalis
2942 1520 3008 1577 C.
3065 1521 3249 1587 Plinii,
3295 1530 3353 1579 et
3402 1532 3533 1577 natu

1958 1616 2088 1672 ralis
2132 1615 2484 1686 Philosophia
2526 1616 2840 1672 Aristotelis
2878 1625 3085 1686 agunt,
3127 1614 3223 1671 sed
3266 1616 3383 1671 haec
3417 1614 3561 1687 stylis

1959 1707 2289 1764 scholastica
2337 1707 2703 1775 disserendo,
2762 1709 2849 1762 illa
2903 1707 3136 1775 simplici
3183 1709 3561 1776 l’iropositione

248 1791 429 1849 niaua
466 1795 748 1869 Apologia:
787 1809 913 1869 post
949 1800 1201 1871 pradicta
1242 1810 1299 1858 et
1324 1804 1429 1858 alia
1456 1804 1695 1858 convitia
1722 1806 1852 1860 sub-
1886 1803 1934 1865 Β
1962 1801 2231 1855 narrando
2260 1801 2522 1871 procedit.
2554 1799 2670 1856 Non
2699 1799 3041 1855 dissimiliter
3066 1799 3133 1854 de
3161 1798 3439 1854 canonicis
3465 1813 3554 1856 re-

247 1884 331 1940 dit
370 1904 389 1942 :
428 1885 564 1943 Hec
600 1906 699 1961 pro
740 1890 836 1946 Dei
877 1893 1049 1961 gloria
1086 1903 1134 1949 et
1173 1896 1425 1949 canonica
1467 1892 1535 1949 ι).
1570 1893 1856 1951 Herculani

246 1982 574 2051 professione
615 1986 929 2041 vindicanda
957 1990 1107 2060 (nam
1147 1988 1218 2044 de
1257 1987 1357 2042 hac
1398 1988 1540 2043 inter
1566 2002 1662 2045 cos
1699 2003 1853 2060 quae.

245 2072 356 2128 stiu
380 2081 521 2143 erat)
557 2093 660 2132 non
688 2088 862 2134 autem
900 2079 1109 2152 injuria:
1131 2082 1409 2152 referenda
1436 2097 1594 2137 causa
1617 2083 1808 2152 scripsi
1829 2082 1857 2137 .9

244 2163 364 2221 Nisi
410 2170 502 2240 qui
545 2171 728 2226 torsan
773 2173 822 2227 ei
862 2172 1212 2240 condonent,
1263 2188 1545 2230 assensum
1602 2175 1852 2245 pra-ben-

248 2266 330 2313 tes
361 2258 446 2315 his
478 2276 600 2333 qua:
625 2278 678 2320 c.
714 2266 803 2330 l8,
835 2281 893 2323 n.
926 2266 981 2334 7,
1009 2265 1286 2338 efﬂagitat,
1320 2268 1603 2339 inquiens:
1630 2268 1851 2324 Patina-

245 2367 355 2431 επ,
397 2356 626 2427 obsecro,
670 2361 969 2418 tarditatem
1011 2377 1196 2416 meum.
1241 2362 1325 2417 Ah
1369 2362 1453 2416 his
1490 2362 1654 2434 igitur
1681 2364 1849 2419 absti-

244 2456 486 2511 nendum
524 2452 813 2518 ducimus;
854 2468 977 2508 nam
1006 2453 1052 2508 si
1077 2454 1198 2525 quis
1225 2455 1439 2510 videtur
1468 2457 1848 2512 contentiosus

245 2563 394 2616 csse,
425 2563 527 2605 nos
549 2550 711 2604 talem
738 2548 1191 2605 consuetudinem
1219 2566 1327 2605 non
1360 2550 1644 2615 habemus,
1676 2566 1850 2624 neque

245 2642 495 2700 Ecclesia
523 2641 617 2698 Dei
650 2641 696 2716 (Ι
723 2641 847 2699 Cor.
879 2659 933 2698 st
956 2651 1017 2700 et
1043 2641 1177 2715 xvi).
1213 2644 1320 2701 Sed
1347 2647 1415 2699 ad
1441 2660 1576 2700 rem.

315 2734 476 2790 Prius
514 2743 696 2790 tamen
724 2750 883 2805 quam
911 2735 978 2790 ad
1006 2736 1251 2808 singulos
1278 2736 1436 2791 nobis
1462 2738 1712 2807 objectos
1739 2754 1841 2791 no-

239 2830 347 2884 dos
366 2829 657 2885 solvendos
680 2828 1097 2898 desceudarnus,
1125 2844 1231 2886 una
1255 2832 1529 2885 communi
1555 2830 1837 2887 deeisione

240 2933 567 2977 cunctorum
580 2920 845 2977 Pennotto
855 2920 1173 2979 satisfacere
1186 2922 1383 2994 placet,
1400 2924 1574 2995 ipsum
1592 2924 1845 2981 nimirum

241 3016 297 3070 in
319 3014 508 3072 eadem
540 3014 824 3071 nobiscum
854 3014 1069 3071 salebra
1099 3017 1331 3083 h:crerc,
1361 3017 1723 3090 omnibusque
1752 3033 1841 3074 ar—

238 3120 650 3181 gumentorum,
692 3125 814 3181 quae
855 3110 911 3165 in
954 3126 1053 3166 nos
1091 3110 1359 3168 contorsit
1386 3110 1678 3183 capitibus,
1702 3127 1842 3181 opus

1958 1896 2235 1966 gularihus
2272 1895 2520 1957 historia.
2564 1905 2618 1950 et
2656 1894 3104 1966 qua-stionarium
3133 1893 3216 1965 (ut
3254 1893 3332 1949 sic
3355 1892 3559 1963 dicam)

1956 1987 2152 2043 conﬁci
2198 1997 2413 2057 potest;
2459 1988 2587 2057 quid
2634 1999 2815 2041 autent
2859 1987 3053 2042 horum
3099 1988 3262 2041 fuerit
3301 2002 3366 2041 es
3411 1985 3557 2058 ston

1956 2089 2008 2133 et
2050 2077 2306 2133 ntethodo
2344 2078 2587 2151 dignosci
2630 2078 2811 2134 debet.
2859 2077 3011 2134 Nunc
3055 2094 3183 2133 vero
3221 2079 3397 2150 stylus
3429 2078 3554 2136 libri

1957 2172 2123 2242 hujus
2149 2188 2313 2241 quem
2343 2170 2409 2226 Π.
2445 2171 2744 2227 Pettnnttus
2774 2171 2981 2242 profert
3013 2180 3160 2225 totus
3196 2169 3555 2227 scholasticus

1954 2277 2067 2332 est;
2102 2268 2353 2337 preponit
2386 2281 2616 2337 namque
2649 2267 3054 2336 qttmstiontset
3074 2263 3437 2331 qumstionum
3461 2278 3554 2317 va-

1952 2360 2063 2417 rias
2090 2360 2414 2426 sententias,
2446 2359 2512 2413 ad
2537 2343 2670 2427 quas
2694 2358 3011 2414 enodandas
3034 2357 3293 2411 notabilia
3319 2355 3557 2426 pratuli:-

1953 2457 2054 2522 tit;
2086 2454 2210 2509 inde
2239 2454 2618 2508 conclusiones
2649 2454 2818 2518 elicit,
2842 2462 2894 2506 ct
2917 2452 3194 2523 sigillatim
3220 2452 3411 2522 probat
3437 2467 3453 2507 :
3482 2467 3551 2507 ex

1949 2545 2393 2602 conclusionibus
2435 2561 2839 2615 nonnumquam
2882 2545 3169 2600 eorollaria
3210 2543 3452 2610 deducit,
3494 2552 3553 2601 et

1952 2640 2166 2697 tandem
2206 2638 2453 2696 ordinate
2503 2641 2571 2695 ad
2613 2652 2925 2711 argumenta
2977 2638 3310 2711 respondere
3358 2650 3540 2695 curat.

1949 2731 2086 2802 Quid
2119 2731 2201 2787 his
2230 2744 2285 2789 et
2315 2734 2456 2803 styln
2488 2732 2746 2788 historico
2771 2734 3093 2787 commune?
3114 2729 3276 2787 Certe
3300 2733 3545 2804 quisquis

1949 2826 2167 2883 titulum
2214 2826 2337 2882 libri
2374 2828 2494 2882 sine
2521 2826 2662 2883 libro
2692 2826 2918 2897 legeret,
2950 2828 2996 2883 si
3029 2826 3377 2899 postmodum
3408 2828 3546 2883 liber

1949 2918 2067 2988 ipse
2098 2918 2221 2973 sine
2248 2919 2406 2973 titulo
2436 2917 2503 2972 ad
2535 2935 2730 2973 tnauns
2759 2919 2880 2988 ejus
2912 2921 3095 2973 lorsan
3129 2919 3363 2985 veniret,
3396 2936 3552 2976 mun-

1946 3027 2110 3082 quam
2153 3011 2348 3066 adduci
2392 3022 2576 3081 posset
2603 3023 2661 3066 ut
2688 3013 2955 3077 crederet,
2990 3012 3133 3069 hunc
3162 3013 3355 3068 librutn
3389 3014 3550 3069 titulo

1948 3105 2042 3161 illo
2072 3105 2344 3175 promitti,
2374 3116 2469 3160 aut
2498 3104 2623 3161 huic
2654 3105 2799 3161 libro
2829 3106 3039 3160 titulum
3063 3107 3215 3161 illum
3238 3108 3305 3163 ab
3327 3115 3551 3164 auctore

238 3218 399 3259 suum
430 3202 662 3270 irretiri;
692 3203 835 3274 quod
865 3220 987 3258 cum
1013 3204 1085 3259 ab
1115 3205 1248 3276 ipsis
1278 3206 1505 3261 liberum
1533 3205 1651 3276 ejus
1678 3207 1834 3262 indu-
1868 3198 1920 3264 C
1949 3200 2291 3271 appositum,
2320 3212 2445 3253 eum
2478 3198 2657 3269 potius
2684 3209 2830 3253 esset
2860 3214 2957 3268 pro
2990 3198 3202 3254 meritis
3232 3214 3548 3269 nuncupan-

236 3297 371 3351 stria
403 3294 722 3364 viderimus,
756 3294 964 3353 [icilius
994 3295 1157 3353 nobis
1180 3296 1391 3366 objecta
1423 3297 1491 3351 ad
1517 3298 1635 3369 ejus
1653 3312 1836 3353 exem-

237 3392 387 3459 plum
418 3389 710 3445 diluemus.
741 3389 920 3461 Atque
952 3388 1056 3444 huc
1093 3390 1345 3461 estquod
1378 3390 1428 3445 in
1462 3391 1840 3462 superioribus

236 3481 292 3553 (ς
327 3481 379 3549 l,
409 3498 465 3537 ιι.
496 3482 555 3554 4)
587 3481 932 3551 promisimus
953 3524 969 3548 ,
996 3496 1123 3538 eum
1153 3492 1394 3539 statuere
1418 3492 1605 3538 contra
1633 3484 1828 3538 faciem

234 3590 392 3630 suam
417 3614 437 3641 ,
468 3584 525 3629 ut
546 3573 673 3628 dum
700 3588 761 3629 se
782 3575 987 3629 eisdem
1016 3576 1187 3629 teneri
1211 3574 1439 3629 vinculis
1462 3576 1834 3646 conSpexerit,

234 3683 268 3721 a
309 3667 474 3723 nobis
508 3666 844 3723 insectandis
886 3667 1135 3722 desistat.
1182 3667 1349 3737 Igitur
1389 3667 1475 3738 (ut
1511 3667 1836 3737 compendio

232 3757 505 3832 dicamus)
530 3760 772 3831 quinque
799 3754 1079 3828 capita'ad
1102 3774 1223 3829 quze
1242 3759 1492 3814 universa
1514 3758 1726 3827 objects
1749 3775 1837 3814 re-

231 3854 436 3910 dueere
467 3868 758 3925 possumus
789 3863 944 3919 sunt,
976 3855 1037 3909 1ο
1072 3854 1260 3908 titulus
1285 3853 1490 3923 operis,
1521 3863 1574 3908 et
1598 3853 1834 3908 auctoris

230 3948 535 4013 intentum;
565 3948 629 4001 20
660 3946 1125 4003 contradictiones
1156 3948 1553 4001 sententiarum
1575 3954 1629 4001 et
1650 3947 1833 4001 incon-

231 4040 536 4109 sequentize
560 4080 577 4106 ,
618 4055 740 4108 qua:
782 4039 865 4095 vel
905 4039 1249 4094 oscitantiam
1280 4082 1295 4106 ,
1342 4038 1425 4094 vel
1462 4037 1831 4094 diversitatem

229 4143 514 4189 aucturum
554 4142 813 4203 arguunt;
846 4135 909 4188 5°
938 4133 1270 4189 assertioncs
1311 4148 1491 4188 rerum
1535 4132 1830 4188 incredibi-

232 4227 399 4291 lium;
434 4226 496 4281 ιθ
531 4240 691 4280 voces
730 4240 901 4291 novre,
946 4226 1139 4296 priscis
1182 4239 1462 4281 auctorum
1499 4225 1832 4296 temporibus

230 4319 543 4383 inusitatte;
575 4317 639 4371 5ο
672 4316 942 4375 falsitates
975 4318 1275 4373 manifesta:
1303 4324 1467 4375 docto
1496 4331 1720 4375 auctore
1748 4319 1831 4373 iu-

225 4410 431 4482 dignm.
467 4411 562 4467 llis
589 4412 843 4467 omnibus
883 4413 1262 4466 auctoritatem
1308 4412 1496 4466 horum
1526 4410 1829 4466 Chronico-

227 4520 349 4561 rum
374 4520 638 4560 enervare
666 4504 731 4559 ιι.
762 4504 921 4559 l‘ater
944 4503 1247 4569 contendit,
1278 4506 1480 4559 etenim
1512 4504 1669 4559 titulo
1700 4504 1825 4558 0m-

227 4600 455 4654 atintodtc
471 4599 707 4653 historia:
728 4614 835 4654 non
860 4597 1293 4668 rorrespondcre
1316 4598 1589 4663 videntur,
1614 4614 1733 4652 cum
1757 4598 1825 4652 de
1854 4581 1906 4642 Ῐ)

228 4692 416 4766 paucis
445 4695 776 4750 mentionem
808 4691 1041 4755 faciant;
1071 4703 1119 4748 et
1161 4692 1213 4747 in
1243 4693 1485 4747 numeris
1511 4708 1575 4747 ac
1604 4702 1824 4748 senten-

228 4787 321 4841 tiis
364 4786 567 4855 passim
607 4786 1102 4858 inconsequentiis,
1146 4784 1477 4840 falsitatibus
1502 4829 1517 4852 ,
1559 4786 1827 4853 rebusque

230 4878 643 4935 incredibilibus
666 4888 900 4945 scatent,
928 4888 984 4933 et
1007 4879 1283 4933 ntultoties
1312 4878 1463 4933 novis
1488 4879 1713 4934 vocibus
1740 4894 1827 4933 οι·-

225 4976 373 5032 tlinis
401 4974 758 5030 cremitarum
786 4974 844 5033 S.
870 4974 1177 5045 Augustini,
1202 4973 1411 5028 ordinis
1437 4975 1495 5027 S.
1526 4973 1821 5042 Benedicti,

223 5077 281 5123 et
310 5067 582 5122 similibus
608 5076 857 5122 tttuntur.
888 5064 999 5121 Sed
1027 5080 1154 5120 vero
1177 5066 1400 5120 totidem
1427 5066 1479 5119 in
1502 5081 1657 5119 suum
1684 5082 1819 5136 opus

218 5161 401 5233 jacula
428 5170 791 5231 contorquere
821 5160 1118 5232 quemlibet
1148 5175 1309 5229 posse
1338 5175 1436 5215 cur
1466 5161 1582 5230 ἱρέα
1608 5176 1714 5214 non
1743 5161 1819 5215 vi.

222 5256 353 5310 det?
378 5254 529 5326 Opus
560 5254 826 5324 siquidem
858 5255 1121 5322 imprimis
1162 5256 1317 5309 titulo
1357 5270 1461 5308 non
1503 5252 1817 5323 respondet.

222 5349 417 5406 Nonne
445 5349 628 5404 titulus
657 5350 805 5418 operi
835 5352 1087 5418 [ara-lixas
1120 5358 1223 5415 est,
1252 5349 1524 5404 Genet'ttlis
1553 5352 1708 5403 totius
1731 5368 1817 5401 sxt-

221 5445 297 5497 rri
323 5443 525 5496 ordinis
551 5441 859 5495 clericorum
883 5443 1083 5495 ειιιιοιιὶς
1104 5458 1249 5495 orum
1277 5442 1493 5495 historia
1526 5443 1821 5514 tripartito?

220 5536 518 5593 Crederem
562 5551 624 5590 ex
670 5535 813 5589 tituli
844 5536 1075 5589 lectione
1107 5552 1211 5589 non
1245 5535 1417 5589 solum
1461 5536 1511 5589 iu
1542 5551 1705 5605 opvre
1735 5535 1819 5604 agi

224 5630 293 5686 de
323 5632 602 5685 canonicis
635 5630 1002 5699 regularibus,
1032 5630 1123 5684 sed
1155 5631 1316 5685 etiam
1348 5630 1412 5683 de
1442 5631 1816 5697 sacCularibus,

227 5735 335 5779 tam
379 5724 524 5777 enim
571 5724 644 5788 hi,
689 5739 849 5794 quam
898 5724 975 5777 illi
1016 5724 1200 5777 clerici
1231 5724 1478 5777 canonici
1509 5738 1654 5790 sunt,
1688 5726 1819 5778 alte—

232 5831 455 5896 ramque
495 5832 565 5875 ex
612 5817 807 5893 triplici
840 5818 1076 5876 ltislorizc
1106 5818 1415 5895 prtitione,
1450 5833 1502 5874 ut
1537 5820 1814 5878 minimum

1944 3292 2082 3359 dus,
2121 3290 2337 3345 Genesis
2382 3290 2738 3361 utetnpltysira
2782 3293 3153 3345 canonirorutn
3197 3292 3549 3362 togatarium;

1938 3383 2177 3449 Genesis,
2209 3384 2465 3456 inquam,
2496 3386 2620 3455 quia
2649 3385 2719 3440 de
2749 3384 3020 3454 spirituali
3044 3385 3304 3455 progenie
3325 3399 3542 3440 eorum-

1938 3477 2064 3531 detn
2092 3475 2369 3532 edisserit.
2402 3473 2766 3547 illetaplrgsica
2805 3491 2972 3541 vero,
3003 3474 3261 3546 quoniam
3292 3477 3540 3545 procedit

1939 3586 2037 3640 per
2072 3569 2365 3625 altissimas
2400 3583 2615 3633 causas,
2660 3568 3098 3639 quandoquidem
3129 3584 3159 3622 a
3192 3569 3305 3624 Deo
3334 3570 3453 3637 ipso
3481 3582 3543 3626 et

1940 3662 2105 3716 totius
2127 3660 2447 3715 Christiana:
2473 3660 2751 3730 religionis
2775 3659 3105 3730 primoribus
3123 3659 3327 3724 causis,
3353 3660 3402 3713 id
3429 3670 3537 3728 est,

1936 3756 2137 3809 Christi
2172 3754 2382 3809 Domini
2413 3754 2696 3825 apostolis,
2718 3754 2964 3808 ordinem
2992 3754 3141 3808 illum
3162 3754 3396 3823 coepisse
3420 3771 3543 3823 per-

1938 3851 2115 3913 hibet;
2156 3858 2213 3903 et
2252 3863 2660 3918 nonnumquam
2697 3845 3125 3901 Christianitatis
3162 3855 3335 3902 metas
3375 3862 3539 3903 cxce-

1934 3942 2094 4008 dcns,
2135 3959 2164 3996 ιι
2194 3940 2467 3997 Nam-scis
2494 3952 2547 3997 ct
2580 3940 2780 3997 Levitis
2811 3940 3008 3997 veteris
3036 3939 3199 4012 Legis
3231 3956 3407 3997 ortum
3440 3942 3539 3997 du-

1932 4052 2061 4093 cere
2101 4036 2405 4104 contendit,
2446 4038 2602 4107 eique
2641 4037 2945 4106 antiquitati
2988 4036 3173 4092 lavere
3217 4035 3278 4090 l).
3309 4034 3533 4092 Paulum

1933 4152 2054 4191 cum
2085 4134 2152 4189 ad
2184 4133 2441 4189 llebrmos
2472 4134 2661 4189 scribit
2694 4134 2838 4207 (ride
2868 4133 2962 4189 lib.
2998 4147 3035 4186 ιι
3061 4132 3211 4200 Trip.
3242 4131 3301 4203 Ξ)
3329 4149 3342 4185 :
3374 4132 3536 4205 idque

1933 4232 2429 4290 controversiarum
2458 4234 2510 4288 iu
2540 4248 2772 4299 morem,
2805 4240 2866 4287 ut
2892 4229 3247 4304 mctaphysici
3274 4232 3532 4286 assolent.

1932 4328 2265 4398 Quamquam
2281 4337 2336 4381 et
2365 4328 2417 4383 in
2450 4328 2566 4398 ipso
2592 4326 3042 4383 scholasticm'um
3064 4327 3208 4397 stylo
3234 4332 3425 4381 auctor
3449 4339 3536 4377 sa-

1932 4421 2001 4475 tis
2030 4418 2278 4486 escedat,
2311 4418 2455 4488 quod
2485 4419 2562 4474 illi
2594 4434 2952 4476 censurarum
2986 4427 3151 4472 notas
3180 4416 3534 4473 vehementer

1928 4511 2279 4581 abhorreant,
2313 4509 2400 4570 hie
2426 4526 2553 4567 vero
2582 4511 2827 4567 vivorum
2849 4520 2903 4567 et
2932 4518 3265 4565 mortuorum
3297 4510 3521 4564 univer.

1930 4608 2099 4661 salctu
2140 4620 2461 4671 censorem,
2505 4606 2667 4660 etiam
2712 4606 2764 4658 in
2804 4604 2967 4659 rebus
3008 4604 3332 4669 levissimis,
3373 4613 3528 4673 agat;

1929 4700 2163 4755 aliorum
2204 4700 2347 4755 dicta
2393 4700 2557 4754 modo
2591 4701 2706 4754 suis
2741 4716 2849 4754 non
2890 4699 3253 4766 conlormcnt,
3286 4713 3526 4769 errores,

1931 4806 2115 4866 turpes
2153 4796 2369 4866 lap~us,
2402 4795 2601 4851 stolida
2634 4804 2964 4861 commenta,
2998 4793 3272 4849 luculenta
3306 4792 3527 4848 tuenda-

1928 4890 2009 4943 cia
2040 4931 2055 4954 ,
2101 4898 2286 4943 contra
2331 4903 2542 4959 sacrant
2587 4886 2962 4956 Scripturatn,
3007 4896 3194 4941 contra
3239 4883 3524 4941 historiam

1929 4979 2311 5049 Evangelii-am
2359 4979 2656 5049 saqrissittie
2694 4993 2937 5033 vocans:
2972 4976 3301 5047 eosdemque
3341 4984 3527 5032 aucto-

1930 5086 2017 5126 res
2061 5086 2203 5125 tmne
2247 5072 2313 5123 ad
2360 5070 2464 5123 iuta
2507 5070 2820 5134 detnittens,
2864 5085 3005 5125 nunc
3042 5068 3111 5124 ad
3156 5069 3324 5123 cretus
3355 5084 3525 5139 usque

1928 5163 2242 5227 sttstollcns,
2276 5172 2431 5233 prout
2464 5164 2566 5217 sibi
2600 5162 2782 5217 favere
2810 5163 2893 5217 vel
2926 5162 3145 5219 ol'liccre
3174 5163 3410 5218 videbat.
3434 5164 3523 5219 Sic

1928 5258 2078 5316 card.
2129 5259 2438 5322 Batoniutn,
2472 5260 2593 5313 data
2636 5274 2796 5327 opera
2830 5258 2947 5331 (lib.
2991 5275 3028 5315 t.
3061 5274 3180 5329 cap.
3214 5261 3310 5329 42)
3340 5262 3522 5318 decies

1931 5353 2137 5423 lapsum
2184 5353 2235 5406 in
2285 5354 2507 5406 historia
2552 5351 2839 5421 Angnsuni
2875 5352 3193 5417 contendit,
3230 5354 3521 5427 multisque

1928 5446 2217 5502 ostendere
2260 5458 2508 5513 conatur,
2549 5447 2613 5500 ad
2652 5446 2933 5517 Augustini
2976 5448 3351 5504 monachatum
3396 5465 3521 5519 pro-

1927 5539 2158 5595 bandum
2192 5540 2369 5596 debile
2417 5541 2578 5597 nimis
2610 5542 3013 5596 futulamcntum
3049 5543 3099 5595 in
3132 5543 3248 5611 ejus
3275 5546 3509 5598 auctori-

1927 5642 2033 5689 tale
2063 5636 2259 5702 locari;
2296 5647 2633 5709 lltlSlttlllUlllll
2666 5655 2790 5691 γυναι
2820 5640 2912 5693 ιιιι.
2942 5655 2997 5703 ll,
3024 5656 3072 5694 c.
3102 5640 3165 5693 lli
3188 5647 3240 5693 et
3264 5642 3349 5703 Τιι,
3381 5640 3511 5693 tanti

1921 5742 2043 5781 cun
2078 5729 2226 5789 licvit.
2262 5742 2316 5785 ut
2358 5734 2765 5801 r-jnsdumtavat
2802 5739 3117 5793 aurtorilate
3151 5756 3239 5795 res
3269 5745 3507 5810 ejusdem

1924 5824 2202 5892 momenti,
2238 5826 2287 5879 id
2320 5836 2427 5893 est,
2462 5832 2835 5885 ettitnniratnut
2881 5834 3179 5902 ιρςιιῐνιιιῗιιι
3307 5834 3513 5896 Martini
