4052 6484
507 220 616 281 603

1405 222 1703 283 FL-WIUS
1741 223 1990 282 LUClllS
2029 218 2315 280 DEXTER
2354 215 2886 274 CllRONOLOGUS.

3711 215 3818 275 σοι

506 337 845 396 Turonensis
893 345 945 394 et
995 337 1054 394 S.
1109 335 1320 395 Patritii
1385 339 1820 396 lliberttiensittm
1880 339 2108 411 apostoli
2138 340 2186 398 A
2217 339 2270 389 in
2316 335 2630 390 alterutram
2671 344 2877 404 partem
2923 332 3239 401 scribendi;
3282 333 3351 390 de
3390 334 3596 407 judicio
3634 347 3814 398 autem

507 437 670 504 (quos
707 443 884 488 tamen
929 449 1115 488 eorum
1158 433 1556 504 chronograplti
1589 436 1885 490 monachos
1915 450 2105 506 perpe-

511 536 603 582 tuo
630 527 908 598 vocarunt)
942 527 1318 599 undecumque
1345 540 1659 584 constantes
1686 545 1810 585 esse
1839 530 1989 584 velit.
2017 531 2106 586 Sic

513 620 608 677 Fr.
643 622 1030 692 Hieronymum
1069 623 1370 678 Romanum
1403 625 1488 691 (ut
1514 624 1654 678 alios
1687 623 1955 697 omittam)
1983 641 2104 680 cum

508 717 866 772 eremitarmn
895 731 1113 772 causam
1151 729 1480 788 prepngnat,
1506 719 1706 772 nullius
1736 719 1888 788 pretii
1921 717 2105 783 habet,

507 817 566 864 et
605 809 960 864 nihilominus
1005 809 1100 865 lib.
1142 823 1205 875 ιι,
1240 823 1291 864 c.
1340 811 1430 874 t0,
1462 817 1635 865 totum
1661 810 1996 880 gravissumo
2023 823 2111 863 as-

507 899 764 958 sartionis
795 899 1004 969 pondus
1032 902 1100 957 de
1124 901 1446 958 canonicam
1485 903 1544 958 S.
1583 902 1772 958 Hilarii
1810 902 2110 959 Pictavicn-

511 994 589 1052 sis
626 996 794 1052 solius
835 1011 970 1066 pene
1009 995 1237 1052 Romani
1269 996 1516 1054 humeris
1547 999 1792 1068 imponit.
1823 997 1912 1054 Sic
1941 999 2110 1054 Fran-

512 1086 717 1145 ciscum
748 1089 869 1147 Pisa
902 1089 1254 1146 vehementer
1285 1090 1486 1159 laudat,
1516 1091 1646 1148 dum
1674 1107 1740 1148 ex
1769 1092 1990 1149 nomine
2016 1091 2112 1147 ab-

507 1177 650 1237 batis
673 1197 780 1236 non
801 1179 941 1235 bene
962 1180 1148 1236 inferri
1170 1182 1387 1249 asserit,
1412 1181 1700 1253 Agalieuse
1722 1185 2108 1240 monasterium

513 1273 686 1331 fuisse
729 1273 1098 1331 Benedictinis
1140 1275 1344 1346 regulis
1386 1277 1752 1348 mancipatum
1796 1297 1812 1334 :
1858 1279 2109 1336 eumdem

513 1381 649 1423 vero
686 1366 1093 1438 reprobandum
1131 1365 1200 1420 ab
1240 1367 1493 1424 omnibus
1519 1368 1825 1435 contendit,
1857 1372 2002 1443 quod
2029 1371 2112 1428 di-

512 1459 654 1516 xerit
683 1460 906 1516 minime
933 1475 1002 1516 ex
1032 1474 1099 1516 eo
1135 1460 1355 1516 nomine
1381 1459 1593 1529 haberi,
1628 1461 1796 1520 fuisse
1823 1467 2114 1523 canonico-

511 1569 634 1611 rum
673 1552 732 1612 S.
784 1553 1098 1625 Augustini,
1157 1562 1214 1610 et
1253 1563 1425 1611 totum
1464 1557 1568 1611 bne
1596 1555 1759 1613 simul
1815 1561 1868 1616 itt
1917 1561 2111 1620 eodem

515 1647 614 1706 lib.
643 1661 694 1704 c.
725 1647 788 1702 Si
809 1646 1090 1716 scribit,n.
1109 1645 1166 1714 9,
1192 1647 1280 1704 l0.
1298 1647 1440 1704 Sane
1468 1647 1736 1720 ejusmodi
1767 1653 2111 1727 inzequalitas

516 1740 642 1814 styli
684 1750 794 1796 tam
835 1754 863 1793 a
907 1738 1152 1810 probatis
1194 1740 1533 1798 scholasticis
1560 1744 1716 1817 longe
1754 1756 1858 1816 est,
1891 1766 2052 1821 quam
2084 1770 2112 1809 a

515 1833 660 1892 libro
687 1832 877 1890 titulus
903 1833 1047 1890 libri.

600 1927 788 1984 Utrum
834 1935 1013 1982 autem
1064 1941 1350 1986 censorem
1399 1945 1616 2002 quoque
1665 1933 1782 2006 ipse
1826 1935 1937 2009 jam
1985 1941 2114 1997 olim

519 2023 782 2097 priusque
810 2021 1004 2078 librum
1033 2023 1316 2091 scriberet,
1348 2023 1620 2092 habuerit,
1652 2025 1836 2085 forsan
1866 2035 1981 2102 ipse
2007 2050 2114 2089 non

517 2119 778 2184 attendit,
810 2131 934 2172 cum
968 2125 1150 2174 tamen
1179 2118 1233 2174 itt
1267 2119 1455 2190 primis
1485 2121 1735 2190 ejusdem
1765 2124 1909 2179 foliis
1939 2129 2118 2183 omni-

518 2212 622 2269 bus
679 2211 958 2284 legendam
999 2212 1237 2283 przebeat
1275 2228 1559 2270 censuram
1615 2216 1792 2288 magni
1850 2218 2118 2278 Ecclesia:

517 2305 695 2363 Patris
741 2306 879 2362 Sitti
924 2305 1012 2374 lV,
1065 2310 1171 2378 'qua
1210 2317 1359 2363 motu
1401 2323 1502 2364 suo
1539 2312 1788 2381 proprio,
1831 2327 1920 2368 an.
1954 2313 2114 2373 Dom.

522 2399 699 2466 1484,
743 2399 886 2473 apud
930 2399 989 2456 S.
1026 2399 1245 2455 Petrum
1275 2401 1531 2471 expedito
1559 2402 1700 2472 (ejus
1733 2402 1943 2460 iuitittm
1968 2447 1983 2469 ,
2019 2408 2119 2473 Qui

522 2491 788 2564 Apostolis
814 2492 1082 2564 prtecrpit)
1115 2491 1383 2562 ejusmodi
1415 2493 1484 2548 de
1512 2493 1665 2549 lilnis
1697 2494 1856 2565 hujus
1887 2499 2119 2569 subjecti

520 2586 627 2643 fert
658 2584 923 2658 judicium
970 2603 983 2639 :
1027 2584 1172 2642 Sane
1210 2602 1309 2640 non
1351 2586 1466 2641 sine
1492 2587 1680 2641 mentis
1711 2597 1900 2644 nostra:
1928 2589 2119 2663 displi-

521 2679 694 2733 centia
731 2678 1010 2750 singulari,
1045 2677 1239 2748 pluries
1269 2680 1387 2750 jam
1415 2679 1614 2734 dudum
1641 2681 1712 2734 ad
1739 2691 1968 2737 nostrum
2000 2701 2116 2755 prr—

522 2772 658 2826 venit
687 2769 924 2826 auditum
944 2816 959 2842 ,
991 2771 1128 2842 quod
1156 2771 1288 2826 inter
1313 2772 1526 2827 dilectos
1553 2773 1692 2843 ﬁlios
1721 2777 2001 2831 canonicos
2032 2795 2119 2834 re-

517 2864 722 2937 gulares
762 2865 959 2920 ordinis
1000 2864 1065 2921 S.
1104 2865 1385 2940 Augustini
1415 2869 1827 2940 congregationis
1857 2868 2108 2929 Latrran.

513 2966 563 3014 et
594 2955 690 3014 Fr.
723 2959 920 3014 ordinis
947 2961 1275 3016 eremitarum
1304 2961 1538 3033 ejusdem
1568 2961 1948 3036 B.Augustini,
1976 2985 2118 3039 qua:-

522 3050 648 3106 ἄστη
675 3053 844 3107 minus
875 3053 1194 3123 necessaria,
1221 3055 1487 3126 mimtsque
1516 3057 1797 3114 laudabitis
1826 3071 2120 3118 controrcr-

2209 427 2490 484 Pontiﬁcis
2534 427 2836 498 theologice
2883 433 2964 497 (ut
3006 427 3085 482 sic
3127 428 3342 501 loquar)
3374 431 3428 485 in
3473 431 3645 487 libros
3671 433 3814 504 ejus-

2207 522 2354 578 modi
2401 521 2541 584 lato,
2583 537 2692 592 qtto
2732 521 2939 575 scilicet
2979 535 3077 575 eos
3123 523 3341 590 censuit
3377 526 3814 582 controversiam

2214 617 2394 672 minus
2423 615 2787 671 necessariam
2819 616 3135 681 continere;
3181 626 3542 688 auctoresque
3588 633 3697 674 non
3726 634 3814 676 ve-

2209 711 2344 766 ritos
2391 724 2515 766 esse
2563 725 2659 765 eos
2707 709 2877 764 libros
2920 723 3087 780 super
3135 709 3446 785 hnjusmodi
3494 711 3812 768 levitatibus

2208 817 2559 872 componere,
2592 817 2699 858 non
2727 802 2844 858 sine
2869 801 3127 857 seandalo
3150 815 3204 858 et
3227 803 3636 874 perturbatione
3655 820 3810 862 men-

2213 897 2345 954 tium
2381 897 2710 968 legentium,
2745 895 3083 968 pruindeque
3121 899 3532 967 contentionem
3575 913 3700 956 esse
3726 916 3818 956 su-

2211 1006 2626 1064 pervacaneam,
2653 1005 2716 1046 ac
2745 999 2852 1046 tam
2881 1006 3108 1048 enorme
3142 990 3352 1048 facinus
3395 1002 3450 1048 et
3487 993 3822 1065 periculosas

2209 1085 2591 1141 contentiones
2625 1085 2696 1141 de
2736 1085 2917 1140 medio
2961 1087 3234 1142 tollendas
3263 1104 3278 1141 :
3319 1089 3390 1146 de
3419 1088 3543 1155 hac,
3567 1089 3817 1162 inquam,

2212 1193 2463 1245 censura,
2489 1187 2546 1235 et
2565 1178 2775 1249 judicio
2800 1180 2998 1234 summi
3027 1177 3329 1247 Pontiﬁcis,
3357 1180 3496 1236 nihil
3525 1181 3604 1238 illi
3635 1181 3821 1239 dicere

2214 1283 2528 1348 potuerunt,
2553 1289 2678 1331 cum
2723 1274 2826 1331 hoc
2854 1290 2962 1330 non
3001 1276 3068 1331 ad
3093 1275 3208 1346 jus,
3237 1275 3335 1332 sed
3360 1277 3431 1332 ad
3471 1273 3673 1333 factum
3701 1292 3827 1349 pcr-

2215 1373 2409 1437 tineat,
2431 1369 2498 1426 de
2525 1384 2631 1441 quo
2656 1372 2834 1424 tamen
2860 1371 3146 1440 perspicue
3168 1378 3404 1438 constat,
3430 1379 3825 1441 perseverante

2215 1464 2470 1521 nimirum
2493 1463 2748 1534 exemplo
2778 1463 3158 1534 praedictarum
3187 1464 3491 1520 litterarum
3507 1466 3825 1521 authentico

2216 1557 2268 1613 in
2294 1557 2512 1612 archiva
2553 1554 2867 1610 monasterii
2901 1553 2961 1608 S.
2991 1552 3174 1609 Maria!
3211 1553 3281 1610 de
3304 1553 3465 1622 Pace,
3496 1562 3554 1611 ιιι
3589 1554 3706 1629 ipse
3730 1554 3826 1629 qui

2213 1663 2308 1705 cas
2336 1649 2541 1719 profert
2566 1647 2867 1704 Pennotttts
2897 1648 3119 1703 fatetur.

2148 1739 2194 1801 Β
2289 1741 2548 1814 Nequivit
2580 1743 2743 1814 igitur
2781 1743 3160 1798 universorum
3218 1756 3419 1798 censor
3459 1741 3591 1798 tanti
3631 1741 3824 1800 Pontio

2222 1834 2336 1892 licis
2362 1849 2650 1892 censuram
2677 1833 2941 1906 ell’ugere,
2973 1849 3140 1904 quem
3173 1844 3354 1890 tamen
3386 1833 3637 1890 canonici
3661 1834 3826 1891 Late-

2218 1942 2478 1986 ranenses
2518 1926 2743 1998 speciali
2785 1925 2990 1982 affectu
3047 1927 3287 1983 revereri
3336 1925 3579 1994 debent,
3633 1936 3822 1997 utpote

2219 2023 2374 2091 cujus
2403 2021 2549 2096 dono
2577 2020 2890 2092 acceperint
2928 2019 3230 2076 Ecclesiam
3257 2019 3316 2077 S.
3359 2019 3546 2076 alarias
3577 2021 3646 2078 de
3675 2019 3822 2077 Pace

2219 2128 2378 2184 quam
2410 2113 2572 2168 modo
2602 2111 2943 2180 inhabitant,
2976 2127 3103 2169 cum
3136 2115 3188 2166 vi
3219 2112 3410 2181 Populi
3440 2111 3597 2168 Rom.
3630 2127 3663 2168 c
3705 2111 3821 2169 La-

2221 2204 2500 2261 teranensi
2545 2203 2773 2259 Basilica
2819 2211 3006 2259 essent
3042 2202 3221 2272 cjecti.
3266 2201 3382 2271 Qua
3417 2203 3486 2258 de
3513 2219 3574 2260 re
3603 2202 3814 2276 profert

2218 2298 2338 2368 ipse
2360 2296 2659 2354 Pcnuottus
2687 2296 3028 2354 Pontilieium
3050 2296 3194 2352 Sixti
3217 2294 3463 2366 diploma
3480 2297 3572 2352 lib.
3598 2312 3678 2361 Ill,
3693 2311 3815 2367 cap.

2221 2392 2290 2447 33
2318 2406 2468 2446 num.
2493 2390 2546 2447 3.
2575 2389 2684 2446 Sed
2709 2405 2842 2446 vero
2875 2388 3106 2444 naturali
3129 2388 3230 2443 viri
3262 2388 3580 2446 acrimonia:
3603 2389 3821 2446 donan-

2221 2483 2348 2540 dum
2371 2492 2486 2549 est,
2525 2482 2573 2538 si
2606 2485 2730 2553 quis
2765 2483 2818 2537 in
2843 2483 3094 2538 censuris
3123 2485 3328 2552 passim
3359 2480 3602 2539 ferendis
3627 2497 3821 2540 exces-

2221 2591 2316 2633 sus
2341 2578 2392 2632 in
2419 2575 2685 2645 tripartite
2717 2574 2993 2648 ejusmodi
3019 2583 3270 2648 repertus
3297 2576 3457 2633 fuerit
3481 2594 3496 2644 ;
3521 2579 3653 2634 satis
3672 2579 3818 2634 enim

2222 2671 2292 2728 de
2320 2672 2404 2742 pia
2433 2671 2602 2743 ipsius
2633 2669 2914 2727 voluntate
2935 2671 3093 2726 nobis
3117 2679 3354 2737 constat,
3373 2671 3818 2743 quandoquidem

2223 2767 2517 2826 lectoribus
2563 2765 2842 2822 universis
2884 2765 3120 2836 primum
3169 2767 3414 2821 omnium
3470 2766 3720 2838 promisit
3764 2766 3819 2823 in

2221 2859 2444 2932 prologo
2479 2873 2575 2929 pro
2619 2857 2828 2914 viribus
2856 2868 3182 2913 cenaturum
3223 2857 3504 2914 abstinere
3528 2875 3557 2913 ιι
3589 2858 3821 2915 laesoriis

2221 2962 2275 3009 et
2293 2951 2556 3008 conviciis
2583 2951 2635 3006 in
2661 2948 3012 3006 adversarios
3031 2950 3397 3020 congerendis
3424 2992 3440 3018 ,
3481 2952 3708 3024 solaque
3729 2967 3822 3008 ra-

2227 3048 2372 3101 tione
2395 3045 2691 3114 pericnlum
2717 3043 2988 3100 laetorum
3006 3086 3021 3111 ,
3045 3045 3205 3112 cujus
3235 3053 3416 3100 tamen
3441 3045 3824 3114 promissionis

517 3145 597 3200 sia
645 3143 917 3214 pullulare
958 3148 1132 3216 raqiit,
1161 3148 1224 3202 de
1252 3147 1418 3217 ipsius
1454 3151 1841 3219 prmclarissitni
1872 3153 2119 3212 Ecclesia:

2227 3139 2428 3196 oblitus
2452 3153 2635 3194 acrem
2665 3137 2870 3208 stylum
2900 3146 3213 3210 temperare
3246 3152 3355 3193 non
3386 3140 3558 3193 valuit
3586 3158 3599 3194 :
3625 3139 3826 3195 multo-

523 3237 746 3291 doctoris
791 3238 1074 3310 Augustini
1112 3238 1296 3295 habitu
1334 3257 1398 3296 ac
1433 3240 1497 3297 de
1535 3244 1760 3312 pictura,
1791 3257 1842 3301 et
1870 3249 2114 3304 ordinum

521 3332 824 3402 ltujusmodi
845 3333 1192 3402 institutione,
1221 3341 1368 3403 parte
1387 3335 1614 3406 qualibet
1639 3339 1980 3394 diversimode
2001 3360 2120 3398 sen-

516 3425 697 3491 tiente,
730 3443 789 3481 ac
824 3427 1168 3495 prtedicante,
1201 3445 1294 3484 nec
1316 3430 1464 3484 veriti
1488 3441 1611 3484 sunt
1643 3431 1802 3488 libros
1828 3450 1985 3505 super
2014 3435 2119 3492 Itu-

514 3521 756 3592 jusmodi
797 3517 1092 3574 (levitatibus
1124 3536 1461 3594 componere,
1495 3539 1681 3596 eosque
1710 3525 1897 3598 legere,
1926 3539 1974 3582 et
2001 3531 2123 3587 aliis

522 3612 768 3684 legendos
800 3614 1038 3682 tradere,
1085 3631 1187 3670 non
1229 3616 1344 3671 sine
1379 3618 1632 3673 scandala
1661 3629 1708 3675 ct
1737 3623 2124 3691 perturbatione

520 3706 773 3760 mentium
810 3705 1086 3777 legentium
1126 3719 1177 3764 et
1213 3710 1438 3764 aliorum
1485 3710 1678 3766 Christi
1717 3714 1985 3782 ﬁdelium;
2030 3735 2120 3792 per

515 3798 735 3869 ineptias
764 3799 1083 3873 bujusmodi,
1111 3818 1236 3872 quos
1268 3801 1374 3857 Deo
1403 3804 1976 3877 lurrifacererlebrrent,
1997 3829 2153 3882 per-3

531 3892 652 3947 dere
681 3892 946 3963 festinant.
990 3891 1104 3947 Nos
1135 3893 1454 3950 attendentes
1483 3899 1623 3968 qttoil
1652 3900 1994 3954 clarissimum
2022 3903 2125 3957 Ec-

519 3984 692 4040 clesia:
719 3985 890 4040 lumen
920 3987 1268 4057 Augustinum
1287 3998 1476 4060 printer
1504 3993 1819 4064 episcopalis
1847 3996 2122 4065 dignitatis

515 4076 747 4130 habitum
773 4074 937 4130 alium
964 4088 1214 4150 gestasse,
1239 4091 1331 4133 aut
1358 4084 1670 4150 professioni
1699 4087 1889 4137 aliena:
1918 4103 1975 4142 se
2000 4089 2122 4142 suit-

515 4171 738 4242 jecisse,
773 4181 863 4225 ant
905 4172 1195 4244 afﬁrmare,
1230 4183 1320 4228 aut
1359 4192 1569 4248 negare,
1603 4177 1670 4231 ad
1696 4196 1799 4233 rem
1827 4198 1928 4236 non
1957 4187 2123 4254 perti-

527 4272 634 4329 net,
668 4263 768 4316 nisi
792 4274 1042 4334 quantum
1069 4270 1326 4320 contentio
1354 4285 1739 4338 superracanea
1767 4277 2019 4346 aucupari
2047 4277 2126 4330 ui-

526 4355 680 4420 titur,
709 4371 769 4408 ac
801 4365 904 4410 tant
929 4373 1136 4411 enorme
1164 4359 1390 4428 facinus,
1417 4370 1462 4414 et
1489 4363 1808 4434 periculosas
1837 4369 2127 4424 contentio-

527 4465 619 4504 nes
658 4449 723 4504 de
763 4450 931 4505 medio
969 4451 1148 4507 tollere
1183 4463 1235 4508 et
1272 4459 1474 4526 penitus
1520 4460 1805 4527 m‘slirpat'e
1843 4461 2063 4519 uolentes
2107 4480 2123 4518 :

2226 3246 2331 3305 que
2365 3231 2545 3285 acrius
2584 3229 2944 3299 probaremus
2974 3244 3140 3298 Opus,
3174 3229 3281 3285 nisi
3306 3229 3536 3286 Ronrani
3569 3232 3816 3303 magistri

2225 3324 2367 3380 sat-ri
2409 3322 2592 3396 palatii
2622 3322 2844 3377 solertia
2876 3321 3192 3393 prinSquam
3233 3324 3378 3394 typis
3416 3323 3719 3380 cederetur
3769 3325 3824 3379 in

2225 3417 2410 3473 multis
2439 3423 2796 3488 temperatum
2820 3423 2988 3471 esset.
3029 3413 3139 3472 Sed
3165 3415 3232 3470 ad
3253 3413 3460 3488 reliqua
3488 3415 3670 3489 capita
3693 3430 3825 3491 pro-

2226 3512 2507 3568 cedamus.

2230 3672 2257 3746 §
2311 3671 2399 3729 ιν.
2458 3668 2743 3726 Nonnulla:
2772 3665 3015 3724 Pennotti
3031 3664 3466 3748 inconsequentia:
3492 3664 3822 3739 detegantur.

2301 3809 2457 3880 Quod
2484 3808 2551 3864 ad
2579 3805 3088 3878 ineonsequentias,
3129 3803 3216 3860 vel
3253 3805 3646 3859 sententiarum
3695 3817 3828 3859 con;-

2227 3904 2531 3962 trarictates
2559 3910 2790 3974 spectat,
2822 3900 3019 3973 quibus
3048 3897 3359 3955 Cltronicon
3401 3903 3647 3952 nostrum
3689 3911 3823 3966 spu-

2228 3999 2364 4055 rium
2407 3995 2702 4053 ostendere
2755 4001 3029 4060 conatur,
3084 4005 3219 4061 rogo
3276 3989 3515 4046 lectores
3555 3988 3823 4046 candidos

2225 4091 2509 4164 judicent,
2539 4099 2798 4162 quantum
2850 4085 3052 4158 negotii
3085 4085 3189 4139 hoc
3233 4083 3412 4155 ipsum
3447 4092 3828 4152 argumentum

2230 4188 2458 4242 facessat
2483 4184 2773 4249 Pcttnotto,
2804 4183 2856 4236 in
2886 4183 3040 4250 cujus
3067 4192 3235 4250 opere
3263 4175 3595 4234 breviusculi
3618 4186 3831 4244 tempo-

2233 4282 2306 4338 ris
2328 4281 2538 4347 studio,
2571 4277 2839 4349 ejusmodi
2869 4276 3047 4342 reperi
3087 4271 3575 4328 cootradictioncs.
3613 4269 3728 4337 Lib.
3757 4285 3824 4340 tt,

2229 4389 2350 4446 Cap.
2383 4376 2481 4438 75,
2511 4389 2662 4430 num.
2686 4371 2740 4437 2,
2772 4370 2966 4426 asserit
2993 4409 3010 4437 ,
3038 4367 3287 4423 ordinem
3321 4366 3682 4421 sanctissimae
3705 4362 3830 4420 Tri-

2233 4468 2421 4523 nitatis
2465 4464 2876 4533 licdemptiunis
2915 4463 3258 4532 captivorum
3305 4457 3376 4514 ab
3408 4457 3726 4514 innocentia
3755 4455 3824 4512 ιιι

527 4550 671 4596 motu
696 4544 927 4614 proprio,
959 4556 1061 4598 etc.
1095 4544 1371 4602 Sttbiul’ert
1398 4553 1977 4610 excomtnnnicatiottis
2000 4557 2124 4612 lata.-
2156 4533 2207 4594 ι)
2233 4562 2612 4617 conﬁrmatum
2640 4559 2804 4614 fuisse
2824 4572 2966 4612 anno
2999 4556 3137 4612 120')
3162 4598 3178 4623 ,
3206 4556 3388 4627 capite
3415 4569 3548 4611 vero
3576 4552 3825 4623 sequenti

527 4635 814 4690 sementim
838 4650 1052 4705 pmnam
1077 4636 1130 4692 itt
1155 4653 1274 4705 eos,
1304 4640 1394 4710 qui
1421 4642 1639 4712 scriptis
1664 4645 1849 4713 editis,
1880 4648 1963 4702 vel
1991 4665 2127 4719 quo-

529 4726 612 4782 vis
655 4727 767 4784 alio
809 4728 971 4784 modo
1002 4731 1318 4785 alterutram
1363 4741 1566 4804 partem
1611 4733 1927 4804 defendant,
1960 4755 1988 4794 a
2019 4757 2123 4812 qua

529 4831 888 4891 prtetcrquam
927 4824 978 4878 in
1023 4824 1212 4880 mortis
1249 4826 1478 4881 articulo
1506 4843 1535 4879 a
1563 4828 1683 4883 solo
1707 4829 1962 4886 Romano
1987 4833 2128 4890 Pon-

530 4913 679 4970 tillcc
723 4915 931 4985 possint
972 4916 1203 4973 absolvi.
1238 4916 1356 4974 Non
1400 4937 1485 4976 me
1512 4922 1642 4977 latet
1679 4927 2124 4992 gravissimorum

531 5005 910 5080 theologorum
953 5009 1463 5068 Salmanticensium
1497 5014 1760 5084 judicium
1805 5018 1992 5089 fuisse,
2035 5022 2126 5077 de-

529 5110 738 5158 cretum
787 5103 1121 5172 bujusmodi,
1162 5114 1255 5160 aut
1298 5123 1592 5178 numquam
1632 5111 2003 5181 observatum,
2039 5125 2132 5170 aut

529 5192 641 5262 jam
680 5193 774 5249 ditt
804 5211 903 5264 per
941 5195 1272 5252 contrariam
1313 5201 1760 5258 consuetudinem
1795 5217 2127 5274 revocatum,

533 5297 632 5341 nec
672 5287 740 5341 ab
779 5287 845 5341 iis
885 5286 1209 5344 dissensisse
1243 5290 1515 5346 illusuiss.
1549 5293 1852 5351 cardinales
1889 5299 1944 5352 S.
1977 5298 2121 5353 Con-

531 5379 864 5449 grcgationis
919 5380 1118 5438 Indicis
1162 5383 1424 5440 librorum
1468 5387 1911 5457 prohibiturum;
1958 5407 2120 5449 nemo

533 5482 713 5530 tamen
755 5485 862 5542 est,
888 5479 977 5548 qui
1021 5493 1126 5532 non
1157 5479 1339 5536 videat
1376 5497 1471 5538 eos
1499 5484 1672 5540 solum
1705 5487 1879 5556 egisse
1905 5489 1973 5546 dc
2002 5507 2130 5547 sen-

535 5568 705 5626 tentia
751 5573 1372 5643 exroutmunicatiOuis,
1419 5593 1580 5658 quam
1629 5583 2130 5653 cotttrat'cnientcs,

535 5662 759 5718 minimc
799 5663 909 5732 jam
942 5665 1299 5732 incurrerent,
1331 5667 1459 5740 quia
1486 5688 1590 5727 non
1621 5687 1739 5728 esse
1774 5674 1824 5729 in
1855 5676 2011 5731 viridi
2041 5678 2133 5732 σιμ

534 5755 802 5813 servantia
833 5756 1250 5822 existim-urunt:
1282 5775 1547 5822 quatenus
1590 5765 1742 5824 locus
1785 5768 1960 5827 aunuc
1994 5780 2141 5828 esset

2234 4653 2324 4725 (id
2350 4664 2432 4709 est
2455 4654 2519 4708 7i
2543 4655 2562 4722 )
2585 4651 2961 4706 conﬁrmatum
2993 4649 3121 4703 dicit
3151 4648 3218 4704 ab
3247 4647 3439 4704 eodem
3468 4661 3609 4702 anno
3642 4645 3778 4700 H98
3803 4660 3820 4710 ;

2233 4760 2287 4803 et
2326 4748 2437 4804 illic
2475 4748 2691 4818 quidem
2734 4744 2902 4800 refert
2945 4753 3202 4799 auctores
3231 4743 3400 4812 ipsius
3435 4742 3630 4797 missos
3658 4739 3828 4796 fuisse

2235 4843 2302 4896 ab
2343 4841 2658 4896 innocentio
2703 4838 2770 4894 ad
2813 4839 3102 4894 canonicos
3141 4838 3200 4894 S.
3234 4837 3472 4893 Victoris
3503 4835 3829 4892 Parisiensis

2237 4948 2333 5004 pro
2365 4932 2702 5003 regularibus
2742 4931 3004 4986 institutis
3041 4929 3415 4998 addiscendis,
3457 4936 3518 4984 ut
3559 4928 3729 4998 liquet
3760 4941 3828 4982 es

2239 5025 2434 5080 litteris
2454 5022 2771 5093 apostolicis
2795 5022 3039 5092 ejusdem
3066 5022 3365 5077 Innocentii
3390 5061 3409 5088 ,
3457 5035 3578 5091 qua:
3609 5027 3830 5075 exstant

2237 5119 2376 5190 typis
2414 5132 2626 5173 excusa:
2664 5117 2758 5172 lib.
2804 5132 2821 5170 ι
2870 5117 2951 5170 sui
2997 5113 3252 5185 Regcsti,
3301 5115 3354 5170 in
3393 5111 3591 5184 quibus
3645 5120 3827 5166 tamen

2235 5215 2459 5268 minimc
2499 5210 2802 5276 asset-itur,
2847 5209 3104 5264 Ordinem
3139 5205 3390 5262 eumdem
3417 5204 3601 5275 regula
3623 5202 3683 5260 S.
3717 5201 3836 5258 An-

2233 5305 2427 5376 gttslini
2461 5303 2630 5356 fuisse
2659 5300 2920 5354 donatum
2949 5316 2963 5365 ;
3007 5311 3061 5354 at
3101 5299 3154 5353 itt
3190 5297 3477 5367 posteriori
3519 5296 3608 5349 illo
3639 5295 3821 5362 capite

2235 5398 2306 5454 τι
2335 5395 2487 5468 ponit
2516 5394 2658 5450 hunc
2681 5392 2941 5449 Ordinem
2969 5401 3165 5462 quarto
3195 5389 3316 5446 loco
3343 5391 3482 5445 inter
3499 5401 3595 5444 eos
3614 5387 3704 5457 qui
3729 5385 3834 5440 sub

2237 5489 2298 5546 S.
2335 5486 2624 5560 Augustini
2668 5485 2855 5557 regula
2890 5484 3121 5540 instituti
3161 5493 3284 5540 sunt
3311 5524 3326 5548 ,
3375 5492 3427 5537 et
3481 5478 3835 5535 nihilominus

2240 5591 2451 5638 constat
2482 5597 2547 5636 cx
2578 5579 2698 5635 aliis
2737 5579 2928 5635 litteris
2961 5577 3206 5648 ejusdem
3238 5573 3521 5633 Pontiﬁcis
3550 5575 3602 5628 in
3632 5577 3832 5629 eodem

2247 5675 2476 5745 Hegesia
2499 5716 2513 5740 ,
2547 5671 2807 5743 peculiari
2836 5672 3092 5727 donatum
3125 5669 3295 5726 fuisse
3323 5668 3511 5739 regula
3540 5666 3610 5723 ab
3636 5664 3836 5722 eodem

2245 5769 2511 5826 l’ontilit‘c
2551 5765 2771 5825 dictata.
2817 5768 2886 5823 At
2931 5773 3080 5824 certo
3123 5763 3326 5822 certius
3369 5773 3492 5832 est,
3543 5772 3840 5831 numquam
