  <div class='ocr_page' id='page_1' title='image "/cluster/home/n/w/nwhite01/storage/ocr_20150623/31/umn.319510024773250/310.png"; bbox 0 0 4052 6438; ppageno 0'>
   <div class='ocr_carea' id='block_1_1' title="bbox 356 258 3663 329">
    <p class='ocr_par' dir='ltr' id='par_1_1' title="bbox 356 258 3663 329">
     <span class='ocr_line' id='line_1_1' title="bbox 356 258 3663 329; baseline 0.003 -10"><span class='ocrx_word' id='word_1_1' title='bbox 356 264 468 324; x_wconf 68' lang='lat'><strong>603</strong></span> <span class='ocrx_word' id='word_1_2' title='bbox 1429 258 1959 319; x_wconf 73' lang='lat' dir='ltr'><strong>APOLOGETICIIS</strong></span> <span class='ocrx_word' id='word_1_3' title='bbox 1996 259 2134 319; x_wconf 75' lang='lat' dir='ltr'><strong>PRO</strong></span> <span class='ocrx_word' id='word_1_4' title='bbox 2172 263 2237 321; x_wconf 87' lang='lat' dir='ltr'><strong>L.</strong></span> <span class='ocrx_word' id='word_1_5' title='bbox 2281 262 2589 321; x_wconf 74' lang='lat' dir='ltr'><strong>DEXTRO.</strong></span> <span class='ocrx_word' id='word_1_6' title='bbox 3557 267 3663 329; x_wconf 78' lang='lat'><strong>606</strong></span> 
     </span>
    </p>
   </div>
   <div class='ocr_carea' id='block_1_2' title="bbox 358 379 3664 453">
    <p class='ocr_par' dir='ltr' id='par_1_2' title="bbox 358 379 3664 453">
     <span class='ocr_line' id='line_1_2' title="bbox 358 379 3664 453; baseline 0 -12"><span class='ocrx_word' id='word_1_7' title='bbox 358 381 644 453; x_wconf 75' lang='lat' dir='ltr'><strong>Augustini</strong></span> <span class='ocrx_word' id='word_1_8' title='bbox 673 380 915 452; x_wconf 82' lang='lat' dir='ltr'><strong>regulam</strong></span> <span class='ocrx_word' id='word_1_9' title='bbox 944 381 1286 440; x_wconf 61' lang='lat' dir='ltr'><strong>obserusse.</strong></span> <span class='ocrx_word' id='word_1_10' title='bbox 1312 382 1544 451; x_wconf 77' lang='lat' dir='ltr'><strong>Insuper</strong></span> <span class='ocrx_word' id='word_1_11' title='bbox 1569 379 1831 452; x_wconf 69' lang='lat' dir='ltr'><strong>praedicto</strong></span> <span class='ocrx_word' id='word_1_12' title='bbox 1870 395 1958 435; x_wconf 81' lang='lat' dir='ltr'><strong>ca-</strong></span> <span class='ocrx_word' id='word_1_13' title='bbox 1987 384 2038 443; x_wconf 76' lang='grc' dir='ltr'>Α</span> <span class='ocrx_word' id='word_1_14' title='bbox 2065 396 2173 435; x_wconf 90' lang='lat' dir='ltr'><strong>non</strong></span> <span class='ocrx_word' id='word_1_15' title='bbox 2206 381 2406 438; x_wconf 88' lang='lat' dir='ltr'><strong>renuit.</strong></span> <span class='ocrx_word' id='word_1_16' title='bbox 2439 380 2701 439; x_wconf 77' lang='lat' dir='ltr'><strong>Similiter</strong></span> <span class='ocrx_word' id='word_1_17' title='bbox 2731 380 2828 439; x_wconf 93' lang='lat' dir='ltr'><strong>lib.</strong></span> <span class='ocrx_word' id='word_1_18' title='bbox 2861 396 2918 449; x_wconf 84' lang='grc' dir='ltr'>ι,</span> <span class='ocrx_word' id='word_1_19' title='bbox 2964 394 3084 453; x_wconf 86' lang='lat' dir='ltr'><strong>cap.</strong></span> <span class='ocrx_word' id='word_1_20' title='bbox 3119 382 3179 440; x_wconf 67' lang='lat' dir='ltr'><strong>fil</strong></span> <span class='ocrx_word' id='word_1_21' title='bbox 3204 425 3219 449; x_wconf 93' lang='lat'><strong>,</strong></span> <span class='ocrx_word' id='word_1_22' title='bbox 3249 397 3403 440; x_wconf 90' lang='lat' dir='ltr'><strong>num.</strong></span> <span class='ocrx_word' id='word_1_23' title='bbox 3442 381 3494 451; x_wconf 83' lang='grc' dir='ltr'><strong>Ι,</strong></span> <span class='ocrx_word' id='word_1_24' title='bbox 3515 384 3664 444; x_wconf 84' lang='lat' dir='ltr'><strong>deri-</strong></span> 
     </span>
    </p>
   </div>
   <div class='ocr_carea' id='block_1_3' title="bbox 357 472 3661 548">
    <p class='ocr_par' dir='ltr' id='par_1_3' title="bbox 357 472 3661 548">
     <span class='ocr_line' id='line_1_3' title="bbox 357 472 3661 548; baseline 0.001 -16"><span class='ocrx_word' id='word_1_25' title='bbox 357 476 525 548; x_wconf 86' lang='lat' dir='ltr'><strong>pitulo</strong></span> <span class='ocrx_word' id='word_1_26' title='bbox 554 476 622 533; x_wconf 67' lang='grc'><strong>71</strong></span> <span class='ocrx_word' id='word_1_27' title='bbox 644 476 896 531; x_wconf 89' lang='lat' dir='ltr'><strong>ordinem</strong></span> <span class='ocrx_word' id='word_1_28' title='bbox 919 478 1267 533; x_wconf 84' lang='lat' dir='ltr'><strong>eremitarurn</strong></span> <span class='ocrx_word' id='word_1_29' title='bbox 1290 478 1357 534; x_wconf 89' lang='lat' dir='ltr'><strong>de</strong></span> <span class='ocrx_word' id='word_1_30' title='bbox 1379 476 1562 533; x_wconf 81' lang='lat' dir='ltr'><strong>Fabali</strong></span> <span class='ocrx_word' id='word_1_31' title='bbox 1596 475 1744 546; x_wconf 90' lang='lat' dir='ltr'><strong>ponit</strong></span> <span class='ocrx_word' id='word_1_32' title='bbox 1776 475 1957 529; x_wconf 80' lang='lat' dir='ltr'><strong>divcr-</strong></span> <span class='ocrx_word' id='word_1_33' title='bbox 2063 474 2157 533; x_wconf 86' lang='lat' dir='ltr'><strong>det</strong></span> <span class='ocrx_word' id='word_1_34' title='bbox 2183 472 2428 545; x_wconf 69' lang='lat' dir='ltr'><strong>Slarquez</strong></span> <span class='ocrx_word' id='word_1_35' title='bbox 2453 518 2467 542; x_wconf 91' lang='lat'><strong>,</strong></span> <span class='ocrx_word' id='word_1_36' title='bbox 2494 476 2638 547; x_wconf 89' lang='lat' dir='ltr'><strong>quod</strong></span> <span class='ocrx_word' id='word_1_37' title='bbox 2674 477 3043 533; x_wconf 88' lang='lat' dir='ltr'><strong>testimonium</strong></span> <span class='ocrx_word' id='word_1_38' title='bbox 3077 477 3137 532; x_wconf 79' lang='grc' dir='ltr'><strong>Β.</strong></span> <span class='ocrx_word' id='word_1_39' title='bbox 3169 476 3417 533; x_wconf 86' lang='lat' dir='ltr'><strong>Joacbini</strong></span> <span class='ocrx_word' id='word_1_40' title='bbox 3445 478 3661 537; x_wconf 86' lang='lat' dir='ltr'><strong>abbatis</strong></span> 
     </span>
    </p>
   </div>
   <div class='ocr_carea' id='block_1_4' title="bbox 353 567 3655 641">
    <p class='ocr_par' dir='ltr' id='par_1_4' title="bbox 353 567 3655 641">
     <span class='ocr_line' id='line_1_4' title="bbox 353 567 3655 641; baseline 0 -15"><span class='ocrx_word' id='word_1_41' title='bbox 353 585 475 627; x_wconf 86' lang='lat' dir='ltr'><strong>sum</strong></span> <span class='ocrx_word' id='word_1_42' title='bbox 499 567 555 625; x_wconf 91' lang='lat' dir='ltr'><strong>in</strong></span> <span class='ocrx_word' id='word_1_43' title='bbox 585 584 679 625; x_wconf 87' lang='lat' dir='ltr'><strong>sua</strong></span> <span class='ocrx_word' id='word_1_44' title='bbox 701 568 913 639; x_wconf 81' lang='lat' dir='ltr'><strong>origine</strong></span> <span class='ocrx_word' id='word_1_45' title='bbox 953 571 1022 625; x_wconf 86' lang='lat' dir='ltr'><strong>ab</strong></span> <span class='ocrx_word' id='word_1_46' title='bbox 1051 570 1247 627; x_wconf 83' lang='lat' dir='ltr'><strong>ordine</strong></span> <span class='ocrx_word' id='word_1_47' title='bbox 1278 570 1631 626; x_wconf 86' lang='lat' dir='ltr'><strong>cremitarum</strong></span> <span class='ocrx_word' id='word_1_48' title='bbox 1677 568 1741 621; x_wconf 83' lang='lat' dir='ltr'><strong>de</strong></span> <span class='ocrx_word' id='word_1_49' title='bbox 1767 568 1954 623; x_wconf 83' lang='lat' dir='ltr'><strong>Britti-</strong></span> <span class='ocrx_word' id='word_1_50' title='bbox 2061 576 2247 622; x_wconf 90' lang='lat' dir='ltr'><strong>contra</strong></span> <span class='ocrx_word' id='word_1_51' title='bbox 2301 568 2485 639; x_wconf 85' lang='lat' dir='ltr'><strong>viginti</strong></span> <span class='ocrx_word' id='word_1_52' title='bbox 2538 567 2883 625; x_wconf 71' lang='lat' dir='ltr'><strong>adsersurios</strong></span> <span class='ocrx_word' id='word_1_53' title='bbox 2926 580 3071 625; x_wconf 85' lang='lat' dir='ltr'><strong>stare</strong></span> <span class='ocrx_word' id='word_1_54' title='bbox 3113 585 3273 641; x_wconf 74' lang='lat' dir='ltr'><strong>posse</strong></span> <span class='ocrx_word' id='word_1_55' title='bbox 3315 571 3551 638; x_wconf 74' lang='lat' dir='ltr'><strong>dixerit;</strong></span> <span class='ocrx_word' id='word_1_56' title='bbox 3601 581 3655 629; x_wconf 89' lang='lat' dir='ltr'><strong>et</strong></span> 
     </span>
    </p>
   </div>
   <div class='ocr_carea' id='block_1_5' title="bbox 355 660 3652 734">
    <p class='ocr_par' dir='ltr' id='par_1_5' title="bbox 355 660 3652 734">
     <span class='ocr_line' id='line_1_5' title="bbox 355 660 3652 734; baseline 0.001 -16"><span class='ocrx_word' id='word_1_57' title='bbox 355 664 442 720; x_wconf 87' lang='lat' dir='ltr'><strong>nis</strong></span> <span class='ocrx_word' id='word_1_58' title='bbox 465 706 481 731; x_wconf 95' lang='lat'><strong>,</strong></span> <span class='ocrx_word' id='word_1_59' title='bbox 520 670 577 719; x_wconf 89' lang='lat' dir='ltr'><strong>et</strong></span> <span class='ocrx_word' id='word_1_60' title='bbox 616 662 679 717; x_wconf 78' lang='grc' dir='ltr'><strong>Β.</strong></span> <span class='ocrx_word' id='word_1_61' title='bbox 723 662 951 719; x_wconf 79' lang='lat' dir='ltr'><strong>Joannis</strong></span> <span class='ocrx_word' id='word_1_62' title='bbox 984 663 1113 719; x_wconf 83' lang='grc' dir='ltr'><strong>Βοιιί</strong></span> <span class='ocrx_word' id='word_1_63' title='bbox 1140 709 1154 733; x_wconf 85' lang='grc'><em>,</em></span> <span class='ocrx_word' id='word_1_64' title='bbox 1187 675 1242 719; x_wconf 91' lang='lat' dir='ltr'><strong>et</strong></span> <span class='ocrx_word' id='word_1_65' title='bbox 1271 663 1627 720; x_wconf 85' lang='lat' dir='ltr'><strong>nihilominus</strong></span> <span class='ocrx_word' id='word_1_66' title='bbox 1656 660 1750 717; x_wconf 90' lang='lat' dir='ltr'><strong>lib.</strong></span> <span class='ocrx_word' id='word_1_67' title='bbox 1784 677 1798 716; x_wconf 93' lang='grc' dir='ltr'><strong>ι</strong></span> <span class='ocrx_word' id='word_1_68' title='bbox 1830 677 1949 732; x_wconf 90' lang='lat' dir='ltr'><strong>cap.</strong></span> <span class='ocrx_word' id='word_1_69' title='bbox 2059 660 2411 717; x_wconf 76' lang='lat' dir='ltr'><strong>nihilominus</strong></span> <span class='ocrx_word' id='word_1_70' title='bbox 2433 663 2526 719; x_wconf 86' lang='lat' dir='ltr'><strong>lib.</strong></span> <span class='ocrx_word' id='word_1_71' title='bbox 2557 679 2625 728; x_wconf 88' lang='grc' dir='ltr'>ιι,</span> <span class='ocrx_word' id='word_1_72' title='bbox 2650 678 2770 734; x_wconf 84' lang='lat' dir='ltr'><strong>cap.</strong></span> <span class='ocrx_word' id='word_1_73' title='bbox 2801 664 2899 733; x_wconf 77' lang='grc'><strong>18,</strong></span> <span class='ocrx_word' id='word_1_74' title='bbox 2946 679 3095 719; x_wconf 90' lang='lat' dir='ltr'><strong>num.</strong></span> <span class='ocrx_word' id='word_1_75' title='bbox 3140 666 3233 730; x_wconf 83' lang='lat' dir='ltr'><strong>ltl,</strong></span> <span class='ocrx_word' id='word_1_76' title='bbox 3264 664 3403 721; x_wconf 89' lang='lat' dir='ltr'><strong>duos</strong></span> <span class='ocrx_word' id='word_1_77' title='bbox 3424 667 3652 723; x_wconf 87' lang='lat' dir='ltr'><strong>canoni-</strong></span> 
     </span>
    </p>
   </div>
   <div class='ocr_carea' id='block_1_6' title="bbox 353 754 3647 831">
    <p class='ocr_par' dir='ltr' id='par_1_6' title="bbox 353 754 3647 831">
     <span class='ocr_line' id='line_1_6' title="bbox 353 754 3647 831; baseline 0.001 -19"><span class='ocrx_word' id='word_1_78' title='bbox 353 755 428 813; x_wconf 70' lang='lat'><strong>25</strong></span> <span class='ocrx_word' id='word_1_79' title='bbox 458 754 658 812; x_wconf 64' lang='lat' dir='ltr'><strong>uum.‘</strong></span> <span class='ocrx_word' id='word_1_80' title='bbox 680 764 735 813; x_wconf 88' lang='lat' dir='ltr'><strong>et</strong></span> <span class='ocrx_word' id='word_1_81' title='bbox 750 772 870 828; x_wconf 96' lang='lat' dir='ltr'><strong>cap.</strong></span> <span class='ocrx_word' id='word_1_82' title='bbox 892 757 984 825; x_wconf 64' lang='lat' dir='ltr'><strong>i7,</strong></span> <span class='ocrx_word' id='word_1_83' title='bbox 1008 758 1061 813; x_wconf 89' lang='lat' dir='ltr'><strong>in</strong></span> <span class='ocrx_word' id='word_1_84' title='bbox 1086 758 1378 828; x_wconf 86' lang='lat' dir='ltr'><strong>principio,</strong></span> <span class='ocrx_word' id='word_1_85' title='bbox 1407 773 1569 813; x_wconf 85' lang='lat' dir='ltr'><strong>unam</strong></span> <span class='ocrx_word' id='word_1_86' title='bbox 1596 758 1953 827; x_wconf 73' lang='lat' dir='ltr'><strong>eamdemque</strong></span> <span class='ocrx_word' id='word_1_87' title='bbox 2057 769 2150 809; x_wconf 91' lang='lat' dir='ltr'><strong>cos</strong></span> <span class='ocrx_word' id='word_1_88' title='bbox 2175 756 2451 827; x_wconf 85' lang='lat' dir='ltr'><strong>regulares</strong></span> <span class='ocrx_word' id='word_1_89' title='bbox 2478 757 2533 811; x_wconf 92' lang='lat' dir='ltr'><strong>in</strong></span> <span class='ocrx_word' id='word_1_90' title='bbox 2554 772 2715 813; x_wconf 87' lang='lat' dir='ltr'><strong>causa</strong></span> <span class='ocrx_word' id='word_1_91' title='bbox 2743 758 3131 815; x_wconf 87' lang='lat' dir='ltr'><strong>canonicorum</strong></span> <span class='ocrx_word' id='word_1_92' title='bbox 3174 760 3395 829; x_wconf 80' lang='lat' dir='ltr'><strong>propria</strong></span> <span class='ocrx_word' id='word_1_93' title='bbox 3425 760 3647 831; x_wconf 77' lang='lat' dir='ltr'><strong>majoris</strong></span> 
     </span>
    </p>
   </div>
   <div class='ocr_carea' id='block_1_7' title="bbox 351 850 3645 925">
    <p class='ocr_par' dir='ltr' id='par_1_7' title="bbox 351 850 3645 925">
     <span class='ocr_line' id='line_1_7' title="bbox 351 850 3645 925; baseline 0.001 -18"><span class='ocrx_word' id='word_1_94' title='bbox 351 852 828 923; x_wconf 68' lang='lat' dir='ltr'><strong>congregationem</strong></span> <span class='ocrx_word' id='word_1_95' title='bbox 857 850 1027 908; x_wconf 88' lang='lat' dir='ltr'><strong>fuisse</strong></span> <span class='ocrx_word' id='word_1_96' title='bbox 1057 852 1340 909; x_wconf 74' lang='lat' dir='ltr'><strong>contendit</strong></span> <span class='ocrx_word' id='word_1_97' title='bbox 1369 867 1490 907; x_wconf 82' lang='lat' dir='ltr'><strong>cuiu</strong></span> <span class='ocrx_word' id='word_1_98' title='bbox 1524 851 1631 907; x_wconf 83' lang='lat' dir='ltr'><strong>illis</strong></span> <span class='ocrx_word' id='word_1_99' title='bbox 1660 850 1726 906; x_wconf 89' lang='lat' dir='ltr'><strong>de</strong></span> <span class='ocrx_word' id='word_1_100' title='bbox 1763 850 1951 905; x_wconf 86' lang='lat' dir='ltr'><strong>Britti-</strong></span> <span class='ocrx_word' id='word_1_101' title='bbox 2056 864 2177 906; x_wconf 89' lang='lat' dir='ltr'><strong>esse</strong></span> <span class='ocrx_word' id='word_1_102' title='bbox 2197 850 2477 906; x_wconf 83' lang='lat' dir='ltr'><strong>contendit</strong></span> <span class='ocrx_word' id='word_1_103' title='bbox 2507 853 2852 909; x_wconf 88' lang='lat' dir='ltr'><strong>auctoritatis</strong></span> <span class='ocrx_word' id='word_1_104' title='bbox 2875 893 2891 919; x_wconf 90' lang='lat'><strong>,</strong></span> <span class='ocrx_word' id='word_1_105' title='bbox 2940 867 3099 925; x_wconf 87' lang='lat' dir='ltr'><strong>quam</strong></span> <span class='ocrx_word' id='word_1_106' title='bbox 3122 852 3312 911; x_wconf 89' lang='lat' dir='ltr'><strong>decem</strong></span> <span class='ocrx_word' id='word_1_107' title='bbox 3345 853 3569 913; x_wconf 77' lang='lat' dir='ltr'><strong>Aruoldi</strong></span> <span class='ocrx_word' id='word_1_108' title='bbox 3587 862 3645 913; x_wconf 88' lang='lat' dir='ltr'><strong>et</strong></span> 
     </span>
    </p>
   </div>
   <div class='ocr_carea' id='block_1_8' title="bbox 352 941 1917 1016">
    <p class='ocr_par' dir='ltr' id='par_1_8' title="bbox 352 943 1914 1016">
     <span class='ocr_line' id='line_1_8' title="bbox 352 943 1914 1016; baseline -0.003 -14"><span class='ocrx_word' id='word_1_109' title='bbox 352 946 438 1003; x_wconf 83' lang='lat' dir='ltr'><strong>nis</strong></span> <span class='ocrx_word' id='word_1_110' title='bbox 466 953 521 1009; x_wconf 84' lang='lat' dir='ltr'><strong>et</strong></span> <span class='ocrx_word' id='word_1_111' title='bbox 543 943 769 1000; x_wconf 74' lang='lat' dir='ltr'><strong>Joannis</strong></span> <span class='ocrx_word' id='word_1_112' title='bbox 792 944 952 1000; x_wconf 82' lang='lat' dir='ltr'><strong>Boni.</strong></span> <span class='ocrx_word' id='word_1_113' title='bbox 984 943 1192 1000; x_wconf 79' lang='lat' dir='ltr'><strong>Rursus</strong></span> <span class='ocrx_word' id='word_1_114' title='bbox 1214 944 1312 1002; x_wconf 87' lang='lat' dir='ltr'><strong>lib.</strong></span> <span class='ocrx_word' id='word_1_115' title='bbox 1344 961 1400 1014; x_wconf 86' lang='grc' dir='ltr'>ιι,</span> <span class='ocrx_word' id='word_1_116' title='bbox 1431 960 1553 1016; x_wconf 90' lang='lat' dir='ltr'><strong>cap.</strong></span> <span class='ocrx_word' id='word_1_117' title='bbox 1583 944 1680 1009; x_wconf 67' lang='lat'><strong>50,</strong></span> <span class='ocrx_word' id='word_1_118' title='bbox 1715 959 1864 998; x_wconf 92' lang='lat' dir='ltr'><strong>uum.</strong></span> <span class='ocrx_word' id='word_1_119' title='bbox 1891 943 1914 998; x_wconf 79' lang='lat' dir='ltr'><strong>i</strong></span> 
     </span>
    </p>
   </div>
   <div class='ocr_carea' id='block_1_9' title="bbox 2024 941 3638 1016">
    <p class='ocr_par' dir='ltr' id='par_1_9' title="bbox 2055 941 3638 1010">
     <span class='ocr_line' id='line_1_9' title="bbox 2055 941 3638 1010; baseline 0.004 -12"><span class='ocrx_word' id='word_1_120' title='bbox 2055 941 2362 1010; x_wconf 66' lang='lat' dir='ltr'><strong>Brwhcsii,</strong></span> <span class='ocrx_word' id='word_1_121' title='bbox 2400 945 2484 998; x_wconf 83' lang='lat' dir='ltr'><strong>vel</strong></span> <span class='ocrx_word' id='word_1_122' title='bbox 2513 944 2677 999; x_wconf 84' lang='lat' dir='ltr'><strong>etiam</strong></span> <span class='ocrx_word' id='word_1_123' title='bbox 2701 944 2986 1002; x_wconf 83' lang='lat' dir='ltr'><strong>Tritbemii</strong></span> <span class='ocrx_word' id='word_1_124' title='bbox 3033 955 3285 1003; x_wconf 85' lang='lat' dir='ltr'><strong>auctores</strong></span> <span class='ocrx_word' id='word_1_125' title='bbox 3324 962 3354 1001; x_wconf 92' lang='lat' dir='ltr'><strong>a</strong></span> <span class='ocrx_word' id='word_1_126' title='bbox 3398 946 3457 1002; x_wconf 78' lang='grc' dir='ltr'><strong>Ρ.</strong></span> <span class='ocrx_word' id='word_1_127' title='bbox 3488 946 3638 1006; x_wconf 81' lang='lat' dir='ltr'><strong>Con-</strong></span> 
     </span>
    </p>
   </div>
   <div class='ocr_carea' id='block_1_10' title="bbox 350 1036 3639 1113">
    <p class='ocr_par' dir='ltr' id='par_1_10' title="bbox 350 1036 3639 1113">
     <span class='ocr_line' id='line_1_10' title="bbox 350 1036 3639 1113; baseline 0.002 -19"><span class='ocrx_word' id='word_1_128' title='bbox 350 1036 792 1111; x_wconf 86' lang='lat' dir='ltr'><strong>augustissimam</strong></span> <span class='ocrx_word' id='word_1_129' title='bbox 824 1047 939 1095; x_wconf 90' lang='lat' dir='ltr'><strong>toto</strong></span> <span class='ocrx_word' id='word_1_130' title='bbox 968 1038 1099 1095; x_wconf 88' lang='lat' dir='ltr'><strong>orbe</strong></span> <span class='ocrx_word' id='word_1_131' title='bbox 1132 1038 1417 1095; x_wconf 81' lang='lat' dir='ltr'><strong>ecclesiam</strong></span> <span class='ocrx_word' id='word_1_132' title='bbox 1450 1040 1510 1095; x_wconf 83' lang='lat' dir='ltr'><strong>S.</strong></span> <span class='ocrx_word' id='word_1_133' title='bbox 1549 1037 1733 1093; x_wconf 64' lang='lat' dir='ltr'><strong>Maria:</strong></span> <span class='ocrx_word' id='word_1_134' title='bbox 1766 1036 1834 1093; x_wconf 90' lang='lat' dir='ltr'><strong>de</strong></span> <span class='ocrx_word' id='word_1_135' title='bbox 1861 1037 1949 1092; x_wconf 84' lang='lat' dir='ltr'><strong>Pi-</strong></span> <span class='ocrx_word' id='word_1_136' title='bbox 2050 1037 2288 1093; x_wconf 88' lang='lat' dir='ltr'><strong>stantino</strong></span> <span class='ocrx_word' id='word_1_137' title='bbox 2331 1040 2383 1093; x_wconf 90' lang='lat' dir='ltr'><strong>in</strong></span> <span class='ocrx_word' id='word_1_138' title='bbox 2429 1053 2591 1094; x_wconf 90' lang='lat' dir='ltr'><strong>causa</strong></span> <span class='ocrx_word' id='word_1_139' title='bbox 2637 1038 2697 1097; x_wconf 94' lang='lat' dir='ltr'><strong>S.</strong></span> <span class='ocrx_word' id='word_1_140' title='bbox 2752 1038 3041 1097; x_wconf 82' lang='lat' dir='ltr'><strong>llerculani</strong></span> <span class='ocrx_word' id='word_1_141' title='bbox 3088 1042 3240 1098; x_wconf 87' lang='lat' dir='ltr'><strong>citati</strong></span> <span class='ocrx_word' id='word_1_142' title='bbox 3270 1058 3284 1096; x_wconf 91' lang='lat'><strong>:</strong></span> <span class='ocrx_word' id='word_1_143' title='bbox 3319 1042 3461 1113; x_wconf 84' lang='lat' dir='ltr'><strong>quod</strong></span> <span class='ocrx_word' id='word_1_144' title='bbox 3494 1041 3639 1102; x_wconf 85' lang='lat' dir='ltr'><strong>idem</strong></span> 
     </span>
    </p>
   </div>
   <div class='ocr_carea' id='block_1_11' title="bbox 349 1131 3636 1206">
    <p class='ocr_par' dir='ltr' id='par_1_11' title="bbox 349 1131 3636 1206">
     <span class='ocr_line' id='line_1_11' title="bbox 349 1131 3636 1206; baseline 0.001 -15"><span class='ocrx_word' id='word_1_145' title='bbox 349 1132 449 1191; x_wconf 84' lang='lat' dir='ltr'><strong>lari</strong></span> <span class='ocrx_word' id='word_1_146' title='bbox 472 1132 664 1191; x_wconf 90' lang='lat' dir='ltr'><strong>scribit</strong></span> <span class='ocrx_word' id='word_1_147' title='bbox 688 1132 949 1205; x_wconf 77' lang='lat' dir='ltr'><strong>angelicis</strong></span> <span class='ocrx_word' id='word_1_148' title='bbox 977 1134 1226 1190; x_wconf 87' lang='lat' dir='ltr'><strong>manibus</strong></span> <span class='ocrx_word' id='word_1_149' title='bbox 1257 1132 1422 1189; x_wconf 86' lang='lat' dir='ltr'><strong>fuisse</strong></span> <span class='ocrx_word' id='word_1_150' title='bbox 1443 1131 1797 1197; x_wconf 76' lang='lat' dir='ltr'><strong>mdilicatam;</strong></span> <span class='ocrx_word' id='word_1_151' title='bbox 1820 1145 1942 1201; x_wconf 90' lang='lat' dir='ltr'><strong>cap.</strong></span> <span class='ocrx_word' id='word_1_152' title='bbox 2048 1138 2174 1199; x_wconf 89' lang='lat' dir='ltr'><strong>est,</strong></span> <span class='ocrx_word' id='word_1_153' title='bbox 2204 1140 2364 1203; x_wconf 88' lang='lat' dir='ltr'><strong>atque</strong></span> <span class='ocrx_word' id='word_1_154' title='bbox 2398 1132 2580 1189; x_wconf 76' lang='lat' dir='ltr'><strong>valere</strong></span> <span class='ocrx_word' id='word_1_155' title='bbox 2619 1133 2787 1205; x_wconf 76' lang='lat' dir='ltr'><strong>pluris</strong></span> <span class='ocrx_word' id='word_1_156' title='bbox 2809 1149 2971 1206; x_wconf 88' lang='lat' dir='ltr'><strong>quam</strong></span> <span class='ocrx_word' id='word_1_157' title='bbox 3002 1136 3218 1206; x_wconf 79' lang='lat' dir='ltr'><strong>triginta</strong></span> <span class='ocrx_word' id='word_1_158' title='bbox 3255 1154 3270 1192; x_wconf 91' lang='lat'>:</span> <span class='ocrx_word' id='word_1_159' title='bbox 3299 1153 3421 1193; x_wconf 87' lang='lat' dir='ltr'><strong>nam</strong></span> <span class='ocrx_word' id='word_1_160' title='bbox 3444 1136 3636 1195; x_wconf 80' lang='lat' dir='ltr'><strong>decem</strong></span> 
     </span>
    </p>
   </div>
   <div class='ocr_carea' id='block_1_12' title="bbox 349 1221 3631 1301">
    <p class='ocr_par' dir='ltr' id='par_1_12' title="bbox 349 1221 3631 1301">
     <span class='ocr_line' id='line_1_12' title="bbox 349 1221 3631 1301; baseline 0.001 -18"><span class='ocrx_word' id='word_1_161' title='bbox 349 1226 562 1284; x_wconf 73' lang='lat' dir='ltr'><strong>vero“</strong></span> <span class='ocrx_word' id='word_1_162' title='bbox 594 1227 839 1296; x_wconf 83' lang='lat' dir='ltr'><strong>ejusdem</strong></span> <span class='ocrx_word' id='word_1_163' title='bbox 869 1226 989 1284; x_wconf 86' lang='lat' dir='ltr'><strong>libri</strong></span> <span class='ocrx_word' id='word_1_164' title='bbox 1020 1243 1171 1283; x_wconf 90' lang='lat' dir='ltr'><strong>num.</strong></span> <span class='ocrx_word' id='word_1_165' title='bbox 1209 1227 1245 1283; x_wconf 77' lang='lat'><strong>3</strong></span> <span class='ocrx_word' id='word_1_166' title='bbox 1276 1243 1304 1282; x_wconf 93' lang='lat' dir='ltr'><strong>a</strong></span> <span class='ocrx_word' id='word_1_167' title='bbox 1344 1227 1407 1283; x_wconf 78' lang='grc' dir='ltr'><strong>υ.</strong></span> <span class='ocrx_word' id='word_1_168' title='bbox 1446 1225 1652 1285; x_wconf 71' lang='lat' dir='ltr'><strong>Iacobo</strong></span> <span class='ocrx_word' id='word_1_169' title='bbox 1689 1224 1942 1281; x_wconf 75' lang='lat' dir='ltr'><strong>Zcbcdtni</strong></span> <span class='ocrx_word' id='word_1_170' title='bbox 2047 1221 2273 1279; x_wconf 77' lang='lat' dir='ltr'><strong>Arnoldi</strong></span> <span class='ocrx_word' id='word_1_171' title='bbox 2312 1234 2367 1280; x_wconf 91' lang='lat' dir='ltr'><strong>et</strong></span> <span class='ocrx_word' id='word_1_172' title='bbox 2408 1225 2632 1282; x_wconf 90' lang='lat' dir='ltr'><strong>totidem</strong></span> <span class='ocrx_word' id='word_1_173' title='bbox 2673 1226 2951 1284; x_wconf 85' lang='lat' dir='ltr'><strong>Brachcsii</strong></span> <span class='ocrx_word' id='word_1_174' title='bbox 2982 1236 3038 1285; x_wconf 86' lang='lat' dir='ltr'><strong>et</strong></span> <span class='ocrx_word' id='word_1_175' title='bbox 3080 1228 3365 1285; x_wconf 82' lang='lat' dir='ltr'><strong>Tritbemii</strong></span> <span class='ocrx_word' id='word_1_176' title='bbox 3410 1232 3631 1301; x_wconf 81' lang='lat' dir='ltr'><strong>triginta</strong></span> 
     </span>
    </p>
   </div>
   <div class='ocr_carea' id='block_1_13' title="bbox 347 1316 3631 1395">
    <p class='ocr_par' dir='ltr' id='par_1_13' title="bbox 347 1316 3631 1395">
     <span class='ocr_line' id='line_1_13' title="bbox 347 1316 3631 1395; baseline 0 -16"><span class='ocrx_word' id='word_1_177' title='bbox 347 1322 461 1380; x_wconf 84' lang='lat' dir='ltr'><strong>lilio</strong></span> <span class='ocrx_word' id='word_1_178' title='bbox 503 1321 823 1379; x_wconf 80' lang='lat' dir='ltr'><strong>:ediiicatam</strong></span> <span class='ocrx_word' id='word_1_179' title='bbox 871 1322 1181 1393; x_wconf 89' lang='lat' dir='ltr'><strong>contendit,</strong></span> <span class='ocrx_word' id='word_1_180' title='bbox 1228 1322 1373 1394; x_wconf 89' lang='lat' dir='ltr'><strong>quod</strong></span> <span class='ocrx_word' id='word_1_181' title='bbox 1426 1322 1673 1378; x_wconf 89' lang='lat' dir='ltr'><strong>ultimum</strong></span> <span class='ocrx_word' id='word_1_182' title='bbox 1724 1318 1944 1376; x_wconf 75' lang='lat' dir='ltr'><strong>verissi-</strong></span> <span class='ocrx_word' id='word_1_183' title='bbox 2044 1316 2315 1375; x_wconf 84' lang='lat' dir='ltr'><strong>conficere</strong></span> <span class='ocrx_word' id='word_1_184' title='bbox 2369 1321 2491 1390; x_wconf 88' lang='lat' dir='ltr'><strong>quis</strong></span> <span class='ocrx_word' id='word_1_185' title='bbox 2541 1336 2647 1375; x_wconf 91' lang='lat' dir='ltr'><strong>non</strong></span> <span class='ocrx_word' id='word_1_186' title='bbox 2700 1320 2882 1379; x_wconf 74' lang='lat' dir='ltr'><strong>videt?</strong></span> <span class='ocrx_word' id='word_1_187' title='bbox 2919 1320 3070 1389; x_wconf 87' lang='lat' dir='ltr'><strong>Sed,</strong></span> <span class='ocrx_word' id='word_1_188' title='bbox 3119 1323 3262 1395; x_wconf 89' lang='lat' dir='ltr'><strong>quod</strong></span> <span class='ocrx_word' id='word_1_189' title='bbox 3306 1332 3470 1395; x_wconf 87' lang='lat' dir='ltr'><strong>caput</strong></span> <span class='ocrx_word' id='word_1_190' title='bbox 3504 1334 3631 1394; x_wconf 88' lang='lat' dir='ltr'><strong>est,</strong></span> 
     </span>
    </p>
   </div>
   <div class='ocr_carea' id='block_1_14' title="bbox 345 1407 3632 1487">
    <p class='ocr_par' dir='ltr' id='par_1_14' title="bbox 345 1407 3632 1487">
     <span class='ocr_line' id='line_1_14' title="bbox 345 1407 3632 1487; baseline -0 -13"><span class='ocrx_word' id='word_1_191' title='bbox 345 1433 495 1475; x_wconf 81' lang='lat' dir='ltr'><strong>mum</strong></span> <span class='ocrx_word' id='word_1_192' title='bbox 521 1432 644 1475; x_wconf 83' lang='lat' dir='ltr'><strong>esse</strong></span> <span class='ocrx_word' id='word_1_193' title='bbox 661 1417 862 1473; x_wconf 82' lang='lat' dir='ltr'><strong>docent</strong></span> <span class='ocrx_word' id='word_1_194' title='bbox 888 1417 1247 1474; x_wconf 88' lang='lat' dir='ltr'><strong>instrumenta</strong></span> <span class='ocrx_word' id='word_1_195' title='bbox 1277 1416 1458 1473; x_wconf 87' lang='lat' dir='ltr'><strong>omnia</strong></span> <span class='ocrx_word' id='word_1_196' title='bbox 1478 1458 1493 1482; x_wconf 87' lang='lat'><strong>,</strong></span> <span class='ocrx_word' id='word_1_197' title='bbox 1523 1430 1644 1486; x_wconf 64' lang='lat' dir='ltr'><strong>qua:</strong></span> <span class='ocrx_word' id='word_1_198' title='bbox 1672 1415 1723 1469; x_wconf 87' lang='lat' dir='ltr'><strong>in</strong></span> <span class='ocrx_word' id='word_1_199' title='bbox 1745 1412 1937 1469; x_wconf 83' lang='lat' dir='ltr'><strong>cadem</strong></span> <span class='ocrx_word' id='word_1_200' title='bbox 2043 1407 2356 1466; x_wconf 83' lang='lat' dir='ltr'><strong>Cltrouicon</strong></span> <span class='ocrx_word' id='word_1_201' title='bbox 2388 1412 2561 1481; x_wconf 88' lang='lat' dir='ltr'><strong>ipsum</strong></span> <span class='ocrx_word' id='word_1_202' title='bbox 2583 1411 2768 1468; x_wconf 76' lang='lat' dir='ltr'><strong>Dextri</strong></span> <span class='ocrx_word' id='word_1_203' title='bbox 2795 1422 2851 1470; x_wconf 91' lang='lat' dir='ltr'><strong>et</strong></span> <span class='ocrx_word' id='word_1_204' title='bbox 2879 1414 3097 1471; x_wconf 76' lang='lat' dir='ltr'><strong>Maximi</strong></span> <span class='ocrx_word' id='word_1_205' title='bbox 3116 1457 3132 1482; x_wconf 92' lang='lat'><strong>,</strong></span> <span class='ocrx_word' id='word_1_206' title='bbox 3159 1415 3303 1487; x_wconf 89' lang='lat' dir='ltr'><strong>quod</strong></span> <span class='ocrx_word' id='word_1_207' title='bbox 3326 1416 3507 1473; x_wconf 76' lang='lat' dir='ltr'><strong>citatis</strong></span> <span class='ocrx_word' id='word_1_208' title='bbox 3533 1431 3632 1474; x_wconf 82' lang='lat' dir='ltr'><strong>su-</strong></span> 
     </span>
    </p>
   </div>
   <div class='ocr_carea' id='block_1_15' title="bbox 342 1504 3630 1583">
    <p class='ocr_par' dir='ltr' id='par_1_15' title="bbox 342 1504 3630 1583">
     <span class='ocr_line' id='line_1_15' title="bbox 342 1504 3630 1583; baseline -0.002 -12"><span class='ocrx_word' id='word_1_209' title='bbox 342 1511 578 1571; x_wconf 85' lang='lat' dir='ltr'><strong>ecclesia</strong></span> <span class='ocrx_word' id='word_1_210' title='bbox 606 1520 997 1579; x_wconf 80' lang='lat' dir='ltr'><strong>asservantur,</strong></span> <span class='ocrx_word' id='word_1_211' title='bbox 1024 1528 1146 1582; x_wconf 79' lang='lat' dir='ltr'><strong>qua:</strong></span> <span class='ocrx_word' id='word_1_212' title='bbox 1177 1527 1275 1567; x_wconf 88' lang='lat' dir='ltr'><strong>nos</strong></span> <span class='ocrx_word' id='word_1_213' title='bbox 1303 1510 1369 1568; x_wconf 93' lang='lat' dir='ltr'><strong>ad</strong></span> <span class='ocrx_word' id='word_1_214' title='bbox 1398 1524 1597 1566; x_wconf 88' lang='lat' dir='ltr'><strong>annum</strong></span> <span class='ocrx_word' id='word_1_215' title='bbox 1642 1506 1938 1564; x_wconf 81' lang='lat' dir='ltr'><strong>Christi58</strong></span> <span class='ocrx_word' id='word_1_216' title='bbox 2042 1504 2228 1576; x_wconf 87' lang='lat' dir='ltr'><strong>perius</strong></span> <span class='ocrx_word' id='word_1_217' title='bbox 2280 1504 2416 1561; x_wconf 91' lang='lat' dir='ltr'><strong>locis</strong></span> <span class='ocrx_word' id='word_1_218' title='bbox 2462 1505 2582 1560; x_wconf 85' lang='lat' dir='ltr'><strong>data</strong></span> <span class='ocrx_word' id='word_1_219' title='bbox 2631 1520 2798 1579; x_wconf 86' lang='lat' dir='ltr'><strong>opera</strong></span> <span class='ocrx_word' id='word_1_220' title='bbox 2848 1507 3063 1579; x_wconf 71' lang='lat' dir='ltr'><strong>reiicit,</strong></span> <span class='ocrx_word' id='word_1_221' title='bbox 3123 1509 3466 1583; x_wconf 86' lang='lat' dir='ltr'><strong>postmodum</strong></span> <span class='ocrx_word' id='word_1_222' title='bbox 3519 1524 3630 1567; x_wconf 89' lang='lat' dir='ltr'><strong>non</strong></span> 
     </span>
    </p>
   </div>
   <div class='ocr_carea' id='block_1_16' title="bbox 341 1596 3628 1678">
    <p class='ocr_par' dir='ltr' id='par_1_16' title="bbox 341 1596 3628 1678">
     <span class='ocr_line' id='line_1_16' title="bbox 341 1596 3628 1678; baseline 0 -18"><span class='ocrx_word' id='word_1_223' title='bbox 341 1603 463 1663; x_wconf 88' lang='lat' dir='ltr'><strong>fuse</strong></span> <span class='ocrx_word' id='word_1_224' title='bbox 491 1606 795 1663; x_wconf 75' lang='lat' dir='ltr'><strong>retulimus.</strong></span> <span class='ocrx_word' id='word_1_225' title='bbox 830 1605 905 1663; x_wconf 86' lang='lat' dir='ltr'><strong>Ita</strong></span> <span class='ocrx_word' id='word_1_226' title='bbox 936 1608 1083 1663; x_wconf 89' lang='lat' dir='ltr'><strong>enim</strong></span> <span class='ocrx_word' id='word_1_227' title='bbox 1106 1605 1279 1662; x_wconf 80' lang='lat' dir='ltr'><strong>refert</strong></span> <span class='ocrx_word' id='word_1_228' title='bbox 1321 1605 1427 1678; x_wconf 91' lang='lat' dir='ltr'><strong>(ut</strong></span> <span class='ocrx_word' id='word_1_229' title='bbox 1456 1606 1771 1661; x_wconf 87' lang='lat' dir='ltr'><strong>innumeros</strong></span> <span class='ocrx_word' id='word_1_230' title='bbox 1799 1602 1940 1658; x_wconf 87' lang='lat' dir='ltr'><strong>Doc-</strong></span> <span class='ocrx_word' id='word_1_231' title='bbox 2039 1596 2207 1653; x_wconf 90' lang='lat' dir='ltr'><strong>semel</strong></span> <span class='ocrx_word' id='word_1_232' title='bbox 2254 1597 2518 1666; x_wconf 89' lang='lat' dir='ltr'><strong>admittit,</strong></span> <span class='ocrx_word' id='word_1_233' title='bbox 2562 1614 2813 1656; x_wconf 89' lang='lat' dir='ltr'><strong>asserens</strong></span> <span class='ocrx_word' id='word_1_234' title='bbox 2854 1599 3058 1673; x_wconf 86' lang='lat' dir='ltr'><strong>absque</strong></span> <span class='ocrx_word' id='word_1_235' title='bbox 3112 1600 3279 1658; x_wconf 88' lang='lat' dir='ltr'><strong>dubio</strong></span> <span class='ocrx_word' id='word_1_236' title='bbox 3325 1602 3395 1660; x_wconf 87' lang='lat' dir='ltr'><strong>ab</strong></span> <span class='ocrx_word' id='word_1_237' title='bbox 3445 1602 3628 1675; x_wconf 83' lang='lat' dir='ltr'><strong>aliquo</strong></span> 
     </span>
    </p>
   </div>
   <div class='ocr_carea' id='block_1_17' title="bbox 340 1691 3632 1772">
    <p class='ocr_par' dir='ltr' id='par_1_17' title="bbox 340 1691 3632 1772">
     <span class='ocr_line' id='line_1_17' title="bbox 340 1691 3632 1772; baseline -0.001 -16"><span class='ocrx_word' id='word_1_238' title='bbox 340 1706 491 1757; x_wconf 84' lang='lat' dir='ltr'><strong>tores</strong></span> <span class='ocrx_word' id='word_1_239' title='bbox 518 1698 812 1772; x_wconf 91' lang='lat' dir='ltr'><strong>omittam)</strong></span> <span class='ocrx_word' id='word_1_240' title='bbox 857 1696 1104 1756; x_wconf 80' lang='lat' dir='ltr'><strong>Calistus</strong></span> <span class='ocrx_word' id='word_1_241' title='bbox 1149 1699 1214 1754; x_wconf 86' lang='lat' dir='ltr'><strong>Ill</strong></span> <span class='ocrx_word' id='word_1_242' title='bbox 1244 1696 1536 1771; x_wconf 61' lang='lat' dir='ltr'><strong>inllitteris</strong></span> <span class='ocrx_word' id='word_1_243' title='bbox 1563 1697 1706 1752; x_wconf 87' lang='lat' dir='ltr'><strong>datis</strong></span> <span class='ocrx_word' id='word_1_244' title='bbox 1748 1695 1932 1750; x_wconf 76' lang='lat' dir='ltr'><strong>[totum</strong></span> <span class='ocrx_word' id='word_1_245' title='bbox 2038 1691 2315 1759; x_wconf 88' lang='lat' dir='ltr'><strong>eremitis,</strong></span> <span class='ocrx_word' id='word_1_246' title='bbox 2352 1706 2447 1747; x_wconf 91' lang='lat' dir='ltr'><strong>seu</strong></span> <span class='ocrx_word' id='word_1_247' title='bbox 2483 1692 2847 1750; x_wconf 85' lang='lat' dir='ltr'><strong>Benedictiuis</strong></span> <span class='ocrx_word' id='word_1_248' title='bbox 2885 1694 3106 1750; x_wconf 87' lang='lat' dir='ltr'><strong>addicto</strong></span> <span class='ocrx_word' id='word_1_249' title='bbox 3146 1696 3391 1753; x_wconf 77' lang='lat' dir='ltr'><strong>vitiatum</strong></span> <span class='ocrx_word' id='word_1_250' title='bbox 3418 1740 3434 1766; x_wconf 90' lang='lat'><strong>,</strong></span> <span class='ocrx_word' id='word_1_251' title='bbox 3464 1704 3524 1754; x_wconf 91' lang='lat' dir='ltr'><strong>ut</strong></span> <span class='ocrx_word' id='word_1_252' title='bbox 3550 1697 3632 1755; x_wconf 74' lang='lat' dir='ltr'><strong>vi-</strong></span> 
     </span>
    </p>
   </div>
   <div class='ocr_carea' id='block_1_18' title="bbox 337 1774 3625 1861">
    <p class='ocr_par' dir='ltr' id='par_1_18' title="bbox 337 1774 3625 1861">
     <span class='ocr_line' id='line_1_18' title="bbox 337 1774 3625 1861; baseline -0.001 -11"><span class='ocrx_word' id='word_1_253' title='bbox 337 1807 398 1850; x_wconf 75' lang='lat' dir='ltr'><strong>Ix</strong></span> <span class='ocrx_word' id='word_1_254' title='bbox 424 1790 546 1847; x_wconf 79' lang='lat' dir='ltr'><strong>Kal.</strong></span> <span class='ocrx_word' id='word_1_255' title='bbox 566 1791 823 1848; x_wconf 80' lang='lat' dir='ltr'><strong>Octobris</strong></span> <span class='ocrx_word' id='word_1_256' title='bbox 855 1790 994 1849; x_wconf 69' lang='lat'><strong>“36</strong></span> <span class='ocrx_word' id='word_1_257' title='bbox 1022 1792 1128 1847; x_wconf 89' lang='lat' dir='ltr'><strong>illis</strong></span> <span class='ocrx_word' id='word_1_258' title='bbox 1152 1792 1364 1847; x_wconf 77' lang='lat' dir='ltr'><strong>verbis:</strong></span> <span class='ocrx_word' id='word_1_259' title='bbox 1390 1788 1588 1845; x_wconf 78' lang='lat' dir='ltr'><strong>Christi</strong></span> <span class='ocrx_word' id='word_1_260' title='bbox 1613 1789 1793 1860; x_wconf 77' lang='lat' dir='ltr'><strong>[uicies</strong></span> <span class='ocrx_word' id='word_1_261' title='bbox 1821 1804 1933 1842; x_wconf 53' lang='lat' dir='ltr'><strong>tua.</strong></span> <span class='ocrx_word' id='word_1_262' title='bbox 1966 1774 2012 1838; x_wconf 76' lang='grc' dir='ltr'><strong><em>Β</em></strong></span> <span class='ocrx_word' id='word_1_263' title='bbox 2038 1783 2169 1840; x_wconf 88' lang='lat' dir='ltr'><strong>dere</strong></span> <span class='ocrx_word' id='word_1_264' title='bbox 2199 1793 2283 1841; x_wconf 87' lang='lat' dir='ltr'><strong>est</strong></span> <span class='ocrx_word' id='word_1_265' title='bbox 2310 1784 2451 1842; x_wconf 88' lang='lat' dir='ltr'><strong>libro</strong></span> <span class='ocrx_word' id='word_1_266' title='bbox 2476 1801 2493 1841; x_wconf 92' lang='lat' dir='ltr'><strong>t</strong></span> <span class='ocrx_word' id='word_1_267' title='bbox 2518 1830 2532 1855; x_wconf 94' lang='lat'><strong>,</strong></span> <span class='ocrx_word' id='word_1_268' title='bbox 2566 1801 2686 1859; x_wconf 87' lang='lat' dir='ltr'><strong>cap.</strong></span> <span class='ocrx_word' id='word_1_269' title='bbox 2715 1785 2818 1855; x_wconf 69' lang='lat'><strong>56,</strong></span> <span class='ocrx_word' id='word_1_270' title='bbox 2847 1804 2998 1843; x_wconf 86' lang='lat' dir='ltr'><strong>nutu.</strong></span> <span class='ocrx_word' id='word_1_271' title='bbox 3032 1788 3066 1844; x_wconf 70' lang='grc'><strong>4</strong></span> <span class='ocrx_word' id='word_1_272' title='bbox 3089 1798 3146 1846; x_wconf 86' lang='lat' dir='ltr'><strong>et</strong></span> <span class='ocrx_word' id='word_1_273' title='bbox 3175 1804 3298 1861; x_wconf 86' lang='lat' dir='ltr'><strong>cap.</strong></span> <span class='ocrx_word' id='word_1_274' title='bbox 3338 1792 3437 1858; x_wconf 76' lang='lat'><strong>57,</strong></span> <span class='ocrx_word' id='word_1_275' title='bbox 3472 1807 3625 1850; x_wconf 87' lang='lat' dir='ltr'><strong>num.</strong></span> 
     </span>
    </p>
   </div>
   <div class='ocr_carea' id='block_1_19' title="bbox 334 1879 1932 1958">
    <p class='ocr_par' dir='ltr' id='par_1_19' title="bbox 334 1879 1932 1958">
     <span class='ocr_line' id='line_1_19' title="bbox 334 1879 1932 1958; baseline -0.004 -18"><span class='ocrx_word' id='word_1_276' title='bbox 334 1901 443 1958; x_wconf 77' lang='lat' dir='ltr'><strong>gna</strong></span> <span class='ocrx_word' id='word_1_277' title='bbox 488 1885 758 1941; x_wconf 80' lang='lat' dir='ltr'><strong>deuotione</strong></span> <span class='ocrx_word' id='word_1_278' title='bbox 802 1900 864 1939; x_wconf 87' lang='lat' dir='ltr'><strong>ac</strong></span> <span class='ocrx_word' id='word_1_279' title='bbox 912 1888 1238 1941; x_wconf 73' lang='lat' dir='ltr'><strong>veneratione</strong></span> <span class='ocrx_word' id='word_1_280' title='bbox 1282 1884 1555 1957; x_wconf 81' lang='lat' dir='ltr'><strong>imaginem</strong></span> <span class='ocrx_word' id='word_1_281' title='bbox 1593 1882 1825 1958; x_wconf 78' lang='lat' dir='ltr'><strong>ejusdem</strong></span> <span class='ocrx_word' id='word_1_282' title='bbox 1867 1879 1932 1935; x_wconf 79' lang='grc' dir='ltr'><strong>Β.</strong></span> 
     </span>
    </p>
   </div>
   <div class='ocr_carea' id='block_1_20' title="bbox 338 1975 1935 2053">
    <p class='ocr_par' dir='ltr' id='par_1_20' title="bbox 338 1975 1935 2053">
     <span class='ocr_line' id='line_1_20' title="bbox 338 1975 1935 2053; baseline -0.003 -20"><span class='ocrx_word' id='word_1_283' title='bbox 338 1976 558 2044; x_wconf 70' lang='grc' dir='ltr'><strong>Μαι-ἔω,</strong></span> <span class='ocrx_word' id='word_1_284' title='bbox 590 1987 641 2034; x_wconf 88' lang='lat' dir='ltr'><strong>et</strong></span> <span class='ocrx_word' id='word_1_285' title='bbox 664 1980 778 2053; x_wconf 88' lang='lat' dir='ltr'><strong>ejus</strong></span> <span class='ocrx_word' id='word_1_286' title='bbox 804 1978 903 2050; x_wconf 80' lang='lat' dir='ltr'><strong>ﬁlii</strong></span> <span class='ocrx_word' id='word_1_287' title='bbox 931 1980 984 2033; x_wconf 86' lang='lat' dir='ltr'><strong>in</strong></span> <span class='ocrx_word' id='word_1_288' title='bbox 1006 1978 1234 2050; x_wconf 82' lang='lat' dir='ltr'><strong>quadarn</strong></span> <span class='ocrx_word' id='word_1_289' title='bbox 1261 1978 1465 2048; x_wconf 76' lang='lat' dir='ltr'><strong>capella</strong></span> <span class='ocrx_word' id='word_1_290' title='bbox 1494 1978 1725 2052; x_wconf 78' lang='lat' dir='ltr'><strong>ejusdem</strong></span> <span class='ocrx_word' id='word_1_291' title='bbox 1753 1975 1935 2032; x_wconf 82' lang='lat' dir='ltr'><strong>Eccle-</strong></span> 
     </span>
    </p>
   </div>
   <div class='ocr_carea' id='block_1_21' title="bbox 332 2066 1931 2143">
    <p class='ocr_par' dir='ltr' id='par_1_21' title="bbox 332 2066 1931 2143">
     <span class='ocr_line' id='line_1_21' title="bbox 332 2066 1931 2143; baseline -0.001 -18"><span class='ocrx_word' id='word_1_292' title='bbox 332 2070 463 2137; x_wconf 81' lang='lat' dir='ltr'><strong>site,</strong></span> <span class='ocrx_word' id='word_1_293' title='bbox 494 2084 611 2142; x_wconf 65' lang='lat' dir='ltr'><strong>qua</strong></span> <span class='ocrx_word' id='word_1_294' title='bbox 630 2070 695 2125; x_wconf 84' lang='lat' dir='ltr'><strong>de</strong></span> <span class='ocrx_word' id='word_1_295' title='bbox 716 2070 964 2125; x_wconf 81' lang='lat' dir='ltr'><strong>mandato</strong></span> <span class='ocrx_word' id='word_1_296' title='bbox 1000 2070 1151 2126; x_wconf 77' lang='lat' dir='ltr'><strong>dicta:</strong></span> <span class='ocrx_word' id='word_1_297' title='bbox 1187 2068 1248 2124; x_wconf 84' lang='grc' dir='ltr'><strong>Β.</strong></span> <span class='ocrx_word' id='word_1_298' title='bbox 1282 2069 1471 2127; x_wconf 68' lang='lat' dir='ltr'><strong>Maria</strong></span> <span class='ocrx_word' id='word_1_299' title='bbox 1508 2086 1598 2143; x_wconf 86' lang='lat' dir='ltr'><strong>per</strong></span> <span class='ocrx_word' id='word_1_300' title='bbox 1628 2070 1819 2125; x_wconf 80' lang='lat' dir='ltr'><strong>dictum</strong></span> <span class='ocrx_word' id='word_1_301' title='bbox 1865 2066 1931 2124; x_wconf 85' lang='grc' dir='ltr'><strong>Β.</strong></span> 
     </span>
    </p>
   </div>
   <div class='ocr_carea' id='block_1_22' title="bbox 331 2161 1933 2238">
    <p class='ocr_par' dir='ltr' id='par_1_22' title="bbox 331 2161 1933 2238">
     <span class='ocr_line' id='line_1_22' title="bbox 331 2161 1933 2238; baseline -0.002 -19"><span class='ocrx_word' id='word_1_302' title='bbox 331 2162 588 2221; x_wconf 72' lang='lat' dir='ltr'><strong>Iacobum</strong></span> <span class='ocrx_word' id='word_1_303' title='bbox 618 2164 906 2237; x_wconf 77' lang='lat' dir='ltr'><strong>fabricata,</strong></span> <span class='ocrx_word' id='word_1_304' title='bbox 938 2176 985 2221; x_wconf 88' lang='lat' dir='ltr'><strong>et</strong></span> <span class='ocrx_word' id='word_1_305' title='bbox 1016 2164 1236 2222; x_wconf 82' lang='lat' dir='ltr'><strong>Comere</strong></span> <span class='ocrx_word' id='word_1_306' title='bbox 1262 2164 1526 2238; x_wconf 78' lang='lat' dir='ltr'><strong>Angeliea:</strong></span> <span class='ocrx_word' id='word_1_307' title='bbox 1547 2161 1646 2219; x_wconf 83' lang='lat' dir='ltr'><strong>Dei</strong></span> <span class='ocrx_word' id='word_1_308' title='bbox 1670 2163 1933 2235; x_wconf 81' lang='lat' dir='ltr'><strong>genitricis</strong></span> 
     </span>
    </p>
   </div>
   <div class='ocr_carea' id='block_1_23' title="bbox 333 2255 1931 2331">
    <p class='ocr_par' dir='ltr' id='par_1_23' title="bbox 333 2255 1931 2331">
     <span class='ocr_line' id='line_1_23' title="bbox 333 2255 1931 2331; baseline -0.001 -18"><span class='ocrx_word' id='word_1_309' title='bbox 333 2257 401 2315; x_wconf 83' lang='lat' dir='ltr'><strong>de</strong></span> <span class='ocrx_word' id='word_1_310' title='bbox 429 2255 602 2313; x_wconf 83' lang='lat' dir='ltr'><strong>Pilari</strong></span> <span class='ocrx_word' id='word_1_311' title='bbox 641 2268 976 2331; x_wconf 79' lang='lat' dir='ltr'><strong>nuncupata,</strong></span> <span class='ocrx_word' id='word_1_312' title='bbox 1013 2259 1242 2326; x_wconf 64' lang='lat' dir='ltr'><strong>exstitit,</strong></span> <span class='ocrx_word' id='word_1_313' title='bbox 1283 2260 1458 2313; x_wconf 88' lang='lat' dir='ltr'><strong>colunt</strong></span> <span class='ocrx_word' id='word_1_314' title='bbox 1503 2266 1552 2313; x_wconf 85' lang='lat' dir='ltr'><strong>et</strong></span> <span class='ocrx_word' id='word_1_315' title='bbox 1590 2266 1931 2323; x_wconf 82' lang='lat' dir='ltr'><strong>venerantur,</strong></span> 
     </span>
    </p>
   </div>
   <div class='ocr_carea' id='block_1_24' title="bbox 331 2348 1935 2425">
    <p class='ocr_par' dir='ltr' id='par_1_24' title="bbox 331 2348 1935 2425">
     <span class='ocr_line' id='line_1_24' title="bbox 331 2348 1935 2425; baseline -0.004 -14"><span class='ocrx_word' id='word_1_316' title='bbox 331 2362 443 2411; x_wconf 88' lang='lat' dir='ltr'><strong>etc.</strong></span> <span class='ocrx_word' id='word_1_317' title='bbox 472 2348 640 2425; x_wconf 83' lang='lat' dir='ltr'><strong>quue</strong></span> <span class='ocrx_word' id='word_1_318' title='bbox 669 2351 897 2409; x_wconf 77' lang='lat' dir='ltr'><strong>historia</strong></span> <span class='ocrx_word' id='word_1_319' title='bbox 927 2354 1146 2425; x_wconf 88' lang='lat' dir='ltr'><strong>antiqua</strong></span> <span class='ocrx_word' id='word_1_320' title='bbox 1180 2352 1565 2409; x_wconf 79' lang='lat' dir='ltr'><strong>venerabiliter</strong></span> <span class='ocrx_word' id='word_1_321' title='bbox 1591 2351 1722 2407; x_wconf 86' lang='lat' dir='ltr'><strong>inibi</strong></span> <span class='ocrx_word' id='word_1_322' title='bbox 1751 2365 1935 2407; x_wconf 79' lang='lat' dir='ltr'><strong>asser-</strong></span> 
     </span>
    </p>
   </div>
   <div class='ocr_carea' id='block_1_25' title="bbox 337 2444 1933 2520">
    <p class='ocr_par' dir='ltr' id='par_1_25' title="bbox 337 2444 1933 2520">
     <span class='ocr_line' id='line_1_25' title="bbox 337 2444 1933 2520; baseline -0.003 -17"><span class='ocrx_word' id='word_1_323' title='bbox 337 2458 462 2503; x_wconf 77' lang='lat' dir='ltr'><strong>s&#39;ata</strong></span> <span class='ocrx_word' id='word_1_324' title='bbox 482 2445 708 2520; x_wconf 78' lang='lat' dir='ltr'><strong>profert,</strong></span> <span class='ocrx_word' id='word_1_325' title='bbox 733 2446 860 2504; x_wconf 89' lang='lat' dir='ltr'><strong>dum</strong></span> <span class='ocrx_word' id='word_1_326' title='bbox 882 2446 1081 2503; x_wconf 84' lang='lat' dir='ltr'><strong>asserit</strong></span> <span class='ocrx_word' id='word_1_327' title='bbox 1113 2446 1175 2503; x_wconf 84' lang='grc' dir='ltr'><strong>Β.</strong></span> <span class='ocrx_word' id='word_1_328' title='bbox 1205 2446 1431 2502; x_wconf 80' lang='lat' dir='ltr'><strong>Mat-iam</strong></span> <span class='ocrx_word' id='word_1_329' title='bbox 1455 2445 1699 2516; x_wconf 83' lang='lat' dir='ltr'><strong>apostolo</strong></span> <span class='ocrx_word' id='word_1_330' title='bbox 1726 2444 1933 2500; x_wconf 84' lang='lat' dir='ltr'><strong>Jacobo</strong></span> 
     </span>
    </p>
   </div>
   <div class='ocr_carea' id='block_1_26' title="bbox 330 2538 1931 2613">
    <p class='ocr_par' dir='ltr' id='par_1_26' title="bbox 330 2538 1931 2613">
     <span class='ocr_line' id='line_1_26' title="bbox 330 2538 1931 2613; baseline -0.002 -16"><span class='ocrx_word' id='word_1_331' title='bbox 330 2540 539 2597; x_wconf 81' lang='lat' dir='ltr'><strong>dixisse</strong></span> <span class='ocrx_word' id='word_1_332' title='bbox 570 2558 584 2596; x_wconf 90' lang='lat'>:</span> <span class='ocrx_word' id='word_1_333' title='bbox 619 2538 785 2609; x_wconf 82' lang='lat' dir='ltr'><strong>Ecce,</strong></span> <span class='ocrx_word' id='word_1_334' title='bbox 805 2539 999 2596; x_wconf 78' lang='lat' dir='ltr'><strong>Jacobe</strong></span> <span class='ocrx_word' id='word_1_335' title='bbox 1024 2541 1123 2613; x_wconf 75' lang='lat' dir='ltr'><strong>ﬁli,</strong></span> <span class='ocrx_word' id='word_1_336' title='bbox 1149 2541 1294 2596; x_wconf 85' lang='lat' dir='ltr'><strong>locus</strong></span> <span class='ocrx_word' id='word_1_337' title='bbox 1320 2540 1576 2612; x_wconf 81' lang='lat' dir='ltr'><strong>signatus,</strong></span> <span class='ocrx_word' id='word_1_338' title='bbox 1601 2556 1813 2611; x_wconf 83' lang='lat' dir='ltr'><strong>meoque</strong></span> <span class='ocrx_word' id='word_1_339' title='bbox 1836 2552 1931 2593; x_wconf 89' lang='lat' dir='ltr'><strong>uo-</strong></span> 
     </span>
    </p>
   </div>
   <div class='ocr_carea' id='block_1_27' title="bbox 330 2633 1929 2709">
    <p class='ocr_par' dir='ltr' id='par_1_27' title="bbox 330 2633 1929 2709">
     <span class='ocr_line' id='line_1_27' title="bbox 330 2633 1929 2709; baseline -0.001 -19"><span class='ocrx_word' id='word_1_340' title='bbox 330 2634 464 2691; x_wconf 71' lang='grc' dir='ltr'>ιιιἰηὶ</span> <span class='ocrx_word' id='word_1_341' title='bbox 488 2634 784 2709; x_wconf 71' lang='lat' dir='ltr'><strong>deputatus,</strong></span> <span class='ocrx_word' id='word_1_342' title='bbox 804 2635 857 2691; x_wconf 86' lang='lat' dir='ltr'><strong>in</strong></span> <span class='ocrx_word' id='word_1_343' title='bbox 876 2651 977 2708; x_wconf 83' lang='lat' dir='ltr'><strong>quo</strong></span> <span class='ocrx_word' id='word_1_344' title='bbox 998 2634 1051 2691; x_wconf 86' lang='lat' dir='ltr'><strong>in</strong></span> <span class='ocrx_word' id='word_1_345' title='bbox 1079 2636 1179 2690; x_wconf 85' lang='lat' dir='ltr'><strong>mei</strong></span> <span class='ocrx_word' id='word_1_346' title='bbox 1206 2636 1524 2700; x_wconf 83' lang='lat' dir='ltr'><strong>memoriam,</strong></span> <span class='ocrx_word' id='word_1_347' title='bbox 1544 2644 1630 2688; x_wconf 88' lang='lat' dir='ltr'><strong>tua</strong></span> <span class='ocrx_word' id='word_1_348' title='bbox 1648 2633 1929 2701; x_wconf 84' lang='lat' dir='ltr'><strong>industria,</strong></span> 
     </span>
    </p>
   </div>
   <div class='ocr_carea' id='block_1_28' title="bbox 330 2726 1931 2801">
    <p class='ocr_par' dir='ltr' id='par_1_28' title="bbox 330 2726 1931 2801">
     <span class='ocr_line' id='line_1_28' title="bbox 330 2726 1931 2801; baseline -0.002 -17"><span class='ocrx_word' id='word_1_349' title='bbox 330 2744 451 2785; x_wconf 83' lang='lat' dir='ltr'><strong>mea</strong></span> <span class='ocrx_word' id='word_1_350' title='bbox 476 2730 694 2786; x_wconf 81' lang='lat' dir='ltr'><strong>ecclesia</strong></span> <span class='ocrx_word' id='word_1_351' title='bbox 711 2739 1061 2786; x_wconf 76' lang='lat' dir='ltr'><strong>construatur.</strong></span> <span class='ocrx_word' id='word_1_352' title='bbox 1105 2730 1184 2786; x_wconf 78' lang='lat' dir='ltr'><strong>Ex</strong></span> <span class='ocrx_word' id='word_1_353' title='bbox 1237 2729 1436 2801; x_wconf 86' lang='lat' dir='ltr'><strong>quibus</strong></span> <span class='ocrx_word' id='word_1_354' title='bbox 1477 2729 1657 2783; x_wconf 62' lang='lat' dir='ltr'><strong>verbis</strong></span> <span class='ocrx_word' id='word_1_355' title='bbox 1700 2726 1931 2785; x_wconf 74' lang='lat' dir='ltr'><strong>Olfcrto-</strong></span> 
     </span>
    </p>
   </div>
   <div class='ocr_carea' id='block_1_29' title="bbox 329 2820 1931 2894">
    <p class='ocr_par' dir='ltr' id='par_1_29' title="bbox 329 2820 1931 2894">
     <span class='ocr_line' id='line_1_29' title="bbox 329 2820 1931 2894; baseline -0.002 -15"><span class='ocrx_word' id='word_1_356' title='bbox 329 2822 473 2880; x_wconf 88' lang='lat' dir='ltr'><strong>rium</strong></span> <span class='ocrx_word' id='word_1_357' title='bbox 506 2822 683 2880; x_wconf 66' lang='lat' dir='ltr'><strong>Missae</strong></span> <span class='ocrx_word' id='word_1_358' title='bbox 714 2823 922 2894; x_wconf 84' lang='lat' dir='ltr'><strong>proprii</strong></span> <span class='ocrx_word' id='word_1_359' title='bbox 958 2820 1125 2878; x_wconf 82' lang='lat' dir='ltr'><strong>ofﬁcii</strong></span> <span class='ocrx_word' id='word_1_360' title='bbox 1161 2823 1278 2892; x_wconf 78' lang='lat' dir='ltr'><strong>ejus</strong></span> <span class='ocrx_word' id='word_1_361' title='bbox 1317 2821 1439 2877; x_wconf 90' lang='lat' dir='ltr'><strong>festi</strong></span> <span class='ocrx_word' id='word_1_362' title='bbox 1489 2820 1620 2877; x_wconf 79' lang='lat' dir='ltr'><strong>oliui</strong></span> <span class='ocrx_word' id='word_1_363' title='bbox 1658 2820 1931 2891; x_wconf 84' lang='lat' dir='ltr'><strong>composi-</strong></span> 
     </span>
    </p>
   </div>
   <div class='ocr_carea' id='block_1_30' title="bbox 334 2915 1931 2986">
    <p class='ocr_par' dir='ltr' id='par_1_30' title="bbox 334 2915 1931 2986">
     <span class='ocr_line' id='line_1_30' title="bbox 334 2915 1931 2986; baseline -0.002 -12"><span class='ocrx_word' id='word_1_364' title='bbox 334 2926 452 2975; x_wconf 89' lang='lat' dir='ltr'><strong>tum</strong></span> <span class='ocrx_word' id='word_1_365' title='bbox 499 2916 622 2975; x_wconf 86' lang='lat' dir='ltr'><strong>fuit.</strong></span> <span class='ocrx_word' id='word_1_366' title='bbox 664 2916 918 2974; x_wconf 83' lang='lat' dir='ltr'><strong>Confudit</strong></span> <span class='ocrx_word' id='word_1_367' title='bbox 956 2915 1255 2973; x_wconf 87' lang='lat' dir='ltr'><strong>Pennottus</strong></span> <span class='ocrx_word' id='word_1_368' title='bbox 1287 2916 1595 2972; x_wconf 87' lang='lat' dir='ltr'><strong>columnam</strong></span> <span class='ocrx_word' id='word_1_369' title='bbox 1622 2917 1689 2972; x_wconf 86' lang='lat' dir='ltr'><strong>:-b</strong></span> <span class='ocrx_word' id='word_1_370' title='bbox 1726 2916 1931 2986; x_wconf 87' lang='lat' dir='ltr'><strong>angelis</strong></span> 
     </span>
    </p>
   </div>
   <div class='ocr_carea' id='block_1_31' title="bbox 327 3007 1929 3081">
    <p class='ocr_par' dir='ltr' id='par_1_31' title="bbox 327 3007 1929 3081">
     <span class='ocr_line' id='line_1_31' title="bbox 327 3007 1929 3081; baseline -0.002 -15"><span class='ocrx_word' id='word_1_371' title='bbox 327 3010 551 3069; x_wconf 71' lang='lat' dir='ltr'><strong>cmlitus</strong></span> <span class='ocrx_word' id='word_1_372' title='bbox 583 3009 925 3081; x_wconf 82' lang='lat' dir='ltr'><strong>deportatam</strong></span> <span class='ocrx_word' id='word_1_373' title='bbox 973 3024 1096 3065; x_wconf 91' lang='lat' dir='ltr'><strong>cum</strong></span> <span class='ocrx_word' id='word_1_374' title='bbox 1150 3009 1388 3064; x_wconf 85' lang='lat' dir='ltr'><strong>oratorio</strong></span> <span class='ocrx_word' id='word_1_375' title='bbox 1436 3008 1685 3063; x_wconf 86' lang='lat' dir='ltr'><strong>manibus</strong></span> <span class='ocrx_word' id='word_1_376' title='bbox 1737 3007 1929 3064; x_wconf 81' lang='lat' dir='ltr'><strong>Jacobi</strong></span> 
     </span>
    </p>
   </div>
   <div class='ocr_carea' id='block_1_32' title="bbox 326 3102 1922 3177">
    <p class='ocr_par' dir='ltr' id='par_1_32' title="bbox 326 3102 1922 3177">
     <span class='ocr_line' id='line_1_32' title="bbox 326 3102 1922 3177; baseline -0.005 -13"><span class='ocrx_word' id='word_1_377' title='bbox 326 3117 385 3164; x_wconf 86' lang='lat' dir='ltr'><strong>et</strong></span> <span class='ocrx_word' id='word_1_378' title='bbox 403 3105 793 3176; x_wconf 90' lang='lat' dir='ltr'><strong>discipulorum</strong></span> <span class='ocrx_word' id='word_1_379' title='bbox 817 3105 938 3175; x_wconf 87' lang='lat' dir='ltr'><strong>ejus</strong></span> <span class='ocrx_word' id='word_1_380' title='bbox 958 3115 1271 3161; x_wconf 89' lang='lat' dir='ltr'><strong>constructo</strong></span> <span class='ocrx_word' id='word_1_381' title='bbox 1294 3145 1310 3171; x_wconf 86' lang='lat'><strong>,</strong></span> <span class='ocrx_word' id='word_1_382' title='bbox 1352 3121 1471 3177; x_wconf 71' lang='lat' dir='ltr'><strong>qum</strong></span> <span class='ocrx_word' id='word_1_383' title='bbox 1502 3113 1680 3160; x_wconf 88' lang='lat' dir='ltr'><strong>tamen</strong></span> <span class='ocrx_word' id='word_1_384' title='bbox 1706 3102 1922 3159; x_wconf 74' lang='lat' dir='ltr'><strong>diversa</strong></span> 
     </span>
    </p>
   </div>
   <div class='ocr_carea' id='block_1_33' title="bbox 2037 1878 3614 1955">
    <p class='ocr_par' dir='ltr' id='par_1_33' title="bbox 2037 1878 3614 1955">
     <span class='ocr_line' id='line_1_33' title="bbox 2037 1878 3614 1955; baseline 0.007 -21"><span class='ocrx_word' id='word_1_385' title='bbox 2037 1878 2102 1947; x_wconf 88' lang='lat'><strong>8,</strong></span> <span class='ocrx_word' id='word_1_386' title='bbox 2133 1888 2187 1935; x_wconf 90' lang='lat' dir='ltr'><strong>et</strong></span> <span class='ocrx_word' id='word_1_387' title='bbox 2222 1879 2373 1936; x_wconf 89' lang='lat' dir='ltr'><strong>alibi.</strong></span> <span class='ocrx_word' id='word_1_388' title='bbox 2420 1880 2496 1936; x_wconf 83' lang='lat' dir='ltr'><strong>Es</strong></span> <span class='ocrx_word' id='word_1_389' title='bbox 2526 1882 2721 1953; x_wconf 83' lang='lat' dir='ltr'><strong>quibus</strong></span> <span class='ocrx_word' id='word_1_390' title='bbox 2756 1883 3013 1941; x_wconf 86' lang='lat' dir='ltr'><strong>omnibus</strong></span> <span class='ocrx_word' id='word_1_391' title='bbox 3053 1898 3370 1955; x_wconf 80' lang='lat' dir='ltr'><strong>persuasum</strong></span> <span class='ocrx_word' id='word_1_392' title='bbox 3405 1886 3614 1953; x_wconf 88' lang='lat' dir='ltr'><strong>habeo,</strong></span> 
     </span>
    </p>
   </div>
   <div class='ocr_carea' id='block_1_34' title="bbox 2037 1974 3630 2047">
    <p class='ocr_par' dir='ltr' id='par_1_34' title="bbox 2037 1974 3630 2047">
     <span class='ocr_line' id='line_1_34' title="bbox 2037 1974 3630 2047; baseline 0.006 -19"><span class='ocrx_word' id='word_1_393' title='bbox 2037 1986 2173 2046; x_wconf 89' lang='lat' dir='ltr'><strong>opus</strong></span> <span class='ocrx_word' id='word_1_394' title='bbox 2199 1974 2469 2041; x_wconf 83' lang='lat' dir='ltr'><strong>ejusmodi</strong></span> <span class='ocrx_word' id='word_1_395' title='bbox 2492 1992 2600 2032; x_wconf 89' lang='lat' dir='ltr'><strong>non</strong></span> <span class='ocrx_word' id='word_1_396' title='bbox 2622 1991 2747 2034; x_wconf 86' lang='lat' dir='ltr'><strong>esse</strong></span> <span class='ocrx_word' id='word_1_397' title='bbox 2774 1976 2948 2034; x_wconf 87' lang='lat' dir='ltr'><strong>solius</strong></span> <span class='ocrx_word' id='word_1_398' title='bbox 2978 1978 3259 2047; x_wconf 83' lang='lat' dir='ltr'><strong>Pennotti,</strong></span> <span class='ocrx_word' id='word_1_399' title='bbox 3302 1979 3398 2037; x_wconf 88' lang='lat' dir='ltr'><strong>sed</strong></span> <span class='ocrx_word' id='word_1_400' title='bbox 3432 1981 3503 2037; x_wconf 87' lang='lat' dir='ltr'><strong>ab</strong></span> <span class='ocrx_word' id='word_1_401' title='bbox 3527 1981 3630 2037; x_wconf 86' lang='lat' dir='ltr'><strong>ali-</strong></span> 
     </span>
    </p>
   </div>
   <div class='ocr_carea' id='block_1_35' title="bbox 2035 2068 3631 2147">
    <p class='ocr_par' dir='ltr' id='par_1_35' title="bbox 2035 2068 3631 2147">
     <span class='ocr_line' id='line_1_35' title="bbox 2035 2068 3631 2147; baseline 0.006 -24"><span class='ocrx_word' id='word_1_402' title='bbox 2035 2081 2146 2139; x_wconf 89' lang='lat' dir='ltr'><strong>quo</strong></span> <span class='ocrx_word' id='word_1_403' title='bbox 2189 2068 2430 2128; x_wconf 78' lang='lat' dir='ltr'><strong>officiose</strong></span> <span class='ocrx_word' id='word_1_404' title='bbox 2468 2069 2824 2141; x_wconf 80' lang='lat' dir='ltr'><strong>depravatum</strong></span> <span class='ocrx_word' id='word_1_405' title='bbox 2856 2092 2869 2127; x_wconf 95' lang='lat'>:</span> <span class='ocrx_word' id='word_1_406' title='bbox 2907 2087 3029 2128; x_wconf 87' lang='lat' dir='ltr'><strong>nam</strong></span> <span class='ocrx_word' id='word_1_407' title='bbox 3059 2073 3163 2129; x_wconf 90' lang='lat' dir='ltr'><strong>erit</strong></span> <span class='ocrx_word' id='word_1_408' title='bbox 3193 2073 3283 2147; x_wconf 92' lang='lat' dir='ltr'><strong>qui</strong></span> <span class='ocrx_word' id='word_1_409' title='bbox 3326 2074 3631 2133; x_wconf 83' lang='lat' dir='ltr'><strong>sententias</strong></span> 
     </span>
    </p>
   </div>
   <div class='ocr_carea' id='block_1_36' title="bbox 2034 2160 3630 2235">
    <p class='ocr_par' dir='ltr' id='par_1_36' title="bbox 2034 2160 3630 2235">
     <span class='ocr_line' id='line_1_36' title="bbox 2034 2160 3630 2235; baseline 0.006 -21"><span class='ocrx_word' id='word_1_410' title='bbox 2034 2160 2320 2217; x_wconf 86' lang='lat' dir='ltr'><strong>sententiis</strong></span> <span class='ocrx_word' id='word_1_411' title='bbox 2341 2202 2355 2227; x_wconf 91' lang='lat'><strong>,</strong></span> <span class='ocrx_word' id='word_1_412' title='bbox 2386 2170 2442 2218; x_wconf 92' lang='lat' dir='ltr'><strong>ct</strong></span> <span class='ocrx_word' id='word_1_413' title='bbox 2482 2171 2668 2235; x_wconf 85' lang='lat' dir='ltr'><strong>partes</strong></span> <span class='ocrx_word' id='word_1_414' title='bbox 2704 2163 2949 2230; x_wconf 88' lang='lat' dir='ltr'><strong>partibus</strong></span> <span class='ocrx_word' id='word_1_415' title='bbox 2994 2165 3327 2221; x_wconf 83' lang='lat' dir='ltr'><strong>conferendo</strong></span> <span class='ocrx_word' id='word_1_416' title='bbox 3354 2164 3522 2223; x_wconf 83' lang='lat' dir='ltr'><strong>rideat</strong></span> <span class='ocrx_word' id='word_1_417' title='bbox 3550 2166 3630 2223; x_wconf 77' lang='lat' dir='ltr'><strong>rel</strong></span> 
     </span>
    </p>
   </div>
   <div class='ocr_carea' id='block_1_37' title="bbox 2036 2254 3627 2328">
    <p class='ocr_par' dir='ltr' id='par_1_37' title="bbox 2036 2254 3627 2328">
     <span class='ocr_line' id='line_1_37' title="bbox 2036 2254 3627 2328; baseline 0.006 -21"><span class='ocrx_word' id='word_1_418' title='bbox 2036 2254 2373 2310; x_wconf 72' lang='lat' dir='ltr'><strong>excandescit:</strong></span> <span class='ocrx_word' id='word_1_419' title='bbox 2399 2297 2415 2321; x_wconf 89' lang='lat'><strong>,</strong></span> <span class='ocrx_word' id='word_1_420' title='bbox 2467 2266 2526 2312; x_wconf 91' lang='lat' dir='ltr'><strong>ut</strong></span> <span class='ocrx_word' id='word_1_421' title='bbox 2566 2258 2683 2328; x_wconf 87' lang='lat' dir='ltr'><strong>ipse</strong></span> <span class='ocrx_word' id='word_1_422' title='bbox 2719 2256 2789 2314; x_wconf 90' lang='lat' dir='ltr'><strong>de</strong></span> <span class='ocrx_word' id='word_1_423' title='bbox 2834 2257 3173 2315; x_wconf 88' lang='lat' dir='ltr'><strong>conferendo</strong></span> <span class='ocrx_word' id='word_1_424' title='bbox 3206 2258 3349 2315; x_wconf 90' lang='lat' dir='ltr'><strong>inter</strong></span> <span class='ocrx_word' id='word_1_425' title='bbox 3377 2272 3439 2315; x_wconf 90' lang='lat' dir='ltr'><strong>se</strong></span> <span class='ocrx_word' id='word_1_426' title='bbox 3472 2259 3627 2317; x_wconf 84' lang='lat' dir='ltr'><strong>codi-</strong></span> 
     </span>
    </p>
   </div>
   <div class='ocr_carea' id='block_1_38' title="bbox 2034 2347 3626 2425">
    <p class='ocr_par' dir='ltr' id='par_1_38' title="bbox 2034 2347 3626 2425">
     <span class='ocr_line' id='line_1_38' title="bbox 2034 2347 3626 2425; baseline 0.005 -24"><span class='ocrx_word' id='word_1_427' title='bbox 2034 2362 2126 2404; x_wconf 87' lang='lat' dir='ltr'><strong>ces</strong></span> <span class='ocrx_word' id='word_1_428' title='bbox 2160 2348 2343 2405; x_wconf 79' lang='lat' dir='ltr'><strong>Dextri</strong></span> <span class='ocrx_word' id='word_1_429' title='bbox 2372 2347 2509 2405; x_wconf 89' lang='lat' dir='ltr'><strong>falso</strong></span> <span class='ocrx_word' id='word_1_430' title='bbox 2538 2348 2832 2407; x_wconf 85' lang='lat' dir='ltr'><strong>admodum</strong></span> <span class='ocrx_word' id='word_1_431' title='bbox 2868 2348 3045 2420; x_wconf 75' lang='lat' dir='ltr'><strong>dixit,</strong></span> <span class='ocrx_word' id='word_1_432' title='bbox 3095 2350 3189 2408; x_wconf 89' lang='lat' dir='ltr'><strong>lib.</strong></span> <span class='ocrx_word' id='word_1_433' title='bbox 3236 2366 3292 2419; x_wconf 85' lang='grc' dir='ltr'>ι,</span> <span class='ocrx_word' id='word_1_434' title='bbox 3338 2366 3465 2425; x_wconf 86' lang='lat' dir='ltr'><strong>cap.</strong></span> <span class='ocrx_word' id='word_1_435' title='bbox 3507 2351 3576 2408; x_wconf 75' lang='grc'><strong>52</strong></span> <span class='ocrx_word' id='word_1_436' title='bbox 3606 2394 3626 2424; x_wconf 93' lang='lat'><strong>,</strong></span> 
     </span>
    </p>
   </div>
   <div class='ocr_carea' id='block_1_39' title="bbox 2036 2440 2265 2498">
    <p class='ocr_par' dir='ltr' id='par_1_39' title="bbox 2036 2440 2265 2498">
     <span class='ocr_line' id='line_1_39' title="bbox 2036 2440 2265 2498; baseline 0.004 -1"><span class='ocrx_word' id='word_1_437' title='bbox 2036 2456 2183 2497; x_wconf 88' lang='lat' dir='ltr'><strong>num.</strong></span> <span class='ocrx_word' id='word_1_438' title='bbox 2212 2440 2265 2498; x_wconf 83' lang='lat'><strong>5.</strong></span> 
     </span>
    </p>
   </div>
   <div class='ocr_carea' id='block_1_40' title="bbox 2104 2534 3623 2609">
    <p class='ocr_par' dir='ltr' id='par_1_40' title="bbox 2104 2534 3623 2609">
     <span class='ocr_line' id='line_1_40' title="bbox 2104 2534 3623 2609; baseline 0.007 -19"><span class='ocrx_word' id='word_1_439' title='bbox 2104 2534 2223 2590; x_wconf 86' lang='lat' dir='ltr'><strong>Jam</strong></span> <span class='ocrx_word' id='word_1_440' title='bbox 2256 2536 2396 2607; x_wconf 90' lang='lat' dir='ltr'><strong>quod</strong></span> <span class='ocrx_word' id='word_1_441' title='bbox 2427 2545 2637 2609; x_wconf 86' lang='lat' dir='ltr'><strong>spectat</strong></span> <span class='ocrx_word' id='word_1_442' title='bbox 2666 2536 2735 2594; x_wconf 88' lang='lat' dir='ltr'><strong>ad</strong></span> <span class='ocrx_word' id='word_1_443' title='bbox 2774 2552 2862 2595; x_wconf 87' lang='lat' dir='ltr'><strong>res</strong></span> <span class='ocrx_word' id='word_1_444' title='bbox 2890 2537 3099 2596; x_wconf 90' lang='lat' dir='ltr'><strong>credilu</strong></span> <span class='ocrx_word' id='word_1_445' title='bbox 3133 2539 3386 2598; x_wconf 84' lang='lat' dir='ltr'><strong>difflciles</strong></span> <span class='ocrx_word' id='word_1_446' title='bbox 3411 2584 3426 2609; x_wconf 92' lang='lat'><strong>,</strong></span> <span class='ocrx_word' id='word_1_447' title='bbox 3458 2556 3623 2601; x_wconf 89' lang='lat' dir='ltr'><strong>unam</strong></span> 
     </span>
    </p>
   </div>
   <div class='ocr_carea' id='block_1_41' title="bbox 2035 2630 3630 2708">
    <p class='ocr_par' dir='ltr' id='par_1_41' title="bbox 2035 2630 3630 2708">
     <span class='ocr_line' id='line_1_41' title="bbox 2035 2630 3630 2708; baseline 0.008 -25"><span class='ocrx_word' id='word_1_448' title='bbox 2035 2642 2146 2699; x_wconf 74' lang='lat' dir='ltr'><strong>prae</strong></span> <span class='ocrx_word' id='word_1_449' title='bbox 2174 2630 2358 2684; x_wconf 78' lang='lat' dir='ltr'><strong>multis</strong></span> <span class='ocrx_word' id='word_1_450' title='bbox 2397 2631 2704 2689; x_wconf 77' lang='lat' dir='ltr'><strong>habendam</strong></span> <span class='ocrx_word' id='word_1_451' title='bbox 2730 2633 2907 2704; x_wconf 88' lang='lat' dir='ltr'><strong>placet</strong></span> <span class='ocrx_word' id='word_1_452' title='bbox 2937 2634 3003 2691; x_wconf 91' lang='lat' dir='ltr'><strong>ad</strong></span> <span class='ocrx_word' id='word_1_453' title='bbox 3034 2634 3237 2708; x_wconf 80' lang='lat' dir='ltr'><strong>lydium</strong></span> <span class='ocrx_word' id='word_1_454' title='bbox 3277 2636 3545 2707; x_wconf 88' lang='lat' dir='ltr'><strong>lapidem;</strong></span> <span class='ocrx_word' id='word_1_455' title='bbox 3574 2637 3630 2695; x_wconf 88' lang='lat' dir='ltr'><strong>id</strong></span> 
     </span>
    </p>
   </div>
   <div class='ocr_carea' id='block_1_42' title="bbox 2033 2724 3629 2802">
    <p class='ocr_par' dir='ltr' id='par_1_42' title="bbox 2033 2724 3629 2802">
     <span class='ocr_line' id='line_1_42' title="bbox 2033 2724 3629 2802; baseline 0.009 -27"><span class='ocrx_word' id='word_1_456' title='bbox 2033 2729 2144 2785; x_wconf 70' lang='lat' dir='ltr'><strong>est,</strong></span> <span class='ocrx_word' id='word_1_457' title='bbox 2188 2737 2306 2776; x_wconf 86' lang='lat' dir='ltr'><strong>eam</strong></span> <span class='ocrx_word' id='word_1_458' title='bbox 2341 2739 2497 2794; x_wconf 82' lang='lat' dir='ltr'><strong>quam</strong></span> <span class='ocrx_word' id='word_1_459' title='bbox 2530 2733 2644 2781; x_wconf 30' lang='lat' dir='ltr'><strong>trito</strong></span> <span class='ocrx_word' id='word_1_460' title='bbox 2676 2724 2817 2781; x_wconf 90' lang='lat' dir='ltr'><strong>libro</strong></span> <span class='ocrx_word' id='word_1_461' title='bbox 2866 2726 2934 2782; x_wconf 77' lang='grc' dir='ltr'>ιι.</span> <span class='ocrx_word' id='word_1_462' title='bbox 2974 2726 3035 2782; x_wconf 88' lang='grc' dir='ltr'><strong>Ρ.</strong></span> <span class='ocrx_word' id='word_1_463' title='bbox 3069 2727 3371 2786; x_wconf 87' lang='lat' dir='ltr'><strong>Pennottus</strong></span> <span class='ocrx_word' id='word_1_464' title='bbox 3400 2745 3629 2802; x_wconf 84' lang='lat' dir='ltr'><strong>persua-</strong></span> 
     </span>
    </p>
   </div>
   <div class='ocr_carea' id='block_1_43' title="bbox 2032 2812 3630 2892">
    <p class='ocr_par' dir='ltr' id='par_1_43' title="bbox 2032 2812 3630 2892">
     <span class='ocr_line' id='line_1_43' title="bbox 2032 2812 3630 2892; baseline 0.008 -24"><span class='ocrx_word' id='word_1_465' title='bbox 2032 2812 2160 2869; x_wconf 87' lang='lat' dir='ltr'><strong>dere</strong></span> <span class='ocrx_word' id='word_1_466' title='bbox 2210 2815 2470 2883; x_wconf 88' lang='lat' dir='ltr'><strong>intendit,</strong></span> <span class='ocrx_word' id='word_1_467' title='bbox 2525 2816 2911 2875; x_wconf 81' lang='lat' dir='ltr'><strong>eanonicorum</strong></span> <span class='ocrx_word' id='word_1_468' title='bbox 2957 2820 3290 2892; x_wconf 79' lang='lat' dir='ltr'><strong>rrgularium</strong></span> <span class='ocrx_word' id='word_1_469' title='bbox 3320 2820 3567 2880; x_wconf 85' lang='lat' dir='ltr'><strong>ordinem</strong></span> <span class='ocrx_word' id='word_1_470' title='bbox 3598 2838 3630 2881; x_wconf 85' lang='lat' dir='ltr'><strong>a</strong></span> 
     </span>
    </p>
   </div>
   <div class='ocr_carea' id='block_1_44' title="bbox 2032 2908 3632 2987">
    <p class='ocr_par' dir='ltr' id='par_1_44' title="bbox 2032 2908 3632 2987">
     <span class='ocr_line' id='line_1_44' title="bbox 2032 2908 3632 2987; baseline 0.008 -24"><span class='ocrx_word' id='word_1_471' title='bbox 2032 2908 2235 2963; x_wconf 81' lang='lat' dir='ltr'><strong>sanctis</strong></span> <span class='ocrx_word' id='word_1_472' title='bbox 2268 2910 2531 2979; x_wconf 85' lang='lat' dir='ltr'><strong>apostolis</strong></span> <span class='ocrx_word' id='word_1_473' title='bbox 2564 2911 2875 2967; x_wconf 91' lang='lat' dir='ltr'><strong>institutum</strong></span> <span class='ocrx_word' id='word_1_474' title='bbox 2905 2954 2920 2979; x_wconf 94' lang='lat'><strong>,</strong></span> <span class='ocrx_word' id='word_1_475' title='bbox 2961 2928 3198 2987; x_wconf 88' lang='lat' dir='ltr'><strong>eumque</strong></span> <span class='ocrx_word' id='word_1_476' title='bbox 3240 2915 3416 2987; x_wconf 87' lang='lat' dir='ltr'><strong>ipsum</strong></span> <span class='ocrx_word' id='word_1_477' title='bbox 3460 2917 3514 2974; x_wconf 91' lang='lat' dir='ltr'><strong>in</strong></span> <span class='ocrx_word' id='word_1_478' title='bbox 3546 2918 3632 2975; x_wconf 87' lang='lat' dir='ltr'><strong>his</strong></span> 
     </span>
    </p>
   </div>
   <div class='ocr_carea' id='block_1_45' title="bbox 2032 2999 3630 3081">
    <p class='ocr_par' dir='ltr' id='par_1_45' title="bbox 2032 2999 3630 3081">
     <span class='ocr_line' id='line_1_45' title="bbox 2032 2999 3630 3081; baseline 0.008 -24"><span class='ocrx_word' id='word_1_479' title='bbox 2032 2999 2121 3073; x_wconf 69' lang='lat' dir='ltr'><strong>qdi</strong></span> <span class='ocrx_word' id='word_1_480' title='bbox 2176 3017 2321 3058; x_wconf 90' lang='lat' dir='ltr'><strong>nunc</strong></span> <span class='ocrx_word' id='word_1_481' title='bbox 2362 3013 2687 3075; x_wconf 89' lang='lat' dir='ltr'><strong>supersunt,</strong></span> <span class='ocrx_word' id='word_1_482' title='bbox 2757 3019 3115 3076; x_wconf 77' lang='lat' dir='ltr'><strong>perseverare</strong></span> <span class='ocrx_word' id='word_1_483' title='bbox 3157 3025 3170 3063; x_wconf 90' lang='lat'><strong>:</strong></span> <span class='ocrx_word' id='word_1_484' title='bbox 3218 3024 3412 3081; x_wconf 89' lang='lat' dir='ltr'><strong>parum</strong></span> <span class='ocrx_word' id='word_1_485' title='bbox 3458 3020 3543 3069; x_wconf 85' lang='lat' dir='ltr'><strong>est</strong></span> <span class='ocrx_word' id='word_1_486' title='bbox 3596 3026 3630 3069; x_wconf 86' lang='lat' dir='ltr'><strong>a</strong></span> 
     </span>
    </p>
   </div>
   <div class='ocr_carea' id='block_1_46' title="bbox 2030 3096 3624 3170">
    <p class='ocr_par' dir='ltr' id='par_1_46' title="bbox 2030 3096 3624 3170">
     <span class='ocr_line' id='line_1_46' title="bbox 2030 3096 3624 3170; baseline 0.009 -20"><span class='ocrx_word' id='word_1_487' title='bbox 2030 3103 2219 3151; x_wconf 89' lang='lat' dir='ltr'><strong>sancto</strong></span> <span class='ocrx_word' id='word_1_488' title='bbox 2260 3096 2563 3169; x_wconf 73' lang='lat' dir='ltr'><strong>Augustino</strong></span> <span class='ocrx_word' id='word_1_489' title='bbox 2608 3099 2872 3170; x_wconf 80' lang='lat' dir='ltr'><strong>originem</strong></span> <span class='ocrx_word' id='word_1_490' title='bbox 2916 3100 3141 3158; x_wconf 89' lang='lat' dir='ltr'><strong>ducere.</strong></span> <span class='ocrx_word' id='word_1_491' title='bbox 3195 3101 3303 3160; x_wconf 89' lang='lat' dir='ltr'><strong>Sed</strong></span> <span class='ocrx_word' id='word_1_492' title='bbox 3351 3103 3457 3160; x_wconf 87' lang='lat' dir='ltr'><strong>hoc</strong></span> <span class='ocrx_word' id='word_1_493' title='bbox 3513 3113 3624 3164; x_wconf 87' lang='lat' dir='ltr'><strong>tam</strong></span> 
     </span>
    </p>
   </div>
   <div class='ocr_carea' id='block_1_47' title="bbox 324 3173 1917 3271">
    <p class='ocr_par' dir='ltr' id='par_1_47' title="bbox 324 3173 1917 3271">
     <span class='ocr_line' id='line_1_47' title="bbox 324 3173 1917 3271; baseline -0.004 -12"><span class='ocrx_word' id='word_1_494' title='bbox 324 3214 451 3259; x_wconf 84' lang='lat' dir='ltr'><strong>esse</strong></span> <span class='ocrx_word' id='word_1_495' title='bbox 474 3173 651 3256; x_wconf 70' lang='lat' dir='ltr'><strong>oratio</strong></span> <span class='ocrx_word' id='word_1_496' title='bbox 678 3173 899 3271; x_wconf 44' lang='lat' dir='ltr'><strong>propria</strong></span> <span class='ocrx_word' id='word_1_497' title='bbox 920 3198 1046 3255; x_wconf 80' lang='lat' dir='ltr'><strong>oliui</strong></span> <span class='ocrx_word' id='word_1_498' title='bbox 1080 3199 1133 3253; x_wconf 87' lang='lat' dir='ltr'><strong>in</strong></span> <span class='ocrx_word' id='word_1_499' title='bbox 1159 3173 1419 3269; x_wconf 72' lang='lat' dir='ltr'><strong>praedicto</strong></span> <span class='ocrx_word' id='word_1_500' title='bbox 1447 3197 1584 3255; x_wconf 77' lang='lat' dir='ltr'><strong>festo</strong></span> <span class='ocrx_word' id='word_1_501' title='bbox 1612 3198 1731 3253; x_wconf 74' lang='lat' dir='ltr'><strong>coni</strong></span> <span class='ocrx_word' id='word_1_502' title='bbox 1760 3198 1917 3253; x_wconf 82' lang='lat' dir='ltr'><strong>solita</strong></span> 
     </span>
    </p>
   </div>
   <div class='ocr_carea' id='block_1_48' title="bbox 2024 3173 3623 3271">
    <p class='ocr_par' dir='ltr' id='par_1_48' title="bbox 2028 3191 3623 3263">
     <span class='ocr_line' id='line_1_48' title="bbox 2028 3191 3623 3263; baseline 0.008 -20"><span class='ocrx_word' id='word_1_503' title='bbox 2028 3203 2210 3244; x_wconf 85' lang='lat' dir='ltr'><strong>verum</strong></span> <span class='ocrx_word' id='word_1_504' title='bbox 2242 3197 2358 3259; x_wconf 86' lang='lat' dir='ltr'><strong>est,</strong></span> <span class='ocrx_word' id='word_1_505' title='bbox 2391 3204 2457 3246; x_wconf 89' lang='lat' dir='ltr'><strong>ac</strong></span> <span class='ocrx_word' id='word_1_506' title='bbox 2484 3192 2530 3245; x_wconf 89' lang='lat' dir='ltr'><strong>si</strong></span> <span class='ocrx_word' id='word_1_507' title='bbox 2556 3191 2678 3263; x_wconf 91' lang='lat' dir='ltr'><strong>quis</strong></span> <span class='ocrx_word' id='word_1_508' title='bbox 2707 3191 2940 3249; x_wconf 86' lang='lat' dir='ltr'><strong>diceret.</strong></span> <span class='ocrx_word' id='word_1_509' title='bbox 2968 3191 3293 3251; x_wconf 82' lang='lat' dir='ltr'><strong>Benedictos</strong></span> <span class='ocrx_word' id='word_1_510' title='bbox 3321 3196 3623 3255; x_wconf 83' lang='lat' dir='ltr'><strong>monachos</strong></span> 
     </span>
    </p>
   </div>
   <div class='ocr_carea' id='block_1_49' title="bbox 326 3291 1918 3365">
    <p class='ocr_par' dir='ltr' id='par_1_49' title="bbox 326 3291 1918 3365">
     <span class='ocr_line' id='line_1_49' title="bbox 326 3291 1918 3365; baseline -0.003 -13"><span class='ocrx_word' id='word_1_511' title='bbox 326 3294 668 3358; x_wconf 84' lang='lat' dir='ltr'><strong>manifestat;</strong></span> <span class='ocrx_word' id='word_1_512' title='bbox 694 3309 851 3365; x_wconf 85' lang='lat' dir='ltr'><strong>quam</strong></span> <span class='ocrx_word' id='word_1_513' title='bbox 874 3293 941 3348; x_wconf 89' lang='lat' dir='ltr'><strong>ad</strong></span> <span class='ocrx_word' id='word_1_514' title='bbox 972 3293 1047 3349; x_wconf 92' lang='lat' dir='ltr'><strong>rei</strong></span> <span class='ocrx_word' id='word_1_515' title='bbox 1070 3292 1393 3348; x_wconf 82' lang='lat' dir='ltr'><strong>evidentiam</strong></span> <span class='ocrx_word' id='word_1_516' title='bbox 1427 3291 1517 3349; x_wconf 86' lang='lat' dir='ltr'><strong>hic</strong></span> <span class='ocrx_word' id='word_1_517' title='bbox 1546 3293 1787 3349; x_wconf 83' lang='lat' dir='ltr'><strong>inserere</strong></span> <span class='ocrx_word' id='word_1_518' title='bbox 1812 3308 1918 3347; x_wconf 90' lang='lat' dir='ltr'><strong>non</strong></span> 
     </span>
    </p>
   </div>
   <div class='ocr_carea' id='block_1_50' title="bbox 323 3386 1921 3460">
    <p class='ocr_par' dir='ltr' id='par_1_50' title="bbox 323 3386 1921 3460">
     <span class='ocr_line' id='line_1_50' title="bbox 323 3386 1921 3460; baseline -0.003 -15"><span class='ocrx_word' id='word_1_519' title='bbox 323 3387 619 3460; x_wconf 79' lang='lat' dir='ltr'><strong>gravabor.</strong></span> <span class='ocrx_word' id='word_1_520' title='bbox 668 3387 1006 3460; x_wconf 78' lang='lat' dir='ltr'><strong>Omnipotens</strong></span> <span class='ocrx_word' id='word_1_521' title='bbox 1045 3398 1232 3443; x_wconf 73' lang='lat' dir='ltr'><strong>(uterne</strong></span> <span class='ocrx_word' id='word_1_522' title='bbox 1273 3386 1416 3445; x_wconf 86' lang='lat' dir='ltr'><strong>Deus</strong></span> <span class='ocrx_word' id='word_1_523' title='bbox 1442 3430 1457 3455; x_wconf 93' lang='lat'><strong>,</strong></span> <span class='ocrx_word' id='word_1_524' title='bbox 1510 3388 1599 3460; x_wconf 81' lang='lat' dir='ltr'><strong>qui</strong></span> <span class='ocrx_word' id='word_1_525' title='bbox 1628 3388 1921 3443; x_wconf 77' lang='lat' dir='ltr'><strong>sacratissi-</strong></span> 
     </span>
    </p>
   </div>
   <div class='ocr_carea' id='block_1_51' title="bbox 323 3478 1919 3556">
    <p class='ocr_par' dir='ltr' id='par_1_51' title="bbox 323 3478 1919 3556">
     <span class='ocr_line' id='line_1_51' title="bbox 323 3478 1919 3556; baseline -0.002 -19"><span class='ocrx_word' id='word_1_526' title='bbox 323 3497 465 3537; x_wconf 83' lang='lat' dir='ltr'><strong>mant</strong></span> <span class='ocrx_word' id='word_1_527' title='bbox 498 3478 722 3536; x_wconf 72' lang='lat' dir='ltr'><strong>Matrem</strong></span> <span class='ocrx_word' id='word_1_528' title='bbox 746 3492 886 3536; x_wconf 88' lang='lat' dir='ltr'><strong>tuam</strong></span> <span class='ocrx_word' id='word_1_529' title='bbox 916 3481 1052 3535; x_wconf 87' lang='lat' dir='ltr'><strong>inter</strong></span> <span class='ocrx_word' id='word_1_530' title='bbox 1086 3482 1272 3537; x_wconf 79' lang='lat' dir='ltr'><strong>choros</strong></span> <span class='ocrx_word' id='word_1_531' title='bbox 1295 3482 1596 3556; x_wconf 81' lang='lat' dir='ltr'><strong>angelorum</strong></span> <span class='ocrx_word' id='word_1_532' title='bbox 1634 3498 1787 3555; x_wconf 82' lang='lat' dir='ltr'><strong>super</strong></span> <span class='ocrx_word' id='word_1_533' title='bbox 1829 3496 1919 3535; x_wconf 83' lang='lat' dir='ltr'><strong>co-</strong></span> 
     </span>
    </p>
   </div>
   <div class='ocr_carea' id='block_1_52' title="bbox 322 3572 1920 3640">
    <p class='ocr_par' dir='ltr' id='par_1_52' title="bbox 322 3572 1920 3640">
     <span class='ocr_line' id='line_1_52' title="bbox 322 3572 1920 3640; baseline -0.001 -12"><span class='ocrx_word' id='word_1_534' title='bbox 322 3572 507 3628; x_wconf 82' lang='lat' dir='ltr'><strong>lumna</strong></span> <span class='ocrx_word' id='word_1_535' title='bbox 560 3588 851 3629; x_wconf 81' lang='lat' dir='ltr'><strong>marmorea</strong></span> <span class='ocrx_word' id='word_1_536' title='bbox 902 3589 935 3626; x_wconf 89' lang='lat' dir='ltr'><strong>a</strong></span> <span class='ocrx_word' id='word_1_537' title='bbox 986 3582 1035 3629; x_wconf 91' lang='lat' dir='ltr'><strong>te</strong></span> <span class='ocrx_word' id='word_1_538' title='bbox 1082 3572 1147 3627; x_wconf 84' lang='lat' dir='ltr'><strong>ab</strong></span> <span class='ocrx_word' id='word_1_539' title='bbox 1195 3574 1302 3628; x_wconf 85' lang='lat' dir='ltr'><strong>alto</strong></span> <span class='ocrx_word' id='word_1_540' title='bbox 1340 3573 1558 3640; x_wconf 85' lang='lat' dir='ltr'><strong>emissa,</strong></span> <span class='ocrx_word' id='word_1_541' title='bbox 1604 3575 1776 3627; x_wconf 74' lang='lat' dir='ltr'><strong>venire</strong></span> <span class='ocrx_word' id='word_1_542' title='bbox 1796 3574 1920 3627; x_wconf 84' lang='lat' dir='ltr'><strong>dum</strong></span> 
     </span>
    </p>
   </div>
   <div class='ocr_carea' id='block_1_53' title="bbox 320 3664 1912 3739">
    <p class='ocr_par' dir='ltr' id='par_1_53' title="bbox 320 3664 1912 3739">
     <span class='ocr_line' id='line_1_53' title="bbox 320 3664 1912 3739; baseline -0.002 -15"><span class='ocrx_word' id='word_1_543' title='bbox 320 3667 496 3724; x_wconf 75' lang='lat' dir='ltr'><strong>adhuc</strong></span> <span class='ocrx_word' id='word_1_544' title='bbox 539 3666 763 3730; x_wconf 75' lang='lat' dir='ltr'><strong>viveret,</strong></span> <span class='ocrx_word' id='word_1_545' title='bbox 805 3664 1057 3739; x_wconf 80' lang='lat' dir='ltr'><strong>dignatus</strong></span> <span class='ocrx_word' id='word_1_546' title='bbox 1092 3683 1149 3721; x_wconf 84' lang='lat' dir='ltr'><strong>es</strong></span> <span class='ocrx_word' id='word_1_547' title='bbox 1174 3711 1189 3734; x_wconf 93' lang='lat'><strong>,</strong></span> <span class='ocrx_word' id='word_1_548' title='bbox 1237 3676 1292 3721; x_wconf 80' lang='lat' dir='ltr'><strong>ut</strong></span> <span class='ocrx_word' id='word_1_549' title='bbox 1319 3666 1534 3721; x_wconf 73' lang='lat' dir='ltr'><strong>basilica</strong></span> <span class='ocrx_word' id='word_1_550' title='bbox 1571 3668 1634 3720; x_wconf 80' lang='lat' dir='ltr'><strong>de</strong></span> <span class='ocrx_word' id='word_1_551' title='bbox 1661 3666 1830 3722; x_wconf 86' lang='lat' dir='ltr'><strong>Pilari</strong></span> <span class='ocrx_word' id='word_1_552' title='bbox 1860 3668 1912 3721; x_wconf 86' lang='lat' dir='ltr'><strong>in</strong></span> 
     </span>
    </p>
   </div>
   <div class='ocr_carea' id='block_1_54' title="bbox 318 3759 1915 3839">
    <p class='ocr_par' dir='ltr' id='par_1_54' title="bbox 318 3759 1915 3839">
     <span class='ocr_line' id='line_1_54' title="bbox 318 3759 1915 3839; baseline -0.002 -21"><span class='ocrx_word' id='word_1_553' title='bbox 318 3766 436 3839; x_wconf 76' lang='lat' dir='ltr'><strong>ejus</strong></span> <span class='ocrx_word' id='word_1_554' title='bbox 477 3760 722 3816; x_wconf 75' lang='lat' dir='ltr'><strong>honorem</strong></span> <span class='ocrx_word' id='word_1_555' title='bbox 766 3779 800 3816; x_wconf 76' lang='grc' dir='ltr'><strong>α</strong></span> <span class='ocrx_word' id='word_1_556' title='bbox 846 3770 1226 3833; x_wconf 78' lang='lat' dir='ltr'><strong>protomartgre</strong></span> <span class='ocrx_word' id='word_1_557' title='bbox 1270 3759 1626 3831; x_wconf 83' lang='lat' dir='ltr'><strong>apostolorum</strong></span> <span class='ocrx_word' id='word_1_558' title='bbox 1676 3759 1915 3828; x_wconf 78' lang='lat' dir='ltr'><strong>Iacobo,</strong></span> 
     </span>
    </p>
   </div>
   <div class='ocr_carea' id='block_1_55' title="bbox 318 3853 1917 3926">
    <p class='ocr_par' dir='ltr' id='par_1_55' title="bbox 318 3853 1917 3926">
     <span class='ocr_line' id='line_1_55' title="bbox 318 3853 1917 3926; baseline -0.003 -15"><span class='ocrx_word' id='word_1_559' title='bbox 318 3855 533 3926; x_wconf 74' lang='lat' dir='ltr'><strong>satisque</strong></span> <span class='ocrx_word' id='word_1_560' title='bbox 576 3854 917 3909; x_wconf 81' lang='lat' dir='ltr'><strong>sanctissimis</strong></span> <span class='ocrx_word' id='word_1_561' title='bbox 960 3854 1232 3922; x_wconf 83' lang='lat' dir='ltr'><strong>discipulis</strong></span> <span class='ocrx_word' id='word_1_562' title='bbox 1272 3853 1652 3923; x_wconf 67' lang='lat' dir='ltr'><strong>ludiﬁcaretur;</strong></span> <span class='ocrx_word' id='word_1_563' title='bbox 1708 3863 1917 3925; x_wconf 80' lang='lat' dir='ltr'><strong>prrrsta,</strong></span> 
     </span>
    </p>
   </div>
   <div class='ocr_carea' id='block_1_56' title="bbox 316 3948 1919 4024">
    <p class='ocr_par' dir='ltr' id='par_1_56' title="bbox 316 3948 1919 4024">
     <span class='ocr_line' id='line_1_56' title="bbox 316 3948 1919 4024; baseline -0.003 -19"><span class='ocrx_word' id='word_1_564' title='bbox 316 3966 639 4024; x_wconf 70' lang='lat' dir='ltr'><strong>qucsrtmus,</strong></span> <span class='ocrx_word' id='word_1_565' title='bbox 676 3959 733 4005; x_wconf 78' lang='lat' dir='ltr'><strong>ut</strong></span> <span class='ocrx_word' id='word_1_566' title='bbox 764 3950 875 4021; x_wconf 83' lang='lat' dir='ltr'><strong>ejus</strong></span> <span class='ocrx_word' id='word_1_567' title='bbox 903 3949 1097 4003; x_wconf 83' lang='lat' dir='ltr'><strong>meritis</strong></span> <span class='ocrx_word' id='word_1_568' title='bbox 1121 3957 1171 4003; x_wconf 92' lang='lat' dir='ltr'><strong>et</strong></span> <span class='ocrx_word' id='word_1_569' title='bbox 1202 3950 1589 4011; x_wconf 80' lang='lat' dir='ltr'><strong>intercessione,</strong></span> <span class='ocrx_word' id='word_1_570' title='bbox 1635 3949 1727 4017; x_wconf 78' lang='lat' dir='ltr'><strong>ﬁat</strong></span> <span class='ocrx_word' id='word_1_571' title='bbox 1756 3948 1919 4017; x_wconf 87' lang='lat' dir='ltr'><strong>impe-</strong></span> 
     </span>
    </p>
   </div>
   <div class='ocr_carea' id='block_1_57' title="bbox 319 4039 1916 4115">
    <p class='ocr_par' dir='ltr' id='par_1_57' title="bbox 319 4039 1916 4115">
     <span class='ocr_line' id='line_1_57' title="bbox 319 4039 1916 4115; baseline -0.001 -19"><span class='ocrx_word' id='word_1_572' title='bbox 319 4042 503 4099; x_wconf 83' lang='lat' dir='ltr'><strong>trabile</strong></span> <span class='ocrx_word' id='word_1_573' title='bbox 527 4043 663 4115; x_wconf 81' lang='lat' dir='ltr'><strong>quod</strong></span> <span class='ocrx_word' id='word_1_574' title='bbox 690 4043 802 4111; x_wconf 79' lang='lat' dir='ltr'><strong>ﬁda</strong></span> <span class='ocrx_word' id='word_1_575' title='bbox 824 4051 990 4098; x_wconf 82' lang='lat' dir='ltr'><strong>mente</strong></span> <span class='ocrx_word' id='word_1_576' title='bbox 1028 4043 1311 4114; x_wconf 83' lang='lat' dir='ltr'><strong>poscimus.</strong></span> <span class='ocrx_word' id='word_1_577' title='bbox 1348 4040 1450 4110; x_wconf 80' lang='lat' dir='ltr'><strong>Qui</strong></span> <span class='ocrx_word' id='word_1_578' title='bbox 1481 4041 1641 4108; x_wconf 73' lang='lat' dir='ltr'><strong>uiris,</strong></span> <span class='ocrx_word' id='word_1_579' title='bbox 1675 4049 1780 4095; x_wconf 89' lang='lat' dir='ltr'><strong>ctc.</strong></span> <span class='ocrx_word' id='word_1_580' title='bbox 1815 4039 1916 4095; x_wconf 89' lang='lat' dir='ltr'><strong>Ubi</strong></span> 
     </span>
    </p>
   </div>
   <div class='ocr_carea' id='block_1_58' title="bbox 316 4133 1916 4212">
    <p class='ocr_par' dir='ltr' id='par_1_58' title="bbox 316 4133 1916 4212">
     <span class='ocr_line' id='line_1_58' title="bbox 316 4133 1916 4212; baseline -0.003 -18"><span class='ocrx_word' id='word_1_581' title='bbox 316 4137 477 4194; x_wconf 76' lang='lat' dir='ltr'><strong>vides</strong></span> <span class='ocrx_word' id='word_1_582' title='bbox 500 4137 806 4194; x_wconf 87' lang='lat' dir='ltr'><strong>columnam</strong></span> <span class='ocrx_word' id='word_1_583' title='bbox 827 4137 1049 4212; x_wconf 86' lang='lat' dir='ltr'><strong>quidem</strong></span> <span class='ocrx_word' id='word_1_584' title='bbox 1072 4136 1192 4209; x_wconf 90' lang='lat' dir='ltr'><strong>(seu</strong></span> <span class='ocrx_word' id='word_1_585' title='bbox 1214 4134 1414 4207; x_wconf 82' lang='lat' dir='ltr'><strong>Pilare)</strong></span> <span class='ocrx_word' id='word_1_586' title='bbox 1437 4136 1504 4190; x_wconf 90' lang='lat' dir='ltr'><strong>ab</strong></span> <span class='ocrx_word' id='word_1_587' title='bbox 1532 4135 1641 4189; x_wconf 87' lang='lat' dir='ltr'><strong>alto</strong></span> <span class='ocrx_word' id='word_1_588' title='bbox 1662 4133 1916 4190; x_wconf 86' lang='lat' dir='ltr'><strong>emissam</strong></span> 
     </span>
    </p>
   </div>
   <div class='ocr_carea' id='block_1_59' title="bbox 315 4230 1915 4303">
    <p class='ocr_par' dir='ltr' id='par_1_59' title="bbox 315 4230 1915 4303">
     <span class='ocr_line' id='line_1_59' title="bbox 315 4230 1915 4303; baseline -0.002 -15"><span class='ocrx_word' id='word_1_589' title='bbox 315 4232 570 4288; x_wconf 82' lang='lat' dir='ltr'><strong>manibus</strong></span> <span class='ocrx_word' id='word_1_590' title='bbox 600 4232 814 4288; x_wconf 83' lang='lat' dir='ltr'><strong>scilicet</strong></span> <span class='ocrx_word' id='word_1_591' title='bbox 852 4232 1174 4303; x_wconf 87' lang='lat' dir='ltr'><strong>angelorqu</strong></span> <span class='ocrx_word' id='word_1_592' title='bbox 1208 4232 1580 4302; x_wconf 80' lang='lat' dir='ltr'><strong>deportatum;</strong></span> <span class='ocrx_word' id='word_1_593' title='bbox 1628 4230 1915 4287; x_wconf 84' lang='lat' dir='ltr'><strong>basilicam</strong></span> 
     </span>
    </p>
   </div>
   <div class='ocr_carea' id='block_1_60' title="bbox 315 4322 1914 4389">
    <p class='ocr_par' dir='ltr' id='par_1_60' title="bbox 315 4322 1914 4389">
     <span class='ocr_line' id='line_1_60' title="bbox 315 4322 1914 4389; baseline 0 -10"><span class='ocrx_word' id='word_1_594' title='bbox 315 4338 450 4381; x_wconf 75' lang='lat' dir='ltr'><strong>vero</strong></span> <span class='ocrx_word' id='word_1_595' title='bbox 478 4322 547 4381; x_wconf 88' lang='lat' dir='ltr'><strong>de</strong></span> <span class='ocrx_word' id='word_1_596' title='bbox 582 4324 779 4389; x_wconf 85' lang='lat' dir='ltr'><strong>Pilari,</strong></span> <span class='ocrx_word' id='word_1_597' title='bbox 811 4339 907 4379; x_wconf 89' lang='lat' dir='ltr'><strong>seu</strong></span> <span class='ocrx_word' id='word_1_598' title='bbox 939 4323 1259 4380; x_wconf 84' lang='lat' dir='ltr'><strong>Coluntnatu</strong></span> <span class='ocrx_word' id='word_1_599' title='bbox 1291 4339 1319 4379; x_wconf 88' lang='lat' dir='ltr'><strong>a</strong></span> <span class='ocrx_word' id='word_1_600' title='bbox 1355 4324 1415 4379; x_wconf 84' lang='grc' dir='ltr'><strong>ι).</strong></span> <span class='ocrx_word' id='word_1_601' title='bbox 1448 4322 1654 4379; x_wconf 71' lang='lat' dir='ltr'><strong>lactibo</strong></span> <span class='ocrx_word' id='word_1_602' title='bbox 1706 4332 1761 4379; x_wconf 84' lang='lat' dir='ltr'><strong>et</strong></span> <span class='ocrx_word' id='word_1_603' title='bbox 1796 4324 1914 4379; x_wconf 58' lang='lat' dir='ltr'><strong>disc</strong></span> 
     </span>
    </p>
   </div>
   <div class='ocr_carea' id='block_1_61' title="bbox 314 4416 939 4488">
    <p class='ocr_par' dir='ltr' id='par_1_61' title="bbox 314 4416 939 4488">
     <span class='ocr_line' id='line_1_61' title="bbox 314 4416 939 4488; baseline -0.005 -16"><span class='ocrx_word' id='word_1_604' title='bbox 314 4416 514 4488; x_wconf 81' lang='lat' dir='ltr'><strong>cipulis</strong></span> <span class='ocrx_word' id='word_1_605' title='bbox 543 4426 939 4472; x_wconf 71' lang='lat' dir='ltr'><strong>construentur.</strong></span> 
     </span>
    </p>
   </div>
   <div class='ocr_carea' id='block_1_62' title="bbox 387 4507 1908 4578">
    <p class='ocr_par' dir='ltr' id='par_1_62' title="bbox 387 4507 1908 4578">
     <span class='ocr_line' id='line_1_62' title="bbox 387 4507 1908 4578; baseline -0.001 -13"><span class='ocrx_word' id='word_1_606' title='bbox 387 4508 539 4566; x_wconf 76' lang='lat' dir='ltr'><strong>Ilitto</strong></span> <span class='ocrx_word' id='word_1_607' title='bbox 582 4508 778 4564; x_wconf 86' lang='lat' dir='ltr'><strong>multas</strong></span> <span class='ocrx_word' id='word_1_608' title='bbox 831 4507 1079 4565; x_wconf 84' lang='lat' dir='ltr'><strong>Pennotti</strong></span> <span class='ocrx_word' id='word_1_609' title='bbox 1131 4509 1641 4578; x_wconf 90' lang='lat' dir='ltr'><strong>inconsequentias,</strong></span> <span class='ocrx_word' id='word_1_610' title='bbox 1687 4519 1746 4563; x_wconf 91' lang='lat' dir='ltr'><strong>ut</strong></span> <span class='ocrx_word' id='word_1_611' title='bbox 1788 4524 1908 4563; x_wconf 86' lang='lat' dir='ltr'><strong>cum</strong></span> 
     </span>
    </p>
   </div>
   <div class='ocr_carea' id='block_1_63' title="bbox 2025 3279 3625 3361">
    <p class='ocr_par' dir='ltr' id='par_1_63' title="bbox 2025 3279 3625 3361">
     <span class='ocr_line' id='line_1_63' title="bbox 2025 3279 3625 3361; baseline 0.006 -25"><span class='ocrx_word' id='word_1_612' title='bbox 2025 3279 2265 3351; x_wconf 81' lang='lat' dir='ltr'><strong>ejusdem</strong></span> <span class='ocrx_word' id='word_1_613' title='bbox 2297 3297 2417 3339; x_wconf 82' lang='lat' dir='ltr'><strong>esse</strong></span> <span class='ocrx_word' id='word_1_614' title='bbox 2438 3282 2644 3339; x_wconf 88' lang='lat' dir='ltr'><strong>ordinis</strong></span> <span class='ocrx_word' id='word_1_615' title='bbox 2676 3299 2740 3339; x_wconf 92' lang='lat' dir='ltr'><strong>ac</strong></span> <span class='ocrx_word' id='word_1_616' title='bbox 2765 3283 2863 3343; x_wconf 88' lang='lat' dir='ltr'><strong>SS.</strong></span> <span class='ocrx_word' id='word_1_617' title='bbox 2888 3286 3213 3352; x_wconf 78' lang='lat' dir='ltr'><strong>Antonium,</strong></span> <span class='ocrx_word' id='word_1_618' title='bbox 3246 3286 3625 3361; x_wconf 83' lang='lat' dir='ltr'><strong>Pachomlum,</strong></span> 
     </span>
    </p>
   </div>
   <div class='ocr_carea' id='block_1_64' title="bbox 2027 3376 3626 3453">
    <p class='ocr_par' dir='ltr' id='par_1_64' title="bbox 2027 3376 3626 3453">
     <span class='ocr_line' id='line_1_64' title="bbox 2027 3376 3626 3453; baseline 0.006 -20"><span class='ocrx_word' id='word_1_619' title='bbox 2027 3376 2357 3435; x_wconf 88' lang='lat' dir='ltr'><strong>llilarionem</strong></span> <span class='ocrx_word' id='word_1_620' title='bbox 2384 3425 2397 3448; x_wconf 93' lang='lat'><strong>,</strong></span> <span class='ocrx_word' id='word_1_621' title='bbox 2449 3388 2506 3435; x_wconf 91' lang='lat' dir='ltr'><strong>et</strong></span> <span class='ocrx_word' id='word_1_622' title='bbox 2546 3390 2776 3438; x_wconf 71' lang='lat' dir='ltr'><strong>creteros</strong></span> <span class='ocrx_word' id='word_1_623' title='bbox 2799 3423 2815 3448; x_wconf 93' lang='lat'><strong>,</strong></span> <span class='ocrx_word' id='word_1_624' title='bbox 2861 3382 2953 3452; x_wconf 89' lang='lat' dir='ltr'><strong>qui</strong></span> <span class='ocrx_word' id='word_1_625' title='bbox 2990 3383 3118 3438; x_wconf 91' lang='lat' dir='ltr'><strong>olim</strong></span> <span class='ocrx_word' id='word_1_626' title='bbox 3165 3381 3537 3453; x_wconf 79' lang='lat' dir='ltr'><strong>Thebaidem,</strong></span> <span class='ocrx_word' id='word_1_627' title='bbox 3569 3394 3626 3443; x_wconf 91' lang='lat' dir='ltr'><strong>ct</strong></span> 
     </span>
    </p>
   </div>
   <div class='ocr_carea' id='block_1_65' title="bbox 2024 3469 3624 3536">
    <p class='ocr_par' dir='ltr' id='par_1_65' title="bbox 2024 3469 3624 3536">
     <span class='ocr_line' id='line_1_65' title="bbox 2024 3469 3624 3536; baseline 0.008 -12"><span class='ocrx_word' id='word_1_628' title='bbox 2024 3469 2353 3527; x_wconf 86' lang='lat' dir='ltr'><strong>Palestinam</strong></span> <span class='ocrx_word' id='word_1_629' title='bbox 2386 3472 2732 3529; x_wconf 91' lang='lat' dir='ltr'><strong>incoluerunt</strong></span> <span class='ocrx_word' id='word_1_630' title='bbox 2768 3494 2780 3528; x_wconf 93' lang='lat'>:</span> <span class='ocrx_word' id='word_1_631' title='bbox 2810 3483 2903 3530; x_wconf 90' lang='lat' dir='ltr'><strong>aut</strong></span> <span class='ocrx_word' id='word_1_632' title='bbox 2936 3490 3128 3531; x_wconf 88' lang='lat' dir='ltr'><strong>omnes</strong></span> <span class='ocrx_word' id='word_1_633' title='bbox 3158 3476 3472 3535; x_wconf 85' lang='lat' dir='ltr'><strong>universum</strong></span> <span class='ocrx_word' id='word_1_634' title='bbox 3504 3494 3624 3536; x_wconf 87' lang='lat' dir='ltr'><strong>mo-</strong></span> 
     </span>
    </p>
   </div>
   <div class='ocr_carea' id='block_1_66' title="bbox 2023 3563 3627 3638">
    <p class='ocr_par' dir='ltr' id='par_1_66' title="bbox 2023 3563 3627 3638">
     <span class='ocr_line' id='line_1_66' title="bbox 2023 3563 3627 3638; baseline 0.007 -20"><span class='ocrx_word' id='word_1_635' title='bbox 2023 3563 2319 3620; x_wconf 89' lang='lat' dir='ltr'><strong>nachorum</strong></span> <span class='ocrx_word' id='word_1_636' title='bbox 2338 3567 2791 3638; x_wconf 86' lang='lat' dir='ltr'><strong>congregationes</strong></span> <span class='ocrx_word' id='word_1_637' title='bbox 2827 3568 2993 3622; x_wconf 87' lang='lat' dir='ltr'><strong>etiam</strong></span> <span class='ocrx_word' id='word_1_638' title='bbox 3022 3568 3442 3626; x_wconf 88' lang='lat' dir='ltr'><strong>mendicantium</strong></span> <span class='ocrx_word' id='word_1_639' title='bbox 3467 3572 3627 3630; x_wconf 89' lang='lat' dir='ltr'><strong>unius</strong></span> 
     </span>
    </p>
   </div>
   <div class='ocr_carea' id='block_1_67' title="bbox 2021 3656 3626 3733">
    <p class='ocr_par' dir='ltr' id='par_1_67' title="bbox 2021 3656 3626 3733">
     <span class='ocr_line' id='line_1_67' title="bbox 2021 3656 3626 3733; baseline 0.007 -21"><span class='ocrx_word' id='word_1_640' title='bbox 2021 3656 2376 3731; x_wconf 87' lang='lat' dir='ltr'><strong>ejusdemque</strong></span> <span class='ocrx_word' id='word_1_641' title='bbox 2420 3674 2546 3716; x_wconf 89' lang='lat' dir='ltr'><strong>esse</strong></span> <span class='ocrx_word' id='word_1_642' title='bbox 2586 3660 2824 3727; x_wconf 88' lang='lat' dir='ltr'><strong>ordinis;</strong></span> <span class='ocrx_word' id='word_1_643' title='bbox 2865 3661 3011 3733; x_wconf 91' lang='lat' dir='ltr'><strong>quod</strong></span> <span class='ocrx_word' id='word_1_644' title='bbox 3060 3663 3107 3717; x_wconf 89' lang='lat' dir='ltr'><strong>si</strong></span> <span class='ocrx_word' id='word_1_645' title='bbox 3159 3662 3350 3731; x_wconf 88' lang='lat' dir='ltr'><strong>detur,</strong></span> <span class='ocrx_word' id='word_1_646' title='bbox 3399 3680 3509 3721; x_wconf 87' lang='lat' dir='ltr'><strong>non</strong></span> <span class='ocrx_word' id='word_1_647' title='bbox 3540 3673 3626 3723; x_wconf 87' lang='lat' dir='ltr'><strong>cst</strong></span> 
     </span>
    </p>
   </div>
   <div class='ocr_carea' id='block_1_68' title="bbox 2021 3754 3622 3829">
    <p class='ocr_par' dir='ltr' id='par_1_68' title="bbox 2021 3754 3622 3829">
     <span class='ocr_line' id='line_1_68' title="bbox 2021 3754 3622 3829; baseline 0.007 -23"><span class='ocrx_word' id='word_1_648' title='bbox 2021 3754 2407 3825; x_wconf 83' lang='lat' dir='ltr'><strong>ambigendum</strong></span> <span class='ocrx_word' id='word_1_649' title='bbox 2430 3771 2456 3808; x_wconf 91' lang='lat' dir='ltr'><strong>a</strong></span> <span class='ocrx_word' id='word_1_650' title='bbox 2488 3754 2691 3811; x_wconf 79' lang='lat' dir='ltr'><strong>sanctis</strong></span> <span class='ocrx_word' id='word_1_651' title='bbox 2716 3756 2922 3826; x_wconf 87' lang='lat' dir='ltr'><strong>pariter</strong></span> <span class='ocrx_word' id='word_1_652' title='bbox 2952 3756 3219 3829; x_wconf 83' lang='lat' dir='ltr'><strong>apostolis</strong></span> <span class='ocrx_word' id='word_1_653' title='bbox 3252 3773 3375 3817; x_wconf 83' lang='lat' dir='ltr'><strong>esse</strong></span> <span class='ocrx_word' id='word_1_654' title='bbox 3403 3758 3622 3818; x_wconf 85' lang='lat' dir='ltr'><strong>institu-</strong></span> 
     </span>
    </p>
   </div>
   <div class='ocr_carea' id='block_1_69' title="bbox 2024 3847 3621 3928">
    <p class='ocr_par' dir='ltr' id='par_1_69' title="bbox 2024 3847 3621 3928">
     <span class='ocr_line' id='line_1_69' title="bbox 2024 3847 3621 3928; baseline 0.006 -25"><span class='ocrx_word' id='word_1_655' title='bbox 2024 3856 2129 3905; x_wconf 90' lang='lat' dir='ltr'><strong>tos.</strong></span> <span class='ocrx_word' id='word_1_656' title='bbox 2175 3847 2318 3904; x_wconf 85' lang='lat' dir='ltr'><strong>Nihil</strong></span> <span class='ocrx_word' id='word_1_657' title='bbox 2342 3849 2488 3905; x_wconf 89' lang='lat' dir='ltr'><strong>enim</strong></span> <span class='ocrx_word' id='word_1_658' title='bbox 2518 3848 2663 3906; x_wconf 87' lang='lat' dir='ltr'><strong>aliud</strong></span> <span class='ocrx_word' id='word_1_659' title='bbox 2690 3859 2773 3906; x_wconf 89' lang='lat' dir='ltr'><strong>est</strong></span> <span class='ocrx_word' id='word_1_660' title='bbox 2803 3851 3057 3921; x_wconf 87' lang='lat' dir='ltr'><strong>religiosa</strong></span> <span class='ocrx_word' id='word_1_661' title='bbox 3105 3853 3403 3921; x_wconf 81' lang='lat' dir='ltr'><strong>professio,</strong></span> <span class='ocrx_word' id='word_1_662' title='bbox 3455 3870 3621 3928; x_wconf 89' lang='lat' dir='ltr'><strong>quam</strong></span> 
     </span>
    </p>
   </div>
   <div class='ocr_carea' id='block_1_70' title="bbox 2022 3939 3620 4014">
    <p class='ocr_par' dir='ltr' id='par_1_70' title="bbox 2022 3939 3620 4014">
     <span class='ocr_line' id='line_1_70' title="bbox 2022 3939 3620 4014; baseline 0.007 -20"><span class='ocrx_word' id='word_1_663' title='bbox 2022 3939 2088 3995; x_wconf 88' lang='lat' dir='ltr'><strong>ad</strong></span> <span class='ocrx_word' id='word_1_664' title='bbox 2132 3940 2507 4011; x_wconf 73' lang='lat' dir='ltr'><strong>prtescriptum</strong></span> <span class='ocrx_word' id='word_1_665' title='bbox 2540 3940 2879 4014; x_wconf 68' lang='lat' dir='ltr'><strong>Evangelicze</strong></span> <span class='ocrx_word' id='word_1_666' title='bbox 2910 3942 3267 4013; x_wconf 88' lang='lat' dir='ltr'><strong>perfectionis</strong></span> <span class='ocrx_word' id='word_1_667' title='bbox 3290 3946 3454 4003; x_wconf 84' lang='lat' dir='ltr'><strong>vitam</strong></span> <span class='ocrx_word' id='word_1_668' title='bbox 3482 3947 3620 4005; x_wconf 89' lang='lat' dir='ltr'><strong>diri-</strong></span> 
     </span>
    </p>
   </div>
   <div class='ocr_carea' id='block_1_71' title="bbox 2018 4031 3621 4105">
    <p class='ocr_par' dir='ltr' id='par_1_71' title="bbox 2018 4031 3621 4105">
     <span class='ocr_line' id='line_1_71' title="bbox 2018 4031 3621 4105; baseline 0.006 -18"><span class='ocrx_word' id='word_1_669' title='bbox 2018 4045 2167 4103; x_wconf 87' lang='lat' dir='ltr'><strong>gere.</strong></span> <span class='ocrx_word' id='word_1_670' title='bbox 2199 4031 2308 4087; x_wconf 86' lang='lat' dir='ltr'><strong>Sed</strong></span> <span class='ocrx_word' id='word_1_671' title='bbox 2346 4046 2474 4086; x_wconf 74' lang='lat' dir='ltr'><strong>vero</strong></span> <span class='ocrx_word' id='word_1_672' title='bbox 2503 4032 2686 4087; x_wconf 87' lang='lat' dir='ltr'><strong>nullus</strong></span> <span class='ocrx_word' id='word_1_673' title='bbox 2717 4044 2801 4087; x_wconf 91' lang='lat' dir='ltr'><strong>est</strong></span> <span class='ocrx_word' id='word_1_674' title='bbox 2826 4074 2842 4101; x_wconf 95' lang='lat'><strong>,</strong></span> <span class='ocrx_word' id='word_1_675' title='bbox 2881 4035 2970 4105; x_wconf 89' lang='lat' dir='ltr'><strong>qui</strong></span> <span class='ocrx_word' id='word_1_676' title='bbox 3000 4050 3107 4091; x_wconf 89' lang='lat' dir='ltr'><strong>non</strong></span> <span class='ocrx_word' id='word_1_677' title='bbox 3134 4034 3315 4092; x_wconf 77' lang='lat' dir='ltr'><strong>videat</strong></span> <span class='ocrx_word' id='word_1_678' title='bbox 3336 4078 3353 4104; x_wconf 92' lang='lat'><strong>,</strong></span> <span class='ocrx_word' id='word_1_679' title='bbox 3393 4053 3515 4093; x_wconf 91' lang='lat' dir='ltr'><strong>cum</strong></span> <span class='ocrx_word' id='word_1_680' title='bbox 3550 4038 3621 4097; x_wconf 89' lang='lat' dir='ltr'><strong>de</strong></span> 
     </span>
    </p>
   </div>
   <div class='ocr_carea' id='block_1_72' title="bbox 2020 4125 3617 4199">
    <p class='ocr_par' dir='ltr' id='par_1_72' title="bbox 2020 4125 3617 4199">
     <span class='ocr_line' id='line_1_72' title="bbox 2020 4125 3617 4199; baseline 0.006 -19"><span class='ocrx_word' id='word_1_681' title='bbox 2020 4127 2279 4198; x_wconf 72' lang='lat' dir='ltr'><strong>primmra</strong></span> <span class='ocrx_word' id='word_1_682' title='bbox 2318 4125 2545 4196; x_wconf 85' lang='lat' dir='ltr'><strong>alicujus</strong></span> <span class='ocrx_word' id='word_1_683' title='bbox 2598 4127 2807 4181; x_wconf 88' lang='lat' dir='ltr'><strong>ordinis</strong></span> <span class='ocrx_word' id='word_1_684' title='bbox 2862 4126 3075 4199; x_wconf 88' lang='lat' dir='ltr'><strong>origine</strong></span> <span class='ocrx_word' id='word_1_685' title='bbox 3123 4129 3448 4197; x_wconf 85' lang='lat' dir='ltr'><strong>disseritur,</strong></span> <span class='ocrx_word' id='word_1_686' title='bbox 3506 4145 3617 4189; x_wconf 84' lang='lat' dir='ltr'><strong>non</strong></span> 
     </span>
    </p>
   </div>
   <div class='ocr_carea' id='block_1_73' title="bbox 2020 4219 3615 4297">
    <p class='ocr_par' dir='ltr' id='par_1_73' title="bbox 2020 4219 3615 4297">
     <span class='ocr_line' id='line_1_73' title="bbox 2020 4219 3615 4297; baseline 0.004 -20"><span class='ocrx_word' id='word_1_687' title='bbox 2020 4221 2157 4277; x_wconf 79' lang='lat' dir='ltr'><strong>Sunii</strong></span> <span class='ocrx_word' id='word_1_688' title='bbox 2208 4235 2407 4275; x_wconf 84' lang='lat' dir='ltr'><strong>nomen</strong></span> <span class='ocrx_word' id='word_1_689' title='bbox 2447 4219 2697 4289; x_wconf 82' lang='lat' dir='ltr'><strong>ordinis,</strong></span> <span class='ocrx_word' id='word_1_690' title='bbox 2748 4222 2902 4294; x_wconf 83' lang='lat' dir='ltr'><strong>quasi</strong></span> <span class='ocrx_word' id='word_1_691' title='bbox 2951 4223 3245 4294; x_wconf 86' lang='lat' dir='ltr'><strong>generice,</strong></span> <span class='ocrx_word' id='word_1_692' title='bbox 3297 4240 3405 4296; x_wconf 92' lang='lat' dir='ltr'><strong>quo</strong></span> <span class='ocrx_word' id='word_1_693' title='bbox 3453 4235 3615 4297; x_wconf 88' lang='lat' dir='ltr'><strong>pacto</strong></span> 
     </span>
    </p>
   </div>
   <div class='ocr_carea' id='block_1_74' title="bbox 2020 4315 3619 4390">
    <p class='ocr_par' dir='ltr' id='par_1_74' title="bbox 2020 4315 3619 4390">
     <span class='ocr_line' id='line_1_74' title="bbox 2020 4315 3619 4390; baseline 0.004 -20"><span class='ocrx_word' id='word_1_694' title='bbox 2020 4318 2301 4373; x_wconf 76' lang='lat' dir='ltr'><strong>universas</strong></span> <span class='ocrx_word' id='word_1_695' title='bbox 2355 4315 2749 4370; x_wconf 75' lang='lat' dir='ltr'><strong>monachorum</strong></span> <span class='ocrx_word' id='word_1_696' title='bbox 2822 4316 3117 4388; x_wconf 87' lang='lat' dir='ltr'><strong>religiones</strong></span> <span class='ocrx_word' id='word_1_697' title='bbox 3167 4318 3619 4390; x_wconf 86' lang='lat' dir='ltr'><strong>comprehendit,</strong></span> 
     </span>
    </p>
   </div>
   <div class='ocr_carea' id='block_1_75' title="bbox 2018 4410 3615 4482">
    <p class='ocr_par' dir='ltr' id='par_1_75' title="bbox 2018 4410 3615 4482">
     <span class='ocr_line' id='line_1_75' title="bbox 2018 4410 3615 4482; baseline 0.003 -17"><span class='ocrx_word' id='word_1_698' title='bbox 2018 4410 2113 4465; x_wconf 85' lang='lat' dir='ltr'><strong>sed</strong></span> <span class='ocrx_word' id='word_1_699' title='bbox 2146 4410 2197 4463; x_wconf 91' lang='lat' dir='ltr'><strong>in</strong></span> <span class='ocrx_word' id='word_1_700' title='bbox 2227 4410 2409 4479; x_wconf 87' lang='lat' dir='ltr'><strong>specie</strong></span> <span class='ocrx_word' id='word_1_701' title='bbox 2438 4451 2453 4475; x_wconf 92' lang='lat'><strong>,</strong></span> <span class='ocrx_word' id='word_1_702' title='bbox 2491 4419 2761 4480; x_wconf 88' lang='lat' dir='ltr'><strong>quatenus</strong></span> <span class='ocrx_word' id='word_1_703' title='bbox 2789 4422 2896 4463; x_wconf 88' lang='lat' dir='ltr'><strong>una</strong></span> <span class='ocrx_word' id='word_1_704' title='bbox 2924 4410 3274 4482; x_wconf 83' lang='lat' dir='ltr'><strong>distinguitur</strong></span> <span class='ocrx_word' id='word_1_705' title='bbox 3295 4412 3364 4467; x_wconf 88' lang='lat' dir='ltr'><strong>ab</strong></span> <span class='ocrx_word' id='word_1_706' title='bbox 3392 4412 3567 4469; x_wconf 89' lang='lat' dir='ltr'><strong>altera</strong></span> <span class='ocrx_word' id='word_1_707' title='bbox 3597 4428 3615 4470; x_wconf 89' lang='lat'><strong>:</strong></span> 
     </span>
    </p>
   </div>
   <div class='ocr_carea' id='block_1_76' title="bbox 2020 4501 3617 4573">
    <p class='ocr_par' dir='ltr' id='par_1_76' title="bbox 2020 4501 3617 4573">
     <span class='ocr_line' id='line_1_76' title="bbox 2020 4501 3617 4573; baseline 0.003 -17"><span class='ocrx_word' id='word_1_708' title='bbox 2020 4518 2198 4571; x_wconf 81' lang='lat' dir='ltr'><strong>neque</strong></span> <span class='ocrx_word' id='word_1_709' title='bbox 2229 4504 2514 4573; x_wconf 80' lang='lat' dir='ltr'><strong>quisquam</strong></span> <span class='ocrx_word' id='word_1_710' title='bbox 2543 4501 2759 4558; x_wconf 87' lang='lat' dir='ltr'><strong>audiret</strong></span> <span class='ocrx_word' id='word_1_711' title='bbox 2795 4503 3066 4573; x_wconf 87' lang='lat' dir='ltr'><strong>patienter</strong></span> <span class='ocrx_word' id='word_1_712' title='bbox 3092 4504 3491 4561; x_wconf 84' lang='lat' dir='ltr'><strong>Frauciscanos</strong></span> <span class='ocrx_word' id='word_1_713' title='bbox 3521 4514 3617 4561; x_wconf 86' lang='lat' dir='ltr'><strong>aut</strong></span> 
     </span>
    </p>
   </div>
   <div class='ocr_carea' id='block_1_77' title="bbox 314 4576 3619 4674">
    <p class='ocr_par' dir='ltr' id='par_1_77' title="bbox 314 4576 3619 4674">
     <span class='ocr_line' id='line_1_77' title="bbox 314 4576 3619 4674; baseline -0.001 -15"><span class='ocrx_word' id='word_1_714' title='bbox 314 4601 539 4659; x_wconf 87' lang='lat' dir='ltr'><strong>eosdem</strong></span> <span class='ocrx_word' id='word_1_715' title='bbox 582 4612 834 4660; x_wconf 87' lang='lat' dir='ltr'><strong>auctores</strong></span> <span class='ocrx_word' id='word_1_716' title='bbox 884 4600 1047 4659; x_wconf 88' lang='lat' dir='ltr'><strong>modo</strong></span> <span class='ocrx_word' id='word_1_717' title='bbox 1094 4604 1340 4660; x_wconf 75' lang='lat' dir='ltr'><strong>sublevat</strong></span> <span class='ocrx_word' id='word_1_718' title='bbox 1361 4576 1389 4669; x_wconf 21' lang='grc' dir='ltr'><strong>,ἠ</strong></span> <span class='ocrx_word' id='word_1_719' title='bbox 1417 4603 1581 4659; x_wconf 90' lang='lat' dir='ltr'><strong>modo</strong></span> <span class='ocrx_word' id='word_1_720' title='bbox 1612 4602 1907 4674; x_wconf 86' lang='lat' dir='ltr'><strong>deprimit,</strong></span> <span class='ocrx_word' id='word_1_721' title='bbox 1938 4576 1990 4639; x_wconf 84' lang='grc' dir='ltr'><strong>Ῑ)</strong></span> <span class='ocrx_word' id='word_1_722' title='bbox 2017 4597 2413 4654; x_wconf 65' lang='lat' dir='ltr'><strong>l’rtediczitorcs</strong></span> <span class='ocrx_word' id='word_1_723' title='bbox 2437 4606 2587 4651; x_wconf 85' lang='lat' dir='ltr'><strong>tanta</strong></span> <span class='ocrx_word' id='word_1_724' title='bbox 2616 4598 2827 4667; x_wconf 87' lang='lat' dir='ltr'><strong>pollere</strong></span> <span class='ocrx_word' id='word_1_725' title='bbox 2858 4597 3186 4670; x_wconf 81' lang='lat' dir='ltr'><strong>antiquitate</strong></span> <span class='ocrx_word' id='word_1_726' title='bbox 3210 4639 3226 4666; x_wconf 93' lang='lat'><strong>,</strong></span> <span class='ocrx_word' id='word_1_727' title='bbox 3259 4608 3313 4654; x_wconf 92' lang='lat' dir='ltr'><strong>ut</strong></span> <span class='ocrx_word' id='word_1_728' title='bbox 3343 4600 3409 4653; x_wconf 89' lang='lat' dir='ltr'><strong>ad</strong></span> <span class='ocrx_word' id='word_1_729' title='bbox 3442 4601 3619 4671; x_wconf 90' lang='lat' dir='ltr'><strong>ipsum</strong></span> 
     </span>
    </p>
   </div>
   <div class='ocr_carea' id='block_1_78' title="bbox 310 4692 1908 4767">
    <p class='ocr_par' dir='ltr' id='par_1_78' title="bbox 310 4692 1908 4767">
     <span class='ocr_line' id='line_1_78' title="bbox 310 4692 1908 4767; baseline -0.001 -17"><span class='ocrx_word' id='word_1_730' title='bbox 310 4692 385 4752; x_wconf 87' lang='lat' dir='ltr'><strong>de</strong></span> <span class='ocrx_word' id='word_1_731' title='bbox 420 4708 529 4767; x_wconf 84' lang='lat' dir='ltr'><strong>quo</strong></span> <span class='ocrx_word' id='word_1_732' title='bbox 554 4693 668 4766; x_wconf 82' lang='lat' dir='ltr'><strong>jam</strong></span> <span class='ocrx_word' id='word_1_733' title='bbox 706 4693 981 4761; x_wconf 78' lang='lat' dir='ltr'><strong>diximus;</strong></span> <span class='ocrx_word' id='word_1_734' title='bbox 1026 4703 1082 4752; x_wconf 91' lang='lat' dir='ltr'><strong>et</strong></span> <span class='ocrx_word' id='word_1_735' title='bbox 1114 4710 1236 4751; x_wconf 90' lang='lat' dir='ltr'><strong>eum</strong></span> <span class='ocrx_word' id='word_1_736' title='bbox 1278 4710 1475 4751; x_wconf 90' lang='lat' dir='ltr'><strong>nomen</strong></span> <span class='ocrx_word' id='word_1_737' title='bbox 1517 4696 1908 4750; x_wconf 85' lang='lat' dir='ltr'><strong>monachorum</strong></span> 
     </span>
    </p>
   </div>
   <div class='ocr_carea' id='block_1_79' title="bbox 313 4787 1908 4862">
    <p class='ocr_par' dir='ltr' id='par_1_79' title="bbox 313 4787 1908 4862">
     <span class='ocr_line' id='line_1_79' title="bbox 313 4787 1908 4862; baseline -0.002 -16"><span class='ocrx_word' id='word_1_738' title='bbox 313 4787 640 4862; x_wconf 83' lang='lat' dir='ltr'><strong>quandoque</strong></span> <span class='ocrx_word' id='word_1_739' title='bbox 677 4787 969 4857; x_wconf 88' lang='lat' dir='ltr'><strong>latissime,</strong></span> <span class='ocrx_word' id='word_1_740' title='bbox 1015 4788 1331 4861; x_wconf 84' lang='lat' dir='ltr'><strong>plerumque</strong></span> <span class='ocrx_word' id='word_1_741' title='bbox 1368 4788 1718 4847; x_wconf 88' lang='lat' dir='ltr'><strong>strictissime</strong></span> <span class='ocrx_word' id='word_1_742' title='bbox 1761 4789 1908 4844; x_wconf 91' lang='lat' dir='ltr'><strong>acci-</strong></span> 
     </span>
    </p>
   </div>
   <div class='ocr_carea' id='block_1_80' title="bbox 312 4881 1906 4956">
    <p class='ocr_par' dir='ltr' id='par_1_80' title="bbox 312 4881 1906 4956">
     <span class='ocr_line' id='line_1_80' title="bbox 312 4881 1906 4956; baseline -0.004 -16"><span class='ocrx_word' id='word_1_743' title='bbox 312 4882 430 4956; x_wconf 82' lang='lat' dir='ltr'><strong>pit,</strong></span> <span class='ocrx_word' id='word_1_744' title='bbox 465 4890 528 4940; x_wconf 87' lang='lat' dir='ltr'><strong>ut</strong></span> <span class='ocrx_word' id='word_1_745' title='bbox 575 4882 649 4939; x_wconf 84' lang='lat' dir='ltr'><strong>ita</strong></span> <span class='ocrx_word' id='word_1_746' title='bbox 688 4884 935 4938; x_wconf 87' lang='lat' dir='ltr'><strong>canonici</strong></span> <span class='ocrx_word' id='word_1_747' title='bbox 975 4884 1253 4954; x_wconf 84' lang='lat' dir='ltr'><strong>regulares</strong></span> <span class='ocrx_word' id='word_1_748' title='bbox 1302 4881 1461 4938; x_wconf 87' lang='lat' dir='ltr'><strong>bonis</strong></span> <span class='ocrx_word' id='word_1_749' title='bbox 1510 4883 1906 4937; x_wconf 84' lang='lat' dir='ltr'><strong>monachorum</strong></span> 
     </span>
    </p>
   </div>
   <div class='ocr_carea' id='block_1_81' title="bbox 311 4976 1908 5047">
    <p class='ocr_par' dir='ltr' id='par_1_81' title="bbox 311 4976 1908 5047">
     <span class='ocr_line' id='line_1_81' title="bbox 311 4976 1908 5047; baseline -0.001 -16"><span class='ocrx_word' id='word_1_750' title='bbox 311 4978 751 5047; x_wconf 85' lang='lat' dir='ltr'><strong>communicent,</strong></span> <span class='ocrx_word' id='word_1_751' title='bbox 801 4991 909 5033; x_wconf 92' lang='lat' dir='ltr'><strong>nou</strong></span> <span class='ocrx_word' id='word_1_752' title='bbox 950 4991 1081 5035; x_wconf 81' lang='lat' dir='ltr'><strong>vero</strong></span> <span class='ocrx_word' id='word_1_753' title='bbox 1130 4977 1306 5047; x_wconf 73' lang='lat' dir='ltr'><strong>pinnis</strong></span> <span class='ocrx_word' id='word_1_754' title='bbox 1353 4986 1407 5031; x_wconf 90' lang='lat' dir='ltr'><strong>et</strong></span> <span class='ocrx_word' id='word_1_755' title='bbox 1458 4976 1656 5033; x_wconf 85' lang='lat' dir='ltr'><strong>malis:</strong></span> <span class='ocrx_word' id='word_1_756' title='bbox 1687 4984 1740 5030; x_wconf 90' lang='lat' dir='ltr'><strong>et</strong></span> <span class='ocrx_word' id='word_1_757' title='bbox 1786 4989 1908 5033; x_wconf 90' lang='lat' dir='ltr'><strong>cum</strong></span> 
     </span>
    </p>
   </div>
   <div class='ocr_carea' id='block_1_82' title="bbox 314 5068 1905 5142">
    <p class='ocr_par' dir='ltr' id='par_1_82' title="bbox 314 5068 1905 5142">
     <span class='ocr_line' id='line_1_82' title="bbox 314 5068 1905 5142; baseline -0.003 -13"><span class='ocrx_word' id='word_1_758' title='bbox 314 5078 474 5129; x_wconf 84' lang='lat' dir='ltr'><strong>notas</strong></span> <span class='ocrx_word' id='word_1_759' title='bbox 500 5085 633 5142; x_wconf 85' lang='lat' dir='ltr'><strong>quas</strong></span> <span class='ocrx_word' id='word_1_760' title='bbox 654 5070 760 5126; x_wconf 86' lang='lat' dir='ltr'><strong>sibi</strong></span> <span class='ocrx_word' id='word_1_761' title='bbox 792 5073 860 5129; x_wconf 82' lang='lat' dir='ltr'><strong>ab</strong></span> <span class='ocrx_word' id='word_1_762' title='bbox 882 5072 1004 5128; x_wconf 87' lang='lat' dir='ltr'><strong>aliis</strong></span> <span class='ocrx_word' id='word_1_763' title='bbox 1032 5071 1225 5128; x_wconf 88' lang='lat' dir='ltr'><strong>inferri</strong></span> <span class='ocrx_word' id='word_1_764' title='bbox 1258 5087 1366 5127; x_wconf 89' lang='lat' dir='ltr'><strong>non</strong></span> <span class='ocrx_word' id='word_1_765' title='bbox 1399 5074 1632 5142; x_wconf 64' lang='lat' dir='ltr'><strong>pat&#39;ztur,</strong></span> <span class='ocrx_word' id='word_1_766' title='bbox 1666 5070 1785 5123; x_wconf 87' lang='lat' dir='ltr'><strong>aliis</strong></span> <span class='ocrx_word' id='word_1_767' title='bbox 1818 5068 1905 5124; x_wconf 84' lang='lat' dir='ltr'><strong>in-</strong></span> 
     </span>
    </p>
   </div>
   <div class='ocr_carea' id='block_1_83' title="bbox 315 5160 1910 5233">
    <p class='ocr_par' dir='ltr' id='par_1_83' title="bbox 315 5160 1910 5233">
     <span class='ocr_line' id='line_1_83' title="bbox 315 5160 1910 5233; baseline -0.004 -12"><span class='ocrx_word' id='word_1_768' title='bbox 315 5161 440 5221; x_wconf 81' lang='lat' dir='ltr'><strong>fert.</strong></span> <span class='ocrx_word' id='word_1_769' title='bbox 470 5164 603 5232; x_wconf 89' lang='lat' dir='ltr'><strong>Sup.</strong></span> <span class='ocrx_word' id='word_1_770' title='bbox 632 5161 751 5219; x_wconf 86' lang='lat' dir='ltr'><strong>Lib.</strong></span> <span class='ocrx_word' id='word_1_771' title='bbox 778 5179 849 5231; x_wconf 88' lang='grc' dir='ltr'>ιι,</span> <span class='ocrx_word' id='word_1_772' title='bbox 882 5178 1001 5233; x_wconf 87' lang='lat' dir='ltr'><strong>cap.</strong></span> <span class='ocrx_word' id='word_1_773' title='bbox 1035 5166 1131 5231; x_wconf 71' lang='lat' dir='ltr'><strong>l9,</strong></span> <span class='ocrx_word' id='word_1_774' title='bbox 1160 5178 1309 5219; x_wconf 87' lang='lat' dir='ltr'><strong>nutn.</strong></span> <span class='ocrx_word' id='word_1_775' title='bbox 1341 5164 1375 5218; x_wconf 90' lang='lat'><strong>8</strong></span> <span class='ocrx_word' id='word_1_776' title='bbox 1396 5203 1410 5225; x_wconf 88' lang='lat'><strong>.</strong></span> <span class='ocrx_word' id='word_1_777' title='bbox 1445 5162 1759 5232; x_wconf 87' lang='lat' dir='ltr'><strong>impatiente</strong></span> <span class='ocrx_word' id='word_1_778' title='bbox 1804 5160 1910 5215; x_wconf 83' lang='lat' dir='ltr'><strong>fert</strong></span> 
     </span>
    </p>
   </div>
   <div class='ocr_carea' id='block_1_84' title="bbox 310 5252 1906 5327">
    <p class='ocr_par' dir='ltr' id='par_1_84' title="bbox 310 5252 1906 5327">
     <span class='ocr_line' id='line_1_84' title="bbox 310 5252 1906 5327; baseline -0.001 -16"><span class='ocrx_word' id='word_1_779' title='bbox 310 5254 456 5327; x_wconf 83' lang='lat' dir='ltr'><strong>quod</strong></span> <span class='ocrx_word' id='word_1_780' title='bbox 490 5254 551 5308; x_wconf 86' lang='grc' dir='ltr'>ιι.</span> <span class='ocrx_word' id='word_1_781' title='bbox 583 5255 644 5309; x_wconf 77' lang='grc' dir='ltr'><strong>Ρ.</strong></span> <span class='ocrx_word' id='word_1_782' title='bbox 672 5254 1060 5310; x_wconf 63' lang='lat' dir='ltr'><strong>Constantinus</strong></span> <span class='ocrx_word' id='word_1_783' title='bbox 1087 5252 1379 5326; x_wconf 83' lang='lat' dir='ltr'><strong>Cajetanus</strong></span> <span class='ocrx_word' id='word_1_784' title='bbox 1403 5299 1418 5321; x_wconf 89' lang='lat'><strong>,</strong></span> <span class='ocrx_word' id='word_1_785' title='bbox 1473 5254 1770 5310; x_wconf 89' lang='lat' dir='ltr'><strong>canonicos</strong></span> <span class='ocrx_word' id='word_1_786' title='bbox 1815 5271 1906 5310; x_wconf 89' lang='lat' dir='ltr'><strong>re-</strong></span> 
     </span>
    </p>
   </div>
   <div class='ocr_carea' id='block_1_85' title="bbox 312 5348 1903 5423">
    <p class='ocr_par' dir='ltr' id='par_1_85' title="bbox 312 5348 1903 5423">
     <span class='ocr_line' id='line_1_85' title="bbox 312 5348 1903 5423; baseline -0.001 -19"><span class='ocrx_word' id='word_1_787' title='bbox 312 5351 527 5423; x_wconf 85' lang='lat' dir='ltr'><strong>gulares</strong></span> <span class='ocrx_word' id='word_1_788' title='bbox 550 5348 725 5405; x_wconf 78' lang='grc' dir='ltr'><strong>Βοιιος</strong></span> <span class='ocrx_word' id='word_1_789' title='bbox 755 5348 939 5405; x_wconf 81' lang='lat' dir='ltr'><strong>Patres</strong></span> <span class='ocrx_word' id='word_1_790' title='bbox 964 5359 1271 5419; x_wconf 73' lang='lat' dir='ltr'><strong>ntnicupet;</strong></span> <span class='ocrx_word' id='word_1_791' title='bbox 1296 5360 1349 5405; x_wconf 88' lang='lat' dir='ltr'><strong>ct</strong></span> <span class='ocrx_word' id='word_1_792' title='bbox 1380 5359 1561 5404; x_wconf 85' lang='lat' dir='ltr'><strong>tamen</strong></span> <span class='ocrx_word' id='word_1_793' title='bbox 1592 5350 1681 5403; x_wconf 95' lang='lat' dir='ltr'><strong>lib.</strong></span> <span class='ocrx_word' id='word_1_794' title='bbox 1712 5366 1749 5414; x_wconf 91' lang='lat' dir='ltr'><strong>I,</strong></span> <span class='ocrx_word' id='word_1_795' title='bbox 1783 5364 1903 5419; x_wconf 87' lang='lat' dir='ltr'><strong>cap.</strong></span> 
     </span>
    </p>
   </div>
   <div class='ocr_carea' id='block_1_86' title="bbox 312 5441 1904 5514">
    <p class='ocr_par' dir='ltr' id='par_1_86' title="bbox 312 5441 1904 5514">
     <span class='ocr_line' id='line_1_86' title="bbox 312 5441 1904 5514; baseline -0.001 -14"><span class='ocrx_word' id='word_1_796' title='bbox 312 5441 403 5504; x_wconf 70' lang='grc'><strong>47.</strong></span> <span class='ocrx_word' id='word_1_797' title='bbox 434 5458 583 5498; x_wconf 90' lang='lat' dir='ltr'><strong>num.</strong></span> <span class='ocrx_word' id='word_1_798' title='bbox 609 5444 678 5506; x_wconf 72' lang='lat'><strong>2,</strong></span> <span class='ocrx_word' id='word_1_799' title='bbox 713 5442 853 5514; x_wconf 80' lang='lat' dir='ltr'><strong>Mag.</strong></span> <span class='ocrx_word' id='word_1_800' title='bbox 892 5444 1159 5500; x_wconf 81' lang='lat' dir='ltr'><strong>Joannem</strong></span> <span class='ocrx_word' id='word_1_801' title='bbox 1209 5444 1461 5511; x_wconf 74' lang='lat' dir='ltr'><strong>Marqucz</strong></span> <span class='ocrx_word' id='word_1_802' title='bbox 1510 5444 1904 5511; x_wconf 56' lang='lat' dir='ltr'><strong>patientissime</strong></span> 
     </span>
    </p>
   </div>
   <div class='ocr_carea' id='block_1_87' title="bbox 313 5535 1901 5608">
    <p class='ocr_par' dir='ltr' id='par_1_87' title="bbox 313 5535 1901 5608">
     <span class='ocr_line' id='line_1_87' title="bbox 313 5535 1901 5608; baseline 0.003 -16"><span class='ocrx_word' id='word_1_803' title='bbox 313 5535 513 5593; x_wconf 81' lang='lat' dir='ltr'><strong>Bonum</strong></span> <span class='ocrx_word' id='word_1_804' title='bbox 539 5536 788 5608; x_wconf 79' lang='lat' dir='ltr'><strong>Marquez</strong></span> <span class='ocrx_word' id='word_1_805' title='bbox 808 5548 984 5594; x_wconf 78' lang='lat' dir='ltr'><strong>Vocat.</strong></span> <span class='ocrx_word' id='word_1_806' title='bbox 1023 5538 1382 5594; x_wconf 79' lang='lat' dir='ltr'><strong>Abominatur</strong></span> <span class='ocrx_word' id='word_1_807' title='bbox 1412 5537 1611 5596; x_wconf 74' lang='lat' dir='ltr'><strong>itidem</strong></span> <span class='ocrx_word' id='word_1_808' title='bbox 1631 5540 1901 5596; x_wconf 79' lang='lat' dir='ltr'><strong>Constan-</strong></span> 
     </span>
    </p>
   </div>
   <div class='ocr_carea' id='block_1_88' title="bbox 312 5632 1901 5705">
    <p class='ocr_par' dir='ltr' id='par_1_88' title="bbox 312 5632 1901 5705">
     <span class='ocr_line' id='line_1_88' title="bbox 312 5632 1901 5705; baseline 0 -16"><span class='ocrx_word' id='word_1_809' title='bbox 312 5632 483 5689; x_wconf 90' lang='lat' dir='ltr'><strong>tiuum</strong></span> <span class='ocrx_word' id='word_1_810' title='bbox 506 5644 841 5691; x_wconf 82' lang='lat' dir='ltr'><strong>asserentem</strong></span> <span class='ocrx_word' id='word_1_811' title='bbox 868 5649 932 5690; x_wconf 79' lang='lat' dir='ltr'><strong>ex</strong></span> <span class='ocrx_word' id='word_1_812' title='bbox 968 5633 1171 5705; x_wconf 85' lang='lat' dir='ltr'><strong>putidis</strong></span> <span class='ocrx_word' id='word_1_813' title='bbox 1211 5634 1452 5690; x_wconf 87' lang='lat' dir='ltr'><strong>fontibus</strong></span> <span class='ocrx_word' id='word_1_814' title='bbox 1487 5634 1777 5690; x_wconf 85' lang='lat' dir='ltr'><strong>llerculaui</strong></span> <span class='ocrx_word' id='word_1_815' title='bbox 1809 5653 1901 5690; x_wconf 84' lang='lat' dir='ltr'><strong>ca-</strong></span> 
     </span>
    </p>
   </div>
   <div class='ocr_carea' id='block_1_89' title="bbox 308 5726 1897 5801">
    <p class='ocr_par' dir='ltr' id='par_1_89' title="bbox 308 5726 1897 5801">
     <span class='ocr_line' id='line_1_89' title="bbox 308 5726 1897 5801; baseline 0 -17"><span class='ocrx_word' id='word_1_816' title='bbox 308 5727 619 5784; x_wconf 84' lang='lat' dir='ltr'><strong>nonicatum</strong></span> <span class='ocrx_word' id='word_1_817' title='bbox 668 5726 917 5784; x_wconf 73' lang='lat' dir='ltr'><strong>hauriri:</strong></span> <span class='ocrx_word' id='word_1_818' title='bbox 950 5738 1003 5783; x_wconf 90' lang='lat' dir='ltr'><strong>et</strong></span> <span class='ocrx_word' id='word_1_819' title='bbox 1056 5736 1235 5785; x_wconf 83' lang='lat' dir='ltr'><strong>tamen</strong></span> <span class='ocrx_word' id='word_1_820' title='bbox 1287 5730 1667 5784; x_wconf 78' lang='lat' dir='ltr'><strong>monacbatum</strong></span> <span class='ocrx_word' id='word_1_821' title='bbox 1719 5732 1897 5801; x_wconf 76' lang='lat' dir='ltr'><strong>Augu-</strong></span> 
     </span>
    </p>
   </div>
   <div class='ocr_carea' id='block_1_90' title="bbox 309 5820 1897 5894">
    <p class='ocr_par' dir='ltr' id='par_1_90' title="bbox 309 5820 1897 5894">
     <span class='ocr_line' id='line_1_90' title="bbox 309 5820 1897 5894; baseline 0.003 -17"><span class='ocrx_word' id='word_1_822' title='bbox 309 5822 433 5878; x_wconf 90' lang='lat' dir='ltr'><strong>stini</strong></span> <span class='ocrx_word' id='word_1_823' title='bbox 457 5836 520 5879; x_wconf 81' lang='lat' dir='ltr'><strong>es</strong></span> <span class='ocrx_word' id='word_1_824' title='bbox 540 5820 990 5894; x_wconf 76' lang='lat' dir='ltr'><strong>fontibuSputidis</strong></span> <span class='ocrx_word' id='word_1_825' title='bbox 1020 5822 1085 5879; x_wconf 91' lang='lat' dir='ltr'><strong>ab</strong></span> <span class='ocrx_word' id='word_1_826' title='bbox 1108 5824 1349 5881; x_wconf 79' lang='lat' dir='ltr'><strong>ercmitis</strong></span> <span class='ocrx_word' id='word_1_827' title='bbox 1380 5822 1630 5880; x_wconf 83' lang='lat' dir='ltr'><strong>haustum</strong></span> <span class='ocrx_word' id='word_1_828' title='bbox 1656 5825 1897 5881; x_wconf 79' lang='lat' dir='ltr'><strong>scribere</strong></span> 
     </span>
    </p>
   </div>
   <div class='ocr_carea' id='block_1_91' title="bbox 2014 4688 3620 4764">
    <p class='ocr_par' dir='ltr' id='par_1_91' title="bbox 2014 4688 3620 4764">
     <span class='ocr_line' id='line_1_91' title="bbox 2014 4688 3620 4764; baseline 0.002 -19"><span class='ocrx_word' id='word_1_829' title='bbox 2014 4688 2289 4746; x_wconf 86' lang='lat' dir='ltr'><strong>Christum</strong></span> <span class='ocrx_word' id='word_1_830' title='bbox 2321 4688 2608 4744; x_wconf 81' lang='lat' dir='ltr'><strong>Dominum</strong></span> <span class='ocrx_word' id='word_1_831' title='bbox 2642 4690 2911 4761; x_wconf 89' lang='lat' dir='ltr'><strong>originem</strong></span> <span class='ocrx_word' id='word_1_832' title='bbox 2959 4706 3115 4746; x_wconf 85' lang='lat' dir='ltr'><strong>suam</strong></span> <span class='ocrx_word' id='word_1_833' title='bbox 3160 4690 3427 4747; x_wconf 85' lang='lat' dir='ltr'><strong>reducant</strong></span> <span class='ocrx_word' id='word_1_834' title='bbox 3457 4709 3471 4747; x_wconf 88' lang='lat'><strong>:</strong></span> <span class='ocrx_word' id='word_1_835' title='bbox 3498 4693 3620 4764; x_wconf 86' lang='lat' dir='ltr'><strong>quis</strong></span> 
     </span>
    </p>
   </div>
   <div class='ocr_carea' id='block_1_92' title="bbox 2016 4785 3617 4858">
    <p class='ocr_par' dir='ltr' id='par_1_92' title="bbox 2016 4785 3617 4858">
     <span class='ocr_line' id='line_1_92' title="bbox 2016 4785 3617 4858; baseline 0.001 -16"><span class='ocrx_word' id='word_1_836' title='bbox 2016 4785 2069 4842; x_wconf 91' lang='lat' dir='ltr'><strong>id</strong></span> <span class='ocrx_word' id='word_1_837' title='bbox 2116 4785 2356 4843; x_wconf 88' lang='lat' dir='ltr'><strong>diceret?</strong></span> <span class='ocrx_word' id='word_1_838' title='bbox 2412 4785 2565 4841; x_wconf 85' lang='lat' dir='ltr'><strong>Nunc</strong></span> <span class='ocrx_word' id='word_1_839' title='bbox 2613 4794 2797 4841; x_wconf 89' lang='lat' dir='ltr'><strong>autem</strong></span> <span class='ocrx_word' id='word_1_840' title='bbox 2839 4786 3143 4858; x_wconf 85' lang='lat' dir='ltr'><strong>regularem</strong></span> <span class='ocrx_word' id='word_1_841' title='bbox 3188 4786 3511 4843; x_wconf 88' lang='lat' dir='ltr'><strong>clericatum</strong></span> <span class='ocrx_word' id='word_1_842' title='bbox 3563 4788 3617 4844; x_wconf 90' lang='lat' dir='ltr'><strong>in</strong></span> 
     </span>
    </p>
   </div>
   <div class='ocr_carea' id='block_1_93' title="bbox 2014 4879 3620 4951">
    <p class='ocr_par' dir='ltr' id='par_1_93' title="bbox 2014 4879 3620 4951">
     <span class='ocr_line' id='line_1_93' title="bbox 2014 4879 3620 4951; baseline 0 -14"><span class='ocrx_word' id='word_1_843' title='bbox 2014 4881 2211 4937; x_wconf 89' lang='lat' dir='ltr'><strong>multas</strong></span> <span class='ocrx_word' id='word_1_844' title='bbox 2276 4879 2561 4950; x_wconf 83' lang='lat' dir='ltr'><strong>variasque</strong></span> <span class='ocrx_word' id='word_1_845' title='bbox 2634 4879 2864 4935; x_wconf 84' lang='lat' dir='ltr'><strong>familias</strong></span> <span class='ocrx_word' id='word_1_846' title='bbox 2897 4920 2914 4947; x_wconf 96' lang='lat'><strong>,</strong></span> <span class='ocrx_word' id='word_1_847' title='bbox 2986 4895 3083 4935; x_wconf 87' lang='lat' dir='ltr'><strong>seu</strong></span> <span class='ocrx_word' id='word_1_848' title='bbox 3162 4882 3620 4951; x_wconf 85' lang='lat' dir='ltr'><strong>congregationes</strong></span> 
     </span>
    </p>
   </div>
   <div class='ocr_carea' id='block_1_94' title="bbox 2016 4973 3621 5047">
    <p class='ocr_par' dir='ltr' id='par_1_94' title="bbox 2016 4973 3621 5047">
     <span class='ocr_line' id='line_1_94' title="bbox 2016 4973 3621 5047; baseline 0.001 -15"><span class='ocrx_word' id='word_1_849' title='bbox 2016 4976 2301 5043; x_wconf 63' lang='lat' dir='ltr'><strong>distribui,</strong></span> <span class='ocrx_word' id='word_1_850' title='bbox 2343 4990 2449 5030; x_wconf 90' lang='lat' dir='ltr'><strong>non</strong></span> <span class='ocrx_word' id='word_1_851' title='bbox 2482 4974 2639 5030; x_wconf 88' lang='lat' dir='ltr'><strong>aliter</strong></span> <span class='ocrx_word' id='word_1_852' title='bbox 2678 4984 2843 5045; x_wconf 89' lang='lat' dir='ltr'><strong>atque</strong></span> <span class='ocrx_word' id='word_1_853' title='bbox 2896 4973 3280 5031; x_wconf 90' lang='lat' dir='ltr'><strong>monachatum</strong></span> <span class='ocrx_word' id='word_1_854' title='bbox 3308 5016 3325 5041; x_wconf 94' lang='lat'><strong>,</strong></span> <span class='ocrx_word' id='word_1_855' title='bbox 3372 4974 3537 5047; x_wconf 87' lang='lat' dir='ltr'><strong>lippis</strong></span> <span class='ocrx_word' id='word_1_856' title='bbox 3564 4985 3621 5033; x_wconf 88' lang='lat' dir='ltr'><strong>et</strong></span> 
     </span>
    </p>
   </div>
   <div class='ocr_carea' id='block_1_95' title="bbox 2017 5068 3619 5139">
    <p class='ocr_par' dir='ltr' id='par_1_95' title="bbox 2017 5068 3619 5139">
     <span class='ocr_line' id='line_1_95' title="bbox 2017 5068 3619 5139; baseline -0.002 -12"><span class='ocrx_word' id='word_1_857' title='bbox 2017 5072 2329 5127; x_wconf 87' lang='lat' dir='ltr'><strong>tonsoribus</strong></span> <span class='ocrx_word' id='word_1_858' title='bbox 2356 5078 2521 5139; x_wconf 86' lang='lat' dir='ltr'><strong>patet.</strong></span> <span class='ocrx_word' id='word_1_859' title='bbox 2559 5068 2623 5124; x_wconf 84' lang='lat' dir='ltr'><strong>Ut</strong></span> <span class='ocrx_word' id='word_1_860' title='bbox 2655 5068 2782 5137; x_wconf 89' lang='lat' dir='ltr'><strong>quid</strong></span> <span class='ocrx_word' id='word_1_861' title='bbox 2814 5083 2943 5136; x_wconf 84' lang='lat' dir='ltr'><strong>ergo</strong></span> <span class='ocrx_word' id='word_1_862' title='bbox 2984 5084 3107 5122; x_wconf 91' lang='lat' dir='ltr'><strong>cum</strong></span> <span class='ocrx_word' id='word_1_863' title='bbox 3153 5070 3334 5139; x_wconf 87' lang='lat' dir='ltr'><strong>agitur</strong></span> <span class='ocrx_word' id='word_1_864' title='bbox 3358 5068 3427 5123; x_wconf 91' lang='lat' dir='ltr'><strong>de</strong></span> <span class='ocrx_word' id='word_1_865' title='bbox 3454 5083 3619 5124; x_wconf 87' lang='lat' dir='ltr'><strong>cano-</strong></span> 
     </span>
    </p>
   </div>
   <div class='ocr_carea' id='block_1_96' title="bbox 2014 5162 3619 5235">
    <p class='ocr_par' dir='ltr' id='par_1_96' title="bbox 2014 5162 3619 5235">
     <span class='ocr_line' id='line_1_96' title="bbox 2014 5162 3619 5235; baseline -0.001 -14"><span class='ocrx_word' id='word_1_866' title='bbox 2014 5165 2149 5221; x_wconf 66' lang='lat' dir='ltr'><strong>nicis</strong></span> <span class='ocrx_word' id='word_1_867' title='bbox 2174 5164 2537 5229; x_wconf 83' lang='lat' dir='ltr'><strong>Frisonariis,</strong></span> <span class='ocrx_word' id='word_1_868' title='bbox 2571 5172 2661 5217; x_wconf 87' lang='lat' dir='ltr'><strong>aut</strong></span> <span class='ocrx_word' id='word_1_869' title='bbox 2692 5162 3157 5217; x_wconf 79' lang='lat' dir='ltr'><strong>L-iterancnsibus</strong></span> <span class='ocrx_word' id='word_1_870' title='bbox 3182 5204 3199 5229; x_wconf 92' lang='lat'><strong>,</strong></span> <span class='ocrx_word' id='word_1_871' title='bbox 3230 5171 3374 5218; x_wconf 90' lang='lat' dir='ltr'><strong>totus</strong></span> <span class='ocrx_word' id='word_1_872' title='bbox 3400 5163 3619 5235; x_wconf 81' lang='lat' dir='ltr'><strong>religio-</strong></span> 
     </span>
    </p>
   </div>
   <div class='ocr_carea' id='block_1_97' title="bbox 2012 5256 3620 5327">
    <p class='ocr_par' dir='ltr' id='par_1_97' title="bbox 2012 5256 3620 5327">
     <span class='ocr_line' id='line_1_97' title="bbox 2012 5256 3620 5327; baseline -0.004 -8"><span class='ocrx_word' id='word_1_873' title='bbox 2012 5277 2107 5319; x_wconf 86' lang='lat' dir='ltr'><strong>sus</strong></span> <span class='ocrx_word' id='word_1_874' title='bbox 2139 5260 2427 5315; x_wconf 90' lang='lat' dir='ltr'><strong>clericatus</strong></span> <span class='ocrx_word' id='word_1_875' title='bbox 2462 5258 2516 5312; x_wconf 91' lang='lat' dir='ltr'><strong>in</strong></span> <span class='ocrx_word' id='word_1_876' title='bbox 2550 5273 2713 5311; x_wconf 89' lang='lat' dir='ltr'><strong>unum</strong></span> <span class='ocrx_word' id='word_1_877' title='bbox 2747 5272 2946 5325; x_wconf 86' lang='lat' dir='ltr'><strong>corpus</strong></span> <span class='ocrx_word' id='word_1_878' title='bbox 2969 5258 3288 5313; x_wconf 88' lang='lat' dir='ltr'><strong>coalescens</strong></span> <span class='ocrx_word' id='word_1_879' title='bbox 3306 5256 3620 5327; x_wconf 80' lang='lat' dir='ltr'><strong>accipitur?</strong></span> 
     </span>
    </p>
   </div>
   <div class='ocr_carea' id='block_1_98' title="bbox 2011 5351 3615 5428">
    <p class='ocr_par' dir='ltr' id='par_1_98' title="bbox 2011 5351 3615 5428">
     <span class='ocr_line' id='line_1_98' title="bbox 2011 5351 3615 5428; baseline -0.004 -14"><span class='ocrx_word' id='word_1_880' title='bbox 2011 5371 2213 5428; x_wconf 86' lang='lat' dir='ltr'><strong>ergone</strong></span> <span class='ocrx_word' id='word_1_881' title='bbox 2244 5363 2350 5410; x_wconf 87' lang='lat' dir='ltr'><strong>tam</strong></span> <span class='ocrx_word' id='word_1_882' title='bbox 2383 5351 2560 5424; x_wconf 87' lang='lat' dir='ltr'><strong>indiga</strong></span> <span class='ocrx_word' id='word_1_883' title='bbox 2586 5360 2901 5408; x_wconf 89' lang='lat' dir='ltr'><strong>sanctorum</strong></span> <span class='ocrx_word' id='word_1_884' title='bbox 2947 5362 3001 5405; x_wconf 91' lang='lat' dir='ltr'><strong>et</strong></span> <span class='ocrx_word' id='word_1_885' title='bbox 3040 5351 3339 5408; x_wconf 86' lang='lat' dir='ltr'><strong>illustrium</strong></span> <span class='ocrx_word' id='word_1_886' title='bbox 3368 5353 3615 5407; x_wconf 82' lang='lat' dir='ltr'><strong>virorum</strong></span> 
     </span>
    </p>
   </div>
   <div class='ocr_carea' id='block_1_99' title="bbox 2012 5444 3615 5518">
    <p class='ocr_par' dir='ltr' id='par_1_99' title="bbox 2012 5444 3615 5518">
     <span class='ocr_line' id='line_1_99' title="bbox 2012 5444 3615 5518; baseline -0.002 -14"><span class='ocrx_word' id='word_1_887' title='bbox 2012 5457 2098 5505; x_wconf 90' lang='lat' dir='ltr'><strong>est</strong></span> <span class='ocrx_word' id='word_1_888' title='bbox 2125 5448 2330 5518; x_wconf 66' lang='lat' dir='ltr'><strong>quaevis</strong></span> <span class='ocrx_word' id='word_1_889' title='bbox 2361 5460 2608 5503; x_wconf 85' lang='lat' dir='ltr'><strong>seorsum</strong></span> <span class='ocrx_word' id='word_1_890' title='bbox 2640 5455 2862 5513; x_wconf 87' lang='lat' dir='ltr'><strong>accepta</strong></span> <span class='ocrx_word' id='word_1_891' title='bbox 2896 5444 3250 5513; x_wconf 79' lang='lat' dir='ltr'><strong>congregatio</strong></span> <span class='ocrx_word' id='word_1_892' title='bbox 3278 5487 3291 5509; x_wconf 90' lang='lat'><strong>,</strong></span> <span class='ocrx_word' id='word_1_893' title='bbox 3333 5452 3475 5502; x_wconf 87' lang='lat' dir='ltr'><strong>utse</strong></span> <span class='ocrx_word' id='word_1_894' title='bbox 3500 5445 3615 5501; x_wconf 72' lang='lat' dir='ltr'><strong>sola</strong></span> 
     </span>
    </p>
   </div>
   <div class='ocr_carea' id='block_1_100' title="bbox 2012 5536 3607 5608">
    <p class='ocr_par' dir='ltr' id='par_1_100' title="bbox 2012 5536 3607 5608">
     <span class='ocr_line' id='line_1_100' title="bbox 2012 5536 3607 5608; baseline -0.003 -11"><span class='ocrx_word' id='word_1_895' title='bbox 2012 5543 2062 5597; x_wconf 86' lang='lat' dir='ltr'><strong>iu</strong></span> <span class='ocrx_word' id='word_1_896' title='bbox 2122 5543 2293 5595; x_wconf 88' lang='lat' dir='ltr'><strong>lucem</strong></span> <span class='ocrx_word' id='word_1_897' title='bbox 2348 5537 2735 5594; x_wconf 80' lang='lat' dir='ltr'><strong>honestissime</strong></span> <span class='ocrx_word' id='word_1_898' title='bbox 2786 5553 2892 5592; x_wconf 90' lang='lat' dir='ltr'><strong>non</strong></span> <span class='ocrx_word' id='word_1_899' title='bbox 2941 5538 3116 5608; x_wconf 89' lang='lat' dir='ltr'><strong>possit</strong></span> <span class='ocrx_word' id='word_1_900' title='bbox 3157 5538 3350 5592; x_wconf 75' lang='lat' dir='ltr'><strong>exire?</strong></span> <span class='ocrx_word' id='word_1_901' title='bbox 3403 5536 3607 5603; x_wconf 70' lang='lat' dir='ltr'><strong>Absit;</strong></span> 
     </span>
    </p>
   </div>
   <div class='ocr_carea' id='block_1_101' title="bbox 2007 5630 3611 5696">
    <p class='ocr_par' dir='ltr' id='par_1_101' title="bbox 2007 5630 3611 5696">
     <span class='ocr_line' id='line_1_101' title="bbox 2007 5630 3611 5696; baseline -0.004 -5"><span class='ocrx_word' id='word_1_902' title='bbox 2007 5650 2198 5691; x_wconf 84' lang='lat' dir='ltr'><strong>omnes</strong></span> <span class='ocrx_word' id='word_1_903' title='bbox 2230 5634 2378 5689; x_wconf 89' lang='lat' dir='ltr'><strong>enim</strong></span> <span class='ocrx_word' id='word_1_904' title='bbox 2406 5632 2791 5687; x_wconf 76' lang='lat' dir='ltr'><strong>illustrissimm</strong></span> <span class='ocrx_word' id='word_1_905' title='bbox 2812 5640 2960 5696; x_wconf 89' lang='lat' dir='ltr'><strong>sunt,</strong></span> <span class='ocrx_word' id='word_1_906' title='bbox 2994 5646 3094 5685; x_wconf 87' lang='lat' dir='ltr'><strong>uec</strong></span> <span class='ocrx_word' id='word_1_907' title='bbox 3120 5630 3345 5685; x_wconf 84' lang='lat' dir='ltr'><strong>aliarum</strong></span> <span class='ocrx_word' id='word_1_908' title='bbox 3376 5630 3611 5684; x_wconf 89' lang='lat' dir='ltr'><strong>admini-</strong></span> 
     </span>
    </p>
   </div>
   <div class='ocr_carea' id='block_1_102' title="bbox 2006 5723 3609 5797">
    <p class='ocr_par' dir='ltr' id='par_1_102' title="bbox 2006 5723 3609 5797">
     <span class='ocr_line' id='line_1_102' title="bbox 2006 5723 3609 5797; baseline -0.002 -14"><span class='ocrx_word' id='word_1_909' title='bbox 2006 5731 2128 5784; x_wconf 78' lang='lat' dir='ltr'><strong>culo</strong></span> <span class='ocrx_word' id='word_1_910' title='bbox 2152 5728 2412 5797; x_wconf 76' lang='lat' dir='ltr'><strong>indigent.</strong></span> <span class='ocrx_word' id='word_1_911' title='bbox 2442 5727 2627 5781; x_wconf 77' lang='lat' dir='ltr'><strong>Restat</strong></span> <span class='ocrx_word' id='word_1_912' title='bbox 2656 5742 2783 5794; x_wconf 80' lang='lat' dir='ltr'><strong>ergo</strong></span> <span class='ocrx_word' id='word_1_913' title='bbox 2819 5727 2957 5781; x_wconf 86' lang='lat' dir='ltr'><strong>utde</strong></span> <span class='ocrx_word' id='word_1_914' title='bbox 2986 5740 3305 5795; x_wconf 82' lang='lat' dir='ltr'><strong>unaquaque</strong></span> <span class='ocrx_word' id='word_1_915' title='bbox 3338 5723 3388 5777; x_wconf 94' lang='lat' dir='ltr'><strong>in</strong></span> <span class='ocrx_word' id='word_1_916' title='bbox 3422 5725 3609 5795; x_wconf 85' lang='lat' dir='ltr'><strong>singu-</strong></span> 
     </span>
    </p>
   </div>
   <div class='ocr_carea' id='block_1_103' title="bbox 2011 5816 3605 5896">
    <p class='ocr_par' dir='ltr' id='par_1_103' title="bbox 2011 5816 3605 5896">
     <span class='ocr_line' id='line_1_103' title="bbox 2011 5816 3605 5896; baseline -0.003 -16"><span class='ocrx_word' id='word_1_917' title='bbox 2011 5826 2107 5880; x_wconf 80' lang='lat' dir='ltr'><strong>lari</strong></span> <span class='ocrx_word' id='word_1_918' title='bbox 2139 5827 2422 5896; x_wconf 85' lang='lat' dir='ltr'><strong>loquamur</strong></span> <span class='ocrx_word' id='word_1_919' title='bbox 2441 5867 2454 5892; x_wconf 88' lang='lat'><strong>,</strong></span> <span class='ocrx_word' id='word_1_920' title='bbox 2480 5836 2602 5879; x_wconf 90' lang='lat' dir='ltr'><strong>cum</strong></span> <span class='ocrx_word' id='word_1_921' title='bbox 2627 5822 2856 5893; x_wconf 78' lang='lat' dir='ltr'><strong>originis</strong></span> <span class='ocrx_word' id='word_1_922' title='bbox 2878 5820 3251 5892; x_wconf 80' lang='lat' dir='ltr'><strong>antiquitatem</strong></span> <span class='ocrx_word' id='word_1_923' title='bbox 3276 5816 3605 5887; x_wconf 70' lang='lat' dir='ltr'><strong>investigare</strong></span> 
     </span>
    </p>
   </div>
  </div>
