4052 6442
492 182 602 242 607

1395 192 1692 255 πωπω
1732 195 1984 259 LUCIUS
2022 198 2308 261 DEXTER
2344 203 2880 270 CIIRONOI.OGIJS.

492 292 848 352 intendimus.
880 296 1050 369 Igitur
1085 314 1115 355 a
1157 303 1363 361 sanctis
1397 305 1493 361 Dei
1524 311 1789 378 apostolis
1810 313 2080 382 religiosis
2109 319 2156 378 Α
2187 333 2306 372 rum
2334 320 2439 374 sub
2479 323 2701 380 nomine
2729 323 3015 398 Augustini
3045 330 3266 398 citetur,
3294 332 3570 406 reliquum
3595 342 3704 404 est,
3730 346 3791 393 ut

490 390 794 458 disciplinis
815 391 1042 446 clericos
1063 394 1311 452 eruditos
1332 397 1571 455 libenter
1593 401 1855 468 fatemur;
1880 421 2087 479 eosque

491 482 776 539 multoties
805 500 834 537 a
865 487 1113 542 conciliis
1151 500 1210 544 et
1241 493 1481 561 patribus
1520 495 1848 554 reformatus
1876 522 1890 558 :
1921 509 2088 558 cxte-

490 593 612 636 tum
644 580 777 636 nihil
801 582 979 638 minus
999 584 1067 639 de
1089 589 1374 645 monachis
1400 593 1652 650 confiteri
1681 605 1920 666 oportet,
1951 615 2088 672 quo-

491 693 613 733 rum
646 677 698 732 in
735 678 979 734 conciliis
1005 680 1258 752 frequens
1275 701 1490 757 ψιοειιιο
1514 691 1719 744 mentio
1747 702 1864 758 est;
1893 694 2085 749 variis-

492 785 598 842 que
643 773 980 840 temporibus
1013 784 1066 829 ct
1111 778 1408 843 provinciis
1451 780 1732 838 reformati
1779 793 1926 840 sunt.
1975 785 2084 842 Nec

493 864 640 920 inter
661 873 925 938 utrosque
956 868 1138 939 aliqua
1179 873 1512 929 verosimilis
1543 873 1883 932 diversitatis
1921 892 2086 934 causa

493 959 763 1030 assignari
795 968 1004 1030 potest,
1038 961 1085 1017 si
1115 964 1260 1019 enim
1298 964 1442 1020 dicat
1473 969 1592 1039 quis
1634 969 1864 1025 clericos
1894 987 2088 1029 omnes

494 1051 548 1106 in
592 1050 842 1107 eumdem
888 1051 1050 1108 liuent
1079 1071 1142 1110 ex
1170 1056 1282 1126 ipsa
1311 1056 1612 1113 Clericatos
1645 1063 1862 1119 ratione
1889 1062 2083 1134 dirigi,

493 1142 549 1198 in
575 1157 802 1214 eamque
820 1145 1151 1201 omnimodis
1171 1149 1495 1216 convenire,
1535 1151 1586 1206 id
1618 1162 1729 1218 est,
1768 1154 1820 1208 in
1852 1154 2088 1211 destina-

496 1235 643 1292 tione
670 1236 736 1291 ad
765 1239 1050 1294 servitiqu
1072 1238 1293 1307 altatis,
1339 1253 1807 1301 sacramentorum
1852 1245 2086 1302 admini-

500 1326 857 1396 Strationrni,
915 1340 967 1384 et
1019 1331 1171 1385 verbi
1217 1331 1310 1388 Dei
1361 1336 1836 1405 prmdicationem;
1869 1338 2087 1396 differre

495 1435 627 1476 vero
649 1420 801 1492 quasi
825 1422 1236 1481 accidentaliter
1260 1426 1343 1495 (ut
1368 1427 1449 1480 sie
1477 1425 1681 1499 dicam)
1713 1445 1878 1497 penes
1905 1430 2086 1487 diver-

494 1525 584 1566 sas
603 1517 1083 1584 congregationum
1114 1517 1532 1573 constitutiones
1550 1561 1566 1586 ,
1595 1519 1740 1588 quod
1765 1532 1944 1577 tamen
1978 1537 2086 1579 non

494 1605 697 1661 sufﬁcit
723 1606 788 1660 ad
815 1605 1034 1663 ordines
1067 1609 1392 1666 clericorum
1422 1612 1894 1671 diversilicandos.
1937 1615 2090 1672 Sciat

2188 409 2454 466 fateamur
2500 415 2562 471 Ι).
2594 416 2956 486 Augustinum
2989 422 3155 479 talem
3201 425 3447 497 regulam
3478 426 3792 485 nullatenus

2189 507 2584 574 composuisse,
2617 508 2714 564 sed
2750 513 3098 580 postmodum
3138 516 3282 572 circa
3328 531 3532 573 annum
3573 519 3788 576 Domini

2191 597 2352 664 “00.
2382 613 2449 656 ex
2481 603 2713 671 epistola
2747 604 2870 673 I09,
2905 605 3074 664 fuisse
3101 618 3434 682 extractam,
3470 627 3633 683 quam
3673 612 3790 684 ipse

2189 693 2256 748 ad
2284 695 2551 750 moniales
2574 698 2840 769 quasdam
2864 697 3114 768 dictavit,
3148 703 3443 762 occasione
3475 704 3786 773 discordiae,

2188 801 2352 856 quam
2379 806 2502 846 cum
2530 793 2830 864 praeposita
2861 793 3158 861 habebant,
3191 781 3251 852 ut
3277 813 3342 852 ex
3373 797 3496 868 eius
3523 811 3788 857 contextu

2192 880 2537 938 manifestum
2557 893 2679 940 est:
2708 895 2801 940 aut
2829 885 3114 943 Possidius
3139 889 3453 959 arguendus
3479 901 3630 948 esset
3655 893 3793 948 osci-

2191 971 2381 1028 lautim
2409 983 2462 1028 et
2492 975 2787 1032 oblivionis
2817 978 3010 1046 (immo
3041 989 3094 1034 et
3126 977 3241 1051 ipse
3269 981 3632 1055 Augustinus)
3662 984 3789 1043 dum

2193 1068 2301 1118 tam
2325 1065 2556 1121 illustris
2583 1070 2767 1138 operis
2789 1087 2896 1126 non
2927 1073 3259 1139 meminerit,
3287 1076 3431 1146 quod
3459 1087 3643 1134 tamen
3671 1078 3790 1148 ipse

2193 1151 2492 1212 Pennottus
2533 1159 2630 1214 lib.
2658 1175 2698 1224 I,
2727 1175 2850 1231 cap.
2884 1163 2978 1228 42,
3012 1179 3163 1220 unm.
3197 1165 3254 1229 8.
3284 1166 3651 1223 abiiminatur.
3681 1169 3790 1226 Sed

2195 1263 2305 1304 non
2333 1259 2419 1304 est
2448 1267 2550 1305 cur
2595 1253 2651 1307 in
2683 1267 2743 1309 re
2789 1255 3160 1324 patentissima
3213 1258 3592 1330 immoremur,
3624 1277 3786 1333 quam

2196 1357 2304 1397 non
2349 1342 2524 1396 solum
2571 1344 2862 1401 cardinalis
2914 1347 3280 1406 Bellarminus
3332 1351 3434 1406 lib.
3460 1352 3531 1408 de
3585 1353 3786 1426 Script.

2197 1431 2405 1488 Eccles.
2461 1435 2597 1492 vidit
2639 1446 2694 1492 et
2718 1437 3003 1505 judicavit,
3045 1456 3236 1497 verum
3277 1451 3332 1498 et
3364 1442 3467 1515 ipsi
3511 1445 3789 1514 regulares

2190 1526 2464 1594 canonici,
2510 1543 2541 1581 e
2585 1527 2786 1600 quibus
2817 1528 3006 1586 Simon
3039 1531 3314 1589 Wcrlinus
3363 1537 3688 1606 pra-positus
3724 1537 3782 1594 S.

2191 1614 2374 1674 “urite
2401 1619 2452 1673 iu
2479 1618 2723 1688 Diestcn,
2768 1620 2894 1677 data
2926 1637 3094 1695 opera
3144 1625 3196 1680 id
3227 1624 3474 1682 defendit
3517 1629 3574 1684 in
3601 1643 3789 1685 emen-

491 1696 582 1769 qui
623 1697 739 1753 hzee
781 1698 1013 1768 dixerit,
1063 1713 1442 1771 argumentum
1490 1704 1746 1762 similiter
1792 1723 1984 1780 urgere
2031 1709 2085 1763 in
2117 1711 2168 1774 Β
2192 1709 2415 1767 datione
2444 1713 2985 1783 regulamouasticte
3014 1716 3073 1774 S.
3110 1718 3398 1788 Augustini
3421 1719 3647 1790 (excusa
3677 1722 3788 1779 Ilo-

492 1789 804 1856 monaebis;
828 1790 917 1860 qui
943 1793 1163 1862 quidem
1190 1793 1538 1851 uniformiter
1560 1797 1614 1852 in
1646 1799 1799 1854 vobis
1819 1800 2087 1855 essentia-

496 1881 641 1936 libns
675 1885 1039 1951 conveniunt,
1082 1885 1368 1959 solumque
1401 1887 1669 1945 differunt
1706 1906 1807 1962 per
1835 1891 2088 1948 diversas

493 1976 938 2046 constitutiones,
966 1993 1088 2050 qua:
1119 1995 1306 2050 parum
1336 1981 1478 2054 inter
1497 1997 1556 2037 se
1578 1982 1781 2039 distant
1809 2002 1822 2039 :
1846 1999 1948 2041 nec
1970 1985 2088 2055 plus

493 2069 760 2126 dissident
790 2073 1213 2128 constitutiones
1261 2074 1420 2130 uttius
1459 2077 1747 2135 monastici
1779 2080 1989 2135 ordinis
2017 2079 2087 2134 ab

493 2164 849 2234 aliis,‘quam
876 2169 1301 2225 constitutiones
1337 2171 1674 2228 diversarum
1705 2174 2088 2244 congregatio-

494 2274 620 2314 nnm
642 2261 1032 2318 canonicorum
1050 2263 1378 2333 regularium
1414 2265 1558 2322 inter
1576 2282 1722 2324 sese.
1749 2267 1919 2324 lrnmo
1953 2283 2085 2327 vero

492 2354 913 2411 mendicantium
955 2357 1180 2413 ordines
1214 2358 1372 2415 valde
1407 2359 1472 2414 ad
1502 2363 1886 2418 canonieorum
1925 2364 2082 2419 insti—

489 2455 667 2502 tutum
707 2449 996 2515 accedunt,
1029 2450 1466 2522 quandoquidem
1491 2451 1720 2509 instituti
1747 2465 1876 2510 sunt
1896 2455 1949 2512 in
1965 2457 2088 2512 sub-

487 2539 685 2595 sidium
707 2541 1121 2613 episcoporum,
1167 2543 1232 2598 ad
1262 2544 1664 2614 prmdieandum
1693 2547 1915 2605 verbum
1946 2549 2041 2606 Dei
2066 2593 2083 2616 ,

489 2641 545 2688 et
567 2631 991 2689 administranda
1021 2635 1268 2692 ﬁdelibus
1288 2634 1648 2695 confessionis
1670 2650 1725 2696 ct
1739 2641 2085 2698 eucharistim

491 2738 859 2782 sacramenta.

561 2817 718 2885 Quod
747 2821 794 2874 si
820 2821 946 2886 quis
970 2821 1136 2879 instet
1160 2823 1225 2878 D.
1255 2823 1614 2896 Augustinum
1641 2840 1750 2885 non
1781 2828 2083 2887 intendisse

490 2925 691 2967 novum
717 2915 1102 2971 canonieorum
1123 2917 1372 2976 ordinem
1390 2919 1652 2978 inducere
1677 2921 1730 2977 in
1749 2921 2078 2990 Ecclesium,

490 3003 588 3058 sed
631 3005 919 3076 antiquum
959 3005 1290 3075 refortnare;
1321 3025 1428 3082 quo
1457 3012 1552 3067 liat
1581 3023 1643 3068 ut
1684 3029 1824 3070 unus
1852 3024 1908 3070 et
1937 3015 2080 3070 idem

2192 1804 2372 1860 nacbii
2403 1805 2564 1872 I6l8,
2589 1807 2732 1877 apud
2760 1806 3044 1866 Nicolaum
3081 1811 3405 1886 Ilenrlcutn)
3428 1823 3486 1870 et
3513 1816 3788 1872 consentit

2191 1894 2502 1954 Bernardus
2550 1897 2864 1972 Viudirigus
2916 1903 2970 1957 in
3018 1901 3224 1961 Critico
3269 1905 3542 1979 castigato
3579 1923 3786 1966 excuso

2191 1986 2534 2046 Vellameria:
2562 1989 2700 2048 1621
2731 2009 2826 2064 per
2853 1993 3149 2067 Georgium
3181 1995 3568 2056 Mcdellanum.

2261 2079 2370 2137 Nec
2399 2080 2597 2140 desunt
2639 2085 2695 2141 in
2725 2085 3030 2157 Tripartita
3058 2086 3311 2144 Pennotti
3343 2105 3504 2148 nova:
3529 2107 3692 2149 voces
3719 2107 3783 2149 ac

2185 2174 2376 2242 verba,
2420 2189 2540 2245 qua:
2587 2174 2761 2247 ipsam
2791 2188 3098 2247 suSpectam
3129 2181 3266 2237 satis
3295 2182 3530 2239 reddunt
3573 2185 3645 2239 ab
3671 2183 3783 2239 alio

2190 2264 2367 2320 forsan
2397 2267 2562 2322 fuisse
2586 2267 2849 2324 vitiatam.
2893 2268 2995 2338 Qui
3015 2273 3158 2326 cnim
3182 2282 3311 2327 sunt
3334 2275 3585 2329 monachi
3610 2275 3781 2330 Bene-

2187 2361 2551 2418 dictinenses?
2578 2374 2672 2420 aut
2709 2367 2830 2437 quis
2860 2368 3095 2436 scriptor
3121 2367 3470 2425 Tuditanus?
3500 2369 3564 2425 Et
3595 2385 3783 2427 mona-

2185 2454 2273 2510 chi
2305 2456 2524 2527 quidem
2575 2472 2607 2514 a
2654 2457 2713 2516 S.
2749 2458 3064 2525 Benedicto,
3097 2459 3436 2517 Benedictini
3485 2472 3777 2529 vocantur;

2185 2546 2672 2607 Beuedictinenses
2716 2565 2850 2607 vero
2880 2567 2909 2605 a
2940 2555 3002 2612 S.
3051 2551 3409 2609 Bcnedictino
3447 2552 3646 2611 deduci
3684 2569 3781 2611 ne-

2183 2657 2339 2700 cesse
2384 2653 2490 2711 est,
2523 2660 2632 2700 non
2662 2660 2692 2700 a
2734 2645 2794 2700 S.
2828 2643 3159 2702 Benediito:
3194 2658 3250 2700 et
3291 2655 3473 2702 tamen
3513 2657 3630 2704 toto
3663 2646 3780 2703 fere

2182 2750 2352 2806 opere
2379 2737 2580 2808 refugit
2617 2751 2716 2794 eos
2745 2751 2944 2794 vocare
2970 2737 3377 2794 Benedictiuos.
3405 2735 3639 2812 Insuper
3663 2740 3776 2796 Lu-

2183 2845 2302 2887 cam
2325 2829 2661 2899 Tudensem,
2701 2839 2762 2887 et
2787 2829 2992 2887 Urbem
3035 2830 3342 2886 Tudensem
3375 2846 3568 2888 omnes
3592 2832 3782 2889 hactea

2183 2939 2290 2980 nus
2326 2923 2554 2982 dixere:
2613 2923 2702 2980 hic
2753 2939 2889 2982 vero
2940 2923 3245 2981 Tuditanus
3285 2934 3484 2994 prmter
3531 2926 3774 2983 omnium

2181 3017 2633 3074 consuetudinem
2662 3029 2911 3098 vocatur.
2938 3017 3008 3074 Ut
3037 3017 3288 3072 omittam
3331 3032 3654 3089 procursum
3683 3036 3776 3075 or-

488 3095 623 3150 orilo
660 3097 732 3153 sit
774 3097 844 3152 ab
880 3113 950 3155 eo
983 3100 1267 3170 prmeeptis
1305 3103 1554 3159 eruditos
1579 3146 1594 3170 ,
1647 3113 1702 3160 et
1727 3105 2002 3177 antiquior
2046 3123 2076 3162 a
2105 3095 2154 3160 C
2183 3112 2330 3168 diuis
2357 3112 2465 3178 sui,
2499 3126 2597 3183 pro
2640 3095 2849 3167 ordinis
2877 3123 3191 3182 progressu,
3224 3118 3280 3166 et
3311 3111 3568 3167 lectorem
3609 3111 3776 3178 bene-

489 3187 693 3244 sanctis
741 3190 1029 3260 prftnitiva:
1073 3191 1332 3249 Ecclesia:
1380 3193 1630 3253 Patribus
1677 3199 1990 3254 institutus:
2036 3201 2081 3256 is

495 3279 712 3351 inquam
769 3299 956 3352 patum
1001 3287 1288 3356 proliciet:
1334 3288 1382 3342 si
1434 3291 1580 3344 enim
1639 3289 1696 3346 Β.
1755 3291 2082 3349 Benedictus

494 3388 785 3444 numquam
814 3391 1010 3430 novum
1040 3378 1432 3434 monachorum
1453 3381 1724 3449 ordinem,
1750 3398 1846 3440 seu
1879 3399 2078 3441 novum

491 3479 662 3535 genus
706 3465 832 3521 vita:
857 3468 1106 3524 stabilire
1141 3473 1372 3540 curavit,
1403 3473 1500 3529 sed
1526 3476 1911 3533 emnobiticum
1941 3479 2082 3534 anti-

490 3571 656 3626 quum
701 3557 951 3616 tradite:
1001 3561 1144 3631 quod
1171 3578 1240 3618 ex
1272 3564 1451 3634 primo
1476 3567 1676 3637 regulie
1717 3583 1840 3640 cap.
1889 3571 2080 3642 liquet,

493 3651 582 3708 ubi
611 3653 946 3723 quadruplex
989 3670 1164 3726 genus
1207 3659 1600 3718 monachorum
1631 3664 1992 3732 prmmitteus,
2029 3665 2078 3720 id

489 3757 594 3811 cst.
636 3747 1122 3818 Anachoretamm,
1161 3751 1596 3819 Ctenobitaruni,
1648 3756 2076 3828 Sarabaita’rnm,

489 3852 545 3895 et
573 3841 1022 3914 Cyrovagorum:
1056 3848 1273 3902 cu-teris
1301 3849 1542 3916 omissis,
1591 3850 1661 3905 ad
1703 3851 2082 3909 Canobum-uin

491 3937 826 4004 fortissimum
873 3952 1035 4010 genus
1083 3938 1483 4011 disponendum,
1532 3944 1811 4014 adjuvant:
1861 3941 2080 4017 (inquit)

495 4026 716 4082 Domino
753 4029 1042 4084 veniamus.

567 4117 842 4173 Addamus
874 4119 1024 4175 aliud
1072 4120 1199 4177 huic
1227 4123 1559 4193 proximum,
1591 4139 1693 4181 nec
1727 4126 1909 4184 minus
1933 4126 2077 4185 diffl-

489 4209 597 4262 ('ilt‘.
626 4211 858 4274 credito.
893 4212 1146 4268 nimirunt
1170 4214 1234 4270 D.
1265 4215 1623 4288 Augustinum
1647 4219 1886 4291 regulam
1915 4214 2077 4279 eimo-

490 4303 629 4357 nieis
677 4304 789 4357 suis
838 4305 1155 4376 scripsisse:
1200 4310 1344 4380 quod
1391 4320 1569 4367 tamen
1613 4322 1935 4384 argumento
1984 4316 2081 4373 illo

491 4398 762 4464 negativo,
786 4397 927 4467 quod
952 4399 1086 4456 alias
1111 4384 1406 4458 Pennottus
1428 4404 1650 4462 evidens
1680 4417 1924 4478 reputat;
1949 4423 2078 4466 con-

491 4488 726 4542 vincitur
753 4489 1036 4550 falsitatis.
1073 4493 1166 4547 lib.
1195 4495 1342 4550 enim
1375 4509 1414 4563 ι,
1451 4512 1575 4568 cap.
1606 4499 1702 4562 45.
1735 4501 1816 4556 sic
1863 4503 2032 4573 inquit
2059 4521 2072 4560 :
2105 4489 2161 4553 Ῑ)

491 4577 554 4632 In
583 4581 843 4636 Ii-storiris
870 4598 1231 4657 argumentum
1259 4605 1325 4643 ex
1345 4592 1593 4659 negativis
1620 4593 1820 4666 probat.
1845 4605 1892 4650 et
1915 4613 2083 4669 quan-

488 4679 659 4742 doque
683 4678 1017 4744 danonstrot,
1065 4689 1121 4733 ut
1146 4682 1357 4752 quand.»
1386 4681 1646 4740 Historiri
1684 4703 1857 4744 omnes
1905 4691 2079 4747 silent.

492 4765 556 4819 Iit
599 4766 770 4819 infra:
803 4767 926 4823 Non
965 4769 1133 4824 solum
1163 4789 1232 4828 ea:
1272 4774 1480 4828 silentio
1504 4794 1775 4834 sacrorum
1799 4797 2080 4848 canonum,

486 4861 579 4911 ει·ιί
600 4861 829 4915 «nutriunt
859 4863 1217 4930 raucilimum,
1250 4868 1592 4938 pontificum,
1630 4872 2085 4943 historiarum”:

489 4951 585 5006 ltor
613 4966 718 5005 tum
746 4957 992 5010 concordi
1030 4955 1235 5012 silrntio
1264 4976 1368 5013 non
1405 4962 1577 5017 solum
1606 4968 1962 5036 probabiliter,
1991 4989 2075 5026 ve-

488 5064 598 5101 rum
631 5052 782 5106 etiam
811 5053 1214 5113 demonstrativa
1239 5059 1448 5129 scquclu
1474 5061 1766 5117 ili-ducitur.
1797 5063 1887 5120 Sic
1919 5066 2080 5137 igitur

489 5159 610 5195 cum
641 5143 755 5212 ipse
787 5144 850 5200 D.
885 5149 1217 5216 Augustinus
1248 5153 1442 5208 librum
1469 5155 1935 5213 Retractationum
1960 5175 2082 5216 sua-

491 5251 611 5288 ruiu
640 5236 850 5301 lcccrit,
879 5247 936 5292 ct
963 5241 1015 5294 itt
1039 5257 1105 5294 co
1128 5245 1372 5300 omnium
1403 5247 1663 5304 iiill'ttl'lllll
1689 5267 1717 5304 a
1741 5266 1800 5306 se
1825 5252 2083 5311 hactenus

488 5329 918 5394 civinposltornm
961 5333 1306 5403 meminerit;
1353 5352 1583 5409 cumque
1633 5342 1910 5401 Possidius
1963 5346 2083 5414 ejus

492 5420 790 5490 discipulus
823 5423 1054 5482 indicent
1084 5430 1399 5487 corumdcm
1432 5437 1865 5505 copiosissimum
1899 5443 2086 5497 edide-

490 5517 583 5572 rit.
617 5526 807 5568 ncutcr
836 5527 1021 5573 autem
1064 5519 1131 5575 de
1166 5525 1348 5592 regula
1390 5527 1738 5596 clericorum,
1773 5547 1871 5589 seu
1899 5549 2087 5592 mona-

492 5608 720 5662 liltiltllll
754 5610 1088 5669 mentionem
1132 5618 1343 5680 l‘ercrit.
1378 5623 1679 5688 quinizuino
1713 5644 1885 5699 neque
1915 5648 2086 5701 usque

498 5698 565 5758 ad
613 5719 812 5762 annuat
861 5708 1002 5765 I100
1031 5728 1058 5765 a
1091 5715 1279 5784 quovis
1311 5719 1655 5789 scriptorum.
1690 5698 2084 5784 auti-mucilie.

2182 3207 2458 3262 volentem
2497 3220 2596 3274 pro
2642 3206 2905 3262 benevolo
2933 3205 3138 3274 dicere,
3171 3205 3327 3262 novis
3363 3217 3514 3262 certe
3548 3205 3773 3263 Vocibus

2184 3314 2367 3356 usum.
2397 3298 2506 3356 Sed
2536 3299 2650 3356 bare
2669 3299 2874 3357 leviora
2907 3308 3057 3356 sunt.

2253 3393 2373 3449 1am
2401 3393 2466 3448 ad
2490 3404 2722 3460 asserta,
2750 3409 2871 3464 qua:
2895 3410 2925 3448 a
2951 3408 3082 3448 vero
3111 3391 3419 3461 dissonant,
3445 3392 3771 3450 descensum

2182 3487 2464 3556 faciamus,
2500 3501 2623 3542 nam
2655 3489 2770 3556 pari
2803 3499 2964 3557 passu
2997 3485 3320 3557 probabitur
3343 3500 3482 3554 opus
3499 3484 3771 3556 Triparti-

2184 3584 2297 3633 tum
2348 3593 2458 3634 non
2491 3593 2616 3634 esse
2654 3576 2719 3632 Ii.
2755 3577 2814 3633 Ρ.
2849 3575 3105 3634 Pennotti
3135 3577 3282 3632 docti
3322 3576 3616 3632 admodum
3646 3576 3773 3641 viri.

2184 3671 2254 3728 de
2297 3687 2410 3744 quo
2453 3686 2561 3728 non
2610 3679 2695 3726 est
2750 3671 3174 3727 existimandum
3229 3668 3397 3727 Ialsas
3443 3671 3773 3727 assertioues

2183 3763 2502 3835 scripsisse;
2536 3778 2601 3819 ac
2622 3761 2816 3819 Dextri
2845 3761 3182 3829 Chronicou,
3213 3764 3358 3834 quod
3383 3778 3496 3834 prze
3526 3761 3774 3818 manibus

2184 3865 2298 3924 est,
2338 3856 2527 3916 fanum
2566 3871 2688 3913 esse
2717 3859 3079 3926 Suppositum.
3123 3855 3396 3924 Imprimis
3420 3855 3664 3910 alienum
3688 3863 3773 3910 est

2183 3964 2213 4006 a
2240 3951 2473 4006 veritate
2497 3949 2557 4004 S.
2588 3947 2949 4021 patriarcham
2982 3947 3339 4004 Benedictum
3383 3945 3520 4003 nihil
3557 3945 3626 4002 de
3665 3946 3778 4003 cle-

2187 4042 2314 4098 ricis
2337 4043 2389 4097 in
2411 4057 2508 4098 sua
2527 4040 2730 4114 [tegula
2758 4040 3125 4109 disposuisse,
3149 4038 3293 4110 quod
3320 4037 3628 4095 Pennottus
3646 4052 3777 4095 con-

2183 4136 2361 4207 ceptis
2384 4137 2564 4193 verbis
2583 4135 2917 4204 scripsitlib.
2949 4151 3011 4204 u,
3035 4146 3154 4200 rap.
3190 4131 3283 4197 l8,
3303 4147 3458 4188 num.
3486 4133 3520 4188 4
3541 4142 3599 4189 et
3623 4147 3771 4190 num.

2184 4230 2218 4286 7
2249 4230 2304 4284 in
2350 4228 2456 4285 line
2477 4229 2598 4284 ait:
2644 4225 2713 4282 ο.
2754 4225 3066 4283 Benedictus
3097 4241 3202 4281 non
3249 4233 3306 4280 ut
3334 4225 3560 4288 clericis,
3592 4224 3682 4280 sed
3721 4234 3776 4278 ut

2185 4322 2334 4376 laici:
2362 4319 2597 4392 regulam
2641 4320 2761 4375 vitm
2801 4320 3209 4391 prtrscripscrut,
3236 4317 3294 4372 in
3331 4334 3435 4388 qua
3473 4317 3541 4372 de
3578 4317 3778 4373 clericis

2185 4414 2452 4469 monachis
2481 4431 2543 4468 ue
2585 4411 2794 4467 verbum
2821 4409 3034 4484 quidem
3061 4408 3296 4464 habetur.
3347 4407 3414 4464 Et
3456 4418 3638 4464 tamen
3668 4408 3776 4464 duo

2187 4509 2395 4578 integra
2423 4505 2599 4577 capita
2631 4503 2832 4576 regulae
2864 4519 2978 4560 suae
3012 4505 3114 4575 (id.
3145 4510 3252 4568 est,
3282 4501 3351 4559 60
3373 4512 3428 4559 et
3455 4503 3548 4574 62}
3571 4502 3775 4558 beatis-

2185 4603 2356 4659 simus
2375 4606 2678 4672 praeeeptor
2708 4599 2761 4654 in
2793 4597 3151 4670 disponondis
3179 4596 3495 4656 monasterii
3523 4595 3778 4654 sacerdoo

2186 4695 2328 4750 tibus
2356 4678 2655 4749 consumit.
2686 4691 2894 4748 Prioris
2923 4692 3111 4747 titulus
3137 4701 3240 4757 est,
3276 4692 3352 4747 De
3379 4687 3772 4756 Sacerdotibus,

2185 4787 2274 4855 qui
2306 4783 2563 4841 voluerint
2590 4786 2646 4839 in
2669 4784 2988 4839 monasterio
3013 4785 3244 4840 habitare
3264 4802 3284 4842 τ
3315 4783 3408 4839 ubi
3438 4783 3687 4854 prmcipit
3719 4791 3778 4836 ut

2183 4880 2315 4950 jugo
2344 4878 2550 4948 regula:
2587 4893 2709 4933 sese
2744 4877 3055 4933 omnimode
3085 4878 3340 4948 subdant,
3374 4887 3496 4946 post
3525 4876 3774 4931 abbatem

2192 4972 2377 5028 sedem
2399 4971 2655 5035 habeant,
2678 4972 2906 5026 clericos
2936 4980 3142 5034 autem,
3157 4972 3247 5042 qui
3267 4970 3578 5042 presbyteri
3603 4969 3777 5024 adlme

2192 5083 2300 5122 non
2349 5075 2494 5131 sunt,
2546 5065 2668 5120 loco
2715 5064 2974 5120 mediocri
3014 5065 3292 5120 collocari.
3329 5064 3659 5120 Posterioris
3708 5064 3778 5118 ti-

2191 5161 2335 5218 tulus
2368 5171 2472 5223 cst.
2511 5160 2584 5214 Dc
2626 5159 2994 5215 Sacerdotibus
3039 5158 3382 5213 monasterii:
3428 5157 3518 5213 ubi
3566 5158 3636 5211 de
3675 5156 3780 5219 his,

2191 5256 2280 5325 qui
2313 5265 2436 5324 post
2479 5252 2863 5308 monachatum
2897 5252 2963 5306 ad
3003 5252 3224 5306 ordines
3255 5250 3563 5307 evehuntur
3610 5251 3778 5304 multa

2191 5349 2450 5419 disponit.
2485 5347 2646 5401 Certe
2673 5345 2716 5400 si
2739 5346 3048 5401 Penuottus
3079 5346 3266 5400 titulos
3287 5347 3526 5416 capitum
3559 5343 3782 5412 Regula:

2191 5442 2471 5497 dumtaxat
2502 5442 2727 5507 legeret,
2761 5439 2830 5494 ab
2852 5454 2916 5494 co
2938 5454 3125 5494 errore
3148 5437 3501 5493 liberaretur.
3536 5437 3643 5490 Sed
3678 5437 3782 5491 hoc

2192 5535 2368 5591 simile
2396 5545 2478 5590 est
2521 5538 2588 5597 ei,
2626 5535 2766 5604 quod
2815 5533 2882 5589 de
2932 5533 3102 5587 Paulo
3131 5532 3326 5588 Oresio
3357 5533 3546 5586 scribit
3603 5531 3696 5584 lih.
3743 5548 3781 5596 t,

2191 5645 2314 5698 cap.
2345 5629 2434 5691 58.
2470 5646 2615 5683 unm.
2650 5631 2702 5692 4,
2733 5628 2988 5682 ui..;ir:tut
3024 5643 3219 5681 nomen
3255 5627 3649 5681 monachorum
3674 5637 3780 5678 tam

2193 5731 2298 5786 late
2323 5727 2460 5798 apud
2488 5729 2660 5798 ipsum
2692 5741 2800 5780 neci
2828 5735 2974 5797 ptum
3006 5723 3168 5780 fuisse
3196 5723 3499 5778 ltit.\';t:u;e
3519 5722 3782 5775 Uriueste
