4052 6502
473 265 577 326 till

1365 261 1658 322 FLAVIUS
1697 256 1945 320 LUtJl’S
1985 253 2265 315 DEXTER
2309 255 2838 320 CllRONOLOGLS.

3673 256 3778 320 θη

473 399 558 440 sos
587 383 784 454 fuisse:
813 382 952 456 quod
978 383 1101 456 quia
1129 382 1182 436 in
1211 381 1324 437 loco
1351 381 1600 452 pra-dicto
1632 380 1869 454 pluribus
1903 381 2066 450 ἔθορε-ο
2092 375 2144 434 Δ
2171 394 2273 451 que
2306 378 2458 434 nobis
2485 378 2686 436 coloris
2719 376 2933 435 habitus
2965 375 3349 444 mutationem,
3380 388 3546 449 quam
3575 373 3768 432 nihilo-

470 475 726 531 dientibus
747 477 918 531 causis
938 485 1138 531 constat
1157 475 1436 544 adimpleri
1455 492 1555 529 non
1574 491 1746 544 posse,
1769 490 1859 528 nos
1881 475 2070 527 utrius-

469 586 569 640 que
594 571 754 642 prrtis
782 569 961 636 saluti,
991 569 1227 625 videlicet
1249 569 1370 623 inde
1395 569 1760 635 recedentium,
1787 578 1942 638 atque
1963 565 2070 619 illic

466 662 845 717 remanentium
873 662 1216 734 providentes,
1256 663 1307 717 in
1341 660 1515 717 locum
1553 661 1712 716 alium
1751 677 1904 732 quem
1932 659 2070 712 vobis

466 754 644 811 divina
670 757 887 828 largitas
919 757 1284 830 designarerit,
1311 756 1590 819 declinare,
1621 757 1791 826 ibique
1812 755 2070 810 salubrius

467 859 621 920 atque
648 851 874 920 quietius
917 851 1137 906 Domino
1182 850 1426 923 famulari
1477 852 1606 905 utile
1645 850 1893 905 duximus
1937 851 2066 919 fore.

475 940 632 998 Vobis
659 959 782 1013 ergo
810 952 932 997 tunc
957 944 1292 1016 pra'sentibns
1321 944 1542 1000 Roberto
1589 942 1786 1007 abbati,
1825 941 2072 1011 fratribus

465 1051 664 1105 quoque
713 1035 970 1102 Alberico,
1020 1034 1220 1103 Odoni,
1255 1035 1470 1104 Joanni,
1503 1034 1794 1107 Stephano,
1830 1033 2068 1101 Letaldo,

468 1139 515 1182 et
546 1125 724 1192 Petro,
755 1129 845 1183 sed
873 1140 922 1184 et
951 1131 1189 1185 omnibus
1217 1147 1345 1201 quos
1383 1130 1688 1202 regulariter
1723 1139 1772 1185 ct
1809 1130 2071 1185 communi

467 1221 685 1276 consilio
716 1223 853 1277 vobis
883 1223 1081 1278 sociare
1108 1225 1458 1293 decreveritis,
1487 1223 1583 1279 hoc
1611 1233 1845 1278 sanctum
1873 1239 2069 1296 propo-

462 1314 623 1368 situm
650 1330 874 1381 seruare,
905 1325 956 1371 et
985 1326 1108 1371 tunc
1136 1318 1513 1386 consuluimus,
1543 1330 1592 1372 et
1618 1329 1671 1372 ut
1697 1319 1748 1372 in
1779 1318 1874 1372 hoc
1899 1333 2070 1388 perse-

462 1407 648 1462 veretis
678 1410 1030 1480 prwcipimus,
1062 1420 1109 1465 et
1135 1413 1447 1468 auctoritate
1474 1412 1758 1483 apostolica
1792 1430 1884 1486 per
1909 1410 2070 1485 sigilli

468 1502 632 1557 nostri
658 1503 1048 1576 impressionem
1077 1505 1130 1558 ia
1163 1515 1468 1577 perpetuum
1493 1507 1887 1575 confirmamus.

541 1595 778 1667 Pergunt
803 1607 1056 1654 auctores
1083 1613 1340 1656 enarrare
1372 1599 1606 1670 qualiter
1636 1601 1760 1656 inde
1786 1600 2068 1657 disceden-

468 1697 552 1746 tes
571 1689 626 1745 in
650 1689 908 1746 Ercntutn
929 1690 1182 1749 Cistercii
1201 1694 1579 1763 convolarunt,
1609 1693 1844 1766 inihiquc
1866 1695 2070 1751 CiSIer-

2174 475 2352 528 minus
2401 488 2468 529 cx
2523 474 2724 546 regulas
2756 473 3077 544 praescripto
3124 472 3346 528 licuisse
3393 471 3574 527 facere
3604 468 3774 526 nostri

2173 566 2571 622 contendebant
2602 581 2723 634 cap.
2757 567 2828 624 53
2863 582 3008 638 reg.,
3039 565 3109 622 de
3137 580 3242 638 qua
3271 564 3438 621 etiam
3472 562 3776 635 quastione

2173 660 2281 730 agit
2308 659 2422 729 ipse
2452 658 2754 715 Bernardus
2782 662 2835 716 in
2861 658 3124 730 Apologia
3145 658 3211 714 ad
3229 655 3578 715 Gnilielmum
3608 653 3776 710 abba-

2174 760 2305 819 tem,
2339 752 2427 806 Iti‘si
2457 752 2705 809 ordinem
2733 752 2791 809 S.
2823 751 3099 808 Benedicti
3126 766 3287 808 suum
3313 749 3476 820 pleno
3501 763 3602 806 ore
3629 746 3774 806 ordi-

2173 860 2296 901 nem
2325 855 2502 903 vocat.
2531 847 2606 902 Ex
2633 846 2716 904 his
2741 847 2906 919 igitur
2928 842 3518 918 videat,quaso,R.P.
3541 842 3776 898 Pennas-

2175 949 2259 995 tus
2287 952 2548 1012 quantum
2577 942 2798 1014 deroget
2843 941 3233 998 Cistercicusis
3280 937 3493 996 ordinis
3536 937 3773 1009 jnribos,

2173 1047 2295 1088 cum
2326 1034 2498 1104 ipsum
2527 1049 2557 1090 a
2592 1036 2651 1088 ι).
2683 1042 3069 1105 protoparente
3099 1031 3395 1090 Benedicto
3424 1031 3647 1088 minime
3674 1029 3774 1087 de-

2171 1127 2434 1183 scettdere
2455 1128 2665 1184 scribit.
2693 1127 2880 1198 Neque
2900 1137 2984 1186 est
3001 1126 3146 1201 quod
3167 1135 3448 1194 causatur,
3469 1125 3600 1182 dum
3626 1123 3774 1182 videt

2171 1224 2536 1280 communiter
2561 1223 2632 1280 ab
2660 1224 2979 1281 auctoribus
3017 1239 3124 1280 non
3166 1223 3354 1280 vocari
3395 1220 3773 1295 congregatio-

2173 1331 2296 1372 nem
2320 1318 2758 1387 tlisterciensem,
2786 1317 2881 1374 sed
2903 1317 3150 1374 ordinem
3173 1317 3456 1384 absolute;
3491 1317 3597 1371 hoc
3624 1313 3771 1370 enim

2174 1425 2282 1465 non
2309 1409 2435 1466 facit
2459 1427 2583 1468 eum
2611 1412 2924 1469 discernere
2948 1412 3016 1470 ab
3046 1412 3237 1469 ordine
3261 1412 3434 1468 sancti
3469 1407 3767 1476 Benedicti,

2172 1506 2326 1575 quasi
2357 1507 2718 1564 csseutialiter
2737 1507 3012 1564 diversum
3042 1508 3064 1580 (
3083 1517 3142 1562 ut
3164 1506 3508 1563 scholasticis
3527 1504 3643 1561 suis
3665 1514 3772 1560 ter.

2173 1601 2333 1656 minis
2375 1600 2591 1673 loquar)
2631 1599 2727 1657 sed
2767 1599 3212 1666 accidentalitcr;
3251 1615 3354 1672 qua
3386 1599 3458 1656 de
3491 1615 3554 1656 re
3580 1599 3710 1657 alibi
3738 1613 3773 1657 ι

2174 1695 2328 1750 nobis
2377 1696 2549 1753 fusius
2595 1704 2884 1752 tractatum
2931 1705 3036 1762 est,
3079 1695 3132 1751 in
3160 1694 3676 1766 spccialiopusculo
3701 1695 3771 1750 de

465 1784 648 1840 cieuse
678 1785 988 1842 coenobium
1015 1798 1465 1856 construxerunt,
1496 1804 1561 1846 ex
1591 1806 1698 1860 quo
1724 1789 2066 1859 postmodum
2102 1779 2146 1840 Β
2176 1791 2391 1862 propria
2425 1790 2822 1860 significatione
2848 1789 3012 1858 huius
3038 1789 3185 1844 vocis
3217 1789 3384 1842 Ordo.
3428 1786 3574 1844 Idem
3614 1803 3770 1860 pror-

463 1875 528 1934 B.
561 1877 834 1951 pratcipue
859 1880 1137 1938 Bernardo
1162 1892 1489 1953 procurante
1518 1881 1835 1940 reformatio
1873 1885 1986 1952 ipsa
2012 1881 2068 1938 in

465 1976 722 2036 universo
746 1981 876 2036 orbe
905 1991 1195 2054 prepagata
1218 1991 1321 2038 est.
1345 1981 1563 2039 Minime
1587 1997 1719 2052 ergo
1742 1984 1866 2039 novi
1891 1981 2067 2040 homi-

463 2085 564 2128 nes
590 2086 623 2128 e
650 2074 850 2129 saeculo
880 2089 1070 2130 recens
1099 2074 1306 2141 educti,
1352 2074 1604 2132 ordinem
1643 2075 2062 2134 Cistereiensem

461 2163 854 2234 instaurarunt,
888 2169 985 2224 sed
1015 2169 1267 2225 monachi
1301 2169 1639 2228 Benedictiui
1670 2171 1908 2228 ctenobii
1953 2171 2065 2228 Meo

461 2257 756 2328 lismensis,
797 2276 864 2318 eo
913 2265 1166 2333 permoti,
1197 2264 1340 2336 quod
1366 2266 1610 2336 regulam
1639 2281 1798 2337 quam
1833 2264 2062 2335 professi

461 2354 676 2412 fuerant
705 2357 885 2426 tepide
935 2358 1097 2414 nimis
1141 2359 1250 2414 illic
1299 2358 1563 2415 hactenus
1605 2360 2058 2418 observaverunt.

464 2447 606 2504 Nam
625 2450 724 2504 viri
753 2451 839 2506 isti
861 2451 948 2522 (ut
975 2467 1095 2523 cap.
1127 2453 1161 2508 4
1191 2452 1423 2518 dicitur)
1457 2454 1598 2525 apud
1631 2453 1932 2510 Molismum
1961 2470 2059 2527 po-

459 2543 568 2613 siti,
598 2545 789 2617 stepius
818 2546 950 2601 inter
969 2562 1046 2615 se,
1083 2545 1178 2601 Dei
1210 2549 1379 2619 gratia
1409 2549 1647 2620 aspirati,
1681 2549 1744 2603 de
1769 2559 2060 2620 transgres-

457 2639 601 2694 sione
626 2640 820 2712 regula:
839 2639 902 2694 Β.
947 2641 1208 2698 Benedicti
1251 2643 1429 2699 Patris
1473 2645 1841 2699 monachorum
1885 2644 2064 2716 loque-

459 2735 665 2802 bantur,
686 2745 736 2792 et
757 2737 1206 2794 contristabantur
1231 2738 1456 2794 videntes
1477 2756 1532 2794 se
1553 2747 1861 2810 craterasque
1880 2755 2064 2796 mona-

457 2832 582 2886 cltos
605 2831 739 2886 hanc
763 2833 996 2906 regulam
1020 2832 1236 2888 solemni
1262 2835 1581 2905 professione
1607 2844 1900 2890 servaturos
1939 2852 2063 2908 pro-

456 2922 685 2990 misisse,
733 2941 947 2995 eamque
999 2926 1208 2981 minime
1255 2928 1559 2984 custodisse.
1606 2926 1673 2984 Et
1715 2938 1925 3000 propter
1966 2929 2063 2983 hoc

451 3019 751 3087 apostolicae
774 3020 911 3073 sedis
939 3020 1095 3091 legati
1134 3021 1446 3078 auctoritate
1489 3022 1602 3089 (uti
1636 3021 2058 3095 prttlibavimus)

449 3114 522 3168 ad
546 3114 682 3170 hanc
709 3115 1040 3170 solitudinem
1070 3128 1124 3171 ut
1155 3119 1531 3189 professionem
1556 3135 1706 3173 suam
1733 3119 2055 3174 observantia

453 3207 518 3263 S.
549 3208 742 3280 regula!
768 3209 1137 3280 adimplerent,
1166 3219 1273 3266 etc.
1314 3210 1677 3267 Subinl‘erunt
1719 3211 1917 3267 deinde
1961 3227 2056 3267 att-

449 3311 631 3359 ctores
652 3303 861 3358 litteras
882 3304 1207 3373 apostolieas
1232 3305 1435 3362 Urbani
1462 3305 1526 3372 ll,
1551 3317 1603 3362 et
1627 3306 1904 3363 Paschalis
1927 3307 2055 3364 item

447 3393 514 3464 ll,
538 3397 697 3454 Rom.
721 3398 1068 3468 Pontificum,
1089 3399 1323 3456 duorum
1351 3401 1712 3457 cardiualium
1736 3413 1791 3459 et
1812 3401 2056 3472 episc0pi

449 3491 852 3562 Cabilonensis,
883 3495 1146 3566 binasque
1172 3495 1307 3552 alias
1340 3496 1548 3567 prmfati
1581 3496 1822 3567 Hugonis
1862 3498 2048 3567 legati,

447 3588 647 3660 quibus
684 3587 1004 3646 reformatio
1051 3589 1168 3660 ipsa
1212 3593 1536 3648 confirmata
1580 3599 1683 3648 est.
1737 3590 2056 3660 Eodemque

445 3699 674 3755 prorsus
715 3694 874 3755 pacto
913 3684 1199 3741 conferunt
1240 3685 1482 3742 historici
1531 3700 1720 3742 omnes
1768 3685 2052 3741 exordium

441 3785 711 3845 nostrum,
741 3786 801 3832 ut
829 3777 1014 3835 videre
1037 3787 1121 3834 est
1141 3778 1281 3848 apud
1305 3779 1624 3841 Cmsarium,
1655 3779 1751 3835 lib.
1784 3796 1799 3835 ι
1845 3780 2055 3851 Dialog.

441 3867 849 3936 Miraculorum,
879 3885 1002 3940 cap.
1052 3872 1117 3935 ις
1163 3871 1509 3928 Vincentium
1559 3872 1949 3930 Belvacensem
1998 3874 2052 3930 in

441 3963 606 4035 Spec.
633 3965 835 4022 llistor.
861 3965 958 4022 lib.
1007 3981 1142 4028 xxv,
1168 3981 1288 4036 cap.
1314 3965 1385 4024 Μ
1407 3975 1461 4022 et
1484 3968 1586 4033 93;
1617 3976 1672 4024 et
1694 3968 2053 4035 Antoninum,

433 4073 504 4115 ex
537 4074 603 4115 eo
631 4058 698 4115 ad
725 4059 982 4124 verbum;
1016 4059 1368 4131 Sigibertum,
1403 4075 1501 4118 seu
1530 4061 1658 4133 ejus
1703 4065 2054 4119 continuato-

435 4166 552 4208 rem
600 4151 922 4218 Robertum,
965 4153 1033 4208 ad
1076 4168 1279 4210 annum
1331 4153 1500 4222 t098;
1552 4165 1607 4211 et
1637 4165 1908 4230 quotquot
1932 4159 2055 4228 ejus

433 4243 643 4302 ordinis
665 4245 875 4301 exordii
908 4244 1312 4303 meminerunt:
1344 4257 1400 4304 et
1430 4249 1728 4307 novissime
1755 4251 1897 4321 apud
1929 4253 2037 4308 Au~

433 4337 650 4395 berlum
671 4339 936 4401 Mincium.
963 4339 1261 4398 Barnabam
1283 4341 1353 4399 de
1377 4342 1674 4409 Montalvo,
1699 4345 2040 4402 Bernardum

432 4431 502 4487 de
546 4432 696 4487 Brito
737 4432 790 4487 in
833 4430 1119 4488 Chronieis
1158 4433 1522 4503 Cistercens.,
1580 4437 2036 4508 esactissimeque

431 4523 486 4580 in
514 4523 721 4581 Laurea
753 4523 1073 4594 Evangelica
1101 4526 1169 4582 Β.
1203 4526 1494 4583 admodum
1520 4528 1580 4584 P.
1605 4543 1670 4585 ac
1691 4529 2042 4586 celeberrimi

427 4616 572 4687 apud
615 4617 1075 4674 Salmantieenses
1114 4618 1404 4689 theologia:
1450 4620 1779 4691 proleSsoris
1830 4623 2033 4693 publici

429 4709 524 4767 Fr.
554 4711 743 4784 Angeli
778 4709 1076 4781 Maurique,
1124 4721 1184 4768 ut
1225 4713 1543 4771 innumeros
1588 4714 1721 4770 alios
1759 4717 2034 4772 omittam.

425 4802 717 4861 Notatione
744 4805 904 4876 digna
931 4816 1058 4860 sunt
1087 4805 1250 4862 verba
1267 4804 1492 4862 Ctesarii
1521 4825 1535 4862 :
1565 4807 1680 4863 Hoc
1703 4819 1878 4865 autem
1904 4827 2040 4883 pra:-

427 4897 591 4969 fixum
619 4907 814 4964 teneas,
845 4898 1012 4952 nostri
1037 4907 1301 4954 auctorem
1327 4916 1437 4955 esse
1467 4900 1730 4970 Spiritum
1759 4913 2040 4972 sanctum;

423 4989 778 5045 institutorem
808 4989 870 5047 S.
905 4987 1277 5059 Benedictum;
1308 4995 1652 5051 inuocatorem
1681 5013 1798 5052 vero
1827 5016 2041 5056 venera-

422 5081 577 5137 bilem
605 5083 843 5138 abbatem
875 5081 1175 5139 fiobertum.
1213 5083 1350 5141 Hinc
1387 5085 1534 5143 inter
1581 5087 1908 5146 reformatus
1951 5092 2040 5146 Ci-

423 5177 752 5234 stercienses
794 5186 850 5232 et
893 5177 1286 5235 Cluniacenses
1330 5189 1448 5236 orta
1497 5181 1595 5237 fuit
1623 5184 1875 5254 qumstio,
1917 5201 2038 5256 qua:

426 5269 740 5341 frequenter
788 5272 929 5328 inter
971 5271 1292 5329 reformatus
1317 5283 1371 5330 et
1398 5289 1508 5331 non
1538 5276 1865 5335 reformatus
1893 5283 2038 5352 ejus-

427 5363 549 5420 dem
580 5364 790 5420 ordinis
818 5364 888 5420 de
912 5365 1279 5431 observantia,
1324 5382 1423 5424 seu
1474 5373 1911 5441 transgressione
1948 5392 2036 5431 re.

425 5456 567 5526 gula:
597 5457 727 5512 oriri
774 5458 939 5524 solet,
991 5473 1151 5529 quam
1206 5459 1392 5516 videre
1444 5461 1570 5518 licet
1623 5467 1763 5534 apud
1814 5467 2034 5526 Petrum

429 5547 701 5604 Venerab.
750 5549 844 5603 lib.
893 5564 976 5616 tn,
1026 5552 1186 5618 epist.
1219 5553 1270 5606 in
1304 5554 1374 5609 28
1406 5554 1470 5610 ad
1500 5556 1558 5612 S.
1594 5557 1951 5629 Bcrnardum,
1983 5573 2038 5619 et

422 5638 518 5696 lib.
556 5655 608 5707 ν,
639 5639 804 5710 epist.
844 5641 928 5702 l6.
962 5642 1028 5698 ad
1056 5645 1336 5712 eumdem,
1372 5646 1462 5701 ubi
1496 5650 1788 5719 respondet
1833 5654 1899 5708 ad
1945 5654 2032 5721 l3,

423 5730 681 5788 articulos
724 5733 926 5804 regula:
951 5733 1010 5791 S.
1045 5733 1106 5789 P.
1139 5733 1440 5804 Benedicti,
1482 5738 1532 5795 in
1577 5741 1775 5812 quibus
1811 5744 2036 5802 Clunia~

413 5837 524 5886 eus
552 5837 614 5885 es
636 5822 875 5887 deﬁcere
896 5825 1222 5887 tasabantur
1249 5843 1282 5888 a
1300 5827 1777 5908 Cislcrcicnsibus,
1815 5834 2031 5911 objicit-

2082 3171 2130 3238 C

2170 1898 2264 1940 sus
2289 1883 2359 1939 de
2385 1883 2504 1939 aliis
2527 1882 3004 1940 reforniationibus
3032 1881 3238 1937 ordinis
3269 1881 3442 1938 sancti
3490 1879 3766 1937 Benedicti

2168 1982 2508 2036 sentiendum
2539 1988 2643 2043 est,
2674 1994 2796 2035 nam
2822 1979 2878 2034 S.
2910 1977 3266 2045 Romualilus,
3297 1991 3328 2032 a
3354 1990 3464 2049 quo
3489 1975 3768 2034 Camaldu-

2166 2074 2368 2140 lcnscs,
2396 2073 2456 2130 S.
2485 2073 2724 2130 Joannes
2753 2072 3101 2138 Guulbertus,
3134 2087 3162 2127 a
3190 2086 3299 2144 quo
3325 2069 3766 2137 Valumbrosanl,

2164 2177 2222 2224 ct
2265 2167 2323 2223 S.
2372 2167 2656 2232 Silt'ester,
2705 2182 2735 2222 a
2784 2182 2891 2236 quo
2934 2166 3272 2233 Silvestrini,
3319 2165 3576 2224 monachi
3628 2164 3766 2239 nigri

2166 2271 2344 2330 erant,
2376 2268 2432 2316 et
2453 2259 2700 2318 ordinem
2730 2275 2886 2316 suum
2919 2259 3220 2316 reformare
3245 2268 3635 2330 procurarunt.

2233 2357 2409 2424 Quale
2437 2359 2603 2414 etiam
2635 2366 2720 2413 est
2749 2355 2882 2412 illud
2913 2355 3056 2427 quod
3089 2355 3185 2410 lib.
3224 2371 3286 2424 ιι,
3321 2369 3446 2427 cap.
3479 2355 3572 2420 73,
3615 2368 3764 2411 num.

2167 2452 2218 2523 l,
2253 2451 2552 2507 Pennottns
2578 2450 2815 2506 asserit:
2848 2450 2911 2503 At
2944 2466 3046 2504 non
3075 2448 3250 2504 solum
3290 2447 3569 2517 originem,
3595 2461 3770 2504 verum

2163 2548 2319 2601 etiam
2347 2548 2636 2619 prtucipuos
2663 2545 3010 2599 illustratores
3037 2560 3100 2619 ea:
3125 2542 3305 2598 eodem
3335 2540 3519 2597 ordine
3545 2541 3766 2596 canoni-

2163 2657 2338 2697 corum
2367 2643 2474 2714 ipse
2517 2641 2645 2695 ordo
2691 2620 3008 2694 monasticus
3043 2613 3281 2711 accpit?
3310 2636 3400 2693 ubi
3436 2635 3768 2692 enumeratis

2165 2736 2436 2791 nonnullis
2465 2736 2689 2798 sanctis,
2724 2733 2816 2805 qui
2849 2731 2916 2788 ad
2951 2731 3335 2789 Benedictinos
3374 2745 3442 2786 ex
3489 2730 3769 2787 canonicis

2162 2828 2294 2884 oliui
2321 2827 2607 2883 transitum
2631 2824 2900 2892 fecerunt,
2918 2823 3215 2881 subinfert:
3243 2821 3318 2878 De
3343 2821 3767 2878 Cistereiensibus

2164 2939 2245 2979 res
2289 2921 2462 2978 adhuc
2502 2921 2669 2977 multo
2710 2920 2876 2992 magis
2900 2920 3180 2992 conspicua
3209 2926 3302 2985 est,
3331 2934 3450 2972 cum
3479 2933 3614 2973 unus
3644 2917 3765 2974 lfa-

2165 3017 2386 3084 lachias,
2401 3015 2660 3088 regularis
2681 3015 2966 3069 eanonicus
2991 3013 3042 3066 in
3065 3012 3321 3067 Hibernia
3347 3019 3444 3078 tot,
3463 3010 3768 3067 Cistercien-

2163 3111 2297 3165 sium
2316 3107 2545 3164 emnobia
2568 3106 2877 3177 fundaverit,
2904 3121 3020 3160 cum
3039 3106 3240 3179 integra
3256 3107 3628 3161 canonicomm
3661 3121 3770 3163 mo—

2159 3203 2389 3259 nasteria
2414 3202 2482 3256 ad
2514 3202 2873 3275 Cistercienses
2903 3199 3220 3267 transierint,
3251 3209 3309 3255 ut
3353 3208 3492 3270 patet
3540 3199 3597 3254 in
3640 3201 3769 3256 Alea

2158 3298 2366 3354 abbatia
2384 3295 2752 3352 canonicorum
2771 3294 3094 3369 regularium
3115 3293 3498 3364 Leodiensium,
3519 3310 3681 3363 quam
3701 3293 3764 3352 S.

2159 3392 2458 3449 Bernartius
2487 3391 2540 3446 in
2573 3391 2940 3450 monasterium
2977 3388 3396 3444 Cistereiensium
3433 3389 3692 3444 mutarit:
3717 3398 3769 3446 st

2158 3489 2224 3543 de
2247 3489 2420 3559 priore
2437 3486 2735 3541 monasterii
2757 3484 3099 3540 Eboracensis
3120 3500 3235 3539 cum
3259 3483 3495 3540 omnibus
3515 3484 3624 3556 fere
3642 3484 3769 3540 dicti

2156 3584 2456 3638 monasterii
2478 3581 2724 3655 fratribus
2744 3582 2814 3635 ad
2835 3581 3193 3636 Cistercienses
3213 3580 3460 3653 profectis
3475 3597 3570 3651 pro
3584 3580 3768 3653 quibus

2157 3679 2268 3742 ipse
2309 3675 2379 3734 D.
2411 3674 2707 3732 Bernardus
2753 3677 2824 3729 ad
2861 3674 3095 3729 abbatem
3146 3673 3523 3730 Eboracensem
3564 3673 3770 3747 scripsit

2156 3772 2430 3841 epistolam
2457 3787 2574 3843 qua:
2602 3779 2673 3825 est
2708 3770 2762 3825 in
2807 3770 2993 3824 ordine
3032 3768 3137 3833 95,
3183 3785 3248 3826 ea:
3287 3785 3508 3842 quorum
3554 3785 3768 3826 nurnero

2157 3867 2363 3922 videtur
2411 3867 2571 3936 fuisse
2613 3864 2679 3919 Β.
2730 3862 3064 3933 Humbertus,
3113 3867 3263 3938 cujus
3303 3863 3487 3920 laudes
3509 3863 3767 3919 recensuit

2158 3961 2291 4016 idem
2313 3959 2378 4016 Β.
2405 3958 2702 4014 Bernardus
2725 3958 2779 4012 in
2802 3958 3015 4029 praprio
3033 3972 3266 4012 sermone
3284 3958 3348 4011 de
3363 3957 3541 4012 eodem
3557 3955 3760 4012 habito.

2158 4055 2286 4110 llme
2313 4053 2425 4109 ille.
2448 4051 2558 4110 Sed
2583 4051 2840 4123 quidquid
2867 4051 2936 4107 de
2957 4051 3156 4106 horum
3179 4049 3412 4107 veritate
3432 4051 3525 4118 sit,
3545 4048 3770 4107 videant

2159 4148 2414 4213 lectores,
2445 4146 2536 4219 qui
2563 4161 2629 4202 ex
2658 4144 2868 4200 duobus
2897 4144 3097 4201 fuerint
3122 4144 3401 4211 illustrati,
3425 4143 3674 4201 canonici
3697 4142 3765 4201 ad

2155 4239 2552 4298 Cistercionscs
2593 4237 2996 4295 relormationis
3042 4252 3108 4293 ae
3152 4238 3456 4294 sanctitatis
3500 4247 3766 4310 praetextu

2157 4336 2541 4407 adipisceudtc,
2571 4341 2936 4401 transeuntes,
2962 4349 3029 4387 an
3053 4332 3446 4390 Cistercienses
3469 4333 3763 4390 canonicos

2157 4433 2279 4489 sinu
2322 4445 2422 4487 suo
2452 4429 2903 4501 complectentes,
2937 4439 2990 4483 et
3019 4435 3079 4484 ut
3106 4427 3175 4484 ad
3203 4426 3530 4484 altissimum
3561 4427 3766 4484 sancti-

2160 4527 2286 4583 tatis
2335 4525 2607 4596 fastigium
2657 4523 2995 4580 evehentes?
3039 4522 3148 4579 Aut
3195 4521 3418 4578 dubium
3467 4522 3768 4580 sanctiores

2154 4620 2307 4687 facti,
2345 4619 2582 4675 illustres
2627 4617 2824 4674 redditi
2863 4625 3020 4685 sunt;
3056 4633 3163 4673 non
3209 4617 3356 4673 enim
3401 4616 3653 4673 canonici
3696 4615 3766 4673 ad

2144 4714 2548 4772 Cistercicnses
2596 4713 2952 4781 transierunt,
3006 4719 3067 4767 ut
3113 4726 3208 4768 eos
3260 4711 3621 4780 illustrarunt,
3669 4719 3764 4771 aut

2143 4808 2491 4882 perlicerent,
2517 4807 2613 4863 sed
2647 4814 2705 4861 nt
2735 4805 3087 4877 perfectiores
3116 4813 3173 4861 et
3203 4803 3531 4862 illustriores
3557 4804 3753 4863 redde-

2143 4913 2356 4961 rentur.
2393 4901 2483 4960 Sic
2516 4902 2571 4957 in
2621 4901 2800 4978 simili.
2827 4915 2957 4958 casu
3006 4901 3222 4957 censuit
3273 4898 3584 4957 Bernardus
3627 4901 3764 4973 ipse,

2145 5000 2446 5075 ait(epist.
2481 4999 2662 5070 Mi):
2706 4997 2848 5063 Hoc,
2894 5000 3128 5067 inquam,
3177 4998 3273 5051 hoc
3319 5014 3535 5068 prorsus
3572 5013 3657 5053 vos
3705 4998 3768 5053 de

2152 5094 2442 5151 illustribus
2484 5092 2713 5148 reddidit
2755 5091 3089 5158 illustriores,
3136 5091 3422 5146 sanctiores
3452 5090 3516 5147 de
3546 5093 3761 5158 sanctis,

2150 5201 2197 5245 et
2228 5189 2536 5260 ubicumque
2562 5187 2861 5261 divulgatus
2891 5196 2965 5243 est
2985 5203 3152 5240 sermo
3174 5185 3293 5250 iste,
3337 5186 3554 5260 replevit
3594 5186 3768 5241 omnia

2151 5283 2310 5339 odore
2340 5283 2647 5338 suavitatis.
2674 5320 2688 5335 .
2716 5320 2729 5335 .
2767 5280 2936 5349 Quam
2965 5280 3083 5335 lteto
3114 5280 3231 5334 sinu
3260 5280 3468 5352 collegit
3503 5295 3592 5334 eos
3632 5277 3769 5334 mul-

2153 5375 2327 5429 titudo
2355 5373 2791 5440 Cistei'ciensium,
2821 5381 2929 5427 etc.
2961 5369 3115 5438 Quod
3144 5373 3187 5426 si
3219 5371 3418 5427 dixerit
3445 5372 3589 5443 quis,
3619 5371 3768 5429 ordi-

2151 5483 2276 5527 nem
2305 5469 2466 5523 etiam
2512 5476 2757 5521 nostrum
2798 5466 3056 5521 illustrari
3108 5464 3344 5520 adventu
3387 5465 3575 5522 talium
3615 5467 3763 5522 viro-

2148 5577 2290 5628 rum,
2342 5559 2394 5614 id
2435 5559 2659 5615 minime
2686 5573 2966 5630 negamus,
3003 5557 3096 5613 sed
3127 5573 3234 5613 non
3263 5559 3420 5614 aliter
3446 5574 3606 5630 quam
3647 5559 3769 5616 illu-

2148 5656 2340 5711 strium
2390 5652 2669 5712 hominum
2713 5667 2743 5706 ο
2784 5651 2981 5707 sarculo
3021 5651 3358 5707 venientium
3390 5651 3458 5708 ad
3489 5652 3764 5721 ordinem,

2147 5747 2269 5819 quis
2298 5761 2410 5802 non
2441 5743 2634 5801 videt?
2661 5759 2830 5813 quare
2860 5759 3013 5815 atque
3041 5743 3300 5800 secculnm
3334 5747 3508 5815 ipsum
3539 5744 3763 5818 gloriari

2148 5837 2378 5914 poterit,
2407 5839 2549 5911 quod
2579 5838 2801 5896 ordines
2827 5835 3113 5897 universos
3143 5836 3522 5895 illustrarerit.
