4052 6438
259 272 377 334 613

1342 269 1873 331 Αυοιοοιιιιουδ
1914 266 2050 330 PRO
2087 266 2149 327 L.
2194 266 2497 327 DEXTRO.

3465 254 3571 316 6M

339 391 625 465 Negamus
651 398 914 465 praeterea
943 389 1004 450 S.
1030 388 1346 447 Malae-binm
1375 389 1539 448 fuisse
1558 391 1878 449 canonicam
1906 390 1956 453 Α
1984 385 2312 454 Bernardus,
2348 386 2436 458 qui
2470 396 2711 458 prrscns
2732 380 2862 448 fuit,
2882 388 3071 439 contra
3102 381 3404 441 Gilbcrtum
3439 378 3572 436 Por-

269 486 605 558 regularem,
622 501 747 543 cum
768 485 947 543 verius
966 485 1038 541 sit
1060 486 1379 540 monachum
1394 494 1657 557 perpetuo
1677 485 1864 554 fuisse,

264 587 329 635 et
353 578 572 650 quando
598 578 1052 635 Cisterciensihus
1078 580 1326 635 cmuohia
1356 578 1412 634 in
1449 579 1707 635 Hibernia
1750 578 1868 635 fnu-

260 671 458 741 dabat,
487 673 554 731 ad
585 674 731 746 ipsos
756 675 868 745 jam
901 675 1220 740 transiisse;
1255 690 1376 729 nam
1406 682 1464 731 et
1490 685 1708 731 sanctus
1740 674 1869 730 Ber-

260 766 473 824 nartius
499 782 623 824 cum
646 766 831 823 habitu
860 767 918 824 S.
951 767 1229 825 blalacitiae
1267 766 1561 837 sepultum,
1591 775 1646 822 et
1673 780 1705 823 e
1731 780 1866 822 eon-

257 874 429 917 verso
456 859 770 917 Ilalacbiam
796 875 916 917 cum
960 870 1111 917 veste
1159 859 1418 915 Bernardi
1464 867 1622 916 certe
1668 858 1871 914 sciurus

260 966 335 1011 ex
360 952 462 1009 ult.
486 967 609 1025 cap.
644 953 780 1010 Vita:
807 953 865 1011 S.
893 952 1153 1010 Bernardi
1186 969 1280 1024 per
1310 952 1477 1023 ipsius
1511 951 1866 1007 secretarium

259 1045 502 1119 scriptae,
542 1046 635 1121 qui
682 1045 858 1102 funeri
897 1046 1016 1117 ejus
1044 1046 1310 1103 interfuit.
1341 1043 1497 1101 Unde
1522 1052 1577 1101 et
1602 1059 1632 1098 ιι
1659 1042 1867 1099 Cister-

260 1140 541 1197 ciensibus
574 1141 628 1196 in
655 1141 960 1213 catalogum
988 1155 1210 1196 suorum
1250 1145 1561 1194 sanctorum
1604 1144 1870 1208 perpetuo

261 1243 607 1303 recensetur,
635 1242 691 1290 et
723 1244 995 1304 tamquam
1025 1246 1166 1290 unus
1194 1246 1264 1289 ex
1288 1232 1421 1298 suis,
1453 1230 1741 1302 quotannis
1779 1246 1867 1285 so-

258 1324 433 1384 lemni
465 1326 648 1385 officio
674 1328 1020 1385 celebratur:
1071 1326 1217 1400 quod
1267 1333 1446 1383 tamen
1490 1336 1869 1396 argumentum

262 1420 558 1493 aliquando
587 1421 856 1480 Pennotto
881 1422 1056 1480 visum
1091 1422 1193 1478 fuit
1213 1421 1407 1479 efficax
1432 1420 1501 1477 ad
1528 1418 1867 1492 probandum

260 1514 327 1571 8.
373 1514 737 1574 llerculanum
786 1517 954 1573 fuisse
995 1516 1293 1589 regularem
1336 1514 1697 1570 canonicum:
1744 1514 1869 1583 quia

261 1607 478 1666 scilicet
502 1624 532 1666 a
557 1608 833 1666 canonicis
860 1609 1035 1681 regni.
1062 1608 1294 1664 solemni
1323 1606 1501 1663 officio
1528 1605 1745 1665 colitur.

339 1698 551 1757 Rursus
590 1704 978 1758 monasterium
1022 1700 1092 1758 de
1121 1701 1257 1756 Alna
1302 1698 1416 1772 (sic
1446 1699 1591 1755 enim
1624 1707 1865 1767 vocatur,

1972 486 2219 535 relanutn
2248 479 2533 535 Trinitatis
2557 480 2818 533 unitatem
2849 474 3127 541 defendat,
3146 474 3217 533 de
3244 490 3349 545 qua
3381 489 3439 530 re
3460 471 3571 543 agit

1971 573 2091 642 ipse
2120 589 2285 628 scrm.
2319 573 2390 629 80
2413 616 2428 640 ,
2464 573 2518 628 in
2544 573 2739 639 Cant.,
2774 579 2828 625 ct
2866 579 3129 643 quotquot
3172 569 3396 642 Eugenii
3423 610 3440 639 ,
3479 574 3574 623 aut

1969 668 2235 726 Bernardi
2265 678 2381 725 aeta
2411 668 2782 739 scripserunt.

2044 762 2217 821 Venio
2253 765 2321 819 ad
2353 764 2415 819 Β.
2446 763 2810 833 Joachimum,
2840 776 2999 835 quem
3022 761 3230 819 amicus
3257 768 3443 819 noster
3462 756 3565 816 im-

1972 859 2170 915 merito
2198 873 2261 915 ac
2292 858 2652 916 immoderate
2685 859 2885 930 carpit.

2019 968 2049 1041 §
2093 968 2180 1026 Vl.
2210 970 2523 1043 Defena’itur
2557 971 2619 1026 Β.
2652 972 2809 1027 abbas
2838 971 3143 1028 lam-bimus
3163 988 3196 1027 α
3224 970 3501 1027 calumniis

2476 1043 2724 1099 Pennotti
2745 1055 2795 1099 et
2824 1047 3068 1101 aliorum.

2046 1136 2162 1192 Duo
2184 1147 2334 1203 sunt,
2356 1153 2478 1209 quae
2502 1137 2605 1193 sibi
2636 1154 2703 1193 ex
2728 1139 2993 1194 doctrinis
3033 1139 3323 1197 venerandi
3352 1136 3569 1197 abbatis

1972 1227 2271 1287 Pennottus
2302 1230 2732 1298 oflicerecrcdit,
2755 1232 2988 1287 alterum
3028 1231 3156 1288 dum
3196 1232 3268 1288 de
3316 1231 3573 1289 eremita-

1972 1336 2091 1378 rum
2119 1322 2314 1379 ordine
2343 1321 2397 1378 in
2427 1337 2527 1378 suo
2557 1323 2625 1378 ad
2666 1325 3070 1394 expositionem
3109 1324 3460 1397 Apocalypsis
3489 1323 3576 1380 in-

1971 1416 2308 1473 troductorio
2327 1417 2710 1487 prophetarit:
2743 1418 2974 1475 alterum
3014 1419 3139 1474 dum
3169 1419 3448 1490 regulares
3479 1432 3570 1473 ca-

1972 1510 2195 1565 nonicos
2224 1526 2253 1563 a
2285 1508 2343 1565 S.
2392 1508 2529 1564 Rufo
2586 1509 2862 1566 institutos
2910 1512 3052 1566 circa
3100 1523 3302 1566 annum
3358 1508 3572 1565 Domini

1975 1603 2133 1669 1100,
2166 1602 2233 1656 ab
2264 1617 2439 1673 eoque
2466 1612 2598 1659 tune
2630 1604 2861 1673 primum
2902 1603 3135 1660 donatos
3176 1604 3236 1659 S.
3286 1602 3578 1675 Augustini

1973 1700 2157 1768 regula
2183 1701 2349 1756 fuisse
2374 1700 2672 1755 contendit.
2706 1700 2797 1759 Sic
2844 1701 2938 1757 ille
2964 1701 3232 1757 Joacltimi
3274 1699 3577 1758 sententias

261 1806 375 1852 non
402 1794 568 1869 Alva)
598 1796 744 1852 solos
773 1805 1007 1867 quatuor
1036 1809 1210 1853 annos
1237 1795 1297 1852 S.
1321 1794 1603 1867 Augustini
1628 1792 1872 1864 regulam
1905 1791 1950 1852 Β
1980 1792 2171 1861 refert,
2200 1804 2255 1847 et
2286 1802 2392 1847 tam
2435 1792 2642 1849 acriter
2669 1794 2986 1864 impugnat,
3044 1801 3103 1849 ut
3143 1791 3470 1850 urbanitatis
3508 1804 3575 1847 ac

263 1887 573 1960 professum
607 1888 805 1959 fuerat,
841 1900 901 1945 ut
934 1890 1098 1945 tradit
1144 1888 1355 1944 Mirans
1396 1888 1449 1942 in
1485 1887 1687 1943 Chron.
1730 1885 1868 1941 Cist.

260 1979 333 2038 ad
363 1996 493 2038 ann.
521 1982 737 2040 Domini
772 1982 946 2038 “48:
988 1980 1132 2037 unde
1175 1995 1298 2035 cum
1345 1980 1399 2035 in
1448 1978 1567 2048 ejus
1614 1978 1872 2034 institutis

264 2081 516 2133 tenerum
547 2075 727 2132 adhuc
750 2083 918 2143 esset,
949 2074 1109 2130 facile
1135 2072 1234 2128 fuit
1263 2072 1329 2128 ad
1360 2072 1460 2127 alia
1494 2069 1871 2142 praestantiora

266 2171 525 2227 transire.
557 2168 659 2227 Ubi
685 2178 889 2238 autem,
922 2182 1132 2241 quaeso,
1164 2166 1466 2222 Pcnnottus
1509 2164 1718 2221 invenit
1755 2177 1870 2219 mo-

267 2262 568 2318 nasterium
616 2260 759 2317 istud
804 2259 1153 2317 Eboracense
1188 2273 1254 2315 ex
1284 2272 1393 2329 quo
1421 2257 1571 2328 prior
1599 2271 1723 2313 cum
1751 2255 1872 2311 aliis

265 2352 530 2411 fratribus
549 2354 616 2409 ad
639 2354 1030 2412 Cistercicnses
1046 2342 1456 2424 pervolaverat,
1480 2349 1648 2407 fuisse
1665 2348 1873 2405 ordinis

267 2447 556 2504 canonici?
582 2446 735 2514 Quod
766 2447 811 2504 si
841 2447 1112 2503 existimat
1142 2444 1311 2500 fuisse
1339 2444 1512 2513 ipsam
1546 2439 1869 2509 Ecclesiam,

270 2550 331 2598 ut
359 2543 607 2599 omittam
634 2544 769 2599 satis
792 2543 960 2614 gratis
985 2541 1054 2596 ab
1083 2555 1152 2598 eo
1178 2540 1441 2596 creditam
1480 2538 1870 2593 canonicorum

269 2634 466 2701 fuisse,
499 2650 604 2691 non
630 2646 810 2691 autem
842 2633 1233 2690 monachorum
1260 2631 1316 2688 S.
1347 2629 1650 2696 Benedicti,
1680 2628 1776 2684 lib.
1808 2643 1871 2695 ιι,

268 2740 393 2798 cap.
419 2727 508 2795 57,
534 2742 683 2783 ιιιιιιι.
710 2726 766 2797 6,
796 2728 965 2782 multo
990 2726 1196 2797 gratius
1223 2724 1418 2781 asserit
1450 2723 1690 2792 priorem
1718 2721 1874 2778 illum

269 2835 398 2876 eum
426 2820 682 2877 fratribus
709 2835 827 2877 eam
857 2819 1177 2889 reliquisse:
1210 2832 1332 2874 nam
1370 2832 1436 2873 ex
1475 2817 1707 2888 epistola
1744 2814 1877 2872 Ber-

269 2914 430 2971 nardi
456 2914 610 2984 (quae
636 2923 723 2969 est
749 2911 842 2979 94,
874 2927 982 2968 non
1009 2925 1138 2968 vero
1164 2910 1257 2975 95,
1299 2918 1357 2965 ut
1396 2908 1513 2979 ipse
1551 2906 1699 2979 vult)
1742 2906 1876 2963 nihil

273 3009 384 3065 tale
402 3007 562 3064 educi
586 3015 781 3077 potest,
806 3019 861 3062 et
884 3022 952 3062 ex
986 3006 1142 3061 titulo
1165 3001 1510 3060 verisimilius
1540 3002 1869 3072 oppositum,

272 3100 366 3173 qui
388 3110 507 3158 est:
536 3100 616 3156 Ad
636 3102 865 3156 abbatem
890 3101 1168 3172 cujusdam
1190 3099 1487 3153 monasterii
1510 3093 1872 3161 Eboracensis,

1977 1885 2344 1954 religiositatis
2394 1896 2573 1941 metas
2625 1884 2976 1943 vehementer
3031 1886 3347 1942 excesserit.
3391 1883 3576 1954 Quatt-

1978 1978 2174 2033 tumvis
2203 1979 2346 2033 enim
2376 1978 2451 2033 ita
2480 1993 2541 2034 se
2567 1978 2797 2036 haberet
2820 1995 2910 2036 res
2938 1981 3025 2049 (nt
3053 1980 3171 2049 ipse
3192 1977 3380 2049 refert)
3404 1987 3458 2034 et
3479 1976 3577 2034 ab-

1976 2070 2073 2127 bas
2097 2082 2318 2126 sanctus
2346 2070 2417 2128 ab
2445 2087 2512 2127 eo
2544 2073 2717 2130 relata
2743 2073 3013 2129 scriberet
3032 2117 3047 2141 ,
3094 2087 3201 2128 non
3239 2080 3397 2129 erant
3439 2070 3576 2127 tanti

1976 2166 2233 2222 momenti
2262 2166 2398 2236 haec,
2425 2174 2484 2222 ut
2504 2183 2569 2223 ca
2603 2177 2828 2239 propter
2853 2168 2911 2224 S.
2938 2167 3307 2239 lnquisitionis
3336 2165 3575 2223 cilicium

1977 2256 2031 2313 in
2062 2256 2240 2329 ipsum
2274 2257 2612 2325 fulminaret,
2636 2270 2690 2315 et
2720 2259 2966 2316 inaudita
2996 2268 3149 2329 parte
3196 2260 3267 2315 ob
3313 2273 3577 2330 quorum-

1974 2349 2097 2407 dam
2135 2351 2275 2407 male
2299 2352 2636 2408 intellectum
2662 2351 3029 2409 testimonium
3064 2354 3394 2410 sententiam
3414 2351 3575 2407 dam.

1974 2444 2210 2500 nationis
2241 2446 2292 2499 in
2324 2446 3383 2519 ipsumlulerit,damnationis,inquam,
3405 2456 3570 2502 aiter-

1977 2553 2062 2594 nae
2094 2539 2289 2594 mortis
2310 2579 2327 2606 ,
2356 2548 2415 2593 et
2439 2540 2920 2596 eondemnationis
2972 2554 3221 2611 persona:
3268 2555 3299 2595 a
3343 2539 3578 2595 concilio

1973 2631 2214 2702 generali
2248 2630 2624 2690 Laterancnsi.
2658 2632 2951 2706 Supra-esu
2979 2633 3151 2704 inquit
3182 2633 3275 2689 lib.
3308 2649 3367 2700 ι,
3397 2652 3449 2690 e.
3481 2632 3575 2705 bl)

1978 2722 2049 2781 Ut
2068 2725 2237 2781 solum
2260 2726 2461 2781 abbatis
2488 2724 2750 2782 Joarhiini
2793 2728 3144 2783 testimonium
3181 2727 3538 2802 expendamus
3559 2768 3577 2795 ,

1974 2837 2036 2876 ac
2063 2820 2327 2875 rideamus
2350 2839 2418 2874 an
2451 2820 2587 2893 [orte
2612 2820 2828 2876 Goliam
2854 2823 2915 2877 ob
2946 2839 3067 2878 orco
3096 2831 3365 2879 revocatus
3392 2824 3573 2895 fuerit,

1977 2920 2145 2967 tantas
2167 2913 2300 2968 uires
2328 2912 2548 2981 habens,
2580 2925 2639 2967 ut
2666 2931 2801 2970 unus
2823 2925 3005 2969 contra
3034 2917 3217 2985 uiginti
3240 2916 3422 2971 merito
3441 2925 3583 2971 stare

1976 3004 2157 3076 possit.
2190 3006 2257 3061 lit
2286 3014 2412 3078 post
2444 3018 2633 3075 pauca,
2666 3022 2817 3062 num.
2851 3007 2887 3060 2
2913 3025 2929 3062 :
2960 3008 3037 3064 An
3062 3023 3182 3063 vero
3202 3008 3336 3063 inter
3358 3008 3580 3080 proptre-

1977 3114 2056 3159 ηις
2077 3104 2250 3172 ipsum
2281 3101 2617 3159 Joacltimum
2640 3121 2849 3160 censere
2868 3107 3049 3161 merito
3067 3106 3345 3177 possimus,
3360 3109 3583 3178 referam

271 3192 415 3248 stude
443 3194 639 3249 exierat
667 3193 812 3267 prior
841 3208 959 3247 cum
984 3191 1267 3264 aliquantis
1302 3189 1570 3258 fratribus.
1614 3186 1717 3245 Ubi
1752 3203 1873 3243 cum
1903 3184 1949 3247 C
1980 3196 2107 3267 quid
2126 3196 2193 3249 de
2212 3194 2305 3250 illa
2327 3196 2422 3251 viri
2452 3197 2588 3252 ducti
2612 3197 2858 3252 scribant.
2890 3196 2988 3252 llic
3035 3214 3353 3268 processum
3381 3198 3585 3255 confiat

272 3286 474 3343 dicitur
492 3286 775 3356 cujusdam
800 3287 1116 3342 monasterii
1140 3284 1524 3353 Eboracensis,
1545 3280 1675 3338 satis
1701 3281 1873 3336 innui-

276 3390 366 3438 tur
394 3394 500 3437 non
528 3394 651 3437 esse
686 3382 857 3453 ipsam
894 3378 1263 3436 cathedralem
1298 3376 1610 3442 ecclesiam,
1650 3376 1747 3431 scd
1782 3374 1881 3430 ali-

273 3488 437 3547 quam
463 3474 626 3530 aliam
655 3473 899 3544 ejusdem
931 3473 1202 3530 dimeesis.
1230 3472 1309 3528 De
1346 3472 1401 3526 Β.
1450 3470 1746 3526 llnmberto
1792 3484 1877 3525 res

274 3578 361 3625 est
401 3565 636 3635 facilior,
677 3583 856 3634 neque
893 3567 1037 3624 enim
1066 3583 1133 3623 ex
1163 3580 1417 3623 sermone
1439 3564 1496 3620 S.
1530 3562 1792 3620 Bcrnardi
1825 3566 1878 3618 in

273 3661 393 3733 ejus
420 3663 571 3719 obitu
600 3661 806 3729 habito,
835 3678 1008 3733 neque
1035 3678 1102 3719 ex
1134 3661 1255 3717 Vita
1301 3661 1495 3731 ipsius,
1531 3676 1656 3732 qua:
1694 3667 1878 3718 exstat

275 3756 331 3810 in
365 3770 424 3812 ιιι
462 3756 554 3813 lib.
610 3755 832 3813 Exordii
883 3757 1280 3821 Cisterciensis,
1322 3771 1443 3827 cap.
1494 3757 1530 3811 4
1574 3767 1632 3812 et
1672 3756 1727 3824 ξς,
1781 3770 1882 3811 nec

272 3848 497 3906 aliunde
525 3848 711 3905 haberi
740 3858 940 3921 potest,
967 3849 1113 3922 quod
1141 3848 1305 3906 fuerit
1331 3848 1630 3906 monachus
1661 3848 1878 3905 Ebora-

273 3944 478 4010 censis,
497 3954 553 4000 et
571 3944 729 4002 aliter
748 3961 816 4001 ex
839 3944 945 4001 illis
966 3945 1058 4016 qui
1076 3960 1200 4000 eum
1223 3945 1403 4014 priore
1424 3942 1701 4000 reformati
1727 3954 1874 4001 sunt.

276 4038 592 4108 Quinimmo
614 4040 922 4112 oppositum
943 4038 1074 4096 satis
1097 4037 1380 4111 perspicue
1404 4038 1691 4095 deducitur
1715 4054 1781 4094 ex
1810 4053 1878 4095 eo

275 4134 445 4206 quod,
478 4136 597 4205 ipso
628 4134 904 4192 Bernardo
926 4143 1226 4202 asserente,
1259 4133 1329 4190 ab
1358 4134 1475 4204 ipso
1503 4148 1642 4203 pene
1678 4129 1879 4202 princiv

272 4227 367 4297 pio
387 4229 701 4286 monasterii
729 4227 1059 4284 Clarmrallis
1100 4242 1225 4284 cum
1253 4242 1320 4285 eo
1364 4235 1718 4283 conversatus
1757 4224 1874 4279 fuit.

271 4319 571 4380 Conversio
603 4332 785 4381 autem
834 4322 1031 4394 prioris
1075 4334 1129 4379 et
1178 4322 1404 4378 fratrum
1454 4319 1875 4377 Eboracensium

275 4416 451 4474 multo
476 4425 665 4488 postea
692 4415 937 4488 contigit,
968 4424 1028 4472 ut
1056 4415 1225 4487 liquet
1245 4431 1315 4473 ex
1345 4414 1578 4488 epistola
1599 4430 1722 4486 qua:
1743 4414 1877 4470 scri-

276 4520 368 4584 pta
406 4509 508 4568 fuit
544 4526 575 4567 a
602 4511 881 4569 Bernardo
913 4511 983 4579 (si
1026 4511 1276 4568 ordinem
1307 4512 1430 4581 ejus
1479 4503 1876 4566 inter'emteros

1983 3290 2233 3346 adductis
2256 3291 2307 3345 in
2338 3300 2508 3347 testes
2536 3291 2597 3345 S.
2627 3293 2941 3357 Antonino,
2975 3293 3353 3350 cardinalihus
3381 3295 3587 3351 Bellar-

1981 3384 2133 3439 mino
2161 3392 2218 3438 et
2246 3382 2506 3448 Baronio,
2537 3394 2600 3446 et
2614 3383 2843 3442 Alfonso
2880 3384 2951 3442 de
2974 3386 3168 3444 Castro
3195 3429 3210 3453 ,
3252 3387 3449 3459 quibus
3497 3396 3583 3444 ut-

1983 3492 2213 3546 cumque
2241 3474 2441 3532 auditis
2465 3476 2733 3534 derisorie
2759 3478 3027 3535 subinfert
3054 3478 3175 3536 :Ea:
3191 3480 3375 3554 quibus
3394 3491 3443 3536 et
3463 3481 3585 3537 aliis

1981 3571 2215 3642 superius
2239 3570 2411 3633 dictis,
2436 3570 2611 3625 videas
2648 3572 2829 3642 quanti
2867 3572 3141 3643 faciendus
3183 3575 3250 3628 sit
3294 3572 3379 3627 Iric
3422 3589 3581 3630 novus

1980 3664 2254 3737 propheta,
2276 3680 2426 3734 quem
2456 3662 2702 3734 Μαι-(ιαμ
2748 3666 2822 3720 uti
2861 3666 3076 3721 militem
3129 3667 3258 3722 adeo
3312 3677 3579 3722 strenuum

1982 3759 2243 3829 producit,
2276 3768 2332 3812 ut
2361 3767 2546 3812 contra
2572 3758 2754 3830 riginti
2774 3769 3006 3815 armatos
3048 3762 3190 3814 solus
3219 3770 3356 3814 stare
3394 3762 3579 3831 possit.

1985 3848 2112 3907 Lib.
2142 3864 2275 3906 vero
2305 3864 2367 3915 lt,
2396 3865 2518 3919 cap.
2547 3850 2603 3914 9.,
2637 3852 2789 3920 quasi
2815 3862 2973 3908 antea
2998 3851 3098 3907 sibi
3130 3853 3466 3923 incognitum
3495 3854 3577 3910 sic

1981 3941 2325 3999 Joacltimttm
2354 3942 2485 3997 citat
2519 3960 2531 3995 :
2567 3942 2661 3996 Est
2692 3945 2853 4016 igitur
2883 3945 2946 3998 de
2985 3945 3186 4016 origine
3229 3946 3467 4002 canonici
3492 3961 3582 4001 or-

1983 4039 2126 4093 dinis
2150 4040 2318 4109 prima
2350 4039 2596 4093 sententia
2625 4039 2901 4110 cujusdam
2934 4040 3131 4095 abbatis
3159 4082 3173 4108 ,
3213 4041 3417 4097 nomine
3449 4038 3577 4097 Ione

1980 4129 2139 4199 rbim,
2168 4131 2219 4185 in
2244 4131 2560 4201 expositione
2600 4132 2929 4204 opaca/miris
2952 4172 2969 4201 ,
3020 4134 3293 4189 asserentis
3344 4134 3573 4190 ordinem

1980 4224 2691 4296 canonicorwnregularium
2743 4230 2881 4280 circa
2923 4242 3120 4282 annum
3175 4225 3385 4282 Domini
3437 4228 3575 4284 “00

1978 4320 2187 4375 initium
2214 4318 2456 4375 habuisse
2476 4320 2530 4376 in
2563 4320 2800 4391 partibus
2826 4318 3121 4378 Galliarum
3146 4340 3179 4378 α
3215 4328 3441 4393 quartam
3472 4322 3582 4396 epi-

1980 4432 2135 4490 scopo
2158 4414 2363 4471 nomine
2397 4415 2568 4487 Rufo,
2596 4415 2685 4486 qui
2724 4416 2849 4486 ipsis
2889 4415 3155 4471 canonicis
3188 4413 3260 4472 ι).
3302 4416 3580 4490 Augustini

1978 4511 2211 4583 regulam
2243 4510 2441 4580 primus
2472 4508 2710 4575 tradidit,
2739 4518 2787 4563 et
2812 4509 2989 4564 abillo
3010 4509 3339 4581 congregatio
3359 4510 3579 4565 canoni-

276 4579 609 4677 spectemus)
630 4620 728 4677 pro
743 4604 1241 4662 sedandoAnacleti
1264 4579 1554 4662 schismate
1570 4603 1874 4673 laborante,
1905 4579 1955 4641 θ
1982 4579 2160 4660 eorum
2182 4579 2502 4674 regularium
2529 4600 2777 4673 originem
2803 4602 2981 4668 traxit,
3005 4579 3124 4673 quat
3146 4579 3342 4657 idcirco
3359 4600 3421 4655 S.
3448 4600 3573 4671 Ruﬁ

276 4700 497 4773 quando
518 4698 630 4768 jam
657 4700 972 4755 notissimus
998 4709 1115 4756 erat
1144 4708 1258 4755 toto
1281 4698 1435 4757 orbe.

354 4789 460 4846 Per
488 4788 591 4846 hoc
623 4798 805 4846 tamen
838 4792 1093 4847 nolumus
1118 4805 1318 4862 negare
1350 4793 1523 4862 ipsum
1555 4791 1874 4848 mellilinum

279 4883 565 4942 doctorem
598 4883 802 4940 multos
829 4886 1219 4941 canouieornm
1251 4887 1578 4955 regularinm
1611 4885 1678 4941 ad
1728 4886 1877 4942 ordi-

281 4992 407 5034 nem
431 4991 591 5031 suum
620 4975 929 5043 admisisse,
960 4977 1101 5033 alios
1140 4987 1321 5034 autem
1368 4977 1674 5049 repulisse,
1709 4987 1770 5033 nt
1796 4978 1877 5033 vi-

280 5071 413 5128 dere
433 5079 519 5127 est
544 5070 597 5127 in
632 5085 700 5127 eo
718 5071 811 5144 qui
844 5072 1158 5142 patientiam
1186 5072 1355 5142 ipsius
1378 5072 1698 5135 illustravit,
1744 5072 1874 5127 dum

281 5174 606 5223 renuentem
634 5165 925 5223 admittere
954 5180 1083 5222 eum
1133 5166 1200 5220 ad
1232 5164 1482 5221 ordinem
1510 5210 1523 5234 ,
1568 5164 1621 5219 in
1656 5165 1873 5220 maxilla

281 5260 573 5330 percussit,
604 5274 726 5331 qua:
754 5274 841 5315 res
873 5259 992 5315 fuse
1026 5258 1260 5315 refertur
1303 5260 1398 5314 lib.
1443 5274 1501 5314 ιιι
1538 5257 1671 5314 Vita:
1706 5258 1878 5317 Dcrnn

281 5364 406 5421 cap.
432 5350 487 5406 6.
515 5348 622 5407 Sed
645 5350 711 5406 ad
740 5350 846 5407 alia
872 5362 1232 5408 transeamus.

358 5444 516 5501 Mitto
544 5445 833 5502 concilium
856 5446 1168 5503 Rhemense
1191 5461 1222 5501 a
1252 5446 1312 5502 Β.
1346 5445 1587 5518 Eugenio
1628 5447 1695 5501 lll
1733 5447 1876 5504 cele-

284 5539 504 5595 bratum
534 5538 698 5595 tribui
726 5539 969 5611 Eugenio
996 5539 1037 5595 11
1067 5556 1095 5593 a
1142 5539 1428 5607 Pennotto,
1455 5540 1549 5595 lib.
1574 5556 1615 5607 ι,
1644 5554 1762 5609 cap.
1787 5540 1878 5608 19,

288 5651 441 5690 num.
468 5635 521 5703 Ι,
553 5649 662 5705 quo
686 5636 767 5692 sie
795 5636 1179 5693 canonieorsim
1225 5633 1561 5706 rcgularium
1617 5634 1880 5690 reforma-

287 5732 529 5801 tio,qu:n
558 5729 685 5786 inibi
714 5728 849 5786 facta
880 5738 965 5785 est
994 5731 1257 5786 vetustior
1302 5727 1462 5799 longe
1510 5738 1658 5784 esset
1697 5744 1713 5783 :
1758 5743 1881 5784 cum

288 5829 471 5882 tamen
498 5832 616 5880 aeta
648 5822 763 5896 ipsa
814 5820 1137 5881 Ithemensis
1176 5817 1391 5879 concilii
1431 5821 1791 5892 reluctantur,
1827 5827 1885 5878 et

1982 4697 2310 4770 congregatio
2328 4700 2401 4749 'est
2424 4692 2715 4766 appellata.
2742 4693 2808 4748 Et
2832 4701 2955 4766 post
2979 4694 3231 4751 nonnulla
3255 4713 3264 4747 :
3305 4693 3428 4750 Hac
3448 4692 3577 4750 Joa-

1981 4789 2139 4843 ehimi
2164 4788 2415 4843 sententia
2439 4802 2498 4841 eo
2520 4787 2673 4841 modo
2705 4786 2992 4854 pm'scrtim
3023 4788 3281 4857 explicata
3308 4796 3355 4841 et
3382 4798 3567 4855 aucta,

1981 4900 2084 4940 non
2112 4898 2299 4948 utrum,
2327 4881 2421 4937 sed
2449 4880 2771 4937 multosillos
2793 4897 2950 4947 usque
2964 4881 3279 4951 manifestos,
3304 4890 3355 4936 et
3379 4881 3569 4952 palpa-

1980 4975 2107 5032 bilcs
2132 4977 2356 5031 continet
2381 4991 2602 5031 errores.
2629 4974 2923 5030 Ennmerat
2950 4990 3080 5030 rcro
3105 4974 3339 5031 decursu
3373 4976 3570 5046 capitis

1983 5071 2100 5143 ejus
2129 5070 2339 5131 decem.
2373 5068 2551 5124 obiter
2570 5083 2699 5125 vero
2736 5066 3103 5124 reverendiss.
3141 5067 3205 5123 D.
3248 5068 3565 5139 episcopum

1983 5165 2279 5222 Antonium
2300 5163 2524 5219 Massam
2547 5163 2858 5220 Galesinum
2881 5163 3255 5219 doctissimum
3279 5166 3359 5220 sui
3385 5165 3568 5221 saeculi

1984 5260 2182 5331 virum,
2198 5259 2340 5333 quod
2357 5260 2456 5315 hac
2474 5258 2526 5313 in
2544 5258 2950 5315 reloachimum
2970 5270 3185 5316 secutus
3204 5260 3385 5327 fuerit,
3399 5276 3465 5317 eo
3479 5260 3571 5316 ho-

1984 5368 2118 5410 nore
2142 5353 2504 5423 prosequitur,
2531 5362 2585 5407 ut
2610 5351 2780 5409 dicat;
2823 5353 3012 5407 Omitto
3036 5352 3314 5407 Antonium
3340 5351 3567 5408 Massam

1986 5447 2284 5505 Galcsinum
2302 5447 2390 5518 qui
2415 5448 2581 5519 ipsum
2598 5446 2833 5499 abbatem
2854 5444 3182 5501 Joacltinntm
3201 5456 3419 5511 secutus,
3439 5447 3576 5502 mul-

1988 5552 2065 5596 tas
2088 5541 2307 5612 ineptias
2339 5537 2541 5605 rlfudit,
2565 5540 2748 5608 quibus
2770 5539 2930 5593 animi
2951 5539 3031 5593 sui
3052 5541 3393 5606 mutatitatem,
3413 5549 3461 5593 et
3493 5540 3577 5594 in-

1987 5636 2125 5709 genii
2140 5636 2389 5688 levitatem
2401 5644 2448 5689 et
2462 5634 2803 5706 ignorantiam
2817 5634 3569 5707 apertissitnemonstraoit,elc.

1989 5729 2203 5786 Siccine
2220 5744 2344 5786 cum
2364 5725 2838 5800 virisgravissiinis
2855 5741 3017 5800 agere
3032 5727 3187 5784 licctl
3208 5729 3269 5783 At
3290 5728 3445 5799 cujus
3461 5744 3580 5784 ma-

1990 5837 2093 5880 nus
2118 5829 2304 5880 contra
2332 5837 2543 5893 omnes,
2562 5834 2752 5881 manus
2771 5821 3013 5880 omnium
3039 5822 3309 5880 sustinere
3332 5833 3578 5894 cogetur.
