4052 6464
594 232 702 292 6ιό

1489 217 1786 276 FLAVIUS
1824 212 2072 274 LUCIUS
2113 212 2396 272 DEXTER
2435 216 2972 278 CllROXOLOCU'S.

661 355 731 410 Et
754 348 976 424 quidem
1008 342 1150 419 que-tl
1198 342 1266 399 ad
1316 338 1659 400 Jeaebimum
1700 347 1911 410 spectat
1939 381 1954 406 ,
2008 333 2181 389 maui-
2211 338 2260 395 Δ
2293 335 2419 390 Παέ
2447 335 2513 390 de
2541 339 2668 408 ﬁliis
2699 338 2828 395 Lr'a’.
2861 339 2956 394 llis
2999 338 3068 394 de
3091 350 3186 394 seu
3227 336 3514 394 ordinibus
3554 334 3874 392 clericorum

588 448 786 503 festum
811 453 915 509 est,
948 439 1171 495 minimc
1199 438 1400 508 scripta
1428 434 1546 505 ejus
1571 475 1586 497 ,
1609 448 1732 505 quae
1755 431 1926 498 citat,
1968 445 2000 486 a
2042 429 2183 485 l‘en-

588 547 744 598 notto
768 537 932 602 lecta,
966 547 1065 588 nec
1092 532 1234 602 quis,
1263 528 1488 600 cujusre
1517 524 1696 581 meriti
1719 523 1775 581 in
1803 522 2044 579 Ecclesia
2073 523 2182 576 l‘uc-

587 635 680 702 rit,
703 632 858 688 abeo
885 625 1126 700 agnitum
1154 641 1171 691 ;
1201 618 1640 695 quandoquidem
1680 631 1965 688 perperam
1996 613 2179 668 omnia

585 727 857 789 citantur;
878 718 1166 795 prophetia
1193 712 1464 786 siquidem
1495 711 1563 767 de
1604 709 1797 765 ordine
1824 706 2176 764 et'cmitarutn

587 837 695 878 non
724 827 904 876 exstat
932 817 984 870 iu
1011 810 1411 870 introductorio
1434 807 1500 862 ad
1534 801 1920 877 Apocalypsim
1943 842 1960 869 ,
1992 799 2091 857 sed
2123 801 2178 884 in

584 911 933 983 expositione
959 905 1156 978 capitis
1187 918 1299 970 xtv,
1329 900 1396 955 ad
1423 899 1513 954 illa
1557 896 1720 953 verba
1760 914 1773 950 :
1815 894 1879 950 Et
1917 894 2053 948 alius
2082 908 2179 947 an—

582 1007 729 1081 gelus
757 1004 912 1058 exivit
933 1001 996 1056 de
1023 996 1239 1070 templo,
1273 995 1464 1048 habens
1495 1002 1678 1063 ettpse
1716 989 1900 1061 falcem
1931 995 2172 1049 acutmn,

583 1077 693 1158 etc.
722 1099 796 1154 De
818 1095 1096 1153 canonicis
1123 1099 1306 1146 autem
1335 1104 1364 1143 a
1391 1087 1451 1145 8.
1482 1085 1623 1142 Rufo
1653 1082 2041 1140 institutisnou
2067 1077 2176 1149 agit

582 1192 638 1252 in
668 1188 1014 1264 expositione
1043 1182 1424 1257 Apocalypsis,
1453 1180 1548 1237 scd
1579 1194 1702 1250 cap.
1738 1178 1809 1232 ~20
1841 1172 2174 1230 introducto-

582 1286 673 1353 rii,
713 1301 824 1357 quo
863 1283 1048 1339 videas
1071 1283 1273 1337 bonum
1304 1277 1530 1334 militem
1563 1273 1716 1331 frena
1746 1273 1832 1346 (ut
1857 1272 2015 1342 vulgo
2039 1269 2175 1324 dici-

582 1379 696 1451 tur)
729 1385 1089 1450 permutasse.
1123 1371 1284 1430 Certe
1313 1371 1368 1428 in
1410 1383 1472 1428 re
1512 1369 1644 1424 tanti
1674 1366 1935 1423 momenti
1964 1410 1978 1433 ,
2029 1361 2174 1418 unde

583 1473 760 1530 bouor
791 1469 892 1526 viri
923 1469 1084 1525 unius
1109 1465 1289 1523 sancti
1336 1461 1609 1535 pendebat
1642 1502 1656 1525 ,
1710 1474 1870 1515 nemo
1923 1458 2028 1513 erit
2080 1457 2171 1526 qui

579 1563 910 1622 Peunottum
937 1559 1184 1618 absolvat
1210 1573 1240 1612 a
1263 1556 1420 1625 culpa
1483 1552 1741 1609 notabilis
1790 1552 2013 1607 incuriae
2063 1564 2172 1603 non

580 1656 800 1729 legendi
831 1653 1207 1720 Joacltimtun,
1236 1665 1360 1706 cum
1388 1646 1713 1705 facillimum
1747 1643 1822 1700 illi
1850 1655 1994 1700 esset
2023 1642 2174 1699 adire

2283 429 2463 493 dictis,
2496 430 2848 487 subinfertde
2879 430 3104 488 totidem
3135 431 3420 486 ordinibus
3463 429 3873 486 monachorum.

2285 520 2433 578 Balte
2461 524 2670 580 ancilla:
2691 525 2933 581 Rachelis
2963 535 3112 582 natus
3140 535 3216 582 est
3246 527 3300 581 in
3330 526 3496 594 ﬁlium
3529 525 3657 579 ordo
3699 540 3878 578 mona-

2285 614 2522 683 t'horum,
2553 620 2606 674 in
2635 617 2940 675 Gttecorum
2967 623 3172 692 quidem
3198 621 3437 677 Ecclesia
3473 641 3507 676 a
3543 623 3738 677 salictis
3766 619 3876 676 Pa-

2282 709 2448 762 tribus
2473 711 2773 778 institutus;
2799 713 2882 768 hic
2905 715 3076 782 itaque
3101 713 3227 768 ordo
3257 715 3559 787 designatus
3582 723 3659 770 est
3684 715 3737 769 in
3758 712 3876 769 Dan

2281 802 2394 872 [ilio
2417 801 2568 857 Balte
2592 805 2821 872 ancillaé.
2847 805 3038 861 Genuit
3067 812 3238 862 autent
3289 805 3425 864 Bnla
3472 807 3760 863 secundum
3804 807 3875 878 [i-

2281 900 2429 967 liunt,
2463 900 2672 956 nomine
2705 899 3006 972 Ncphtalitn
3029 941 3042 961 ,
3072 900 3164 966 qui
3191 899 3394 954 videtur
3427 901 3703 970 designare
3732 898 3879 955 Occi-

2278 994 2566 1048 dentalium
2593 993 2824 1048 ordinem
2845 992 3218 1046 monachorum
3242 991 3518 1062 (nimirum
3549 993 3653 1049 sub
3681 992 3740 1051 S.
3773 991 3876 1048 Pa—

2280 1087 2384 1142 tris
2416 1085 2690 1143 Benedicti
2735 1085 3032 1157 disciplinis
3055 1085 3341 1158 eruditos)
3372 1097 3422 1142 ct
3465 1087 3621 1142 desiit
3669 1102 3874 1159 parere.

2279 1181 2388 1237 Sed
2407 1192 2457 1237 et
2483 1181 2583 1236 Litt
2613 1182 2666 1235 in
2688 1181 2783 1236 hoc
2815 1181 2929 1254 ipso
2957 1181 3204 1237 tumulata
3228 1197 3480 1250 sororem,
3510 1181 3733 1237 traditet
3757 1182 3874 1254 ipsa

2274 1274 2538 1344 Zelpham
2559 1277 2806 1332 ancillam
2829 1291 2977 1332 suam
3005 1277 3112 1331 uiro
3134 1293 3257 1344 suo,
3291 1293 3407 1346 qua
3439 1277 3620 1348 genuit
3661 1275 3786 1332 God
3825 1288 3874 1334 et

2275 1373 2452 1435 Asser,
2478 1372 2533 1424 in
2557 1379 2680 1441 typo
2700 1369 2929 1424 duorum
2955 1369 3200 1425 ordinum
3229 1370 3485 1425 laicorum
3509 1374 3756 1443 fratrum,
3783 1372 3871 1443 qui

2273 1463 2572 1518 claruerunt
2601 1462 2683 1516 his
2717 1462 3031 1531 temporibus
3074 1463 3128 1518 in
3173 1462 3411 1534 partibus
3468 1461 3694 1518 Orientis
3723 1503 3740 1527 ,
3772 1463 3873 1518 hoc

2272 1566 2350 1608 est
2380 1553 2673 1624 llospitalis
2695 1555 2863 1629 (nunc
2889 1554 2948 1611 8.
2979 1552 3202 1611 Joannis
3231 1553 3253 1626 )
3281 1563 3332 1610 et
3383 1554 3612 1611 Nilitunt
3644 1553 3867 1627 Teutpli.

2279 1647 2424 1703 Duos
2451 1648 2664 1704 tandem
2691 1648 2911 1704 ordines
2941 1648 3270 1704 monasticos
3296 1649 3399 1705 sub
3426 1648 3626 1719 Joseph
3647 1659 3706 1705 et
3730 1648 3869 1706 lien-

581 1714 768 1810 siiiein
797 1747 1125 1805 bibliotheca
1157 1714 1442 1811 \iaticaua,
1470 1743 1589 1798 sive
1619 1740 1678 1798 8.
1711 1740 1860 1796 Petri
1900 1739 1956 1792 in
1988 1737 2171 1794 Ilnnte
2202 1714 2251 1776 Β
2272 1740 2443 1811 jamin
2471 1739 2595 1795 ﬁliis
2628 1740 2828 1796 Rachel
2861 1749 2917 1796 et
2945 1740 3171 1796 fratrum
3197 1742 3439 1797 omnium
3469 1714 3737 1798 extremis
3774 1740 3869 1798 ad—

578 1859 770 1910 aureo,
801 1843 1021 1915 egregie
1050 1856 1080 1894 a
1111 1839 1176 1894 ιι.
1205 1838 1265 1894 1³.
1310 1838 1454 1894 Loca
1497 1833 1804 1904 Waddingo
1853 1832 2114 1887 instructa
2153 1872 2168 1896 ,

576 1937 697 1994 sire
724 1934 984 1990 Aniciana
1006 1931 1224 2004 collegii
1257 1930 1579 2003 Gregoriani
1605 1975 1619 1999 ,
1654 1931 1772 1986 site
1818 1927 2169 1985 illustrissimi

575 2028 790 2087 Domini
817 2027 973 2086 Joan.
1011 2025 1269 2097 Baptista!
1287 2024 1508 2082 Coccini
1535 2039 1712 2081 sacrm
1754 2021 1908 2078 Rotzu
1942 2021 2164 2085 dt‘cani,

575 2120 634 2179 in
659 2121 858 2194 quibus
887 2119 1024 2177 etin
1053 2119 1176 2174 aliis
1223 2116 1388 2175 Urbis
1425 2116 1780 2174 bibliothecis
1813 2128 1985 2186 Opera
2022 2112 2169 2170 illius

573 2215 824 2286 reperire
852 2213 1062 2271 liceret.
1095 2209 1236 2280 Quid
1266 2211 1310 2265 si
1330 2209 1650 2268 Joachimus
1678 2209 1860 2264 minus
1910 2209 2025 2263 suis
2070 2221 2166 2261 co-

575 2307 792 2365 natibus
813 2305 1238 2363 adversaretur?
1262 2301 1403 2372 Quid
1431 2303 1476 2357 si
1505 2301 1744 2358 faveret?
1775 2301 1972 2358 Parum
2020 2305 2170 2355 esset

572 2399 875 2456 doctrinam
905 2398 1028 2468 ejus
1055 2413 1225 2468 usque
1247 2397 1315 2452 ad
1338 2396 1508 2453 etuias
1533 2395 1830 2458 extollere;
1864 2408 2025 2448 nemo
2057 2401 2164 2449 tam

2275 1833 2574 1903 umbratus,
2605 1833 2844 1888 nondum
2877 1833 3168 1904 inrmpissc
3198 1849 3299 1890 suo
3329 1843 3573 1904 tempore
3600 1834 3868 1900 dicit,ncc

2274 1928 2494 1994 mirmu,
2527 1942 2649 1980 cum
2685 1927 2721 1983 ii
2747 1925 2947 1983 fuerint
2975 1926 3201 1985 ordines
3241 1927 3648 1998 praeclarissimi
3672 1927 3875 1984 Praedi-

2271 2032 2515 2078 catorum
2548 2031 2603 2076 et
2625 2021 2916 2089 Minorum,
2943 2020 3014 2078 de
3043 2021 3238 2092 quibus
3264 2021 3582 2078 Joachimus
3622 2021 3674 2078 in
3713 2035 3867 2076 com-

2272 2120 2560 2176 mentariis
2604 2118 2896 2176 Hieremiae
2945 2122 3234 2190 perspicue
3273 2121 3643 2190 prophetat-it.
3676 2119 3866 2176 Videat

2270 2229 2439 2285 nunc,
2463 2227 2674 2284 qtucso,
2706 2213 3006 2270 Pennottus
3026 2214 3220 2282 quibus
3247 2213 3418 2284 magis
3439 2212 3754 2269 Joachimus
3784 2212 3864 2267 fa-

2271 2317 2419 2371 veat,
2445 2305 2663 2363 clericis
2685 2321 2753 2363 an
2789 2305 3114 2363 monachis?
3141 2305 3274 2362 Nam
3297 2305 3443 2378 quod
3475 2304 3544 2361 de
3584 2305 3865 2361 canonicis

2269 2401 2607 2473 regularibus
2632 2400 2808 2470 quinti
2838 2399 3053 2457 ordinis
3077 2400 3312 2464 scribit,
3338 2399 3406 2454 dc
3436 2399 3867 2470 coitgrcgationc

571 2491 842 2549 acerrime
867 2491 1120 2562 spiritum
1162 2490 1378 2547 abbatis
1417 2488 1720 2560 prophetizc
1762 2489 1909 2544 dono
1955 2489 2165 2544 clarum
2266 2493 2499 2565 quadam
2527 2492 2872 2550 tttattifesltlm
2899 2502 2984 2548 est
3003 2491 3206 2548 debere
3233 2490 3468 2563 intelligi
3494 2530 3513 2558 ,
3555 2489 3647 2546 illa
3699 2490 3864 2545 nimi-

572 2595 822 2643 tueretur
841 2601 905 2642 ac
937 2585 1239 2641 PcunoUus
1267 2600 1280 2638 :
1316 2599 1443 2639 nam
1465 2593 1522 2639 ct
1547 2583 1688 2639 alios
1715 2580 1992 2638 inferioris
2023 2592 2166 2638 nota:
2266 2603 2386 2643 rum
2409 2603 2533 2658 qua:
2562 2589 2615 2643 in
2643 2587 2838 2644 Galliis
2864 2587 3053 2659 regula
3072 2589 3131 2642 S.
3159 2585 3444 2656 Augustini
3477 2585 3742 2641 canonice
3765 2584 3866 2640 do-

570 2689 824 2738 auctores
848 2679 953 2735 sibi
980 2678 1252 2745 faventes,
1281 2675 1635 2751 gratitutliuis
1660 2691 1791 2746 ergo
1814 2675 2166 2732 vehementer
2267 2688 2394 2734 nata
2415 2687 2520 2746 est,
2551 2689 2607 2735 et
2633 2679 2910 2751 geminato
2930 2677 3160 2736 canonis
3182 2686 3241 2734 ct
3271 2676 3479 2748 regula:
3525 2676 3749 2732 nomine
3771 2692 3866 2732 ra-

569 2773 823 2830 bonorat.
848 2773 1024 2844 Spero
1050 2784 1231 2830 tamen
1259 2786 1517 2843 maguum
1545 2769 1686 2843 apud
1720 2771 1869 2826 illum
1898 2768 2166 2838 deinceps
2265 2773 2589 2832 nonicorum
2632 2773 2964 2844 regularium
3000 2771 3188 2829 vocari
3239 2780 3506 2842 cmperat.
3558 2771 3681 2838 Quo
3733 2786 3866 2827 vero

569 2867 879 2924 habendum
911 2882 1032 2923 esse
1060 2866 1430 2934 Joschimum,
1456 2873 1514 2921 ut
1545 2872 1669 2935 pote
1695 2865 1784 2934 qui
1812 2880 1919 2933 lil’il.‘
1950 2861 2164 2918 ctcteris
2264 2882 2412 2922 anno
2441 2866 2492 2922 id
2520 2866 2786 2923 acciderit
2807 2864 3129 2922 Joacbintus
3180 2879 3290 2920 non
3335 2863 3568 2936 promit;
3611 2876 3671 2922 et
3713 2864 3865 2932 quod

566 2961 898 3018 clericorum
929 2975 1149 3018 causam
1180 2966 1364 3017 tuetur
1397 2975 1411 3013 :
1467 2956 1598 3014 nihil
1658 2957 1862 3013 etenim
1905 2971 2060 3027 teque
2107 2954 2160 3010 in
2263 2958 2511 3014 asset-ita
2533 2957 2592 3017 S.
2625 2958 2767 3015 Rufo
2800 2958 2970 3014 fuisse
2999 2958 3323 3025 institutam,
3356 2973 3465 3014 non
3489 2973 3522 3012 ει
3543 2973 3604 3013 sc
3629 3002 3642 3022 .
3677 2959 3772 3014 scil
3795 2973 3862 3014 es

563 3053 821 3109 omnibus
840 3053 958 3108 suis
985 3053 1243 3123 operibus
1275 3051 1509 3108 inculcat
1534 3093 1548 3118 ,
1584 3065 1743 3122 quam
1768 3046 2018 3105 ordinem
2050 3047 2163 3104 cie-
2186 3095 2232 3123 η
2263 3049 2496 3106 aliorum
2525 3049 2796 3106 relatione
2835 3051 3028 3107 scribit
3059 3069 3071 3106 :
3103 3061 3157 3107 et
3191 3050 3370 3106 forsan
3394 3050 3556 3121 vulgo
3579 3049 3868 3108 dicebatur

567 3095 821 3109 ..η-...νυ
840 3095 957 3108 υ-.-
986 3095 1243 3123 ηψπ.--
1275 3095 1509 3108 .............
1534 3095 1548 3118 ,
1585 3095 1743 3122 .,.._...
1771 3095 2018 3105 ν.-...-...
2053 3095 2131 3104 ν.-
2835 3095 3028 3107 νυν-.-
3059 3095 3071 3106 .
3106 3095 3157 3107 ν.
3191 3095 3370 3106 .-.υ-η
3405 3095 3554 3121 .-.ον
3581 3095 3855 3108 ....,-..-....

567 3145 806 3201 ricorum
835 3146 1074 3216 priorem
1089 3143 1258 3202 fuisse
1278 3144 1471 3201 ordine
1493 3144 1901 3208 monachorum,
1930 3140 1982 3198 id
2010 3139 2156 3213 quod
2185 3095 2234 3162 C
2263 3142 2399 3197 ordo
2430 3143 2525 3198 ille
2545 3158 2574 3197 a
2598 3143 2655 3198 S.
2685 3142 2825 3199 Rufo
2853 3141 3155 3221 institutus,
3183 3141 3328 3214 quod
3362 3143 3414 3198 in
3441 3143 3565 3213 ejus
3590 3154 3869 3199 tnenastc-

564 3234 692 3291 data
741 3251 912 3306 opera
960 3235 1199 3292 afﬁrmat
1248 3243 1306 3292 et
1356 3234 1553 3307 probat
1586 3233 1681 3290 lib.
1739 3249 1778 3292 tt
1837 3232 2158 3290 Concordiae
2261 3235 2344 3290 rio
2373 3235 2655 3292 institutus
2673 3245 2853 3302 esset;
2885 3235 3118 3308 indeque
3144 3250 3173 3289 a
3202 3235 3261 3291 S.
3296 3234 3443 3291 Rufo
3472 3235 3539 3290 ad
3569 3237 3738 3291 multa
3759 3237 3863 3293 alia

567 3330 846 3401 utriusque
876 3329 1235 3397 Testamenti,
1259 3337 1523 3386 tractatur
1559 3345 1680 3400 cap.
1714 3329 1750 3386 5
1773 3371 1788 3395 ,
1813 3319 1956 3385 etin
1989 3328 2157 3385 intro-
2197 3382 2208 3398 ,
2259 3325 2539 3384 derit-atus
2565 3325 2655 3384 sit.
2693 3327 2895 3384 Verum
2926 3326 3200 3397 ejusmodi
3242 3327 3567 3385 clericorum
3596 3331 3863 3385 antelatio

563 3422 799 3479 ductorii
829 3425 896 3480 ad
925 3423 1154 3496 Apocal.
1185 3438 1306 3493 cap.
1341 3423 1430 3479 l9.
1485 3421 1677 3495 Capite
1726 3434 1906 3479 autem
1953 3422 2025 3480 20
2064 3436 2154 3480 sc-
2260 3433 2370 3476 nou
2393 3422 2464 3475 ita
2495 3421 2772 3477 mordicus
2798 3437 2860 3476 ex
2888 3433 3070 3478 mente
3096 3421 3241 3478 beati
3268 3421 3368 3478 viri
3399 3422 3714 3493 accipienda
3743 3431 3854 3490 est,

560 3515 752 3587 queuti
779 3515 1063 3573 duodecim
1089 3515 1463 3585 religiosorum
1497 3516 1757 3580 ordines,
1789 3531 1885 3572 seu
1923 3530 2156 3588 congreo
2256 3513 2416 3586 quasi
2446 3515 2676 3572 multum
2712 3514 2974 3586 temporis
3000 3515 3145 3572 inter
3186 3516 3514 3573 clericatum
3565 3527 3622 3575 et
3669 3533 3860 3573 mona-

560 3608 809 3679 gationes
835 3606 1063 3664 totidem
1086 3607 1413 3680 patriarcbis
1441 3648 1457 3676 ,
1485 3607 1611 3664 ﬁliis
1655 3607 1827 3665 Jacob
1853 3622 2157 3664 accommo-
2257 3605 2488 3663 chorum
2515 3605 2914 3665 institutionem
2961 3606 3269 3665 interfuerit
3294 3626 3311 3666 ;
3340 3624 3465 3665 nam
3498 3625 3600 3679 cap
3653 3624 3857 3673 prace-

559 3700 722 3768 dans,
747 3701 980 3772 primunt
1013 3709 1262 3757 recenset
1290 3715 1383 3757 ses
1412 3699 1734 3757 clericorum
1779 3700 2156 3772 congregatio-
2257 3698 2406 3754 denti
2439 3700 2559 3771 (seu
2579 3699 2988 3773 t9iutroduct.)
3015 3701 3344 3772 utrosquciu
3370 3701 3646 3773 primitit-a
3671 3700 3856 3756 Eccle-

561 3810 662 3851 ues
688 3795 792 3851 sub
815 3811 909 3852 ses
938 3795 1067 3851 ﬁliis
1089 3794 1198 3850 Lia:
1219 3795 1591 3866 primogenitm
1607 3803 1858 3866 respectu
1875 3793 2152 3862 Raehelis,
2254 3793 2334 3850 sia
2351 3802 2502 3850 ortos
2525 3793 2693 3850 fuisse
2706 3792 3009 3856 contendit.
3033 3795 3311 3866 inquiens:
3327 3793 3470 3851 Inito
3487 3806 3665 3850 autem
3687 3797 3853 3866 primo

561 3886 921 3959 signiﬁcans;
952 3903 1017 3944 ac
1043 3887 1241 3944 deinde
1278 3888 1500 3944 totidem
1532 3888 1921 3943 monachorum
1945 3899 1995 3943 et
2026 3887 2156 3942 reli-
2254 3895 2412 3953 statu,
2447 3896 2497 3943 et
2525 3885 2766 3943 inchoato
2791 3886 3020 3943 secundo
3053 3888 3072 3960 (
3098 3888 3192 3956 qui
3229 3887 3395 3959 (cpit
3423 3905 3455 3944 a
3487 3889 3711 3944 Christo
3748 3889 3854 3944 Do-

560 3981 841 4052 giosorum
864 3979 1100 4036 militum
1134 3979 1240 4036 sub
1267 3990 1394 4052 typo
1422 3979 1652 4035 ﬁliorum
1684 3978 1826 4035 Bais:
1855 3988 1912 4036 et
1936 3977 2156 4052 Zelphze
2256 3978 2430 4048 mino)
2451 3995 2574 4034 mox
2600 3979 2906 4035 clericorum
2933 3991 2982 4035 et
3013 3979 3381 4036 monachorum
3399 3979 3856 4038 ordinesinrhaa’i

560 4071 988 4139 aucillarum,ac
1010 4071 1265 4129 llachelis
1287 4071 1669 4136 adumbratas;
1701 4071 1786 4126 Itis
1808 4087 1891 4127 vet
1904 4071 1989 4129 bis
2033 4086 2154 4141 qua:
2255 4082 2408 4128 sunt:
2429 4072 2574 4128 haud
2596 4071 2812 4127 dubium
2849 4073 2972 4141 quin
3007 4072 3061 4128 in
3093 4071 3327 4129 Ecclesia
3355 4075 3652 4142 primitirn,
3681 4075 3770 4146 qui
3802 4085 3854 4129 ct

563 4166 772 4225 referre
803 4168 1005 4241 placet,
1037 4175 1095 4222 ut
1120 4165 1302 4222 videat
1329 4165 1631 4223 Peunottus
1661 4180 1946 4236 pce-peram
1971 4165 2157 4221 bactc-
2255 4164 2841 4222 ritamecclesiasticum
2875 4166 3212 4238 prtedicaudo
3249 4175 3300 4222 ct
3327 4167 3558 4224 ordinem
3598 4168 3850 4222 monasti-

562 4277 664 4317 nus
693 4261 944 4319 abbatem
973 4269 1226 4318 sanctum
1251 4259 1588 4316 intellectum
1614 4275 1738 4315 cum
1761 4259 1870 4331 agit
1892 4258 1960 4316 de
1982 4273 2152 4316 cano.

560 4353 700 4409 uicis
725 4353 897 4410 sancti
925 4352 1065 4408 Rufi.
1093 4351 1163 4410 Ut
1190 4359 1361 4408 autem
1390 4350 1715 4428 intelligatur
1741 4354 1879 4422 quod
1920 4353 2151 4420 dicatur,

561 4446 681 4503 libet
711 4447 850 4518 ipsos
887 4447 1026 4518 ﬁlios
1075 4443 1242 4502 Iacob
1287 4446 1507 4517 singulis
1549 4445 1813 4500 ordinibus
1859 4445 2147 4516 assignare.

562 4535 772 4594 Primus
799 4536 927 4594 ordo
951 4537 1307 4611 religiosorum
1333 4538 1598 4594 institutus
1623 4544 1700 4592 est
1721 4536 1786 4592 ab
1821 4537 2072 4611 apostolis
2103 4539 2158 4594 in

564 4631 798 4690 Ecclesia
824 4633 1082 4703 primitiae
1119 4649 1140 4688 :
1174 4643 1220 4688 et
1246 4632 1356 4705 ipse
1408 4632 1706 4704 designatus
1732 4641 1807 4688 est
1847 4633 1902 4687 in
1945 4631 2154 4688 Ruben.

563 4724 838 4781 Secundus
859 4727 911 4780 in
941 4724 1240 4787 Antiochia,
1269 4725 1354 4779 ubi
1375 4726 1543 4798 primo
1572 4724 1698 4779 dicti
1747 4733 1864 4779 sunt
1912 4724 2156 4796 discipuli

558 4816 872 4884 Christiani;
901 4825 949 4874 et
977 4817 1089 4888 ipse
1124 4817 1428 4887 designatus
1466 4825 1541 4871 est
1579 4817 1635 4870 in
1673 4815 1908 4871 Simeou.
1948 4814 2156 4871 Tertius

558 4910 614 4964 in
641 4909 982 4975 Alexandria,
1012 4911 1077 4965 de
1102 4926 1229 4980 quo,
1255 4921 1308 4964 ut
1323 4912 1481 4979 refert
1513 4907 2150 4976 Ecclesiasticaﬂistoria,

561 5004 724 5059 multa
752 5001 911 5060 laude
939 5004 1099 5076 digna
1127 5001 1304 5058 retulit
1331 5001 1489 5057 Philo
1513 5001 1765 5068 Judwus,
1797 5001 2023 5058 laudans
2067 5017 2153 5058 sa-

561 5096 828 5151 brietatem
855 5103 901 5148 et
922 5095 1364 5150 conversationem
1391 5094 1567 5161 illius;
1607 5103 1656 5148 ct
1711 5095 1822 5164 ipse
1851 5092 2151 5168 designatus

558 5200 633 5246 est
660 5191 712 5244 in
735 5189 878 5245 Levi.
907 5189 1136 5258 Quartus
1165 5188 1292 5244 ordo
1319 5189 1589 5244 institutus
1616 5199 1691 5244 est
1726 5189 1779 5242 in
1825 5189 1998 5259 Africa
2023 5207 2055 5244 a
2084 5188 2148 5246 Β.

561 5283 888 5354 Augustino;
925 5293 974 5336 et
995 5282 1106 5351 ipse
1144 5281 1443 5354 designans
1499 5289 1575 5336 est
1620 5283 1671 5336 in
1717 5279 1878 5336 Iuda.
1931 5282 2154 5349 Quintus

561 5374 690 5429 ordo
716 5375 814 5444 fuit
843 5373 1210 5428 eanouicorunt
1236 5374 1550 5444 regularium
1579 5374 1630 5428 in
1661 5373 1888 5429 occiduis
1924 5377 2155 5446 partibus

563 5467 866 5532 institutus,
896 5467 984 5538 qui
1005 5483 1102 5538 pro
1125 5477 1272 5536 parte
1302 5468 1466 5536 ipsius
1494 5471 1691 5540 regulae
1716 5485 1872 5539 quant
1903 5478 2035 5523 tene:
2078 5469 2160 5525 di-

563 5563 697 5616 citur
717 5571 767 5615 et
798 5561 908 5632 ipse
939 5561 1000 5616 S.
1029 5561 1307 5634 Augustini
1350 5577 1370 5618 :
1422 5573 1470 5616 ct
1497 5563 1611 5631 ipse
1663 5565 1962 5635 designatus
1991 5571 2066 5619 est
2105 5565 2161 5619 in

567 5648 841 5708 Issacltar.
877 5652 1068 5709 Scalas
1096 5651 1227 5708 ordo
1257 5653 1460 5709 videtur
1484 5671 1596 5711 esse
1620 5657 1986 5712 canonicorutu
2011 5655 2160 5712 Pro:-

568 5749 1057 5806 tnonstratentium:
1098 5757 1149 5805 et
1194 5747 1304 5821 ipse
1346 5747 1646 5823 designatus
1693 5762 1765 5807 Cal
1805 5755 1858 5808 in
1897 5749 2157 5810 Zubulen.

2255 4274 2373 4312 cunt
2399 4276 2491 4332 per
2508 4275 2832 4316 ctmmunem
2861 4259 3016 4314 citant
3035 4259 3327 4315 servabant.
3360 4256 3528 4315 Tanta
3555 4272 3728 4314 autem
3753 4259 3856 4333 [ρει

2255 4351 2550 4406 communia
2573 4350 2795 4406 duorum
2827 4350 3071 4406 ordinum
3094 4352 3310 4406 istorum
3345 4350 3402 4406 in
3445 4349 3544 4405 hoc
3580 4359 3724 4405 statu
3771 4367 3858 4406 sc-

2258 4443 2450 4508 cundo,
2482 4451 2538 4498 ut
2567 4457 2656 4498 nec
2684 4442 2865 4497 clerici
2891 4441 3130 4497 deessent
3159 4443 3213 4496 in
3235 4458 3321 4507 ea,
3360 4442 3454 4513 qui
3470 4442 3693 4497 viret-ent
3711 4459 3852 4496 rant-

2261 4537 2484 4593 munitcr
2501 4537 2634 4592 sicut
2660 4536 2900 4590 monachi
2917 4580 2933 4606 ,
2976 4552 3068 4592 nec
3109 4534 3352 4591 monachi
3389 4533 3573 4608 quibus
3620 4537 3852 4607 oﬂiciuns

2260 4631 2663 4685 committeretur
2689 4628 3021 4685 clericorum.

2332 4721 2502 4776 Porro
2523 4721 2665 4793 quod
2694 4721 2762 4779 ad
2782 4737 2907 4794 cap.
2941 4720 3010 4777 M
3031 4720 3202 4794 Apoc.
3228 4720 3447 4787 scribit,
3477 4722 3669 4791 Surge:
3693 4723 3847 4789 ordo,

2258 4816 2348 4885 qui
2368 4817 2571 4870 videtur
2594 4833 2778 4883 nouus,
2803 4827 2849 4871 et
2880 4831 2983 4872 non
3006 4827 3100 4886 est,
3133 4817 3309 4872 induti
3340 4818 3504 4888 nigris
3525 4817 3768 4885 restibus,
3799 4827 3847 4873 ct

2261 4910 2435 4965 induti
2459 4913 2680 4980 desuper
2705 4927 2860 4976 zona,
2891 4911 2980 4979 qui
3017 4910 3116 4965 erit
3139 4909 3268 4966 ordo
3305 4909 3680 4974 Eremiturum,
3715 4921 3846 4977 etc.,

2259 5004 2398 5061 velit
2422 5005 2562 5061 nolit
2606 5004 2926 5070 Peuuottus,
2965 5003 3251 5060 manifesta
3300 5013 3381 5059 est
3413 5005 3704 5074 prophetia
3732 5019 3851 5060 crc-

2260 5098 2520 5155 mitarum
2550 5097 2608 5154 S.
2654 5097 2966 5168 Augustini,
3008 5113 3133 5153 cum
3166 5111 3263 5153 eos
3291 5097 3531 5154 nondum
3570 5113 3636 5151 eo
3663 5096 3847 5152 habitu

2259 5201 2315 5247 et
2346 5192 2563 5262 cingulo
2586 5190 2818 5246 donatos
2845 5191 2926 5265 (ut
2949 5191 3252 5245 luculenter
3279 5190 3469 5261 prohat
3501 5190 3564 5243 ll.
3595 5189 3653 5244 l’.
3677 5189 3852 5246 Lucas

2264 5284 2628 5358 Wadtlingns)
2663 5300 2761 5338 nec
2792 5287 2978 5340 unitos
3000 5287 3064 5337 ad
3099 5301 3262 5340 utmnt
3289 5284 3561 5350 ordinem,
3592 5283 3733 5337 rivis
3759 5295 3856 5337 co-

2263 5378 2470 5436 loribus
2501 5377 2830 5448 depinxerit.
2861 5375 2994 5432 Nam
3036 5376 3178 5446 quod
3216 5372 3512 5444 respondet
3553 5373 3852 5428 l‘uaoottus

2263 5470 2358 5528 lib.
2391 5487 2430 5538 ι,
2458 5486 2580 5542 cap.
2613 5470 2704 5535 5|,
2729 5469 2972 5539 potuisse
2997 5468 3339 5524 .loaebimum
3365 5465 3434 5523 de
3463 5463 3854 5523 eretnitisGui-

2263 5562 2541 5628 lielmitis,
2587 5570 2681 5617 aut
2709 5559 3033 5617 Jambouitis
3079 5559 3253 5631 loqui,
3291 5568 3413 5630 post
3447 5574 3586 5628 quos
3626 5567 3853 5612 csortos

2265 5657 2611 5731 prOphetarit
2634 5657 2778 5712 circa
2803 5672 3002 5712 annum
3037 5654 3250 5711 Domini
3281 5653 3441 5722 £200,
3477 5653 3636 5723 longe
3667 5670 3694 5705 a
3725 5665 3853 5706 vero

2269 5750 2447 5822 abem,
2477 5759 2533 5807 et
2568 5764 2756 5823 parum
2803 5749 3082 5807 memoria:
3119 5747 3173 5804 in
3216 5762 3286 5804 eo
3322 5745 3524 5820 arguit,
3563 5743 3658 5816 qui
3689 5742 3856 5816 paulo
