4052 6440
281 316 390 376 617

1350 334 1882 404 Αροιοςετισυε
1920 341 2057 403 Ριιο
2095 346 2158 404 L.
2202 346 2507 413 DEXTRO.

3477 364 3585 426 6l8

281 438 417 490 ante
440 448 568 508 cap.
595 435 693 507 ιθ,
720 453 874 497 num.
906 440 965 511 5,
987 441 1056 501 de
1084 444 1419 507 Culielmitis
1443 451 1699 511 dixerat:
1730 455 1885 523 Patet
1906 462 1957 523 Α
1987 460 2075 517 nis
2116 462 2473 522 eremitarum
2521 464 2578 523 S.
2623 464 2936 540 Augustini,
2977 471 3196 530 adducit
3244 476 3584 550 prophetiam

281 528 426 597 quod
451 527 664 587 habitus
684 534 1021 589 eretttitarunt
1052 535 1120 591 ὓ.
1145 535 1419 596 Guillelnsi
1461 542 1615 618 longe
1651 545 1887 606 diuersus

280 626 416 685 erat,
443 628 554 675 lunt
584 638 650 679 ex
675 624 903 682 erentitis
926 627 1057 684 dicti
1078 629 1303 697 ordinis,
1323 633 1551 703 quicum
1581 637 1675 694 illo
1701 639 1885 697 Isabitu

282 723 707 786 permanserunt,
732 718 824 788 qui
859 734 964 775 non
988 730 1103 776 erat
1123 723 1333 779 cucullo
1364 726 1539 803 nigra,
1572 731 1664 786 sed
1706 734 1885 789 tunica

279 804 428 873 alba,
459 822 576 863 cunt
602 811 853 867 mantello
872 814 1014 878 albo.
1048 816 1187 873 unde
1221 828 1273 874 et
1307 822 1475 876 vocati
1503 834 1626 879 sunt
1651 830 1884 885 mantelti

282 896 411 953 albi.
443 899 519 958 De
548 901 874 963 lambonltis
906 924 1060 978 vero,
1100 926 1203 969 seu
1240 915 1485 975 eremitis
1518 917 1614 975 Fr.
1657 920 1884 981 Joannis

281 1083 355 1139 ah
382 1085 702 1146 innocentia
738 1092 807 1149 IV
838 1094 1061 1166 factam,
1093 1115 1203 1156 non
1237 1099 1499 1162 habuisse
1537 1106 1757 1179 nigrum
1785 1110 1883 1168 ha-

280 1177 480 1246 bitum,
516 1181 614 1240 sed
654 1182 865 1243 hahitui
907 1187 1161 1247 Fratrum
1200 1193 1465 1252 itinerum
1511 1177 1876 1271 persimilem;

280 1270 562 1344 relertqne
612 1274 823 1337 litteras
871 1280 1131 1341 Gulielmi
1162 1287 1466 1346 cardinalis
1516 1270 1877 1365 protectoris,

279 1363 373 1421 ubi
396 1364 468 1423 de
494 1367 605 1424 illis
621 1368 735 1441 jam
764 1372 935 1432 unitis
961 1375 1040 1433 ait
1073 1395 1087 1432 :
1121 1376 1190 1435 Et
1213 1382 1343 1453 quia
1361 1363 1543 1440 eorunt
1561 1387 1770 1446 habitus
1790 1363 1879 1461 qui

275 1455 484 1516 habitari
515 1459 764 1521 Fratrum
789 1465 1056 1527 Mineruae
1090 1473 1366 1531 videbatur
1388 1482 1696 1551 conformis,
1732 1455 1877 1554 apud

274 1554 487 1628 aliquos
505 1559 813 1616 scandalum
830 1564 1212 1635 quodammodo
1229 1570 1535 1639 suscitabat,
1550 1574 1615 1631 de
1632 1575 1877 1633 mandato

273 1654 325 1702 et
357 1651 665 1709 auctoritate
691 1652 916 1711 duorum
939 1659 1320 1733 cardinaliuns,
1344 1664 1437 1737 qui
1459 1672 1587 1722 tunc
1623 1668 1681 1725 in
1707 1670 1878 1739 parti-

272 1736 366 1793 bus
391 1738 725 1801 Lontbardiat
748 1745 1023 1819 legationis
1053 1751 1409 1826 fungebantur
1428 1756 1632 1830 ofﬁcio,
1658 1736 1872 1834 nigrant

270 1848 424 1903 quem
447 1838 661 1907 gestatis
682 1838 859 1895 adhuc
885 1840 1146 1912 habitum,
1171 1847 1458 1922 elegerunt.
1488 1849 1595 1920 Qui
1617 1868 1736 1909 cunt
1750 1858 1871 1928 jam
1900 1850 1948 1913 Β
2045 1863 2349 1928 Tritbemiu

269 1937 584 1985 uocarentur
609 1929 827 1991 Fratres
851 1933 1098 1997 Erensitte
1117 1937 1342 2000 Joannis
1361 1944 1506 2013 boui,
1530 1956 1638 2005 etc.
1663 1948 1871 2008 Zouam

271 2034 405 2077 rem
434 2023 779 2093 postmodum
801 2027 969 2085 etiam
997 2034 1309 2107 suscepisse
1338 2038 1517 2111 liquet
1551 2054 1619 2099 es
1665 2041 1871 2103 litteris

270 2116 537 2187 apostolis
578 2117 828 2191 Gregorii
864 2121 969 2192 ιι,
1010 2140 1151 2198 quas
1197 2129 1372 2189 refert
1418 2132 1538 2204 ipse
1568 2135 1871 2197 Pennottus

272 2205 473 2265 eodem
499 2223 623 2283 cap.
650 2211 742 2282 67,
788 2229 942 2273 nutu.
979 2218 1038 2273 7.
1083 2219 1339 2294 Depiasit
1373 2240 1510 2298 ergo
1552 2227 1874 2291 ioachimus

269 2299 517 2361 habitum
567 2310 925 2368 eremitarum
971 2322 1030 2371 et
1077 2317 1415 2391 corrigiam,
1459 2338 1583 2394 qua:
1630 2324 1871 2384 nondum

268 2406 433 2454 erant
476 2398 531 2456 in
572 2402 739 2460 rebus
772 2419 788 2461 :
819 2421 923 2463 uec
959 2409 1181 2479 mirum,
1228 2426 1357 2470 eum
1389 2414 1617 2474 ordines
1653 2433 1872 2492 quoque

268 2488 544 2551 Ilinorum
600 2505 658 2554 et
705 2496 1133 2559 Praedicaton
1184 2505 1477 2565 manifeste
1523 2488 1868 2584 praedixerit,

266 2598 574 2659 eorumque
598 2592 941 2662 patriarchas
971 2596 1026 2653 in
1056 2612 1144 2664 eo,
1167 2615 1331 2672 quem
1362 2604 1708 2672 postmodum
1730 2620 1871 2663 sum-

270 2692 498 2749 pserunt
544 2682 732 2743 habitu
778 2689 923 2758 apud
967 2690 1028 2749 S.
1059 2690 1300 2751 Marcum
1330 2696 1686 2756 Venetiarum
1732 2699 1871 2758 vivis

270 2776 552 2834 coloribus
578 2778 797 2854 depingi
841 2784 1057 2853 fecerit,
1087 2796 1142 2844 et
1172 2789 1347 2845 multa
1380 2790 1485 2845 alia
1514 2791 1868 2863 prtedixerit,

268 2870 472 2942 quibus
527 2872 733 2933 eximio
781 2877 1082 2949 prophetia:
1134 2882 1332 2954 spiritu
1378 2883 1642 2956 polluisse
1697 2888 1870 2959 magis

269 2963 619 3035 perspicuum
644 2976 755 3038 est,
785 2982 949 3042 quant
977 2980 1037 3029 ut
1070 2972 1230 3047 longa
1260 2977 1511 3033 oratione
1540 2977 1759 3050 probari
1786 2979 1872 3036 iu-

269 3055 473 3131 digeat.

342 3149 454 3208 Sed
502 3167 615 3225 quo
654 3151 775 3214 hac
812 3154 946 3214 liant
990 3168 1118 3217 nota
1148 3161 1428 3233 omnibus,
1460 3174 1518 3223 et
1541 3175 1735 3224 contra
1775 3166 1870 3225 ad.

271 3244 644 3306 versariorum
672 3252 892 3310 testium
924 3253 1370 3317 informationem
1400 3275 1432 3316 a
1462 3259 1731 3318 Pennotto
1757 3262 1870 3319 tac-
1892 3244 1939 3310 C

274 3345 385 3397 tam
408 3355 509 3411 pro
523 3342 796 3402 Joachimi
818 3346 1129 3406 innocentia
1147 3352 1556 3424 comprobanda
1572 3357 1869 3414 nonnullos

271 3447 491 3501 eorum,
530 3437 621 3508 qui
663 3453 764 3511 pra
798 3454 866 3496 eo
905 3452 1058 3498 stant
1082 3442 1264 3515 (brevi
1300 3456 1480 3503 tamen
1520 3447 1868 3519 compendio,

271 3537 436 3597 prout
464 3528 622 3586 locus
649 3530 875 3608 patitut)
908 3533 965 3591 iu
997 3535 1237 3592 medium
1278 3536 1556 3596 adducere
1600 3555 1706 3597 non
1746 3557 1870 3612 gra-

269 3619 465 3677 vabor.
512 3621 757 3682 Primum
801 3626 1045 3684 omnium
1098 3628 1319 3700 prolem
1347 3630 1408 3689 S.
1452 3624 1714 3705 Cyrillum
1742 3633 1865 3691 ard.

270 3714 692 3775 Carmelitarum
721 3720 1097 3794 splendorem,
1130 3727 1222 3795 qui
1251 3741 1318 3782 ex
1347 3724 1600 3785 Carmclo
1637 3726 1703 3784 ad
1744 3726 1868 3786 Joa-

270 3809 515 3868 cbimuut
542 3812 595 3868 in
623 3812 879 3873 Calabria
905 3815 1196 3888 degentem
1238 3833 1403 3890 super
1433 3818 1720 3890 prophetia
1760 3821 1867 3877 sibi

271 3902 493 3959 castitas
528 3912 751 3962 ostensa
791 3907 1078 3965 enodauda
1124 3910 1180 3966 in
1226 3908 1347 3967 tunc
1389 3910 1555 3967 verba
1597 3913 1816 3985 scripsit
1850 3931 1864 3969 :

271 3999 405 4054 Cum
458 3995 603 4056 Dens
648 4001 743 4057 tibi
794 4001 930 4057 velut
976 4004 1202 4060 secundo
1249 4003 1452 4062 Joanni
1498 4004 1867 4079 anngclistw,

270 4096 459 4151 utiraut
481 4096 660 4168 futura
695 4098 960 4154 noscenda
997 4104 1223 4173 gratiast
1255 4101 1556 4171 contulerit,
1587 4100 1870 4174 ,lturniliter

272 4205 449 4263 quiusa
480 4189 783 4264 (reserende
821 4190 1006 4267 Pater)
1046 4207 1103 4253 ut
1133 4194 1338 4252 brevius
1367 4196 1694 4270 prophetiam
1729 4197 1868 4253 ltanc

273 4284 546 4343 enucleare
590 4287 854 4360 digneris,
890 4305 996 4362 quo
1050 4289 1333 4347 dilucidius
1387 4289 1565 4347 Divini
1624 4291 1869 4365 abyssum

274 4376 438 4452 ltujus
475 4380 702 4437 muneris
745 4392 1022 4453 penetrare
1070 4384 1351 4441 calcamus.
1400 4381 1616 4461 Frange
1660 4401 1867 4453 nucem,

271 4472 434 4529 densa
470 4474 658 4542 revela,
704 4484 760 4530 ut
797 4476 1072 4546 splendeat
1104 4480 1307 4537 cunctis
1341 4479 1555 4537 claritas
1588 4479 1868 4537 clarissimi

272 4563 441 4623 Solis.
471 4565 660 4622 Exstat
690 4566 963 4637 ejusmodi
992 4569 1224 4641 cpistola
1256 4586 1378 4626 cum
1408 4573 1666 4644 aperiltus
1695 4572 1868 4645 ipsius

272 4656 544 4717 Joachimi
572 4660 626 4719 in
657 4659 919 4719 Vaticana
960 4663 1314 4732 bibliotheca,
1345 4676 1401 4722 et
1431 4641 1485 4723 in
1525 4666 1697 4725 altera
1718 4641 1865 4725 'tno-
1894 4641 1948 4703 D

274 4752 501 4810 nastcrii
528 4752 587 4812 S.
619 4752 770 4812 Fidis
804 4756 1015 4814 ordinis
1037 4755 1425 4816 Cisterciensis
1444 4773 1617 4831 prape
1656 4760 1867 4817 Czcsar-

271 4857 594 4919 augustam,
631 4864 867 4925 eamque
908 4851 1079 4911 refert
1115 4852 1355 4913 lacubus
1381 4855 1455 4912 de
1491 4855 1761 4930 Voragine
1810 4857 1866 4915 in

275 4940 399 4998 Vita
418 4941 479 5001 S.
511 4940 729 5015 Cyrilli.

342 5032 616 5091 Chronica
646 5038 1037 5110 magistrorum
1064 5040 1406 5111 generalium
1429 5043 1642 5102 ordinis
1664 5044 1723 5102 S.
1757 5044 1866 5101 Do-

272 5126 460 5185 minici
508 5128 624 5186 hac
668 5131 909 5190 habent:
947 5132 1272 5193 Venerabilis
1309 5145 1486 5192 autem
1519 5137 1679 5194 abbas
1733 5136 1869 5195 Joa-

275 5220 415 5277 cltisn
444 5219 712 5279 Florensis
732 5224 936 5281 ordinis
964 5226 1256 5291 ittstittttor,
1290 5228 1541 5298 fratribus
1575 5231 1686 5287 suis
1717 5230 1869 5287 babi-

275 5324 410 5384 tusn,
445 5333 603 5389 quem
642 5317 817 5376 dictas
854 5322 1105 5394 magister
1142 5320 1467 5393 Reginaldus
1492 5340 1526 5379 a
1553 5324 1620 5382 Β.
1657 5324 1870 5399 Virgine

274 5421 547 5482 acceperat
567 5455 584 5481 ,
630 5411 931 5484 prophetica
964 5413 1326 5474 demonstrans
1344 5460 1362 5486 ,
1400 5420 1455 5473 in
1487 5418 1720 5491 quadarn
1757 5436 1871 5477 nta-

274 5505 505 5561 nasteria
539 5504 622 5561 sui
658 5504 883 5573 ordinis,
911 5506 1051 5579 quod
1087 5518 1164 5565 est
1205 5509 1261 5565 in
1288 5508 1555 5577 Calabria,
1582 5510 1797 5588 depingi
1821 5525 1872 5569 et

279 5599 440 5653 etiarn
466 5598 521 5654 in
550 5598 787 5656 Ecclesia
817 5598 988 5657 Παντὶ
1023 5600 1364 5660 Venetiarum
1398 5605 1736 5662 vermiculato
1766 5621 1876 5662 etne

281 5690 503 5749 blesnate
530 5692 648 5763 fieri
668 5695 813 5767 fecit,
835 5695 1013 5754 dicens
1033 5713 1054 5754 :
1082 5696 1198 5755 Cito
1219 5706 1392 5773 surget
1432 5700 1485 5757 in
1512 5696 1755 5757 Ecclesia
1775 5700 1874 5759 Dei

280 5800 446 5843 nouus
472 5787 604 5844 ordo
631 5788 955 5857 docentium,
978 5800 1087 5850 etc.

356 5878 630 5940 Henricus
648 5879 719 5940 de
742 5882 1034 5951 Vritnaria,
1057 5884 1113 5941 in
1145 5892 1379 5947 tractatu
1405 5884 1476 5949 de
1488 5888 1701 5963 origine
1724 5887 1878 5949 ordio

651 5977 927 6042 Panos»
970 5976 1217 6044 XXXI.

1991 555 2286 627 Joachimi,
2317 560 2391 617 de
2417 576 2519 633 qua
2550 562 2712 633 paulo
2736 566 2987 636 superius
3014 570 3245 640 egimus.

2063 652 2336 711 lichenes
2362 653 2434 713 de
2478 655 2629 714 Licio
2659 662 2949 731 episcopus
2986 662 3261 735 Aquensis
3305 668 3485 726 Serm.
3510 670 3585 729 45

1986 743 2058 801 de
2108 743 2350 815 Sanctis,
2393 748 2489 817 qui
2536 759 2623 807 est
2662 750 2737 809 de
2781 752 2946 811 beato
2990 755 3283 818 Francisco
3314 779 3329 819 :
3362 762 3586 838 Insuper

1986 836 2112 908 (ait)
2135 838 2298 895 abbas
2318 838 2562 899 Joacltins
2588 846 2669 901 uir
2690 848 2894 905 eximia:
2918 853 3213 910 sanctitatis
3229 898 3245 923 ,
3272 867 3321 911 et
3354 836 3587 932 proplte-

1984 934 2088 990 tieo
2116 936 2310 1006 spiritu
2333 937 2563 1011 clarens,
2594 942 2649 997 in
2672 944 2899 1015 quodam
2929 964 3026 1003 suo
3065 949 3242 1004 libello
3286 952 3361 1005 ita
3399 954 3535 1009 dixit
3564 969 3586 1010 :

1985 1025 2158 1083 Erunt
2180 1029 2285 1085 duo
2303 1032 2422 1100 uiri,
2448 1049 2583 1090 unus
2601 1034 2741 1104 hinc,
2770 1039 2913 1095 alius
2938 1040 3062 1096 inde
3080 1083 3095 1109 ,
3125 1043 3213 1113 qui
3239 1043 3345 1098 dno
3373 1045 3584 1102 ordines

1981 1119 2417 1193 interpretantur;
2438 1143 2573 1184 unus
2594 1127 2769 1185 Italus
2790 1131 2855 1186 de
2880 1132 3127 1202 Thuscia,
3152 1137 3288 1192 alter
3310 1137 3585 1207 Hispanus

1980 1213 2047 1268 de
2085 1213 2363 1287 Hispania,
2398 1227 2531 1289 etc.,
2566 1230 2621 1279 et
2650 1222 2721 1279 de
2764 1224 3060 1283 Francisco
3096 1228 3321 1285 subdit:
3359 1230 3586 1304 Depingi

1980 1321 2099 1362 eum
2125 1309 2249 1379 fecit
2283 1309 2342 1366 in
2379 1310 2615 1370 Ecclesia
2644 1313 2710 1372 S.
2742 1315 2913 1373 Marci
2944 1320 3010 1374 dc
3058 1319 3290 1378 Venetiis
3328 1340 3447 1378 cunt
3485 1328 3584 1380 sti-

1977 1402 2242 1473 gntatibus
2278 1421 2439 1478 super
2478 1410 2671 1465 ostium
2710 1413 2988 1482 sacristita,
3020 1415 3157 1472 sicut
3202 1418 3458 1474 hodierna
3496 1421 3583 1477 die

1983 1495 2311 1554 cernentibus
2335 1510 2501 1572 patet.

2047 1583 2383 1647 Ptolomaeus
2403 1592 2471 1649 de
2499 1592 2643 1653 Luca
2676 1598 2729 1652 in
2751 1597 2959 1658 Chron.
2986 1619 3002 1659 :
3026 1600 3282 1679 Tempore
3300 1605 3452 1664 Lucii
3480 1609 3580 1666 111

1974 1679 2155 1750 ﬂoruit
2174 1679 2422 1741 Joacltius
2436 1686 2602 1745 abbas
2621 1692 2676 1746 in
2698 1688 2969 1765 Calabria,
2985 1695 3228 1755 doctrina
3250 1710 3301 1756 et
3320 1704 3574 1760 vaticinia

1975 1772 2210 1831 celebris.

2354 1888 2382 1929 s
2402 1872 2497 1931 lib.
2518 1890 2558 1933 η
2578 1876 2648 1934 de
2662 1877 2811 1937 Viris
2834 1881 3039 1941 illustr.
3056 1884 3117 1942 S.
3142 1886 3280 1946 Ben.
3303 1904 3426 1964 esp.
3447 1892 3575 1950 H7.

2045 1957 2329 2021 Mattheus
2376 1965 2685 2028 Palmerius
2734 1972 2789 2030 in
2838 1982 3254 2040 continuatione
3297 1957 3511 2044 Chron.
3562 2003 3579 2042 :

1971 2051 2214 2113 Joacltint
2237 2057 2419 2133 abbas,
2446 2063 2529 2119 uir
2543 2066 2733 2138 spiritu
2752 2073 3059 2144 prophetico
3087 2076 3298 2147 plenus,
3322 2079 3377 2135 in
3398 2097 3583 2139 sacrae

1973 2163 2090 2297 gms
2111 2152 2336 2210 scientia
2362 2155 2657 2215 litterarum
2687 2163 2895 2235 doctus,
2939 2167 2996 2221 in
3024 2167 3271 2226 Calabria
3292 2174 3447 2245 ﬂoret
3481 2176 3581 2232 sub

2026 2242 2191 2297 rbano
2219 2242 2310 2297 Il.

2026 2242 2191 2300 rbano
2219 2242 2310 2302 11.

2044 2342 2403 2418 Pandolphas
2444 2348 2790 2411 Collenutius
2836 2355 2935 2414 lib.
2984 2372 3041 2415 tv
3088 2359 3293 2420 llistor.
3343 2363 3576 2440 Neapol.

1971 2448 2142 2507 agens
2184 2438 2256 2495 de
2296 2439 2535 2499 Henrico
2565 2443 2635 2501 Vl
2662 2446 2860 2519 imper.
2891 2451 2985 2522 qui
3034 2467 3262 2511 uxorem
3302 2438 3583 2517 Constan-

1974 2528 2107 2586 tiam
2146 2530 2674 2607 quinquagenariam
2710 2551 2963 2611 agentem
3001 2547 3281 2616 gravidam
3332 2550 3578 2609 admira-

1971 2616 2163 2691 batur;
2195 2632 2255 2679 ut
2273 2639 2408 2697 ergo
2430 2626 2699 2688 Henricus
2736 2634 3017 2706 gravidam
3055 2637 3207 2694 illam
3248 2640 3416 2698 fuisse
3447 2660 3576 2714 per-

1971 2714 2137 2785 cepit,
2192 2715 2492 2786 admirans.
2548 2723 2620 2780 ab
2675 2726 2873 2784 abbate
2922 2730 3169 2788 Joachim
3223 2745 3407 2794 certus
3454 2738 3573 2796 ﬁeri

1973 2807 2217 2877 studuit;
2246 2813 2336 2883 qui
2365 2813 2613 2872 Joachim
2645 2827 2776 2876 tunc
2804 2825 3061 2893 temporis
3088 2825 3356 2900 ﬂorebat,
3386 2840 3442 2888 et
3463 2832 3577 2905 spi-

1971 2897 2111 2957 ritus
2163 2904 2467 2975 prophetici
2512 2908 2655 2966 fama
2713 2911 3139 2986 insigniehatur.
3192 2897 3381 2980 Abbas
3436 2897 3574 2985 vero

1972 2992 2350 3053 Constantiam
2378 2999 2449 3056 ab
2471 3001 2665 3060 eodem
2685 3008 3007 3079 concepisse
3045 3011 3338 3072 Henricum
3370 3018 3577 3075 certio-

1970 3100 2092 3144 rem
2136 3088 2298 3158 fecit;
2348 3101 2404 3147 et
2447 3094 2591 3165 quod
2636 3108 2759 3154 erat
2803 3099 2881 3156 illi
2928 3105 3173 3174 paritura
3220 3107 3571 3180 infantulum,

1970 3180 2126 3251 cujus
2154 3197 2346 3240 omnes
2375 3187 2500 3244 vita:
2526 3199 2779 3261 eventus,
2803 3203 2864 3249 et
2890 3196 3125 3266 qualiter
3152 3199 3425 3260 Henricus
3454 3205 3571 3276 ipse

1972 3283 2099 3345 post
2124 3290 2295 3348 pauca
2318 3276 2372 3334 in
2404 3295 2545 3353 agro
2571 3282 2869 3342 lalearum
2902 3304 3074 3362 prope
3111 3291 3416 3353 Messanam
3454 3306 3578 3355 erat

1970 3369 2295 3441 moriturus,
2324 3376 2601 3446 praedixit,
2631 3387 2741 3435 etc.

2038 3460 2277 3520 Joannes
2305 3464 2562 3525 Nicotaus
2584 3471 2815 3541 Doglion
2843 3475 2877 3532 3
2902 3487 3057 3550 parte
3074 3478 3395 3554 Compendii
3422 3485 3563 3544 ilist.

1967 3554 2296 3613 universalis
2329 3577 2342 3611 :
2383 3558 2691 3620 leae/rimus
2724 3566 2903 3635 abbas,
2937 3572 3033 3641 ait,
3075 3576 3322 3632 ambobus
3364 3579 3569 3651 regibus

1970 3647 2046 3720 (id
2068 3658 2175 3718 est,
2208 3650 2464 3724 Philippo
2490 3654 2712 3727 Gallias,
2742 3670 2803 3718 et
2831 3660 3112 3721 Rieltardo
3144 3670 3378 3743 Anglia‘)
3405 3647 3571 3727 inuti-

1967 3739 2072 3796 lens
2114 3741 2328 3800 illorum
2363 3746 2480 3818 fore
2516 3765 2851 3823 progressum
2885 3758 3166 3828 pra'dixit;
3196 3739 3255 3816 eo
3293 3739 3436 3834 quod
3463 3783 3567 3823 non

1969 3846 2078 3889 erat
2100 3838 2242 3893 ultra
2269 3849 2467 3913 tempus
2488 3855 2724 3901 sanctam
2745 3864 3056 3922 recuperare
3075 3855 3335 3912 civitatem
3359 3875 3378 3913 :
3399 3877 3567 3931 quan-

1969 3924 2247 3999 doquidem
2271 3931 2349 3986 rei
2370 3932 2610 4004 probauit
2629 3953 2749 3993 even
2759 3950 2860 3998 tus.

2040 4017 2238 4077 Paulus
2262 4020 2517 4082 Emilius
2542 4029 2597 4084 in
2626 4029 2825 4089 histor.
2846 4031 3222 4096 Carbonensis
3244 4044 3567 4101 monasterii

1969 4110 2040 4169 de
2066 4111 2303 4172 Henrico
2332 4116 2524 4189 imper.
2547 4119 2611 4177 ‘ll
2642 4137 2811 4195 agens
2839 4125 3197 4188 aitzPrtrscio
3227 4144 3563 4193 uenturorum

1968 4220 2002 4259 a
2023 4204 2301 4265 Joacltimo
2329 4210 2517 4269 abbate
2538 4216 2698 4285 facto,
2734 4228 2843 4275 etc.

2044 4300 2238 4357 Petrus
2277 4301 2599 4377 Bodulpltus
2644 4308 2699 4364 in
2743 4311 2938 4370 histor.
2984 4315 3276 4391 Serapltica
3317 4320 3449 4379 dum
3494 4325 3567 4383 de

1969 4392 2154 4466 effigie
2196 4401 2373 4455 sancti
2426 4399 2705 4462 Francisci
2753 4408 2887 4478 agit,
2927 4411 3008 4467 sic
3049 4411 3127 4470 ait
3165 4432 3179 4468 :
3221 4416 3354 4472 Ante
3379 4420 3570 4475 Sancti

1969 4488 2129 4564 hujus
2158 4501 2416 4564 exortam,
2442 4495 2599 4553 abbas
2625 4498 2935 4557 Jour/timus
2965 4502 3232 4563 Florensis
3261 4510 3339 4563 rir
3366 4514 3566 4567 sancti—

1970 4584 2092 4639 tatis
2129 4587 2332 4642 exinu‘a
2366 4597 2416 4643 et
2451 4591 2646 4661 spiritu
2675 4594 2965 4665 prophetiae
3003 4600 3337 4671 conspicuas,
3370 4603 3422 4657 in
3451 4604 3565 4659 a'de

1970 4675 2042 4729 ι).
2072 4676 2243 4733 Ματοὶ
2269 4678 2524 4751 Venetiis,
2554 4692 2691 4751 etc.,
2722 4700 2843 4757 qua:
2866 4687 3047 4747 adhuc
3071 4690 3239 4749 hodie
3283 4694 3476 4751 visitur
3504 4696 3564 4753 in

1969 4768 2179 4829 fornice
2230 4775 2450 4845 templi;
2489 4778 2634 4849 quod
2674 4789 2731 4837 et
2781 4792 2940 4853 poeta
2980 4785 3204 4856 quidam
3245 4789 3563 4862 ingeniosus

1970 4862 2057 4921 bis
2087 4866 2333 4923 versibus
2356 4871 2664 4940 expressit:

2092 4978 2597 5063 amite-prlgsfuerat
2617 4989 2960 5063 quammundo
2983 4998 3190 5063 exortus
3208 4995 3255 5047 in
3280 4998 3409 5063 sedc,

2093 5044 2214 5120 Qum
2233 5044 2380 5120 ﬂaret
2401 5046 2545 5120 titulo
2567 5044 2693 5120 nulli
2709 5057 2813 5120 toto
2833 5054 2955 5105 orbe
2976 5044 3194 5107 secunda
3208 5044 3307 5120 est,

2094 5105 2271 5159 Exstat
2288 5108 2415 5172 apud
2438 5108 2659 5162 Venetos
2679 5112 2841 5178 longis
2866 5105 3220 5181 expressusaﬁb
3244 5105 3404 5177 annis.

1969 5233 2274 5308 Subdilque
2303 5255 2319 5295 :
2349 5236 2480 5295 Fuit
2516 5241 2672 5298 abbas
2709 5241 3015 5303 Joacltintus
3037 5251 3114 5305 vir
3144 5252 3563 5309 excellentissimi

1970 5345 2034 5385 ac
2080 5347 2241 5403 prope
2287 5332 2453 5387 diuini
2505 5334 2734 5409 ingenii;
2772 5341 2861 5410 qui
2900 5340 3149 5414 glossavit
3176 5343 3563 5418 Apocalypsim,

1972 5423 2060 5480 ubi
2085 5426 2252 5481 multa
2283 5428 2529 5500 pradixit
2562 5432 2628 5487 de
2668 5433 2853 5489 ordine
2885 5433 3319 5509 Hendicantiunt,
3340 5458 3563 5513 quorum

1970 5520 2238 5576 ueritatem
2265 5522 2341 5577 rei
2371 5522 2656 5580 declaravit
2683 5537 2915 5583 eowtns.

2046 5613 2321 5671 Arnoldus
2342 5614 2505 5673 Wion
2532 5616 2570 5673 9
2603 5630 2747 5691 part.
2779 5620 2933 5692 Ligni
2960 5624 3083 5679 vita:
3113 5624 3207 5681 lib.
3234 5642 3289 5693 ν,
3316 5642 3439 5701 cap.
3470 5630 3567 5695 89.

1974 5720 2132 5763 ramo
2156 5706 2211 5775 9,
2245 5710 2414 5765 multa
2445 5714 2697 5783 congerit
2722 5714 2777 5769 in
2819 5714 3036 5772 laudem
3068 5712 3292 5788 spiritus
3328 5723 3566 5793 prephe-

1978 5801 2072 5859 tici
2093 5817 2201 5874 quo
2227 5801 2540 5862 Joachimus
2560 5804 2771 5875 ﬂoruit,
2794 5809 3037 5883 citatque
3065 5828 3164 5883 pro
3184 5813 3378 5871 eodem
3395 5815 3543 5871 Lean
3558 5846 3575 5857 -

1981 5894 2139 5956 drum
2188 5896 2588 5961 Bononienscm
2639 5900 2699 5963 in
2752 5904 2871 5975 ejus
2928 5902 3047 5965 Vita
3098 5924 3115 5961 :
3162 5909 3360 5967 asserit
3404 5909 3569 5972 etiam

3052 5996 3136 6061 20
