4052 6502
504 249 613 307 διο

1397 243 1689 306 FLAVIL‘S
1731 247 1979 308 LUCIL‘S
2017 246 2300 306 DEXTER
2337 245 2864 308 CllllONULOGUS.

3703 242 3810 300 6‘20

503 367 788 425 victoriam
830 367 1077 424 navalem
1123 367 1189 424 de
1216 366 1411 424 Turcis
1437 369 1504 422 ad
1536 368 1860 440 Ecbynadas
1893 367 2105 423 Insulas
2135 375 2183 431 Α
2212 368 2346 424 tanti
2376 368 2474 423 viii
2507 368 2770 438 judicium
2816 379 2919 423 suo
2967 365 3266 423 Pennnttus
3310 377 3417 420 non
3458 359 3819 434 prmtulissct.

517 474 873 536 rcportatam,
907 464 1044 518 ducis.
1078 464 1430 520 serenissima
1459 463 1523 518 D.
1554 462 1764 518 Joanne
1801 462 2108 526 Anstriaco,

514 573 658 614 anno
697 558 889 612 salutis
935 557 1095 620 1571.
1143 565 1272 611 ante
1311 555 1739 626 quadringentos
1783 554 1896 610 fere
1940 569 2113 608 annos

517 654 808 723 prrevisam
839 662 891 706 et
923 653 1331 721 pronuntiatam
1356 666 1384 703 a
1410 649 1720 716 Joachimo,
1757 658 1815 702 ut
1854 663 1920 703 ex
1955 647 2110 704 libris

517 747 636 814 cjns
666 746 718 800 in
751 744 1133 816 Apocalypsim
1181 745 1387 814 optime
1435 743 1824 798 intellexerunt
1860 748 2112 798 anetorcs

515 838 804 909 'l‘riumphi
831 837 1088 893 Ecclesia:
1114 836 1421 892 catholicas.

586 932 807 988 Gabriel
850 932 1069 986 Barrius
1103 931 1156 986 in
1190 929 1306 984 Vita
1339 929 1511 999 ipsius
1541 926 1809 984 Joacliimi
1831 967 1845 995 ,
1871 941 1995 998 qua:
2030 926 2112 981 in-

515 1024 692 1095 cipit:
726 1020 854 1078 Fuit
892 1021 1127 1077 Joannes
1157 1019 1466 1076 Joacbimus
1501 1020 1683 1087 abbas,
1720 1029 1862 1084 etc.,
1893 1019 1984 1074 ubi
2025 1033 2114 1075 re.

516 1115 744 1172 censitis
772 1115 892 1187 ejus
920 1115 1098 1181 libris,
1131 1115 1313 1170 subdit
1348 1132 1362 1167 :
1391 1111 1460 1167 lu
1499 1115 1687 1185 quibus
1723 1129 1837 1167 cum
1868 1112 2112 1180 spiritum

515 1212 800 1285 prophetia:
825 1210 1062 1265 habuisse
1085 1209 1418 1279 manifestans
1445 1219 1550 1276 est;
1585 1211 1832 1278 pleraque
1864 1207 2000 1261 enim
2037 1213 2113 1260 est

514 1306 847 1368 vaticinatus,
893 1320 920 1358 e
968 1302 1155 1374 quibus
1203 1303 1368 1356 multa
1408 1300 1693 1371 adimpleta
1729 1311 1874 1368 sunt,
1926 1309 2112 1353 altera

513 1397 852 1470 adimplenda
876 1405 1177 1467 supersunt.
1206 1393 1258 1448 Ν
1264 1412 1347 1448 om
1375 1403 1422 1448 et
1451 1393 1710 1448 Gricciam
1735 1392 1797 1446 ob
1835 1391 2111 1462 perﬁdiam

512 1492 569 1546 in
601 1491 891 1547 Romanam
910 1488 1198 1544 Ecclesium
1223 1489 1460 1559 gentibus
1483 1488 1732 1551 dandam,
1767 1495 1813 1541 et
1845 1484 2114 1541 Pmdica-

515 1594 688 1640 torum
724 1600 786 1638 ac
821 1584 1086 1639 Hinorum
1122 1584 1367 1637 ordinum
1392 1583 1683 1636 initiatorcs
1718 1596 1841 1636 mox
1871 1580 2106 1651 futuros,

513 1678 636 1748 quin
667 1679 824 1731 etiam
868 1676 921 1730 in
962 1676 1145 1747 jaunis
1182 1672 1434 1729 Ecclesia
1464 1674 1728 1746 prtcdixit.
1762 1677 1823 1728 Et
1859 1675 2026 1728 multa
2054 1673 2108 1727 in

2217 462 2325 520 Sed
2357 463 2522 533 quid?
2553 462 2649 517 llic
2693 462 2856 531 igitur
2901 462 2954 517 in
2996 459 3418 517 Commentariis
3447 457 3514 514 ad
3557 471 3686 530 cap.
3736 472 3817 521 ts,

2216 557 2439 624 Apocul.
2475 556 2654 628 (cujus
2683 554 2867 624 operis
2899 555 3149 609 meminit
3178 553 3294 624 ipse
3324 550 3418 607 lib.
3455 566 3534 620 ιιι,
3566 567 3689 622 cap.
3723 551 3820 614 53.

2215 665 2367 703 ttttttt.
2395 650 2476 717 6),
2525 647 2641 701 hinc
2684 647 2851 703 habet
2884 647 2952 701 ile
2989 645 3320 702 Joachinio:
3357 642 3567 700 Nollem
3609 642 3824 711 exposi-

2213 745 2404 796 tionem
2434 743 2586 796 istam
2619 743 2670 795 in
2699 740 2798 794 hoc
2829 739 3016 812 capite,
3048 756 3161 794 meo
3191 755 3301 794 csse
3331 737 3494 792 Marti
3524 737 3819 791 attribuen-

2213 835 2354 901 dant,
2385 841 2434 888 et
2464 833 2582 888 ideo
2614 834 2782 886 minus
2807 833 3077 887 creditam.
3111 830 3343 904 chatur
3369 831 3531 901 igitur
3556 826 3818 900 quidquid

2213 929 2353 982 circa
2385 927 2491 982 licet:
2514 927 2746 982 scribunt
2771 924 3104 991 Joachimus,
3132 933 3180 980 et
3212 921 3491 979 chrtinus
3521 938 3636 977 cum
3667 922 3816 989 aliis,

2213 1029 2259 1075 et
2288 1031 2476 1075 cuncta
2501 1020 2830 1084 clarescunt;
2859 1035 2980 1073 nam
3005 1018 3263 1092 quidquid
3293 1016 3379 1074 illi
3406 1015 3816 1088 prophetarum,

2213 1131 2306 1169 nos
2327 1115 2639 1185 completum
2662 1129 2772 1168 esse
2793 1113 3165 1183 conspicimus.

2286 1207 2366 1262 En
2418 1207 2514 1264 tibi
2554 1207 2753 1283 (lector
2798 1205 3053 1280 candide)
3095 1220 3262 1278 supra
3299 1203 3376 1263 20
3429 1214 3625 1274 testes,
3671 1219 3818 1277 quos

2213 1314 2468 1372 quatuor,
2501 1315 2590 1359 aut
2620 1305 2862 1376 quinque
2899 1317 2929 1358 a
2963 1303 3238 1360 Peonotto
3269 1304 3338 1359 ad
3373 1302 3662 1360 adversam
3691 1317 3820 1375 par-

2217 1407 2322 1452 tem
2350 1396 2597 1452 adductis
2626 1396 2958 1468 opponimus
2989 1410 3004 1452 :
3037 1396 3181 1452 inter
3207 1406 3351 1468 quas
3379 1411 3492 1452 non
3521 1394 3702 1453 solum
3725 1402 3816 1454 est

2215 1491 2500 1546 notissima
2527 1488 2836 1545 dilferentia
2865 1501 3033 1560 penes
3060 1502 3367 1556 numerum,
3399 1487 3498 1545 sed
3521 1501 3690 1559 penes
3710 1503 3818 1546 no-

2215 1584 2390 1639 titiam
2421 1586 2539 1654 ejus
2560 1585 2704 1654 quod
2751 1591 3057 1650 testantur;
3088 1583 3260 1640 nostri
3303 1583 3576 1650 siquidem
3610 1580 3816 1639 oculati

2212 1678 2295 1749 (ut
2339 1679 2417 1733 sic
2453 1676 2712 1749 dixerim)
2743 1686 2891 1742 sunt,
2925 1675 2979 1732 id
3015 1676 3161 1734 enim
3197 1675 3466 1744 scribunt,
3497 1675 3641 1748 quod
3674 1675 3820 1733 suis-

519 1771 664 1827 hune
691 1771 852 1827 linem
893 1771 1261 1840 prosequitur.
1295 1767 1404 1824 Sed
1436 1783 1570 1824 vero
1611 1769 1842 1824 Gratcite
1877 1785 1907 1821 a
1946 1767 2109 1823 Sara-
2144 1767 2187 1826 Β
2215 1781 2324 1827 met
2353 1773 2526 1827 oculis
2558 1772 2614 1826 in
2654 1771 2810 1826 libris
2862 1769 3131 1826 Joachimi
3185 1769 3459 1841 legerunt,
3491 1779 3549 1826 et
3586 1785 3651 1826 re
3698 1771 3812 1841 ipsa

513 1867 669 1924 cenis
693 1865 1050 1937 subjuganiize
1072 1864 1389 1919 vaticinium
1412 1871 1593 1919 exSIat
1616 1864 1668 1918 in
1686 1863 2112 1918 Commentariis

516 1960 810 2018 Hieremias
836 1959 904 2015 ad
935 1974 1054 2029 cap.
1091 1961 1113 2012 i
1144 1967 1200 2014 et
1227 1958 1293 2012 ad
1319 1972 1441 2027 cap.
1471 1960 1542 2015 48
1574 1959 1878 2029 perspicuis
1909 1958 2110 2013 verbis.

583 2053 870 2126 Sylvester
912 2051 1151 2108 Meucius
1192 2051 1246 2105 in
1293 2051 1564 2121 prommio
1601 2050 1666 2104 ad
1706 2050 2110 2106 Commentaria

514 2146 896 2218 Apocalypsis,
943 2143 1285 2200 Joachimum
1322 2144 1507 2198 multis
1547 2141 1707 2198 cll‘ert
1755 2143 2004 2198 laudibus
2041 2143 2113 2200 ob

510 2243 762 2314 spiritum
796 2239 1095 2309 prophetiae
1123 2251 1233 2307 quo
1259 2236 1475 2306 polluit.

585 2332 944 2392 Paselialinus
990 2330 1341 2402 Regiselinus
1386 2329 1438 2385 in
1490 2329 1724 2400 epistola
1773 2328 2112 2388 dedicatoria

513 2428 582 2485 ad
631 2426 953 2500 prophetiae
998 2426 1142 2482 beati
1170 2424 1479 2481 Joaeliinii:
1517 2422 1729 2479 Norant
1769 2440 1970 2492 onines,
2012 2428 2113 2495 ait,

503 2522 760 2592 quidquid
792 2523 844 2573 in
874 2522 983 2574 suis
1006 2519 1161 2572 dictis
1190 2517 1358 2573 Abbas
1389 2517 1628 2586 involvit,
1653 2529 1861 2574 eventus
1887 2537 2010 2574 suos
2039 2519 2110 2575 ad

511 2627 735 2688 unguem
755 2613 995 2668 sortitum
1021 2612 1203 2684 fuisse.

581 2706 737 2761 Mitto
763 2707 900 2760 alios
930 2703 1152 2772 multos,
1181 2711 1241 2758 ut
1261 2704 1690 2760 eruditissimum
1715 2705 1889 2761 nostri
1921 2707 2112 2764 smcnli

511 2801 861 2872 theologum,
883 2798 1274 2869 egregiumque
1305 2799 1457 2853 verbi
1501 2799 1597 2854 Dei
1634 2801 2109 2867 concionaIOrem,

507 2911 572 2952 ac
604 2893 879 2965 publicum
912 2893 1053 2962 apud
1085 2891 1551 2949 Salmanticenscs
1576 2891 1868 2965 theologia:
1902 2893 2112 2964 profes-

510 3004 691 3045 sorem
741 2987 1008 3059 Angeluiu
1057 2985 1338 3057 Maurique
1380 2987 1435 3041 in
1479 2985 1688 3042 Laurea
1739 2989 2108 3059 Evangelica,

510 3082 814 3139 Barnabam
841 3089 909 3137 de
940 3081 1214 3138 Montalbo
1251 3085 1304 3138 in
1334 3082 1542 3138 Chron.
1572 3083 1901 3138 Cistercien.
1935 3095 1986 3137 et
2011 3083 2108 3138 Ja-

2214 1865 2567 1935 ailimptetum
2590 1864 2874 1928 viderunt;
2899 1871 3063 1920 testes
3081 1877 3211 1918 vero
3233 1862 3479 1918 adversae
3495 1863 3664 1934 partis
3685 1877 3819 1919 ocu-

2216 1961 2310 2015 lati
2361 1973 2484 2015 esse
2539 1968 2834 2030 nequeunt,
2884 1972 3008 2013 eum
3067 1957 3119 2012 id
3176 1956 3457 2011 ascribant
3503 1954 3812 2025 Joachimo,

2213 2053 2358 2123 quod
2408 2067 2704 2123 numquam
2753 2052 2993 2123 scripsit.
3040 2050 3174 2106 Nam
3223 2048 3544 2106 Vincentius
3592 2049 3816 2107 Beluae.

2213 2164 2375 2221 quem
2424 2149 2484 2205 S.
2527 2146 2834 2202 Antoninus
2868 2144 3187 2203 transcribit
3225 2143 3481 2217 (proinde
3523 2159 3591 2201 ex
3626 2145 3816 2200 auditu

2215 2243 2324 2315 est)
2355 2259 2422 2298 eo
2462 2244 2806 2299 Joachininm
2839 2251 3010 2308 taxat,
3045 2243 3185 2313 quod
3231 2243 3376 2299 diem
3419 2239 3606 2297 mundi
3635 2253 3820 2298 estre-

2216 2353 2362 2393 mum
2394 2337 2536 2392 intra
2565 2337 2700 2392 duas
2732 2335 3148 2407 generationes,
3177 2333 3229 2390 id
3261 2343 3367 2399 est,
3401 2333 3472 2389 oo
3499 2348 3676 2389 annos
3705 2340 3818 2389 ter-

2216 2428 2529 2485 minandum
2574 2429 2690 2484 fore
2737 2427 3078 2499 praedixerit,
3128 2436 3183 2482 et
3230 2433 3412 2483 tamen
3465 2425 3662 2481 nullibi
3709 2425 3814 2484 hoc

2215 2524 2358 2579 dixit
2408 2522 2756 2590 afﬁrmando,
2791 2522 2888 2579 sed
2935 2519 3260 2589 dubitando,
3292 2530 3351 2576 ut
3393 2519 3584 2576 videre
3627 2528 3716 2576 est
3761 2521 3818 2576 in

2215 2618 2362 2673 calce
2390 2616 2732 2682 Concordize,
2769 2617 2855 2670 ubi
2889 2616 2958 2671 de
2990 2631 3049 2671 re
3083 2615 3184 2671 hac
3215 2630 3279 2669 ex
3323 2614 3573 2684 professo
3606 2612 3822 2669 edisse-

2215 2711 2308 2765 rit.
2345 2710 2537 2764 Mirntn
2564 2724 2695 2764 vero
2722 2723 2843 2763 csse
2872 2725 2978 2763 non
3006 2707 3192 2774 debet,
3220 2709 3266 2763 si
3299 2706 3470 2762 abbas
3500 2715 3722 2762 sanctus
3746 2706 3819 2764 de

2216 2804 2471 2878 proximo
2491 2804 2692 2859 Christi
2721 2803 2932 2874 judicio
2958 2801 3382 2858 subdubitantcr
3406 2801 3613 2870 aliquid
3641 2803 3820 2871 serip-

2215 2898 2309 2966 sit,
2343 2913 2467 2953 cum
2500 2897 2589 2952 alii
2623 2909 2940 2952 sanctorum
2976 2895 3200 2951 Patrum
3245 2894 3467 2952 brevem
3499 2895 3675 2950 eidem
3707 2901 3820 2950 ter-

2215 2995 2423 3046 minum
2472 3006 2758 3063 perperam
2808 2989 3166 3060 praelixcrint,
3213 2999 3272 3043 ut
3322 2990 3389 3044 de
3434 2989 3498 3045 S.
3549 2986 3819 3044 Nutberto

2215 3084 2826 3139 l'raetnonstratcusinm
2891 3081 3283 3139 cauunicorum
3348 3094 3579 3139 auctore
3649 3081 3819 3138 refert

508 3178 706 3234 cobuiu
749 3177 1002 3233 Graecum
1033 3177 1352 3250 Syllanenm
1393 3179 1447 3232 in
1485 3178 1690 3234 Chron.
1739 3179 1950 3235 ordinis
1985 3178 2110 3233 Fto-
2138 3163 2186 3228 C
2220 3177 2526 3234 Bernartius
2574 3178 2734 3249 epist.
2770 3177 2841 3235 56
2869 3176 2963 3249 qui
3002 3179 3055 3232 id
3101 3177 3171 3232 ab
3200 3175 3319 3248 ejus
3359 3191 3457 3232 ore
3503 3185 3814 3249 acceperat.

511 3274 712 3336 rensis,
741 3283 796 3327 et
834 3273 972 3329 alios
1020 3275 1112 3342 qui
1157 3288 1252 3343 pro
1281 3273 1566 3329 Joacbimo
1591 3273 1814 3343 egregie
1855 3273 2110 3329 decerta-

509 3376 669 3433 runt;
699 3381 801 3423 nec
821 3367 1026 3422 desunt
1053 3365 1294 3422 illustres
1325 3375 1504 3437 poctze
1533 3365 1780 3438 ejusdem
1817 3368 2106 3423 sententia:

507 3472 839 3521 asserentes.
866 3462 998 3518 Nam
1031 3461 1233 3518 Dantes
1253 3461 1286 3516 5
1311 3474 1367 3531 p.
1397 3461 1464 3517 de
1488 3460 1771 3530 Paradiso,
1798 3460 2000 3534 inquit,

819 3579 1022 3644 Baliano
1049 3592 1078 3629 e
1103 3579 1260 3644 quivi,
1287 3592 1316 3626 e
1334 3577 1516 3644 lueemi
1534 3577 1612 3644 dal
1638 3575 1754 3644 lalo,

817 3642 856 3694 ΙΙ
881 3641 1143 3704 Calaureae
1168 3642 1363 3692 Abbate
1387 3641 1659 3705 Joacltimo,

818 3705 897 3757 De
917 3705 1092 3771 spiritu
1116 3705 1405 3769 prapbetico
1422 3704 1606 3756 dotata.

573 3815 677 3876 Cui
731 3815 1014 3888 Philippus
1057 3811 1364 3870 Phasianus
1408 3813 1649 3869 succinit
1697 3813 1999 3884 imparibus
2049 3814 2104 3872 in

507 3910 628 3983 ejus
657 3909 870 3968 laudem
896 3907 1080 3974 editis,
1111 3922 1230 3978 qua:
1257 3905 1435 3963 refert
1463 3906 1707 3962 Graecus.

574 4005 782 4063 Auctor
813 4003 978 4061 etiam
1002 4001 1265 4076 epitaphii
1303 4003 1422 4073 ejus
1457 4003 1711 4074 sepulcro
1742 4001 1916 4072 afﬁxi,
1957 4003 2104 4062 inter

507 4099 611 4154 alia
645 4098 761 4154 hate
782 4097 857 4153 ait
885 4113 900 4152 :

625 4192 748 4244 Nam
771 4195 872 4240 tum
895 4189 1024 4238 dicta
1047 4187 1245 4238 Patrum
1271 4189 1423 4246 novit,
1449 4189 1533 4249 qui
1561 4188 1693 4249 nube
1711 4187 1914 4241 fuerunt

693 4251 929 4313 Protecti,
957 4259 1007 4300 et
1027 4253 1183 4310 scivit,
1209 4262 1319 4310 quae
1336 4248 1619 4313 peragenda
1643 4248 1825 4303 fori-nt.

631 4314 889 4368 Veridicus
910 4311 1052 4365 rates
1076 4311 1498 4378 prsidiait,_'multa
1524 4311 1727 4378 [tierunt

690 4378 960 4440 Completa,
984 4383 1040 4428 ut
1061 4374 1300 4426 monstrat
1323 4374 1507 4426 lumine
1527 4375 1650 4426 facta
1668 4377 1797 4427 dies.

575 4484 790 4543 Addam
819 4498 922 4555 pro
947 4482 1213 4540 coronide
1249 4482 1618 4553 Seraphinum
1659 4483 1974 4540 Firmanum
2004 4501 2102 4544 ea-

2217 3275 2374 3331 Stant
2411 3275 2768 3332 nihilominus
2801 3293 2900 3348 pro
2943 3277 3105 3333 nobis
3133 3274 3456 3332 Vincentius
3481 3284 3538 3332 et
3584 3275 3816 3333 Antoni-

2216 3385 2341 3436 nus,
2368 3369 2497 3425 dum
2543 3369 2705 3425 ﬁdem
2758 3369 3004 3440 praebent
3051 3369 3337 3424 nonnullis
3364 3367 3634 3425 Joaehimi
3679 3385 3817 3439 prm-

2213 3459 2565 3530 dictionibus,
2601 3463 2652 3518 ei
2684 3461 2939 3518 nimirum
2973 3477 3079 3533 qua
3110 3462 3330 3534 regibus
3368 3459 3580 3534 Anglia:
3606 3471 3664 3520 et
3690 3464 3815 3520 Gai-

2215 3556 2300 3610 li:e
2347 3555 2590 3611 nondum
2645 3556 2836 3613 adesse
2891 3565 3113 3627 teinpus
3163 3556 3600 3628 suppurationis
3645 3565 3808 3616 terra

2212 3649 2430 3704 Sancta:
2460 3649 2731 3720 praedixit.
2755 3658 2811 3705 et
2839 3649 2985 3706 aliis.

2282 3744 2590 3802 Curdinalis
2621 3745 3010 3811 Bellarminus,
3037 3743 3132 3818 qui
3158 3744 3407 3804 secundo
3430 3744 3552 3804 loco
3579 3746 3813 3806 adduci-

2212 3846 2321 3904 tur,
2356 3838 2490 3894 nihil
2531 3838 2788 3908 affirmat,
2827 3842 2922 3898 sed
2972 3841 3096 3899 aliis
3144 3842 3410 3915 judicium
3460 3843 3702 3918 reliquit,
3752 3851 3813 3902 ut

2213 3933 2378 3987 vcrba
2409 3932 2530 4004 ejus
2574 3935 2950 4000 manifestam,
3003 3936 3098 3992 lib.
3134 3935 3205 3994 de
3251 3936 3453 4010 Seript.
3509 3937 3722 3996 Ecclcs.
3755 3940 3809 3996 in

2206 4024 2515 4082 Joachimo.
2546 4027 2705 4095 Quod
2750 4043 2882 4085 vero
2911 4028 3207 4085 cardinalis
3235 4029 3528 4100 Baronins,
3559 4038 3702 4088 tom.
3734 4047 3811 4090 stt

2205 4119 2410 4188 Anna.,
2441 4135 2573 4175 ann.
2612 4121 2776 4191 tibi,
2821 4121 3012 4178 scribit
3050 4121 3393 4179 Juachimum
3439 4123 3608 4181 Petro
3647 4124 3811 4181 Lom-

2207 4213 2379 4269 bardo
2421 4213 2810 4272 adversantem
2853 4217 2909 4271 in
2951 4218 3188 4273 concilio
3232 4216 3592 4276 Lateranensi
3636 4220 3807 4277 fuisse

2206 4307 2549 4377 damnatum,
2584 4309 2884 4380 impmprie
2925 4308 3132 4367 dictum
3161 4311 3284 4381 quis
3319 4327 3431 4369 non
3463 4311 3649 4370 videt?
3693 4322 3803 4370 non

2204 4402 2348 4456 enim
2395 4418 2624 4474 persona
2680 4403 2916 4467 abbatis.
2966 4404 3061 4460 sed
3110 4403 3331 4460 libellus
3386 4406 3454 4462 de
3509 4405 3796 4465 Trinitatis

2205 4495 2409 4550 unitate
2465 4502 2523 4551 et
2565 4496 2807 4552 essentia
2856 4495 2925 4552 ab
2954 4511 3021 4553 eo
3067 4496 3267 4563 editus,
3313 4497 3665 4571 reprobatur.
3719 4499 3800 4556 En

501 4581 758 4640 nonicum
785 4579 1092 4651 regularem
1114 4576 1567 4646 Lateranensem,
1596 4578 1743 4648 quod
1771 4593 1891 4634 enin
1927 4579 1990 4635 lt.
2031 4581 2088 4634 P.
2123 4568 2176 4632 υ
2204 4587 2363 4644 verba
2422 4589 2642 4646 concilii
2696 4605 2822 4660 cap.
2873 4591 2943 4645 ἒς
2999 4587 3325 4647 Damnatum
3379 4568 3501 4664 ergo
3536 4603 3586 4649 et
3623 4609 3802 4666 repro-

504 4681 810 4735 Pennottus
855 4674 1012 4729 miris
1051 4671 1244 4728 ell'erat
1275 4669 1532 4726 laudibus
1579 4672 1674 4725 lib.
1719 4688 1798 4738 tn,
1832 4689 1952 4744 cap.
1998 4675 2090 4743 E9,

501 4787 652 4830 num.
681 4771 736 4835 5,
759 4776 1026 4836 vocetque
1052 4779 1175 4821 eum
1206 4765 1582 4830 renerandum,
1608 4768 2096 4841 tenuissimumque

496 4865 832 4928 canonicum,
864 4877 925 4915 ac
946 4859 1081 4915 verbi
1110 4855 1210 4914 Dei
1234 4873 1518 4929 prteconem
1548 4859 1976 4930 fervidissimum,
2005 4865 2094 4931 qui

500 4969 684 5018 sancta
726 4955 1095 5030 pradicatione
1124 4969 1277 5008 suum
1315 4952 1568 5007 sicanium
1608 4952 1910 5023 illustravit,
1939 4959 2092 5028 cujus

497 5054 652 5110 verba
683 5050 806 5124 (ait)
834 5056 980 5105 erant
1006 5051 1153 5115 quasi
1183 5046 1318 5118 ignis
1352 5044 1569 5111 ardens,
1611 5054 1660 5100 et
1691 5048 1840 5114 quasi
1871 5049 2090 5104 madens

496 5156 764 5201 conterens
793 5151 999 5212 petras;
1018 5139 1166 5209 cujus
1190 5137 1512 5208 potissimum
1539 5138 1759 5191 consilio
1779 5149 1827 5193 ct
1850 5141 2091 5196 suasione

497 5240 619 5294 dum
641 5237 948 5290 clericorum
971 5231 1291 5303 regularium
1318 5232 1737 5304 congregationcs
1765 5235 1978 5301 fuerunt
2003 5236 2087 5289 in-

498 5331 715 5395 stitute,
757 5329 925 5382 altera
964 5325 1026 5379 S.
1060 5322 1215 5380 Pauli
1266 5323 1520 5380 Decollati
1565 5322 1877 5392 Mediolani,
1919 5329 2088 5384 altera

498 5422 826 5477 sacerdotum
851 5418 983 5473 Boni
1010 5417 1138 5472 Jcsn
1173 5417 1451 5482 Rooenmr,
1480 5420 1570 5490 qui
1596 5430 1711 5492 post
1737 5422 1912 5478 rarius
1939 5424 2086 5479 labo-

494 5533 574 5572 res
604 5533 701 5589 pro
741 5515 836 5569 Dei
863 5512 1028 5584 gloria
1057 5523 1103 5567 et
1130 5513 1296 5568 salute.
1321 5514 1610 5568 animarum
1640 5517 1957 5585 exantlatos,
1988 5534 2080 5572 va-

2203 4684 2382 4738 bamus
2429 4681 2690 4750 libellum,
2722 4700 2813 4740 seu
2847 4694 3150 4751 tractatam,
3181 4702 3330 4755 quem
3358 4685 3518 4741 abbas
3553 4685 3798 4743 Jaachint

2200 4776 2364 4831 edidit
2392 4785 2577 4832 contra
2607 4777 2916 4852 magistrum
2947 4775 3164 4832 Petrum
3193 4776 3566 4849 Lombardum,
3591 4781 3656 4834 de
3682 4781 3800 4834 utri-

2203 4879 2305 4925 tatc
2332 4887 2421 4926 seu
2456 4873 2683 4924 essentia
2714 4869 3028 4938 Trinitatis;
3058 4879 3251 4942 utpote
3281 4871 3426 4942 quod
3465 4873 3522 4928 in
3551 4887 3618 4930 eo
3649 4887 3798 4929 asse-

2201 4964 2423 5020 rebatur
2450 4963 2511 5021 S.
2542 4962 2832 5020 Trinitatis
2861 4966 3041 5021 unitas
3072 4980 3181 5020 non
3212 4981 3334 5023 esse
3365 4968 3529 5024 realis
3555 4976 3608 5025 et
3655 4968 3796 5024 indi-

2198 5058 2384 5124 vidua,
2414 5059 2507 5116 sed
2551 5060 3026 5127 similitudinaria,
3053 5077 3160 5116 non
3210 5061 3374 5117 aliter
3401 5071 3563 5132 atque
3607 5063 3794 5135 plures

2198 5151 2448 5208 homines
2492 5152 2750 5209 dicuntur
2784 5170 2926 5210 unus
2975 5155 3235 5226 populus.
3291 5155 3563 5213 Subticuit
3608 5165 3788 5215 autem

2197 5244 2500 5302 Penuottus
2545 5251 2794 5318 porsenna
2839 5245 3110 5303 Joachimi
3141 5249 3576 5314 excusationem,
3625 5265 3790 5321 quam

2192 5339 2487 5395 concilium
2519 5339 2823 5412 subjungit,
2855 5339 3110 5412 inquiens
3141 5359 3156 5399 :
3190 5339 3257 5396 In
3288 5343 3436 5397 nullo
3466 5355 3636 5399 tamen
3671 5361 3791 5417 pro-

2191 5441 2305 5503 pter
2326 5433 2424 5486 hoc
2445 5429 2687 5488 Florensi
2715 5433 3045 5497 monasterio,
3068 5435 3222 5504 cujus
3245 5435 3356 5507 ipse
3376 5433 3616 5490 Joacliim
3635 5439 3792 5492 exsti-

2189 5526 2250 5580 tit
2270 5526 2559 5589 institutor,
2593 5525 2832 5582 volumus
2857 5525 3122 5601 derogari,
3151 5543 3370 5596 quorum
3401 5528 3471 5583 ibi
3500 5540 3547 5585 et
3572 5531 3788 5604 regula-

490 5611 695 5680 ﬂosque
722 5605 922 5661 Ῐὲδειίοι
951 5607 1068 5674 iane
1103 5603 1266 5659 ἀίοίηί
1302 5607 1499 5660 amoris
1524 5603 1704 5678 Plenas
1729 5609 1802 5663 ad
1826 5611 2081 5680 spiritua-
2184 5619 2256 5672 ris
2283 5628 2353 5672 cst
2383 5619 2666 5686 institutio,
2695 5628 2742 5674 et
2764 5619 3085 5675 obserrantia
3117 5621 3384 5688 salutaris,
3413 5603 3642 5680 maxime
3667 5639 3786 5680 cum

488 5705 591 5758 lens
633 5700 1028 5773 a'diﬁcationem
1068 5699 1371 5754 utilissimos
1404 5701 1590 5766 editos,
1635 5699 1887 5759 Bononia:
1926 5705 2072 5775 obiit,

484 5804 591 5856 etc.
626 5797 751 5854 llzec
781 5810 903 5855 cum
937 5809 1002 5852 ex
1037 5808 1132 5851 ore
1160 5793 1276 5864 ejus
1311 5806 1439 5850 vera
1471 5793 1602 5863 sint,
1649 5796 1845 5856 mirum
1874 5798 1980 5858 erit
2020 5798 2065 5856 sl

2186 5710 2294 5779 ipsc
2318 5706 2559 5764 Joacliim
2581 5712 2756 5766 omnia
2777 5713 2975 5783 scripta
2997 5730 3094 5768 sua
3113 5716 3260 5770 nobis
3281 5717 3537 5788 assignari
3566 5718 3787 5772 oranda-

2186 5802 2330 5873 rcrit,
2361 5803 2662 5875 apostolica:
2692 5804 2847 5863 Sedis
2875 5807 3081 5878 judicio
3109 5807 3471 5881 approbando,
3506 5825 3594 5867 seu
3619 5812 3776 5868 etiam
