  <div class='ocr_page' id='page_1' title='image "/cluster/home/n/w/nwhite01/storage/ocr_20150623/31/umn.319510024773250/319.png"; bbox 0 0 4052 6500; ppageno 0'>
   <div class='ocr_carea' id='block_1_1' title="bbox 489 335 597 392">
    <p class='ocr_par' dir='ltr' id='par_1_1' title="bbox 489 335 597 392">
     <span class='ocr_line' id='line_1_1' title="bbox 489 335 597 392; baseline 0 -1"><span class='ocrx_word' id='word_1_1' title='bbox 489 335 597 392; x_wconf 72' lang='lat'><strong>623</strong></span> 
     </span>
    </p>
   </div>
   <div class='ocr_carea' id='block_1_2' title="bbox 1381 319 2859 385">
    <p class='ocr_par' dir='ltr' id='par_1_2' title="bbox 1381 319 2859 385">
     <span class='ocr_line' id='line_1_2' title="bbox 1381 319 2859 385; baseline -0.007 -1"><span class='ocrx_word' id='word_1_2' title='bbox 1381 325 1681 385; x_wconf 74' lang='lat' dir='ltr'><strong>FLWlUS</strong></span> <span class='ocrx_word' id='word_1_3' title='bbox 1718 320 1968 383; x_wconf 73' lang='lat' dir='ltr'><strong>LUCIL&#39;S</strong></span> <span class='ocrx_word' id='word_1_4' title='bbox 2007 320 2287 378; x_wconf 70' lang='lat' dir='ltr'><strong>DEXTER</strong></span> <span class='ocrx_word' id='word_1_5' title='bbox 2325 319 2859 382; x_wconf 73' lang='lat' dir='ltr'><strong>CllRONOLOGUS.</strong></span> 
     </span>
    </p>
   </div>
   <div class='ocr_carea' id='block_1_3' title="bbox 3681 311 3783 370">
    <p class='ocr_par' dir='ltr' id='par_1_3' title="bbox 3681 311 3783 370">
     <span class='ocr_line' id='line_1_3' title="bbox 3681 311 3783 370; baseline -0.02 0"><span class='ocrx_word' id='word_1_6' title='bbox 3681 311 3783 370; x_wconf 54' lang='lat' dir='ltr'><strong>62d</strong></span> 
     </span>
    </p>
   </div>
   <div class='ocr_carea' id='block_1_4' title="bbox 487 431 3784 518">
    <p class='ocr_par' dir='ltr' id='par_1_4' title="bbox 487 431 3784 518">
     <span class='ocr_line' id='line_1_4' title="bbox 487 431 3784 518; baseline -0.007 -13"><span class='ocrx_word' id='word_1_7' title='bbox 487 451 662 504; x_wconf 72' lang='lat' dir='ltr'><strong>tribus</strong></span> <span class='ocrx_word' id='word_1_8' title='bbox 693 446 994 518; x_wconf 86' lang='lat' dir='ltr'><strong>Benjamin,</strong></span> <span class='ocrx_word' id='word_1_9' title='bbox 1023 454 1077 501; x_wconf 85' lang='lat' dir='ltr'><strong>et</strong></span> <span class='ocrx_word' id='word_1_10' title='bbox 1118 443 1287 499; x_wconf 84' lang='lat' dir='ltr'><strong>tribus</strong></span> <span class='ocrx_word' id='word_1_11' title='bbox 1321 441 1453 499; x_wconf 78' lang='lat' dir='ltr'><strong>Levi</strong></span> <span class='ocrx_word' id='word_1_12' title='bbox 1483 457 1622 498; x_wconf 90' lang='lat' dir='ltr'><strong>unus</strong></span> <span class='ocrx_word' id='word_1_13' title='bbox 1657 441 1820 498; x_wconf 84' lang='lat' dir='ltr'><strong>simul</strong></span> <span class='ocrx_word' id='word_1_14' title='bbox 1860 440 2087 513; x_wconf 84' lang='lat' dir='ltr'><strong>populus</strong></span> <span class='ocrx_word' id='word_1_15' title='bbox 2119 439 2170 500; x_wconf 80' lang='grc' dir='ltr'><strong>Λ</strong></span> <span class='ocrx_word' id='word_1_16' title='bbox 2195 443 2411 512; x_wconf 85' lang='lat' dir='ltr'><strong>inquit:</strong></span> <span class='ocrx_word' id='word_1_17' title='bbox 2445 441 2697 513; x_wconf 72' lang='lat' dir='ltr'><strong>Sequitur</strong></span> <span class='ocrx_word' id='word_1_18' title='bbox 2722 456 2742 492; x_wconf 91' lang='lat'><strong><em>:</em></strong></span> <span class='ocrx_word' id='word_1_19' title='bbox 2786 438 2867 494; x_wconf 79' lang='lat' dir='ltr'><strong>Ad</strong></span> <span class='ocrx_word' id='word_1_20' title='bbox 2907 437 3045 492; x_wconf 75' lang='lat' dir='ltr'><strong>uiros</strong></span> <span class='ocrx_word' id='word_1_21' title='bbox 3089 433 3370 499; x_wconf 77' lang='lat' dir='ltr'><strong>Anathoth,</strong></span> <span class='ocrx_word' id='word_1_22' title='bbox 3401 431 3488 504; x_wconf 84' lang='lat' dir='ltr'><strong>qui</strong></span> <span class='ocrx_word' id='word_1_23' title='bbox 3546 438 3784 504; x_wconf 61' lang='lat' dir='ltr'><strong>qumrnnt</strong></span> 
     </span>
    </p>
   </div>
   <div class='ocr_carea' id='block_1_5' title="bbox 488 532 2084 608">
    <p class='ocr_par' dir='ltr' id='par_1_5' title="bbox 488 532 2084 608">
     <span class='ocr_line' id='line_1_5' title="bbox 488 532 2084 608; baseline -0.007 -12"><span class='ocrx_word' id='word_1_24' title='bbox 488 541 648 596; x_wconf 73' lang='lat' dir='ltr'><strong>dicta:</strong></span> <span class='ocrx_word' id='word_1_25' title='bbox 675 548 798 594; x_wconf 86' lang='lat' dir='ltr'><strong>sunt</strong></span> <span class='ocrx_word' id='word_1_26' title='bbox 825 557 838 593; x_wconf 89' lang='lat'><strong>:</strong></span> <span class='ocrx_word' id='word_1_27' title='bbox 866 537 1081 608; x_wconf 90' lang='lat' dir='ltr'><strong>etquod</strong></span> <span class='ocrx_word' id='word_1_28' title='bbox 1115 535 1338 590; x_wconf 87' lang='lat' dir='ltr'><strong>adderet</strong></span> <span class='ocrx_word' id='word_1_29' title='bbox 1368 551 1472 589; x_wconf 87' lang='lat' dir='ltr'><strong>ttnu</strong></span> <span class='ocrx_word' id='word_1_30' title='bbox 1505 549 1666 606; x_wconf 87' lang='lat' dir='ltr'><strong>posse</strong></span> <span class='ocrx_word' id='word_1_31' title='bbox 1694 533 1924 605; x_wconf 84' lang='lat' dir='ltr'><strong>cogitari</strong></span> <span class='ocrx_word' id='word_1_32' title='bbox 1954 532 2084 586; x_wconf 86' lang='lat' dir='ltr'><strong>sim-</strong></span> 
     </span>
    </p>
   </div>
   <div class='ocr_carea' id='block_1_6' title="bbox 488 624 2086 707">
    <p class='ocr_par' dir='ltr' id='par_1_6' title="bbox 488 624 2086 707">
     <span class='ocr_line' id='line_1_6' title="bbox 488 624 2086 707; baseline -0.007 -16"><span class='ocrx_word' id='word_1_33' title='bbox 488 637 684 707; x_wconf 88' lang='lat' dir='ltr'><strong>plicem</strong></span> <span class='ocrx_word' id='word_1_34' title='bbox 710 635 950 690; x_wconf 71' lang='lat' dir='ltr'><strong>divinam</strong></span> <span class='ocrx_word' id='word_1_35' title='bbox 979 631 1336 687; x_wconf 70' lang='lat' dir='ltr'><strong>substantiam</strong></span> <span class='ocrx_word' id='word_1_36' title='bbox 1369 643 1615 684; x_wconf 87' lang='lat' dir='ltr'><strong>seorsum</strong></span> <span class='ocrx_word' id='word_1_37' title='bbox 1644 644 1673 681; x_wconf 92' lang='lat' dir='ltr'><strong>a</strong></span> <span class='ocrx_word' id='word_1_38' title='bbox 1706 626 1954 697; x_wconf 83' lang='lat' dir='ltr'><strong>personis</strong></span> <span class='ocrx_word' id='word_1_39' title='bbox 1984 624 2086 694; x_wconf 89' lang='lat' dir='ltr'><strong>(uti</strong></span> 
     </span>
    </p>
   </div>
   <div class='ocr_carea' id='block_1_7' title="bbox 488 719 2082 789">
    <p class='ocr_par' dir='ltr' id='par_1_7' title="bbox 488 719 2082 789">
     <span class='ocr_line' id='line_1_7' title="bbox 488 719 2082 789; baseline -0.008 -3"><span class='ocrx_word' id='word_1_40' title='bbox 488 731 684 786; x_wconf 87' lang='lat' dir='ltr'><strong>Petrus</strong></span> <span class='ocrx_word' id='word_1_41' title='bbox 713 727 1051 785; x_wconf 82' lang='lat' dir='ltr'><strong>Lombartlus</strong></span> <span class='ocrx_word' id='word_1_42' title='bbox 1066 728 1212 780; x_wconf 75' lang='lat' dir='ltr'><strong>visus</strong></span> <span class='ocrx_word' id='word_1_43' title='bbox 1233 736 1313 782; x_wconf 86' lang='lat' dir='ltr'><strong>est</strong></span> <span class='ocrx_word' id='word_1_44' title='bbox 1347 723 1542 780; x_wconf 81' lang='lat' dir='ltr'><strong>fecisse</strong></span> <span class='ocrx_word' id='word_1_45' title='bbox 1563 723 1614 777; x_wconf 89' lang='lat' dir='ltr'><strong>in</strong></span> <span class='ocrx_word' id='word_1_46' title='bbox 1643 738 1658 777; x_wconf 90' lang='grc' dir='ltr'>ι</span> <span class='ocrx_word' id='word_1_47' title='bbox 1685 731 1825 780; x_wconf 89' lang='lat' dir='ltr'><strong>sent.</strong></span> <span class='ocrx_word' id='word_1_48' title='bbox 1850 719 1978 775; x_wconf 88' lang='lat' dir='ltr'><strong>dist.</strong></span> <span class='ocrx_word' id='word_1_49' title='bbox 2001 719 2082 789; x_wconf 82' lang='lat'><strong>5),</strong></span> 
     </span>
    </p>
   </div>
   <div class='ocr_carea' id='block_1_8' title="bbox 487 812 2088 880">
    <p class='ocr_par' dir='ltr' id='par_1_8' title="bbox 487 812 2088 880">
     <span class='ocr_line' id='line_1_8' title="bbox 487 812 2088 880; baseline -0.01 0"><span class='ocrx_word' id='word_1_50' title='bbox 487 824 596 880; x_wconf 92' lang='lat' dir='ltr'><strong>nisi</strong></span> <span class='ocrx_word' id='word_1_51' title='bbox 646 839 768 879; x_wconf 89' lang='lat' dir='ltr'><strong>cum</strong></span> <span class='ocrx_word' id='word_1_52' title='bbox 825 821 1064 879; x_wconf 83' lang='lat' dir='ltr'><strong>Sabellio</strong></span> <span class='ocrx_word' id='word_1_53' title='bbox 1099 830 1156 876; x_wconf 91' lang='lat' dir='ltr'><strong>et</strong></span> <span class='ocrx_word' id='word_1_54' title='bbox 1197 819 1356 874; x_wconf 81' lang='lat' dir='ltr'><strong>Arrio</strong></span> <span class='ocrx_word' id='word_1_55' title='bbox 1407 815 1717 874; x_wconf 90' lang='lat' dir='ltr'><strong>sentiendo.</strong></span> <span class='ocrx_word' id='word_1_56' title='bbox 1764 812 2088 870; x_wconf 86' lang='lat' dir='ltr'><strong>Detulerunt</strong></span> 
     </span>
    </p>
   </div>
   <div class='ocr_carea' id='block_1_9' title="bbox 487 906 2088 990">
    <p class='ocr_par' dir='ltr' id='par_1_9' title="bbox 487 906 2088 990">
     <span class='ocr_line' id='line_1_9' title="bbox 487 906 2088 990; baseline -0.008 -17"><span class='ocrx_word' id='word_1_57' title='bbox 487 918 659 990; x_wconf 82' lang='lat' dir='ltr'><strong>igitur</strong></span> <span class='ocrx_word' id='word_1_58' title='bbox 694 931 909 971; x_wconf 90' lang='lat' dir='ltr'><strong>causam</strong></span> <span class='ocrx_word' id='word_1_59' title='bbox 941 912 1212 985; x_wconf 69' lang='lat' dir='ltr'><strong>ejusmodi</strong></span> <span class='ocrx_word' id='word_1_60' title='bbox 1258 914 1324 967; x_wconf 82' lang='lat' dir='ltr'><strong>ad</strong></span> <span class='ocrx_word' id='word_1_61' title='bbox 1363 910 1680 976; x_wconf 84' lang='lat' dir='ltr'><strong>concilium,</strong></span> <span class='ocrx_word' id='word_1_62' title='bbox 1720 923 1750 963; x_wconf 84' lang='lat' dir='ltr'><strong>a</strong></span> <span class='ocrx_word' id='word_1_63' title='bbox 1779 922 1889 978; x_wconf 86' lang='lat' dir='ltr'><strong>quo</strong></span> <span class='ocrx_word' id='word_1_64' title='bbox 1925 906 1979 961; x_wconf 91' lang='lat' dir='ltr'><strong>in</strong></span> <span class='ocrx_word' id='word_1_65' title='bbox 2019 918 2088 961; x_wconf 86' lang='lat' dir='ltr'><strong>eo</strong></span> 
     </span>
    </p>
   </div>
   <div class='ocr_carea' id='block_1_10' title="bbox 489 997 2089 1080">
    <p class='ocr_par' dir='ltr' id='par_1_10' title="bbox 489 997 2089 1080">
     <span class='ocr_line' id='line_1_10' title="bbox 489 997 2089 1080; baseline -0.008 -16"><span class='ocrx_word' id='word_1_66' title='bbox 489 1024 679 1075; x_wconf 73' lang='lat' dir='ltr'><strong>sensu,</strong></span> <span class='ocrx_word' id='word_1_67' title='bbox 706 1025 867 1080; x_wconf 90' lang='lat' dir='ltr'><strong>quem</strong></span> <span class='ocrx_word' id='word_1_68' title='bbox 906 1007 1070 1062; x_wconf 76' lang='lat' dir='ltr'><strong>verba</strong></span> <span class='ocrx_word' id='word_1_69' title='bbox 1103 1006 1221 1076; x_wconf 85' lang='lat' dir='ltr'><strong>ejus</strong></span> <span class='ocrx_word' id='word_1_70' title='bbox 1261 1003 1602 1076; x_wconf 62' lang='lat' dir='ltr'><strong>prtetendere</strong></span> <span class='ocrx_word' id='word_1_71' title='bbox 1639 1000 1985 1064; x_wconf 81' lang='lat' dir='ltr'><strong>videbantur,</strong></span> <span class='ocrx_word' id='word_1_72' title='bbox 2024 997 2089 1052; x_wconf 88' lang='lat' dir='ltr'><strong>li-</strong></span> 
     </span>
    </p>
   </div>
   <div class='ocr_carea' id='block_1_11' title="bbox 490 1092 2090 1173">
    <p class='ocr_par' dir='ltr' id='par_1_11' title="bbox 490 1092 2090 1173">
     <span class='ocr_line' id='line_1_11' title="bbox 490 1092 2090 1173; baseline -0.008 -15"><span class='ocrx_word' id='word_1_73' title='bbox 490 1105 590 1158; x_wconf 91' lang='lat' dir='ltr'><strong>ber</strong></span> <span class='ocrx_word' id='word_1_74' title='bbox 622 1102 876 1173; x_wconf 70' lang='lat' dir='ltr'><strong>praelatus</strong></span> <span class='ocrx_word' id='word_1_75' title='bbox 902 1116 1044 1154; x_wconf 87' lang='lat' dir='ltr'><strong>anno</strong></span> <span class='ocrx_word' id='word_1_76' title='bbox 1075 1099 1286 1154; x_wconf 72' lang='lat' dir='ltr'><strong>Domini</strong></span> <span class='ocrx_word' id='word_1_77' title='bbox 1316 1097 1477 1162; x_wconf 59' lang='lat' dir='ltr'><strong>lilii,</strong></span> <span class='ocrx_word' id='word_1_78' title='bbox 1508 1095 1832 1151; x_wconf 86' lang='lat' dir='ltr'><strong>sententiam</strong></span> <span class='ocrx_word' id='word_1_79' title='bbox 1864 1092 2090 1147; x_wconf 88' lang='lat' dir='ltr'><strong>damna-</strong></span> 
     </span>
    </p>
   </div>
   <div class='ocr_carea' id='block_1_12' title="bbox 491 1183 2092 1264">
    <p class='ocr_par' dir='ltr' id='par_1_12' title="bbox 491 1183 2092 1264">
     <span class='ocr_line' id='line_1_12' title="bbox 491 1183 2092 1264; baseline -0.007 -15"><span class='ocrx_word' id='word_1_80' title='bbox 491 1194 652 1250; x_wconf 88' lang='lat' dir='ltr'><strong>tionis</strong></span> <span class='ocrx_word' id='word_1_81' title='bbox 681 1195 915 1264; x_wconf 89' lang='lat' dir='ltr'><strong>accepit.</strong></span> <span class='ocrx_word' id='word_1_82' title='bbox 949 1191 1056 1248; x_wconf 86' lang='lat' dir='ltr'><strong>Sed</strong></span> <span class='ocrx_word' id='word_1_83' title='bbox 1092 1207 1220 1246; x_wconf 81' lang='lat' dir='ltr'><strong>vero</strong></span> <span class='ocrx_word' id='word_1_84' title='bbox 1252 1189 1566 1245; x_wconf 79' lang='lat' dir='ltr'><strong>Joaehintus</strong></span> <span class='ocrx_word' id='word_1_85' title='bbox 1593 1187 1774 1242; x_wconf 81' lang='lat' dir='ltr'><strong>minus</strong></span> <span class='ocrx_word' id='word_1_86' title='bbox 1805 1201 1864 1241; x_wconf 89' lang='lat' dir='ltr'><strong>se</strong></span> <span class='ocrx_word' id='word_1_87' title='bbox 1903 1183 2092 1240; x_wconf 78' lang='lat' dir='ltr'><strong>delen-</strong></span> 
     </span>
    </p>
   </div>
   <div class='ocr_carea' id='block_1_13' title="bbox 491 1277 2090 1360">
    <p class='ocr_par' dir='ltr' id='par_1_13' title="bbox 491 1277 2090 1360">
     <span class='ocr_line' id='line_1_13' title="bbox 491 1277 2090 1360; baseline -0.008 -16"><span class='ocrx_word' id='word_1_88' title='bbox 491 1291 623 1345; x_wconf 89' lang='lat' dir='ltr'><strong>dere</strong></span> <span class='ocrx_word' id='word_1_89' title='bbox 664 1287 866 1360; x_wconf 83' lang='lat' dir='ltr'><strong>potuit.</strong></span> <span class='ocrx_word' id='word_1_90' title='bbox 896 1302 1019 1342; x_wconf 91' lang='lat' dir='ltr'><strong>cum</strong></span> <span class='ocrx_word' id='word_1_91' title='bbox 1066 1300 1209 1341; x_wconf 91' lang='lat' dir='ltr'><strong>anno</strong></span> <span class='ocrx_word' id='word_1_92' title='bbox 1253 1284 1536 1353; x_wconf 77' lang='lat' dir='ltr'><strong>superiore</strong></span> <span class='ocrx_word' id='word_1_93' title='bbox 1576 1282 1646 1337; x_wconf 88' lang='lat' dir='ltr'><strong>ab</strong></span> <span class='ocrx_word' id='word_1_94' title='bbox 1678 1280 1945 1337; x_wconf 84' lang='lat' dir='ltr'><strong>lncarnat.</strong></span> <span class='ocrx_word' id='word_1_95' title='bbox 1980 1277 2090 1334; x_wconf 80' lang='lat' dir='ltr'><strong>Do-</strong></span> 
     </span>
    </p>
   </div>
   <div class='ocr_carea' id='block_1_14' title="bbox 493 1376 2089 1446">
    <p class='ocr_par' dir='ltr' id='par_1_14' title="bbox 493 1376 2089 1446">
     <span class='ocr_line' id='line_1_14' title="bbox 493 1376 2089 1446; baseline -0.008 -9"><span class='ocrx_word' id='word_1_96' title='bbox 493 1381 626 1438; x_wconf 89' lang='lat' dir='ltr'><strong>mini</strong></span> <span class='ocrx_word' id='word_1_97' title='bbox 662 1380 822 1446; x_wconf 69' lang='lat' dir='ltr'><strong>i214,</strong></span> <span class='ocrx_word' id='word_1_98' title='bbox 856 1379 1043 1434; x_wconf 85' lang='lat' dir='ltr'><strong>ultima</strong></span> <span class='ocrx_word' id='word_1_99' title='bbox 1071 1377 1244 1432; x_wconf 80' lang='lat' dir='ltr'><strong>Martii</strong></span> <span class='ocrx_word' id='word_1_100' title='bbox 1269 1378 1410 1432; x_wconf 85' lang='lat' dir='ltr'><strong>dicat</strong></span> <span class='ocrx_word' id='word_1_101' title='bbox 1443 1376 1735 1431; x_wconf 88' lang='lat' dir='ltr'><strong>clausisset</strong></span> <span class='ocrx_word' id='word_1_102' title='bbox 1761 1381 2089 1437; x_wconf 79' lang='lat' dir='ltr'><strong>extremum,</strong></span> 
     </span>
    </p>
   </div>
   <div class='ocr_carea' id='block_1_15' title="bbox 494 1466 2088 1540">
    <p class='ocr_par' dir='ltr' id='par_1_15' title="bbox 494 1466 2088 1540">
     <span class='ocr_line' id='line_1_15' title="bbox 494 1466 2088 1540; baseline -0.008 -10"><span class='ocrx_word' id='word_1_103' title='bbox 494 1477 572 1530; x_wconf 90' lang='lat' dir='ltr'><strong>uti</strong></span> <span class='ocrx_word' id='word_1_104' title='bbox 617 1473 854 1529; x_wconf 83' lang='lat' dir='ltr'><strong>Jacobus</strong></span> <span class='ocrx_word' id='word_1_105' title='bbox 901 1471 1126 1527; x_wconf 64' lang='lat' dir='ltr'><strong>Graecus</strong></span> <span class='ocrx_word' id='word_1_106' title='bbox 1177 1473 1354 1540; x_wconf 87' lang='lat' dir='ltr'><strong>aperit</strong></span> <span class='ocrx_word' id='word_1_107' title='bbox 1402 1470 1452 1525; x_wconf 90' lang='lat' dir='ltr'><strong>in</strong></span> <span class='ocrx_word' id='word_1_108' title='bbox 1511 1471 1629 1540; x_wconf 90' lang='lat' dir='ltr'><strong>ejus</strong></span> <span class='ocrx_word' id='word_1_109' title='bbox 1680 1466 2088 1537; x_wconf 84' lang='lat' dir='ltr'><strong>Chronologia,</strong></span> 
     </span>
    </p>
   </div>
   <div class='ocr_carea' id='block_1_16' title="bbox 493 1558 2095 1625">
    <p class='ocr_par' dir='ltr' id='par_1_16' title="bbox 493 1558 2095 1625">
     <span class='ocr_line' id='line_1_16' title="bbox 493 1558 2095 1625; baseline -0.009 0"><span class='ocrx_word' id='word_1_110' title='bbox 493 1577 636 1625; x_wconf 75' lang='lat' dir='ltr'><strong>sect.</strong></span> <span class='ocrx_word' id='word_1_111' title='bbox 659 1568 749 1623; x_wconf 75' lang='lat'><strong>56.</strong></span> <span class='ocrx_word' id='word_1_112' title='bbox 775 1566 1143 1623; x_wconf 80' lang='lat' dir='ltr'><strong>Nihilominus</strong></span> <span class='ocrx_word' id='word_1_113' title='bbox 1162 1564 1232 1619; x_wconf 84' lang='lat' dir='ltr'><strong>ab</strong></span> <span class='ocrx_word' id='word_1_114' title='bbox 1251 1562 1557 1618; x_wconf 82' lang='lat' dir='ltr'><strong>octodecim</strong></span> <span class='ocrx_word' id='word_1_115' title='bbox 1581 1564 1744 1617; x_wconf 89' lang='lat' dir='ltr'><strong>annis</strong></span> <span class='ocrx_word' id='word_1_116' title='bbox 1765 1558 2095 1615; x_wconf 84' lang='lat' dir='ltr'><strong>condemna-</strong></span> 
     </span>
    </p>
   </div>
   <div class='ocr_carea' id='block_1_17' title="bbox 497 1652 2097 1730">
    <p class='ocr_par' dir='ltr' id='par_1_17' title="bbox 497 1652 2097 1730">
     <span class='ocr_line' id='line_1_17' title="bbox 497 1652 2097 1730; baseline -0.008 -12"><span class='ocrx_word' id='word_1_117' title='bbox 497 1663 704 1718; x_wconf 89' lang='lat' dir='ltr'><strong>tionem</strong></span> <span class='ocrx_word' id='word_1_118' title='bbox 733 1675 884 1716; x_wconf 89' lang='lat' dir='ltr'><strong>suam</strong></span> <span class='ocrx_word' id='word_1_119' title='bbox 921 1658 1220 1730; x_wconf 90' lang='lat' dir='ltr'><strong>perspicuis</strong></span> <span class='ocrx_word' id='word_1_120' title='bbox 1246 1657 1428 1712; x_wconf 79' lang='lat' dir='ltr'><strong>verbis</strong></span> <span class='ocrx_word' id='word_1_121' title='bbox 1459 1656 1786 1726; x_wconf 70' lang='lat' dir='ltr'><strong>praedixerat</strong></span> <span class='ocrx_word' id='word_1_122' title='bbox 1817 1669 1963 1709; x_wconf 87' lang='lat' dir='ltr'><strong>anno</strong></span> <span class='ocrx_word' id='word_1_123' title='bbox 1990 1652 2097 1707; x_wconf 88' lang='lat' dir='ltr'><strong>sei-</strong></span> 
     </span>
    </p>
   </div>
   <div class='ocr_carea' id='block_1_18' title="bbox 498 1744 2097 1822">
    <p class='ocr_par' dir='ltr' id='par_1_18' title="bbox 498 1744 2097 1822">
     <span class='ocr_line' id='line_1_18' title="bbox 498 1744 2097 1822; baseline -0.008 -13"><span class='ocrx_word' id='word_1_124' title='bbox 498 1755 629 1810; x_wconf 89' lang='lat' dir='ltr'><strong>licet</strong></span> <span class='ocrx_word' id='word_1_125' title='bbox 658 1753 820 1816; x_wconf 80' lang='lat' dir='ltr'><strong>H97,</strong></span> <span class='ocrx_word' id='word_1_126' title='bbox 845 1766 952 1822; x_wconf 92' lang='lat' dir='ltr'><strong>quo</strong></span> <span class='ocrx_word' id='word_1_127' title='bbox 976 1752 1093 1821; x_wconf 91' lang='lat' dir='ltr'><strong>ipso</strong></span> <span class='ocrx_word' id='word_1_128' title='bbox 1120 1749 1512 1805; x_wconf 87' lang='lat' dir='ltr'><strong>commentaria</strong></span> <span class='ocrx_word' id='word_1_129' title='bbox 1542 1748 1596 1802; x_wconf 92' lang='lat' dir='ltr'><strong>in</strong></span> <span class='ocrx_word' id='word_1_130' title='bbox 1627 1746 1952 1802; x_wconf 88' lang='lat' dir='ltr'><strong>llieremiatn</strong></span> <span class='ocrx_word' id='word_1_131' title='bbox 1983 1744 2097 1799; x_wconf 86' lang='lat' dir='ltr'><strong>ela-</strong></span> 
     </span>
    </p>
   </div>
   <div class='ocr_carea' id='block_1_19' title="bbox 2186 526 3786 601">
    <p class='ocr_par' dir='ltr' id='par_1_19' title="bbox 2186 526 3786 601">
     <span class='ocr_line' id='line_1_19' title="bbox 2186 526 3786 601; baseline -0.008 -12"><span class='ocrx_word' id='word_1_132' title='bbox 2186 537 2411 590; x_wconf 88' lang='lat' dir='ltr'><strong>animam</strong></span> <span class='ocrx_word' id='word_1_133' title='bbox 2440 545 2603 590; x_wconf 81' lang='lat' dir='ltr'><strong>tuam.</strong></span> <span class='ocrx_word' id='word_1_134' title='bbox 2632 533 2675 587; x_wconf 84' lang='grc' dir='ltr'><em>Α</em></span> <span class='ocrx_word' id='word_1_135' title='bbox 2700 530 3016 601; x_wconf 71' lang='lat' dir='ltr'><strong>quibusdam</strong></span> <span class='ocrx_word' id='word_1_136' title='bbox 3043 528 3454 584; x_wconf 68' lang='lat' dir='ltr'><strong>Cistaciensiunt</strong></span> <span class='ocrx_word' id='word_1_137' title='bbox 3494 540 3613 596; x_wconf 82' lang='lat' dir='ltr'><strong>egre</strong></span> <span class='ocrx_word' id='word_1_138' title='bbox 3632 526 3786 579; x_wconf 73' lang='lat' dir='ltr'><strong>iietur</strong></span> 
     </span>
    </p>
   </div>
   <div class='ocr_carea' id='block_1_20' title="bbox 2186 619 3786 699">
    <p class='ocr_par' dir='ltr' id='par_1_20' title="bbox 2186 619 3786 699">
     <span class='ocr_line' id='line_1_20' title="bbox 2186 619 3786 699; baseline -0.008 -17"><span class='ocrx_word' id='word_1_139' title='bbox 2186 629 2430 699; x_wconf 79' lang='lat' dir='ltr'><strong>iniquitas</strong></span> <span class='ocrx_word' id='word_1_140' title='bbox 2459 627 2591 690; x_wconf 78' lang='lat' dir='ltr'><strong>Ita&#39;c,</strong></span> <span class='ocrx_word' id='word_1_141' title='bbox 2617 635 2675 680; x_wconf 87' lang='lat' dir='ltr'><strong>ut</strong></span> <span class='ocrx_word' id='word_1_142' title='bbox 2701 627 2884 680; x_wconf 72' lang='lat' dir='ltr'><strong>doctor</strong></span> <span class='ocrx_word' id='word_1_143' title='bbox 2922 622 3014 678; x_wconf 88' lang='lat' dir='ltr'><strong>ille</strong></span> <span class='ocrx_word' id='word_1_144' title='bbox 3040 639 3144 676; x_wconf 86' lang='lat' dir='ltr'><strong>non</strong></span> <span class='ocrx_word' id='word_1_145' title='bbox 3185 623 3450 692; x_wconf 79' lang='lat' dir='ltr'><strong>propltetet</strong></span> <span class='ocrx_word' id='word_1_146' title='bbox 3494 620 3549 673; x_wconf 87' lang='lat' dir='ltr'><strong>in</strong></span> <span class='ocrx_word' id='word_1_147' title='bbox 3584 619 3786 672; x_wconf 84' lang='lat' dir='ltr'><strong>nomine</strong></span> 
     </span>
    </p>
   </div>
   <div class='ocr_carea' id='block_1_21' title="bbox 2189 713 3790 789">
    <p class='ocr_par' dir='ltr' id='par_1_21' title="bbox 2189 713 3790 789">
     <span class='ocr_line' id='line_1_21' title="bbox 2189 713 3790 789; baseline -0.009 -13"><span class='ocrx_word' id='word_1_148' title='bbox 2189 721 2422 789; x_wconf 79' lang='lat' dir='ltr'><strong>Domini,</strong></span> <span class='ocrx_word' id='word_1_149' title='bbox 2457 730 2505 776; x_wconf 85' lang='lat' dir='ltr'><strong>et</strong></span> <span class='ocrx_word' id='word_1_150' title='bbox 2532 721 2586 774; x_wconf 89' lang='lat' dir='ltr'><strong>in</strong></span> <span class='ocrx_word' id='word_1_151' title='bbox 2618 735 2795 774; x_wconf 88' lang='lat' dir='ltr'><strong>eorum</strong></span> <span class='ocrx_word' id='word_1_152' title='bbox 2825 716 3087 784; x_wconf 87' lang='lat' dir='ltr'><strong>manibus,</strong></span> <span class='ocrx_word' id='word_1_153' title='bbox 3117 715 3172 767; x_wconf 97' lang='lat' dir='ltr'><strong>id</strong></span> <span class='ocrx_word' id='word_1_154' title='bbox 3199 723 3296 777; x_wconf 82' lang='lat' dir='ltr'><strong>est,</strong></span> <span class='ocrx_word' id='word_1_155' title='bbox 3323 713 3562 784; x_wconf 74' lang='lat' dir='ltr'><strong>operibus</strong></span> <span class='ocrx_word' id='word_1_156' title='bbox 3594 718 3640 766; x_wconf 85' lang='lat' dir='ltr'><strong>et</strong></span> <span class='ocrx_word' id='word_1_157' title='bbox 3666 725 3790 763; x_wconf 84' lang='lat' dir='ltr'><strong>cou-</strong></span> 
     </span>
    </p>
   </div>
   <div class='ocr_carea' id='block_1_22' title="bbox 2189 802 3787 880">
    <p class='ocr_par' dir='ltr' id='par_1_22' title="bbox 2189 802 3787 880">
     <span class='ocr_line' id='line_1_22' title="bbox 2189 802 3787 880; baseline -0.006 -10"><span class='ocrx_word' id='word_1_158' title='bbox 2189 815 2324 871; x_wconf 88' lang='lat' dir='ltr'><strong>ciliis</strong></span> <span class='ocrx_word' id='word_1_159' title='bbox 2375 815 2651 878; x_wconf 81' lang='lat' dir='ltr'><strong>moriatur,</strong></span> <span class='ocrx_word' id='word_1_160' title='bbox 2709 811 2766 865; x_wconf 89' lang='lat' dir='ltr'><strong>id</strong></span> <span class='ocrx_word' id='word_1_161' title='bbox 2808 821 2907 879; x_wconf 81' lang='lat' dir='ltr'><strong>est,</strong></span> <span class='ocrx_word' id='word_1_162' title='bbox 2954 808 3279 880; x_wconf 78' lang='lat' dir='ltr'><strong>reprobetur.</strong></span> <span class='ocrx_word' id='word_1_163' title='bbox 3331 805 3468 877; x_wconf 85' lang='lat' dir='ltr'><strong>Ipsis</strong></span> <span class='ocrx_word' id='word_1_164' title='bbox 3517 802 3787 876; x_wconf 84' lang='lat' dir='ltr'><strong>siquidem</strong></span> 
     </span>
    </p>
   </div>
   <div class='ocr_carea' id='block_1_23' title="bbox 2190 895 3788 980">
    <p class='ocr_par' dir='ltr' id='par_1_23' title="bbox 2190 895 3788 980">
     <span class='ocr_line' id='line_1_23' title="bbox 2190 895 3788 980; baseline -0.01 -14"><span class='ocrx_word' id='word_1_165' title='bbox 2190 909 2480 980; x_wconf 77' lang='lat' dir='ltr'><strong>agentibus</strong></span> <span class='ocrx_word' id='word_1_166' title='bbox 2515 910 2568 962; x_wconf 89' lang='lat' dir='ltr'><strong>in</strong></span> <span class='ocrx_word' id='word_1_167' title='bbox 2617 905 2856 962; x_wconf 90' lang='lat' dir='ltr'><strong>concilio</strong></span> <span class='ocrx_word' id='word_1_168' title='bbox 2884 902 3126 975; x_wconf 74' lang='lat' dir='ltr'><strong>generali</strong></span> <span class='ocrx_word' id='word_1_169' title='bbox 3158 901 3447 956; x_wconf 86' lang='lat' dir='ltr'><strong>damnatus</strong></span> <span class='ocrx_word' id='word_1_170' title='bbox 3490 906 3578 953; x_wconf 88' lang='lat' dir='ltr'><strong>est</strong></span> <span class='ocrx_word' id='word_1_171' title='bbox 3629 895 3788 953; x_wconf 89' lang='lat' dir='ltr'><strong>liber.</strong></span> 
     </span>
    </p>
   </div>
   <div class='ocr_carea' id='block_1_24' title="bbox 2193 998 3787 1073">
    <p class='ocr_par' dir='ltr' id='par_1_24' title="bbox 2193 998 3787 1073">
     <span class='ocr_line' id='line_1_24' title="bbox 2193 998 3787 1073; baseline -0.009 -14"><span class='ocrx_word' id='word_1_172' title='bbox 2193 1002 2301 1060; x_wconf 76' lang='lat' dir='ltr'><strong>Sed</strong></span> <span class='ocrx_word' id='word_1_173' title='bbox 2327 1004 2454 1073; x_wconf 87' lang='lat' dir='ltr'><strong>quid</strong></span> <span class='ocrx_word' id='word_1_174' title='bbox 2481 1002 2602 1055; x_wconf 87' lang='lat' dir='ltr'><strong>inde</strong></span> <span class='ocrx_word' id='word_1_175' title='bbox 2626 998 2896 1070; x_wconf 78' lang='lat' dir='ltr'><strong>sequitur?</strong></span> <span class='ocrx_word' id='word_1_176' title='bbox 2917 1005 2979 1051; x_wconf 91' lang='lat' dir='ltr'><strong>ut</strong></span> <span class='ocrx_word' id='word_1_177' title='bbox 2997 1010 3185 1051; x_wconf 77' lang='lat' dir='ltr'><strong>verum</strong></span> <span class='ocrx_word' id='word_1_178' title='bbox 3209 1007 3342 1050; x_wconf 70' lang='lat' dir='ltr'><strong>vero</strong></span> <span class='ocrx_word' id='word_1_179' title='bbox 3363 999 3632 1047; x_wconf 81' lang='lat' dir='ltr'><strong>censonet</strong></span> <span class='ocrx_word' id='word_1_180' title='bbox 3654 1005 3787 1061; x_wconf 67' lang='lat' dir='ltr'><strong>pne-</strong></span> 
     </span>
    </p>
   </div>
   <div class='ocr_carea' id='block_1_25' title="bbox 2190 1086 3788 1156">
    <p class='ocr_par' dir='ltr' id='par_1_25' title="bbox 2190 1086 3788 1156">
     <span class='ocr_line' id='line_1_25' title="bbox 2190 1086 3788 1156; baseline -0.008 -3"><span class='ocrx_word' id='word_1_181' title='bbox 2190 1096 2323 1153; x_wconf 89' lang='lat' dir='ltr'><strong>dicit</strong></span> <span class='ocrx_word' id='word_1_182' title='bbox 2344 1093 2749 1152; x_wconf 83' lang='lat' dir='ltr'><strong>lamentabilem</strong></span> <span class='ocrx_word' id='word_1_183' title='bbox 2771 1106 2957 1148; x_wconf 86' lang='lat' dir='ltr'><strong>casum</strong></span> <span class='ocrx_word' id='word_1_184' title='bbox 2977 1087 3360 1145; x_wconf 87' lang='lat' dir='ltr'><strong>Cisterciensis</strong></span> <span class='ocrx_word' id='word_1_185' title='bbox 3379 1086 3788 1156; x_wconf 83' lang='lat' dir='ltr'><strong>ordinis.quem</strong></span> 
     </span>
    </p>
   </div>
   <div class='ocr_carea' id='block_1_26' title="bbox 2193 1177 3792 1246">
    <p class='ocr_par' dir='ltr' id='par_1_26' title="bbox 2193 1177 3792 1246">
     <span class='ocr_line' id='line_1_26' title="bbox 2193 1177 3792 1246; baseline -0.011 0"><span class='ocrx_word' id='word_1_186' title='bbox 2193 1190 2400 1246; x_wconf 85' lang='lat' dir='ltr'><strong>utinam</strong></span> <span class='ocrx_word' id='word_1_187' title='bbox 2425 1187 2631 1244; x_wconf 80' lang='lat' dir='ltr'><strong>nostris</strong></span> <span class='ocrx_word' id='word_1_188' title='bbox 2659 1185 2834 1243; x_wconf 88' lang='lat' dir='ltr'><strong>oculis</strong></span> <span class='ocrx_word' id='word_1_189' title='bbox 2858 1199 2966 1239; x_wconf 90' lang='lat' dir='ltr'><strong>non</strong></span> <span class='ocrx_word' id='word_1_190' title='bbox 2993 1181 3293 1239; x_wconf 78' lang='lat' dir='ltr'><strong>viderimus</strong></span> <span class='ocrx_word' id='word_1_191' title='bbox 3321 1198 3335 1233; x_wconf 89' lang='lat'><strong>:</strong></span> <span class='ocrx_word' id='word_1_192' title='bbox 3364 1177 3584 1234; x_wconf 73' lang='lat' dir='ltr'><strong>lunares</strong></span> <span class='ocrx_word' id='word_1_193' title='bbox 3611 1192 3792 1234; x_wconf 74' lang='lat' dir='ltr'><strong>eorum</strong></span> 
     </span>
    </p>
   </div>
   <div class='ocr_carea' id='block_1_27' title="bbox 2194 1269 3793 1353">
    <p class='ocr_par' dir='ltr' id='par_1_27' title="bbox 2194 1269 3793 1353">
     <span class='ocr_line' id='line_1_27' title="bbox 2194 1269 3793 1353; baseline -0.01 -15"><span class='ocrx_word' id='word_1_194' title='bbox 2194 1283 2484 1339; x_wconf 88' lang='lat' dir='ltr'><strong>morientur</strong></span> <span class='ocrx_word' id='word_1_195' title='bbox 2505 1279 2707 1353; x_wconf 83' lang='lat' dir='ltr'><strong>gladio,</strong></span> <span class='ocrx_word' id='word_1_196' title='bbox 2741 1288 2847 1334; x_wconf 90' lang='lat' dir='ltr'><strong>etc.</strong></span> <span class='ocrx_word' id='word_1_197' title='bbox 2881 1276 3104 1332; x_wconf 75' lang='lat' dir='ltr'><strong>Jtteents</strong></span> <span class='ocrx_word' id='word_1_198' title='bbox 3143 1283 3262 1329; x_wconf 83' lang='lat' dir='ltr'><strong>sunt</strong></span> <span class='ocrx_word' id='word_1_199' title='bbox 3297 1273 3520 1346; x_wconf 75' lang='lat' dir='ltr'><strong>priores,</strong></span> <span class='ocrx_word' id='word_1_200' title='bbox 3554 1269 3654 1339; x_wconf 88' lang='lat' dir='ltr'><strong>ﬁlii</strong></span> <span class='ocrx_word' id='word_1_201' title='bbox 3683 1286 3793 1323; x_wconf 85' lang='lat' dir='ltr'><strong>mo—</strong></span> 
     </span>
    </p>
   </div>
   <div class='ocr_carea' id='block_1_28' title="bbox 2193 1364 3793 1448">
    <p class='ocr_par' dir='ltr' id='par_1_28' title="bbox 2193 1364 3793 1448">
     <span class='ocr_line' id='line_1_28' title="bbox 2193 1364 3793 1448; baseline -0.011 -15"><span class='ocrx_word' id='word_1_202' title='bbox 2193 1378 2372 1443; x_wconf 83' lang='lat' dir='ltr'><strong>nachi,</strong></span> <span class='ocrx_word' id='word_1_203' title='bbox 2395 1376 2522 1448; x_wconf 82' lang='lat' dir='ltr'><strong>ﬁlite</strong></span> <span class='ocrx_word' id='word_1_204' title='bbox 2547 1373 2863 1430; x_wconf 84' lang='lat' dir='ltr'><strong>monasteria</strong></span> <span class='ocrx_word' id='word_1_205' title='bbox 2886 1372 3033 1443; x_wconf 70' lang='lat' dir='ltr'><strong>(qua:</strong></span> <span class='ocrx_word' id='word_1_206' title='bbox 3060 1385 3157 1440; x_wconf 87' lang='lat' dir='ltr'><strong>per</strong></span> <span class='ocrx_word' id='word_1_207' title='bbox 3185 1367 3479 1422; x_wconf 83' lang='lat' dir='ltr'><strong>liliationes</strong></span> <span class='ocrx_word' id='word_1_208' title='bbox 3505 1364 3793 1419; x_wconf 84' lang='lat' dir='ltr'><strong>distributa</strong></span> 
     </span>
    </p>
   </div>
   <div class='ocr_carea' id='block_1_29' title="bbox 2194 1458 3796 1543">
    <p class='ocr_par' dir='ltr' id='par_1_29' title="bbox 2194 1458 3796 1543">
     <span class='ocr_line' id='line_1_29' title="bbox 2194 1458 3796 1543; baseline -0.011 -15"><span class='ocrx_word' id='word_1_209' title='bbox 2194 1469 2374 1543; x_wconf 87' lang='lat' dir='ltr'><strong>erant)</strong></span> <span class='ocrx_word' id='word_1_210' title='bbox 2414 1471 2494 1526; x_wconf 77' lang='lat' dir='ltr'><strong>oet</strong></span> <span class='ocrx_word' id='word_1_211' title='bbox 2530 1468 2836 1525; x_wconf 69' lang='lat' dir='ltr'><strong>obcdientiaz</strong></span> <span class='ocrx_word' id='word_1_212' title='bbox 2863 1479 3075 1530; x_wconf 86' lang='lat' dir='ltr'><strong>eorum;</strong></span> <span class='ocrx_word' id='word_1_213' title='bbox 3101 1462 3257 1536; x_wconf 84' lang='lat' dir='ltr'><strong>primi</strong></span> <span class='ocrx_word' id='word_1_214' title='bbox 3293 1461 3348 1514; x_wconf 84' lang='lat' dir='ltr'><strong>in</strong></span> <span class='ocrx_word' id='word_1_215' title='bbox 3397 1458 3578 1532; x_wconf 84' lang='lat' dir='ltr'><strong>gladio</strong></span> <span class='ocrx_word' id='word_1_216' title='bbox 3619 1459 3796 1528; x_wconf 74' lang='lat' dir='ltr'><strong>reipu-</strong></span> 
     </span>
    </p>
   </div>
   <div class='ocr_carea' id='block_1_30' title="bbox 2197 1551 3796 1635">
    <p class='ocr_par' dir='ltr' id='par_1_30' title="bbox 2197 1551 3796 1635">
     <span class='ocr_line' id='line_1_30' title="bbox 2197 1551 3796 1635; baseline -0.01 -13"><span class='ocrx_word' id='word_1_217' title='bbox 2197 1565 2344 1622; x_wconf 74' lang='lat' dir='ltr'><strong>blica:</strong></span> <span class='ocrx_word' id='word_1_218' title='bbox 2386 1565 2573 1622; x_wconf 77' lang='lat' dir='ltr'><strong>cadent</strong></span> <span class='ocrx_word' id='word_1_219' title='bbox 2626 1562 2703 1635; x_wconf 88' lang='lat' dir='ltr'><strong>(id</strong></span> <span class='ocrx_word' id='word_1_220' title='bbox 2744 1569 2850 1631; x_wconf 87' lang='lat' dir='ltr'><strong>est,</strong></span> <span class='ocrx_word' id='word_1_221' title='bbox 2895 1560 2950 1616; x_wconf 87' lang='lat' dir='ltr'><strong>in</strong></span> <span class='ocrx_word' id='word_1_222' title='bbox 2999 1573 3195 1614; x_wconf 83' lang='lat' dir='ltr'><strong>manus</strong></span> <span class='ocrx_word' id='word_1_223' title='bbox 3237 1551 3796 1623; x_wconf 76' lang='lat' dir='ltr'><strong>commendaturum).</strong></span> 
     </span>
    </p>
   </div>
   <div class='ocr_carea' id='block_1_31' title="bbox 2197 1645 3802 1729">
    <p class='ocr_par' dir='ltr' id='par_1_31' title="bbox 2197 1645 3802 1729">
     <span class='ocr_line' id='line_1_31' title="bbox 2197 1645 3802 1729; baseline -0.012 -11"><span class='ocrx_word' id='word_1_224' title='bbox 2197 1657 2451 1723; x_wconf 83' lang='lat' dir='ltr'><strong>Secundi.</strong></span> <span class='ocrx_word' id='word_1_225' title='bbox 2492 1660 2546 1713; x_wconf 90' lang='lat' dir='ltr'><strong>in</strong></span> <span class='ocrx_word' id='word_1_226' title='bbox 2587 1659 2725 1729; x_wconf 75' lang='lat' dir='ltr'><strong>{ante</strong></span> <span class='ocrx_word' id='word_1_227' title='bbox 2749 1655 3004 1712; x_wconf 68' lang='lat' dir='ltr'><strong>doctrina</strong></span> <span class='ocrx_word' id='word_1_228' title='bbox 3038 1653 3334 1718; x_wconf 72' lang='lat' dir='ltr'><strong>catholicae,</strong></span> <span class='ocrx_word' id='word_1_229' title='bbox 3366 1648 3649 1721; x_wconf 80' lang='lat' dir='ltr'><strong>deﬁcient;</strong></span> <span class='ocrx_word' id='word_1_230' title='bbox 3676 1645 3802 1700; x_wconf 86' lang='lat' dir='ltr'><strong>reli-</strong></span> 
     </span>
    </p>
   </div>
   <div class='ocr_carea' id='block_1_32' title="bbox 2197 1741 3800 1828">
    <p class='ocr_par' dir='ltr' id='par_1_32' title="bbox 2197 1741 3800 1828">
     <span class='ocr_line' id='line_1_32' title="bbox 2197 1741 3800 1828; baseline -0.01 -18"><span class='ocrx_word' id='word_1_231' title='bbox 2197 1756 2354 1828; x_wconf 66' lang='lat' dir='ltr'><strong>quiae,</strong></span> <span class='ocrx_word' id='word_1_232' title='bbox 2388 1761 2668 1827; x_wconf 84' lang='lat' dir='ltr'><strong>potestates</strong></span> <span class='ocrx_word' id='word_1_233' title='bbox 2708 1751 2903 1806; x_wconf 74' lang='lat' dir='ltr'><strong>scilicet</strong></span> <span class='ocrx_word' id='word_1_234' title='bbox 2945 1748 3170 1814; x_wconf 84' lang='lat' dir='ltr'><strong>ordinis,</strong></span> <span class='ocrx_word' id='word_1_235' title='bbox 3200 1747 3255 1801; x_wconf 89' lang='lat' dir='ltr'><strong>in</strong></span> <span class='ocrx_word' id='word_1_236' title='bbox 3297 1746 3498 1815; x_wconf 79' lang='lat' dir='ltr'><strong>defectu</strong></span> <span class='ocrx_word' id='word_1_237' title='bbox 3541 1741 3800 1816; x_wconf 73' lang='lat' dir='ltr'><strong>regularis</strong></span> 
     </span>
    </p>
   </div>
   <div class='ocr_carea' id='block_1_33' title="bbox 494 1833 3796 1916">
    <p class='ocr_par' dir='ltr' id='par_1_33' title="bbox 494 1833 3796 1916">
     <span class='ocr_line' id='line_1_33' title="bbox 494 1833 3796 1916; baseline -0.008 -1"><span class='ocrx_word' id='word_1_238' title='bbox 494 1847 731 1911; x_wconf 68' lang='lat' dir='ltr'><strong>bomVi&#39;.</strong></span> <span class='ocrx_word' id='word_1_239' title='bbox 776 1846 894 1916; x_wconf 77' lang='grc' dir='ltr'><strong>ῐρεο</strong></span> <span class='ocrx_word' id='word_1_240' title='bbox 937 1853 1096 1913; x_wconf 68' lang='grc' dir='ltr'><strong>ιθδιυ,</strong></span> <span class='ocrx_word' id='word_1_241' title='bbox 1131 1843 1258 1899; x_wconf 74' lang='lat' dir='ltr'><strong>dum</strong></span> <span class='ocrx_word' id='word_1_242' title='bbox 1295 1841 1362 1896; x_wconf 66' lang='lat' dir='ltr'><strong>ad</strong></span> <span class='ocrx_word' id='word_1_243' title='bbox 1401 1849 1563 1913; x_wconf 63' lang='lat' dir='ltr'><strong>caput</strong></span> <span class='ocrx_word' id='word_1_244' title='bbox 1596 1839 1667 1895; x_wconf 64' lang='grc'><strong>94</strong></span> <span class='ocrx_word' id='word_1_245' title='bbox 1701 1837 1878 1894; x_wconf 57' lang='lat' dir='ltr'><strong>“hil:</strong></span> <span class='ocrx_word' id='word_1_246' title='bbox 1916 1835 2099 1909; x_wconf 59' lang='lat' dir='ltr'><strong>Agim&quot;</strong></span> <span class='ocrx_word' id='word_1_247' title='bbox 2125 1833 2174 1895; x_wconf 80' lang='grc' dir='ltr'><strong>Β</strong></span> <span class='ocrx_word' id='word_1_248' title='bbox 2200 1848 2560 1905; x_wconf 63' lang='lat' dir='ltr'><strong>observantia.</strong></span> <span class='ocrx_word' id='word_1_249' title='bbox 2602 1844 2857 1900; x_wconf 71' lang='lat' dir='ltr'><strong>Iudaeam</strong></span> <span class='ocrx_word' id='word_1_250' title='bbox 2886 1843 3025 1899; x_wconf 88' lang='lat' dir='ltr'><strong>enim</strong></span> <span class='ocrx_word' id='word_1_251' title='bbox 3059 1843 3260 1896; x_wconf 87' lang='lat' dir='ltr'><strong>malum</strong></span> <span class='ocrx_word' id='word_1_252' title='bbox 3296 1855 3453 1906; x_wconf 83' lang='lat' dir='ltr'><strong>super</strong></span> <span class='ocrx_word' id='word_1_253' title='bbox 3482 1838 3620 1892; x_wconf 77' lang='lat' dir='ltr'><strong>eiros</strong></span> <span class='ocrx_word' id='word_1_254' title='bbox 3653 1837 3796 1890; x_wconf 75' lang='lat' dir='ltr'><strong>Ano-</strong></span> 
     </span>
    </p>
   </div>
   <div class='ocr_carea' id='block_1_34' title="bbox 495 1933 2094 2006">
    <p class='ocr_par' dir='ltr' id='par_1_34' title="bbox 495 1933 2094 2006">
     <span class='ocr_line' id='line_1_34' title="bbox 495 1933 2094 2006; baseline -0.008 -11"><span class='ocrx_word' id='word_1_255' title='bbox 495 1942 634 1996; x_wconf 87' lang='lat' dir='ltr'><strong>enim</strong></span> <span class='ocrx_word' id='word_1_256' title='bbox 677 1955 817 1992; x_wconf 87' lang='lat' dir='ltr'><strong>nunc</strong></span> <span class='ocrx_word' id='word_1_257' title='bbox 859 1938 998 1994; x_wconf 82' lang='lat' dir='ltr'><strong>H97</strong></span> <span class='ocrx_word' id='word_1_258' title='bbox 1030 1953 1222 2002; x_wconf 88' lang='lat' dir='ltr'><strong>annus,</strong></span> <span class='ocrx_word' id='word_1_259' title='bbox 1254 1945 1363 1991; x_wconf 87' lang='lat' dir='ltr'><strong>etc.</strong></span> <span class='ocrx_word' id='word_1_260' title='bbox 1399 1933 1691 2006; x_wconf 84' lang='lat' dir='ltr'><strong>Prophetia</strong></span> <span class='ocrx_word' id='word_1_261' title='bbox 1737 1946 1868 1986; x_wconf 75' lang='lat' dir='ltr'><strong>vero</strong></span> <span class='ocrx_word' id='word_1_262' title='bbox 1913 1935 2094 1986; x_wconf 79' lang='lat' dir='ltr'><strong>exstat</strong></span> 
     </span>
    </p>
   </div>
   <div class='ocr_carea' id='block_1_35' title="bbox 497 2024 2094 2103">
    <p class='ocr_par' dir='ltr' id='par_1_35' title="bbox 497 2024 2094 2103">
     <span class='ocr_line' id='line_1_35' title="bbox 497 2024 2094 2103; baseline -0.008 -15"><span class='ocrx_word' id='word_1_263' title='bbox 497 2033 568 2088; x_wconf 87' lang='lat' dir='ltr'><strong>ad</strong></span> <span class='ocrx_word' id='word_1_264' title='bbox 594 2044 756 2103; x_wconf 86' lang='lat' dir='ltr'><strong>caput</strong></span> <span class='ocrx_word' id='word_1_265' title='bbox 788 2032 876 2099; x_wconf 83' lang='grc' dir='ltr'><strong>Η,</strong></span> <span class='ocrx_word' id='word_1_266' title='bbox 906 2043 959 2086; x_wconf 89' lang='lat' dir='ltr'><strong>et</strong></span> <span class='ocrx_word' id='word_1_267' title='bbox 988 2041 1096 2085; x_wconf 86' lang='lat' dir='ltr'><strong>tam</strong></span> <span class='ocrx_word' id='word_1_268' title='bbox 1128 2028 1412 2083; x_wconf 78' lang='lat' dir='ltr'><strong>manileSta</strong></span> <span class='ocrx_word' id='word_1_269' title='bbox 1440 2037 1546 2093; x_wconf 86' lang='lat' dir='ltr'><strong>est,</strong></span> <span class='ocrx_word' id='word_1_270' title='bbox 1577 2036 1635 2080; x_wconf 92' lang='lat' dir='ltr'><strong>ut</strong></span> <span class='ocrx_word' id='word_1_271' title='bbox 1668 2024 1864 2081; x_wconf 86' lang='lat' dir='ltr'><strong>librum</strong></span> <span class='ocrx_word' id='word_1_272' title='bbox 1893 2033 1950 2079; x_wconf 85' lang='lat' dir='ltr'><strong>et</strong></span> <span class='ocrx_word' id='word_1_273' title='bbox 1979 2037 2094 2078; x_wconf 79' lang='lat' dir='ltr'><strong>ma-</strong></span> 
     </span>
    </p>
   </div>
   <div class='ocr_carea' id='block_1_36' title="bbox 498 2119 2094 2203">
    <p class='ocr_par' dir='ltr' id='par_1_36' title="bbox 498 2119 2094 2203">
     <span class='ocr_line' id='line_1_36' title="bbox 498 2119 2094 2203; baseline -0.006 -19"><span class='ocrx_word' id='word_1_274' title='bbox 498 2131 693 2187; x_wconf 89' lang='lat' dir='ltr'><strong>teriam</strong></span> <span class='ocrx_word' id='word_1_275' title='bbox 725 2128 849 2184; x_wconf 87' lang='lat' dir='ltr'><strong>libri</strong></span> <span class='ocrx_word' id='word_1_276' title='bbox 877 2135 1063 2198; x_wconf 88' lang='lat' dir='ltr'><strong>postea</strong></span> <span class='ocrx_word' id='word_1_277' title='bbox 1087 2123 1507 2189; x_wconf 85' lang='lat' dir='ltr'><strong>condemnandi,</strong></span> <span class='ocrx_word' id='word_1_278' title='bbox 1536 2130 1885 2203; x_wconf 68' lang='lat' dir='ltr'><strong>accusatores</strong></span> <span class='ocrx_word' id='word_1_279' title='bbox 1907 2119 2094 2176; x_wconf 82' lang='lat' dir='ltr'><strong>itidem</strong></span> 
     </span>
    </p>
   </div>
   <div class='ocr_carea' id='block_1_37' title="bbox 499 2213 2096 2288">
    <p class='ocr_par' dir='ltr' id='par_1_37' title="bbox 499 2213 2096 2288">
     <span class='ocr_line' id='line_1_37' title="bbox 499 2213 2096 2288; baseline -0.006 -11"><span class='ocrx_word' id='word_1_280' title='bbox 499 2230 558 2278; x_wconf 91' lang='lat' dir='ltr'><strong>et</strong></span> <span class='ocrx_word' id='word_1_281' title='bbox 609 2222 911 2277; x_wconf 84' lang='lat' dir='ltr'><strong>ltomanum</strong></span> <span class='ocrx_word' id='word_1_282' title='bbox 962 2218 1298 2288; x_wconf 86' lang='lat' dir='ltr'><strong>pontiliccm,</strong></span> <span class='ocrx_word' id='word_1_283' title='bbox 1353 2217 1446 2287; x_wconf 86' lang='lat' dir='ltr'><strong>qui</strong></span> <span class='ocrx_word' id='word_1_284' title='bbox 1501 2231 1626 2270; x_wconf 84' lang='lat' dir='ltr'><strong>eum</strong></span> <span class='ocrx_word' id='word_1_285' title='bbox 1678 2213 2096 2270; x_wconf 82' lang='lat' dir='ltr'><strong>condemnaturi</strong></span> 
     </span>
    </p>
   </div>
   <div class='ocr_carea' id='block_1_38' title="bbox 500 2305 2098 2386">
    <p class='ocr_par' dir='ltr' id='par_1_38' title="bbox 500 2305 2098 2386">
     <span class='ocr_line' id='line_1_38' title="bbox 500 2305 2098 2386; baseline -0.008 -14"><span class='ocrx_word' id='word_1_286' title='bbox 500 2324 680 2383; x_wconf 89' lang='lat' dir='ltr'><strong>erant,</strong></span> <span class='ocrx_word' id='word_1_287' title='bbox 711 2313 948 2386; x_wconf 71' lang='lat' dir='ltr'><strong>propriis</strong></span> <span class='ocrx_word' id='word_1_288' title='bbox 981 2311 1254 2382; x_wconf 74' lang='lat' dir='ltr'><strong>exprimat</strong></span> <span class='ocrx_word' id='word_1_289' title='bbox 1296 2309 1630 2364; x_wconf 89' lang='lat' dir='ltr'><strong>nominibus.</strong></span> <span class='ocrx_word' id='word_1_290' title='bbox 1663 2309 1744 2364; x_wconf 81' lang='lat' dir='ltr'><strong>Ad</strong></span> <span class='ocrx_word' id='word_1_291' title='bbox 1793 2306 1885 2363; x_wconf 86' lang='lat' dir='ltr'><strong>illa</strong></span> <span class='ocrx_word' id='word_1_292' title='bbox 1927 2305 2098 2373; x_wconf 84' lang='lat' dir='ltr'><strong>siqui-</strong></span> 
     </span>
    </p>
   </div>
   <div class='ocr_carea' id='block_1_39' title="bbox 501 2400 2098 2471">
    <p class='ocr_par' dir='ltr' id='par_1_39' title="bbox 501 2400 2098 2471">
     <span class='ocr_line' id='line_1_39' title="bbox 501 2400 2098 2471; baseline -0.008 -8"><span class='ocrx_word' id='word_1_293' title='bbox 501 2409 626 2464; x_wconf 89' lang='lat' dir='ltr'><strong>dem</strong></span> <span class='ocrx_word' id='word_1_294' title='bbox 660 2407 822 2462; x_wconf 79' lang='lat' dir='ltr'><strong>rcrha</strong></span> <span class='ocrx_word' id='word_1_295' title='bbox 852 2423 864 2458; x_wconf 87' lang='lat'>:</span> <span class='ocrx_word' id='word_1_296' title='bbox 903 2403 1107 2468; x_wconf 85' lang='lat' dir='ltr'><strong>Venite,</strong></span> <span class='ocrx_word' id='word_1_297' title='bbox 1135 2403 1405 2456; x_wconf 83' lang='lat' dir='ltr'><strong>mittamus</strong></span> <span class='ocrx_word' id='word_1_298' title='bbox 1434 2401 1635 2471; x_wconf 71' lang='lat' dir='ltr'><strong>lignum</strong></span> <span class='ocrx_word' id='word_1_299' title='bbox 1667 2400 1718 2453; x_wconf 89' lang='lat' dir='ltr'><strong>in</strong></span> <span class='ocrx_word' id='word_1_300' title='bbox 1747 2414 1934 2470; x_wconf 85' lang='lat' dir='ltr'><strong>partem</strong></span> <span class='ocrx_word' id='word_1_301' title='bbox 1957 2402 2098 2469; x_wconf 83' lang='lat' dir='ltr'><strong>ejus,</strong></span> 
     </span>
    </p>
   </div>
   <div class='ocr_carea' id='block_1_40' title="bbox 501 2491 2100 2562">
    <p class='ocr_par' dir='ltr' id='par_1_40' title="bbox 501 2491 2100 2562">
     <span class='ocr_line' id='line_1_40' title="bbox 501 2491 2100 2562; baseline -0.008 -8"><span class='ocrx_word' id='word_1_302' title='bbox 501 2509 549 2554; x_wconf 86' lang='lat' dir='ltr'><strong>et</strong></span> <span class='ocrx_word' id='word_1_303' title='bbox 578 2499 853 2554; x_wconf 85' lang='lat' dir='ltr'><strong>eradamus</strong></span> <span class='ocrx_word' id='word_1_304' title='bbox 884 2512 1000 2550; x_wconf 87' lang='lat' dir='ltr'><strong>eum</strong></span> <span class='ocrx_word' id='word_1_305' title='bbox 1030 2495 1094 2548; x_wconf 82' lang='lat' dir='ltr'><strong>de</strong></span> <span class='ocrx_word' id='word_1_306' title='bbox 1134 2505 1272 2549; x_wconf 87' lang='lat' dir='ltr'><strong>terra</strong></span> <span class='ocrx_word' id='word_1_307' title='bbox 1317 2494 1622 2556; x_wconf 75' lang='lat' dir='ltr'><strong>viventium,</strong></span> <span class='ocrx_word' id='word_1_308' title='bbox 1661 2499 1710 2547; x_wconf 86' lang='lat' dir='ltr'><strong>et</strong></span> <span class='ocrx_word' id='word_1_309' title='bbox 1751 2507 1940 2545; x_wconf 83' lang='lat' dir='ltr'><strong>nomen</strong></span> <span class='ocrx_word' id='word_1_310' title='bbox 1983 2491 2100 2562; x_wconf 83' lang='lat' dir='ltr'><strong>ejus</strong></span> 
     </span>
    </p>
   </div>
   <div class='ocr_carea' id='block_1_41' title="bbox 502 2582 2101 2661">
    <p class='ocr_par' dir='ltr' id='par_1_41' title="bbox 502 2582 2101 2661">
     <span class='ocr_line' id='line_1_41' title="bbox 502 2582 2101 2661; baseline -0.006 -13"><span class='ocrx_word' id='word_1_311' title='bbox 502 2610 608 2648; x_wconf 86' lang='lat' dir='ltr'><strong>non</strong></span> <span class='ocrx_word' id='word_1_312' title='bbox 657 2599 969 2647; x_wconf 78' lang='lat' dir='ltr'><strong>memoratur</strong></span> <span class='ocrx_word' id='word_1_313' title='bbox 1010 2591 1256 2660; x_wconf 82' lang='lat' dir='ltr'><strong>amplius,</strong></span> <span class='ocrx_word' id='word_1_314' title='bbox 1299 2588 1379 2643; x_wconf 86' lang='lat' dir='ltr'><strong>sic</strong></span> <span class='ocrx_word' id='word_1_315' title='bbox 1423 2587 1545 2642; x_wconf 82' lang='lat' dir='ltr'><strong>ait:</strong></span> <span class='ocrx_word' id='word_1_316' title='bbox 1589 2585 1814 2661; x_wconf 69' lang='lat' dir='ltr'><strong>Lignum</strong></span> <span class='ocrx_word' id='word_1_317' title='bbox 1859 2582 2101 2640; x_wconf 81' lang='lat' dir='ltr'><strong>scandali</strong></span> 
     </span>
    </p>
   </div>
   <div class='ocr_carea' id='block_1_42' title="bbox 503 2679 2102 2757">
    <p class='ocr_par' dir='ltr' id='par_1_42' title="bbox 503 2679 2102 2757">
     <span class='ocr_line' id='line_1_42' title="bbox 503 2679 2102 2757; baseline -0.008 -17"><span class='ocrx_word' id='word_1_318' title='bbox 503 2692 715 2757; x_wconf 85' lang='lat' dir='ltr'><strong>ponent,</strong></span> <span class='ocrx_word' id='word_1_319' title='bbox 757 2695 812 2737; x_wconf 89' lang='lat' dir='ltr'><strong>ut</strong></span> <span class='ocrx_word' id='word_1_320' title='bbox 857 2699 1038 2737; x_wconf 84' lang='lat' dir='ltr'><strong>sanant</strong></span> <span class='ocrx_word' id='word_1_321' title='bbox 1082 2680 1377 2735; x_wconf 82' lang='lat' dir='ltr'><strong>doctrinam</strong></span> <span class='ocrx_word' id='word_1_322' title='bbox 1412 2679 1780 2750; x_wconf 53' lang='lat' dir='ltr'><strong>extinguant.</strong></span> <span class='ocrx_word' id='word_1_323' title='bbox 1824 2685 1873 2732; x_wconf 89' lang='lat' dir='ltr'><strong>et</strong></span> <span class='ocrx_word' id='word_1_324' title='bbox 1917 2691 2102 2730; x_wconf 87' lang='lat' dir='ltr'><strong>nomen</strong></span> 
     </span>
    </p>
   </div>
   <div class='ocr_carea' id='block_1_43' title="bbox 502 2769 2099 2834">
    <p class='ocr_par' dir='ltr' id='par_1_43' title="bbox 502 2769 2099 2834">
     <span class='ocr_line' id='line_1_43' title="bbox 502 2769 2099 2834; baseline -0.006 -1"><span class='ocrx_word' id='word_1_325' title='bbox 502 2779 736 2834; x_wconf 86' lang='lat' dir='ltr'><strong>doctoris</strong></span> <span class='ocrx_word' id='word_1_326' title='bbox 778 2777 866 2830; x_wconf 87' lang='lat' dir='ltr'><strong>cui</strong></span> <span class='ocrx_word' id='word_1_327' title='bbox 910 2774 1221 2830; x_wconf 81' lang='lat' dir='ltr'><strong>revelabitur</strong></span> <span class='ocrx_word' id='word_1_328' title='bbox 1269 2775 1522 2829; x_wconf 88' lang='lat' dir='ltr'><strong>sententia</strong></span> <span class='ocrx_word' id='word_1_329' title='bbox 1571 2769 1809 2828; x_wconf 86' lang='lat' dir='ltr'><strong>Danielis</strong></span> <span class='ocrx_word' id='word_1_330' title='bbox 1851 2779 2099 2827; x_wconf 79' lang='lat' dir='ltr'><strong>evertant.</strong></span> 
     </span>
    </p>
   </div>
   <div class='ocr_carea' id='block_1_44' title="bbox 504 2864 2106 2936">
    <p class='ocr_par' dir='ltr' id='par_1_44' title="bbox 504 2864 2106 2936">
     <span class='ocr_line' id='line_1_44' title="bbox 504 2864 2106 2936; baseline -0.006 -9"><span class='ocrx_word' id='word_1_331' title='bbox 504 2872 556 2927; x_wconf 86' lang='lat' dir='ltr'><strong>Is</strong></span> <span class='ocrx_word' id='word_1_332' title='bbox 582 2879 667 2926; x_wconf 89' lang='lat' dir='ltr'><strong>cst</strong></span> <span class='ocrx_word' id='word_1_333' title='bbox 689 2869 1004 2926; x_wconf 87' lang='lat' dir='ltr'><strong>.loachitnus</strong></span> <span class='ocrx_word' id='word_1_334' title='bbox 1032 2868 1172 2936; x_wconf 83' lang='lat' dir='ltr'><strong>ipse,</strong></span> <span class='ocrx_word' id='word_1_335' title='bbox 1203 2868 1292 2934; x_wconf 85' lang='lat' dir='ltr'><strong>qui</strong></span> <span class='ocrx_word' id='word_1_336' title='bbox 1324 2864 1699 2920; x_wconf 85' lang='lat' dir='ltr'><strong>abditissimas</strong></span> <span class='ocrx_word' id='word_1_337' title='bbox 1725 2864 1963 2919; x_wconf 86' lang='lat' dir='ltr'><strong>Daniclis</strong></span> <span class='ocrx_word' id='word_1_338' title='bbox 1988 2878 2106 2933; x_wconf 83' lang='lat' dir='ltr'><strong>pro-</strong></span> 
     </span>
    </p>
   </div>
   <div class='ocr_carea' id='block_1_45' title="bbox 503 2954 2106 3034">
    <p class='ocr_par' dir='ltr' id='par_1_45' title="bbox 503 2954 2106 3034">
     <span class='ocr_line' id='line_1_45' title="bbox 503 2954 2106 3034; baseline -0.003 -18"><span class='ocrx_word' id='word_1_339' title='bbox 503 2965 721 3034; x_wconf 84' lang='lat' dir='ltr'><strong>phetias</strong></span> <span class='ocrx_word' id='word_1_340' title='bbox 742 2961 1018 3024; x_wconf 81' lang='lat' dir='ltr'><strong>enodavit,</strong></span> <span class='ocrx_word' id='word_1_341' title='bbox 1041 2959 1108 3013; x_wconf 87' lang='lat' dir='ltr'><strong>ad</strong></span> <span class='ocrx_word' id='word_1_342' title='bbox 1131 2974 1253 3029; x_wconf 81' lang='lat' dir='ltr'><strong>cap.</strong></span> <span class='ocrx_word' id='word_1_343' title='bbox 1280 2974 1355 3013; x_wconf 69' lang='lat' dir='ltr'><strong>xtl</strong></span> <span class='ocrx_word' id='word_1_344' title='bbox 1386 2960 1558 3028; x_wconf 79' lang='lat' dir='ltr'><strong>Apoc.</strong></span> <span class='ocrx_word' id='word_1_345' title='bbox 1580 2966 1637 3012; x_wconf 90' lang='lat' dir='ltr'><strong>et</strong></span> <span class='ocrx_word' id='word_1_346' title='bbox 1659 2957 1812 3013; x_wconf 83' lang='lat' dir='ltr'><strong>alibi.</strong></span> <span class='ocrx_word' id='word_1_347' title='bbox 1837 2954 2106 3011; x_wconf 74' lang='lat' dir='ltr'><strong>Futurum</strong></span> 
     </span>
    </p>
   </div>
   <div class='ocr_carea' id='block_1_46' title="bbox 504 3047 2108 3124">
    <p class='ocr_par' dir='ltr' id='par_1_46' title="bbox 504 3047 2108 3124">
     <span class='ocr_line' id='line_1_46' title="bbox 504 3047 2108 3124; baseline -0.004 -14"><span class='ocrx_word' id='word_1_348' title='bbox 504 3065 581 3110; x_wconf 86' lang='lat' dir='ltr'><strong>est</strong></span> <span class='ocrx_word' id='word_1_349' title='bbox 623 3057 762 3109; x_wconf 84' lang='lat' dir='ltr'><strong>enim</strong></span> <span class='ocrx_word' id='word_1_350' title='bbox 787 3097 802 3120; x_wconf 91' lang='lat'><strong>,</strong></span> <span class='ocrx_word' id='word_1_351' title='bbox 835 3063 888 3107; x_wconf 89' lang='lat' dir='ltr'><strong>ut</strong></span> <span class='ocrx_word' id='word_1_352' title='bbox 917 3069 1148 3106; x_wconf 82' lang='lat' dir='ltr'><strong>summus</strong></span> <span class='ocrx_word' id='word_1_353' title='bbox 1187 3052 1424 3124; x_wconf 61' lang='lat' dir='ltr'><strong>pontifex</strong></span> <span class='ocrx_word' id='word_1_354' title='bbox 1469 3051 1733 3106; x_wconf 77' lang='lat' dir='ltr'><strong>ueritatem</strong></span> <span class='ocrx_word' id='word_1_355' title='bbox 1773 3047 2017 3116; x_wconf 82' lang='lat' dir='ltr'><strong>insinuet,</strong></span> <span class='ocrx_word' id='word_1_356' title='bbox 2051 3059 2108 3104; x_wconf 85' lang='lat' dir='ltr'><strong>ut</strong></span> 
     </span>
    </p>
   </div>
   <div class='ocr_carea' id='block_1_47' title="bbox 509 3143 2104 3216">
    <p class='ocr_par' dir='ltr' id='par_1_47' title="bbox 509 3143 2104 3216">
     <span class='ocr_line' id='line_1_47' title="bbox 509 3143 2104 3216; baseline -0.004 -14"><span class='ocrx_word' id='word_1_357' title='bbox 509 3166 643 3202; x_wconf 84' lang='lat' dir='ltr'><strong>unus</strong></span> <span class='ocrx_word' id='word_1_358' title='bbox 690 3149 988 3211; x_wconf 80' lang='lat' dir='ltr'><strong>damnetur,</strong></span> <span class='ocrx_word' id='word_1_359' title='bbox 1023 3145 1196 3210; x_wconf 79' lang='lat' dir='ltr'><strong>idest,</strong></span> <span class='ocrx_word' id='word_1_360' title='bbox 1239 3144 1493 3197; x_wconf 85' lang='lat' dir='ltr'><strong>moriatur</strong></span> <span class='ocrx_word' id='word_1_361' title='bbox 1541 3143 1724 3198; x_wconf 87' lang='lat' dir='ltr'><strong>doctor</strong></span> <span class='ocrx_word' id='word_1_362' title='bbox 1753 3160 1848 3214; x_wconf 86' lang='lat' dir='ltr'><strong>pro</strong></span> <span class='ocrx_word' id='word_1_363' title='bbox 1889 3144 2104 3216; x_wconf 84' lang='lat' dir='ltr'><strong>papula,</strong></span> 
     </span>
    </p>
   </div>
   <div class='ocr_carea' id='block_1_48' title="bbox 511 3219 2184 3313">
    <p class='ocr_par' dir='ltr' id='par_1_48' title="bbox 511 3219 2184 3313">
     <span class='ocr_line' id='line_1_48' title="bbox 511 3219 2184 3313; baseline -0.002 -17"><span class='ocrx_word' id='word_1_364' title='bbox 511 3252 567 3296; x_wconf 88' lang='lat' dir='ltr'><strong>ut</strong></span> <span class='ocrx_word' id='word_1_365' title='bbox 595 3259 699 3296; x_wconf 85' lang='lat' dir='ltr'><strong>non</strong></span> <span class='ocrx_word' id='word_1_366' title='bbox 727 3250 836 3294; x_wconf 89' lang='lat' dir='ltr'><strong>tota</strong></span> <span class='ocrx_word' id='word_1_367' title='bbox 873 3256 995 3313; x_wconf 81' lang='lat' dir='ltr'><strong>gens</strong></span> <span class='ocrx_word' id='word_1_368' title='bbox 1033 3248 1207 3309; x_wconf 85' lang='lat' dir='ltr'><strong>pereat</strong></span> <span class='ocrx_word' id='word_1_369' title='bbox 1240 3240 1295 3293; x_wconf 87' lang='lat' dir='ltr'><strong>in</strong></span> <span class='ocrx_word' id='word_1_370' title='bbox 1326 3255 1518 3294; x_wconf 78' lang='lat' dir='ltr'><strong>errore.</strong></span> <span class='ocrx_word' id='word_1_371' title='bbox 1549 3237 1639 3292; x_wconf 85' lang='lat' dir='ltr'><strong>Sic</strong></span> <span class='ocrx_word' id='word_1_372' title='bbox 1669 3235 1956 3295; x_wconf 71' lang='lat' dir='ltr'><strong>Sedet-Ilias</strong></span> <span class='ocrx_word' id='word_1_373' title='bbox 1984 3254 2110 3293; x_wconf 89' lang='lat' dir='ltr'><strong>con-</strong></span> <span class='ocrx_word' id='word_1_374' title='bbox 2136 3219 2184 3286; x_wconf 76' lang='grc' dir='ltr'>ο</span> 
     </span>
    </p>
   </div>
   <div class='ocr_carea' id='block_1_49' title="bbox 510 3334 2113 3410">
    <p class='ocr_par' dir='ltr' id='par_1_49' title="bbox 510 3334 2113 3410">
     <span class='ocr_line' id='line_1_49' title="bbox 510 3334 2113 3410; baseline 0 -20"><span class='ocrx_word' id='word_1_375' title='bbox 510 3346 592 3391; x_wconf 91' lang='lat' dir='ltr'><strong>tra</strong></span> <span class='ocrx_word' id='word_1_376' title='bbox 645 3335 963 3391; x_wconf 83' lang='lat' dir='ltr'><strong>Hieremiam</strong></span> <span class='ocrx_word' id='word_1_377' title='bbox 1011 3334 1268 3409; x_wconf 86' lang='lat' dir='ltr'><strong>insurgit;</strong></span> <span class='ocrx_word' id='word_1_378' title='bbox 1312 3337 1523 3390; x_wconf 82' lang='lat' dir='ltr'><strong>damnat</strong></span> <span class='ocrx_word' id='word_1_379' title='bbox 1574 3335 1763 3392; x_wconf 80' lang='lat' dir='ltr'><strong>librum</strong></span> <span class='ocrx_word' id='word_1_380' title='bbox 1805 3334 1958 3410; x_wconf 87' lang='lat' dir='ltr'><strong>(quid</strong></span> <span class='ocrx_word' id='word_1_381' title='bbox 2001 3335 2113 3392; x_wconf 84' lang='lat' dir='ltr'><strong>cla-</strong></span> 
     </span>
    </p>
   </div>
   <div class='ocr_carea' id='block_1_50' title="bbox 514 3426 2114 3500">
    <p class='ocr_par' dir='ltr' id='par_1_50' title="bbox 514 3426 2114 3500">
     <span class='ocr_line' id='line_1_50' title="bbox 514 3426 2114 3500; baseline -0.003 -15"><span class='ocrx_word' id='word_1_382' title='bbox 514 3430 690 3500; x_wconf 83' lang='lat' dir='ltr'><strong>rius?)</strong></span> <span class='ocrx_word' id='word_1_383' title='bbox 717 3427 906 3482; x_wconf 82' lang='lat' dir='ltr'><strong>scindit</strong></span> <span class='ocrx_word' id='word_1_384' title='bbox 947 3426 1248 3481; x_wconf 80' lang='lat' dir='ltr'><strong>Trinitatem</strong></span> <span class='ocrx_word' id='word_1_385' title='bbox 1277 3428 1340 3482; x_wconf 83' lang='lat' dir='ltr'><strong>ab</strong></span> <span class='ocrx_word' id='word_1_386' title='bbox 1373 3429 1568 3482; x_wconf 87' lang='lat' dir='ltr'><strong>unitate</strong></span> <span class='ocrx_word' id='word_1_387' title='bbox 1606 3429 1694 3500; x_wconf 89' lang='lat' dir='ltr'><strong>(en</strong></span> <span class='ocrx_word' id='word_1_388' title='bbox 1727 3427 1942 3483; x_wconf 88' lang='lat' dir='ltr'><strong>titulum</strong></span> <span class='ocrx_word' id='word_1_389' title='bbox 1991 3427 2114 3482; x_wconf 81' lang='lat' dir='ltr'><strong>libri</strong></span> 
     </span>
    </p>
   </div>
   <div class='ocr_carea' id='block_1_51' title="bbox 511 3521 2113 3595">
    <p class='ocr_par' dir='ltr' id='par_1_51' title="bbox 511 3521 2113 3595">
     <span class='ocr_line' id='line_1_51' title="bbox 511 3521 2113 3595; baseline -0.002 -16"><span class='ocrx_word' id='word_1_390' title='bbox 511 3521 858 3595; x_wconf 78' lang='lat' dir='ltr'><strong>expressum)</strong></span> <span class='ocrx_word' id='word_1_391' title='bbox 906 3531 951 3576; x_wconf 91' lang='lat' dir='ltr'><strong>et</strong></span> <span class='ocrx_word' id='word_1_392' title='bbox 982 3521 1232 3593; x_wconf 82' lang='lat' dir='ltr'><strong>scalpello</strong></span> <span class='ocrx_word' id='word_1_393' title='bbox 1281 3521 1465 3577; x_wconf 80' lang='lat' dir='ltr'><strong>scriba:</strong></span> <span class='ocrx_word' id='word_1_394' title='bbox 1510 3523 1814 3576; x_wconf 85' lang='lat' dir='ltr'><strong>sententiam</strong></span> <span class='ocrx_word' id='word_1_395' title='bbox 1862 3521 2113 3586; x_wconf 86' lang='lat' dir='ltr'><strong>doctoris,</strong></span> 
     </span>
    </p>
   </div>
   <div class='ocr_carea' id='block_1_52' title="bbox 515 3612 2116 3687">
    <p class='ocr_par' dir='ltr' id='par_1_52' title="bbox 515 3612 2116 3687">
     <span class='ocr_line' id='line_1_52' title="bbox 515 3612 2116 3687; baseline -0.004 -15"><span class='ocrx_word' id='word_1_396' title='bbox 515 3617 714 3673; x_wconf 81' lang='lat' dir='ltr'><strong>alludit</strong></span> <span class='ocrx_word' id='word_1_397' title='bbox 735 3616 801 3672; x_wconf 82' lang='lat' dir='ltr'><strong>ad</strong></span> <span class='ocrx_word' id='word_1_398' title='bbox 831 3615 962 3669; x_wconf 89' lang='lat' dir='ltr'><strong>illud</strong></span> <span class='ocrx_word' id='word_1_399' title='bbox 990 3629 1110 3684; x_wconf 87' lang='lat' dir='ltr'><strong>cap.</strong></span> <span class='ocrx_word' id='word_1_400' title='bbox 1142 3630 1306 3669; x_wconf 75' lang='lat' dir='ltr'><strong>xxxvi</strong></span> <span class='ocrx_word' id='word_1_401' title='bbox 1339 3614 1575 3670; x_wconf 84' lang='lat' dir='ltr'><strong>llierent.</strong></span> <span class='ocrx_word' id='word_1_402' title='bbox 1611 3632 1624 3668; x_wconf 90' lang='lat'><strong>:</strong></span> <span class='ocrx_word' id='word_1_403' title='bbox 1653 3612 1883 3684; x_wconf 81' lang='lat' dir='ltr'><strong>Cumque</strong></span> <span class='ocrx_word' id='word_1_404' title='bbox 1911 3614 2116 3687; x_wconf 83' lang='lat' dir='ltr'><strong>legisset</strong></span> 
     </span>
    </p>
   </div>
   <div class='ocr_carea' id='block_1_53' title="bbox 514 3706 2117 3780">
    <p class='ocr_par' dir='ltr' id='par_1_53' title="bbox 514 3706 2117 3780">
     <span class='ocr_line' id='line_1_53' title="bbox 514 3706 2117 3780; baseline -0.002 -15"><span class='ocrx_word' id='word_1_405' title='bbox 514 3709 647 3765; x_wconf 77' lang='lat' dir='ltr'><strong>ludi</strong></span> <span class='ocrx_word' id='word_1_406' title='bbox 691 3719 792 3764; x_wconf 87' lang='lat' dir='ltr'><strong>tres</strong></span> <span class='ocrx_word' id='word_1_407' title='bbox 836 3706 1070 3780; x_wconf 65' lang='lat' dir='ltr'><strong>prtgcllas</strong></span> <span class='ocrx_word' id='word_1_408' title='bbox 1108 3707 1186 3762; x_wconf 84' lang='lat' dir='ltr'><strong>uel</strong></span> <span class='ocrx_word' id='word_1_409' title='bbox 1229 3716 1470 3774; x_wconf 85' lang='lat' dir='ltr'><strong>quatuor,</strong></span> <span class='ocrx_word' id='word_1_410' title='bbox 1513 3708 1664 3762; x_wconf 88' lang='lat' dir='ltr'><strong>scidit</strong></span> <span class='ocrx_word' id='word_1_411' title='bbox 1703 3706 1836 3761; x_wconf 86' lang='lat' dir='ltr'><strong>illud</strong></span> <span class='ocrx_word' id='word_1_412' title='bbox 1879 3708 2117 3763; x_wconf 77' lang='lat' dir='ltr'><strong>volumen</strong></span> 
     </span>
    </p>
   </div>
   <div class='ocr_carea' id='block_1_54' title="bbox 517 3797 2119 3875">
    <p class='ocr_par' dir='ltr' id='par_1_54' title="bbox 517 3797 2119 3875">
     <span class='ocr_line' id='line_1_54' title="bbox 517 3797 2119 3875; baseline -0.002 -17"><span class='ocrx_word' id='word_1_413' title='bbox 517 3801 769 3875; x_wconf 86' lang='lat' dir='ltr'><strong>scalpello</strong></span> <span class='ocrx_word' id='word_1_414' title='bbox 818 3801 1021 3856; x_wconf 72' lang='lat' dir='ltr'><strong>scribto.</strong></span> <span class='ocrx_word' id='word_1_415' title='bbox 1056 3800 1122 3854; x_wconf 82' lang='lat' dir='ltr'><strong>Et</strong></span> <span class='ocrx_word' id='word_1_416' title='bbox 1163 3809 1284 3870; x_wconf 90' lang='lat' dir='ltr'><strong>post</strong></span> <span class='ocrx_word' id='word_1_417' title='bbox 1315 3814 1523 3871; x_wconf 87' lang='lat' dir='ltr'><strong>pauca:</strong></span> <span class='ocrx_word' id='word_1_418' title='bbox 1564 3797 1813 3871; x_wconf 79' lang='lat' dir='ltr'><strong>Designat</strong></span> <span class='ocrx_word' id='word_1_419' title='bbox 1862 3817 2119 3856; x_wconf 80' lang='lat' dir='ltr'><strong>sunnnnm</strong></span> 
     </span>
    </p>
   </div>
   <div class='ocr_carea' id='block_1_55' title="bbox 521 3893 2121 3967">
    <p class='ocr_par' dir='ltr' id='par_1_55' title="bbox 521 3893 2121 3967">
     <span class='ocr_line' id='line_1_55' title="bbox 521 3893 2121 3967; baseline -0.002 -16"><span class='ocrx_word' id='word_1_420' title='bbox 521 3897 821 3967; x_wconf 83' lang='lat' dir='ltr'><strong>pontiﬁcem</strong></span> <span class='ocrx_word' id='word_1_421' title='bbox 844 3905 958 3967; x_wconf 85' lang='lat' dir='ltr'><strong>post</strong></span> <span class='ocrx_word' id='word_1_422' title='bbox 984 3893 1314 3949; x_wconf 72' lang='lat' dir='ltr'><strong>leestinum</strong></span> <span class='ocrx_word' id='word_1_423' title='bbox 1343 3897 1579 3966; x_wconf 68' lang='lat' dir='ltr'><strong>futurum</strong></span> <span class='ocrx_word' id='word_1_424' title='bbox 1609 3895 1917 3966; x_wconf 82' lang='lat' dir='ltr'><strong>quicumque</strong></span> <span class='ocrx_word' id='word_1_425' title='bbox 1946 3897 2010 3949; x_wconf 89' lang='lat' dir='ltr'><strong>sit</strong></span> <span class='ocrx_word' id='word_1_426' title='bbox 2032 3895 2121 3950; x_wconf 82' lang='lat' dir='ltr'><strong>ille</strong></span> 
     </span>
    </p>
   </div>
   <div class='ocr_carea' id='block_1_56' title="bbox 521 3988 2121 4060">
    <p class='ocr_par' dir='ltr' id='par_1_56' title="bbox 521 3988 2121 4060">
     <span class='ocr_line' id='line_1_56' title="bbox 521 3988 2121 4060; baseline -0.002 -14"><span class='ocrx_word' id='word_1_427' title='bbox 521 3992 745 4060; x_wconf 83' lang='lat' dir='ltr'><strong>(narunt</strong></span> <span class='ocrx_word' id='word_1_428' title='bbox 774 4003 968 4044; x_wconf 87' lang='lat' dir='ltr'><strong>omnes</strong></span> <span class='ocrx_word' id='word_1_429' title='bbox 996 3988 1372 4044; x_wconf 83' lang='lat' dir='ltr'><strong>innocentium</strong></span> <span class='ocrx_word' id='word_1_430' title='bbox 1405 3988 1500 4055; x_wconf 87' lang='lat' dir='ltr'><strong>lll,</strong></span> <span class='ocrx_word' id='word_1_431' title='bbox 1536 3989 1629 4059; x_wconf 85' lang='lat' dir='ltr'><strong>qui</strong></span> <span class='ocrx_word' id='word_1_432' title='bbox 1650 3989 1862 4058; x_wconf 87' lang='lat' dir='ltr'><strong>librum</strong></span> <span class='ocrx_word' id='word_1_433' title='bbox 1895 3989 2121 4045; x_wconf 83' lang='lat' dir='ltr'><strong>damna-</strong></span> 
     </span>
    </p>
   </div>
   <div class='ocr_carea' id='block_1_57' title="bbox 524 4080 2120 4154">
    <p class='ocr_par' dir='ltr' id='par_1_57' title="bbox 524 4080 2120 4154">
     <span class='ocr_line' id='line_1_57' title="bbox 524 4080 2120 4154; baseline -0.001 -15"><span class='ocrx_word' id='word_1_434' title='bbox 524 4088 626 4149; x_wconf 84' lang='lat' dir='ltr'><strong>vit,</strong></span> <span class='ocrx_word' id='word_1_435' title='bbox 660 4083 957 4138; x_wconf 69' lang='lat' dir='ltr'><strong>leestino</strong></span> <span class='ocrx_word' id='word_1_436' title='bbox 987 4080 1349 4152; x_wconf 53' lang='lat' dir='ltr'><strong>successisse)</strong></span> <span class='ocrx_word' id='word_1_437' title='bbox 1380 4099 1412 4135; x_wconf 91' lang='lat' dir='ltr'><strong>a</strong></span> <span class='ocrx_word' id='word_1_438' title='bbox 1453 4099 1550 4154; x_wconf 90' lang='lat' dir='ltr'><strong>quo</strong></span> <span class='ocrx_word' id='word_1_439' title='bbox 1580 4087 1704 4154; x_wconf 80' lang='lat' dir='ltr'><strong>quia</strong></span> <span class='ocrx_word' id='word_1_440' title='bbox 1746 4083 1899 4140; x_wconf 82' lang='lat' dir='ltr'><strong>stella</strong></span> <span class='ocrx_word' id='word_1_441' title='bbox 1932 4085 2120 4152; x_wconf 86' lang='lat' dir='ltr'><strong>dispa-</strong></span> 
     </span>
    </p>
   </div>
   <div class='ocr_carea' id='block_1_58' title="bbox 527 4172 2123 4244">
    <p class='ocr_par' dir='ltr' id='par_1_58' title="bbox 527 4172 2123 4244">
     <span class='ocr_line' id='line_1_58' title="bbox 527 4172 2123 4244; baseline 0.001 -13"><span class='ocrx_word' id='word_1_442' title='bbox 527 4177 654 4244; x_wconf 88' lang='lat' dir='ltr'><strong>ruit,</strong></span> <span class='ocrx_word' id='word_1_443' title='bbox 687 4175 943 4230; x_wconf 86' lang='lat' dir='ltr'><strong>nimirum</strong></span> <span class='ocrx_word' id='word_1_444' title='bbox 986 4174 1112 4243; x_wconf 84' lang='lat' dir='ltr'><strong>quia</strong></span> <span class='ocrx_word' id='word_1_445' title='bbox 1142 4172 1425 4229; x_wconf 80' lang='lat' dir='ltr'><strong>Jo:tchitno</strong></span> <span class='ocrx_word' id='word_1_446' title='bbox 1463 4183 1699 4243; x_wconf 81' lang='lat' dir='ltr'><strong>mortuo,</strong></span> <span class='ocrx_word' id='word_1_447' title='bbox 1733 4176 1956 4232; x_wconf 76' lang='lat' dir='ltr'><strong>claritas</strong></span> <span class='ocrx_word' id='word_1_448' title='bbox 1997 4194 2123 4233; x_wconf 83' lang='lat' dir='ltr'><strong>scn-</strong></span> 
     </span>
    </p>
   </div>
   <div class='ocr_carea' id='block_1_59' title="bbox 530 4267 2125 4346">
    <p class='ocr_par' dir='ltr' id='par_1_59' title="bbox 530 4267 2125 4346">
     <span class='ocr_line' id='line_1_59' title="bbox 530 4267 2125 4346; baseline 0.002 -22"><span class='ocrx_word' id='word_1_449' title='bbox 530 4286 626 4326; x_wconf 82' lang='lat' dir='ltr'><strong>sus</strong></span> <span class='ocrx_word' id='word_1_450' title='bbox 654 4270 773 4340; x_wconf 83' lang='lat' dir='ltr'><strong>ejus</strong></span> <span class='ocrx_word' id='word_1_451' title='bbox 803 4269 1099 4337; x_wconf 75' lang='lat' dir='ltr'><strong>dESparuit,</strong></span> <span class='ocrx_word' id='word_1_452' title='bbox 1136 4267 1429 4340; x_wconf 85' lang='lat' dir='ltr'><strong>spiritualis</strong></span> <span class='ocrx_word' id='word_1_453' title='bbox 1460 4271 1799 4342; x_wconf 75' lang='lat' dir='ltr'><strong>intelligentia</strong></span> <span class='ocrx_word' id='word_1_454' title='bbox 1826 4274 2125 4346; x_wconf 74' lang='lat' dir='ltr'><strong>exstingue—</strong></span> 
     </span>
    </p>
   </div>
   <div class='ocr_carea' id='block_1_60' title="bbox 531 4364 2124 4436">
    <p class='ocr_par' dir='ltr' id='par_1_60' title="bbox 531 4364 2124 4436">
     <span class='ocr_line' id='line_1_60' title="bbox 531 4364 2124 4436; baseline 0.002 -18"><span class='ocrx_word' id='word_1_455' title='bbox 531 4379 618 4419; x_wconf 87' lang='lat' dir='ltr'><strong>tur</strong></span> <span class='ocrx_word' id='word_1_456' title='bbox 653 4365 705 4418; x_wconf 89' lang='lat' dir='ltr'><strong>in</strong></span> <span class='ocrx_word' id='word_1_457' title='bbox 737 4364 878 4425; x_wconf 79' lang='lat' dir='ltr'><strong>dolo,</strong></span> <span class='ocrx_word' id='word_1_458' title='bbox 910 4372 955 4417; x_wconf 88' lang='lat' dir='ltr'><strong>et</strong></span> <span class='ocrx_word' id='word_1_459' title='bbox 987 4379 1076 4436; x_wconf 82' lang='lat' dir='ltr'><strong>per</strong></span> <span class='ocrx_word' id='word_1_460' title='bbox 1108 4364 1354 4418; x_wconf 88' lang='lat' dir='ltr'><strong>invidiam</strong></span> <span class='ocrx_word' id='word_1_461' title='bbox 1387 4366 1645 4432; x_wconf 79' lang='lat' dir='ltr'><strong>tradetur,</strong></span> <span class='ocrx_word' id='word_1_462' title='bbox 1671 4374 1719 4420; x_wconf 89' lang='lat' dir='ltr'><strong>et</strong></span> <span class='ocrx_word' id='word_1_463' title='bbox 1757 4367 2006 4436; x_wconf 80' lang='lat' dir='ltr'><strong>perimere</strong></span> <span class='ocrx_word' id='word_1_464' title='bbox 2037 4383 2124 4421; x_wconf 87' lang='lat' dir='ltr'><strong>co-</strong></span> 
     </span>
    </p>
   </div>
   <div class='ocr_carea' id='block_1_61' title="bbox 534 4457 2125 4532">
    <p class='ocr_par' dir='ltr' id='par_1_61' title="bbox 534 4457 2125 4532">
     <span class='ocr_line' id='line_1_61' title="bbox 534 4457 2125 4532; baseline 0.001 -19"><span class='ocrx_word' id='word_1_465' title='bbox 534 4461 736 4532; x_wconf 81' lang='lat' dir='ltr'><strong>gitabit.</strong></span> <span class='ocrx_word' id='word_1_466' title='bbox 773 4457 928 4524; x_wconf 82' lang='lat' dir='ltr'><strong>Quod</strong></span> <span class='ocrx_word' id='word_1_467' title='bbox 956 4468 1130 4512; x_wconf 82' lang='lat' dir='ltr'><strong>autem</strong></span> <span class='ocrx_word' id='word_1_468' title='bbox 1175 4469 1614 4532; x_wconf 77' lang='lat' dir='ltr'><strong>congregaverant</strong></span> <span class='ocrx_word' id='word_1_469' title='bbox 1641 4461 1910 4531; x_wconf 88' lang='lat' dir='ltr'><strong>pontiﬁces</strong></span> <span class='ocrx_word' id='word_1_470' title='bbox 1943 4460 2125 4517; x_wconf 74' lang='lat' dir='ltr'><strong>Eccle-</strong></span> 
     </span>
    </p>
   </div>
   <div class='ocr_carea' id='block_1_62' title="bbox 531 4549 2128 4622">
    <p class='ocr_par' dir='ltr' id='par_1_62' title="bbox 531 4549 2128 4622">
     <span class='ocr_line' id='line_1_62' title="bbox 531 4549 2128 4622; baseline 0.001 -16"><span class='ocrx_word' id='word_1_471' title='bbox 531 4554 750 4614; x_wconf 85' lang='lat' dir='ltr'><strong>siarnm.</strong></span> <span class='ocrx_word' id='word_1_472' title='bbox 784 4562 832 4605; x_wconf 88' lang='lat' dir='ltr'><strong>et</strong></span> <span class='ocrx_word' id='word_1_473' title='bbox 868 4549 1127 4605; x_wconf 77' lang='lat' dir='ltr'><strong>Pltaristci</strong></span> <span class='ocrx_word' id='word_1_474' title='bbox 1157 4549 1396 4622; x_wconf 87' lang='lat' dir='ltr'><strong>(scilicet</strong></span> <span class='ocrx_word' id='word_1_475' title='bbox 1436 4551 1696 4619; x_wconf 87' lang='lat' dir='ltr'><strong>abbates,</strong></span> <span class='ocrx_word' id='word_1_476' title='bbox 1730 4553 1966 4622; x_wconf 83' lang='lat' dir='ltr'><strong>priores,</strong></span> <span class='ocrx_word' id='word_1_477' title='bbox 2000 4553 2128 4609; x_wconf 84' lang='lat' dir='ltr'><strong>reli-</strong></span> 
     </span>
    </p>
   </div>
   <div class='ocr_carea' id='block_1_63' title="bbox 2194 1929 3793 2012">
    <p class='ocr_par' dir='ltr' id='par_1_63' title="bbox 2194 1929 3793 2012">
     <span class='ocr_line' id='line_1_63' title="bbox 2194 1929 3793 2012; baseline -0.011 -14"><span class='ocrx_word' id='word_1_478' title='bbox 2194 1943 2363 2011; x_wconf 82' lang='lat' dir='ltr'><strong>tltotlt,</strong></span> <span class='ocrx_word' id='word_1_479' title='bbox 2390 1942 2586 1999; x_wconf 86' lang='lat' dir='ltr'><strong>scilicet</strong></span> <span class='ocrx_word' id='word_1_480' title='bbox 2628 1955 2784 2012; x_wconf 81' lang='lat' dir='ltr'><strong>super</strong></span> <span class='ocrx_word' id='word_1_481' title='bbox 2808 1937 3052 2011; x_wconf 81' lang='lat' dir='ltr'><strong>prtelatos</strong></span> <span class='ocrx_word' id='word_1_482' title='bbox 3085 1937 3311 2007; x_wconf 79' lang='lat' dir='ltr'><strong>majores</strong></span> <span class='ocrx_word' id='word_1_483' title='bbox 3351 1929 3793 1996; x_wconf 79' lang='lat' dir='ltr'><strong>Cisterciensium,</strong></span> 
     </span>
    </p>
   </div>
   <div class='ocr_carea' id='block_1_64' title="bbox 2192 2024 3797 2097">
    <p class='ocr_par' dir='ltr' id='par_1_64' title="bbox 2192 2024 3797 2097">
     <span class='ocr_line' id='line_1_64' title="bbox 2192 2024 3797 2097; baseline -0.009 -6"><span class='ocrx_word' id='word_1_484' title='bbox 2192 2051 2396 2091; x_wconf 79' lang='lat' dir='ltr'><strong>annum</strong></span> <span class='ocrx_word' id='word_1_485' title='bbox 2440 2034 2750 2089; x_wconf 82' lang='lat' dir='ltr'><strong>risitationis</strong></span> <span class='ocrx_word' id='word_1_486' title='bbox 2799 2048 2998 2097; x_wconf 88' lang='lat' dir='ltr'><strong>eorum,</strong></span> <span class='ocrx_word' id='word_1_487' title='bbox 3034 2030 3230 2085; x_wconf 86' lang='lat' dir='ltr'><strong>scilicet</strong></span> <span class='ocrx_word' id='word_1_488' title='bbox 3282 2024 3639 2081; x_wconf 76' lang='lat' dir='ltr'><strong>tribulationis</strong></span> <span class='ocrx_word' id='word_1_489' title='bbox 3681 2025 3797 2077; x_wconf 76' lang='lat' dir='ltr'><strong>im—</strong></span> 
     </span>
    </p>
   </div>
   <div class='ocr_carea' id='block_1_65' title="bbox 2195 2114 3790 2190">
    <p class='ocr_par' dir='ltr' id='par_1_65' title="bbox 2195 2114 3790 2190">
     <span class='ocr_line' id='line_1_65' title="bbox 2195 2114 3790 2190; baseline -0.008 -5"><span class='ocrx_word' id='word_1_490' title='bbox 2195 2130 2391 2186; x_wconf 68' lang='lat' dir='ltr'><strong>missa.</strong></span> <span class='ocrx_word' id='word_1_491' title='bbox 2421 2127 2530 2185; x_wconf 89' lang='lat' dir='ltr'><strong>Sed</strong></span> <span class='ocrx_word' id='word_1_492' title='bbox 2563 2125 2924 2182; x_wconf 83' lang='lat' dir='ltr'><strong>nihilominus</strong></span> <span class='ocrx_word' id='word_1_493' title='bbox 2952 2123 3183 2181; x_wconf 78' lang='lat' dir='ltr'><strong>interius</strong></span> <span class='ocrx_word' id='word_1_494' title='bbox 3211 2121 3277 2176; x_wconf 88' lang='lat' dir='ltr'><strong>ad</strong></span> <span class='ocrx_word' id='word_1_495' title='bbox 3307 2128 3473 2190; x_wconf 84' lang='lat' dir='ltr'><strong>caput</strong></span> <span class='ocrx_word' id='word_1_496' title='bbox 3500 2119 3573 2175; x_wconf 71' lang='lat'><strong>35</strong></span> <span class='ocrx_word' id='word_1_497' title='bbox 3599 2114 3790 2173; x_wconf 82' lang='lat' dir='ltr'><strong>lliere-</strong></span> 
     </span>
    </p>
   </div>
   <div class='ocr_carea' id='block_1_66' title="bbox 2197 2208 3798 2294">
    <p class='ocr_par' dir='ltr' id='par_1_66' title="bbox 2197 2208 3798 2294">
     <span class='ocr_line' id='line_1_66' title="bbox 2197 2208 3798 2294; baseline -0.011 -14"><span class='ocrx_word' id='word_1_498' title='bbox 2197 2224 2322 2280; x_wconf 75' lang='lat' dir='ltr'><strong>mia:</strong></span> <span class='ocrx_word' id='word_1_499' title='bbox 2374 2221 2792 2294; x_wconf 86' lang='lat' dir='ltr'><strong>perpetuitatem</strong></span> <span class='ocrx_word' id='word_1_500' title='bbox 2849 2217 3096 2289; x_wconf 83' lang='lat' dir='ltr'><strong>ejusdem</strong></span> <span class='ocrx_word' id='word_1_501' title='bbox 3151 2212 3364 2270; x_wconf 83' lang='lat' dir='ltr'><strong>ordinis</strong></span> <span class='ocrx_word' id='word_1_502' title='bbox 3409 2211 3463 2267; x_wconf 92' lang='lat' dir='ltr'><strong>iu</strong></span> <span class='ocrx_word' id='word_1_503' title='bbox 3517 2208 3798 2266; x_wconf 87' lang='lat' dir='ltr'><strong>nonnullis</strong></span> 
     </span>
    </p>
   </div>
   <div class='ocr_carea' id='block_1_67' title="bbox 2199 2301 3804 2387">
    <p class='ocr_par' dir='ltr' id='par_1_67' title="bbox 2199 2301 3804 2387">
     <span class='ocr_line' id='line_1_67' title="bbox 2199 2301 3804 2387; baseline -0.011 -13"><span class='ocrx_word' id='word_1_504' title='bbox 2199 2318 2325 2374; x_wconf 80' lang='lat' dir='ltr'><strong>[iliis</strong></span> <span class='ocrx_word' id='word_1_505' title='bbox 2345 2316 2464 2387; x_wconf 84' lang='lat' dir='ltr'><strong>ejus</strong></span> <span class='ocrx_word' id='word_1_506' title='bbox 2487 2313 2769 2386; x_wconf 73' lang='lat' dir='ltr'><strong>prtedieit;</strong></span> <span class='ocrx_word' id='word_1_507' title='bbox 2803 2329 2928 2369; x_wconf 91' lang='lat' dir='ltr'><strong>nam</strong></span> <span class='ocrx_word' id='word_1_508' title='bbox 2957 2327 3079 2367; x_wconf 90' lang='lat' dir='ltr'><strong>cum</strong></span> <span class='ocrx_word' id='word_1_509' title='bbox 3113 2307 3489 2380; x_wconf 77' lang='lat' dir='ltr'><strong>prtemisisset,</strong></span> <span class='ocrx_word' id='word_1_510' title='bbox 3518 2307 3662 2376; x_wconf 83' lang='lat' dir='ltr'><strong>quod</strong></span> <span class='ocrx_word' id='word_1_511' title='bbox 3696 2301 3804 2358; x_wconf 71' lang='lat' dir='ltr'><strong>Joo</strong></span> 
     </span>
    </p>
   </div>
   <div class='ocr_carea' id='block_1_68' title="bbox 2200 2396 3806 2479">
    <p class='ocr_par' dir='ltr' id='par_1_68' title="bbox 2200 2396 3806 2479">
     <span class='ocr_line' id='line_1_68' title="bbox 2200 2396 3806 2479; baseline -0.011 -12"><span class='ocrx_word' id='word_1_512' title='bbox 2200 2409 2373 2467; x_wconf 82' lang='lat' dir='ltr'><strong>nadab</strong></span> <span class='ocrx_word' id='word_1_513' title='bbox 2403 2409 2545 2479; x_wconf 89' lang='lat' dir='ltr'><strong>ﬁlius</strong></span> <span class='ocrx_word' id='word_1_514' title='bbox 2593 2408 2797 2464; x_wconf 75' lang='lat' dir='ltr'><strong>Rechab</strong></span> <span class='ocrx_word' id='word_1_515' title='bbox 2840 2406 3083 2478; x_wconf 70' lang='lat' dir='ltr'><strong>praaccpit</strong></span> <span class='ocrx_word' id='word_1_516' title='bbox 3109 2404 3284 2457; x_wconf 82' lang='lat' dir='ltr'><strong>vinum</strong></span> <span class='ocrx_word' id='word_1_517' title='bbox 3329 2417 3432 2455; x_wconf 85' lang='lat' dir='ltr'><strong>non</strong></span> <span class='ocrx_word' id='word_1_518' title='bbox 3478 2398 3650 2454; x_wconf 83' lang='lat' dir='ltr'><strong>bibere</strong></span> <span class='ocrx_word' id='word_1_519' title='bbox 3677 2396 3806 2463; x_wconf 80' lang='lat' dir='ltr'><strong>ﬁliis</strong></span> 
     </span>
    </p>
   </div>
   <div class='ocr_carea' id='block_1_69' title="bbox 2200 2487 3806 2572">
    <p class='ocr_par' dir='ltr' id='par_1_69' title="bbox 2200 2487 3806 2572">
     <span class='ocr_line' id='line_1_69' title="bbox 2200 2487 3806 2572; baseline -0.012 -13"><span class='ocrx_word' id='word_1_520' title='bbox 2200 2503 2331 2572; x_wconf 79' lang='lat' dir='ltr'><strong>suis,</strong></span> <span class='ocrx_word' id='word_1_521' title='bbox 2363 2517 2455 2557; x_wconf 81' lang='lat' dir='ltr'><strong>nec</strong></span> <span class='ocrx_word' id='word_1_522' title='bbox 2476 2503 2658 2556; x_wconf 88' lang='lat' dir='ltr'><strong>domos</strong></span> <span class='ocrx_word' id='word_1_523' title='bbox 2680 2509 3014 2562; x_wconf 82' lang='lat' dir='ltr'><strong>construere;</strong></span> <span class='ocrx_word' id='word_1_524' title='bbox 3043 2496 3134 2551; x_wconf 87' lang='lat' dir='ltr'><strong>sed</strong></span> <span class='ocrx_word' id='word_1_525' title='bbox 3174 2497 3227 2550; x_wconf 86' lang='lat' dir='ltr'><strong>in</strong></span> <span class='ocrx_word' id='word_1_526' title='bbox 3270 2491 3616 2548; x_wconf 87' lang='lat' dir='ltr'><strong>tabernaculis</strong></span> <span class='ocrx_word' id='word_1_527' title='bbox 3656 2487 3806 2542; x_wconf 75' lang='lat' dir='ltr'><strong>babi-</strong></span> 
     </span>
    </p>
   </div>
   <div class='ocr_carea' id='block_1_70' title="bbox 2202 2587 3807 2660">
    <p class='ocr_par' dir='ltr' id='par_1_70' title="bbox 2202 2587 3807 2660">
     <span class='ocr_line' id='line_1_70' title="bbox 2202 2587 3807 2660; baseline -0.012 -6"><span class='ocrx_word' id='word_1_528' title='bbox 2202 2606 2336 2660; x_wconf 85' lang='lat' dir='ltr'><strong>tare.</strong></span> <span class='ocrx_word' id='word_1_529' title='bbox 2367 2595 2439 2651; x_wconf 87' lang='lat' dir='ltr'><strong>ad</strong></span> <span class='ocrx_word' id='word_1_530' title='bbox 2467 2594 2527 2652; x_wconf 86' lang='lat' dir='ltr'><strong>S.</strong></span> <span class='ocrx_word' id='word_1_531' title='bbox 2561 2593 2893 2649; x_wconf 85' lang='lat' dir='ltr'><strong>Bernardum</strong></span> <span class='ocrx_word' id='word_1_532' title='bbox 2924 2607 3091 2645; x_wconf 86' lang='lat' dir='ltr'><strong>sermo</strong></span> <span class='ocrx_word' id='word_1_533' title='bbox 3113 2589 3382 2660; x_wconf 88' lang='lat' dir='ltr'><strong>dirigitur,</strong></span> <span class='ocrx_word' id='word_1_534' title='bbox 3413 2587 3504 2657; x_wconf 87' lang='lat' dir='ltr'><strong>qui</strong></span> <span class='ocrx_word' id='word_1_535' title='bbox 3530 2595 3576 2639; x_wconf 90' lang='lat' dir='ltr'><strong>ct</strong></span> <span class='ocrx_word' id='word_1_536' title='bbox 3619 2599 3807 2639; x_wconf 78' lang='lat' dir='ltr'><strong>mona-</strong></span> 
     </span>
    </p>
   </div>
   <div class='ocr_carea' id='block_1_71' title="bbox 2203 2676 3808 2760">
    <p class='ocr_par' dir='ltr' id='par_1_71' title="bbox 2203 2676 3808 2760">
     <span class='ocr_line' id='line_1_71' title="bbox 2203 2676 3808 2760; baseline -0.011 -13"><span class='ocrx_word' id='word_1_537' title='bbox 2203 2691 2314 2747; x_wconf 77' lang='lat' dir='ltr'><strong>chis</strong></span> <span class='ocrx_word' id='word_1_538' title='bbox 2343 2690 2450 2745; x_wconf 79' lang='lat' dir='ltr'><strong>suis</strong></span> <span class='ocrx_word' id='word_1_539' title='bbox 2500 2687 2927 2760; x_wconf 73' lang='lat' dir='ltr'><strong>pra&#39;dicationcm</strong></span> <span class='ocrx_word' id='word_1_540' title='bbox 2968 2693 3014 2739; x_wconf 87' lang='lat' dir='ltr'><strong>et</strong></span> <span class='ocrx_word' id='word_1_541' title='bbox 3055 2683 3383 2757; x_wconf 82' lang='lat' dir='ltr'><strong>uagatiouem</strong></span> <span class='ocrx_word' id='word_1_542' title='bbox 3432 2676 3725 2750; x_wconf 77' lang='lat' dir='ltr'><strong>prohibuit,</strong></span> <span class='ocrx_word' id='word_1_543' title='bbox 3760 2684 3808 2730; x_wconf 79' lang='lat' dir='ltr'><strong>et</strong></span> 
     </span>
    </p>
   </div>
   <div class='ocr_carea' id='block_1_72' title="bbox 2203 2774 3805 2855">
    <p class='ocr_par' dir='ltr' id='par_1_72' title="bbox 2203 2774 3805 2855">
     <span class='ocr_line' id='line_1_72' title="bbox 2203 2774 3805 2855; baseline -0.011 -11"><span class='ocrx_word' id='word_1_544' title='bbox 2203 2804 2292 2844; x_wconf 88' lang='lat' dir='ltr'><strong>eos</strong></span> <span class='ocrx_word' id='word_1_545' title='bbox 2336 2785 2641 2855; x_wconf 85' lang='lat' dir='ltr'><strong>simpliciter</strong></span> <span class='ocrx_word' id='word_1_546' title='bbox 2688 2784 2740 2837; x_wconf 89' lang='lat' dir='ltr'><strong>in</strong></span> <span class='ocrx_word' id='word_1_547' title='bbox 2788 2780 3112 2836; x_wconf 85' lang='lat' dir='ltr'><strong>monasteriis</strong></span> <span class='ocrx_word' id='word_1_548' title='bbox 3157 2776 3366 2831; x_wconf 77' lang='lat' dir='ltr'><strong>subesse</strong></span> <span class='ocrx_word' id='word_1_549' title='bbox 3415 2774 3805 2847; x_wconf 68' lang='lat' dir='ltr'><strong>prwcepit......</strong></span> 
     </span>
    </p>
   </div>
   <div class='ocr_carea' id='block_1_73' title="bbox 2208 2865 3804 2948">
    <p class='ocr_par' dir='ltr' id='par_1_73' title="bbox 2208 2865 3804 2948">
     <span class='ocr_line' id='line_1_73' title="bbox 2208 2865 3804 2948; baseline -0.013 -11"><span class='ocrx_word' id='word_1_550' title='bbox 2208 2881 2360 2948; x_wconf 81' lang='lat' dir='ltr'><strong>Quod</strong></span> <span class='ocrx_word' id='word_1_551' title='bbox 2389 2890 2559 2934; x_wconf 88' lang='lat' dir='ltr'><strong>autem</strong></span> <span class='ocrx_word' id='word_1_552' title='bbox 2590 2878 2780 2932; x_wconf 78' lang='lat' dir='ltr'><strong>dicitur</strong></span> <span class='ocrx_word' id='word_1_553' title='bbox 2827 2893 2929 2930; x_wconf 90' lang='lat' dir='ltr'><strong>non</strong></span> <span class='ocrx_word' id='word_1_554' title='bbox 2978 2875 3158 2929; x_wconf 85' lang='lat' dir='ltr'><strong>deesse</strong></span> <span class='ocrx_word' id='word_1_555' title='bbox 3204 2872 3270 2926; x_wconf 87' lang='lat' dir='ltr'><strong>de</strong></span> <span class='ocrx_word' id='word_1_556' title='bbox 3302 2868 3496 2925; x_wconf 81' lang='lat' dir='ltr'><strong>semine</strong></span> <span class='ocrx_word' id='word_1_557' title='bbox 3535 2865 3804 2931; x_wconf 65' lang='lat' dir='ltr'><strong>Ionadab,</strong></span> 
     </span>
    </p>
   </div>
   <div class='ocr_carea' id='block_1_74' title="bbox 2206 2958 3810 3046">
    <p class='ocr_par' dir='ltr' id='par_1_74' title="bbox 2206 2958 3810 3046">
     <span class='ocr_line' id='line_1_74' title="bbox 2206 2958 3810 3046; baseline -0.012 -15"><span class='ocrx_word' id='word_1_558' title='bbox 2206 2976 2294 3046; x_wconf 88' lang='lat' dir='ltr'><strong>qui</strong></span> <span class='ocrx_word' id='word_1_559' title='bbox 2323 2985 2482 3031; x_wconf 79' lang='lat' dir='ltr'><strong>staret</strong></span> <span class='ocrx_word' id='word_1_560' title='bbox 2511 2990 2709 3040; x_wconf 77' lang='lat' dir='ltr'><strong>seraper</strong></span> <span class='ocrx_word' id='word_1_561' title='bbox 2741 2973 2794 3026; x_wconf 89' lang='lat' dir='ltr'><strong>in</strong></span> <span class='ocrx_word' id='word_1_562' title='bbox 2836 2978 3118 3042; x_wconf 78' lang='lat' dir='ltr'><strong>conspectu</strong></span> <span class='ocrx_word' id='word_1_563' title='bbox 3166 2964 3403 3027; x_wconf 86' lang='lat' dir='ltr'><strong>Domini,</strong></span> <span class='ocrx_word' id='word_1_564' title='bbox 3438 2962 3645 3018; x_wconf 78' lang='lat' dir='ltr'><strong>videtur</strong></span> <span class='ocrx_word' id='word_1_565' title='bbox 3671 2958 3810 3032; x_wconf 71' lang='lat' dir='ltr'><strong>quod</strong></span> 
     </span>
    </p>
   </div>
   <div class='ocr_carea' id='block_1_75' title="bbox 2210 3060 3810 3140">
    <p class='ocr_par' dir='ltr' id='par_1_75' title="bbox 2210 3060 3810 3140">
     <span class='ocr_line' id='line_1_75' title="bbox 2210 3060 3810 3140; baseline -0.01 -14"><span class='ocrx_word' id='word_1_566' title='bbox 2210 3069 2568 3126; x_wconf 80' lang='lat' dir='ltr'><strong>Cisterciensis</strong></span> <span class='ocrx_word' id='word_1_567' title='bbox 2610 3068 2794 3140; x_wconf 78' lang='lat' dir='ltr'><strong>religio</strong></span> <span class='ocrx_word' id='word_1_568' title='bbox 2826 3067 2891 3120; x_wconf 90' lang='lat' dir='ltr'><strong>sit</strong></span> <span class='ocrx_word' id='word_1_569' title='bbox 2928 3065 2982 3118; x_wconf 88' lang='lat' dir='ltr'><strong>in</strong></span> <span class='ocrx_word' id='word_1_570' title='bbox 3014 3064 3170 3133; x_wconf 87' lang='lat' dir='ltr'><strong>ﬁnem</strong></span> <span class='ocrx_word' id='word_1_571' title='bbox 3199 3075 3361 3131; x_wconf 87' lang='lat' dir='ltr'><strong>usque</strong></span> <span class='ocrx_word' id='word_1_572' title='bbox 3390 3060 3570 3113; x_wconf 66' lang='lat' dir='ltr'><strong>seaculi</strong></span> <span class='ocrx_word' id='word_1_573' title='bbox 3600 3073 3810 3130; x_wconf 83' lang='lat' dir='ltr'><strong>proces-</strong></span> 
     </span>
    </p>
   </div>
   <div class='ocr_carea' id='block_1_76' title="bbox 2212 3147 3810 3230">
    <p class='ocr_par' dir='ltr' id='par_1_76' title="bbox 2212 3147 3810 3230">
     <span class='ocr_line' id='line_1_76' title="bbox 2212 3147 3810 3230; baseline -0.008 -15"><span class='ocrx_word' id='word_1_574' title='bbox 2212 3178 2360 3217; x_wconf 78' lang='lat' dir='ltr'><strong>sura.</strong></span> <span class='ocrx_word' id='word_1_575' title='bbox 2393 3160 2508 3230; x_wconf 83' lang='lat' dir='ltr'><strong>Qua</strong></span> <span class='ocrx_word' id='word_1_576' title='bbox 2545 3173 2680 3216; x_wconf 86' lang='lat' dir='ltr'><strong>sane</strong></span> <span class='ocrx_word' id='word_1_577' title='bbox 2711 3157 3063 3229; x_wconf 78' lang='lat' dir='ltr'><strong>pradictione</strong></span> <span class='ocrx_word' id='word_1_578' title='bbox 3101 3154 3271 3225; x_wconf 89' lang='lat' dir='ltr'><strong>prima</strong></span> <span class='ocrx_word' id='word_1_579' title='bbox 3301 3151 3540 3207; x_wconf 89' lang='lat' dir='ltr'><strong>omnium</strong></span> <span class='ocrx_word' id='word_1_580' title='bbox 3571 3147 3810 3221; x_wconf 84' lang='lat' dir='ltr'><strong>prophe-</strong></span> 
     </span>
    </p>
   </div>
   <div class='ocr_carea' id='block_1_77' title="bbox 2217 3240 3810 3324">
    <p class='ocr_par' dir='ltr' id='par_1_77' title="bbox 2217 3240 3810 3324">
     <span class='ocr_line' id='line_1_77' title="bbox 2217 3240 3810 3324; baseline -0.01 -12"><span class='ocrx_word' id='word_1_581' title='bbox 2217 3265 2327 3312; x_wconf 84' lang='lat' dir='ltr'><strong>tata</strong></span> <span class='ocrx_word' id='word_1_582' title='bbox 2377 3263 2460 3310; x_wconf 83' lang='lat' dir='ltr'><strong>est</strong></span> <span class='ocrx_word' id='word_1_583' title='bbox 2515 3248 2866 3324; x_wconf 79' lang='lat' dir='ltr'><strong>congregatio</strong></span> <span class='ocrx_word' id='word_1_584' title='bbox 2912 3248 2971 3306; x_wconf 87' lang='lat' dir='ltr'><strong>S.</strong></span> <span class='ocrx_word' id='word_1_585' title='bbox 3028 3246 3289 3304; x_wconf 75' lang='lat' dir='ltr'><strong>lternardi</strong></span> <span class='ocrx_word' id='word_1_586' title='bbox 3330 3244 3399 3301; x_wconf 86' lang='lat' dir='ltr'><strong>de</strong></span> <span class='ocrx_word' id='word_1_587' title='bbox 3442 3240 3810 3308; x_wconf 74' lang='lat' dir='ltr'><strong>observantia,</strong></span> 
     </span>
    </p>
   </div>
   <div class='ocr_carea' id='block_1_78' title="bbox 2215 3334 3813 3416">
    <p class='ocr_par' dir='ltr' id='par_1_78' title="bbox 2215 3334 3813 3416">
     <span class='ocr_line' id='line_1_78' title="bbox 2215 3334 3813 3416; baseline -0.006 -19"><span class='ocrx_word' id='word_1_588' title='bbox 2215 3359 2335 3416; x_wconf 78' lang='lat' dir='ltr'><strong>qua:</strong></span> <span class='ocrx_word' id='word_1_589' title='bbox 2365 3345 2420 3399; x_wconf 90' lang='lat' dir='ltr'><strong>in</strong></span> <span class='ocrx_word' id='word_1_590' title='bbox 2462 3342 2648 3415; x_wconf 79' lang='lat' dir='ltr'><strong>regnis</strong></span> <span class='ocrx_word' id='word_1_591' title='bbox 2699 3342 3080 3414; x_wconf 88' lang='lat' dir='ltr'><strong>lli-paniarum</strong></span> <span class='ocrx_word' id='word_1_592' title='bbox 3113 3338 3187 3394; x_wconf 85' lang='lat' dir='ltr'><strong>ab</strong></span> <span class='ocrx_word' id='word_1_593' title='bbox 3226 3352 3372 3391; x_wconf 87' lang='lat' dir='ltr'><strong>anno</strong></span> <span class='ocrx_word' id='word_1_594' title='bbox 3405 3334 3622 3391; x_wconf 89' lang='lat' dir='ltr'><strong>Domini</strong></span> <span class='ocrx_word' id='word_1_595' title='bbox 3674 3334 3813 3389; x_wconf 67' lang='lat' dir='ltr'><strong>li...</strong></span> 
     </span>
    </p>
   </div>
   <div class='ocr_carea' id='block_1_79' title="bbox 2217 3424 3814 3506">
    <p class='ocr_par' dir='ltr' id='par_1_79' title="bbox 2217 3424 3814 3506">
     <span class='ocr_line' id='line_1_79' title="bbox 2217 3424 3814 3506; baseline -0.007 -16"><span class='ocrx_word' id='word_1_596' title='bbox 2217 3437 2524 3493; x_wconf 86' lang='lat' dir='ltr'><strong>institutum</strong></span> <span class='ocrx_word' id='word_1_597' title='bbox 2556 3436 2744 3506; x_wconf 72' lang='lat' dir='ltr'><strong>coepit,</strong></span> <span class='ocrx_word' id='word_1_598' title='bbox 2774 3450 2897 3505; x_wconf 75' lang='lat' dir='ltr'><strong>qua:</strong></span> <span class='ocrx_word' id='word_1_599' title='bbox 2924 3432 3037 3488; x_wconf 87' lang='lat' dir='ltr'><strong>Deo</strong></span> <span class='ocrx_word' id='word_1_600' title='bbox 3085 3429 3306 3500; x_wconf 79' lang='lat' dir='ltr'><strong>auspice</strong></span> <span class='ocrx_word' id='word_1_601' title='bbox 3350 3428 3410 3485; x_wconf 88' lang='lat' dir='ltr'><strong>S.</strong></span> <span class='ocrx_word' id='word_1_602' title='bbox 3461 3426 3522 3484; x_wconf 75' lang='grc' dir='ltr'><strong>ιι.</strong></span> <span class='ocrx_word' id='word_1_603' title='bbox 3555 3424 3814 3485; x_wconf 85' lang='lat' dir='ltr'><strong>Bernardi</strong></span> 
     </span>
    </p>
   </div>
   <div class='ocr_carea' id='block_1_80' title="bbox 2218 3523 3814 3600">
    <p class='ocr_par' dir='ltr' id='par_1_80' title="bbox 2218 3523 3814 3600">
     <span class='ocr_line' id='line_1_80' title="bbox 2218 3523 3814 3600; baseline -0.008 -14"><span class='ocrx_word' id='word_1_604' title='bbox 2218 3529 2430 3586; x_wconf 89' lang='lat' dir='ltr'><strong>meritis</strong></span> <span class='ocrx_word' id='word_1_605' title='bbox 2483 3529 2774 3600; x_wconf 76' lang='lat' dir='ltr'><strong>pristinum</strong></span> <span class='ocrx_word' id='word_1_606' title='bbox 2825 3524 3038 3582; x_wconf 86' lang='lat' dir='ltr'><strong>ordinis</strong></span> <span class='ocrx_word' id='word_1_607' title='bbox 3091 3523 3446 3594; x_wconf 73' lang='lat' dir='ltr'><strong>Splendorem</strong></span> <span class='ocrx_word' id='word_1_608' title='bbox 3502 3528 3814 3586; x_wconf 87' lang='lat' dir='ltr'><strong>sustentat;</strong></span> 
     </span>
    </p>
   </div>
   <div class='ocr_carea' id='block_1_81' title="bbox 2217 3614 3816 3691">
    <p class='ocr_par' dir='ltr' id='par_1_81' title="bbox 2217 3614 3816 3691">
     <span class='ocr_line' id='line_1_81' title="bbox 2217 3614 3816 3691; baseline -0.008 -13"><span class='ocrx_word' id='word_1_609' title='bbox 2217 3621 2419 3679; x_wconf 89' lang='lat' dir='ltr'><strong>deinde</strong></span> <span class='ocrx_word' id='word_1_610' title='bbox 2437 3621 2782 3677; x_wconf 77' lang='lat' dir='ltr'><strong>observantia</strong></span> <span class='ocrx_word' id='word_1_611' title='bbox 2813 3619 3256 3691; x_wconf 78' lang='lat' dir='ltr'><strong>congregationis</strong></span> <span class='ocrx_word' id='word_1_612' title='bbox 3284 3615 3476 3682; x_wconf 68' lang='lat' dir='ltr'><strong>Italiae,</strong></span> <span class='ocrx_word' id='word_1_613' title='bbox 3502 3630 3569 3672; x_wconf 78' lang='lat' dir='ltr'><strong>ac</strong></span> <span class='ocrx_word' id='word_1_614' title='bbox 3596 3614 3816 3670; x_wconf 87' lang='lat' dir='ltr'><strong>demum</strong></span> 
     </span>
    </p>
   </div>
   <div class='ocr_carea' id='block_1_82' title="bbox 2220 3706 3817 3780">
    <p class='ocr_par' dir='ltr' id='par_1_82' title="bbox 2220 3706 3817 3780">
     <span class='ocr_line' id='line_1_82' title="bbox 2220 3706 3817 3780; baseline -0.005 -10"><span class='ocrx_word' id='word_1_615' title='bbox 2220 3715 2565 3771; x_wconf 81' lang='lat' dir='ltr'><strong>Fulliensum</strong></span> <span class='ocrx_word' id='word_1_616' title='bbox 2600 3715 2997 3770; x_wconf 82' lang='lat' dir='ltr'><strong>monachorum</strong></span> <span class='ocrx_word' id='word_1_617' title='bbox 3027 3712 3378 3776; x_wconf 73' lang='lat' dir='ltr'><strong>reformatur;</strong></span> <span class='ocrx_word' id='word_1_618' title='bbox 3410 3708 3613 3780; x_wconf 86' lang='lat' dir='ltr'><strong>quibus</strong></span> <span class='ocrx_word' id='word_1_619' title='bbox 3638 3706 3817 3763; x_wconf 87' lang='lat' dir='ltr'><strong>omni-</strong></span> 
     </span>
    </p>
   </div>
   <div class='ocr_carea' id='block_1_83' title="bbox 2219 3800 3817 3874">
    <p class='ocr_par' dir='ltr' id='par_1_83' title="bbox 2219 3800 3817 3874">
     <span class='ocr_line' id='line_1_83' title="bbox 2219 3800 3817 3874; baseline -0.003 -13"><span class='ocrx_word' id='word_1_620' title='bbox 2219 3806 2319 3862; x_wconf 87' lang='lat' dir='ltr'><strong>bus</strong></span> <span class='ocrx_word' id='word_1_621' title='bbox 2364 3805 2618 3863; x_wconf 83' lang='lat' dir='ltr'><strong>etl&#39;ectum</strong></span> <span class='ocrx_word' id='word_1_622' title='bbox 2651 3815 2754 3870; x_wconf 84' lang='lat' dir='ltr'><strong>est,</strong></span> <span class='ocrx_word' id='word_1_623' title='bbox 2789 3815 2845 3860; x_wconf 92' lang='lat' dir='ltr'><strong>nt</strong></span> <span class='ocrx_word' id='word_1_624' title='bbox 2893 3819 3158 3874; x_wconf 87' lang='lat' dir='ltr'><strong>nusquam</strong></span> <span class='ocrx_word' id='word_1_625' title='bbox 3205 3802 3474 3858; x_wconf 81' lang='lat' dir='ltr'><strong>hactenus</strong></span> <span class='ocrx_word' id='word_1_626' title='bbox 3502 3800 3572 3856; x_wconf 84' lang='lat' dir='ltr'><strong>de</strong></span> <span class='ocrx_word' id='word_1_627' title='bbox 3601 3802 3817 3857; x_wconf 85' lang='lat' dir='ltr'><strong>semine</strong></span> 
     </span>
    </p>
   </div>
   <div class='ocr_carea' id='block_1_84' title="bbox 2221 3893 3809 3967">
    <p class='ocr_par' dir='ltr' id='par_1_84' title="bbox 2221 3893 3809 3967">
     <span class='ocr_line' id='line_1_84' title="bbox 2221 3893 3809 3967; baseline -0.003 -15"><span class='ocrx_word' id='word_1_628' title='bbox 2221 3897 2468 3954; x_wconf 87' lang='lat' dir='ltr'><strong>Jonadab</strong></span> <span class='ocrx_word' id='word_1_629' title='bbox 2488 3913 2587 3954; x_wconf 90' lang='lat' dir='ltr'><strong>seu</strong></span> <span class='ocrx_word' id='word_1_630' title='bbox 2617 3898 2864 3955; x_wconf 87' lang='lat' dir='ltr'><strong>mellillui</strong></span> <span class='ocrx_word' id='word_1_631' title='bbox 2891 3897 3174 3967; x_wconf 86' lang='lat' dir='ltr'><strong>Bernardi,</strong></span> <span class='ocrx_word' id='word_1_632' title='bbox 3199 3893 3574 3966; x_wconf 79' lang='lat' dir='ltr'><strong>defeceritqui</strong></span> <span class='ocrx_word' id='word_1_633' title='bbox 3606 3902 3716 3950; x_wconf 89' lang='lat' dir='ltr'><strong>stet</strong></span> <span class='ocrx_word' id='word_1_634' title='bbox 3756 3893 3809 3948; x_wconf 88' lang='lat' dir='ltr'><strong>in</strong></span> 
     </span>
    </p>
   </div>
   <div class='ocr_carea' id='block_1_85' title="bbox 2223 3993 2794 4062">
    <p class='ocr_par' dir='ltr' id='par_1_85' title="bbox 2223 3993 2794 4062">
     <span class='ocr_line' id='line_1_85' title="bbox 2223 3993 2794 4062; baseline -0.002 -14"><span class='ocrx_word' id='word_1_635' title='bbox 2223 4003 2522 4062; x_wconf 88' lang='lat' dir='ltr'><strong>conspectu</strong></span> <span class='ocrx_word' id='word_1_636' title='bbox 2556 3993 2794 4047; x_wconf 84' lang='lat' dir='ltr'><strong>Domini.</strong></span> 
     </span>
    </p>
   </div>
   <div class='ocr_carea' id='block_1_86' title="bbox 2300 4081 3820 4154">
    <p class='ocr_par' dir='ltr' id='par_1_86' title="bbox 2300 4081 3820 4154">
     <span class='ocr_line' id='line_1_86' title="bbox 2300 4081 3820 4154; baseline -0.003 -14"><span class='ocrx_word' id='word_1_637' title='bbox 2300 4083 2368 4140; x_wconf 90' lang='lat' dir='ltr'><strong>Ut</strong></span> <span class='ocrx_word' id='word_1_638' title='bbox 2388 4099 2518 4154; x_wconf 86' lang='lat' dir='ltr'><strong>ergo</strong></span> <span class='ocrx_word' id='word_1_639' title='bbox 2535 4085 2602 4138; x_wconf 83' lang='lat' dir='ltr'><strong>ad</strong></span> <span class='ocrx_word' id='word_1_640' title='bbox 2619 4086 2897 4154; x_wconf 82' lang='lat' dir='ltr'><strong>superiora</strong></span> <span class='ocrx_word' id='word_1_641' title='bbox 2914 4098 3280 4153; x_wconf 69' lang='lat' dir='ltr'><strong>recurremus,</strong></span> <span class='ocrx_word' id='word_1_642' title='bbox 3300 4097 3498 4140; x_wconf 80' lang='lat' dir='ltr'><strong>sensus</strong></span> <span class='ocrx_word' id='word_1_643' title='bbox 3519 4081 3820 4154; x_wconf 71' lang='lat' dir='ltr'><strong>prepltetite</strong></span> 
     </span>
    </p>
   </div>
   <div class='ocr_carea' id='block_1_87' title="bbox 2226 4177 3821 4250">
    <p class='ocr_par' dir='ltr' id='par_1_87' title="bbox 2226 4177 3821 4250">
     <span class='ocr_line' id='line_1_87' title="bbox 2226 4177 3821 4250; baseline 0 -18"><span class='ocrx_word' id='word_1_644' title='bbox 2226 4177 2420 4247; x_wconf 84' lang='lat' dir='ltr'><strong>planus</strong></span> <span class='ocrx_word' id='word_1_645' title='bbox 2449 4185 2534 4234; x_wconf 45' lang='lat' dir='ltr'><strong>est</strong></span> <span class='ocrx_word' id='word_1_646' title='bbox 2575 4194 2592 4235; x_wconf 87' lang='lat'><strong>:</strong></span> <span class='ocrx_word' id='word_1_647' title='bbox 2626 4179 2884 4235; x_wconf 88' lang='lat' dir='ltr'><strong>nimirum</strong></span> <span class='ocrx_word' id='word_1_648' title='bbox 2935 4181 3053 4236; x_wconf 79' lang='lat' dir='ltr'><strong>fore</strong></span> <span class='ocrx_word' id='word_1_649' title='bbox 3095 4180 3238 4235; x_wconf 92' lang='lat' dir='ltr'><strong>utin</strong></span> <span class='ocrx_word' id='word_1_650' title='bbox 3279 4178 3403 4250; x_wconf 84' lang='lat' dir='ltr'><strong>ejus</strong></span> <span class='ocrx_word' id='word_1_651' title='bbox 3443 4177 3694 4234; x_wconf 88' lang='lat' dir='ltr'><strong>doctrina</strong></span> <span class='ocrx_word' id='word_1_652' title='bbox 3725 4177 3821 4232; x_wconf 86' lang='lat' dir='ltr'><strong>lilii</strong></span> 
     </span>
    </p>
   </div>
   <div class='ocr_carea' id='block_1_88' title="bbox 2227 4270 3821 4339">
    <p class='ocr_par' dir='ltr' id='par_1_88' title="bbox 2227 4270 3821 4339">
     <span class='ocr_line' id='line_1_88' title="bbox 2227 4270 3821 4339; baseline -0.004 -9"><span class='ocrx_word' id='word_1_653' title='bbox 2227 4272 2527 4339; x_wconf 87' lang='lat' dir='ltr'><strong>Anathoth,</strong></span> <span class='ocrx_word' id='word_1_654' title='bbox 2571 4273 2620 4327; x_wconf 93' lang='lat' dir='ltr'><strong>id</strong></span> <span class='ocrx_word' id='word_1_655' title='bbox 2660 4281 2765 4339; x_wconf 87' lang='lat' dir='ltr'><strong>est,</strong></span> <span class='ocrx_word' id='word_1_656' title='bbox 2812 4271 3230 4338; x_wconf 82' lang='lat' dir='ltr'><strong>Cistercienses,</strong></span> <span class='ocrx_word' id='word_1_657' title='bbox 3279 4270 3821 4334; x_wconf 69' lang='lat' dir='ltr'><strong>standalizarentur;</strong></span> 
     </span>
    </p>
   </div>
   <div class='ocr_carea' id='block_1_89' title="bbox 2227 4363 3825 4436">
    <p class='ocr_par' dir='ltr' id='par_1_89' title="bbox 2227 4363 3825 4436">
     <span class='ocr_line' id='line_1_89' title="bbox 2227 4363 3825 4436; baseline -0.003 -16"><span class='ocrx_word' id='word_1_658' title='bbox 2227 4363 2373 4436; x_wconf 80' lang='lat' dir='ltr'><strong>quod</strong></span> <span class='ocrx_word' id='word_1_659' title='bbox 2405 4364 2722 4420; x_wconf 85' lang='lat' dir='ltr'><strong>scandalum</strong></span> <span class='ocrx_word' id='word_1_660' title='bbox 2754 4372 2812 4420; x_wconf 90' lang='lat' dir='ltr'><strong>ut</strong></span> <span class='ocrx_word' id='word_1_661' title='bbox 2838 4365 3055 4421; x_wconf 87' lang='lat' dir='ltr'><strong>sedaret</strong></span> <span class='ocrx_word' id='word_1_662' title='bbox 3095 4366 3410 4436; x_wconf 85' lang='lat' dir='ltr'><strong>pontilicem</strong></span> <span class='ocrx_word' id='word_1_663' title='bbox 3441 4363 3825 4433; x_wconf 86' lang='lat' dir='ltr'><strong>pronuntiatu-</strong></span> 
     </span>
    </p>
   </div>
   <div class='ocr_carea' id='block_1_90' title="bbox 2231 4455 3826 4526">
    <p class='ocr_par' dir='ltr' id='par_1_90' title="bbox 2231 4455 3826 4526">
     <span class='ocr_line' id='line_1_90' title="bbox 2231 4455 3826 4526; baseline -0.002 -15"><span class='ocrx_word' id='word_1_664' title='bbox 2231 4472 2352 4511; x_wconf 91' lang='lat' dir='ltr'><strong>rum</strong></span> <span class='ocrx_word' id='word_1_665' title='bbox 2383 4467 2637 4526; x_wconf 87' lang='lat' dir='ltr'><strong>oportere</strong></span> <span class='ocrx_word' id='word_1_666' title='bbox 2683 4466 2742 4512; x_wconf 89' lang='lat' dir='ltr'><strong>ut</strong></span> <span class='ocrx_word' id='word_1_667' title='bbox 2772 4471 2910 4512; x_wconf 90' lang='lat' dir='ltr'><strong>unus</strong></span> <span class='ocrx_word' id='word_1_668' title='bbox 2954 4458 3307 4514; x_wconf 87' lang='lat' dir='ltr'><strong>damnaretur</strong></span> <span class='ocrx_word' id='word_1_669' title='bbox 3349 4457 3404 4512; x_wconf 93' lang='lat' dir='ltr'><strong>in</strong></span> <span class='ocrx_word' id='word_1_670' title='bbox 3439 4456 3580 4512; x_wconf 77' lang='lat' dir='ltr'><strong>libro</strong></span> <span class='ocrx_word' id='word_1_671' title='bbox 3610 4456 3678 4511; x_wconf 89' lang='lat' dir='ltr'><strong>dc</strong></span> <span class='ocrx_word' id='word_1_672' title='bbox 3706 4455 3826 4510; x_wconf 84' lang='lat' dir='ltr'><strong>Tri-</strong></span> 
     </span>
    </p>
   </div>
   <div class='ocr_carea' id='block_1_91' title="bbox 2233 4549 3823 4622">
    <p class='ocr_par' dir='ltr' id='par_1_91' title="bbox 2233 4549 3823 4622">
     <span class='ocr_line' id='line_1_91' title="bbox 2233 4549 3823 4622; baseline -0.001 -18"><span class='ocrx_word' id='word_1_673' title='bbox 2233 4550 2420 4606; x_wconf 84' lang='lat' dir='ltr'><strong>nitatis</strong></span> <span class='ocrx_word' id='word_1_674' title='bbox 2451 4549 2679 4620; x_wconf 88' lang='lat' dir='ltr'><strong>unitate,</strong></span> <span class='ocrx_word' id='word_1_675' title='bbox 2728 4566 2893 4622; x_wconf 88' lang='lat' dir='ltr'><strong>super</strong></span> <span class='ocrx_word' id='word_1_676' title='bbox 2920 4549 3077 4622; x_wconf 83' lang='lat' dir='ltr'><strong>cujus</strong></span> <span class='ocrx_word' id='word_1_677' title='bbox 3119 4550 3477 4622; x_wconf 85' lang='lat' dir='ltr'><strong>intelligentia</strong></span> <span class='ocrx_word' id='word_1_678' title='bbox 3507 4550 3823 4606; x_wconf 79' lang='lat' dir='ltr'><strong>scandalum</strong></span> 
     </span>
    </p>
   </div>
   <div class='ocr_carea' id='block_1_92' title="bbox 539 4622 3824 4717">
    <p class='ocr_par' dir='ltr' id='par_1_92' title="bbox 539 4622 3824 4717">
     <span class='ocr_line' id='line_1_92' title="bbox 539 4622 3824 4717; baseline -0.001 -18"><span class='ocrx_word' id='word_1_679' title='bbox 539 4647 675 4717; x_wconf 85' lang='lat' dir='ltr'><strong>giosi</strong></span> <span class='ocrx_word' id='word_1_680' title='bbox 699 4643 1085 4700; x_wconf 89' lang='lat' dir='ltr'><strong>Cisterciensis</strong></span> <span class='ocrx_word' id='word_1_681' title='bbox 1114 4642 1350 4714; x_wconf 78' lang='lat' dir='ltr'><strong>ordinis)</strong></span> <span class='ocrx_word' id='word_1_682' title='bbox 1377 4644 1674 4712; x_wconf 87' lang='lat' dir='ltr'><strong>concilium,</strong></span> <span class='ocrx_word' id='word_1_683' title='bbox 1709 4643 1934 4702; x_wconf 82' lang='lat' dir='ltr'><strong>forsitan</strong></span> <span class='ocrx_word' id='word_1_684' title='bbox 1965 4660 2125 4717; x_wconf 82' lang='lat' dir='ltr'><strong>gene-</strong></span> <span class='ocrx_word' id='word_1_685' title='bbox 2152 4622 2210 4684; x_wconf 79' lang='lat' dir='ltr'><strong>D</strong></span> <span class='ocrx_word' id='word_1_686' title='bbox 2234 4656 2410 4702; x_wconf 89' lang='lat' dir='ltr'><strong>ortum</strong></span> <span class='ocrx_word' id='word_1_687' title='bbox 2442 4658 2559 4702; x_wconf 88' lang='lat' dir='ltr'><strong>erat</strong></span> <span class='ocrx_word' id='word_1_688' title='bbox 2591 4661 2604 4700; x_wconf 93' lang='lat'>:</span> <span class='ocrx_word' id='word_1_689' title='bbox 2633 4661 2756 4700; x_wconf 87' lang='lat' dir='ltr'><strong>eum</strong></span> <span class='ocrx_word' id='word_1_690' title='bbox 2785 4659 2918 4701; x_wconf 80' lang='lat' dir='ltr'><strong>vero</strong></span> <span class='ocrx_word' id='word_1_691' title='bbox 2967 4644 3276 4714; x_wconf 77' lang='lat' dir='ltr'><strong>pontiﬁcem</strong></span> <span class='ocrx_word' id='word_1_692' title='bbox 3318 4660 3426 4698; x_wconf 92' lang='lat' dir='ltr'><strong>non</strong></span> <span class='ocrx_word' id='word_1_693' title='bbox 3466 4642 3634 4699; x_wconf 79' lang='lat' dir='ltr'><strong>alium</strong></span> <span class='ocrx_word' id='word_1_694' title='bbox 3681 4641 3824 4698; x_wconf 87' lang='lat' dir='ltr'><strong>lutu-</strong></span> 
     </span>
    </p>
   </div>
   <div class='ocr_carea' id='block_1_93' title="bbox 536 4735 2128 4808">
    <p class='ocr_par' dir='ltr' id='par_1_93' title="bbox 536 4735 2128 4808">
     <span class='ocr_line' id='line_1_93' title="bbox 536 4735 2128 4808; baseline -0.001 -14"><span class='ocrx_word' id='word_1_695' title='bbox 536 4739 676 4805; x_wconf 83' lang='lat' dir='ltr'><strong>rale,</strong></span> <span class='ocrx_word' id='word_1_696' title='bbox 721 4745 887 4791; x_wconf 88' lang='lat' dir='ltr'><strong>totum</strong></span> <span class='ocrx_word' id='word_1_697' title='bbox 923 4737 994 4789; x_wconf 87' lang='lat' dir='ltr'><strong>ad</strong></span> <span class='ocrx_word' id='word_1_698' title='bbox 1032 4735 1183 4790; x_wconf 87' lang='lat' dir='ltr'><strong>illum</strong></span> <span class='ocrx_word' id='word_1_699' title='bbox 1223 4735 1489 4790; x_wconf 83' lang='lat' dir='ltr'><strong>doctorem</strong></span> <span class='ocrx_word' id='word_1_700' title='bbox 1518 4739 1755 4793; x_wconf 86' lang='lat' dir='ltr'><strong>veritatis</strong></span> <span class='ocrx_word' id='word_1_701' title='bbox 1794 4740 2128 4808; x_wconf 77' lang='lat' dir='ltr'><strong>referendum</strong></span> 
     </span>
    </p>
   </div>
   <div class='ocr_carea' id='block_1_94' title="bbox 541 4827 2130 4904">
    <p class='ocr_par' dir='ltr' id='par_1_94' title="bbox 541 4827 2130 4904">
     <span class='ocr_line' id='line_1_94' title="bbox 541 4827 2130 4904; baseline -0.001 -17"><span class='ocrx_word' id='word_1_702' title='bbox 541 4842 637 4897; x_wconf 82' lang='lat' dir='ltr'><strong>est,</strong></span> <span class='ocrx_word' id='word_1_703' title='bbox 678 4849 826 4903; x_wconf 87' lang='lat' dir='ltr'><strong>quem</strong></span> <span class='ocrx_word' id='word_1_704' title='bbox 874 4844 1050 4885; x_wconf 79' lang='lat' dir='ltr'><strong>sextus</strong></span> <span class='ocrx_word' id='word_1_705' title='bbox 1095 4827 1338 4884; x_wconf 83' lang='lat' dir='ltr'><strong>describit</strong></span> <span class='ocrx_word' id='word_1_706' title='bbox 1379 4830 1622 4902; x_wconf 76' lang='lat' dir='ltr'><strong>angelus,</strong></span> <span class='ocrx_word' id='word_1_707' title='bbox 1671 4833 1775 4885; x_wconf 85' lang='lat' dir='ltr'><strong>into</strong></span> <span class='ocrx_word' id='word_1_708' title='bbox 1813 4833 1908 4886; x_wconf 87' lang='lat' dir='ltr'><strong>sub</strong></span> <span class='ocrx_word' id='word_1_709' title='bbox 1949 4848 2051 4904; x_wconf 87' lang='lat' dir='ltr'><strong>quo</strong></span> <span class='ocrx_word' id='word_1_710' title='bbox 2077 4832 2130 4886; x_wconf 86' lang='lat' dir='ltr'><strong>in</strong></span> 
     </span>
    </p>
   </div>
   <div class='ocr_carea' id='block_1_95' title="bbox 542 4923 2135 4997">
    <p class='ocr_par' dir='ltr' id='par_1_95' title="bbox 542 4923 2135 4997">
     <span class='ocr_line' id='line_1_95' title="bbox 542 4923 2135 4997; baseline 0.001 -18"><span class='ocrx_word' id='word_1_711' title='bbox 542 4943 703 4979; x_wconf 88' lang='lat' dir='ltr'><strong>manu</strong></span> <span class='ocrx_word' id='word_1_712' title='bbox 731 4925 942 4979; x_wconf 87' lang='lat' dir='ltr'><strong>alterius</strong></span> <span class='ocrx_word' id='word_1_713' title='bbox 969 4923 1142 4997; x_wconf 79' lang='lat' dir='ltr'><strong>angeli</strong></span> <span class='ocrx_word' id='word_1_714' title='bbox 1163 4924 1295 4978; x_wconf 87' lang='lat' dir='ltr'><strong>liber</strong></span> <span class='ocrx_word' id='word_1_715' title='bbox 1323 4923 1713 4979; x_wconf 86' lang='lat' dir='ltr'><strong>demonstratur</strong></span> <span class='ocrx_word' id='word_1_716' title='bbox 1733 4926 1961 4980; x_wconf 72' lang='lat' dir='ltr'><strong>ueritatis</strong></span> <span class='ocrx_word' id='word_1_717' title='bbox 1981 4942 2135 4995; x_wconf 70' lang='lat' dir='ltr'><strong>aper-</strong></span> 
     </span>
    </p>
   </div>
   <div class='ocr_carea' id='block_1_96' title="bbox 538 5017 2134 5088">
    <p class='ocr_par' dir='ltr' id='par_1_96' title="bbox 538 5017 2134 5088">
     <span class='ocr_line' id='line_1_96' title="bbox 538 5017 2134 5088; baseline 0 -15"><span class='ocrx_word' id='word_1_718' title='bbox 538 5031 642 5073; x_wconf 83' lang='lat' dir='ltr'><strong>tus.</strong></span> <span class='ocrx_word' id='word_1_719' title='bbox 675 5018 843 5073; x_wconf 82' lang='lat' dir='ltr'><strong>Multo</strong></span> <span class='ocrx_word' id='word_1_720' title='bbox 876 5020 991 5072; x_wconf 76' lang='lat' dir='ltr'><strong>lucc</strong></span> <span class='ocrx_word' id='word_1_721' title='bbox 1016 5017 1313 5074; x_wconf 88' lang='lat' dir='ltr'><strong>illustriora</strong></span> <span class='ocrx_word' id='word_1_722' title='bbox 1346 5017 1652 5074; x_wconf 86' lang='lat' dir='ltr'><strong>redduntur</strong></span> <span class='ocrx_word' id='word_1_723' title='bbox 1676 5034 1745 5074; x_wconf 74' lang='lat' dir='ltr'><strong>ex</strong></span> <span class='ocrx_word' id='word_1_724' title='bbox 1773 5019 1856 5074; x_wconf 87' lang='lat' dir='ltr'><strong>his</strong></span> <span class='ocrx_word' id='word_1_725' title='bbox 1890 5035 2009 5088; x_wconf 79' lang='lat' dir='ltr'><strong>quae</strong></span> <span class='ocrx_word' id='word_1_726' title='bbox 2033 5020 2134 5073; x_wconf 89' lang='lat' dir='ltr'><strong>im-</strong></span> 
     </span>
    </p>
   </div>
   <div class='ocr_carea' id='block_1_97' title="bbox 546 5109 2129 5182">
    <p class='ocr_par' dir='ltr' id='par_1_97' title="bbox 546 5109 2129 5182">
     <span class='ocr_line' id='line_1_97' title="bbox 546 5109 2129 5182; baseline -0.001 -15"><span class='ocrx_word' id='word_1_727' title='bbox 546 5110 786 5167; x_wconf 89' lang='lat' dir='ltr'><strong>mediate</strong></span> <span class='ocrx_word' id='word_1_728' title='bbox 831 5109 1134 5180; x_wconf 87' lang='lat' dir='ltr'><strong>subjungit,</strong></span> <span class='ocrx_word' id='word_1_729' title='bbox 1165 5123 1445 5180; x_wconf 79' lang='lat' dir='ltr'><strong>exponens</strong></span> <span class='ocrx_word' id='word_1_730' title='bbox 1496 5125 1728 5182; x_wconf 89' lang='lat' dir='ltr'><strong>namque</strong></span> <span class='ocrx_word' id='word_1_731' title='bbox 1768 5111 1934 5167; x_wconf 82' lang='lat' dir='ltr'><strong>verba</strong></span> <span class='ocrx_word' id='word_1_732' title='bbox 1993 5111 2129 5166; x_wconf 89' lang='lat' dir='ltr'><strong>illa:</strong></span> 
     </span>
    </p>
   </div>
   <div class='ocr_carea' id='block_1_98' title="bbox 546 5201 2136 5277">
    <p class='ocr_par' dir='ltr' id='par_1_98' title="bbox 546 5201 2136 5277">
     <span class='ocr_line' id='line_1_98' title="bbox 546 5201 2136 5277; baseline 0 -17"><span class='ocrx_word' id='word_1_733' title='bbox 546 5203 836 5276; x_wconf 85' lang='lat' dir='ltr'><strong>Propterea</strong></span> <span class='ocrx_word' id='word_1_734' title='bbox 870 5203 981 5259; x_wconf 82' lang='lat' dir='ltr'><strong>Itwc</strong></span> <span class='ocrx_word' id='word_1_735' title='bbox 1021 5203 1149 5257; x_wconf 89' lang='lat' dir='ltr'><strong>dicit</strong></span> <span class='ocrx_word' id='word_1_736' title='bbox 1181 5201 1436 5258; x_wconf 86' lang='lat' dir='ltr'><strong>Dominus</strong></span> <span class='ocrx_word' id='word_1_737' title='bbox 1467 5203 1537 5258; x_wconf 88' lang='lat' dir='ltr'><strong>ad</strong></span> <span class='ocrx_word' id='word_1_738' title='bbox 1561 5207 1701 5259; x_wconf 83' lang='lat' dir='ltr'><strong>viros</strong></span> <span class='ocrx_word' id='word_1_739' title='bbox 1728 5204 2012 5272; x_wconf 78' lang='lat' dir='ltr'><strong>Anatltotlt,</strong></span> <span class='ocrx_word' id='word_1_740' title='bbox 2044 5206 2136 5277; x_wconf 82' lang='lat' dir='ltr'><strong>qui</strong></span> 
     </span>
    </p>
   </div>
   <div class='ocr_carea' id='block_1_99' title="bbox 547 5297 2136 5372">
    <p class='ocr_par' dir='ltr' id='par_1_99' title="bbox 547 5297 2136 5372">
     <span class='ocr_line' id='line_1_99' title="bbox 547 5297 2136 5372; baseline 0.001 -19"><span class='ocrx_word' id='word_1_741' title='bbox 547 5309 787 5368; x_wconf 72' lang='lat' dir='ltr'><strong>qua&#39;runt</strong></span> <span class='ocrx_word' id='word_1_742' title='bbox 824 5298 1052 5353; x_wconf 85' lang='lat' dir='ltr'><strong>animam</strong></span> <span class='ocrx_word' id='word_1_743' title='bbox 1087 5306 1249 5360; x_wconf 77' lang='lat' dir='ltr'><strong>tuam,</strong></span> <span class='ocrx_word' id='word_1_744' title='bbox 1292 5307 1340 5352; x_wconf 81' lang='lat' dir='ltr'><strong>et</strong></span> <span class='ocrx_word' id='word_1_745' title='bbox 1381 5297 1559 5353; x_wconf 87' lang='lat' dir='ltr'><strong>dicunt</strong></span> <span class='ocrx_word' id='word_1_746' title='bbox 1589 5315 1608 5353; x_wconf 91' lang='lat'><strong><em>:</em></strong></span> <span class='ocrx_word' id='word_1_747' title='bbox 1639 5298 1761 5354; x_wconf 80' lang='lat' dir='ltr'><strong>Non</strong></span> <span class='ocrx_word' id='word_1_748' title='bbox 1799 5300 2136 5372; x_wconf 69' lang='lat' dir='ltr'><strong>prapltctabfs</strong></span> 
     </span>
    </p>
   </div>
   <div class='ocr_carea' id='block_1_100' title="bbox 545 5388 2133 5457">
    <p class='ocr_par' dir='ltr' id='par_1_100' title="bbox 545 5388 2133 5457">
     <span class='ocr_line' id='line_1_100' title="bbox 545 5388 2133 5457; baseline 0.001 -11"><span class='ocrx_word' id='word_1_749' title='bbox 545 5394 600 5446; x_wconf 87' lang='lat' dir='ltr'><strong>in</strong></span> <span class='ocrx_word' id='word_1_750' title='bbox 650 5393 853 5446; x_wconf 87' lang='lat' dir='ltr'><strong>nomine</strong></span> <span class='ocrx_word' id='word_1_751' title='bbox 898 5388 1130 5457; x_wconf 89' lang='lat' dir='ltr'><strong>Domini,</strong></span> <span class='ocrx_word' id='word_1_752' title='bbox 1162 5400 1208 5446; x_wconf 92' lang='lat' dir='ltr'><strong>ct</strong></span> <span class='ocrx_word' id='word_1_753' title='bbox 1250 5392 1486 5446; x_wconf 84' lang='lat' dir='ltr'><strong>morieris</strong></span> <span class='ocrx_word' id='word_1_754' title='bbox 1538 5393 1594 5446; x_wconf 87' lang='lat' dir='ltr'><strong>in</strong></span> <span class='ocrx_word' id='word_1_755' title='bbox 1635 5393 1869 5446; x_wconf 86' lang='lat' dir='ltr'><strong>manibus</strong></span> <span class='ocrx_word' id='word_1_756' title='bbox 1918 5395 2133 5448; x_wconf 82' lang='lat' dir='ltr'><strong>nostris.</strong></span> 
     </span>
    </p>
   </div>
   <div class='ocr_carea' id='block_1_101' title="bbox 547 5484 2137 5570">
    <p class='ocr_par' dir='ltr' id='par_1_101' title="bbox 547 5484 2137 5570">
     <span class='ocr_line' id='line_1_101' title="bbox 547 5484 2137 5570; baseline 0.003 -30"><span class='ocrx_word' id='word_1_757' title='bbox 547 5485 836 5556; x_wconf 83' lang='lat' dir='ltr'><strong>Pr0ptcrea</strong></span> <span class='ocrx_word' id='word_1_758' title='bbox 872 5485 982 5570; x_wconf 65' lang='lat' dir='ltr'><strong>lucc</strong></span> <span class='ocrx_word' id='word_1_759' title='bbox 1022 5486 1147 5540; x_wconf 82' lang='lat' dir='ltr'><strong>dicit</strong></span> <span class='ocrx_word' id='word_1_760' title='bbox 1193 5484 1444 5541; x_wconf 86' lang='lat' dir='ltr'><strong>Dominus</strong></span> <span class='ocrx_word' id='word_1_761' title='bbox 1479 5489 1845 5544; x_wconf 63' lang='lat' dir='ltr'><strong>exercituum:</strong></span> <span class='ocrx_word' id='word_1_762' title='bbox 1878 5486 2018 5545; x_wconf 82' lang='lat' dir='ltr'><strong>Ecce</strong></span> <span class='ocrx_word' id='word_1_763' title='bbox 2044 5506 2137 5558; x_wconf 75' lang='lat' dir='ltr'><strong>ego</strong></span> 
     </span>
    </p>
   </div>
   <div class='ocr_carea' id='block_1_102' title="bbox 545 5580 2134 5656">
    <p class='ocr_par' dir='ltr' id='par_1_102' title="bbox 545 5580 2134 5656">
     <span class='ocr_line' id='line_1_102' title="bbox 545 5580 2134 5656; baseline 0.003 -23"><span class='ocrx_word' id='word_1_764' title='bbox 545 5581 759 5635; x_wconf 70' lang='lat' dir='ltr'><strong>uisitabo</strong></span> <span class='ocrx_word' id='word_1_765' title='bbox 799 5597 956 5649; x_wconf 87' lang='lat' dir='ltr'><strong>super</strong></span> <span class='ocrx_word' id='word_1_766' title='bbox 984 5595 1108 5644; x_wconf 88' lang='lat' dir='ltr'><strong>eos;</strong></span> <span class='ocrx_word' id='word_1_767' title='bbox 1139 5580 1354 5650; x_wconf 80' lang='lat' dir='ltr'><strong>juvenes</strong></span> <span class='ocrx_word' id='word_1_768' title='bbox 1383 5583 1669 5638; x_wconf 87' lang='lat' dir='ltr'><strong>morientur</strong></span> <span class='ocrx_word' id='word_1_769' title='bbox 1697 5583 1750 5637; x_wconf 90' lang='lat' dir='ltr'><strong>in</strong></span> <span class='ocrx_word' id='word_1_770' title='bbox 1785 5582 1964 5656; x_wconf 87' lang='lat' dir='ltr'><strong>gladio</strong></span> <span class='ocrx_word' id='word_1_771' title='bbox 1986 5625 2001 5647; x_wconf 90' lang='lat'><strong>,</strong></span> <span class='ocrx_word' id='word_1_772' title='bbox 2030 5584 2134 5656; x_wconf 75' lang='lat' dir='ltr'><strong>ﬁlii</strong></span> 
     </span>
    </p>
   </div>
   <div class='ocr_carea' id='block_1_103' title="bbox 545 5671 2136 5745">
    <p class='ocr_par' dir='ltr' id='par_1_103' title="bbox 545 5671 2136 5745">
     <span class='ocr_line' id='line_1_103' title="bbox 545 5671 2136 5745; baseline 0.004 -19"><span class='ocrx_word' id='word_1_773' title='bbox 545 5688 722 5726; x_wconf 87' lang='lat' dir='ltr'><strong>eorum</strong></span> <span class='ocrx_word' id='word_1_774' title='bbox 751 5681 794 5724; x_wconf 87' lang='lat' dir='ltr'><strong>et</strong></span> <span class='ocrx_word' id='word_1_775' title='bbox 820 5673 943 5739; x_wconf 78' lang='lat' dir='ltr'><strong>ﬁlia:</strong></span> <span class='ocrx_word' id='word_1_776' title='bbox 973 5671 1326 5726; x_wconf 85' lang='lat' dir='ltr'><strong>morienturin</strong></span> <span class='ocrx_word' id='word_1_777' title='bbox 1344 5674 1566 5745; x_wconf 76' lang='lat' dir='ltr'><strong>fame,et</strong></span> <span class='ocrx_word' id='word_1_778' title='bbox 1594 5676 1824 5744; x_wconf 64' lang='lat' dir='ltr'><strong>reliquias</strong></span> <span class='ocrx_word' id='word_1_779' title='bbox 1851 5693 1955 5731; x_wconf 87' lang='lat' dir='ltr'><strong>non</strong></span> <span class='ocrx_word' id='word_1_780' title='bbox 1983 5686 2136 5732; x_wconf 77' lang='lat' dir='ltr'><strong>erunt</strong></span> 
     </span>
    </p>
   </div>
   <div class='ocr_carea' id='block_1_104' title="bbox 546 5764 2137 5838">
    <p class='ocr_par' dir='ltr' id='par_1_104' title="bbox 546 5764 2137 5838">
     <span class='ocr_line' id='line_1_104' title="bbox 546 5764 2137 5838; baseline 0.005 -21"><span class='ocrx_word' id='word_1_781' title='bbox 546 5778 614 5818; x_wconf 67' lang='lat' dir='ltr'><strong>ex</strong></span> <span class='ocrx_word' id='word_1_782' title='bbox 633 5767 709 5820; x_wconf 82' lang='lat' dir='ltr'><strong>eis</strong></span> <span class='ocrx_word' id='word_1_783' title='bbox 732 5780 748 5828; x_wconf 89' lang='lat'><strong>;</strong></span> <span class='ocrx_word' id='word_1_784' title='bbox 773 5764 1013 5817; x_wconf 84' lang='lat' dir='ltr'><strong>inducant</strong></span> <span class='ocrx_word' id='word_1_785' title='bbox 1040 5764 1174 5817; x_wconf 88' lang='lat' dir='ltr'><strong>enint</strong></span> <span class='ocrx_word' id='word_1_786' title='bbox 1193 5767 1386 5819; x_wconf 85' lang='lat' dir='ltr'><strong>malum</strong></span> <span class='ocrx_word' id='word_1_787' title='bbox 1409 5785 1561 5834; x_wconf 82' lang='lat' dir='ltr'><strong>super</strong></span> <span class='ocrx_word' id='word_1_788' title='bbox 1579 5770 1711 5823; x_wconf 73' lang='lat' dir='ltr'><strong>siros</strong></span> <span class='ocrx_word' id='word_1_789' title='bbox 1736 5769 2023 5838; x_wconf 72' lang='lat' dir='ltr'><strong>Attat/totis,</strong></span> <span class='ocrx_word' id='word_1_790' title='bbox 2042 5789 2137 5826; x_wconf 85' lang='lat' dir='ltr'><strong>att-</strong></span> 
     </span>
    </p>
   </div>
   <div class='ocr_carea' id='block_1_105' title="bbox 547 5857 2137 5935">
    <p class='ocr_par' dir='ltr' id='par_1_105' title="bbox 547 5857 2137 5935">
     <span class='ocr_line' id='line_1_105' title="bbox 547 5857 2137 5935; baseline 0.008 -26"><span class='ocrx_word' id='word_1_791' title='bbox 547 5874 670 5913; x_wconf 87' lang='lat' dir='ltr'><strong>nttm</strong></span> <span class='ocrx_word' id='word_1_792' title='bbox 698 5857 1000 5914; x_wconf 74' lang='lat' dir='ltr'><strong>uisitationis</strong></span> <span class='ocrx_word' id='word_1_793' title='bbox 1034 5874 1247 5926; x_wconf 86' lang='lat' dir='ltr'><strong>eorum;</strong></span> <span class='ocrx_word' id='word_1_794' title='bbox 1279 5873 1578 5933; x_wconf 80' lang='lat' dir='ltr'><strong>exponens,</strong></span> <span class='ocrx_word' id='word_1_795' title='bbox 1608 5862 1847 5935; x_wconf 82' lang='lat' dir='ltr'><strong>inquam,</strong></span> <span class='ocrx_word' id='word_1_796' title='bbox 1887 5861 2026 5932; x_wconf 67' lang='lat' dir='ltr'><strong>haec,</strong></span> <span class='ocrx_word' id='word_1_797' title='bbox 2055 5862 2137 5922; x_wconf 88' lang='lat' dir='ltr'><strong>sic</strong></span> 
     </span>
    </p>
   </div>
   <div class='ocr_carea' id='block_1_106' title="bbox 2234 4735 3828 4809">
    <p class='ocr_par' dir='ltr' id='par_1_106' title="bbox 2234 4735 3828 4809">
     <span class='ocr_line' id='line_1_106' title="bbox 2234 4735 3828 4809; baseline -0.003 -15"><span class='ocrx_word' id='word_1_798' title='bbox 2234 4755 2352 4797; x_wconf 90' lang='lat' dir='ltr'><strong>rum</strong></span> <span class='ocrx_word' id='word_1_799' title='bbox 2383 4753 2526 4804; x_wconf 87' lang='lat' dir='ltr'><strong>esse,</strong></span> <span class='ocrx_word' id='word_1_800' title='bbox 2561 4753 2722 4809; x_wconf 82' lang='lat' dir='ltr'><strong>quam</strong></span> <span class='ocrx_word' id='word_1_801' title='bbox 2753 4752 2879 4794; x_wconf 89' lang='lat' dir='ltr'><strong>eum</strong></span> <span class='ocrx_word' id='word_1_802' title='bbox 2917 4738 3009 4808; x_wconf 91' lang='lat' dir='ltr'><strong>qui</strong></span> <span class='ocrx_word' id='word_1_803' title='bbox 3039 4737 3341 4794; x_wconf 75' lang='lat' dir='ltr'><strong>Cwlestino</strong></span> <span class='ocrx_word' id='word_1_804' title='bbox 3381 4737 3725 4794; x_wconf 89' lang='lat' dir='ltr'><strong>succederet.</strong></span> <span class='ocrx_word' id='word_1_805' title='bbox 3778 4735 3828 4790; x_wconf 86' lang='lat' dir='ltr'><strong>ls</strong></span> 
     </span>
    </p>
   </div>
   <div class='ocr_carea' id='block_1_107' title="bbox 2241 4828 3825 4901">
    <p class='ocr_par' dir='ltr' id='par_1_107' title="bbox 2241 4828 3825 4901">
     <span class='ocr_line' id='line_1_107' title="bbox 2241 4828 3825 4901; baseline -0.001 -17"><span class='ocrx_word' id='word_1_806' title='bbox 2241 4846 2369 4886; x_wconf 68' lang='lat' dir='ltr'><strong>vero</strong></span> <span class='ocrx_word' id='word_1_807' title='bbox 2393 4829 2491 4886; x_wconf 81' lang='lat' dir='ltr'><strong>fuit</strong></span> <span class='ocrx_word' id='word_1_808' title='bbox 2519 4830 2870 4886; x_wconf 82' lang='lat' dir='ltr'><strong>innocentius</strong></span> <span class='ocrx_word' id='word_1_809' title='bbox 2902 4829 3002 4896; x_wconf 86' lang='lat' dir='ltr'><strong>Ill,</strong></span> <span class='ocrx_word' id='word_1_810' title='bbox 3035 4831 3126 4900; x_wconf 90' lang='lat' dir='ltr'><strong>qui</strong></span> <span class='ocrx_word' id='word_1_811' title='bbox 3154 4839 3348 4885; x_wconf 88' lang='lat' dir='ltr'><strong>coacto</strong></span> <span class='ocrx_word' id='word_1_812' title='bbox 3391 4830 3633 4901; x_wconf 83' lang='lat' dir='ltr'><strong>generali</strong></span> <span class='ocrx_word' id='word_1_813' title='bbox 3664 4828 3825 4885; x_wconf 80' lang='lat' dir='ltr'><strong>Late-</strong></span> 
     </span>
    </p>
   </div>
   <div class='ocr_carea' id='block_1_108' title="bbox 2237 4923 3828 4995">
    <p class='ocr_par' dir='ltr' id='par_1_108' title="bbox 2237 4923 3828 4995">
     <span class='ocr_line' id='line_1_108' title="bbox 2237 4923 3828 4995; baseline -0.002 -14"><span class='ocrx_word' id='word_1_814' title='bbox 2237 4927 2458 4982; x_wconf 84' lang='lat' dir='ltr'><strong>ranensi</strong></span> <span class='ocrx_word' id='word_1_815' title='bbox 2508 4927 2763 4993; x_wconf 87' lang='lat' dir='ltr'><strong>concilio,</strong></span> <span class='ocrx_word' id='word_1_816' title='bbox 2816 4926 2869 4979; x_wconf 91' lang='lat' dir='ltr'><strong>in</strong></span> <span class='ocrx_word' id='word_1_817' title='bbox 2903 4941 3010 4994; x_wconf 86' lang='lat' dir='ltr'><strong>quo</strong></span> <span class='ocrx_word' id='word_1_818' title='bbox 3055 4935 3258 4995; x_wconf 62' lang='lat' dir='ltr'><strong>printer</strong></span> <span class='ocrx_word' id='word_1_819' title='bbox 3286 4925 3358 4981; x_wconf 87' lang='lat'><strong>70</strong></span> <span class='ocrx_word' id='word_1_820' title='bbox 3387 4923 3828 4995; x_wconf 80' lang='lat' dir='ltr'><strong>areltiepiscopos</strong></span> 
     </span>
    </p>
   </div>
   <div class='ocr_carea' id='block_1_109' title="bbox 2238 5018 3824 5092">
    <p class='ocr_par' dir='ltr' id='par_1_109' title="bbox 2238 5018 3824 5092">
     <span class='ocr_line' id='line_1_109' title="bbox 2238 5018 3824 5092; baseline -0.005 -13"><span class='ocrx_word' id='word_1_821' title='bbox 2238 5031 2292 5079; x_wconf 90' lang='lat' dir='ltr'><strong>ct</strong></span> <span class='ocrx_word' id='word_1_822' title='bbox 2321 5022 2429 5079; x_wconf 73' lang='lat'><strong>400</strong></span> <span class='ocrx_word' id='word_1_823' title='bbox 2466 5021 2773 5092; x_wconf 83' lang='lat' dir='ltr'><strong>episcopos,</strong></span> <span class='ocrx_word' id='word_1_824' title='bbox 2823 5018 3099 5075; x_wconf 71' lang='lat' dir='ltr'><strong>aluerunt</strong></span> <span class='ocrx_word' id='word_1_825' title='bbox 3125 5018 3234 5074; x_wconf 88' lang='lat'><strong>800</strong></span> <span class='ocrx_word' id='word_1_826' title='bbox 3275 5020 3506 5074; x_wconf 82' lang='lat' dir='ltr'><strong>abhates</strong></span> <span class='ocrx_word' id='word_1_827' title='bbox 3537 5033 3732 5090; x_wconf 88' lang='lat' dir='ltr'><strong>magna</strong></span> <span class='ocrx_word' id='word_1_828' title='bbox 3759 5031 3824 5074; x_wconf 75' lang='lat' dir='ltr'><strong>es</strong></span> 
     </span>
    </p>
   </div>
   <div class='ocr_carea' id='block_1_110' title="bbox 2241 5109 3830 5189">
    <p class='ocr_par' dir='ltr' id='par_1_110' title="bbox 2241 5109 3830 5189">
     <span class='ocr_line' id='line_1_110' title="bbox 2241 5109 3830 5189; baseline -0.006 -17"><span class='ocrx_word' id='word_1_829' title='bbox 2241 5127 2393 5189; x_wconf 89' lang='lat' dir='ltr'><strong>parte</strong></span> <span class='ocrx_word' id='word_1_830' title='bbox 2413 5115 2798 5173; x_wconf 86' lang='lat' dir='ltr'><strong>Cistcrciensis</strong></span> <span class='ocrx_word' id='word_1_831' title='bbox 2827 5113 3056 5179; x_wconf 69' lang='lat' dir='ltr'><strong>ordinis.</strong></span> <span class='ocrx_word' id='word_1_832' title='bbox 3091 5113 3290 5169; x_wconf 86' lang='lat' dir='ltr'><strong>librum</strong></span> <span class='ocrx_word' id='word_1_833' title='bbox 3313 5112 3583 5169; x_wconf 85' lang='lat' dir='ltr'><strong>Joachimi</strong></span> <span class='ocrx_word' id='word_1_834' title='bbox 3611 5112 3679 5167; x_wconf 87' lang='lat' dir='ltr'><strong>de</strong></span> <span class='ocrx_word' id='word_1_835' title='bbox 3709 5109 3830 5164; x_wconf 89' lang='lat' dir='ltr'><strong>uni-</strong></span> 
     </span>
    </p>
   </div>
   <div class='ocr_carea' id='block_1_111' title="bbox 2240 5205 3826 5280">
    <p class='ocr_par' dir='ltr' id='par_1_111' title="bbox 2240 5205 3826 5280">
     <span class='ocr_line' id='line_1_111' title="bbox 2240 5205 3826 5280; baseline -0.006 -13"><span class='ocrx_word' id='word_1_836' title='bbox 2240 5219 2351 5267; x_wconf 87' lang='lat' dir='ltr'><strong>tate</strong></span> <span class='ocrx_word' id='word_1_837' title='bbox 2395 5209 2716 5274; x_wconf 84' lang='lat' dir='ltr'><strong>Trinitatis,</strong></span> <span class='ocrx_word' id='word_1_838' title='bbox 2757 5208 3082 5280; x_wconf 87' lang='lat' dir='ltr'><strong>quibusdam</strong></span> <span class='ocrx_word' id='word_1_839' title='bbox 3138 5222 3324 5263; x_wconf 90' lang='lat' dir='ltr'><strong>eorum</strong></span> <span class='ocrx_word' id='word_1_840' title='bbox 3387 5205 3826 5278; x_wconf 84' lang='lat' dir='ltr'><strong>suggerentibus,</strong></span> 
     </span>
    </p>
   </div>
   <div class='ocr_carea' id='block_1_112' title="bbox 2236 5297 3824 5370">
    <p class='ocr_par' dir='ltr' id='par_1_112' title="bbox 2236 5297 3824 5370">
     <span class='ocr_line' id='line_1_112' title="bbox 2236 5297 3824 5370; baseline -0.005 -8"><span class='ocrx_word' id='word_1_841' title='bbox 2236 5305 2650 5362; x_wconf 85' lang='lat' dir='ltr'><strong>condemnavit.</strong></span> <span class='ocrx_word' id='word_1_842' title='bbox 2685 5303 2788 5360; x_wconf 89' lang='lat' dir='ltr'><strong>Ubi</strong></span> <span class='ocrx_word' id='word_1_843' title='bbox 2818 5312 3000 5359; x_wconf 85' lang='lat' dir='ltr'><strong>tamen</strong></span> <span class='ocrx_word' id='word_1_844' title='bbox 3032 5301 3163 5357; x_wconf 90' lang='lat' dir='ltr'><strong>illud</strong></span> <span class='ocrx_word' id='word_1_845' title='bbox 3193 5301 3494 5356; x_wconf 88' lang='lat' dir='ltr'><strong>notandum</strong></span> <span class='ocrx_word' id='word_1_846' title='bbox 3532 5309 3635 5365; x_wconf 90' lang='lat' dir='ltr'><strong>est,</strong></span> <span class='ocrx_word' id='word_1_847' title='bbox 3683 5297 3824 5370; x_wconf 86' lang='lat' dir='ltr'><strong>quod</strong></span> 
     </span>
    </p>
   </div>
   <div class='ocr_carea' id='block_1_113' title="bbox 2238 5397 3828 5470">
    <p class='ocr_par' dir='ltr' id='par_1_113' title="bbox 2238 5397 3828 5470">
     <span class='ocr_line' id='line_1_113' title="bbox 2238 5397 3828 5470; baseline -0.006 -11"><span class='ocrx_word' id='word_1_848' title='bbox 2238 5403 2336 5470; x_wconf 83' lang='lat' dir='ltr'><strong>ait,</strong></span> <span class='ocrx_word' id='word_1_849' title='bbox 2371 5403 2599 5457; x_wconf 86' lang='lat' dir='ltr'><strong>Damnat</strong></span> <span class='ocrx_word' id='word_1_850' title='bbox 2627 5403 2838 5466; x_wconf 86' lang='lat' dir='ltr'><strong>librum.</strong></span> <span class='ocrx_word' id='word_1_851' title='bbox 2873 5401 3065 5456; x_wconf 88' lang='lat' dir='ltr'><strong>scindit</strong></span> <span class='ocrx_word' id='word_1_852' title='bbox 3095 5399 3398 5454; x_wconf 84' lang='lat' dir='ltr'><strong>Trinitatem</strong></span> <span class='ocrx_word' id='word_1_853' title='bbox 3423 5397 3488 5453; x_wconf 89' lang='lat' dir='ltr'><strong>ab</strong></span> <span class='ocrx_word' id='word_1_854' title='bbox 3533 5397 3752 5461; x_wconf 79' lang='lat' dir='ltr'><strong>unitate,</strong></span> <span class='ocrx_word' id='word_1_855' title='bbox 3780 5404 3828 5451; x_wconf 88' lang='lat' dir='ltr'><strong>et</strong></span> 
     </span>
    </p>
   </div>
   <div class='ocr_carea' id='block_1_114' title="bbox 2238 5490 3829 5570">
    <p class='ocr_par' dir='ltr' id='par_1_114' title="bbox 2238 5490 3829 5570">
     <span class='ocr_line' id='line_1_114' title="bbox 2238 5490 3829 5570; baseline -0.004 -19"><span class='ocrx_word' id='word_1_856' title='bbox 2238 5497 2487 5570; x_wconf 87' lang='lat' dir='ltr'><strong>scalpello</strong></span> <span class='ocrx_word' id='word_1_857' title='bbox 2517 5495 2704 5551; x_wconf 76' lang='lat' dir='ltr'><strong>scriba:</strong></span> <span class='ocrx_word' id='word_1_858' title='bbox 2727 5496 3030 5551; x_wconf 87' lang='lat' dir='ltr'><strong>sententiam</strong></span> <span class='ocrx_word' id='word_1_859' title='bbox 3067 5494 3317 5560; x_wconf 89' lang='lat' dir='ltr'><strong>doctoris,</strong></span> <span class='ocrx_word' id='word_1_860' title='bbox 3349 5491 3566 5549; x_wconf 88' lang='lat' dir='ltr'><strong>scilicet</strong></span> <span class='ocrx_word' id='word_1_861' title='bbox 3605 5490 3829 5557; x_wconf 88' lang='lat' dir='ltr'><strong>scindit,</strong></span> 
     </span>
    </p>
   </div>
   <div class='ocr_carea' id='block_1_115' title="bbox 2243 5583 3829 5659">
    <p class='ocr_par' dir='ltr' id='par_1_115' title="bbox 2243 5583 3829 5659">
     <span class='ocr_line' id='line_1_115' title="bbox 2243 5583 3829 5659; baseline -0.005 -14"><span class='ocrx_word' id='word_1_862' title='bbox 2243 5589 2504 5645; x_wconf 89' lang='lat' dir='ltr'><strong>nimirum</strong></span> <span class='ocrx_word' id='word_1_863' title='bbox 2549 5589 2674 5659; x_wconf 88' lang='lat' dir='ltr'><strong>quia</strong></span> <span class='ocrx_word' id='word_1_864' title='bbox 2727 5587 2855 5644; x_wconf 66' lang='lat' dir='ltr'><strong>alibi</strong></span> <span class='ocrx_word' id='word_1_865' title='bbox 2906 5603 3059 5644; x_wconf 86' lang='lat' dir='ltr'><strong>suam</strong></span> <span class='ocrx_word' id='word_1_866' title='bbox 3115 5585 3365 5642; x_wconf 87' lang='lat' dir='ltr'><strong>declarat</strong></span> <span class='ocrx_word' id='word_1_867' title='bbox 3409 5583 3738 5641; x_wconf 81' lang='lat' dir='ltr'><strong>sententiam</strong></span> <span class='ocrx_word' id='word_1_868' title='bbox 3777 5583 3829 5637; x_wconf 89' lang='lat' dir='ltr'><strong>in</strong></span> 
     </span>
    </p>
   </div>
   <div class='ocr_carea' id='block_1_116' title="bbox 2243 5674 3834 5752">
    <p class='ocr_par' dir='ltr' id='par_1_116' title="bbox 2243 5674 3834 5752">
     <span class='ocr_line' id='line_1_116' title="bbox 2243 5674 3834 5752; baseline -0.006 -12"><span class='ocrx_word' id='word_1_869' title='bbox 2243 5683 2438 5740; x_wconf 87' lang='lat' dir='ltr'><strong>eodem</strong></span> <span class='ocrx_word' id='word_1_870' title='bbox 2487 5681 2625 5737; x_wconf 90' lang='lat' dir='ltr'><strong>lihro</strong></span> <span class='ocrx_word' id='word_1_871' title='bbox 2658 5700 2671 5735; x_wconf 88' lang='lat'>:</span> <span class='ocrx_word' id='word_1_872' title='bbox 2705 5681 2952 5752; x_wconf 65' lang='lat' dir='ltr'><strong>quaedam</strong></span> <span class='ocrx_word' id='word_1_873' title='bbox 2999 5678 3266 5752; x_wconf 82' lang='lat' dir='ltr'><strong>siquidem</strong></span> <span class='ocrx_word' id='word_1_874' title='bbox 3329 5677 3493 5734; x_wconf 85' lang='lat' dir='ltr'><strong>habet</strong></span> <span class='ocrx_word' id='word_1_875' title='bbox 3533 5691 3655 5748; x_wconf 73' lang='lat' dir='ltr'><strong>qua:</strong></span> <span class='ocrx_word' id='word_1_876' title='bbox 3700 5674 3834 5732; x_wconf 84' lang='lat' dir='ltr'><strong>satis</strong></span> 
     </span>
    </p>
   </div>
   <div class='ocr_carea' id='block_1_117' title="bbox 2243 5769 3833 5834">
    <p class='ocr_par' dir='ltr' id='par_1_117' title="bbox 2243 5769 3833 5834">
     <span class='ocr_line' id='line_1_117' title="bbox 2243 5769 3833 5834; baseline -0.006 -2"><span class='ocrx_word' id='word_1_877' title='bbox 2243 5789 2369 5833; x_wconf 89' lang='lat' dir='ltr'><strong>cum</strong></span> <span class='ocrx_word' id='word_1_878' title='bbox 2400 5773 2466 5829; x_wconf 85' lang='lat' dir='ltr'><strong>ad</strong></span> <span class='ocrx_word' id='word_1_879' title='bbox 2507 5774 2841 5830; x_wconf 81' lang='lat' dir='ltr'><strong>Catholicam</strong></span> <span class='ocrx_word' id='word_1_880' title='bbox 2871 5788 3091 5830; x_wconf 85' lang='lat' dir='ltr'><strong>sensum</strong></span> <span class='ocrx_word' id='word_1_881' title='bbox 3125 5773 3348 5829; x_wconf 87' lang='lat' dir='ltr'><strong>trahere</strong></span> <span class='ocrx_word' id='word_1_882' title='bbox 3376 5771 3651 5834; x_wconf 77' lang='lat' dir='ltr'><strong>videntur,</strong></span> <span class='ocrx_word' id='word_1_883' title='bbox 3683 5769 3727 5823; x_wconf 89' lang='lat' dir='ltr'><strong>si</strong></span> <span class='ocrx_word' id='word_1_884' title='bbox 3756 5779 3833 5824; x_wconf 85' lang='lat' dir='ltr'><strong>ta-</strong></span> 
     </span>
    </p>
   </div>
   <div class='ocr_carea' id='block_1_118' title="bbox 2243 5860 3826 5940">
    <p class='ocr_par' dir='ltr' id='par_1_118' title="bbox 2243 5860 3826 5940">
     <span class='ocr_line' id='line_1_118' title="bbox 2243 5860 3826 5940; baseline -0.003 -16"><span class='ocrx_word' id='word_1_885' title='bbox 2243 5881 2368 5926; x_wconf 85' lang='lat' dir='ltr'><strong>men</strong></span> <span class='ocrx_word' id='word_1_886' title='bbox 2399 5864 2445 5923; x_wconf 89' lang='lat' dir='ltr'><strong>is</strong></span> <span class='ocrx_word' id='word_1_887' title='bbox 2471 5865 2564 5924; x_wconf 90' lang='lat' dir='ltr'><strong>ille</strong></span> <span class='ocrx_word' id='word_1_888' title='bbox 2594 5865 2735 5924; x_wconf 89' lang='lat' dir='ltr'><strong>liber</strong></span> <span class='ocrx_word' id='word_1_889' title='bbox 2766 5875 2870 5938; x_wconf 73' lang='lat' dir='ltr'><strong>est,</strong></span> <span class='ocrx_word' id='word_1_890' title='bbox 2917 5867 3009 5940; x_wconf 90' lang='lat' dir='ltr'><strong>qui</strong></span> <span class='ocrx_word' id='word_1_891' title='bbox 3044 5865 3373 5924; x_wconf 81' lang='lat' dir='ltr'><strong>Psalterium</strong></span> <span class='ocrx_word' id='word_1_892' title='bbox 3418 5860 3826 5922; x_wconf 83' lang='lat' dir='ltr'><strong>decaehordum</strong></span> 
     </span>
    </p>
   </div>
  </div>
