4052 6440
362 182 474 240 625

1438 188 1968 252 APOLOGETICUS
2002 191 2143 252 ΡΜ)
2177 194 2244 255 ι.
2284 198 2590 259 υεχτιιο.

3558 204 3665 264 626

364 313 738 403 nuncupatur,
781 304 917 403 alias
944 304 1035 403 de
1053 306 1253 365 unitate
1276 307 1573 367 Trinitatis.
1601 310 1763 380 Quod
1805 312 1852 369 si
1883 312 1965 368 di-
1989 316 2047 379 Α
2069 317 2320 377 oculatus
2361 323 2522 380 testis
2549 337 2676 383 esse
2716 327 2923 397 nequit,
2954 341 3077 385 cum
3103 343 3350 388 errorem
3375 331 3663 403 quemdam

365 412 560 455 versus
590 398 661 454 ab
686 413 752 455 eo
779 397 903 461 fuit,
935 400 1067 455 satis
1093 415 1159 457 ex
1188 415 1255 457 eo
1291 402 1515 458 vitiatus
1548 403 1791 469 videtur,
1819 406 1965 477 quod

360 493 696 549 sententiam
716 491 1072 561 catholicam,
1090 494 1213 550 data
1238 510 1405 566 opera
1435 498 1489 552 in
1516 496 1807 563 Psalterio,
1842 513 1965 569 pro-

360 595 661 656 pugnatam
690 584 935 656 reliquit.
979 584 1060 643 ibi
1103 586 1394 658 siquidem.
1430 588 1530 645 lib.
1563 605 1603 657 t,
1634 589 1764 646 dist.
1799 590 1851 657 Ι,
1884 591 1969 646 itt-

360 682 481 750 quit
506 696 522 733 :
553 678 747 735 Omnes
769 678 869 735 Itoe
899 697 1005 735 una
1033 697 1176 750 rore,
1202 698 1309 737 una
1331 684 1654 754 confessione
1692 684 1919 752 fatemur
1944 700 1966 739 :

366 773 461 831 Est
486 775 625 830 Deus
652 792 791 831 unus
820 775 935 831 sine
964 777 1271 848 confusione
1298 792 1638 848 personarum
1662 794 1682 843 ,'
1713 779 1882 833 trinas
1910 777 1964 832 in

360 867 597 940 personis
639 868 750 922 sine
788 868 1037 923 divisione
1075 868 1400 924 substantias.
1444 868 1512 925 Et
1559 883 1753 925 rursus
1783 884 1802 927 :
1837 866 1967 926 "tet:

358 960 651 1015 substantia
675 976 791 1031 qua:
816 958 956 1015 Dens
976 969 1072 1024 est.
1098 976 1202 1015 una
1222 970 1318 1029 est,
1346 968 1399 1017 et
1418 976 1620 1017 suntme
1643 977 1772 1031 una,
1794 969 1844 1017 et
1870 978 1933 1017 su
1947 991 1963 1003 -

358 1068 459 1125 pm
483 1067 639 1123 quam
662 1052 769 1104 dici
815 1052 977 1123 possit
1013 1051 1239 1124 simplex
1261 1061 1360 1119 est,
1385 1059 1436 1108 et
1466 1068 1575 1108 una
1617 1065 1809 1108 natura
1827 1071 1846 1109 :
1873 1068 1966 1109 nec

359 1161 611 1217 negamus
639 1143 947 1201 Trinitatem
996 1145 1051 1201 in
1083 1145 1236 1202 unius
1271 1145 1598 1215 confessione
1639 1144 1962 1213 substantite,

356 1238 454 1296 sed
481 1240 710 1309 partium
737 1239 1039 1308 scissiones,
1071 1255 1202 1311 quas
1239 1238 1469 1295 carnalis
1510 1239 1610 1295 sibi
1638 1240 1966 1314 ﬁngitintel—

358 1334 546 1401 lectus,
587 1334 980 1389 horremus..."
1038 1333 1165 1389 Tres
1193 1336 1368 1405 itaque
1396 1350 1559 1390 unum
1579 1342 1699 1389 sunt
1726 1344 1780 1389 et
1800 1351 1964 1390 unum

359 1438 503 1495 tres;
532 1444 635 1483 non
669 1427 824 1483 αξιιὲιί
852 1436 1068 1494 natura,
1108 1437 1164 1482 ut
1200 1437 1362 1495 terra,
1401 1444 1539 1500 aqua
1573 1437 1627 1483 et
1666 1428 1837 1501 ignis;
1861 1444 1966 1484 non

358 1537 696 1594 personarum
727 1520 1101 1593 disjnnctionc,
1125 1528 1180 1576 ut
1209 1531 1312 1575 tres
1352 1521 1583 1575 homines
1605 1519 1843 1594 ejusdem
1869 1536 1965 1575 na-

357 1623 511 1671 tura.
546 1615 609 1671 Et
658 1612 889 1670 inferius
925 1632 939 1670 :
990 1612 1143 1670 Unde
1186 1622 1235 1670 et
1258 1613 1567 1683 simpliciter
1609 1614 1805 1669 dicitur
1853 1629 1965 1670 esse

2069 409 2251 467 abbati
2283 423 2475 470 sancto
2501 415 2762 489 impingat
2788 419 3066 492 (nimirum
3093 423 3368 493 apostolos
3394 439 3506 480 non
3530 438 3665 494 prte-

2068 499 2281 559 dicassc
2306 504 2655 579 Evangelium
2670 510 2824 581 juxta
2852 514 3195 584 spiritualem
3222 516 3663 590 intelligentiam,

2068 595 2166 648 sed
2200 604 2407 653 tantum
2452 602 2754 659 secundum
2784 606 3042 678 litteram)
3095 617 3152 664 ct
3195 618 3377 666 tamen
3419 622 3662 679 asserat,

2069 705 2195 747 cum
2221 705 2283 748 se
2311 692 2366 747 in
2398 692 2507 749 illis
2529 696 2785 765 operibus
2816 714 2925 756 non
2956 700 3247 769 reperisse,
3272 702 3369 760 sed
3392 703 3465 760 ita
3486 721 3517 761 a
3534 704 3666 763 Gui-

2067 785 2210 843 done
2239 788 2520 845 carmetita
2551 790 2622 847 de
2649 806 2717 848 eo
2752 794 2929 851 notari
2958 814 2970 849 :
3012 795 3184 863 Quare
3211 797 3456 868 ﬁdamus,
3480 799 3580 871 ait,
3610 800 3666 855 in

2066 877 2169 935 Isae
2192 890 2342 951 parte
2366 879 2621 941 Cuidoni.
2652 883 2770 941 Non
2815 887 2947 944 satis
2989 887 3231 947 demiror
3277 890 3414 945 tanti
3444 890 3545 947 viri
3572 893 3663 962 iu-

2066 972 2293 1029 dicium.
2326 974 2543 1047 Ergone
2594 985 2703 1033 tam
2736 977 2857 1036 leve
2893 982 3170 1052 negotium
3220 982 3507 1054 agebatur,
3551 992 3661 1041 tam

2069 1067 2223 1123 nihili
2251 1067 2498 1125 ducenda
2524 1078 2648 1126 erat
2670 1071 2929 1129 calliulici
2975 1072 3211 1131 hominis
3238 1077 3399 1141 fama,
3430 1084 3489 1132 ut
3518 1076 3572 1132 in
3602 1093 3663 1133 re

2064 1175 2188 1231 qua:
2232 1161 2285 1216 in
2334 1163 2555 1234 scriptis
2603 1178 2713 1220 non
2771 1165 3097 1235 constabat,
3147 1166 3424 1224 ridendum
3482 1170 3664 1241 potius

2066 1261 2214 1309 esset
2242 1253 2359 1322 uni,
2383 1269 2549 1327 quem
2576 1258 2725 1313 unde
2771 1256 2825 1314 id
2855 1262 3020 1315 sciret
3050 1260 3352 1328 nesciebat,
3376 1275 3535 1332 quam
3565 1260 3664 1318 hu-

2066 1346 2188 1402 nori
2231 1345 2573 1402 innocentis?
2618 1347 2888 1406 Cmterum
2933 1350 3158 1408 dubium
3210 1352 3343 1407 mihi
3394 1368 3502 1409 non
3553 1363 3662 1421 est,

2066 1449 2353 1509 perperam
2408 1436 2756 1497 intellexisse
2802 1439 3108 1497 Guidcncm
3142 1452 3254 1499 tres
3303 1443 3430 1499 illos
3474 1444 3663 1499 mundi

2066 1537 2245 1585 status
2272 1544 2411 1601 quos
2437 1530 2609 1587 abbas
2645 1542 2868 1591 sanctus
2915 1549 3063 1606 sape
3105 1536 3162 1590 in
3190 1536 3304 1591 suis
3332 1536 3552 1608 scriptis
3579 1536 3662 1592 iu-

2066 1624 2266 1695 eulcat,
2297 1640 2528 1695 quorum
2560 1625 2767 1696 primus
2795 1627 2864 1683 ab
2890 1626 3062 1685 Adam
3094 1642 3263 1699 uSque
3288 1630 3357 1685 ad
3388 1628 3663 1686 Christum

360 1724 498 1762 unus
534 1708 625 1777 qni
659 1718 735 1763 est
772 1710 1026 1763 veraciter
1064 1708 1231 1763 trinns
1270 1706 1436 1763 Deus.
1478 1707 1547 1763 Et
1584 1717 1702 1779 poet
1741 1722 1912 1778 pauca
1946 1726 1959 1762 :
1992 1709 2042 1770 Β
2067 1717 2404 1781 extenditur,
2451 1717 2727 1774 secundus
2771 1733 2801 1774 ει
2830 1718 3057 1775 Christo
3097 1734 3270 1792 usque
3311 1720 3379 1776 ad
3417 1730 3662 1793 tempora

361 1800 720 1870 Couliteamur
760 1800 927 1856 Deum
956 1817 1119 1856 unum
1157 1811 1207 1856 et
1243 1817 1444 1857 suntme
1480 1817 1675 1868 mam;
1703 1801 1960 1873 conﬁtea-

358 1909 476 1949 ntur
518 1894 712 1951 trinum
747 1905 797 1949 et
842 1894 1091 1950 rerttet'ter
1136 1895 1331 1949 trinum
1370 1910 1390 1950 :
1421 1903 1477 1951 et
1505 1894 1678 1951 multa
1711 1896 1767 1951 in
1815 1896 1962 1952 hunc

358 1986 608 2055 modum,
633 2003 756 2057 qua:
785 1995 935 2043 certe
964 1986 1290 2044 catholicam
1320 1987 1625 2044 doctrinam
1654 1990 1959 2057 continent,

359 2090 418 2138 ct
445 2097 569 2138 cum
599 2082 681 2138 eis
708 2090 858 2138 stare
888 2081 1098 2153 nequit,
1124 2081 1271 2153 quod
1295 2080 1598 2138 crediderit
1634 2096 1742 2137 non
1783 2080 1961 2149 maio-

363 2191 478 2234 rem
518 2190 641 2233 esse
682 2177 950 2233 unitatem
994 2174 1318 2232 substantia:
1360 2177 1523 2233 trium
1559 2190 1962 2246 personarum,

358 2284 527 2340 quam
570 2269 866 2326 multorum
916 2268 1196 2325 hominum
1242 2270 1386 2325 inter
1424 2283 1511 2335 se,
1539 2278 1635 2326 aut
1681 2268 1963 2325 hominum

356 2380 485 2425 cum
508 2365 653 2424 Deo:
682 2364 989 2437 quiuimmo
1012 2364 1235 2435 quando
1258 2364 1341 2419 his
1362 2360 1810 2419 similitudinibus
1834 2376 1965 2418 usus

359 2468 447 2515 est
476 2458 546 2515 ad
596 2456 977 2529 explicandam
1018 2456 1284 2511 unitatem
1329 2453 1637 2521 Trinitatis,
1695 2452 1965 2526 prmmisit

359 2552 615 2620 exempla
643 2565 771 2606 esse
798 2548 1087 2604 dissimilia
1122 2564 1136 2602 :
1172 2548 1464 2615 Quomodo,
1490 2548 1589 2611 ait,
1629 2556 1687 2602 ut
1714 2562 1818 2602 non
1854 2560 1963 2602 rem

361 2647 614 2710 similem,
645 2645 735 2699 sed
761 2644 1065 2699 dissimilem
1089 2641 1259 2699 dicam
1281 2685 1297 2710 ,
1324 2642 1487 2699 tribus
1513 2640 1661 2698 Iuda
1681 2684 1696 2707 ,
1722 2652 1773 2698 et
1800 2642 1965 2698 tribus

363 2736 666 2810 Brttjamin,
706 2746 760 2791 et
797 2735 963 2791 tribtts
1000 2733 1128 2791 Levi
1164 2752 1299 2791 unus
1335 2736 1565 2809 populus
1600 2736 1754 2792 dictat
1786 2744 1912 2793 sunt
1942 2752 1963 2797 :

362 2846 529 2902 neque
552 2831 692 2887 enim
732 2845 850 2884 cum
878 2829 997 2885 dico
1038 2844 1173 2885 unus
1201 2829 1467 2903 populus,
1493 2837 1741 2903 quartum
1763 2829 1965 2898 aliquid

363 2926 604 2998 assigno;
630 2926 722 2980 sed
744 2924 860 2980 dico
880 2924 1018 2994 quod
1041 2925 1215 2980 unitas
1239 2933 1316 2980 est
1340 2926 1396 2979 in
1421 2922 1528 2979 illis
1551 2922 1741 2992 tribus,
1759 2931 1811 2979 et
1826 2925 1968 2996 quod

2063 1807 2122 1865 S.
2158 1810 2218 1864 Ρ.
2250 1808 2553 1873 Benedicti,
2580 1810 2771 1865 tertius
2796 1810 2864 1865 ab
2885 1826 2953 1867 eo
2974 1828 3145 1882 usque
3174 1814 3243 1868 ad
3262 1814 3422 1869 finem
3448 1815 3663 1882 mundi;

2062 1912 2119 1958 et
2150 1902 2203 1958 in
2233 1902 2410 1974 primo
2441 1904 2643 1959 vixisse
2678 1904 2929 1960 homines
2976 1905 3277 1961 secundum
3308 1920 3565 1973 carnem;
3608 1908 3662 1963 iu

2063 1995 2308 2051 secundo
2331 1995 2526 2066 partim
2549 1995 2605 2052 iu
2629 2012 2817 2064 carne,
2851 1998 3049 2069 partim
3078 2000 3131 2053 iu
3157 1998 3389 2070 Spiritu;
3417 2002 3469 2055 iu
3500 2002 3663 2057 tertio

2065 2090 2364 2147 secundum
2420 2091 2597 2145 solum
2637 2091 2909 2160 spiritum.
2966 2090 3045 2149 De
3086 2091 3173 2147 bis
3220 2093 3498 2165 prmcipue
3550 2096 3664 2165 agit

2064 2196 2187 2254 cap.
2222 2181 2273 2237 5.
2308 2182 2605 2240 iutroduct.
2638 2183 2691 2240 in
2738 2185 2989 2255 Apocal.,
3022 2194 3079 2243 ct
3108 2202 3173 2242 ex
3217 2185 3463 2255 professo
3491 2188 3590 2244 lib.
3619 2203 3659 2245 ιι

2064 2272 2410 2340 (Ξοιιοοιάίιιι.
2444 2284 2605 2332 tract.
2633 2274 2685 2343 i,
2712 2292 2744 2331 a
2774 2277 2955 2349 capite
2979 2277 3015 2333 5
3034 2286 3093 2334 et
3129 2277 3409 2350 deinceps.
3445 2279 3521 2337 Ex
3548 2296 3659 2352 quo

2067 2363 2257 2422 inferri
2303 2366 2594 2424 videbatur
2645 2381 2822 2439 ungue
2870 2368 2938 2423 ad
2986 2367 3049 2427 S.
3122 2368 3475 2431 Benedictum
3550 2386 3657 2429 nou

2066 2458 2270 2515 risisse
2295 2457 2547 2516 homines
2574 2473 2711 2531 pure
2754 2459 3055 2517 semiudum
3100 2460 3383 2534 spiritum;
3427 2464 3585 2534 quasi
3616 2464 3663 2520 is

2067 2549 2279 2621 primus
2310 2550 2611 2623 spiritualis
2640 2550 3013 2623 intelligentia:
3059 2549 3340 2625 Evangelii
3392 2555 3661 2625 praedica-

2067 2652 2156 2699 tor
2181 2644 2368 2711 tuerit,
2394 2653 2451 2702 et
2472 2661 2579 2702 non
2600 2646 2856 2718 apostoli.
2888 2650 2959 2702 At
2985 2660 3118 2704 vero
3160 2646 3209 2704 si
3249 2655 3500 2707 auctores
3523 2666 3666 2721 pra:-

2065 2737 2161 2796 fati
2194 2750 2403 2797 attente
2448 2740 2695 2811 legerent
2720 2738 2987 2798 Joacliimi
3026 2740 3250 2815 scripta,
3282 2758 3392 2799 non
3441 2742 3667 2801 incidis-

2062 2840 2191 2889 sent
2225 2834 2279 2889 iu
2311 2840 2421 2889 tam
2451 2832 2797 2892 manifestam
2830 2835 3186 2907 ignorantiam
3214 2854 3229 2892 ε
3260 2836 3419 2909 longe
3439 2847 3491 2894 et
3514 2838 3662 2894 enim

2063 2925 2212 2982 aliud
2254 2925 2509 2996 intendit,
2554 2940 2611 2985 ut
2641 2928 2762 3001 ipse
2805 2945 2867 2986 se
2890 2928 3153 3001 explicat,
3197 2939 3310 2987 tum
3339 2932 3493 2999 alibi,
3538 2941 3657 2988 tum

365 3036 468 3074 non
496 3018 600 3073 sint
639 3017 836 3083 scissa,
877 3014 961 3071 uel
1002 3016 1182 3072 dicists
1205 3032 1241 3071 α
1285 3017 1442 3071 domo
1472 3012 1663 3081 David,
1702 3015 1963 3087 quomodo
2001 3088 2039 3097 _
2066 3019 2343 3091 praeipuc
2370 3017 2467 3077 lib.
2499 3034 2555 3078 tv
2580 3019 2855 3080 Concord.
2885 3036 3013 3095 cap.
3035 3023 3090 3089 '5,
3122 3023 3379 3079 nimirum
3406 3025 3462 3079 in
3489 3026 3663 3097 primo

365 3115 583 3186 reliquie
609 3115 782 3170 decent
810 3114 998 3171 tribus.
1030 3112 1217 3173 Solum
1250 3113 1417 3187 igitur
1451 3112 1851 3170 exsecrabatur
1871 3124 1961 3167 as-
1990 3088 2040 3155 Ο
2068 3088 2211 3167 statu
2236 3088 2561 3185 pra-cessisse
2606 3112 2779 3171 solum
2822 3088 3198 3189 signiﬁcantia,
3222 3118 3347 3191 quia
3378 3088 3559 3175 omnia
3606 3120 3664 3176 in

363 3219 619 3267 serentes
652 3221 849 3281 printer
874 3218 989 3267 tres
1017 3222 1278 3279 personas
1310 3220 1434 3264 csse
1464 3215 1718 3277 quartum
1746 3205 1964 3277 aliquod

366 3304 651 3377 (nimirum
682 3303 923 3359 divinam
966 3299 1350 3374 substantiam)
1388 3315 1449 3357 re
1478 3299 1596 3374 ipsa
1636 3298 1707 3356 ab
1736 3298 1815 3356 eis
1844 3298 1965 3355 dis-

372 3398 632 3464 tinctam;
664 3396 808 3467 quod
834 3394 1018 3452 forsan
1046 3393 1260 3465 aliquos
1284 3392 1369 3449 sui
1394 3391 1658 3463 temporis
1684 3390 1969 3463 theologos

370 3503 685 3549 asserentes
713 3490 951 3558 audivit;
991 3504 1117 3545 nam
1152 3488 1233 3544 ait
1262 3505 1276 3541 :
1301 3484 1434 3543 Item
1460 3486 1603 3558 quod
1637 3485 1722 3541 his
1750 3486 1969 3559 nequius

372 3596 470 3650 est.
492 3584 668 3641 nescio
691 3585 790 3639 tria
811 3592 1002 3658 praeter
1014 3582 1381 3648 substantiam,
1411 3595 1544 3636 nona
1563 3580 1863 3636 adinsentio
1878 3595 1938 3634 as
1953 3612 1966 3621 -

369 3679 579 3749 signare
625 3675 976 3748 prtesumpsit,
1023 3675 1077 3731 in
1126 3688 1265 3743 quos
1305 3672 1625 3729 exclamat:
1665 3669 1712 3727 0
1737 3672 1970 3726 humana

370 3771 658 3834 temeritas,
699 3786 856 3842 quam
891 3785 1033 3825 eatea
1057 3768 1290 3840 setnper.’
1318 3766 1363 3821 0
1392 3766 1605 3821 inimica
1628 3760 1832 3839 semper
1856 3767 1970 3837 pie-

368 3864 467 3918 tati
488 3862 870 3937 proesu-nptio!
906 3863 1051 3925 sisic
1075 3861 1384 3917 existimasti
1414 3860 1701 3933 simplicem
1743 3861 1972 3916 dirinaiu

368 3956 731 4022 substantiam,
779 3964 837 4011 ut
882 3971 1112 4011 seorsum
1136 3969 1168 4009 a
1198 3956 1431 4024 personis
1476 3954 1781 4025 cogitaveris
1823 3953 1973 4009 illaut

371 4051 504 4125 (hoc
528 4058 633 4115 est,
660 4047 970 4106 credideris
996 4044 1334 4115 diStinctam)
1384 4044 1679 4103 Sabettium
1704 4044 1802 4101 sub
1829 4045 1960 4101 Aria

370 4142 608 4217 patiiasti
634 4160 653 4198 :
682 4143 728 4197 si
752 4157 983 4197 seorsum
1002 4140 1323 4197 asubstautia
1348 4148 1449 4195 tres
1479 4153 1750 4211 personas,
1773 4137 1958 4193 Arium

370 4236 466 4294 sub
526 4234 746 4293 Sabettii
809 4233 1114 4306 palliatione
1179 4248 1415 4291 excusas.
1495 4231 1678 4289 Verba
1741 4229 1861 4288 btcc
1916 4232 1971 4287 in

374 4331 593 4391 Petrum
626 4330 992 4388 Lomhardum
1030 4330 1175 4386 dicta
1220 4326 1609 4402 iudicaverunt
1635 4327 1760 4399 ejus
1796 4341 1971 4385 mmo-

372 4426 436 4496 li,
460 4434 651 4497 utpote
675 4426 769 4498 qui
799 4424 854 4481 in
878 4440 918 4495 ι,
947 4424 1075 4482 dist.
1118 4422 1178 4496 5,
1209 4424 1412 4480 dixerit
1434 4423 1678 4481 divinam
1720 4424 1976 4482 substan-

2070 3207 2243 3277 figura
2269 3204 2578 3263 futurorum
2602 3210 2995 3281 contingebant
3037 3210 3144 3267 illis
3174 3228 3188 3266 :
3217 3212 3271 3267 in
3295 3213 3523 3267 secundo
3545 3229 3665 3268 sue-

2070 3298 2261 3353 eessine
2279 3298 2653 3372 signiﬁcantia,
2686 3308 2736 3355 et
2764 3301 3059 3376 signiﬁcata
3090 3320 3110 3358 :
3136 3319 3259 3375 qua:
3284 3306 3432 3360 enim
3461 3305 3665 3377 scripta

2070 3402 2200 3447 sunt
2244 3393 2297 3447 in
2343 3406 2487 3448 noro
2516 3390 2895 3462 Testamento,
2944 3394 3251 3467 signiﬁcata
3296 3406 3423 3454 sunt
3452 3413 3549 3469 per
3577 3413 3668 3455 res

2070 3485 2307 3558 prioris;
2359 3486 2849 3561 signiﬁcaruntque
2900 3489 3009 3545 alia
3062 3488 3324 3561 deinceps
3379 3491 3561 3547 futura
3609 3494 3665 3549 in

2071 3594 2238 3637 sensu
2260 3578 2528 3650 sptrituali
2560 3597 2575 3635 :
2603 3580 2663 3637 in
2688 3582 2840 3637 tertio
2862 3581 3086 3652 denique
3126 3584 3315 3639 amotis
3358 3584 3665 3658 significan-

2072 3672 2211 3728 tibus
2234 3679 2415 3727 seeuta
2433 3688 2547 3727 esse
2568 3674 2923 3729 tantummodo
2950 3674 3253 3745 signiﬁcata
3281 3690 3302 3731 :
3330 3674 3464 3732 nihil
3492 3677 3665 3748 siqui-

2035 3753 2040 3757 ’
2072 3764 2197 3822 dem
2225 3780 2415 3820 eorum
2439 3779 2562 3837 qua:
2588 3776 2718 3822 tunc
2736 3765 3017 3837 accidunt,
3041 3766 3129 3824 vel
3148 3767 3422 3835 accident,
3450 3769 3662 3826 desumi

2073 3866 2257 3930 potest
2282 3868 2554 3930 tamquam
2603 3856 2772 3929 ﬁgura
2802 3858 3035 3930 alicujus
3062 3858 3145 3915 rei
3194 3861 3408 3917 tutum.
3440 3861 3507 3917 Et
3556 3860 3662 3919 hoc

2074 3950 2318 4006 innuitur
2340 3966 2467 4006 eum
2492 3949 2717 4017 dicitur,
2750 3951 2803 4006 in
2830 3952 3007 4021 primo
3035 3960 3210 4007 totum
3238 3966 3365 4010 esse
3412 3968 3659 4021 carnem,

2074 4044 2128 4103 id
2183 4054 2290 4111 est,
2332 4044 2581 4116 ﬁguram,
2629 4058 2725 4102 seu
2777 4046 3029 4118 spiritum
3095 4044 3401 4103 futurorum
3432 4049 3525 4105 :in
3556 4056 3667 4107 ter-

2078 4140 2156 4198 tio
2196 4138 2331 4195 nihil
2384 4153 2509 4196 esse
2547 4137 2692 4209 quod
2735 4140 2906 4210 figura
2944 4140 3037 4207 sit,
3083 4140 3181 4197 sed
3218 4139 3401 4196 omnia
3449 4155 3573 4200 esse
3601 4144 3666 4201 ll-

2073 4244 2290 4308 gurata,
2332 4231 2489 4305 quasi
2534 4234 2791 4307 spiritum
2840 4234 3277 4307 praeteritorum;
3312 4251 3437 4293 cum
3482 4244 3667 4295 tamen

2077 4328 2132 4385 in
2162 4325 2402 4385 secundo
2432 4336 2721 4397 utrumque
2761 4326 2924 4383 simul
2952 4326 3261 4399 reperiatur
3295 4338 3515 4400 propter
3540 4331 3669 4386 novi

2077 4419 2415 4479 Testamenti
2444 4420 2853 4489 excellentiam,
2884 4420 3031 4493 quod
3053 4418 3123 4477 ad
3146 4420 3321 4492 ipsum
3348 4432 3578 4493 spectat,
3610 4421 3670 4480 in

374 4485 507 4577 tiam
525 4485 720 4591 neque
748 4485 988 4591 genitam
1012 4485 1176 4586 esse,
1210 4532 1389 4589 neque
1417 4516 1838 4589 procedentem,
1866 4532 1969 4575 ue-
1998 4485 2054 4550 D
2077 4532 2186 4589 quo
2207 4528 2265 4574 et
2283 4517 2534 4589 spiritum
2565 4485 2988 4587 prteteritoni‘m,
3014 4526 3073 4575 et
3099 4518 3326 4591 ﬁguram
3357 4485 3669 4575 futurorum

373 4628 485 4687 que
542 4622 932 4683 generantem;
970 4610 1289 4670 Joacbimus
1348 4622 1531 4669 tamen
1582 4626 1709 4669 eum
1749 4612 1975 4685 proprio

376 4707 596 4766 nomine
624 4721 735 4764 non
754 4698 1055 4778 expressit;
1078 4704 1225 4777 quod
1245 4702 1293 4761 si
1322 4702 1551 4761 forsitan
1572 4705 1628 4759 in
1645 4721 1769 4761 eum
1792 4706 1973 4762 invec-

378 4811 469 4860 tus
494 4813 603 4870 est,
637 4802 691 4858 in
737 4815 862 4857 eum
909 4812 1135 4857 sensum
1182 4797 1349 4855 verba
1387 4798 1509 4870 ejus
1550 4798 1785 4869 accepit,
1818 4797 1973 4870 quasi

378 4892 617 4951 voluerit
644 4892 1007 4949 substantiam
1027 4890 1265 4948 divinam
1296 4904 1404 4947 non
1422 4903 1551 4946 esse
1570 4902 1691 4945 eam
1710 4903 1827 4945 rem
1852 4903 1974 4960 qum

376 4994 464 5045 est
488 4987 695 5059 genita,
728 4994 820 5040 aut
844 4997 1139 5057 generous,
1166 4991 1261 5038 aut
1285 4980 1616 5053 procedens;
1646 4979 1792 5052 quod
1822 4996 1973 5038 erro-

380 5094 549 5139 neum
577 5086 725 5135 esset
752 5092 1046 5135 asserere:
1076 5089 1205 5132 cum
1231 5085 1411 5130 tamen
1441 5074 1497 5129 in
1539 5088 1707 5130 sensu
1755 5072 1972 5129 formali

379 5176 547 5234 verba
589 5174 840 5249 magistri
867 5171 1184 5244 accipienda
1213 5172 1345 5230 sint.
1380 5171 1489 5229 Sed
1514 5169 1586 5228 de
1617 5170 1703 5228 his
1739 5171 1971 5228 aliorum

380 5279 502 5328 esto
546 5266 835 5340 judicium,
887 5260 1021 5325 mihi
1063 5271 1153 5322 sat
1196 5265 1272 5322 sit
1319 5264 1677 5321 intentionem
1705 5262 1973 5322 Joaehimi

381 5376 574 5419 sanant
600 5360 792 5431 fuisse,
825 5369 878 5418 et
904 5373 1074 5430 super
1101 5356 1203 5416 hac
1229 5364 1503 5415 suantmct
1539 5355 1889 5414 aiﬂictioucm
1920 5367 1976 5415 et

384 5454 792 5514 damnationem
822 5452 1161 5527 praedixisse.

460 5550 639 5619 Atque
667 5551 784 5606 lucc
813 5549 867 5605 in
906 5549 1134 5623 gratiam
1162 5544 1377 5605 Baronii
1421 5545 1566 5604 dicta
1594 5548 1725 5615 sint,
1758 5546 1979 5604 adducti

390 5656 420 5700 a
453 5642 729 5702 Pennotto
756 5646 808 5705 in
836 5642 1346 5702 condemnationem
1378 5640 1671 5700 Joacliimi.
1700 5640 1807 5700 Sed
1851 5658 1982 5699 vero

392 5734 708 5813 Alpbouaus
739 5738 1023 5799 deuas'ro
1049 5737 1242 5797 doctus
1285 5734 1527 5809 alioquin
1558 5735 1658 5807 vir,
1695 5738 1980 5798 manifc~tc

2075 4610 2318 4683 reperire
2364 4609 2512 4665 licet.
2542 4609 2698 4679 Quod
2724 4610 2769 4666 si
2799 4608 2870 4667 de
2893 4624 2964 4668 eo
2992 4610 3306 4679 admiraris,
3334 4609 3481 4683 quod
3524 4609 3674 4667 tertii

2041 4700 2249 4761 'status
2301 4704 2513 4760 initium
2572 4703 2752 4776 potius
2800 4712 3075 4771 asancto
3133 4702 3446 4771 Benedicto,
3505 4718 3667 4774 quam

2076 4799 2146 4855 ab
2216 4796 2339 4855 aliis
2409 4795 2612 4854 sanctis
2681 4795 2805 4852 novi
2878 4794 3211 4852 Tcstameuti
3274 4798 3536 4868 accipiat,
3616 4797 3671 4851 in

2078 4900 2331 4963 promptu
2378 4900 2501 4955 est,
2549 4889 2694 4963 quod
2740 4888 2837 4946 tibi
2887 4889 3247 4961 respondeam
3307 4905 3373 4947 es
3423 4890 3669 4947 doctrina

2081 4984 2377 5053 Concord,
2434 4984 2579 5041 libro
2649 5000 2719 5052 lt,
2789 4992 3019 5042 tractatu
3078 4985 3144 5051 l,
3202 4998 3323 5052 cap.
3381 4982 3449 5039 ιι
3499 4999 3671 5054 usque

2080 5085 2148 5143 ad
2180 5083 2269 5153 l8,
2303 5094 2413 5140 tres
2460 5082 2587 5139 illos
2614 5091 2789 5139 status
2817 5096 2921 5139 non
2969 5082 3138 5153 gratis
3180 5079 3525 5146 dixidcndos,
3572 5079 3670 5136 sed

2082 5194 2255 5254 penes
2276 5177 2531 5238 eumdem
2563 5192 2848 5233 numerum
2871 5178 3286 5247 generationem
3312 5193 3327 5243 ;
3373 5193 3480 5232 non
3512 5175 3675 5231 aliter

2080 5284 2246 5345 atque
2273 5272 2415 5343 apud
2446 5268 2784 5339 blatthazum,
2806 5284 2927 5341 cap.
2962 5285 3002 5337 ι,
3054 5276 3228 5325 status
3257 5268 3347 5324 ille
3396 5269 3673 5325 hominum

2080 5367 2154 5424 ah
2182 5364 2457 5423 Abraham
2483 5378 2654 5433 usque
2672 5361 2739 5419 ad
2763 5360 3040 5418 Christum
3064 5361 3238 5417 tribus
3260 5362 3673 5432 generationem

2086 5457 2542 5523 tessaradecadis,
2582 5457 2687 5513 hoc.
2731 5466 2814 5511 est
2844 5454 2916 5514 ιε
2946 5462 3189 5525 generat.
3243 5453 3624 5524 complectitur
3657 5470 3672 5506 :

2084 5552 2231 5625 quod
2262 5551 2479 5622 quidem
2505 5564 2574 5607 eo
2599 5547 2706 5605 loci
2734 5549 2969 5620 qualiter
3011 5546 3537 5604 accommodandum
3581 5546 3674 5612 sit,

2086 5644 2402 5702 Joacliimus
2433 5642 2543 5699 latc
2575 5642 2825 5713 exponit.
2855 5641 3190 5711 Quamquam
3222 5648 3277 5696 et
3321 5641 3372 5694 in
3397 5654 3463 5694 eo
3493 5637 3678 5692 veriti-

2086 5740 2197 5796 ςίιιί
2222 5747 2384 5811 queat
2414 5734 2711 5810 spiritualis
2734 5735 2841 5793 vita
2873 5733 3015 5792 tertii
3040 5741 3240 5803 StatuS,
3271 5730 3413 5807 quod
3448 5746 3473 5783 ιι
3502 5729 3560 5789 S.
3591 5729 3664 5788 Bc
