4052 6504
487 210 593 270 627
1384 217 1684 280 FLAViL'S
1720 222 1972 284 LUCIUS
2010 226 2297 288 DEXTER
2335 228 2868 295 CHRONOLOGUS.
3682 245 3788 303 628

491 329 712 387 ncdieto
745 333 915 390 muito
947 336 1119 406 magis
1142 351 1302 411 quam
1325 338 1476 409 prius
1507 342 1761 398 examina
1783 344 2082 401 nuonacbo—
2110 364 2157 423 Α
2188 345 2286 405 sed
2312 347 2724 408 abbreviationc
2744 351 3014 425 quadam:
3040 353 3289 415 Ilurillus
3311 354 3585 429 integrum
3604 372 3789 417 exem-

490 444 636 494 ruun,
662 430 804 499 apud
829 446 966 501 quos
1014 432 1316 501 Spiritualis
1349 434 1457 490 vita
1492 435 1671 494 locum
1710 452 1866 495 suum
1899 438 2083 509 habet,
2190 443 2309 514 plar
2332 456 2523 500 nactus
2552 454 2635 501 est
2662 448 2732 501 ab
2759 447 2879 516 ipso
2905 448 2964 505 l’.
2993 449 3252 522 "ignora,
3282 454 3430 524 quod
3453 463 3639 512 tamen
3666 470 3788 512 cor-

493 522 847 592 multiplicari
880 540 1122 596 coepere.
2190 548 2353 610 rupte
2397 538 2690 597 admodum
2732 540 3160 614 C:u-s.orauugust:c
3188 522 3521 629 unum-essum
3563 551 3703 619 luit,
3732 561 3787 608 et

564 614 697 681 Quin
734 632 853 671 cum
889 618 959 672 ita
988 617 1100 673 sint
1125 659 1142 686 ,
1173 619 1313 676 nihil
1344 632 1427 678 est
1469 640 1557 692 qui
1583 623 1614 680 cl
1643 623 1958 682 Joacbintus
1993 627 2091 683 de-

491 719 765 766 mereatur
794 723 851 769 ut
888 713 1093 771 erroris
1137 716 1341 784 passim
1372 718 1722 777 insimuletur
1755 738 1770 776 :
1802 731 1897 778 aut
1923 723 1975 779 ei
2003 739 2091 781 rc-

490 808 735 860 vercnt'a
768 819 959 862 sancto
986 806 1101 865 uiro
1126 810 1308 867 debita
1330 827 1439 868 non
1463 814 1813 882 exhibentur,
1844 815 2091 887 Quando—

492 900 711 971 quidem
767 903 1116 959 sanctitatem
1158 905 1284 961 vite
1337 905 1549 979 ipsius,
1610 909 1754 967 Deus
1805 908 2088 967 humilium

491 1006 892 1065 remunera-Lor,
929 998 1231 1055 innumeris
1256 1014 1426 1072 prope
1455 1000 1735 1059 miraculis
1757 1002 2086 1075 propalavit,

490 1106 613 1160 qum
653 1089 805 1160 justo
859 1090 1135 1149 volumine
1178 1092 1469 1167 descripsit
1517 1097 1778 1153 venerab.
1822 1096 2092 1169 archiepi-

490 1200 692 1255 scopus
724 1185 1054 1243 Cosentiuus
1096 1185 1271 1243 Lucas
1313 1188 1557 1261 ejusdem
1605 1189 1877 1249 Joacbimi
1924 1190 2091 1249 disci»

492 1279 652 1350 puulas
680 1326 695 1349 ,
726 1290 779 1337 et
810 1296 877 1336 es
908 1295 975 1337 eo
1014 1280 1250 1339 Jacobus
1287 1282 1511 1341 Grzecus
1534 1325 1549 1350 ,
1585 1284 1737 1357 prior
1769 1284 2048 1342 Florensis
2068 1330 2086 1357 ,

490 1373 629 1428 libro
659 1373 728 1430 de
760 1371 861 1430 hac
903 1390 964 1431 re
1006 1375 1156 1433 edito
1180 1417 1196 1444 ,
1242 1376 1338 1447 qui
1366 1376 1420 1432 in
1445 1375 1671 1434 archiva
1697 1376 1946 1448 ejusdem
1970 1392 2087 1436 cu:-

489 1468 643 1524 nobii
687 1480 1026 1537 asservatur,
1066 1479 1121 1527 et
1152 1470 1322 1542 ipsius
1350 1471 1632 1543 exemplar
1654 1471 1711 1531 in
1752 1472 2090 1531 Bibliotheca

491 1560 762 1617 Aniciana
787 1561 1000 1633 collegii
1028 1561 1353 1634 Grcgoriaui
1399 1563 1469 1620 de
1506 1565 1663 1621 urbe.
1697 1563 1890 1621 Videat
1929 1563 2093 1638 igitur

492 1664 682 1709 noster
706 1653 983 1711 Pcnuotus
1011 1667 1246 1728 quantus
1273 1655 1525 1728 qualilice
1562 1655 1727 1714 luerit
1757 1657 1807 1714 is
1833 1673 1995 1729 quem
2021 1658 2091 1713 ab

2192 633 2400 691 idcirco
2426 638 2669 703 oportuit
2698 637 2831 697 illuud
2861 640 2928 695 ad
2974 642 3081 699 alia
3116 643 3447 717 applicatum
3486 647 3781 719 corrigere,

2192 728 2269 784 uti
2298 746 2402 801 ego
2438 731 2541 788 feci
2579 734 2872 791 conferens
2901 737 3078 805 ipsum
3116 752 3241 795 cum
3284 743 3583 815 exemplari
3608 744 3783 802 'l‘oleti

2188 822 2494 881 essistente
2516 825 2572 881 in
2610 825 2942 885 bibliotheca
2980 831 3200 888 conuiuis
3232 833 3303 891 de
3330 834 3503 901 Mora,
3531 850 3698 907 opera
3722 834 3781 895 P.

2193 916 2445 989 Iligucrre
2466 921 2535 975 ad
2563 920 2727 978 (idem
2766 924 2850 979 sui
2880 935 3213 994 correctum,
3248 938 3302 985 et
3329 929 3781 999 collationatum;

2191 1022 2247 1066 et
2273 1011 2421 1068 aliud
2444 1014 2589 1084 quuod
2614 1025 2794 1073 exstat
2814 1016 2869 1073 in
2896 1017 3229 1078 bibliotheca
3245 1022 3396 1093 regia
3419 1021 3481 1081 S.
3508 1023 3784 1083 Laurentii

2190 1100 2247 1159 in
2297 1102 2572 1162 Escuriaii
2596 1150 2611 1175 ,
2644 1116 2810 1177 atque
2857 1109 2984 1165 luuic
3023 1112 3109 1169 sic
3142 1125 3396 1172 correcta
3419 1157 3436 1185 ,
3466 1116 3613 1188 quod
3644 1132 3787 1174 nunc

2192 1196 2438 1269 prolem,
2467 1197 2733 1272 integram
2764 1201 2928 1260 tidem
2946 1202 3312 1262 adhibendam
3343 1207 3453 1264 late
3475 1208 3701 1279 probavi
3730 1210 3784 1267 in

2190 1286 2450 1349 Cluroniei
2477 1292 2794 1353 defensione
2817 1297 3195 1368 prmliminari.
3223 1300 3380 1369 Quod
3407 1316 3437 1357 a
3468 1302 3786 1373 Magdebur—

2192 1385 2456 1457 geusibus
2475 1388 2721 1445 vitiatum
2768 1393 3059 1456 ssseritur,
3086 1392 3234 1451 haud
3281 1394 3416 1452 mibi
3459 1394 3622 1452 facile
3669 1411 3787 1468 per.

2191 1478 2421 1549 suadeo,
2453 1495 2576 1538 cum
2604 1483 2745 1540 nihil
2771 1484 2916 1556 quod
2939 1486 3190 1543 haeresim
3218 1487 3419 1559 sapiat,
3446 1500 3540 1547 aut
3568 1505 3787 1548 errores

2192 1587 2326 1631 suos
2341 1591 2560 1648 quoquo
2577 1578 2742 1634 modo
2762 1580 2956 1651 juvarc
2975 1590 3161 1652 queat,
3188 1582 3244 1639 in
3272 1591 3391 1640 toto
3416 1584 3603 1640 codice
3628 1598 3786 1656 repe-

2192 1668 2386 1736 riatur,
2419 1671 2524 1727 nisi
2554 1671 2678 1743 quis
2706 1673 2840 1731 velit
2863 1674 3128 1745 quasdam
3158 1677 3610 1748 transeriptiones
3634 1718 3654 1743 ,
3690 1691 3788 1733 seu

490 1747 679 1804 iulcris
704 1760 1134 1807 resuruccturum
1165 1762 1383 1822 sperat;
1431 1760 1488 1810 et
1516 1766 1678 1825 quam
1716 1751 1856 1811 belle
1885 1770 2087 1811 nouucn
2117 1777 2163 1840 Β
2192 1762 2357 1819 etiam
2388 1766 2779 1835 replicationcs
2812 1766 3210 1824 sententiarum
3234 1813 3251 1838 ,
3284 1747 3424 1842 quas
3451 1770 3505 1827 in
3535 1784 3606 1827 eo
3633 1786 3791 1841 repe-

493 1841 717 1900 Goliath
745 1844 951 1900 sanctis
982 1843 1115 1902 viris
1138 1844 1469 1916 imponatur.

502 1980 531 2051 §
572 1981 687 2037 Vll.
734 1980 963 2055 Objei'tis
988 2001 1020 2037 a
1050 1983 1307 2041 Pcnnollo
1342 1994 1524 2042 contra
1567 1984 1748 2044 Dextri
1789 1993 1839 2041 et
1866 1983 2092 2042 Maximi

1026 2056 1282 2113 Chronica
1310 2059 1370 2127 fit
1401 2060 1549 2114 satis.

566 2172 699 2228 Cum
730 2187 864 2244 ergo
890 2187 1030 2245 opus
1058 2188 1217 2230 suum
1249 2174 1431 2232 videat
1456 2172 1522 2230 R.
1556 2174 1619 2232 Ρ.
1650 2174 1952 2232 Pcunottus
1976 2176 2091 2232 eis-

496 2264 621 2320 dem
663 2266 901 2323 vinculis
945 2266 1151 2322 irretiri
1177 2307 1193 2335 ,
1236 2268 1432 2340 quibus
1482 2266 1794 2324 Ciuronicon
1845 2278 2090 2324 nostrum

493 2360 704 2415 vincire
726 2362 862 2427 vult,
892 2360 1164 2431 reliquum
1184 2362 1311 2431 erit,
1336 2368 1395 2416 ut
1419 2361 1605 2418 mitius
1627 2361 1886 2433 deinceps
1907 2362 2093 2418 nobis-

496 2466 621 2507 cum
653 2460 811 2523 agat;
842 2462 896 2508 et
923 2453 1111 2509 credat
1139 2455 1361 2525 proprio
1385 2453 1611 2511 edoctus
1654 2455 1900 2526 periculo
1945 2453 2091 2511 baud

494 2544 722 2603 difﬁcile
747 2549 800 2604 in
828 2549 1075 2619 quemvis
1107 2564 1268 2621 posse
1289 2549 1487 2607 librum
1515 2560 1831 2622 argumenta
1858 2549 2090 2621 jactari;

500 2640 848 2711 tametsijnrc
869 2657 935 2697 ne
964 2657 1030 2698 an
1054 2642 1251 2715 injuria
1285 2645 1336 2699 id
1370 2645 1481 2713 liat,
1502 2644 1771 2701 lectorum
1797 2644 2005 2716 judicio
2022 2646 2093 2701 sit

498 2735 1096 2808 relinquenduuun.Nuoc
1115 2754 1245 2795 vero
1266 2738 1332 2795 ad
1356 2740 1698 2813 objectioucs
1724 2754 1849 2798 suas
1868 2755 2094 2813 respon-

502 2831 689 2887 siones
713 2845 929 2889 noctras
951 2833 1217 2892 adluibere
1250 2833 1589 2899 curabimus,
1615 2849 1726 2909 quo
1742 2835 2093 2891 vidcantom-

500 2940 596 2979 nes
610 2924 744 2979 nihil
759 2940 948 2982 eorum
962 2926 1343 2983 auctoritatenu
1356 2925 1609 2984 Cbronici
1626 2942 1891 2986 enervare
1904 2943 2089 3001 posse.

573 3016 631 3072 lo
656 3019 845 3089 primis
876 3019 1136 3092 quidquid
1160 3020 1227 3077 de
1243 3023 1683 3091 conservatione,
1700 3031 1756 3079 et
1776 3023 2094 3080 inventione

502 3111 678 3182 ipsius
728 3112 991 3170 hactenus
1021 3131 1049 3169 a
1081 3115 1318 3173 diversis
1362 3116 1563 3174 dictum
1605 3125 1689 3173 est
1716 3160 1731 3182 ,
1777 3133 1846 3174 ex
1896 3118 2092 3175 eodem

2194 1854 2292 1911 riri
2322 1857 2436 1912 suis
2462 1858 2599 1914 locis
2636 1858 2976 1917 ostendimus
2997 1904 3014 1926 .
3043 1860 3312 1919 htrrcticis
3354 1862 3464 1919 illis
3510 1862 3786 1932 tribucre,

2195 1948 2271 2004 uti
2299 1947 2365 2006 Ρ.
2396 1950 2628 2021 ΙΙὶειιοη
2658 1951 2990 2010 existimavit
3013 1994 3032 2022 ,
3070 1971 3140 2011 eo
3167 1966 3346 2011 motus
3374 1956 3522 2024 quod
3548 1956 3715 2014 sciret
3757 1972 3791 2014 a

2196 2040 2753 2117 lagdeburgeuusibus
2798 2047 2968 2104 libros
3022 2057 3091 2104 et,
3124 2047 3481 2106 bibliothecas
3522 2049 3787 2117 vitiatus;

2192 2135 2294 2194 sed
2342 2135 2396 2191 id
2450 2136 2653 2193 Dextro
2690 2153 2910 2212 quoque
2953 2148 3107 2198 certo
3151 2140 3449 2214 contigisse
3488 2143 3787 2199 nesciebat.

2194 2228 2359 2289 Certe
2383 2232 2431 2289 si
2452 2236 2909 2307 corrumpendum
2936 2237 3007 2294 ab
3029 2236 3299 2294 haereticis
3318 2248 3437 2295 erat
3457 2235 3789 2307 Cbrouicoa,

2196 2326 2435 2385 haereses
2464 2328 2683 2387 illorum
2716 2346 2825 2389 non
2853 2331 3142 2405 en‘ugeret.

2267 2423 2401 2490 Qua:
2432 2424 2487 2481 in
2513 2427 2799 2495 epistolam
2844 2427 3236 2486 dedicatorism
3272 2426 3459 2485 Dextri
3490 2428 3794 2486 Pennottns

2194 2516 2404 2587 objicit.
2437 2518 2517 2573 bis
2542 2534 2570 2571 τι
2601 2520 2761 2576 nobis
2787 2520 2968 2577 soluta
2992 2531 3139 2591 sunt,
3167 2524 3426 2579 nimirum
3457 2524 3511 2580 in
3535 2524 3565 2595 ς
3585 2525 3623 2580 2
3651 2527 3797 2597 Apo-

2196 2609 2356 2681 logia;
2384 2611 2761 2683 praeliminaris
2783 2660 2798 2685 ,
2829 2626 2887 2672 et
2931 2616 2987 2673 in
3032 2619 3444 2676 commentariis
3483 2618 3553 2676 ad
3590 2636 3793 2678 annum

2194 2700 2325 2771 ‘30,
2351 2705 2419 2759 ad
2449 2704 2635 2763 ultima
2661 2708 2830 2766 verba
2870 2708 3141 2768 Cbronbi.

2268 2797 2443 2856 Porro
2469 2802 2527 2857 S.
2572 2802 2922 2861 Petronillsm
2941 2820 3072 2863 vere
3108 2807 3171 2864 Β.
3207 2807 3475 2883 principis
3518 2811 3793 2882 apostolo-

2196 2908 2318 2951 rum
2342 2909 2411 2952 ex
2440 2897 2793 2955 matriunonio
2834 2900 3000 2957 tiliam
3047 2900 3259 2970 fuisse,
3300 2906 3599 2965 multorum
3640 2906 3791 2963 testi-

2196 2990 2401 3045 moniis
2446 3004 2546 3046 suo
2594 2992 2714 3048 loco
2744 2994 3027 3063 probatum
3052 3010 3085 3052 a
3113 2997 3274 3054 nobis
3307 3008 3413 3066 est,
3455 2998 3546 3056 ubi
3576 2999 3790 3058 liaronii

2198 3082 2428 3155 objectis
2470 3086 2858 3145 satisfecitnns.
2913 3090 3099 3163 Neque
3141 3091 3301 3148 nobis
3343 3094 3366 3166 (
3388 3100 3446 3149 ut
3491 3092 3791 3152 Pennottuss

500 3176 770 3276 principio
794 3207 1054 3274 nascitur,
1084 3209 1467 3279 discreparnnt
1487 3176 1756 3283 siquidem
1780 3210 1927 3267 inter
1948 3226 2008 3267 se
2027 3228 2092 3268 ex
2122 3188 2169 3254 (ἶ
2198 3176 2496 3283 ῗξίξψυῃ)
2625 3180 2887 3283 Ausim”
2931 3191 3124 3283 “Tua.
3138 3183 3507 3283 fﬁmaqmm
3527 3195 3794 3283 {animi

500 3300 762 3368 Opinione
784 3300 956 3370 vulgi,
988 3317 1111 3373 quae
1141 3317 1242 3376 pro
1263 3302 1582 3361 diversitate
1609 3304 1855 3361 locorum
1882 3302 2097 3362 diversa

500 3408 626 3447 esse
656 3392 821 3459 solet,
855 3409 963 3448 non
991 3409 1055 3451 es
1088 3411 1213 3451 vera
1245 3396 1457 3465 nutitia,
1490 3412 1653 3470 quam
1682 3396 1786 3469 ipsi
1811 3397 2094 3455 luaberent.

502 3486 656 3554 Quod
681 3487 807 3542 dico
833 3499 1061 3560 propter
1084 3488 1143 3545 P.
1166 3488 1433 3545 Joannem
1451 3490 1743 3561 Caldcron,
1772 3490 1865 3562 qui
1893 3505 1957 3547 ea
1975 3508 2096 3564 qua:

500 3578 570 3632 dc
604 3578 873 3635 Chronico
907 3591 1128 3651 reperto
1168 3580 1238 3637 ab
1282 3580 1699 3655 archiepiswpo
1738 3582 2096 3641 Braccarensi

501 3673 761 3743 scripsit,
791 3689 858 3729 ex
888 3676 1152 3745 Opinione
1182 3676 1324 3749 ιιιτεί
1352 3676 1566 3748 posuit,
1596 3693 1704 3734 non
1731 3693 1799 3735 ex
1832 3679 2098 3738 relatione

502 3765 562 3820 Ρ,
601 3764 919 3844 liieronyuni
961 3770 1027 3824 dc
1055 3771 1103 3824 la
1136 3770 1369 3843 Hignera
1401 3785 1494 3827 aut
1521 3772 1584 3830 P.
1618 3772 1846 3831 Tbonua:
1866 3775 1933 3833 dc
1962 3776 2099 3833 Tor-

501 3858 650 3915 ralba
675 3906 688 3931 ,
730 3864 926 3933 quibus
957 3863 1203 3920 inventio
1248 3863 1501 3922 debetur.
1535 3865 1722 3940 Neque
1770 3866 1895 3925 huic
1925 3885 2098 3943 oppo-

498 3952 643 4007 nitur
663 3954 805 4025 quod
834 3954 1036 4012 dicitur
1051 3967 1327 4031 repertum
1347 3960 1497 4032 prius
1518 3975 1642 4018 esse
1658 3962 1726 4018 ab
1751 3961 2092 4034 Eutbrando,

498 4054 556 4101 et
602 4046 894 4116 aliquando
923 4050 1197 4120 quoddam
1229 4051 1347 4121 ejus
1378 4054 1685 4125 exemplum
1724 4055 1866 4128 apud
1897 4055 2093 4114 Sislam

498 4138 670 4194 fuis-e
699 4156 713 4195 :
749 4149 1040 4215 utrumque
1065 4144 1338 4215 siquidem
1370 4160 1561 4202 verum
1593 4162 1714 4205 esse
1740 4150 2094 4220 probavimus

496 4233 550 4287 iuu
605 4234 771 4301 priori
819 4245 970 4305 parte
1026 4244 1227 4293 nostra:
1274 4239 1651 4310 prmlationis,
1703 4257 1813 4312 quo
1862 4241 2092 4300 lectores

500 4327 758 4382 anuando.
797 4328 1169 4401 Discrepantia
1207 4332 1457 4388 codicum
1500 4334 1629 4390 inde
1669 4346 1848 4392 ortuun
1881 4335 2090 4406 habuit,

494 4420 637 4488 quod
654 4419 715 4474 P.
743 4420 972 4490 iliguera
990 4440 1111 4479 cum
1127 4430 1535 4496 requireretura
1552 4429 1753 4499 multis,
1770 4442 1822 4487 et
1838 4432 2091 4505 nequiret

496 4518 707 4572 cunctis
745 4517 1011 4590 integrum
1040 4520 1391 4590 Cluronicon,
1422 4525 1567 4594 quod
1604 4525 1783 4582 adluuc
1826 4542 2086 4586 escusum

492 4624 743 4670 nouerat
772 4656 786 4681 ,
837 4619 1283 4685 communicare,
1333 4618 1577 4675 diversas
1626 4634 1726 4692 pro
1772 4619 2087 4679 diversitate

493 4705 811 4777 petitionum
848 4708 1121 4765 clausulas
1158 4725 1255 4768 seu
1286 4711 1727 4770 abbreviationes
1768 4715 2081 4786 exscripsit.

493 4799 585 4857 Sic
614 4802 874 4874 episcopo
902 4802 1166 4873 Tudensi,
1199 4814 1387 4877 utpote
1416 4806 1790 4877 Benedictino,
1817 4823 1881 4866 ea
1906 4811 2080 4867 solum

490 4893 661 4957 misit,
696 4912 814 4965 qua:
846 4895 912 4951 ad
943 4896 1193 4954 ordinem
1220 4899 1277 4954 S.
1311 4898 1373 4955 Ρ.
1408 4898 1714 4968 Benedicti,
1744 4909 1835 4957 aut
1862 4915 2082 4962 sanctos

489 4985 835 5058 episcomtus
872 4988 1140 5046 Tudeosis
1186 4991 1461 5061 pertinere
1486 4992 1836 5063 videbantur,
1874 5004 1933 5051 ιιι
1965 4996 2081 5070 ipse

485 5074 824 5135 Prudentius
853 5084 922 5138 dc
952 5082 1224 5139 Sandoval
1254 5082 1490 5141 al‘lirmat
1529 5087 1582 5141 in
1614 5086 1709 5143 lib.
1738 5088 1808 5144 de
1840 5088 2078 5146 Ecclesia

484 5168 747 5227 Tudcnsi.
781 5174 872 5230 Sic
896 5177 1266 5235 iilustrissimo
1291 5180 1703 5253 archiepiscopo
1725 5183 2077 5242 Braccarensi

484 5266 828 5334 professione
857 5270 1253 5340 Augustiniano
1274 5313 1291 5341 ,
1322 5288 1412 5329 res
1448 5276 1533 5331 sui
1569 5275 2077 5347 archiepiscopatus

483 5366 541 5412 et
566 5359 775 5415 ordinis
803 5365 1125 5429 transmisit,
1156 5364 1300 5439 quod
1328 5367 1560 5423 affirmat
1584 5368 1815 5425 Losada.
1842 5370 1935 5427 Sic
1955 5372 2078 5427 aliis

481 5451 666 5504 multis
714 5468 813 5523 pro
856 5454 1173 5513 diversitate
1222 5461 1624 5528 provinciarum
1666 5463 1958 5529 satisfecit;
2006 5481 2076 5523 cx

480 5546 644 5615 quiliuu
664 5566 671 5593 ς
695 5546 1197 5606 abbreviacionilns
1220 5555 1367 5608 varia
1390 5556 1633 5623 exempla
1662 5554 1800 5612 facta
1825 5557 2071 5615 luerunt:

481 5638 623 5694 luruunl
650 5643 873 5696 lilliilllill
893 5645 1045 5697 novis
1071 5662 1286 5717 semper
1303 5652 1503 5704 erratis
1535 5665 1572 5703 s.
1594 5651 1822 5723 alcatim,
1840 5668 2068 5724 quau-nm

476 5736 706 5790 alterum
762 5740 949 5807 procul
1002 5741 1166 5795 dubio
1222 5741 1321 5797 fuit
1370 5744 1609 5816 opi~cwpi
1660 5744 2066 5817 Segorbicnsis.

471 5828 544 5887 Μ.
576 5832 813 5891 Joannes
841 5833 1092 5907 Msurqucz
1119 5851 1228 5896 non
1254 5838 1471 5911 intvgro
1496 5836 1767 5917 Chronico
1798 5855 1928 5903 usus
1954 5854 2060 5913 cst,

2199 3268 2373 3336 dicit,
2403 3285 2527 3328 nam
2563 3275 2780 3332 tametsi
2822 3290 2945 3349 cap.
2978 3276 3074 3333 illo
3103 3277 3172 3336 t7
3200 3278 3485 3337 historiam
3530 3280 3600 3337 de
3646 3281 3790 3340 l'etri

2199 3362 2310 3419 lilia
2338 3378 2370 3420 a
2401 3366 2642 3440 paralysi
2672 3378 2881 3436 sanata,
2914 3379 2969 3426 ct
3006 3367 3079 3427 de
3119 3369 3226 3428 lilia
3255 3370 3531 3430 bortulani
3565 3373 3633 3430 sd
3665 3389 3789 3447 pre-

2197 3472 2317 3515 cem
2349 3459 2519 3530 ipsius
2550 3468 2761 3518 mortua
2787 3506 2804 3533 ,
2835 3478 2901 3521 ex
2933 3462 3262 3537 spocrypbis
3299 3464 3511 3523 desunui
3542 3466 3787 3527 videatur

2198 3565 2481 3615 asserere:
2524 3570 2635 3611 non
2662 3566 2842 3614 tamen
2868 3559 3069 3615 asserit
3101 3572 3225 3615 esse
3264 3560 3660 3632 apocryphum,
3692 3562 3787 3619 Pc-

2197 3654 2341 3704 trum
2372 3649 2681 3721 apostolum
2723 3649 2977 3708 habuisse
3004 3651 3168 3709 tiliam
3193 3694 3212 3721 ,
3250 3654 3347 3723 sed
3376 3656 3519 3726 quod
3550 3655 3643 3712 illa
3670 3654 3786 3728 ejus

2198 3742 2451 3811 precibus
2482 3758 2611 3800 sana
2646 3747 2787 3801 laeta
2809 3746 2901 3803 sit.
2929 3745 2994 3801 Et
3022 3746 3378 3805 niluil-uuuinus
3402 3758 3528 3806 nota
3557 3764 3780 3825 apocry-

2199 3838 2431 3909 pluorum
2475 3855 2538 3895 ea
2589 3842 2771 3898 omnia
2815 3840 3289 3915 comprehendere
3316 3843 3551 3911 videtur,
3581 3863 3701 3917 qua:
3732 3848 3783 3904 in

2197 3934 2369 3991 sacris
2400 3935 2594 3992 inieris
2619 3938 2848 3995 minime
2869 3948 3177 3997 narrantur.
3206 3938 3588 4013 Apocryphum
3615 3943 3783 4014 siqui-

2194 4025 2319 4084 dem
2368 4027 2501 4084 illud
2544 4028 2768 4095 dicitur,
2806 4029 2951 4103 quod
2998 4031 3371 4089 auutluenticuuun
3410 4048 3519 4089 non
3558 4045 3665 4091 est.
3706 4034 3783 4090 En

2196 4121 2362 4179 verba
2408 4126 2679 4192 Augusti:
2713 4123 2826 4180 llo:
2866 4125 2950 4181 illi
2991 4124 3275 4182 Manicbtei
3322 4142 3513 4198 magno
3555 4129 3785 4185 recitat:

2194 4216 2485 4290 vituperant
2514 4217 2534 4290 (
2558 4219 2813 4274 nimirum
2857 4219 3120 4276 miracula
3151 4219 3412 4277 divinitus
3454 4220 3593 4277 facta
3618 4222 3638 4291 )
3669 4239 3784 4278 cum

2193 4308 2250 4363 in
2274 4310 2586 4384 npocryp/tiui
2610 4329 2704 4382 pro
2724 4329 2914 4386 magno
2935 4313 3130 4386 legant,
3164 4324 3211 4369 ct
3240 4312 3377 4369 illud
3394 4313 3535 4386 quod
3559 4314 3624 4369 de
3644 4315 3782 4387 Apo-

2191 4405 2323 4460 stolo
2343 4403 2546 4462 Tltoma
2572 4409 2985 4476 cauunneutoravi,
3017 4417 3068 4464 ct
3090 4408 3252 4481 ipsius
3275 4406 3601 4480 Petri/ilium
3629 4426 3785 4483 para-

2191 4495 2405 4571 lyticam
2435 4516 2618 4555 sanant
2644 4502 2839 4573 {acrem
2861 4502 3094 4572 precibus
3123 4502 3324 4574 patris,
3357 4512 3404 4557 ct
3427 4500 3693 4559 hortuloni
3718 4503 3783 4575 ﬁ-

2111 4585 2168 4647 D
2191 4587 2317 4645 liam
2344 4591 2418 4646 ad
2438 4608 2639 4665 precem
2667 4594 2833 4666 ipsius
2858 4592 3005 4650 Petri
3033 4612 3141 4651 esse
3168 4605 3422 4652 mortuam
3454 4613 3476 4653 :
3503 4606 3553 4653 et
3573 4613 3781 4668 respou-

2188 4682 2308 4740 deut
2339 4686 2480 4755 quod
2521 4684 2634 4741 Itwc
2670 4688 2743 4743 eis
2785 4687 3087 4763 expediebat
3115 4730 3132 4756 ,
3184 4697 3238 4744 ut
3274 4697 3323 4743 et
3361 4688 3458 4744 illa
3502 4689 3779 4745 solveretur

2187 4777 2424 4849 paralysi
2448 4786 2495 4833 el
2520 4778 2614 4834 illa
2641 4790 2928 4835 moreretur
2950 4796 2971 4836 :
2998 4790 3169 4836 tamen
3200 4782 3271 4835 ad
3310 4797 3513 4853 precem
3548 4779 3780 4854 Apostoli

2188 4873 2389 4942 factum
2431 4887 2541 4928 esse
2580 4887 2686 4929 non
2726 4882 2938 4945 negant.
2982 4872 3111 4931 Haec
3150 4874 3386 4946 August.
3410 4872 3519 4933 Sed
3560 4888 3669 4929 non
3711 4874 3779 4931 ad

2186 4979 2325 5036 rem,
2353 4974 2409 5023 ιιι
2432 4966 2617 5035 vides;
2652 4983 2760 5024 non
2778 4968 2923 5025 enim
2955 4980 3113 5041 negat
3139 4968 3278 5027 tales
3306 4969 3471 5026 fuisse
3495 4981 3773 5041 personas,

2183 5059 2280 5116 sed
2311 5076 2372 5116 ea
2404 5061 2665 5117 miracula
2696 5077 2819 5119 esse
2840 5062 3173 5120 auutbentiea.

2254 5154 2583 5228 Magnopcrc
2608 5159 2771 5213 etianu
2801 5158 3006 5215 excidit
3032 5156 3369 5230 Pennottus,
3394 5177 3519 5220 cum
3561 5165 3778 5237 scripsit

2181 5265 2304 5309 esse
2332 5262 2524 5310 contra
2573 5254 2833 5312 Ecclesiae
2862 5258 3214 5314 traditionem
3240 5298 3257 5326 ,
3290 5273 3541 5318 asserere
3567 5263 3774 5335 episto-

2182 5346 2288 5403 lam
2329 5346 2517 5405 Jacobi
2563 5350 2881 5407 cauonicam
2913 5367 3019 5406 tuouu
3065 5368 3097 5408 a
3144 5351 3348 5409 Iacobo
3388 5354 3631 5423 “inore,
3678 5357 3773 5415 sed

2180 5438 2386 5511 liajorc
2412 5439 2581 5497 fuisse
2607 5440 2971 5515 conscriptam
2990 5486 3004 5509 ,
3034 5459 3103 5500 eo
3130 5444 3275 5517 quod
3304 5446 3357 5501 in
3388 5446 3572 5503 ofiicio
3602 5448 3773 5505 Mino-

2183 5535 2261 5591 ris
2280 5538 2488 5605 lu-gntur
2508 5539 2562 5595 in
2585 5540 2760 5610 primo
2778 5552 3043 5597 nocturno
3069 5541 3278 5598 Breviau
3294 5543 3330 5598 ii
3356 5541 3607 5599 Rotnani.
3631 5547 3772 5601 Sane

2181 5632 2283 5689 bac
2332 5636 2383 5691 iuu
2437 5653 2495 5692 re
2541 5637 2775 5693 eximius
2825 5638 3133 5710 Thcologus
3186 5641 3475 5696 manifeste
3523 5643 3772 5713 ignorare

2176 5729 2537 5794 convincitur,
2565 5732 2693 5801 quid
2737 5733 3047 5804 requiratur
3085 5741 3144 5789 ut
3171 5732 3375 5807 aliquid
3410 5734 3676 5792 habeatur
3706 5753 3770 5794 ex

2174 5819 2469 5885 traditione
2495 5823 2905 5901 Ecclesiastica,
2951 5840 3075 5887 eum
3105 5835 3320 5887 constet
3350 5825 3606 5888 historias
3642 5842 3770 5887 san-
