4052 6472
366 263 477 325 039

1443 261 1971 320 APJLOGETICUS
2013 261 2147 319 [δηο
2188 260 2247 319 Ι...
2290 262 2594 320 DEXTltO.

3561 263 3665 323 6'50

364 396 581 443 ciorum
605 426 621 451 ,
669 398 790 456 quze
834 383 888 438 in
940 379 1219 437 Dreviario
1257 379 1530 452 leguntur,
1579 395 1687 436 non
1725 380 1966 451 gaudere
1993 383 2043 444 Α
2075 380 2267 446 festat;
2303 380 2397 435 sed
2424 396 2625 435 annum
2658 381 2710 434 iu
2739 379 2922 453 specie
2956 396 3063 436 nun
3093 381 3665 455 promitzquamqnatn

364 478 669 534 inevitabili
711 474 1074 543 certitudiue;
1130 483 1494 547 praeterquam
1540 474 1685 546 quod
1732 474 1964 547 epistola

364 572 459 629 illa
486 571 589 642 legi
621 571 791 642 possit
816 586 884 627 eo
910 569 1000 625 die
1033 584 1128 637 rer
1148 572 1707 625 accommodationem
1731 568 1967 625 nominis

364 663 555 720 Jacobi
591 682 603 719 ε
639 676 692 720 et
739 663 1146 719 correctoribus
1196 663 1456 719 Breviarii
1508 663 1642 717 satis
1691 662 1860 717 fuisse
1904 662 1963 716 S.

365 759 759 830 llieronymum
802 756 1006 813 Jaeoho
1047 756 1241 811 Minori
1290 773 1412 813 eam
1463 757 1702 811 tribuere
1752 757 1844 811 lib.
1899 756 1968 811 de

364 850 574 922 Script.
602 850 783 915 Ecel.,
805 860 862 906 et
888 848 1191 904 Pennottus
1219 848 1336 918 ipse
1370 848 1633 905 lcetiones
1662 849 1723 905 S.
1757 847 1966 903 llercu-

364 941 478 1000 lani
506 941 838 1013 approbatas
866 956 897 994 a
926 941 984 996 S.
1019 941 1442 1010 congregatione
1488 938 1774 994 illustriss.
1807 938 1966 993 card.

364 1049 509 1092 aacr.
543 1036 745 1092 rituum
779 1048 886 1090 non
909 1032 1028 1088 vnlt
1066 1033 1346 1104 recipere,
1375 1032 1519 1104 quod
1549 1033 1603 1088 in
1639 1033 1721 1087 eis
1758 1031 1971 1088 dicatur

365 1125 537 1184 fuisse
563 1125 903 1196 professione
934 1124 1340 1181 Benedictinns.
1365 1124 1639 1180 Cteterntn
1664 1134 1771 1178 tam
1802 1124 1971 1179 distat

364 1234 400 1277 a
428 1219 723 1276 traditione
754 1218 1014 1274 Ecclesiie
1039 1259 1056 1285 ,
1087 1218 1233 1289 quod
1261 1217 1488 1287 epistola
1528 1218 1646 1289 ipsa
1678 1219 1750 1273 sit
1775 1217 1967 1274 Jacobi

365 1313 615 1377 Minoris.
646 1312 788 1382 quod
814 1314 869 1368 in
896 1312 1322 1369 Commentariis
1344 1312 1545 1367 nosn-is
1565 1311 1969 1368 ostenderimus

365 1423 434 1465 ex
464 1406 755 1465 traditione
786 1409 949 1462 totius
980 1404 1239 1463 Ecclesia:
1267 1407 1518 1477 llispaute
1540 1416 1595 1460 et
1620 1408 1793 1477 Syrte,
1824 1414 1879 1460 ct
1899 1421 1968 1461 ex

364 1516 430 1560 re
462 1503 575 1572 ipsa
605 1502 772 1558 luisse
795 1516 933 1572 Opus
954 1501 1197 1569 Majoris,
1214 1512 1271 1556 et
1298 1506 1464 1555 totius
1491 1501 1614 1556 novi
1636 1499 1968 1555 Testamenti

367 1596 603 1667 primam
634 1593 986 1661 scripturam.
1020 1591 1222 1663 Relege
1245 1607 1370 1659 quae
1398 1590 1468 1647 ibi
1498 1591 1735 1646 diximus
1779 1588 1845 1645 ad
1871 1604 1967 1645 an-

369 1701 500 1743 num
541 1687 632 1750 57,
681 1702 826 1740 num.
858 1685 893 1740 6
924 1694 979 1741 et
1005 1686 1058 1752 7,
1100 1694 1157 1741 et
1192 1694 1395 1756 quanta
1443 1684 1673 1757 gaudeat
1717 1684 1967 1753 probabi—

2070 486 2278 532 certum
2324 475 2478 530 sitio
2534 474 2638 531 hoc
2680 475 2841 530 etiam
2885 476 3025 530 sicut
3055 476 3109 530 in
3159 478 3376 531 caeteris
3418 487 3663 531 secutum

2070 569 2237 627 fuisse
2280 569 2592 624 Chronieon
2643 568 2881 634 Enscb’i,
2914 568 3002 639 qui
3056 582 3225 640 usque
3256 568 3322 623 ad
3370 583 3570 624 annmn
3599 570 3666 623 Η

2072 662 2322 734 producit
2347 662 2466 717 Lini
2499 665 2890 734 episcopatum.
2952 662 3104 729 Quod
3160 664 3203 717 si
3245 663 3314 717 ab
3354 661 3437 717 his
3464 662 3669 718 dissen-

2072 757 2211 815 tiunt
2240 759 2590 824 recentiores,
2638 773 2824 829 parum
2884 759 3129 820 interest,
3172 772 3293 812 cum
3325 758 3522 812 Dexter
3570 771 3665 812 eos

2071 854 2263 910 audire
2291 855 2618 924 nequiverit,
2652 854 2745 909 sed
2774 854 2948 908 solum
2974 853 3321 923 vetustiores,
3355 867 3491 924 quos
3520 852 3574 909 lu
3601 868 3663 910 re

2072 946 2210 1002 adeo
2236 947 2461 1019 ancipiti
2492 956 2546 1002 et
2583 948 2801 1018 antiqua
2833 963 3022 1002 omnes
3048 946 3203 1017 sequi
3233 946 3518 1003 deberent.

2145 1042 2261 1098 lloc
2308 1049 2367 1099 ut
2397 1041 2681 1097 minimum
2710 1038 2899 1097 delere
2928 1056 2999 1097 ex
3036 1041 3151 1096 suis
3191 1041 3333 1096 notis
3366 1041 3665 1097 Pennottus

2068 1134 2356 1203 debuerat,
2407 1144 2594 1205 utpote
2619 1133 2767 1205 prius
2791 1151 2820 1188 a
2872 1150 2957 1191 me
3003 1135 3317 1191 admonitus
3345 1134 3412 1191 de
3434 1148 3620 1191 errore
3647 1151 3661 1189 :

2069 1227 2215 1301 quod
2237 1228 2381 1285 enim
2416 1228 2518 1283 hoc
2551 1228 2671 1283 loco
2704 1228 2899 1283 Dexter
2925 1228 3143 1295 asserit,
3189 1228 3410 1283 venisse
3455 1226 3668 1284 scilicet

2072 1321 2299 1378 Romam
2324 1319 2688 1394 Polycarpum
2718 1320 2819 1375 sub
2849 1320 3093 1387 Aniceto,
3131 1330 3241 1375 tam
3265 1335 3451 1375 rerum
3476 1330 3580 1384 est,
3607 1328 3667 1374 ut

2071 1413 2124 1469 id
2155 1413 2545 1470 allirmaverint
2592 1415 2923 1484 posteriores
2951 1413 3092 1469 inter
3123 1415 3332 1484 priscos
3370 1414 3663 1478 Doctores,

2070 1508 2269 1579 quibus
2288 1516 2460 1564 tutum
2481 1523 2586 1563 non
2607 1509 2711 1563 erit
2735 1509 3016 1577 reluctari,
3041 1507 3092 1563 id
3108 1518 3215 1576 est,
3230 1507 3467 1565 Irenarus
3489 1507 3579 1563 lib.
3606 1522 3664 1563 Ill

2069 1611 2255 1657 contra
2282 1602 2413 1658 hrer.
2439 1617 2560 1673 cap.
2578 1602 2631 1669 Ξ,
2651 1602 3009 1674 Hieronymus
3026 1601 3117 1658 lib.
3141 1602 3207 1656 de
3232 1600 3432 1672 Script.
3450 1599 3662 1656 Eccles.

2072 1693 2124 1749 in
2157 1693 2476 1765 l‘olycarpo,
2523 1706 2575 1750 et
2625 1695 2891 1749 Eusebius
2930 1696 2983 1750 in
3021 1693 3229 1749 Chron.
3268 1708 3415 1750 anno
3446 1693 3660 1750 Domini

367 1781 519 1838 litate
544 1781 813 1836 sententia
844 1780 1025 1837 Dextri
1053 1779 1282 1835 videbis.
1313 1779 1546 1836 Gravius
1568 1777 1801 1834 excessit
1830 1778 1968 1833 Pen-
2000 1770 2044 1832 Β
2077 1786 2197 1841 tso.
2219 1784 2506 1855 llncus-tuc
2534 1786 2624 1840 alii
2661 1787 3047 1841 modernornm
3076 1786 3471 1855 subscripsere.
3500 1784 3664 1841 Dedi-

366 1882 574 1936 nottus,
594 1871 722 1927 dum
752 1871 803 1928 id
823 1871 964 1941 quod
990 1871 1187 1927 asserit
1215 1871 1437 1936 Dexter,
1459 1868 1744 1925 duodecim
1770 1869 1965 1935 tribus,

363 1969 566 2040 quibus
588 1966 823 2035 Jacobus
861 1966 1009 2021 misit
1043 1966 1351 2037 epistolam,
1392 1966 1557 2020 fuisse
1600 1963 1739 2019 intra
1769 1963 1966 2033 llispa-

366 2064 513 2118 niam
539 2104 554 2127 ,
585 2077 708 2118 esse
736 2072 1144 2125 commentum,
1194 2072 1249 2116 et
1292 2072 1479 2132 aperte
1518 2071 1707 2116 contra
1752 2074 1966 2115 sacram

352 2155 707 2227 Scriptorum
750 2153 845 2209 lib.
896 2170 947 2208 tv
991 2154 1128 2225 Reg.
1177 2154 1295 2208 lloe
1330 2154 1374 2208 si
1415 2162 1601 2218 esset,
1649 2152 1966 2208 literelicum

367 2263 491 2308 csse
520 2263 682 2306 nemo
713 2258 936 2319 negaret
968 2266 979 2300 :
1013 2264 1203 2303 verum
1236 2264 1304 2301 an
1330 2246 1447 2317 ipse
1478 2247 1672 2302 librutn
1703 2246 1858 2301 illum
1890 2243 1971 2299 lc-

370 2343 512 2414 gerit
559 2355 650 2397 aut
685 2342 1053 2404 intellexerit,
1085 2356 1150 2396 et
1204 2339 1289 2395 his
1333 2354 1455 2410 quae
1497 2340 1606 2395 late
1647 2339 1969 2410 scripsimus

370 2434 631 2506 prxdieto
661 2434 783 2490 loco
808 2450 960 2489 nmn.
984 2433 1043 2503 5,
1072 2434 1284 2489 cunctis
1309 2431 1468 2488 facile
1492 2431 1727 2502 patebit;
1756 2445 1881 2503 qua:
1901 2444 1969 2486 ne

368 2540 554 2583 aetum
584 2542 749 2597 agere
784 2527 1065 2582 videamur
1094 2526 1146 2581 in
1190 2526 1444 2596 praesenti
1495 2538 1603 2579 non
1643 2523 1963 2595 repetimus.

368 2624 566 2677 Acrem
594 2621 948 2675 nihilominus
971 2635 1263 2675 censuram
1293 2619 1475 2674 amico
1504 2619 1737 2674 libenter
1761 2618 1970 2674 condo-

370 2729 565 2770 namus
597 2732 611 2769 :
643 2724 697 2770 et
728 2715 876 2770 illatn
899 2716 1064 2769 etiam
1084 2756 1098 2781 ,
1124 2729 1228 2784 qua
1258 2723 1448 2768 contra
1479 2712 1761 2768 historiam
1804 2728 1970 2767 evan-

368 2807 603 2878 gelicum
637 2806 794 2865 Joan.
832 2823 885 2862 XI
935 2822 1055 2863 esse
1103 2806 1278 2872 dicit,
1311 2805 1532 2862 Judaeus
1576 2805 1971 2878 Hierosolymi-

372 2909 554 2967 tanos,
588 2900 785 2957 litteris
816 2899 991 2966 datis,
1025 2899 1294 2969 Hispanos
1321 2898 1539 2955 Judteos
1570 2913 1741 2968 super
1769 2897 1969 2953 Christi

372 3003 550 3051 tnorte
571 2992 933 3049 consului-se.
961 2994 1077 3058 Qua
1110 2993 1177 3048 de
1206 3006 1266 3048 re
1295 2993 1409 3046 l'use
1438 2990 1648 3060 egimus
1671 2989 1738 3044 ad
1768 3005 1968 3045 annuet

375 3086 535 3143 Dom.
558 3086 649 3153 35,
670 3095 964 3142 comment.
983 3086 1040 3149 2,
1059 3105 1114 3139 ιι.
1134 3086 1185 3151 l,
1212 3096 1260 3138 et
1280 3084 1347 3139 ad
1369 3098 1457 3139 an.
1484 3083 1573 3145 57.
1599 3094 1889 3139 comment.
1911 3080 1966 3148 5,

2070 1893 2193 1932 mus
2212 1893 2399 1933 eorum
2414 1878 2575 1935 verba
2594 1878 2645 1933 in
2660 1878 2965 1935 Comment.
2980 1880 3047 1934 ad
3062 1877 3208 1934 hunc
3233 1879 3411 1949 ipsum
3437 1892 3662 1934 annum.

2142 1972 2314 2028 lmmo
2346 1972 2417 2028 ob
2448 1973 2497 2027 id
2526 1976 2703 2042 potius
2735 1972 2980 2044 lliginius
3007 1974 3074 2029 ad
3098 1974 3364 2030 Lcronem
3392 1973 3665 2043 relegatus

2068 2076 2173 2130 est,
2204 2066 2350 2138 quod
2382 2067 2550 2123 insula
2581 2076 2727 2122 esset
2749 2067 3096 2135 serpentibus
3135 2067 3318 2136 plena,
3372 2075 3428 2119 nt
3458 2065 3664 2119 certius

2070 2168 2379 2216 moreretur
2406 2177 2419 2212 :
2453 2167 2510 2215 et
2538 2160 2746 2215 ideirco
2791 2159 2973 2214 forsan
2995 2158 3215 2213 dolebat
3248 2158 3569 2213 Ambrosius
3596 2155 3663 2211 ad

2070 2253 2515 2310 Valentinianum
2568 2254 2836 2321 scribens,
2888 2254 3137 2308 exsilium
3180 2254 3349 2309 senis.
3382 2251 3516 2307 Vide
3544 2265 3666 2323 qua:

2071 2346 2172 2403 hac
2193 2347 2263 2403 de
2294 2363 2352 2403 re
2378 2346 2620 2402 diximus
2658 2346 2726 2400 ad
2771 2363 2971 2401 annum
3000 2348 3125 2401 58$.

2141 2439 2278 2495 Illud
2310 2454 2442 2495 vero
2470 2440 2618 2510 quod
2649 2438 2718 2494 de
2749 2439 2810 2494 S.
2865 2438 3090 2494 l‘aulino
3138 2437 3350 2507 objicit,
3403 2451 3564 2508 quam
3595 2438 3668 2494 sit

2069 2532 2170 2588 abs
2196 2548 2278 2597 re,
2304 2531 2655 2600 exposuimus
2682 2530 2803 2585 data
2860 2545 3024 2600 opera
3075 2530 3130 2585 in
3179 2528 3552 2600 superioribus
3596 2529 3665 2585 ad

2070 2637 2275 2678 annum
2301 2623 2477 2692 ipsum
2506 2622 2634 2685 596,
2662 2623 2875 2675 tanti-tsi
2910 2635 3107 2675 nomen
3158 2620 3410 2675 Peunotti
3441 2622 3665 2678 honoris

2070 2716 2264 2786 gratia,
2290 2726 2345 2770 et
2376 2715 2479 2772 loci
2512 2714 2955 2778 subticuerimns,
2983 2713 3127 2783 quod
3158 2728 3227 2769 eo
3253 2714 3516 2784 temporis
3542 2713 3667 2772 Tri-

2073 2808 2325 2881 partitam
2355 2823 2507 2863 suam
2553 2808 2794 2864 nondum
2819 2806 3081 2875 ediderat,
3127 2806 3241 2862 illic
3263 2806 3435 2862 lector
3462 2806 3664 2863 nodum

2070 2902 2309 2957 solutum
2340 2900 2594 2970 reperiet,
2639 2908 2693 2953 et
2733 2899 2947 2969 objecta
2992 2897 3247 2954 lalsoniti
3288 2897 3666 2957 fundamento.

2146 2995 2313 3050 Recte
2339 2993 2555 3061 quidem
2575 2992 2628 3046 id
2656 2991 2991 3062 objicerezur
3020 3032 3033 3055 ,
3086 2990 3133 3047 si
3155 2990 3328 3046 codex
3384 3007 3620 3049 exeusus
3644 3034 3662 3062 ,

2072 3103 2183 3161 quo
2221 3086 2520 3143 l‘cnnottus
2560 3100 2693 3140 usus
2721 3084 2843 3148 fuit,
2872 3084 3095 3139 vitiatus
3139 3098 3247 3139 nou
3272 3093 3449 3152 esset;
3486 3085 3664 3157 ipsum

373 3194 434 3236 ιι.
469 3181 520 3238 l.
547 3180 625 3236 Ex
653 3180 850 3251 quibus
884 3180 1102 3249 planum
1128 3179 1219 3233 lict
1241 3178 1362 3249 quis
1391 3177 1595 3233 rectius
1619 3175 1969 3247 llvangelium
1998 3159 2048 3224 C
2079 3159 2256 3240 tamen
2286 3183 2527 3253 Oportnit
2557 3180 2851 3237 emendare
2876 3196 2944 3235 ex
2972 3179 3096 3236 aliis
3124 3179 3578 3247 conci-tioribus;
3612 3179 3667 3237 in

378 3275 759 3332 intellexerit:
806 3285 1050 3346 Satisque
1098 3272 1292 3344 higide
1333 3273 1643 3343 oppositum
1690 3271 1745 3328 in
1791 3270 1973 3328 verbis

377 3368 601 3427 Joannis
632 3384 684 3423 xt
724 3367 960 3422 fundari.

453 3463 596 3519 Deus
640 3461 820 3526 bone,
874 3476 1036 3531 quam
1088 3459 1228 3516 falso
1268 3460 1628 3516 calumniatur
1678 3459 1973 3515 Dextrum!

378 3555 740 3617 Probavitnus
766 3555 834 3611 ad
862 3571 1064 3609 annum
1086 3554 1155 3611 58
1174 3554 1394 3610 Saulutn
1428 3554 1480 3608 in
1506 3553 1731 3608 Paulum
1748 3567 1977 3609 conver-

378 3666 499 3708 sum
536 3666 680 3706 anno
708 3648 911 3705 Christi
956 3648 1058 3719 56(
1087 3648 1175 3703 die
1206 3647 1276 3702 ‘25
1320 3646 1603 3718 Januarii)
1634 3647 1687 3702 id
1734 3657 1850 3710 est.
1884 3661 1976 3704 se-

378 3744 560 3800 cundo
585 3744 655 3799 ab
677 3742 1015 3799 Ascensione
1045 3740 1262 3797 Domini
1292 3754 1457 3808 anno,
1491 3740 1569 3796 uti
1596 3739 1838 3796 Ecclesia
1862 3738 1975 3793 Ro-

378 3852 539 3895 mana
592 3837 646 3893 in
693 3852 797 3891 suo
847 3832 1239 3906 martyrologio
1288 3835 1573 3904 prolitetnr
1601 3850 1612 3886 :
1645 3841 1703 3888 et
1749 3847 1872 3888 cum
1911 3848 1979 3888 eo

380 3930 642 3992 Daronins
676 3930 730 3985 in
761 3929 906 3985 notis
930 3928 998 3983 ad
1030 3943 1148 3982 eam
1193 3926 1359 3984 diem.
1406 3927 1542 3982 Cum
1568 3934 1752 3983 autem
1780 3924 1980 3982 Paulus

378 4025 497 4097 ipse
515 4026 831 4096 proﬁteatur
845 4022 1006 4093 post'a
1015 4038 1152 4079 unos
1170 4032 1281 4079 tres
1296 4024 1509 4078 venisse
1522 4021 1977 4099 Hierosolymam,

380 4131 669 4177 necessum
691 4126 778 4173 est
808 4127 863 4171 ut
894 4117 941 4170 is
960 4116 1079 4185 ejus
1103 4115 1371 4172 adventus
1408 4114 1663 4171 inciderit
1693 4115 1745 4170 ιιι
1776 4128 1978 4169 annum

384 4210 600 4268 Domini
620 4210 692 4265 '58
714 4208 859 4280 quod
888 4210 1089 4263 Dexter
1105 4209 1341 4274 asserit;
1375 4224 1495 4263 nam
1523 4218 1668 4264 lotus
1690 4206 1761 4263 56
1793 4222 1982 4262 nume-

383 4304 590 4361 randus
613 4312 721 4365 est.
750 4318 874 4356 emn
895 4306 1183 4357 conversio
1213 4303 1359 4357 l‘anli
1395 4306 1446 4355 iu
1492 4301 1645 4356 initi»
1677 4300 1821 4355 illius
1841 4298 1984 4354 acci-

384 4397 559 4466 derit,
605 4397 656 4452 id
695 4408 776 4452 est
814 4396 887 4450 2ῗί
931 4396 1195 4452 Januarii.
1244 4395 1361 4450 Non
1417 4396 1579 4465 igitur
1619 4394 1821 4449 Dexter
1867 4393 1985 4447 vult

387 4490 616 4551 Paulum
662 4500 784 4560 post
828 4488 1264 4553 Cottt'ot'siuncttt,
1321 4490 1505 4556 idest,
1548 4490 1729 4543 statim
1758 4502 1823 4543 ac
1851 4501 1983 4541 con-

2075 3275 2345 3332 sententia
2390 3273 2657 3345 siquidem
2699 3274 2827 3341 illa,
2876 3272 2975 3327 sub
3024 3271 3254 3326 Padano
3298 3271 3671 3328 Burciuonemi

2074 3373 2317 3441 episcOpO
2346 3370 2573 3423 uincitur
2609 3366 2811 3421 Paulus
2830 3366 3068 3434 Orosius,
3091 3377 3198 3421 etc.
3247 3382 3356 3421 non
3384 3375 3510 3422 sunt
3538 3367 3670 3425 anni

2080 3461 2293 3519 Domini
2319 3460 2444 3524 584,
2468 3459 2564 3515 sed
2588 3460 2713 3528 570,
2748 3467 2806 3514 ut
2834 3474 2934 3513 suo
2960 3459 3079 3515 loco
3110 3458 3280 3514 rideri
3318 3468 3516 3529 potest.
3549 3459 3672 3529 Quo

2078 3554 2205 3612 dato
2235 3555 2339 3610 ruit
2370 3553 2632 3623 ubjectio,
2661 3568 2694 3607 n
2714 3568 2784 3606 »ιιι
2807 3568 2950 3607 anno
2970 3552 3072 3606 lilii
3109 3567 3217 3622 quo
3249 3551 3448 3607 missus
3470 3551 3671 3608 dicitur

2079 3650 2149 3706 ab
2169 3649 2439 3721 episcopis
2470 3647 2721 3717 Hispanis
2745 3646 2814 3701 ad
2864 3644 3148 3701 Africanos
3172 3654 3290 3703 erat
3318 3647 3493 3702 aetatis
3521 3648 3590 3702 5t)
3610 3655 3670 3703 et

2079 3740 2299 3812 quidem
2320 3739 2554 3810 juvenis,
2579 3739 2940 3813 quamtnmris
2964 3740 3275 3811 presbyter;
3300 3739 3380 3795 sic
3404 3739 3550 3795 enim
3574 3753 3671 3795 vo-

2080 3844 2235 3889 catur
2258 3832 2329 3888 ab
2358 3834 2661 3904 Augustino
2689 3833 2757 3886 ad
2803 3847 2961 3901 quem
3008 3833 3279 3903 [mncipth
3327 3830 3667 3889 mittebatur.

2082 3924 2161 3981 De
2185 3926 2455 3995 legatione
2485 3926 2598 3991 ipsa
2627 3924 2813 3980 multis
2839 3923 3047 3995 egimus
3070 3923 3137 3978 ad
3168 3939 3369 3979 annum
3397 3923 3526 3979 400.

2153 4019 2306 4089 Quod
2330 4018 2399 4077 dc
2427 4018 2629 4090 duplici
2653 4018 2888 4088 Leporio
2933 4017 3151 4085 dicitur,
3185 4033 3373 4089 parum
3417 4024 3671 4074 constare

2048 4146 2051 4147 ν
2081 4112 2432 4186 probavimus
2460 4112 2514 4168 itt
2536 4120 2830 4169 comment.
2860 4110 2926 4166 ad
2964 4127 3055 4167 an.
3090 4111 3228 4179 .506,
3267 4112 3360 4167 tibi
3405 4112 3673 4169 Pennotto

2083 4222 2376 4277 suppresso
2400 4207 2620 4261 nomine
2650 4205 3053 4276 respondimus,
3071 4207 3162 4275 qui
3188 4218 3365 4260 tamen
3394 4204 3519 4261 inde
3542 4220 3673 4278 pra:-

2082 4302 2240 4371 cipue
2289 4308 2570 4363 movetur.
2628 4315 2698 4357 ne
2725 4298 2978 4354 videlcct
3008 4299 3340 4367 reperiretur
3370 4298 3671 4370 discipulus

2084 4394 2281 4463 aliquis
2324 4392 2604 4464 Augustini
2647 4393 2714 4447 ad
2766 4390 3019 4447 haeresim
3059 4392 3383 4448 declinasse.
3418 4391 3522 4448 Sed
3572 4391 3677 4448 hoc

2086 4490 2203 4544 lere
2226 4487 2517 4544 admodum
2538 4495 2653 4553 est;
2679 4502 2780 4543 nec
2798 4485 2991 4541 minuit
3018 4488 3151 4541 tanti
3184 4491 3420 4556 pastoris
3444 4485 3673 4555 gloriam

390 4600 582 4644 versus
602 4587 936 4652 est,venisse
961 4583 1485 4654 llierosolymam,ut
1512 4591 1660 4654 putat
1686 4555 2063 4637 l’ennottusn
2091 4599 2195 4640 una
2229 4583 2474 4640 morbida
2518 4583 2657 4649 ovis,
2713 4582 2854 4637 sicut
2904 4595 3006 4638 nec
3052 4580 3256 4637 Christi
3304 4580 3679 4652 magisterium

391 4695 460 4736 ex
492 4695 592 4734 suo
620 4678 829 4751 capite;
871 4676 967 4732 sed
994 4675 1140 4747 quod
1170 4690 1317 4731 anno
1351 4675 1566 4731 Domini
1605 4674 1673 4729 58
1707 4684 1832 4744 post
1855 4689 1986 4729 con-

394 4773 727 4841 versionem,
748 4771 800 4825 id
814 4771 1045 4839 est,jam
1074 4785 1378 4826 conversus
1406 4770 1575 4832 venit.
1602 4770 1855 4824 nimirum
1877 4783 1985 4823 non

392 4876 519 4924 ante
543 4864 983 4929 c-utversioncm,
1008 4862 1100 4917 sed
1130 4877 1271 4918 anno
1306 4862 1519 4917 Domini
1549 4862 1619 4915 58
1648 4861 1737 4932 qui
1782 4859 1990 4914 scilicet

328 5004 336 5012 .
398 4961 585 5015 tertius
612 4958 681 5013 ab
699 4972 761 5015 ea
793 4955 910 5013 fuit.
943 4958 1013 5013 At
1033 4955 1176 5011 unde
1204 4956 1415 5027 accepit
1443 4954 1744 5011 Pennottus
1761 4953 1989 5010 Paulum

396 5068 504 5109 non
527 5062 651 5107 ante
680 5051 750 5108 58
784 5048 997 5106 Domini
1032 5065 1356 5105 conversum
1412 5047 1613 5103 fuisse?
1643 5056 1699 5103 et
1725 5062 1834 5103 non
1863 5055 1991 5101 ante

397 5146 460 5201 ιιι
495 5144 810 5200 ascendisse
842 5142 1312 5214 Hierosolymam?
1343 5140 1397 5213 ιιι
1427 5140 1625 5196 Dexter
1656 5139 1881 5196 minime
1907 5154 1995 5195 as-

394 5242 530 5298 serit
552 5283 567 5306 ,
610 5254 709 5295 nec
736 5237 829 5310 qui
861 5254 1022 5310 quam
1047 5237 1314 5308 probabili
1345 5238 1536 5293 saltent
1577 5237 1917 5308 Coniectura.

472 5332 588 5387 Non
620 5340 706 5385 cst
730 5346 916 5386 rerum
948 5330 1217 5386 Dextrum
1247 5345 1521 5397 asserere,
1544 5328 1688 5401 quod
1715 5328 1997 5401 pontifica-

399 5435 489 5484 tus
508 5424 629 5483 Liui
655 5426 899 5495 pervenit
919 5425 987 5480 ad
1003 5440 1209 5481 annum
1234 5424 1448 5481 Domini
1468 5426 1567 5491 86;
1598 5425 1816 5481 illorum
1846 5429 1993 5481 enim

400 5518 719 5574 verborum:
740 5519 884 5571 Αηηο
894 5515 1084 5572 Christi
1106 5519 1194 5572 86.
1219 5533 1307 5585 per
1330 5517 1465 5571 idem
1486 5524 1683 5589 tempus
1698 5517 1759 5571 S.
1778 5517 1997 5573 Anacte-

402 5620 509 5676 tus,
535 5612 614 5667 vel
641 5608 815 5666 (Πειρη
835 5620 1145 5666 successerat
1172 5608 1337 5677 Lino;
1381 5626 1487 5666 non
1508 5619 1592 5668 est
1610 5625 1825 5679 sensus,
1854 5609 1998 5683 quod

405 5720 470 5761 eo
498 5707 613 5776 ipso
645 5721 786 5761 anno
815 5706 1105 5768 successit;
1133 5720 1256 5761 cum
1281 5705 1465 5776 potius
1490 5705 1636 5760 dicat
1663 5717 2000 5772 successerat,

406 5816 516 5873 quo
544 5816 676 5861 sane
725 5812 851 5861 ante
881 5803 1055 5873 ipsum
1107 5816 1309 5860 annum
1338 5801 1410 5861 86
1454 5801 1786 5861 successisse
1824 5804 1998 5860 mani-

2094 4692 2236 4734 unus
2263 4676 2460 4742 ludas,
2489 4691 2556 4732 eo
2584 4690 2774 4746 praesen
2789 4675 2885 4731 tim
2912 4674 3055 4746 quod
3114 4672 3458 4746 postmodum
3506 4674 3679 4745 Lepo-

2095 4770 2210 4829 t‘ius
2239 4770 2340 4825 iste
2366 4785 2530 4839 opera
2563 4770 2736 4842 ipsius
2772 4767 3058 4839 Augustini
3089 4768 3348 4824 scribitur
3370 4766 3438 4822 ad
3475 4767 3674 4824 bonam

2096 4872 2333 4922 mentem
2362 4862 2634 4920 redactus.
2666 4860 2837 4919 Porro
2867 4862 3093 4932 praelato
3141 4862 3262 4916 loco
3304 4861 3672 4926 ostendimus,

2097 4956 2409 5014 testimonio
2429 4956 2657 5027 Appiani
2707 4954 3059 5010 Alexandrini
3089 4963 3146 5009 et
3166 4953 3435 5011 Ambrosii
3463 4952 3685 5009 Moralis

2095 5050 2322 5122 reperiri
2355 5048 2562 5105 Uticam
2613 5049 2666 5103 in
2711 5046 2989 5119 Hispania,
3033 5045 3278 5118 ejusdem
3331 5060 3556 5118 prorsus
3586 5059 3686 5102 no.

2097 5141 2258 5200 minis
2292 5156 2414 5197 eam
2446 5139 2721 5196 Africana.

2171 5238 2398 5294 Demum
2428 5235 2571 5307 quod
2603 5233 2791 5288 ultimo
2821 5232 2941 5287 loco
2969 5230 3157 5302 objicit
3205 5230 3259 5285 in
3290 5229 3474 5285 Dextri
3503 5227 3683 5285 Chro-

2098 5332 2261 5387 nicon
2280 5330 2352 5385 de
2375 5343 2543 5393 anno,
2583 5342 2692 5398 quo
2720 5325 2787 5380 ab
2832 5325 2950 5395 ipso
2998 5324 3305 5379 absolutum
3352 5322 3473 5387 fuit,
3522 5321 3605 5377 bis
3633 5321 3689 5376 iu

2103 5422 2480 5491 superioribus
2509 5422 2798 5485 solvimus,
2849 5420 2900 5473 id
2944 5426 3056 5481 cst,
3086 5418 3114 5488 ᾗ
3141 5417 3178 5472 Ξ
3205 5416 3483 5487 Apologia:
3515 5415 3698 5485 prtulio

2107 5515 2356 5581 minaris,
2378 5522 2436 5568 et
2470 5514 2522 5568 in
2550 5527 2752 5569 comm.
2792 5510 2859 5566 ad
2892 5510 3077 5566 ultima
3106 5507 3360 5565 Chronici
3400 5506 3583 5563 verba.
3618 5506 3691 5564 lbi

2106 5609 2276 5667 lector
2302 5605 2558 5677 quidquid
2580 5602 2931 5668 desiderabit,
2961 5611 3020 5657 ut
3040 5616 3188 5668 reor,
3223 5598 3478 5655 inveniet.

2178 5702 2312 5769 Quae
2338 5714 2468 5755 vero
2508 5700 2560 5753 in
2597 5697 2665 5753 BI.
2694 5696 2984 5753 Maximum
3020 5694 3313 5751 meditatus
3348 5701 3432 5748 est
3462 5691 3698 5746 Pennot—

2110 5797 2345 5867 tusltauc
2364 5790 3065 5860 habentsolutioncmﬂnid
3086 5790 3130 5849 si
3151 5796 3328 5849 textus
3342 5789 3460 5861 ipse
3478 5787 3704 5844 vitiatus
