4052 6516
463 138 564 199 63!

1372 131 1959 194 FLAVIUS-LUCIUS
2004 129 2294 192 DEXTER
2331 126 2868 194 CHRONOLOGUS.

469 265 576 322 est,
605 265 660 313 et
685 271 781 327 pro
809 255 1010 313 seniore
1045 255 1208 313 habet
1225 254 1532 327 juniorem?
1556 253 1718 311 Certe
1763 251 1816 308 in
1842 260 2063 310 auctore
2088 251 2147 316 Δ
2237 250 2462 309 Similes
2493 251 2699 323 patitur
2731 251 2980 310 defectus
3021 251 3079 311 id
3105 252 3253 326 quod
3277 255 3312 311 7
3335 253 3456 313 loco
3482 254 3673 328 objicit
3699 256 3773 315 de

467 353 840 410 vetustissimo
855 351 1160 409 mirandum
1179 349 1233 407 id
1247 366 1353 406 non
1374 357 1542 405 esset.
1561 347 1669 404 Sed
1683 347 1849 404 credo
1861 347 1932 401 ibi
1949 346 2066 401 nul-

473 447 586 502 lum
617 445 909 514 irrepsisse
939 443 1229 512 mendum;
1252 445 1298 499 is
1319 442 1466 499 enim
1487 442 1576 512 qui
1608 449 1850 512 tempore
1870 437 2065 496 Dextri

469 539 664 596 Junior
706 547 827 594 erat
875 537 1150 607 lsidurus,
1181 544 1433 607 respectu
1475 533 1822 598 vetustioris,
1876 545 2065 603 poszea

466 640 718 702 tempore
735 630 807 687 ιι.
832 628 1081 695 Maximi,
1103 628 1194 700 qui
1236 638 1358 699 post
1393 627 1502 684 200
1521 625 1705 683 floruit
1731 638 1925 691 annos,
1973 638 2064 680 se-

469 724 592 780 nior
616 724 936 790 vocabatur,
960 722 1153 778 habito
1182 721 1392 778 scilicet
1419 731 1674 792 reSpectu
1694 718 1764 775 ad
1792 717 1854 775 S.
1889 717 2065 775 Isido-

467 831 590 873 rum
611 816 1004 885 llispalenscm,
1033 815 1126 885 qui
1157 823 1285 871 tunc
1309 813 1490 884 magni
1518 813 1590 870 ab
1617 813 1876 870 omnibus
1899 810 2068 868 habe-

464 908 649 966 batur.
682 907 863 978 Quare
890 922 1054 978 quem
1079 907 1171 963 ille
1193 906 1466 977 juniorem
1496 906 1808 963 necessario
1825 905 2065 970 .voeavit,

468 1001 616 1073 quod
648 1002 816 1058 alium
862 1001 1135 1073 juniorem
1182 1017 1288 1056 non
1332 999 1603 1073 cognovit,
1655 1000 1748 1056 hie
1788 1001 2066 1058 seniorem

470 1098 826 1169 nuncupavit,
857 1112 982 1152 cum
1010 1096 1372 1154 recentiorem
1409 1096 1711 1168 agnoverit.
1750 1094 1909 1165 Quod
1936 1109 2066 1151 vero

469 1193 673 1248 librum
706 1191 1110 1264 Allegoriarum
1156 1189 1394 1248 dicatum
1419 1190 1626 1247 scribat
1668 1188 1870 1246 Dexter
1898 1189 2068 1244 Paulo

472 1285 672 1342 Orosio
705 1284 1127 1350 Tarraconensi,
1158 1283 1427 1343 Maximus
1451 1299 1585 1341 vero
1624 1291 1894 1341 assertum
1920 1297 2070 1340 asse-

472 1387 562 1433 rat
589 1375 785 1433 Orosio
803 1376 1062 1446 episcoiio
1089 1374 1437 1447 Legionensi,
1460 1375 1737 1433 contraria
1766 1391 1876 1432 non
1910 1384 2065 1442 sunt;

473 1469 570 1526 sed
593 1469 861 1525 Maximus
881 1469 1106 1539 exponit
1135 1469 1188 1524 id
1220 1467 1365 1539 quod
1398 1467 1598 1523 Dexter
1619 1469 1798 1524 minus
1829 1468 2068 1539 explica-

473 1571 652 1628 verat,
678 1561 870 1632 nequis
893 1562 1081 1618 credat
1108 1561 1303 1617 librum
1327 1561 1476 1616 illum
1504 1559 1676 1616 Paulo
1695 1559 1889 1616 Orosio
1911 1559 2071 1617 disci-

2170 341 2355 399 habitu
2385 342 2690 400 monastico
2709 346 2885 402 sancti
2917 343 3127 403 Turihii
3153 346 3346 404 tioium
3373 355 3604 420 accepto
3626 366 3642 404 :
3664 348 3771 419 ipsi

2169 452 2402 508 namque
2428 437 2662 506 probare
2681 438 2970 504 incumbit.
2992 439 3140 512 quod
3165 439 3447 514 producit,
3465 441 3610 515 quod
3632 442 3770 501 dum

2168 544 2276 586 non
2303 528 2451 598 facit,
2479 529 2816 588 infructuose
2839 529 3070 588 laborat.

2238 620 2383 689 Quid
2407 621 2454 678 si
2492 619 2675 678 hacin
2715 637 2780 680 re
2807 622 3126 681 dormitavit
3163 623 3478 682 Misimus?
3525 641 3651 684 nam
3697 627 3770 684 de

2170 723 2414 785 tempore
2461 714 2657 771 mortis
2686 714 3114 773 clarissimorum
3162 718 3407 776 virorum
3463 720 3769 790 saepissime

2167 808 2472 866 dubitatum
2501 818 2608 877 est,
2635 819 2696 866 ut
2716 809 3032 882 Augustini,
3057 811 3394 886 Hieronymi,
3423 822 3482 870 et
3496 815 3725 872 aliorum
3751 830 3768 870 :

2173 909 2231 958 et
2259 900 2555 973 aliquando
2575 900 2753 959 bonus
2779 901 3040 960 dormitat
3063 902 3334 961 Homerus
3359 905 3528 962 :sofis
3547 904 3771 976 quidem

2169 994 2341 1050 sacris
2365 994 2679 1051 auctoribus
2704 995 2891 1052 datum
2937 995 3156 1054 cmiitus
3183 1007 3291 1064 est,
3323 1011 3591 1071 nusquam
3633 997 3771 1054 labi.

2240 1087 2580 1159 Scrupulose
2607 1088 2903 1146 admodum
2947 1089 3146 1147 abnuit
3195 1090 3426 1149 culicem
3469 1090 3770 1163 deglutire,

2169 1185 2262 1255 qui
2295 1183 2349 1240 in
2400 1185 2564 1240 rebus
2609 1183 2727 1241 suis
2776 1184 3044 1241 camelum
3095 1185 3362 1242 devorare
3407 1201 3520 1243 non
3565 1185 3770 1244 munit.

2173 1277 2303 1334 Erat
2322 1274 2718 1348 Athanagildus
2743 1276 2965 1349 quidem
2991 1276 3318 1336 Arianorum
3347 1279 3482 1337 fines
3508 1277 3770 1346 infectus.

2170 1369 2266 1427 sed
2290 1371 2644 1428 sanctitatem
2699 1370 3092 1429 monachorum
3147 1375 3532 1442 reverebatur;
3575 1389 3643 1434 ea
3685 1383 3772 1433 est

2170 1465 2315 1522 enim
2357 1462 2661 1520 sanctitatis
2689 1465 2799 1532 vis,
2831 1472 2938 1521 uta
2980 1466 3207 1537 paganis
3249 1481 3466 1540 quoque
3494 1477 3553 1526 et
3578 1468 3772 1524 ortho-

2171 1558 2327 1613 doxm
2359 1557 2482 1614 fidei
2508 1555 2836 1615 adversariis
2877 1569 3198 1630 extorqueat
3236 1575 3479 1618 amorem
3523 1570 3583 1619 et
3615 1577 3770 1620 reve-

473 1657 605 1728 pulo
623 1655 1161 1729 Augustinidicatum
1179 1674 1196 1716 ;
1215 1655 1310 1712 sed
1340 1656 1497 1712 alteri
1519 1655 2076 1727 ejusdempiominiset
2102 1651 2152 1714 Β
2177 1649 2430 1708 rentiam.
2454 1648 2568 1707 Sed
2589 1665 2720 1707 vero
2769 1651 3162 1723 Athanagildus
3205 1666 3313 1709 non
3364 1653 3438 1710 ita
3465 1655 3640 1712 errori
3667 1671 3770 1711 suo

474 1749 689 1821 patriar,
709 1751 797 1820 qui
823 1757 1004 1804 tamen
1021 1747 1088 1803 ad
1130 1748 1525 1819 Legiouensem
1573 1747 1762 1804 sedem
1805 1746 1907 1802 fuit
1939 1762 2063 1803 eve-

471 1854 614 1913 ctus,
646 1842 786 1898 alios
812 1841 1078 1911 siquidem
1122 1856 1189 1896 eo
1225 1841 1444 1896 nomine
1475 1840 1758 1910 insignitos
1803 1839 1971 1896 fuisse
2001 1839 2071 1893 li-

471 1949 605 2008 quet
631 1935 944 1993 testimonio
985 1935 1168 1993 Dextri
1209 1935 1278 1991 ad
1317 1951 1445 1994 ann.
1493 1935 1600 1993 366
1645 1945 1702 1992 et
1726 1934 1797 1991 Μ.
1854 1933 2072 1990 Maximi

471 2027 543 2083 ad
572 2043 664 2082 an.
688 2027 814 2084 602.

545 2119 898 2192 lianuscripti
920 2119 1140 2177 codices
1159 2134 1351 2177 omnes
1369 2119 1572 2178 habent
1587 2121 1848 2178 Dextrum
1872 2120 2075 2179 obiisse

479 2227 623 2268 anno
655 2211 870 2268 Domini
897 2210 1006 2269 dii
1033 2228 1141 2269 non
1173 2211 1299 2281 459,
1329 2224 1386 2270 et
1410 2213 1527 2285 ipse
1554 2214 2075 2285 Cmsaraugustanus

478 2319 713 2362 cscusus
760 2320 923 2362 manu
970 2306 1142 2378 ipsius
1191 2309 1532 2364 recenseatis
1582 2316 1869 2366 correctus
1911 2308 2074 2380 vulgo

477 2400 649 2455 venit.

549 2492 720 2549 Recte
731 2490 951 2563 quidem
978 2491 1052 2547 ait
1073 2491 1344 2547 Maximus
1362 2489 1586 2547 Paulum
1599 2491 1855 2549 Orosium
1872 2492 2076 2551 obiisse

479 2588 796 2646 centenario
820 2587 1084 2657 majorem
1118 2601 1264 2641 anno
1307 2584 1508 2642 Christi
1540 2586 1642 2642 471
1671 2630 1687 2657 ,
1735 2603 1859 2643 cum
1915 2598 2074 2646 natus

477 2682 642 2738 fuerit
671 2679 798 2749 570,
829 2690 886 2736 ut
906 2680 1263 2738 corrcctiores
1293 2678 1511 2737 codires
1537 2680 1769 2749 habent,
1791 2680 1861 2738 de
1881 2697 1989 2753 quo
2017 2682 2070 2739 in

477 2773 838 2844 responsione
851 2773 1003 2845 ωλι
1030 2771 1304 2845 objeetum
1323 2771 1614 2829 adversum
1633 2774 1915 2845 Dextrum,
1939 2776 2073 2832 satis

479 2867 738 2926 diximus.

550 2963 819 3034 Suspecta
842 2977 1058 3034 quoque
1077 2961 1210 3020 mihi
1231 2978 1335 3020 vox
1361 2962 1451 3019 illa
1474 2972 1579 3030 est,
1610 2963 1708 3020 sed
1728 2963 1798 3021 ab
1819 2964 2075 3036 Augusti-

2171 1741 2528 1806 adbzrrcbat,
2570 1750 2630 1799 ut
2671 1742 2868 1799 dubius
2911 1742 3091 1799 forsan
3122 1742 3195 1800 de
3240 1743 3506 1814 religione
3540 1746 3768 1802 multum

2173 1852 2280 1893 non
2308 1836 2620 1894 adhaereret
2645 1837 2934 1894 catholica:
2957 1837 3116 1910 :quin
3141 1836 3310 1894 immo
3334 1838 3564 1895 interius
3582 1839 3771 1896 catho-

2173 1934 2293 1990 licis
2314 1933 2627 1990 consentire
2650 1933 2951 1990 dicebatur.
2975 1933 3089 1990 Nec
3109 1934 3308 1989 mirum
3328 1947 3454 1990 cum
3475 1932 3773 1989 monacho-

2173 2044 2294 2086 rum
2317 2027 2648 2084 monasteria
2673 2025 2971 2084 :cdifiearet
2988 2037 3085 2083 aut
3105 2034 3458 2093 restauraret,
3482 2035 3543 2082 ut
3559 2025 3767 2100 Syslam

2175 2131 2517 2180 restaurasse
2545 2121 2767 2178 dicitur.
2801 2121 2878 2177 De
2905 2122 3127 2178 nomine
3150 2131 3333 2176 autem
3371 2120 3496 2193 ejus
3533 2121 3770 2178 (κωτιοωί

2175 2231 2284 2271 non
2315 2215 2543 2271 multum
2564 2230 2716 2283 curo,
2748 2229 2872 2270 nam
2904 2214 3078 2284 potuit
3099 2215 3155 2270 in
3183 2213 3451 2270 honorem
3478 2213 3770 2270 multorum

2175 2308 2338 2366 simul
2364 2317 2682 2366 sanctorum
2732 2307 3015 2375 aedificari,
3045 2306 3191 2378 quod
3220 2307 3276 2363 in
3322 2305 3449 2362 aliis
3493 2305 3772 2370 videmus;

2176 2412 2270 2458 aut
2298 2403 2531 2458 alterum
2562 2415 2783 2470 nomen,
2818 2415 2944 2456 eum
2991 2400 3324 2457 aedificatum
3373 2408 3485 2467 est,
3542 2398 3774 2458 alterum

2175 2498 2232 2553 in
2261 2494 2683 2552 rcmdiflcatione
2718 2494 2907 2550 sortiri
2933 2494 3131 2564 potuit.

2251 2591 2333 2645 En
2362 2590 2631 2648 camelum
2676 2604 2839 2659 quem
2887 2587 3159 2660 deglutire
3205 2587 3508 2646 Pennottus
3535 2601 3646 2646 non
3687 2603 3779 2644 re-

2179 2684 2322 2741 nuit.
2357 2681 2652 2739 Ecclesium
2690 2681 2751 2739 S.
2795 2683 2982 2740 Maria:
3009 2682 3082 2739 de
3125 2683 3290 2740 Pilari
3335 2682 3408 2740 ab
3459 2682 3777 2753 apostolicis

2178 2777 2517 2847 temporibus
2547 2791 2717 2848 usque
2744 2775 2811 2832 ad
2843 2790 3120 2847 pauens,
3165 2776 3286 2833 sine
3334 2774 3777 2849 interpellatione

2178 2868 2350 2926 fuisse
2379 2871 2765 2928 canonicorum
2782 2870 3139 2941 regularinm,
3157 2886 3322 2943 quam
3350 2879 3534 2929 tamen
3555 2880 3772 2928 constat

2177 2963 2246 3019 ad
2270 2965 2546 3035 regulares
2574 2963 2858 3021 transiisse
2887 2979 3034 3023 anno
3081 2965 3298 3023 Domini
3326 2964 3460 3024 illi
3509 2962 3777 3025 beneficio

477 3057 659 3115 nianis
685 3054 931 3112 eremitis
945 3055 1185 3112 additam
1215 3071 1322 3112 non
1363 3056 1555 3125 credo,
1575 3057 1672 3113 sed
1706 3056 1779 3113 ab
1806 3034 2079 3115 Euthran-
2100 3034 2150 3100 ο
2181 3034 2489 3112 innocentii
2511 3056 2614 3113 PP.
2645 3056 2708 3124 li,
2737 3057 2892 3129 cujus
2919 3072 3171 3130 superes
3201 3074 3262 3115 re
3286 3060 3600 3130 apostolicae
3629 3059 3775 3118 litte-

476 3151 572 3220 do,
602 3159 698 3206 aut
724 3149 796 3206 ab
818 3149 928 3213 alio
955 3150 1181 3219 antiquo
1224 3144 1542 3216 scholiaste,
1581 3165 1681 3206 seu
1719 3159 2072 3222 annotatore;

479 3256 586 3314 qua
614 3242 682 3299 de
709 3256 771 3299 re
801 3243 934 3299 satis
963 3242 1199 3298 diximus
1223 3243 1276 3299 in
1305 3253 1604 3300 comment.
1629 3243 1699 3300 ad
1721 3260 1850 3303 anu.
1882 3247 1990 3304 49.9
2015 3265 2075 3306 n.

478 3337 542 3405 5,
576 3351 676 3393 nec
718 3337 944 3392 omnino
990 3351 1098 3392 vox
1149 3337 1263 3407 ipsa
1305 3351 1336 3392 a
1361 3346 1578 3395 vetusto
1615 3338 1784 3396 modo
1819 3339 2076 3413 loquendi

475 3428 804 3500 scriptorum
825 3429 1108 3497 abhorret,
1141 3445 1265 3484 cum
1287 3428 1581 3487 Zacharias
1624 3431 1904 3489 Romanus
1927 3432 2074 3491 Pon-

480 3524 636 3590 tifes,
665 3525 757 3596 qui
781 3539 888 3580 non
917 3524 1078 3595 longe
1106 3539 1138 3579 a
1158 3524 1228 3580 bi.
1262 3524 1498 3581 Maximo
1521 3524 1679 3595 vixit,
1707 3527 1961 3586 ordinem
2010 3529 2072 3587 S.

477 3617 762 3675 Benedicti
803 3618 1165 3676 nominaverit
1209 3616 1268 3674 in
1318 3618 1601 3692 privilegio
1638 3633 1670 3675 a
1715 3635 1777 3678 se
1811 3634 2076 3680 concesso

480 3710 685 3769 Vener.
720 3711 974 3770 ccenobio
996 3708 1458 3783 Montis-Cassiui,
1486 3712 1644 3785 cujus
1671 3713 1837 3772 verba
1866 3730 1935 3773 eo
1970 3716 2076 3776 loci

479 3805 750 3865 dedimus.

553 3900 667 3958 Hoc
697 3901 817 3958 loco
844 3899 1004 3959 facile
1051 3902 1352 3960 Pcnnottus
1381 3904 1634 3974 miratur,
1667 3921 1791 3965 cum
1838 3908 2073 3982 idipsum

476 3994 622 4061 quod
644 3992 908 4049 Maximus
928 3994 996 4049 dc
1020 3994 1081 4050 S.
1111 3993 1398 4066 Fulgentio
1419 3995 1690 4068 RuSpensi
1736 3999 1948 4069 scribit,
1979 4002 2074 4059 alii

476 4100 695 4156 quoque
713 4095 966 4143 auctores
990 4085 1284 4155 fateantur,
1313 4095 1371 4144 ut
1393 4089 1576 4148 videre
1599 4100 1681 4148 est
1723 4093 1865 4164 apud
1903 4093 2075 4167 Equi-

479 4179 652 4234 linum
679 4180 772 4236 lib.
791 4195 848 4245 li,
873 4195 924 4235 c.
953 4182 1042 4247 5:2,
1069 4178 1230 4237 Joan.
1252 4181 1532 4240 Marietam
1551 4184 1619 4242 de
1643 4183 1864 4244 Sanctis
1882 4186 2076 4261 Hispa-

476 4274 616 4341 niae,
648 4282 704 4331 et
733 4274 892 4330 alios.

551 4367 627 4422 De
656 4381 789 4422 voce
818 4368 930 4433 illa,
955 4369 1154 4423 ordinis
1175 4367 1234 4427 S.
1269 4368 1560 4440 Benedicti,
1588 4371 1700 4429 dixi
1732 4373 1899 4430 modo
1919 4391 2068 4432 num.

2179 3165 2258 3207 ra:
2285 3163 2353 3206 eo
2376 3163 2522 3205 anno
2553 3148 2842 3222 expeditas,
2871 3151 2964 3223 qui
2990 3155 3075 3208 sui
3105 3152 3452 3224 pontificatus
3473 3153 3577 3210 fuit
3595 3155 3682 3219 i2.
3717 3156 3772 3213 in

2179 3244 2350 3315 ipsius
2377 3241 2700 3300 veneranda;
2729 3237 2978 3299 ecclesife
3000 3244 3227 3302 arebivo
3247 3254 3622 3313 asservantur,
3643 3260 3770 3303 eum

2179 3337 2301 3393 aliis
2327 3335 2551 3408 Eugenii
2583 3335 2649 3392 ιιι
2690 3352 2784 3393 an.
2817 3335 2958 3394 illd
2986 3335 3338 3410 pontificatus
3358 3351 3451 3394 an.
3477 3337 3538 3404 2,
3566 3347 3625 3396 et
3647 3340 3769 3397 aliis

2179 3429 2366 3487 itidem
2391 3428 2682 3486 Alexandri
2711 3428 2780 3485 lli
2805 3443 2950 3487 anno
2978 3431 3150 3500 “73,
3181 3428 3527 3503 pontificatus
3564 3433 3652 3488 sui
3676 3431 3770 3500 12,

2179 3538 2315 3598 quas
2342 3522 2411 3579 ad
2439 3538 2597 3580 suum
2644 3523 2886 3580 favorem
2926 3523 3175 3582 canonici
3216 3524 3390 3598 ipsius
3415 3522 3676 3598 allegant,
3715 3536 3774 3584 et

2180 3617 2493 3689 producunt
2505 3617 2559 3672 in
2577 3631 2740 3673 causa
2759 3631 2928 3688 super
2950 3617 3311 3689 praecedentia
3329 3632 3492 3691 quam
3509 3634 3635 3676 cum
3653 3620 3775 3679 aliis

2178 3709 2582 3767 cathedralihus
2609 3709 2896 3779 Aragoniai
2936 3720 3198 3778 tractant;
3237 3726 3444 3784 easque
3472 3711 3642 3770 refert
3663 3714 3776 3770 Au-

2177 3803 2427 3876 gustinus
2462 3800 2733 3860 Morianes
2753 3802 2808 3858 in
2827 3802 3155 3875 allegatione
3181 3818 3282 3876 pro
3314 3803 3549 3862 ecclesia
3573 3806 3646 3863 de
3690 3805 3776 3864 Pi-

2178 3895 2279 3952 lari
2311 3904 2465 3966 parte
2488 3894 2549 3961 2,
2570 3910 2722 3952 tium.
2743 3895 2872 3953 383.
2888 3895 3162 3953 Caeterum
3184 3897 3327 3967 quod
3345 3895 3481 3954 dicit
3498 3898 3551 3954 in
3565 3897 3772 3957 Chron.

2177 3989 2441 4046 Maximus
2468 3989 2672 4045 multos
2691 3988 2812 4046 dies
2838 3989 3016 4062 ipsum
3040 3991 3218 4061 egisse
3245 3990 3351 4048 sub
3371 3991 3556 4063 regula
3587 3991 3648 4050 S.
3677 3993 3777 4050 Be-

2178 4083 2381 4141 nedicti
2412 4083 2463 4138 iu
2490 4083 2609 4140 mde
2635 4081 2695 4141 S.
2728 4082 2914 4140 blarizn
2937 4084 3010 4142 de
3038 4083 3323 4149 Columna,
3350 4091 3409 4140 et
3427 4084 3573 4156 quod
3605 4100 3774 4159 prope

2175 4185 2295 4235 erat
2311 4176 2700 4233 Monasterium
2721 4192 2878 4233 suum
2903 4182 3283 4245 constitutum,
3305 4178 3562 4236 eosolum
3575 4182 3768 4252 tendit,

2178 4274 2466 4343 utinnuat,
2494 4291 2621 4332 cum
2664 4277 2900 4347 primum
2937 4277 3274 4334 Benedictiui
3301 4276 3771 4353 Ctesaraugustam

2178 4366 2542 4426 adventarunt
2569 4369 2741 4426 adem
2770 4370 3064 4427 incoluisse
3093 4371 3331 4444 prafatze
3354 4373 3605 4431 ecclesiae
3634 4389 3771 4432 con-

474 4459 546 4526 4;
589 4460 890 4516 Pennottus
910 4475 1040 4516 vero
1066 4460 1306 4518 infensus
1336 4462 1727 4532 Benedictinis,
1750 4466 1897 4539 quod
1926 4468 2070 4526 inter
2096 4440 2153 4502 Ῐ)
2177 4460 2374 4533 “suam
2396 4504 2414 4531 .
2463 4476 2562 4520 seu
2591 4462 2824 4520 Viduam
2845 4504 2861 4531 ο
2912 4466 3059 4522 unde
3095 4440 3366 4523 iideuﬂles
3399 4483 3517 4524 rem
3558 4483 3770 4527 sacram

476 4567 736 4623 utrosque
761 4569 924 4624 super
949 4553 1205 4610 ordinum
1253 4556 1578 4628 antiquitate
1597 4558 1798 4615 acriter
1821 4559 2070 4618 decerta-

475 4656 588 4702 tum
603 4649 696 4716 sit,
722 4648 993 4704 immerito
1015 4661 1066 4704 et
1095 4650 1266 4719 gratis
1285 4650 1542 4721 deprimit
1568 4652 1777 4710 ordinis
1801 4653 1860 4711 S.
1886 4655 2065 4713 Bene-

469 4741 602 4797 dicti
633 4741 1033 4811 antiquitatem,
1067 4749 1125 4797 et
1152 4741 1496 4801 fundationes
1525 4747 1986 4806 monasteriorum
2012 4750 2067 4807 in

469 4833 752 4903 Hispania,
776 4849 910 4904 quas
939 4851 1110 4908 usque
1139 4837 1205 4892 ad
1249 4853 1451 4894 annum
1484 4840 1696 4898 Domini
1721 4841 1828 4899 646
1857 4845 2066 4902 violen-

472 4937 557 4983 ter
605 4929 916 4998 suspendit;
967 4930 1111 4999 quod
1141 4940 1320 4987 tamen
1373 4948 1480 4989 non
1529 4934 1789 5006 probans,
1843 4940 2064 5010 proprio

467 5030 646 5077 marte
681 5021 827 5093 loqui
849 5023 1212 5090 convincitur,
1248 5035 1304 5080 et
1323 5027 1516 5084 saltem
1539 5029 1592 5083 in
1618 5028 1720 5085 hac
1747 5044 1931 5100 causa,
1961 5047 2054 5088 cu—

459 5113 553 5185 jus
577 5129 701 5183 pars
737 5115 982 5172 formatis
1009 5128 1117 5187 est,
1153 5126 1340 5188 utpote
1370 5122 1722 5180 vehementer
1749 5135 2059 5198 suspectus,

463 5207 766 5263 audiendus
789 5225 895 5264 non
927 5220 1031 5265 est.
1059 5209 1167 5268 Sed
1189 5213 1318 5282 quid
1349 5216 1393 5269 si
1421 5216 1479 5272 S.
1519 5215 1832 5275 Vincentius
1869 5218 2059 5291 Legio-

462 5303 651 5357 neusis
674 5303 818 5358 circa
847 5318 1048 5358 annum
1083 5306 1295 5362 Domini
1321 5307 1426 5363 5M
1455 5309 1664 5366 italiam
1694 5314 2052 5381 contendens,

462 5393 709 5449 habitum
741 5394 808 5450 de
837 5410 998 5450 manu
1021 5396 1079 5452 S.
1106 5397 1168 5453 P.
1192 5399 1468 5456 Benedicti
1500 5401 1696 5472 induit,
1719 5404 1810 5474 qui
1831 5413 2054 5463 auctore

459 5484 582 5556 ipso
615 5486 882 5542 Pennotto
935 5490 1004 5545 ab
1033 5504 1177 5547 anno
1225 5492 1333 5549 525
1379 5495 1674 5552 monachos
1720 5511 2055 5569 congregare

463 5587 727 5647 coeperat,
758 5579 881 5636 inde
901 5581 954 5635 in
984 5585 1209 5653 patriam
1234 5586 1512 5656 remeavit,
1547 5589 1640 5644 ubi
1664 5604 1806 5646 anno
1827 5591 1929 5649 546
1950 5591 2051 5648 sub

468 5672 770 5736 llicbillanc
788 5691 913 5753 rege
926 5679 1103 5738 Sucvo
1115 5680 1372 5742 lixretico
1395 5685 1711 5759 martyrium
1726 5701 1917 5760 passus
1933 5687 2052 5747 est?

2171 4569 2357 4614 coram
2386 4556 2620 4630 imagine
2650 4558 2711 4613 Β.
2738 4557 2834 4615 Dei
2853 4557 3144 4616 Genitricis
3178 4561 3419 4629 quotidie
3448 4560 3720 4620 faciebant
3750 4581 3766 4620 :

2169 4665 2453 4725 quousque
2483 4653 2592 4708 illis
2619 4652 2943 4708 aedificatum
2975 4652 3076 4708 fuit
3101 4653 3412 4711 cmuobium
3442 4656 3510 4711 ad
3561 4656 3767 4713 Messes

2171 4747 2440 4815 Sanctus;
2467 4747 2612 4818 quod
2641 4747 2792 4804 brevi
2823 4757 3068 4818 tempore
3095 4746 3213 4805 fieri
3242 4748 3446 4820 potuit;
3479 4758 3536 4807 et
3565 4750 3767 4808 nihilo-

2169 4846 2351 4900 minus
2371 4843 2477 4901 dici
2507 4860 2633 4901 vere
2657 4845 2999 4917 postmodum
3022 4846 3213 4919 quivit,
3240 4846 3384 4919 quod
3401 4857 3565 4905 antea
3595 4862 3764 4921 prope

2165 4938 2454 4995 ecclesiam
2480 4937 2549 4995 de
2579 4938 2746 4996 Piiari
2777 4948 2897 4995 erat
2947 4941 3339 4998 monasterium
3368 4941 3758 5000 monachorum
3807 4963 3814 4971 ·

2163 5030 2224 5087 S.
2255 5029 2552 5087 Benedicti.
2573 5030 2711 5100 Quid
2732 5033 2877 5088 enim
2900 5032 3150 5090 estaliud
3181 5035 3572 5092 monasterium
3595 5049 3757 5108 quam

2162 5124 2357 5181 domus
2385 5141 2416 5182 a
2441 5126 2726 5183 monachis
2755 5126 3032 5183 habitata?
3060 5128 3157 5186 sed
3186 5141 3239 5185 et
3265 5129 3374 5187 hoc
3391 5130 3634 5203 quotidie
3677 5132 3760 5189 vi-

2161 5218 2352 5275 demus
2383 5219 2437 5275 in
2480 5219 2765 5276 monachis
2806 5220 3138 5290 reformatis,
3161 5222 3255 5292 qui
3285 5223 3520 5294 primum
3540 5239 3573 5281 e
3593 5224 3756 5284 domo

2163 5313 2300 5369 satis
2329 5311 2534 5384 vulgari
2575 5314 2969 5371 monasterium
2997 5315 3363 5385 constituunt,
3393 5315 3511 5373 sola
3537 5317 3758 5374 clausu-

2162 5420 2222 5461 ra
2247 5417 2300 5462 et
2331 5406 2650 5478 campaunla
2681 5406 2750 5462 ad
2771 5417 2983 5477 portam
3003 5405 3217 5465 addita:
3251 5423 3286 5466 e
3305 5425 3407 5479 qua
3433 5407 3755 5483 plerumque

2159 5498 2227 5556 ad
2257 5513 2456 5556 novum
2481 5497 2770 5555 aedificium
2794 5499 2943 5557 brevi
2967 5508 3268 5571 transeunt,
3293 5501 3477 5559 veteris
3495 5512 3756 5562 nionasts-

2158 5592 2227 5649 rii
2253 5593 2474 5650 nomine
2496 5592 2682 5650 domui
2712 5593 2877 5662 priori
2921 5593 3135 5655 relicto.

2230 5687 2370 5748 Hinc
2400 5689 2581 5764 potius
2608 5688 2779 5748 robur
2805 5690 3008 5766 accipit
3046 5690 3317 5753 sententia
3343 5690 3496 5753 card.
3538 5690 3749 5754 Bellar-
