  <div class='ocr_page' id='page_1' title='image "/cluster/home/n/w/nwhite01/storage/ocr_20150623/31/umn.319510024773250/324.png"; bbox 0 0 4052 6454; ppageno 0'>
   <div class='ocr_carea' id='block_1_1' title="bbox 306 193 423 255">
    <p class='ocr_par' dir='ltr' id='par_1_1' title="bbox 306 193 423 255">
     <span class='ocr_line' id='line_1_1' title="bbox 306 193 423 255; baseline 0 0"><span class='ocrx_word' id='word_1_1' title='bbox 306 193 423 255; x_wconf 74' lang='lat'><strong>633</strong></span> 
     </span>
    </p>
   </div>
   <div class='ocr_carea' id='block_1_2' title="bbox 1352 187 2503 253">
    <p class='ocr_par' dir='ltr' id='par_1_2' title="bbox 1352 187 2503 253">
     <span class='ocr_line' id='line_1_2' title="bbox 1352 187 2503 253; baseline 0 -1"><span class='ocrx_word' id='word_1_2' title='bbox 1352 189 1882 253; x_wconf 72' lang='lat' dir='ltr'><strong>APOLOGETICIJS</strong></span> <span class='ocrx_word' id='word_1_3' title='bbox 1917 187 2055 248; x_wconf 79' lang='lat' dir='ltr'><strong>PRO</strong></span> <span class='ocrx_word' id='word_1_4' title='bbox 2090 190 2153 248; x_wconf 83' lang='grc' dir='ltr'><strong>ι..</strong></span> <span class='ocrx_word' id='word_1_5' title='bbox 2198 191 2503 253; x_wconf 76' lang='lat' dir='ltr'><strong>DEXTRO.</strong></span> 
     </span>
    </p>
   </div>
   <div class='ocr_carea' id='block_1_3' title="bbox 3493 197 3603 259">
    <p class='ocr_par' dir='ltr' id='par_1_3' title="bbox 3493 197 3603 259">
     <span class='ocr_line' id='line_1_3' title="bbox 3493 197 3603 259; baseline 0 0"><span class='ocrx_word' id='word_1_6' title='bbox 3493 197 3603 259; x_wconf 66' lang='lat'><strong>63$</strong></span> 
     </span>
    </p>
   </div>
   <div class='ocr_carea' id='block_1_4' title="bbox 302 305 3598 385">
    <p class='ocr_par' dir='ltr' id='par_1_4' title="bbox 302 305 3598 385">
     <span class='ocr_line' id='line_1_4' title="bbox 302 305 3598 385; baseline 0.001 -16"><span class='ocrx_word' id='word_1_7' title='bbox 302 308 465 379; x_wconf 88' lang='lat' dir='ltr'><strong>mini,</strong></span> <span class='ocrx_word' id='word_1_8' title='bbox 491 323 624 382; x_wconf 70' lang='lat' dir='ltr'><strong>qua:</strong></span> <span class='ocrx_word' id='word_1_9' title='bbox 643 306 927 367; x_wconf 70' lang='lat' dir='ltr'><strong>canonicis</strong></span> <span class='ocrx_word' id='word_1_10' title='bbox 948 307 1082 380; x_wconf 87' lang='lat' dir='ltr'><strong>ipsis</strong></span> <span class='ocrx_word' id='word_1_11' title='bbox 1109 306 1455 381; x_wconf 68' lang='lat' dir='ltr'><strong>regularibus</strong></span> <span class='ocrx_word' id='word_1_12' title='bbox 1483 307 1678 379; x_wconf 88' lang='lat' dir='ltr'><strong>placet,</strong></span> <span class='ocrx_word' id='word_1_13' title='bbox 1711 305 1768 363; x_wconf 93' lang='lat' dir='ltr'><strong>id</strong></span> <span class='ocrx_word' id='word_1_14' title='bbox 1796 314 1903 374; x_wconf 87' lang='lat' dir='ltr'><strong>est,</strong></span> <span class='ocrx_word' id='word_1_15' title='bbox 1932 305 1987 367; x_wconf 80' lang='grc' dir='ltr'><strong>Δ</strong></span> <span class='ocrx_word' id='word_1_16' title='bbox 2011 315 2223 364; x_wconf 90' lang='lat' dir='ltr'><strong>nottum</strong></span> <span class='ocrx_word' id='word_1_17' title='bbox 2254 309 2306 366; x_wconf 91' lang='lat' dir='ltr'><strong>id</strong></span> <span class='ocrx_word' id='word_1_18' title='bbox 2334 326 2441 367; x_wconf 90' lang='lat' dir='ltr'><strong>non</strong></span> <span class='ocrx_word' id='word_1_19' title='bbox 2470 310 2748 383; x_wconf 76' lang='lat' dir='ltr'><strong>ignorare,</strong></span> <span class='ocrx_word' id='word_1_20' title='bbox 2776 310 2872 385; x_wconf 89' lang='lat' dir='ltr'><strong>qui</strong></span> <span class='ocrx_word' id='word_1_21' title='bbox 2892 324 3042 385; x_wconf 76' lang='lat' dir='ltr'><strong>saepe</strong></span> <span class='ocrx_word' id='word_1_22' title='bbox 3064 310 3122 371; x_wconf 89' lang='lat' dir='ltr'><strong>in</strong></span> <span class='ocrx_word' id='word_1_23' title='bbox 3146 311 3445 385; x_wconf 75' lang='lat' dir='ltr'><strong>Tripartita</strong></span> <span class='ocrx_word' id='word_1_24' title='bbox 3472 328 3598 385; x_wconf 83' lang='lat' dir='ltr'><strong>sua,</strong></span> 
     </span>
    </p>
   </div>
   <div class='ocr_carea' id='block_1_5' title="bbox 298 400 1901 474">
    <p class='ocr_par' dir='ltr' id='par_1_5' title="bbox 298 400 1901 474">
     <span class='ocr_line' id='line_1_5' title="bbox 298 400 1901 474; baseline -0.005 -11"><span class='ocrx_word' id='word_1_25' title='bbox 298 404 522 464; x_wconf 81' lang='lat' dir='ltr'><strong>Simoni</strong></span> <span class='ocrx_word' id='word_1_26' title='bbox 541 402 803 461; x_wconf 80' lang='lat' dir='ltr'><strong>Urerlino</strong></span> <span class='ocrx_word' id='word_1_27' title='bbox 823 402 1121 474; x_wconf 67' lang='lat' dir='ltr'><strong>prmposito</strong></span> <span class='ocrx_word' id='word_1_28' title='bbox 1141 402 1357 460; x_wconf 69' lang='lat' dir='ltr'><strong>Sancta:</strong></span> <span class='ocrx_word' id='word_1_29' title='bbox 1378 400 1561 458; x_wconf 75' lang='lat' dir='ltr'><strong>Ilarize</strong></span> <span class='ocrx_word' id='word_1_30' title='bbox 1576 402 1628 456; x_wconf 93' lang='lat' dir='ltr'><strong>in</strong></span> <span class='ocrx_word' id='word_1_31' title='bbox 1649 400 1901 469; x_wconf 83' lang='lat' dir='ltr'><strong>Diessen,</strong></span> 
     </span>
    </p>
   </div>
   <div class='ocr_carea' id='block_1_6' title="bbox 298 495 1905 571">
    <p class='ocr_par' dir='ltr' id='par_1_6' title="bbox 298 495 1905 571">
     <span class='ocr_line' id='line_1_6' title="bbox 298 495 1905 571; baseline -0.002 -15"><span class='ocrx_word' id='word_1_32' title='bbox 298 513 469 571; x_wconf 85' lang='lat' dir='ltr'><strong>quem</strong></span> <span class='ocrx_word' id='word_1_33' title='bbox 497 497 746 569; x_wconf 83' lang='lat' dir='ltr'><strong>sequitur</strong></span> <span class='ocrx_word' id='word_1_34' title='bbox 774 497 1095 553; x_wconf 74' lang='lat' dir='ltr'><strong>Bernartius</strong></span> <span class='ocrx_word' id='word_1_35' title='bbox 1131 495 1459 569; x_wconf 69' lang='lat' dir='ltr'><strong>Vindingus,</strong></span> <span class='ocrx_word' id='word_1_36' title='bbox 1495 510 1603 553; x_wconf 91' lang='lat' dir='ltr'><strong>non</strong></span> <span class='ocrx_word' id='word_1_37' title='bbox 1635 497 1780 553; x_wconf 89' lang='lat' dir='ltr'><strong>enim</strong></span> <span class='ocrx_word' id='word_1_38' title='bbox 1817 510 1905 552; x_wconf 92' lang='lat' dir='ltr'><strong>re-</strong></span> 
     </span>
    </p>
   </div>
   <div class='ocr_carea' id='block_1_7' title="bbox 297 588 1902 665">
    <p class='ocr_par' dir='ltr' id='par_1_7' title="bbox 297 588 1902 665">
     <span class='ocr_line' id='line_1_7' title="bbox 297 588 1902 665; baseline 0 -20"><span class='ocrx_word' id='word_1_39' title='bbox 297 591 435 665; x_wconf 70' lang='lat' dir='ltr'><strong>gula</strong></span> <span class='ocrx_word' id='word_1_40' title='bbox 469 591 697 665; x_wconf 88' lang='lat' dir='ltr'><strong>scripta,</strong></span> <span class='ocrx_word' id='word_1_41' title='bbox 728 589 828 646; x_wconf 86' lang='lat' dir='ltr'><strong>sed</strong></span> <span class='ocrx_word' id='word_1_42' title='bbox 859 590 977 646; x_wconf 84' lang='lat' dir='ltr'><strong>viva</strong></span> <span class='ocrx_word' id='word_1_43' title='bbox 1008 603 1177 659; x_wconf 86' lang='lat' dir='ltr'><strong>voce,</strong></span> <span class='ocrx_word' id='word_1_44' title='bbox 1211 599 1269 647; x_wconf 91' lang='lat' dir='ltr'><strong>et</strong></span> <span class='ocrx_word' id='word_1_45' title='bbox 1307 588 1567 658; x_wconf 71' lang='lat' dir='ltr'><strong>exemplo</strong></span> <span class='ocrx_word' id='word_1_46' title='bbox 1602 588 1902 645; x_wconf 72' lang='lat' dir='ltr'><strong>monachos</strong></span> 
     </span>
    </p>
   </div>
   <div class='ocr_carea' id='block_1_8' title="bbox 299 682 1903 743">
    <p class='ocr_par' dir='ltr' id='par_1_8' title="bbox 299 682 1903 743">
     <span class='ocr_line' id='line_1_8' title="bbox 299 682 1903 743; baseline -0.004 0"><span class='ocrx_word' id='word_1_47' title='bbox 299 700 404 743; x_wconf 87' lang='lat' dir='ltr'><strong>seu</strong></span> <span class='ocrx_word' id='word_1_48' title='bbox 432 684 730 742; x_wconf 75' lang='lat' dir='ltr'><strong>canonicos</strong></span> <span class='ocrx_word' id='word_1_49' title='bbox 757 697 887 740; x_wconf 88' lang='lat' dir='ltr'><strong>suos</strong></span> <span class='ocrx_word' id='word_1_50' title='bbox 912 682 1112 739; x_wconf 78' lang='lat' dir='ltr'><strong>Doctor</strong></span> <span class='ocrx_word' id='word_1_51' title='bbox 1140 684 1523 740; x_wconf 82' lang='lat' dir='ltr'><strong>sanctissimus</strong></span> <span class='ocrx_word' id='word_1_52' title='bbox 1551 682 1770 740; x_wconf 90' lang='lat' dir='ltr'><strong>edocuit</strong></span> <span class='ocrx_word' id='word_1_53' title='bbox 1805 700 1818 738; x_wconf 89' lang='lat'><strong>:</strong></span> <span class='ocrx_word' id='word_1_54' title='bbox 1842 690 1903 737; x_wconf 90' lang='lat' dir='ltr'><strong>ut</strong></span> 
     </span>
    </p>
   </div>
   <div class='ocr_carea' id='block_1_9' title="bbox 300 776 1897 851">
    <p class='ocr_par' dir='ltr' id='par_1_9' title="bbox 300 776 1897 851">
     <span class='ocr_line' id='line_1_9' title="bbox 300 776 1897 851; baseline -0.003 -14"><span class='ocrx_word' id='word_1_55' title='bbox 300 781 525 838; x_wconf 63' lang='lat' dir='ltr'><strong>caeteris</strong></span> <span class='ocrx_word' id='word_1_56' title='bbox 562 777 749 851; x_wconf 88' lang='lat' dir='ltr'><strong>prisco</strong></span> <span class='ocrx_word' id='word_1_57' title='bbox 796 788 1047 849; x_wconf 87' lang='lat' dir='ltr'><strong>tempore</strong></span> <span class='ocrx_word' id='word_1_58' title='bbox 1091 776 1347 835; x_wconf 84' lang='lat' dir='ltr'><strong>Patribus</strong></span> <span class='ocrx_word' id='word_1_59' title='bbox 1404 777 1577 834; x_wconf 87' lang='lat' dir='ltr'><strong>moris</strong></span> <span class='ocrx_word' id='word_1_60' title='bbox 1622 776 1744 835; x_wconf 89' lang='lat' dir='ltr'><strong>fuit.</strong></span> <span class='ocrx_word' id='word_1_61' title='bbox 1794 779 1897 835; x_wconf 82' lang='lat' dir='ltr'><strong>Aut</strong></span> 
     </span>
    </p>
   </div>
   <div class='ocr_carea' id='block_1_10' title="bbox 301 871 1898 947">
    <p class='ocr_par' dir='ltr' id='par_1_10' title="bbox 301 871 1898 947">
     <span class='ocr_line' id='line_1_10' title="bbox 301 871 1898 947; baseline -0.004 -14"><span class='ocrx_word' id='word_1_62' title='bbox 301 876 441 933; x_wconf 89' lang='lat' dir='ltr'><strong>dent</strong></span> <span class='ocrx_word' id='word_1_63' title='bbox 467 873 629 933; x_wconf 87' lang='lat' dir='ltr'><strong>nobis</strong></span> <span class='ocrx_word' id='word_1_64' title='bbox 650 873 800 947; x_wconf 61' lang='lat' dir='ltr'><strong>apud</strong></span> <span class='ocrx_word' id='word_1_65' title='bbox 822 874 998 946; x_wconf 90' lang='lat' dir='ltr'><strong>ipsum</strong></span> <span class='ocrx_word' id='word_1_66' title='bbox 1030 871 1417 945; x_wconf 76' lang='lat' dir='ltr'><strong>Augustinum,</strong></span> <span class='ocrx_word' id='word_1_67' title='bbox 1457 881 1551 927; x_wconf 88' lang='lat' dir='ltr'><strong>aut</strong></span> <span class='ocrx_word' id='word_1_68' title='bbox 1594 871 1898 927; x_wconf 77' lang='lat' dir='ltr'><strong>Possidinm</strong></span> 
     </span>
    </p>
   </div>
   <div class='ocr_carea' id='block_1_11' title="bbox 302 964 1897 1041">
    <p class='ocr_par' dir='ltr' id='par_1_11' title="bbox 302 964 1897 1041">
     <span class='ocr_line' id='line_1_11' title="bbox 302 964 1897 1041; baseline -0.004 -14"><span class='ocrx_word' id='word_1_69' title='bbox 302 970 360 1027; x_wconf 88' lang='lat' dir='ltr'><strong>in</strong></span> <span class='ocrx_word' id='word_1_70' title='bbox 385 968 652 1041; x_wconf 68' lang='lat' dir='ltr'><strong>catalogis</strong></span> <span class='ocrx_word' id='word_1_71' title='bbox 679 982 911 1041; x_wconf 90' lang='lat' dir='ltr'><strong>operum</strong></span> <span class='ocrx_word' id='word_1_72' title='bbox 952 965 1075 1038; x_wconf 85' lang='lat' dir='ltr'><strong>ejus</strong></span> <span class='ocrx_word' id='word_1_73' title='bbox 1118 965 1520 1023; x_wconf 86' lang='lat' dir='ltr'><strong>studiosissime</strong></span> <span class='ocrx_word' id='word_1_74' title='bbox 1566 964 1897 1032; x_wconf 89' lang='lat' dir='ltr'><strong>elaboratis,</strong></span> 
     </span>
    </p>
   </div>
   <div class='ocr_carea' id='block_1_12' title="bbox 300 1048 1901 1133">
    <p class='ocr_par' dir='ltr' id='par_1_12' title="bbox 300 1048 1901 1133">
     <span class='ocr_line' id='line_1_12' title="bbox 300 1048 1901 1133; baseline -0.006 -12"><span class='ocrx_word' id='word_1_75' title='bbox 300 1063 389 1121; x_wconf 83' lang='lat' dir='ltr'><strong>vel</strong></span> <span class='ocrx_word' id='word_1_76' title='bbox 429 1062 606 1121; x_wconf 71' lang='lat' dir='ltr'><strong>levem</strong></span> <span class='ocrx_word' id='word_1_77' title='bbox 633 1061 841 1133; x_wconf 65' lang='lat' dir='ltr'><strong>regula</strong></span> <span class='ocrx_word' id='word_1_78' title='bbox 883 1061 1106 1132; x_wconf 73' lang='lat' dir='ltr'><strong>scripta:</strong></span> <span class='ocrx_word' id='word_1_79' title='bbox 1149 1048 1484 1117; x_wconf 75' lang='lat' dir='ltr'><strong>mentionem</strong></span> <span class='ocrx_word' id='word_1_80' title='bbox 1519 1076 1533 1111; x_wconf 87' lang='lat'><strong>:</strong></span> <span class='ocrx_word' id='word_1_81' title='bbox 1565 1057 1708 1129; x_wconf 88' lang='lat' dir='ltr'><strong>quod</strong></span> <span class='ocrx_word' id='word_1_82' title='bbox 1738 1074 1901 1127; x_wconf 72' lang='lat' dir='ltr'><strong>argu-</strong></span> 
     </span>
    </p>
   </div>
   <div class='ocr_carea' id='block_1_13' title="bbox 302 1151 1899 1224">
    <p class='ocr_par' dir='ltr' id='par_1_13' title="bbox 302 1151 1899 1224">
     <span class='ocr_line' id='line_1_13' title="bbox 302 1151 1899 1224; baseline -0.004 -9"><span class='ocrx_word' id='word_1_83' title='bbox 302 1166 550 1215; x_wconf 84' lang='lat' dir='ltr'><strong>mentum</strong></span> <span class='ocrx_word' id='word_1_84' title='bbox 599 1155 884 1213; x_wconf 78' lang='lat' dir='ltr'><strong>evidenter</strong></span> <span class='ocrx_word' id='word_1_85' title='bbox 929 1154 1211 1210; x_wconf 74' lang='lat' dir='ltr'><strong>convincit</strong></span> <span class='ocrx_word' id='word_1_86' title='bbox 1272 1152 1638 1224; x_wconf 77' lang='lat' dir='ltr'><strong>Augustinum</strong></span> <span class='ocrx_word' id='word_1_87' title='bbox 1696 1151 1899 1208; x_wconf 88' lang='lat' dir='ltr'><strong>nullam</strong></span> 
     </span>
    </p>
   </div>
   <div class='ocr_carea' id='block_1_14' title="bbox 300 1246 1899 1322">
    <p class='ocr_par' dir='ltr' id='par_1_14' title="bbox 300 1246 1899 1322">
     <span class='ocr_line' id='line_1_14' title="bbox 300 1246 1899 1322; baseline -0.005 -15"><span class='ocrx_word' id='word_1_88' title='bbox 300 1250 595 1322; x_wconf 85' lang='lat' dir='ltr'><strong>scripsisse</strong></span> <span class='ocrx_word' id='word_1_89' title='bbox 633 1248 875 1319; x_wconf 74' lang='lat' dir='ltr'><strong>regulam</strong></span> <span class='ocrx_word' id='word_1_90' title='bbox 924 1246 1205 1317; x_wconf 84' lang='lat' dir='ltr'><strong>discipulis</strong></span> <span class='ocrx_word' id='word_1_91' title='bbox 1240 1246 1354 1301; x_wconf 84' lang='lat' dir='ltr'><strong>suis</strong></span> <span class='ocrx_word' id='word_1_92' title='bbox 1388 1262 1405 1300; x_wconf 92' lang='lat'><strong>:</strong></span> <span class='ocrx_word' id='word_1_93' title='bbox 1436 1247 1628 1301; x_wconf 83' lang='lat' dir='ltr'><strong>saltem</strong></span> <span class='ocrx_word' id='word_1_94' title='bbox 1670 1259 1737 1301; x_wconf 80' lang='lat' dir='ltr'><strong>ex</strong></span> <span class='ocrx_word' id='word_1_95' title='bbox 1770 1259 1899 1300; x_wconf 79' lang='lat' dir='ltr'><strong>sen-</strong></span> 
     </span>
    </p>
   </div>
   <div class='ocr_carea' id='block_1_15' title="bbox 301 1334 1900 1412">
    <p class='ocr_par' dir='ltr' id='par_1_15' title="bbox 301 1334 1900 1412">
     <span class='ocr_line' id='line_1_15' title="bbox 301 1334 1900 1412; baseline -0.006 -10"><span class='ocrx_word' id='word_1_96' title='bbox 301 1343 477 1403; x_wconf 79' lang='lat' dir='ltr'><strong>tentia</strong></span> <span class='ocrx_word' id='word_1_97' title='bbox 503 1341 786 1411; x_wconf 82' lang='lat' dir='ltr'><strong>Penttotti,</strong></span> <span class='ocrx_word' id='word_1_98' title='bbox 819 1348 879 1398; x_wconf 88' lang='lat' dir='ltr'><strong>ttt</strong></span> <span class='ocrx_word' id='word_1_99' title='bbox 905 1355 1071 1412; x_wconf 88' lang='lat' dir='ltr'><strong>supra</strong></span> <span class='ocrx_word' id='word_1_100' title='bbox 1098 1337 1407 1397; x_wconf 71' lang='lat' dir='ltr'><strong>notavimus</strong></span> <span class='ocrx_word' id='word_1_101' title='bbox 1428 1334 1477 1410; x_wconf 82' lang='lat'><strong>§.</strong></span> <span class='ocrx_word' id='word_1_102' title='bbox 1506 1336 1564 1405; x_wconf 75' lang='grc'><strong>4,</strong></span> <span class='ocrx_word' id='word_1_103' title='bbox 1598 1353 1654 1392; x_wconf 92' lang='lat' dir='ltr'><strong>n.</strong></span> <span class='ocrx_word' id='word_1_104' title='bbox 1678 1336 1714 1395; x_wconf 84' lang='lat'><strong>5</strong></span> <span class='ocrx_word' id='word_1_105' title='bbox 1742 1336 1900 1408; x_wconf 79' lang='lat' dir='ltr'><strong>hujus</strong></span> 
     </span>
    </p>
   </div>
   <div class='ocr_carea' id='block_1_16' title="bbox 298 1427 1902 1511">
    <p class='ocr_par' dir='ltr' id='par_1_16' title="bbox 298 1427 1902 1511">
     <span class='ocr_line' id='line_1_16' title="bbox 298 1427 1902 1511; baseline -0.005 -16"><span class='ocrx_word' id='word_1_106' title='bbox 298 1436 603 1511; x_wconf 68' lang='lat' dir='ltr'><strong>apologicte</strong></span> <span class='ocrx_word' id='word_1_107' title='bbox 634 1432 1040 1505; x_wconf 72' lang='lat' dir='ltr'><strong>responsionis;</strong></span> <span class='ocrx_word' id='word_1_108' title='bbox 1063 1442 1121 1489; x_wconf 94' lang='lat' dir='ltr'><strong>et</strong></span> <span class='ocrx_word' id='word_1_109' title='bbox 1145 1429 1270 1488; x_wconf 90' lang='lat' dir='ltr'><strong>inde</strong></span> <span class='ocrx_word' id='word_1_110' title='bbox 1291 1429 1539 1502; x_wconf 82' lang='lat' dir='ltr'><strong>estquod</strong></span> <span class='ocrx_word' id='word_1_111' title='bbox 1565 1428 1630 1486; x_wconf 93' lang='lat' dir='ltr'><strong>D.</strong></span> <span class='ocrx_word' id='word_1_112' title='bbox 1661 1427 1902 1487; x_wconf 82' lang='lat' dir='ltr'><strong>lldefon-</strong></span> 
     </span>
    </p>
   </div>
   <div class='ocr_carea' id='block_1_17' title="bbox 300 1522 1896 1598">
    <p class='ocr_par' dir='ltr' id='par_1_17' title="bbox 300 1522 1896 1598">
     <span class='ocr_line' id='line_1_17' title="bbox 300 1522 1896 1598; baseline -0.005 -9"><span class='ocrx_word' id='word_1_113' title='bbox 300 1546 422 1598; x_wconf 90' lang='lat' dir='ltr'><strong>sus,</strong></span> <span class='ocrx_word' id='word_1_114' title='bbox 447 1543 514 1588; x_wconf 90' lang='lat' dir='ltr'><strong>ac</strong></span> <span class='ocrx_word' id='word_1_115' title='bbox 541 1527 751 1594; x_wconf 64' lang='lat' dir='ltr'><strong>caeteri,</strong></span> <span class='ocrx_word' id='word_1_116' title='bbox 785 1528 877 1597; x_wconf 89' lang='lat' dir='ltr'><strong>qui</strong></span> <span class='ocrx_word' id='word_1_117' title='bbox 906 1525 978 1583; x_wconf 87' lang='lat' dir='ltr'><strong>de</strong></span> <span class='ocrx_word' id='word_1_118' title='bbox 1014 1526 1228 1583; x_wconf 84' lang='lat' dir='ltr'><strong>Donato</strong></span> <span class='ocrx_word' id='word_1_119' title='bbox 1258 1534 1424 1595; x_wconf 77' lang='lat' dir='ltr'><strong>agunt</strong></span> <span class='ocrx_word' id='word_1_120' title='bbox 1455 1522 1560 1595; x_wconf 74' lang='lat' dir='ltr'><strong>(ti.</strong></span> <span class='ocrx_word' id='word_1_121' title='bbox 1604 1522 1896 1581; x_wconf 72' lang='lat' dir='ltr'><strong>Maximum</strong></span> 
     </span>
    </p>
   </div>
   <div class='ocr_carea' id='block_1_18' title="bbox 299 1617 1899 1697">
    <p class='ocr_par' dir='ltr' id='par_1_18' title="bbox 299 1617 1899 1697">
     <span class='ocr_line' id='line_1_18' title="bbox 299 1617 1899 1697; baseline -0.006 -14"><span class='ocrx_word' id='word_1_122' title='bbox 299 1623 556 1697; x_wconf 72' lang='lat' dir='ltr'><strong>excipio)</strong></span> <span class='ocrx_word' id='word_1_123' title='bbox 578 1622 788 1694; x_wconf 73' lang='lat' dir='ltr'><strong>regula:</strong></span> <span class='ocrx_word' id='word_1_124' title='bbox 817 1621 1230 1696; x_wconf 73' lang='lat' dir='ltr'><strong>Augustinianze</strong></span> <span class='ocrx_word' id='word_1_125' title='bbox 1255 1635 1287 1678; x_wconf 87' lang='lat' dir='ltr'><strong>a</strong></span> <span class='ocrx_word' id='word_1_126' title='bbox 1317 1634 1380 1676; x_wconf 87' lang='lat' dir='ltr'><strong>sc</strong></span> <span class='ocrx_word' id='word_1_127' title='bbox 1410 1619 1464 1674; x_wconf 92' lang='lat' dir='ltr'><strong>in</strong></span> <span class='ocrx_word' id='word_1_128' title='bbox 1493 1617 1784 1689; x_wconf 83' lang='lat' dir='ltr'><strong>ilispanias</strong></span> <span class='ocrx_word' id='word_1_129' title='bbox 1815 1620 1899 1674; x_wconf 91' lang='lat' dir='ltr'><strong>in-</strong></span> 
     </span>
    </p>
   </div>
   <div class='ocr_carea' id='block_1_19' title="bbox 2004 401 3600 468">
    <p class='ocr_par' dir='ltr' id='par_1_19' title="bbox 2004 401 3600 468">
     <span class='ocr_line' id='line_1_19' title="bbox 2004 401 3600 468; baseline 0.007 -11"><span class='ocrx_word' id='word_1_130' title='bbox 2004 401 2256 460; x_wconf 87' lang='lat' dir='ltr'><strong>adduetis</strong></span> <span class='ocrx_word' id='word_1_131' title='bbox 2294 407 2458 460; x_wconf 88' lang='lat' dir='ltr'><strong>etiam</strong></span> <span class='ocrx_word' id='word_1_132' title='bbox 2500 406 2675 462; x_wconf 90' lang='lat' dir='ltr'><strong>sacris</strong></span> <span class='ocrx_word' id='word_1_133' title='bbox 2718 406 3021 463; x_wconf 89' lang='lat' dir='ltr'><strong>eanonibus</strong></span> <span class='ocrx_word' id='word_1_134' title='bbox 3069 406 3127 465; x_wconf 87' lang='lat' dir='ltr'><strong>in</strong></span> <span class='ocrx_word' id='word_1_135' title='bbox 3169 406 3411 465; x_wconf 84' lang='lat' dir='ltr'><strong>medium</strong></span> <span class='ocrx_word' id='word_1_136' title='bbox 3453 408 3600 468; x_wconf 88' lang='lat' dir='ltr'><strong>idem</strong></span> 
     </span>
    </p>
   </div>
   <div class='ocr_carea' id='block_1_20' title="bbox 2005 495 3603 570">
    <p class='ocr_par' dir='ltr' id='par_1_20' title="bbox 2005 495 3603 570">
     <span class='ocr_line' id='line_1_20' title="bbox 2005 495 3603 570; baseline 0.005 -20"><span class='ocrx_word' id='word_1_137' title='bbox 2005 495 2265 552; x_wconf 89' lang='lat' dir='ltr'><strong>inculcat.</strong></span> <span class='ocrx_word' id='word_1_138' title='bbox 2297 497 2441 570; x_wconf 77' lang='lat' dir='ltr'><strong>Ergo</strong></span> <span class='ocrx_word' id='word_1_139' title='bbox 2472 496 2543 554; x_wconf 71' lang='lat' dir='ltr'><strong>Li.</strong></span> <span class='ocrx_word' id='word_1_140' title='bbox 2576 497 2865 555; x_wconf 64' lang='lat' dir='ltr'><strong>Maximum</strong></span> <span class='ocrx_word' id='word_1_141' title='bbox 2895 514 2928 557; x_wconf 91' lang='lat' dir='ltr'><strong>e</strong></span> <span class='ocrx_word' id='word_1_142' title='bbox 2952 500 3290 557; x_wconf 86' lang='lat' dir='ltr'><strong>monasterio</strong></span> <span class='ocrx_word' id='word_1_143' title='bbox 3315 500 3382 557; x_wconf 92' lang='lat' dir='ltr'><strong>ad</strong></span> <span class='ocrx_word' id='word_1_144' title='bbox 3416 501 3603 559; x_wconf 82' lang='lat' dir='ltr'><strong>archi-</strong></span> 
     </span>
    </p>
   </div>
   <div class='ocr_carea' id='block_1_21' title="bbox 2004 589 3597 666">
    <p class='ocr_par' dir='ltr' id='par_1_21' title="bbox 2004 589 3597 666">
     <span class='ocr_line' id='line_1_21' title="bbox 2004 589 3597 666; baseline 0.005 -22"><span class='ocrx_word' id='word_1_145' title='bbox 2004 589 2351 646; x_wconf 79' lang='lat' dir='ltr'><strong>diaconatnm</strong></span> <span class='ocrx_word' id='word_1_146' title='bbox 2399 591 2980 663; x_wconf 69' lang='lat' dir='ltr'><strong>Ctesaraugttstanutn,</strong></span> <span class='ocrx_word' id='word_1_147' title='bbox 3031 591 3273 666; x_wconf 89' lang='lat' dir='ltr'><strong>indeque</strong></span> <span class='ocrx_word' id='word_1_148' title='bbox 3326 592 3396 650; x_wconf 89' lang='lat' dir='ltr'><strong>ad</strong></span> <span class='ocrx_word' id='word_1_149' title='bbox 3425 594 3597 666; x_wconf 82' lang='lat' dir='ltr'><strong>ipsam</strong></span> 
     </span>
    </p>
   </div>
   <div class='ocr_carea' id='block_1_22' title="bbox 2002 682 3212 759">
    <p class='ocr_par' dir='ltr' id='par_1_22' title="bbox 2002 682 3212 759">
     <span class='ocr_line' id='line_1_22' title="bbox 2002 682 3212 759; baseline 0.002 -19"><span class='ocrx_word' id='word_1_150' title='bbox 2002 682 2318 740; x_wconf 88' lang='lat' dir='ltr'><strong>cathedram</strong></span> <span class='ocrx_word' id='word_1_151' title='bbox 2348 683 2571 751; x_wconf 88' lang='lat' dir='ltr'><strong>abduci,</strong></span> <span class='ocrx_word' id='word_1_152' title='bbox 2605 700 2765 741; x_wconf 90' lang='lat' dir='ltr'><strong>nemo</strong></span> <span class='ocrx_word' id='word_1_153' title='bbox 2792 685 2979 743; x_wconf 86' lang='lat' dir='ltr'><strong>mirari</strong></span> <span class='ocrx_word' id='word_1_154' title='bbox 3008 695 3212 759; x_wconf 85' lang='lat' dir='ltr'><strong>potest.</strong></span> 
     </span>
    </p>
   </div>
   <div class='ocr_carea' id='block_1_23' title="bbox 2073 777 3591 853">
    <p class='ocr_par' dir='ltr' id='par_1_23' title="bbox 2073 777 3591 853">
     <span class='ocr_line' id='line_1_23' title="bbox 2073 777 3591 853; baseline 0.005 -21"><span class='ocrx_word' id='word_1_155' title='bbox 2073 777 2211 848; x_wconf 86' lang='lat' dir='ltr'><strong>Quid</strong></span> <span class='ocrx_word' id='word_1_156' title='bbox 2241 778 2287 834; x_wconf 90' lang='lat' dir='ltr'><strong>si</strong></span> <span class='ocrx_word' id='word_1_157' title='bbox 2310 778 2607 836; x_wconf 88' lang='lat' dir='ltr'><strong>identidem</strong></span> <span class='ocrx_word' id='word_1_158' title='bbox 2646 782 2954 837; x_wconf 85' lang='lat' dir='ltr'><strong>scriberent</strong></span> <span class='ocrx_word' id='word_1_159' title='bbox 2987 783 3287 853; x_wconf 85' lang='lat' dir='ltr'><strong>scriptores</strong></span> <span class='ocrx_word' id='word_1_160' title='bbox 3330 780 3591 840; x_wconf 82' lang='lat' dir='ltr'><strong>classici?</strong></span> 
     </span>
    </p>
   </div>
   <div class='ocr_carea' id='block_1_24' title="bbox 2002 860 3601 948">
    <p class='ocr_par' dir='ltr' id='par_1_24' title="bbox 2002 860 3601 948">
     <span class='ocr_line' id='line_1_24' title="bbox 2002 860 3601 948; baseline 0.005 -22"><span class='ocrx_word' id='word_1_161' title='bbox 2002 870 2162 927; x_wconf 90' lang='lat' dir='ltr'><strong>Certe</strong></span> <span class='ocrx_word' id='word_1_162' title='bbox 2190 871 2248 928; x_wconf 93' lang='lat' dir='ltr'><strong>S.</strong></span> <span class='ocrx_word' id='word_1_163' title='bbox 2274 860 2517 928; x_wconf 76' lang='lat' dir='ltr'><strong>[sidut-us</strong></span> <span class='ocrx_word' id='word_1_164' title='bbox 2542 871 2595 927; x_wconf 89' lang='lat' dir='ltr'><strong>id</strong></span> <span class='ocrx_word' id='word_1_165' title='bbox 2629 871 2793 929; x_wconf 83' lang='lat' dir='ltr'><strong>habet</strong></span> <span class='ocrx_word' id='word_1_166' title='bbox 2821 873 2876 930; x_wconf 91' lang='lat' dir='ltr'><strong>in</strong></span> <span class='ocrx_word' id='word_1_167' title='bbox 2907 874 3209 940; x_wconf 87' lang='lat' dir='ltr'><strong>Chronico,</strong></span> <span class='ocrx_word' id='word_1_168' title='bbox 3239 874 3386 948; x_wconf 90' lang='lat' dir='ltr'><strong>quod</strong></span> <span class='ocrx_word' id='word_1_169' title='bbox 3422 874 3601 934; x_wconf 84' lang='lat' dir='ltr'><strong>Lucas</strong></span> 
     </span>
    </p>
   </div>
   <div class='ocr_carea' id='block_1_25' title="bbox 2001 963 3600 1038">
    <p class='ocr_par' dir='ltr' id='par_1_25' title="bbox 2001 963 3600 1038">
     <span class='ocr_line' id='line_1_25' title="bbox 2001 963 3600 1038; baseline 0.003 -18"><span class='ocrx_word' id='word_1_170' title='bbox 2001 963 2304 1030; x_wconf 72' lang='lat' dir='ltr'><strong>Tudensis,</strong></span> <span class='ocrx_word' id='word_1_171' title='bbox 2345 964 2501 1035; x_wconf 79' lang='lat' dir='ltr'><strong>jussu</strong></span> <span class='ocrx_word' id='word_1_172' title='bbox 2550 965 2892 1034; x_wconf 75' lang='lat' dir='ltr'><strong>Berengaria:</strong></span> <span class='ocrx_word' id='word_1_173' title='bbox 2935 969 3139 1038; x_wconf 73' lang='lat' dir='ltr'><strong>regina:</strong></span> <span class='ocrx_word' id='word_1_174' title='bbox 3189 968 3492 1035; x_wconf 87' lang='lat' dir='ltr'><strong>recensuit;</strong></span> <span class='ocrx_word' id='word_1_175' title='bbox 3544 979 3600 1025; x_wconf 89' lang='lat' dir='ltr'><strong>ct</strong></span> 
     </span>
    </p>
   </div>
   <div class='ocr_carea' id='block_1_26' title="bbox 2001 1059 3596 1136">
    <p class='ocr_par' dir='ltr' id='par_1_26' title="bbox 2001 1059 3596 1136">
     <span class='ocr_line' id='line_1_26' title="bbox 2001 1059 3596 1136; baseline 0.003 -22"><span class='ocrx_word' id='word_1_176' title='bbox 2001 1062 2119 1127; x_wconf 81' lang='lat' dir='ltr'><strong>ipse</strong></span> <span class='ocrx_word' id='word_1_177' title='bbox 2148 1059 2419 1116; x_wconf 83' lang='lat' dir='ltr'><strong>Tudensis</strong></span> <span class='ocrx_word' id='word_1_178' title='bbox 2447 1060 2578 1132; x_wconf 86' lang='lat' dir='ltr'><strong>(seu</strong></span> <span class='ocrx_word' id='word_1_179' title='bbox 2619 1059 2942 1127; x_wconf 84' lang='lat' dir='ltr'><strong>Tuditanus,</strong></span> <span class='ocrx_word' id='word_1_180' title='bbox 2976 1071 3035 1118; x_wconf 92' lang='lat' dir='ltr'><strong>ut</strong></span> <span class='ocrx_word' id='word_1_181' title='bbox 3068 1061 3366 1119; x_wconf 86' lang='lat' dir='ltr'><strong>Pennottus</strong></span> <span class='ocrx_word' id='word_1_182' title='bbox 3398 1065 3596 1136; x_wconf 87' lang='lat' dir='ltr'><strong>vocat)</strong></span> 
     </span>
    </p>
   </div>
   <div class='ocr_carea' id='block_1_27' title="bbox 1999 1160 3596 1233">
    <p class='ocr_par' dir='ltr' id='par_1_27' title="bbox 1999 1160 3596 1233">
     <span class='ocr_line' id='line_1_27' title="bbox 1999 1160 3596 1233; baseline 0.003 -17"><span class='ocrx_word' id='word_1_183' title='bbox 1999 1161 2086 1216; x_wconf 91' lang='lat' dir='ltr'><strong>cui</strong></span> <span class='ocrx_word' id='word_1_184' title='bbox 2113 1161 2278 1217; x_wconf 91' lang='lat' dir='ltr'><strong>etiam</strong></span> <span class='ocrx_word' id='word_1_185' title='bbox 2306 1160 2538 1216; x_wconf 88' lang='lat' dir='ltr'><strong>multum</strong></span> <span class='ocrx_word' id='word_1_186' title='bbox 2568 1174 2667 1233; x_wconf 88' lang='lat' dir='ltr'><strong>pro</strong></span> <span class='ocrx_word' id='word_1_187' title='bbox 2688 1162 2899 1218; x_wconf 89' lang='lat' dir='ltr'><strong>meritis</strong></span> <span class='ocrx_word' id='word_1_188' title='bbox 2928 1161 3125 1228; x_wconf 81' lang='lat' dir='ltr'><strong>defert,</strong></span> <span class='ocrx_word' id='word_1_189' title='bbox 3154 1161 3332 1219; x_wconf 84' lang='lat' dir='ltr'><strong>eidem</strong></span> <span class='ocrx_word' id='word_1_190' title='bbox 3356 1163 3596 1220; x_wconf 88' lang='lat' dir='ltr'><strong>subscri-</strong></span> 
     </span>
    </p>
   </div>
   <div class='ocr_carea' id='block_1_28' title="bbox 1999 1252 3705 1325">
    <p class='ocr_par' dir='ltr' id='par_1_28' title="bbox 1999 1252 3705 1325">
     <span class='ocr_line' id='line_1_28' title="bbox 1999 1252 3705 1325; baseline 0.002 -16"><span class='ocrx_word' id='word_1_191' title='bbox 1999 1253 2102 1321; x_wconf 93' lang='lat' dir='ltr'><strong>bit,</strong></span> <span class='ocrx_word' id='word_1_192' title='bbox 2148 1262 2203 1310; x_wconf 92' lang='lat' dir='ltr'><strong>et</strong></span> <span class='ocrx_word' id='word_1_193' title='bbox 2243 1252 2389 1325; x_wconf 86' lang='lat' dir='ltr'><strong>quod</strong></span> <span class='ocrx_word' id='word_1_194' title='bbox 2420 1264 2713 1324; x_wconf 84' lang='lat' dir='ltr'><strong>caputest,</strong></span> <span class='ocrx_word' id='word_1_195' title='bbox 2766 1254 2829 1309; x_wconf 90' lang='lat' dir='ltr'><strong>D.</strong></span> <span class='ocrx_word' id='word_1_196' title='bbox 2877 1252 3187 1310; x_wconf 80' lang='lat' dir='ltr'><strong>lideionsus</strong></span> <span class='ocrx_word' id='word_1_197' title='bbox 3229 1253 3283 1310; x_wconf 91' lang='lat' dir='ltr'><strong>in</strong></span> <span class='ocrx_word' id='word_1_198' title='bbox 3311 1256 3599 1313; x_wconf 83' lang='lat' dir='ltr'><strong>continua-</strong></span> <span class='ocrx_word' id='word_1_199' title='bbox 3702 1292 3705 1295; x_wconf 59' lang='grc' dir='ltr'>η</span> 
     </span>
    </p>
   </div>
   <div class='ocr_carea' id='block_1_29' title="bbox 2000 1344 3599 1417">
    <p class='ocr_par' dir='ltr' id='par_1_29' title="bbox 2000 1344 3599 1417">
     <span class='ocr_line' id='line_1_29' title="bbox 2000 1344 3599 1417; baseline 0.003 -15"><span class='ocrx_word' id='word_1_200' title='bbox 2000 1346 2149 1402; x_wconf 85' lang='lat' dir='ltr'><strong>tione</strong></span> <span class='ocrx_word' id='word_1_201' title='bbox 2196 1344 2482 1401; x_wconf 80' lang='lat' dir='ltr'><strong>lsidnriaui</strong></span> <span class='ocrx_word' id='word_1_202' title='bbox 2530 1344 2808 1402; x_wconf 89' lang='lat' dir='ltr'><strong>Chroniei.</strong></span> <span class='ocrx_word' id='word_1_203' title='bbox 2841 1347 3001 1401; x_wconf 80' lang='lat' dir='ltr'><strong>Anno</strong></span> <span class='ocrx_word' id='word_1_204' title='bbox 3051 1345 3217 1417; x_wconf 76' lang='lat' dir='ltr'><strong>igitur</strong></span> <span class='ocrx_word' id='word_1_205' title='bbox 3246 1346 3460 1405; x_wconf 82' lang='lat' dir='ltr'><strong>Domini</strong></span> <span class='ocrx_word' id='word_1_206' title='bbox 3490 1348 3599 1405; x_wconf 75' lang='lat'><strong>606</strong></span> 
     </span>
    </p>
   </div>
   <div class='ocr_carea' id='block_1_30' title="bbox 2000 1436 3596 1511">
    <p class='ocr_par' dir='ltr' id='par_1_30' title="bbox 2000 1436 3596 1511">
     <span class='ocr_line' id='line_1_30' title="bbox 2000 1436 3596 1511; baseline 0 -17"><span class='ocrx_word' id='word_1_207' title='bbox 2000 1437 2375 1495; x_wconf 83' lang='lat' dir='ltr'><strong>Maelmmctus</strong></span> <span class='ocrx_word' id='word_1_208' title='bbox 2428 1436 2905 1510; x_wconf 85' lang='lat' dir='ltr'><strong>pseudopropheta</strong></span> <span class='ocrx_word' id='word_1_209' title='bbox 2959 1436 3016 1494; x_wconf 90' lang='lat' dir='ltr'><strong>in</strong></span> <span class='ocrx_word' id='word_1_210' title='bbox 3068 1438 3359 1511; x_wconf 87' lang='lat' dir='ltr'><strong>ilispanias</strong></span> <span class='ocrx_word' id='word_1_211' title='bbox 3405 1439 3596 1508; x_wconf 88' lang='lat' dir='ltr'><strong>irruit,</strong></span> 
     </span>
    </p>
   </div>
   <div class='ocr_carea' id='block_1_31' title="bbox 1998 1531 3600 1605">
    <p class='ocr_par' dir='ltr' id='par_1_31' title="bbox 1998 1531 3600 1605">
     <span class='ocr_line' id='line_1_31' title="bbox 1998 1531 3600 1605; baseline 0.002 -17"><span class='ocrx_word' id='word_1_212' title='bbox 1998 1534 2313 1588; x_wconf 87' lang='lat' dir='ltr'><strong>commercii</strong></span> <span class='ocrx_word' id='word_1_213' title='bbox 2339 1542 2397 1588; x_wconf 92' lang='lat' dir='ltr'><strong>et</strong></span> <span class='ocrx_word' id='word_1_214' title='bbox 2422 1531 2826 1605; x_wconf 75' lang='lat' dir='ltr'><strong>pranlieationis</strong></span> <span class='ocrx_word' id='word_1_215' title='bbox 2855 1541 3154 1604; x_wconf 67' lang='lat' dir='ltr'><strong>prietestu;</strong></span> <span class='ocrx_word' id='word_1_216' title='bbox 3194 1533 3293 1590; x_wconf 86' lang='lat' dir='ltr'><strong>sed</strong></span> <span class='ocrx_word' id='word_1_217' title='bbox 3334 1534 3461 1591; x_wconf 89' lang='lat' dir='ltr'><strong>inde</strong></span> <span class='ocrx_word' id='word_1_218' title='bbox 3500 1533 3600 1591; x_wconf 72' lang='grc' dir='ltr'><strong>1ςὶ-</strong></span> 
     </span>
    </p>
   </div>
   <div class='ocr_carea' id='block_1_32' title="bbox 1999 1625 3596 1701">
    <p class='ocr_par' dir='ltr' id='par_1_32' title="bbox 1999 1625 3596 1701">
     <span class='ocr_line' id='line_1_32' title="bbox 1999 1625 3596 1701; baseline 0.001 -20"><span class='ocrx_word' id='word_1_219' title='bbox 1999 1625 2121 1683; x_wconf 79' lang='lat' dir='ltr'><strong>duri</strong></span> <span class='ocrx_word' id='word_1_220' title='bbox 2154 1626 2486 1697; x_wconf 61' lang='lat' dir='ltr'><strong>llispalensis</strong></span> <span class='ocrx_word' id='word_1_221' title='bbox 2508 1642 2674 1699; x_wconf 84' lang='lat' dir='ltr'><strong>opera</strong></span> <span class='ocrx_word' id='word_1_222' title='bbox 2702 1642 2825 1682; x_wconf 89' lang='lat' dir='ltr'><strong>cum</strong></span> <span class='ocrx_word' id='word_1_223' title='bbox 2859 1626 3190 1684; x_wconf 88' lang='lat' dir='ltr'><strong>verecundia</strong></span> <span class='ocrx_word' id='word_1_224' title='bbox 3241 1628 3449 1701; x_wconf 72' lang='lat' dir='ltr'><strong>eiectus</strong></span> <span class='ocrx_word' id='word_1_225' title='bbox 3487 1638 3596 1696; x_wconf 89' lang='lat' dir='ltr'><strong>est,</strong></span> 
     </span>
    </p>
   </div>
   <div class='ocr_carea' id='block_1_33' title="bbox 298 1697 3594 1791">
    <p class='ocr_par' dir='ltr' id='par_1_33' title="bbox 298 1697 3594 1791">
     <span class='ocr_line' id='line_1_33' title="bbox 298 1697 3594 1791; baseline -0.003 -14"><span class='ocrx_word' id='word_1_226' title='bbox 298 1719 484 1777; x_wconf 78' lang='lat' dir='ltr'><strong>ductte</strong></span> <span class='ocrx_word' id='word_1_227' title='bbox 512 1732 623 1775; x_wconf 86' lang='lat' dir='ltr'><strong>non</strong></span> <span class='ocrx_word' id='word_1_228' title='bbox 663 1715 1034 1773; x_wconf 84' lang='lat' dir='ltr'><strong>meminerint.</strong></span> <span class='ocrx_word' id='word_1_229' title='bbox 1069 1713 1344 1770; x_wconf 75' lang='lat' dir='ltr'><strong>Maximus</strong></span> <span class='ocrx_word' id='word_1_230' title='bbox 1371 1727 1504 1768; x_wconf 85' lang='lat' dir='ltr'><strong>vero</strong></span> <span class='ocrx_word' id='word_1_231' title='bbox 1551 1711 1771 1769; x_wconf 86' lang='lat' dir='ltr'><strong>nomine</strong></span> <span class='ocrx_word' id='word_1_232' title='bbox 1810 1727 1871 1768; x_wconf 85' lang='lat' dir='ltr'><strong>rc</strong></span> <span class='ocrx_word' id='word_1_233' title='bbox 1925 1697 1975 1758; x_wconf 86' lang='grc' dir='ltr'><strong>Β</strong></span> <span class='ocrx_word' id='word_1_234' title='bbox 2001 1736 2104 1791; x_wconf 69' lang='lat' dir='ltr'><strong>qua</strong></span> <span class='ocrx_word' id='word_1_235' title='bbox 2135 1719 2203 1777; x_wconf 79' lang='lat' dir='ltr'><strong>de</strong></span> <span class='ocrx_word' id='word_1_236' title='bbox 2230 1736 2312 1790; x_wconf 57' lang='lat' dir='ltr'><strong>re,</strong></span> <span class='ocrx_word' id='word_1_237' title='bbox 2347 1697 2666 1785; x_wconf 39' lang='lat' dir='ltr'><strong>nenda—me,</strong></span> <span class='ocrx_word' id='word_1_238' title='bbox 2698 1720 2944 1777; x_wconf 74' lang='lat' dir='ltr'><strong>dicemus</strong></span> <span class='ocrx_word' id='word_1_239' title='bbox 2981 1721 3035 1777; x_wconf 72' lang='lat' dir='ltr'><strong>in</strong></span> <span class='ocrx_word' id='word_1_240' title='bbox 3079 1697 3392 1780; x_wconf 41' lang='lat' dir='ltr'><strong>Comm&#39;em,</strong></span> <span class='ocrx_word' id='word_1_241' title='bbox 3422 1721 3491 1778; x_wconf 62' lang='lat' dir='ltr'><strong>ad</strong></span> <span class='ocrx_word' id='word_1_242' title='bbox 3522 1721 3594 1779; x_wconf 70' lang='grc' dir='ltr'><strong>ιι,</strong></span> 
     </span>
    </p>
   </div>
   <div class='ocr_carea' id='block_1_34' title="bbox 298 1807 1895 1885">
    <p class='ocr_par' dir='ltr' id='par_1_34' title="bbox 298 1807 1895 1885">
     <span class='ocr_line' id='line_1_34' title="bbox 298 1807 1895 1885; baseline -0.004 -15"><span class='ocrx_word' id='word_1_243' title='bbox 298 1813 444 1885; x_wconf 68' lang='lat' dir='ltr'><strong>gula:</strong></span> <span class='ocrx_word' id='word_1_244' title='bbox 467 1812 528 1869; x_wconf 84' lang='lat' dir='ltr'><strong>S.</strong></span> <span class='ocrx_word' id='word_1_245' title='bbox 561 1809 855 1882; x_wconf 76' lang='lat' dir='ltr'><strong>Augustini</strong></span> <span class='ocrx_word' id='word_1_246' title='bbox 895 1823 1001 1866; x_wconf 84' lang='lat' dir='ltr'><strong>non</strong></span> <span class='ocrx_word' id='word_1_247' title='bbox 1034 1807 1254 1881; x_wconf 82' lang='lat' dir='ltr'><strong>quidem</strong></span> <span class='ocrx_word' id='word_1_248' title='bbox 1287 1809 1618 1879; x_wconf 82' lang='lat' dir='ltr'><strong>scripturam</strong></span> <span class='ocrx_word' id='word_1_249' title='bbox 1657 1807 1895 1879; x_wconf 82' lang='lat' dir='ltr'><strong>aliquant</strong></span> 
     </span>
    </p>
   </div>
   <div class='ocr_carea' id='block_1_35' title="bbox 298 1903 1900 1981">
    <p class='ocr_par' dir='ltr' id='par_1_35' title="bbox 298 1903 1900 1981">
     <span class='ocr_line' id='line_1_35' title="bbox 298 1903 1900 1981; baseline -0.004 -15"><span class='ocrx_word' id='word_1_250' title='bbox 298 1907 579 1981; x_wconf 75' lang='lat' dir='ltr'><strong>intelligit,</strong></span> <span class='ocrx_word' id='word_1_251' title='bbox 597 1905 697 1963; x_wconf 89' lang='lat' dir='ltr'><strong>sed</strong></span> <span class='ocrx_word' id='word_1_252' title='bbox 717 1904 961 1973; x_wconf 89' lang='lat' dir='ltr'><strong>modum,</strong></span> <span class='ocrx_word' id='word_1_253' title='bbox 992 1918 1348 1976; x_wconf 87' lang='lat' dir='ltr'><strong>normamque</strong></span> <span class='ocrx_word' id='word_1_254' title='bbox 1375 1903 1596 1961; x_wconf 75' lang='lat' dir='ltr'><strong>vivendi</strong></span> <span class='ocrx_word' id='word_1_255' title='bbox 1620 1905 1740 1959; x_wconf 84' lang='lat' dir='ltr'><strong>viva</strong></span> <span class='ocrx_word' id='word_1_256' title='bbox 1766 1919 1900 1960; x_wconf 82' lang='lat' dir='ltr'><strong>roce</strong></span> 
     </span>
    </p>
   </div>
   <div class='ocr_carea' id='block_1_36' title="bbox 300 1998 1899 2073">
    <p class='ocr_par' dir='ltr' id='par_1_36' title="bbox 300 1998 1899 2073">
     <span class='ocr_line' id='line_1_36' title="bbox 300 1998 1899 2073; baseline -0.004 -14"><span class='ocrx_word' id='word_1_257' title='bbox 300 2003 377 2060; x_wconf 86' lang='lat' dir='ltr'><strong>ab</strong></span> <span class='ocrx_word' id='word_1_258' title='bbox 408 2000 715 2073; x_wconf 74' lang='lat' dir='ltr'><strong>Augustino</strong></span> <span class='ocrx_word' id='word_1_259' title='bbox 739 1999 855 2054; x_wconf 86' lang='lat' dir='ltr'><strong>suis</strong></span> <span class='ocrx_word' id='word_1_260' title='bbox 883 1998 1162 2066; x_wconf 87' lang='lat' dir='ltr'><strong>traditam,</strong></span> <span class='ocrx_word' id='word_1_261' title='bbox 1190 2013 1313 2070; x_wconf 74' lang='lat' dir='ltr'><strong>qua:</strong></span> <span class='ocrx_word' id='word_1_262' title='bbox 1341 2013 1473 2054; x_wconf 88' lang='lat' dir='ltr'><strong>sane</strong></span> <span class='ocrx_word' id='word_1_263' title='bbox 1498 2012 1599 2070; x_wconf 91' lang='lat' dir='ltr'><strong>pro</strong></span> <span class='ocrx_word' id='word_1_264' title='bbox 1639 1998 1899 2069; x_wconf 83' lang='lat' dir='ltr'><strong>temporis</strong></span> 
     </span>
    </p>
   </div>
   <div class='ocr_carea' id='block_1_37' title="bbox 299 2090 1901 2165">
    <p class='ocr_par' dir='ltr' id='par_1_37' title="bbox 299 2090 1901 2165">
     <span class='ocr_line' id='line_1_37' title="bbox 299 2090 1901 2165; baseline -0.004 -11"><span class='ocrx_word' id='word_1_265' title='bbox 299 2098 542 2162; x_wconf 85' lang='lat' dir='ltr'><strong>fervore,</strong></span> <span class='ocrx_word' id='word_1_266' title='bbox 583 2094 832 2165; x_wconf 76' lang='lat' dir='ltr'><strong>rigorosa</strong></span> <span class='ocrx_word' id='word_1_267' title='bbox 872 2090 1173 2149; x_wconf 84' lang='lat' dir='ltr'><strong>admodum</strong></span> <span class='ocrx_word' id='word_1_268' title='bbox 1213 2106 1337 2149; x_wconf 84' lang='lat' dir='ltr'><strong>esse</strong></span> <span class='ocrx_word' id='word_1_269' title='bbox 1377 2090 1658 2148; x_wconf 88' lang='lat' dir='ltr'><strong>credenda</strong></span> <span class='ocrx_word' id='word_1_270' title='bbox 1695 2100 1901 2148; x_wconf 88' lang='lat' dir='ltr'><strong>est:et</strong></span> 
     </span>
    </p>
   </div>
   <div class='ocr_carea' id='block_1_38' title="bbox 299 2183 1899 2258">
    <p class='ocr_par' dir='ltr' id='par_1_38' title="bbox 299 2183 1899 2258">
     <span class='ocr_line' id='line_1_38' title="bbox 299 2183 1899 2258; baseline -0.004 -11"><span class='ocrx_word' id='word_1_271' title='bbox 299 2188 514 2248; x_wconf 87' lang='lat' dir='ltr'><strong>idcirco</strong></span> <span class='ocrx_word' id='word_1_272' title='bbox 554 2186 793 2258; x_wconf 74' lang='lat' dir='ltr'><strong>mitigari</strong></span> <span class='ocrx_word' id='word_1_273' title='bbox 842 2183 1189 2257; x_wconf 84' lang='lat' dir='ltr'><strong>postmodum</strong></span> <span class='ocrx_word' id='word_1_274' title='bbox 1222 2184 1396 2255; x_wconf 87' lang='lat' dir='ltr'><strong>potuit</strong></span> <span class='ocrx_word' id='word_1_275' title='bbox 1426 2200 1456 2240; x_wconf 91' lang='lat' dir='ltr'><strong>a</strong></span> <span class='ocrx_word' id='word_1_276' title='bbox 1481 2184 1540 2241; x_wconf 89' lang='lat' dir='ltr'><strong>S.</strong></span> <span class='ocrx_word' id='word_1_277' title='bbox 1575 2185 1805 2252; x_wconf 89' lang='lat' dir='ltr'><strong>Donato,</strong></span> <span class='ocrx_word' id='word_1_278' title='bbox 1841 2194 1899 2241; x_wconf 90' lang='lat' dir='ltr'><strong>ut</strong></span> 
     </span>
    </p>
   </div>
   <div class='ocr_carea' id='block_1_39' title="bbox 300 2276 1902 2355">
    <p class='ocr_par' dir='ltr' id='par_1_39' title="bbox 300 2276 1902 2355">
     <span class='ocr_line' id='line_1_39' title="bbox 300 2276 1902 2355; baseline -0.004 -16"><span class='ocrx_word' id='word_1_279' title='bbox 300 2280 575 2355; x_wconf 66' lang='lat' dir='ltr'><strong>frigidiori</strong></span> <span class='ocrx_word' id='word_1_280' title='bbox 594 2279 829 2352; x_wconf 78' lang='lat' dir='ltr'><strong>regioni,</strong></span> <span class='ocrx_word' id='word_1_281' title='bbox 858 2277 1039 2351; x_wconf 85' lang='lat' dir='ltr'><strong>qualis</strong></span> <span class='ocrx_word' id='word_1_282' title='bbox 1062 2288 1146 2334; x_wconf 87' lang='lat' dir='ltr'><strong>est</strong></span> <span class='ocrx_word' id='word_1_283' title='bbox 1173 2276 1453 2351; x_wconf 78' lang='lat' dir='ltr'><strong>Hispania,</strong></span> <span class='ocrx_word' id='word_1_284' title='bbox 1477 2289 1727 2349; x_wconf 88' lang='lat' dir='ltr'><strong>respectu</strong></span> <span class='ocrx_word' id='word_1_285' title='bbox 1757 2277 1902 2334; x_wconf 79' lang='lat' dir='ltr'><strong>Afri-</strong></span> 
     </span>
    </p>
   </div>
   <div class='ocr_carea' id='block_1_40' title="bbox 298 2370 1901 2446">
    <p class='ocr_par' dir='ltr' id='par_1_40' title="bbox 298 2370 1901 2446">
     <span class='ocr_line' id='line_1_40' title="bbox 298 2370 1901 2446; baseline -0.004 -13"><span class='ocrx_word' id='word_1_286' title='bbox 298 2390 403 2440; x_wconf 70' lang='lat' dir='ltr'><strong>etc,</strong></span> <span class='ocrx_word' id='word_1_287' title='bbox 427 2375 805 2446; x_wconf 75' lang='lat' dir='ltr'><strong>adoptaretur.</strong></span> <span class='ocrx_word' id='word_1_288' title='bbox 828 2370 1033 2444; x_wconf 69' lang='lat' dir='ltr'><strong>Regula</strong></span> <span class='ocrx_word' id='word_1_289' title='bbox 1055 2386 1189 2428; x_wconf 85' lang='lat' dir='ltr'><strong>vero</strong></span> <span class='ocrx_word' id='word_1_290' title='bbox 1208 2386 1333 2443; x_wconf 73' lang='lat' dir='ltr'><strong>qum</strong></span> <span class='ocrx_word' id='word_1_291' title='bbox 1351 2386 1496 2428; x_wconf 91' lang='lat' dir='ltr'><strong>nunc</strong></span> <span class='ocrx_word' id='word_1_292' title='bbox 1517 2386 1631 2443; x_wconf 77' lang='lat' dir='ltr'><strong>pra:</strong></span> <span class='ocrx_word' id='word_1_293' title='bbox 1650 2370 1901 2427; x_wconf 76' lang='lat' dir='ltr'><strong>manilius</strong></span> 
     </span>
    </p>
   </div>
   <div class='ocr_carea' id='block_1_41' title="bbox 300 2462 1903 2539">
    <p class='ocr_par' dir='ltr' id='par_1_41' title="bbox 300 2462 1903 2539">
     <span class='ocr_line' id='line_1_41' title="bbox 300 2462 1903 2539; baseline -0.006 -12"><span class='ocrx_word' id='word_1_294' title='bbox 300 2479 412 2535; x_wconf 82' lang='lat' dir='ltr'><strong>est,</strong></span> <span class='ocrx_word' id='word_1_295' title='bbox 437 2484 505 2524; x_wconf 78' lang='lat' dir='ltr'><strong>ex</strong></span> <span class='ocrx_word' id='word_1_296' title='bbox 533 2467 769 2539; x_wconf 86' lang='lat' dir='ltr'><strong>epistola</strong></span> <span class='ocrx_word' id='word_1_297' title='bbox 798 2464 903 2524; x_wconf 78' lang='grc'>109</span> <span class='ocrx_word' id='word_1_298' title='bbox 931 2471 1175 2522; x_wconf 76' lang='lat' dir='ltr'><strong>extracta</strong></span> <span class='ocrx_word' id='word_1_299' title='bbox 1204 2464 1438 2530; x_wconf 83' lang='lat' dir='ltr'><strong>videtur,</strong></span> <span class='ocrx_word' id='word_1_300' title='bbox 1466 2463 1522 2520; x_wconf 89' lang='lat' dir='ltr'><strong>in</strong></span> <span class='ocrx_word' id='word_1_301' title='bbox 1552 2479 1658 2537; x_wconf 78' lang='lat' dir='ltr'><strong>qua</strong></span> <span class='ocrx_word' id='word_1_302' title='bbox 1685 2462 1903 2519; x_wconf 83' lang='lat' dir='ltr'><strong>variato</strong></span> 
     </span>
    </p>
   </div>
   <div class='ocr_carea' id='block_1_42' title="bbox 302 2558 1905 2632">
    <p class='ocr_par' dir='ltr' id='par_1_42' title="bbox 302 2558 1905 2632">
     <span class='ocr_line' id='line_1_42' title="bbox 302 2558 1905 2632; baseline -0.004 -13"><span class='ocrx_word' id='word_1_303' title='bbox 302 2578 443 2620; x_wconf 77' lang='lat' dir='ltr'><strong>sexu</strong></span> <span class='ocrx_word' id='word_1_304' title='bbox 472 2560 791 2617; x_wconf 85' lang='lat' dir='ltr'><strong>continetur</strong></span> <span class='ocrx_word' id='word_1_305' title='bbox 818 2558 887 2615; x_wconf 89' lang='lat' dir='ltr'><strong>ad</strong></span> <span class='ocrx_word' id='word_1_306' title='bbox 916 2559 1180 2631; x_wconf 88' lang='lat' dir='ltr'><strong>verbum;</strong></span> <span class='ocrx_word' id='word_1_307' title='bbox 1206 2570 1399 2631; x_wconf 86' lang='lat' dir='ltr'><strong>estque</strong></span> <span class='ocrx_word' id='word_1_308' title='bbox 1422 2558 1671 2632; x_wconf 67' lang='lat' dir='ltr'><strong>quaedam</strong></span> <span class='ocrx_word' id='word_1_309' title='bbox 1699 2560 1905 2614; x_wconf 83' lang='lat' dir='ltr'><strong>instru-</strong></span> 
     </span>
    </p>
   </div>
   <div class='ocr_carea' id='block_1_43' title="bbox 301 2652 1902 2726">
    <p class='ocr_par' dir='ltr' id='par_1_43' title="bbox 301 2652 1902 2726">
     <span class='ocr_line' id='line_1_43' title="bbox 301 2652 1902 2726; baseline -0.004 -11"><span class='ocrx_word' id='word_1_310' title='bbox 301 2659 417 2715; x_wconf 89' lang='lat' dir='ltr'><strong>ctio</strong></span> <span class='ocrx_word' id='word_1_311' title='bbox 436 2656 561 2713; x_wconf 74' lang='lat' dir='ltr'><strong>vita:</strong></span> <span class='ocrx_word' id='word_1_312' title='bbox 578 2653 1097 2723; x_wconf 81' lang='lat' dir='ltr'><strong>sanctimonialium,</strong></span> <span class='ocrx_word' id='word_1_313' title='bbox 1122 2667 1285 2726; x_wconf 90' lang='lat' dir='ltr'><strong>quam</strong></span> <span class='ocrx_word' id='word_1_314' title='bbox 1309 2652 1419 2711; x_wconf 90' lang='lat' dir='ltr'><strong>illis</strong></span> <span class='ocrx_word' id='word_1_315' title='bbox 1438 2653 1729 2709; x_wconf 82' lang='lat' dir='ltr'><strong>occasione</strong></span> <span class='ocrx_word' id='word_1_316' title='bbox 1747 2668 1902 2709; x_wconf 91' lang='lat' dir='ltr'><strong>sum-</strong></span> 
     </span>
    </p>
   </div>
   <div class='ocr_carea' id='block_1_44' title="bbox 305 2746 1902 2825">
    <p class='ocr_par' dir='ltr' id='par_1_44' title="bbox 305 2746 1902 2825">
     <span class='ocr_line' id='line_1_44' title="bbox 305 2746 1902 2825; baseline -0.004 -17"><span class='ocrx_word' id='word_1_317' title='bbox 305 2760 401 2825; x_wconf 88' lang='lat' dir='ltr'><strong>pta</strong></span> <span class='ocrx_word' id='word_1_318' title='bbox 433 2767 465 2807; x_wconf 94' lang='lat' dir='ltr'><strong>a</strong></span> <span class='ocrx_word' id='word_1_319' title='bbox 490 2748 895 2816; x_wconf 73' lang='lat' dir='ltr'><strong>controversia,</strong></span> <span class='ocrx_word' id='word_1_320' title='bbox 926 2762 1092 2820; x_wconf 87' lang='lat' dir='ltr'><strong>quam</strong></span> <span class='ocrx_word' id='word_1_321' title='bbox 1119 2762 1246 2803; x_wconf 91' lang='lat' dir='ltr'><strong>cum</strong></span> <span class='ocrx_word' id='word_1_322' title='bbox 1279 2747 1571 2819; x_wconf 66' lang='lat' dir='ltr'><strong>praeposita</strong></span> <span class='ocrx_word' id='word_1_323' title='bbox 1607 2746 1902 2817; x_wconf 77' lang='lat' dir='ltr'><strong>habebant,</strong></span> 
     </span>
    </p>
   </div>
   <div class='ocr_carea' id='block_1_45' title="bbox 306 2842 1901 2921">
    <p class='ocr_par' dir='ltr' id='par_1_45' title="bbox 306 2842 1901 2921">
     <span class='ocr_line' id='line_1_45' title="bbox 306 2842 1901 2921; baseline -0.001 -17"><span class='ocrx_word' id='word_1_324' title='bbox 306 2846 597 2921; x_wconf 69' lang='lat' dir='ltr'><strong>przellgere</strong></span> <span class='ocrx_word' id='word_1_325' title='bbox 623 2842 866 2910; x_wconf 88' lang='lat' dir='ltr'><strong>studuit;</strong></span> <span class='ocrx_word' id='word_1_326' title='bbox 896 2844 1042 2901; x_wconf 90' lang='lat' dir='ltr'><strong>unde</strong></span> <span class='ocrx_word' id='word_1_327' title='bbox 1069 2843 1212 2900; x_wconf 71' lang='lat' dir='ltr'><strong>nihil</strong></span> <span class='ocrx_word' id='word_1_328' title='bbox 1242 2842 1297 2901; x_wconf 90' lang='lat' dir='ltr'><strong>in</strong></span> <span class='ocrx_word' id='word_1_329' title='bbox 1327 2858 1391 2900; x_wconf 87' lang='lat' dir='ltr'><strong>ea</strong></span> <span class='ocrx_word' id='word_1_330' title='bbox 1429 2844 1501 2900; x_wconf 90' lang='lat' dir='ltr'><strong>de</strong></span> <span class='ocrx_word' id='word_1_331' title='bbox 1527 2844 1901 2920; x_wconf 74' lang='lat' dir='ltr'><strong>presbyteris,</strong></span> 
     </span>
    </p>
   </div>
   <div class='ocr_carea' id='block_1_46' title="bbox 304 2936 1905 3011">
    <p class='ocr_par' dir='ltr' id='par_1_46' title="bbox 304 2936 1905 3011">
     <span class='ocr_line' id='line_1_46' title="bbox 304 2936 1905 3011; baseline -0.001 -14"><span class='ocrx_word' id='word_1_332' title='bbox 304 2940 548 3007; x_wconf 63' lang='lat' dir='ltr'><strong>clericis,</strong></span> <span class='ocrx_word' id='word_1_333' title='bbox 570 2948 664 2995; x_wconf 87' lang='lat' dir='ltr'><strong>aut</strong></span> <span class='ocrx_word' id='word_1_334' title='bbox 687 2937 1144 3010; x_wconf 70' lang='lat' dir='ltr'><strong>praedicatoribus</strong></span> <span class='ocrx_word' id='word_1_335' title='bbox 1171 2936 1382 3007; x_wconf 74' lang='lat' dir='ltr'><strong>agitur;</strong></span> <span class='ocrx_word' id='word_1_336' title='bbox 1411 2946 1468 2993; x_wconf 89' lang='lat' dir='ltr'><strong>et</strong></span> <span class='ocrx_word' id='word_1_337' title='bbox 1488 2936 1626 2994; x_wconf 89' lang='lat' dir='ltr'><strong>side</strong></span> <span class='ocrx_word' id='word_1_338' title='bbox 1643 2953 1755 2995; x_wconf 86' lang='lat' dir='ltr'><strong>uno</strong></span> <span class='ocrx_word' id='word_1_339' title='bbox 1780 2954 1905 3011; x_wconf 88' lang='lat' dir='ltr'><strong>pre-</strong></span> 
     </span>
    </p>
   </div>
   <div class='ocr_carea' id='block_1_47' title="bbox 305 3030 1905 3107">
    <p class='ocr_par' dir='ltr' id='par_1_47' title="bbox 305 3030 1905 3107">
     <span class='ocr_line' id='line_1_47' title="bbox 305 3030 1905 3107; baseline 0 -17"><span class='ocrx_word' id='word_1_340' title='bbox 305 3035 533 3107; x_wconf 80' lang='lat' dir='ltr'><strong>sbytero</strong></span> <span class='ocrx_word' id='word_1_341' title='bbox 562 3031 767 3088; x_wconf 88' lang='lat' dir='ltr'><strong>mentio</strong></span> <span class='ocrx_word' id='word_1_342' title='bbox 796 3030 879 3101; x_wconf 87' lang='lat' dir='ltr'><strong>fit,</strong></span> <span class='ocrx_word' id='word_1_343' title='bbox 904 3031 953 3088; x_wconf 87' lang='lat' dir='ltr'><strong>is</strong></span> <span class='ocrx_word' id='word_1_344' title='bbox 972 3030 1089 3103; x_wconf 86' lang='lat' dir='ltr'><strong>ipse</strong></span> <span class='ocrx_word' id='word_1_345' title='bbox 1113 3033 1389 3088; x_wconf 86' lang='lat' dir='ltr'><strong>convincit</strong></span> <span class='ocrx_word' id='word_1_346' title='bbox 1412 3032 1654 3104; x_wconf 75' lang='lat' dir='ltr'><strong>regulam</strong></span> <span class='ocrx_word' id='word_1_347' title='bbox 1685 3032 1905 3090; x_wconf 77' lang='lat' dir='ltr'><strong>feminis</strong></span> 
     </span>
    </p>
   </div>
   <div class='ocr_carea' id='block_1_48' title="bbox 306 3109 1901 3195">
    <p class='ocr_par' dir='ltr' id='par_1_48' title="bbox 306 3109 1901 3195">
     <span class='ocr_line' id='line_1_48' title="bbox 306 3109 1901 3195; baseline 0 -14"><span class='ocrx_word' id='word_1_348' title='bbox 306 3109 481 3182; x_wconf 81' lang='lat' dir='ltr'><strong>fuisse</strong></span> <span class='ocrx_word' id='word_1_349' title='bbox 494 3122 890 3194; x_wconf 80' lang='lat' dir='ltr'><strong>conscriptam;</strong></span> <span class='ocrx_word' id='word_1_350' title='bbox 917 3137 1041 3179; x_wconf 90' lang='lat' dir='ltr'><strong>nam</strong></span> <span class='ocrx_word' id='word_1_351' title='bbox 1061 3122 1376 3193; x_wconf 65' lang='lat' dir='ltr'><strong>praecipitur</strong></span> <span class='ocrx_word' id='word_1_352' title='bbox 1393 3122 1513 3195; x_wconf 87' lang='lat' dir='ltr'><strong>plus</strong></span> <span class='ocrx_word' id='word_1_353' title='bbox 1534 3122 1901 3181; x_wconf 88' lang='lat' dir='ltr'><strong>obediendum</strong></span> 
     </span>
    </p>
   </div>
   <div class='ocr_carea' id='block_1_49' title="bbox 305 3213 1903 3290">
    <p class='ocr_par' dir='ltr' id='par_1_49' title="bbox 305 3213 1903 3290">
     <span class='ocr_line' id='line_1_49' title="bbox 305 3213 1903 3290; baseline -0.001 -15"><span class='ocrx_word' id='word_1_354' title='bbox 305 3231 432 3275; x_wconf 88' lang='lat' dir='ltr'><strong>esse</strong></span> <span class='ocrx_word' id='word_1_355' title='bbox 472 3217 820 3290; x_wconf 80' lang='lat' dir='ltr'><strong>presbytero,</strong></span> <span class='ocrx_word' id='word_1_356' title='bbox 862 3213 955 3285; x_wconf 90' lang='lat' dir='ltr'><strong>qui</strong></span> <span class='ocrx_word' id='word_1_357' title='bbox 999 3215 1245 3272; x_wconf 87' lang='lat' dir='ltr'><strong>omnium</strong></span> <span class='ocrx_word' id='word_1_358' title='bbox 1289 3229 1480 3273; x_wconf 91' lang='lat' dir='ltr'><strong>curam</strong></span> <span class='ocrx_word' id='word_1_359' title='bbox 1526 3216 1693 3289; x_wconf 73' lang='lat' dir='ltr'><strong>gerit,</strong></span> <span class='ocrx_word' id='word_1_360' title='bbox 1741 3229 1903 3288; x_wconf 87' lang='lat' dir='ltr'><strong>quam</strong></span> 
     </span>
    </p>
   </div>
   <div class='ocr_carea' id='block_1_50' title="bbox 307 3308 1902 3386">
    <p class='ocr_par' dir='ltr' id='par_1_50' title="bbox 307 3308 1902 3386">
     <span class='ocr_line' id='line_1_50' title="bbox 307 3308 1902 3386; baseline 0 -19"><span class='ocrx_word' id='word_1_361' title='bbox 307 3311 609 3386; x_wconf 67' lang='lat' dir='ltr'><strong>praeposito</strong></span> <span class='ocrx_word' id='word_1_362' title='bbox 638 3326 654 3365; x_wconf 88' lang='lat'><strong>:</strong></span> <span class='ocrx_word' id='word_1_363' title='bbox 685 3308 833 3382; x_wconf 89' lang='lat' dir='ltr'><strong>quod</strong></span> <span class='ocrx_word' id='word_1_364' title='bbox 881 3309 935 3366; x_wconf 83' lang='lat' dir='ltr'><strong>in</strong></span> <span class='ocrx_word' id='word_1_365' title='bbox 984 3308 1119 3365; x_wconf 82' lang='lat' dir='ltr'><strong>viris</strong></span> <span class='ocrx_word' id='word_1_366' title='bbox 1163 3310 1348 3366; x_wconf 87' lang='lat' dir='ltr'><strong>locum</strong></span> <span class='ocrx_word' id='word_1_367' title='bbox 1379 3324 1487 3366; x_wconf 90' lang='lat' dir='ltr'><strong>non</strong></span> <span class='ocrx_word' id='word_1_368' title='bbox 1534 3309 1727 3377; x_wconf 80' lang='lat' dir='ltr'><strong>habet;</strong></span> <span class='ocrx_word' id='word_1_369' title='bbox 1776 3324 1902 3367; x_wconf 86' lang='lat' dir='ltr'><strong>eum</strong></span> 
     </span>
    </p>
   </div>
   <div class='ocr_carea' id='block_1_51' title="bbox 306 3401 1901 3480">
    <p class='ocr_par' dir='ltr' id='par_1_51' title="bbox 306 3401 1901 3480">
     <span class='ocr_line' id='line_1_51' title="bbox 306 3401 1901 3480; baseline -0.001 -19"><span class='ocrx_word' id='word_1_370' title='bbox 306 3404 742 3480; x_wconf 54' lang='lat' dir='ltr'><strong>praeposito‘prze</strong></span> <span class='ocrx_word' id='word_1_371' title='bbox 770 3402 1024 3460; x_wconf 88' lang='lat' dir='ltr'><strong>omnibus</strong></span> <span class='ocrx_word' id='word_1_372' title='bbox 1049 3402 1414 3461; x_wconf 85' lang='lat' dir='ltr'><strong>obedicndum</strong></span> <span class='ocrx_word' id='word_1_373' title='bbox 1441 3401 1541 3460; x_wconf 89' lang='lat' dir='ltr'><strong>sit:</strong></span> <span class='ocrx_word' id='word_1_374' title='bbox 1561 3403 1700 3463; x_wconf 88' lang='lat' dir='ltr'><strong>bene</strong></span> <span class='ocrx_word' id='word_1_375' title='bbox 1721 3414 1901 3462; x_wconf 87' lang='lat' dir='ltr'><strong>autem</strong></span> 
     </span>
    </p>
   </div>
   <div class='ocr_carea' id='block_1_52' title="bbox 305 3496 1903 3572">
    <p class='ocr_par' dir='ltr' id='par_1_52' title="bbox 305 3496 1903 3572">
     <span class='ocr_line' id='line_1_52' title="bbox 305 3496 1903 3572; baseline 0.001 -17"><span class='ocrx_word' id='word_1_376' title='bbox 305 3496 363 3555; x_wconf 81' lang='lat' dir='ltr'><strong>iu</strong></span> <span class='ocrx_word' id='word_1_377' title='bbox 400 3497 645 3566; x_wconf 84' lang='lat' dir='ltr'><strong>feminis,</strong></span> <span class='ocrx_word' id='word_1_378' title='bbox 698 3496 899 3569; x_wconf 83' lang='lat' dir='ltr'><strong>quibus</strong></span> <span class='ocrx_word' id='word_1_379' title='bbox 926 3510 1067 3555; x_wconf 89' lang='lat' dir='ltr'><strong>unus</strong></span> <span class='ocrx_word' id='word_1_380' title='bbox 1108 3496 1406 3569; x_wconf 65' lang='lat' dir='ltr'><strong>pra&#39;iicitur</strong></span> <span class='ocrx_word' id='word_1_381' title='bbox 1434 3498 1740 3572; x_wconf 79' lang='lat' dir='ltr'><strong>presbyter,</strong></span> <span class='ocrx_word' id='word_1_382' title='bbox 1791 3514 1903 3570; x_wconf 69' lang='lat' dir='ltr'><strong>prte</strong></span> 
     </span>
    </p>
   </div>
   <div class='ocr_carea' id='block_1_53' title="bbox 305 3591 1904 3667">
    <p class='ocr_par' dir='ltr' id='par_1_53' title="bbox 305 3591 1904 3667">
     <span class='ocr_line' id='line_1_53' title="bbox 305 3591 1904 3667; baseline 0 -19"><span class='ocrx_word' id='word_1_383' title='bbox 305 3593 543 3665; x_wconf 74' lang='lat' dir='ltr'><strong>regulari</strong></span> <span class='ocrx_word' id='word_1_384' title='bbox 574 3595 870 3665; x_wconf 76' lang='lat' dir='ltr'><strong>prteposito</strong></span> <span class='ocrx_word' id='word_1_385' title='bbox 900 3591 1263 3649; x_wconf 86' lang='lat' dir='ltr'><strong>obctliendus.</strong></span> <span class='ocrx_word' id='word_1_386' title='bbox 1295 3591 1407 3648; x_wconf 78' lang='lat' dir='ltr'><strong>Aut</strong></span> <span class='ocrx_word' id='word_1_387' title='bbox 1432 3603 1739 3650; x_wconf 83' lang='lat' dir='ltr'><strong>monstrent</strong></span> <span class='ocrx_word' id='word_1_388' title='bbox 1780 3596 1904 3667; x_wconf 87' lang='lat' dir='ltr'><strong>quis</strong></span> 
     </span>
    </p>
   </div>
   <div class='ocr_carea' id='block_1_54' title="bbox 306 3685 1903 3760">
    <p class='ocr_par' dir='ltr' id='par_1_54' title="bbox 306 3685 1903 3760">
     <span class='ocr_line' id='line_1_54' title="bbox 306 3685 1903 3760; baseline 0.001 -17"><span class='ocrx_word' id='word_1_389' title='bbox 306 3701 566 3757; x_wconf 80' lang='lat' dir='ltr'><strong>umquam</strong></span> <span class='ocrx_word' id='word_1_390' title='bbox 610 3686 714 3742; x_wconf 86' lang='lat' dir='ltr'><strong>fuit</strong></span> <span class='ocrx_word' id='word_1_391' title='bbox 740 3685 833 3742; x_wconf 90' lang='lat' dir='ltr'><strong>ille</strong></span> <span class='ocrx_word' id='word_1_392' title='bbox 863 3685 1153 3760; x_wconf 83' lang='lat' dir='ltr'><strong>presbyter</strong></span> <span class='ocrx_word' id='word_1_393' title='bbox 1197 3686 1482 3743; x_wconf 84' lang='lat' dir='ltr'><strong>canonicis</strong></span> <span class='ocrx_word' id='word_1_394' title='bbox 1525 3697 1622 3743; x_wconf 89' lang='lat' dir='ltr'><strong>aut</strong></span> <span class='ocrx_word' id='word_1_395' title='bbox 1658 3688 1903 3745; x_wconf 88' lang='lat' dir='ltr'><strong>eretnitis</strong></span> 
     </span>
    </p>
   </div>
   <div class='ocr_carea' id='block_1_55' title="bbox 303 3778 1900 3855">
    <p class='ocr_par' dir='ltr' id='par_1_55' title="bbox 303 3778 1900 3855">
     <span class='ocr_line' id='line_1_55' title="bbox 303 3778 1900 3855; baseline 0 -18"><span class='ocrx_word' id='word_1_396' title='bbox 303 3793 472 3852; x_wconf 83' lang='lat' dir='ltr'><strong>supra</strong></span> <span class='ocrx_word' id='word_1_397' title='bbox 494 3778 800 3852; x_wconf 68' lang='lat' dir='ltr'><strong>regularem</strong></span> <span class='ocrx_word' id='word_1_398' title='bbox 821 3780 1173 3850; x_wconf 67' lang='lat' dir='ltr'><strong>prtepositum</strong></span> <span class='ocrx_word' id='word_1_399' title='bbox 1195 3778 1277 3835; x_wconf 89' lang='lat' dir='ltr'><strong>eis</strong></span> <span class='ocrx_word' id='word_1_400' title='bbox 1294 3779 1489 3836; x_wconf 75' lang='lat' dir='ltr'><strong>datust</strong></span> <span class='ocrx_word' id='word_1_401' title='bbox 1508 3778 1664 3851; x_wconf 86' lang='lat' dir='ltr'><strong>Quod</strong></span> <span class='ocrx_word' id='word_1_402' title='bbox 1678 3780 1726 3837; x_wconf 91' lang='lat' dir='ltr'><strong>si</strong></span> <span class='ocrx_word' id='word_1_403' title='bbox 1741 3797 1900 3855; x_wconf 87' lang='lat' dir='ltr'><strong>quem</strong></span> 
     </span>
    </p>
   </div>
   <div class='ocr_carea' id='block_1_56' title="bbox 304 3870 1903 3946">
    <p class='ocr_par' dir='ltr' id='par_1_56' title="bbox 304 3870 1903 3946">
     <span class='ocr_line' id='line_1_56' title="bbox 304 3870 1903 3946; baseline 0.001 -16"><span class='ocrx_word' id='word_1_404' title='bbox 304 3872 586 3940; x_wconf 71' lang='lat' dir='ltr'><strong>ﬁnxerint,</strong></span> <span class='ocrx_word' id='word_1_405' title='bbox 621 3872 911 3929; x_wconf 67' lang='lat' dir='ltr'><strong>ostendant</strong></span> <span class='ocrx_word' id='word_1_406' title='bbox 942 3872 1089 3929; x_wconf 89' lang='lat' dir='ltr'><strong>unde</strong></span> <span class='ocrx_word' id='word_1_407' title='bbox 1117 3870 1169 3929; x_wconf 86' lang='lat' dir='ltr'><strong>id</strong></span> <span class='ocrx_word' id='word_1_408' title='bbox 1197 3880 1475 3946; x_wconf 82' lang='lat' dir='ltr'><strong>premant,</strong></span> <span class='ocrx_word' id='word_1_409' title='bbox 1506 3888 1631 3930; x_wconf 90' lang='lat' dir='ltr'><strong>nam</strong></span> <span class='ocrx_word' id='word_1_410' title='bbox 1656 3874 1778 3931; x_wconf 87' lang='lat' dir='ltr'><strong>sine</strong></span> <span class='ocrx_word' id='word_1_411' title='bbox 1807 3890 1903 3931; x_wconf 86' lang='lat' dir='ltr'><strong>au-</strong></span> 
     </span>
    </p>
   </div>
   <div class='ocr_carea' id='block_1_57' title="bbox 302 3964 1899 4040">
    <p class='ocr_par' dir='ltr' id='par_1_57' title="bbox 302 3964 1899 4040">
     <span class='ocr_line' id='line_1_57' title="bbox 302 3964 1899 4040; baseline 0 -15"><span class='ocrx_word' id='word_1_412' title='bbox 302 3977 458 4025; x_wconf 83' lang='lat' dir='ltr'><strong>ctore</strong></span> <span class='ocrx_word' id='word_1_413' title='bbox 492 3964 747 4023; x_wconf 90' lang='lat' dir='ltr'><strong>audiendi</strong></span> <span class='ocrx_word' id='word_1_414' title='bbox 785 3981 894 4022; x_wconf 89' lang='lat' dir='ltr'><strong>non</strong></span> <span class='ocrx_word' id='word_1_415' title='bbox 938 3974 1089 4022; x_wconf 89' lang='lat' dir='ltr'><strong>sunt.</strong></span> <span class='ocrx_word' id='word_1_416' title='bbox 1127 3964 1263 4022; x_wconf 90' lang='lat' dir='ltr'><strong>lliuc</strong></span> <span class='ocrx_word' id='word_1_417' title='bbox 1292 3966 1549 4040; x_wconf 86' lang='lat' dir='ltr'><strong>estquod</strong></span> <span class='ocrx_word' id='word_1_418' title='bbox 1595 3966 1786 4038; x_wconf 75' lang='lat' dir='ltr'><strong>regula</strong></span> <span class='ocrx_word' id='word_1_419' title='bbox 1832 3984 1899 4025; x_wconf 78' lang='lat' dir='ltr'><strong>es</strong></span> 
     </span>
    </p>
   </div>
   <div class='ocr_carea' id='block_1_58' title="bbox 302 4056 1897 4133">
    <p class='ocr_par' dir='ltr' id='par_1_58' title="bbox 302 4056 1897 4133">
     <span class='ocr_line' id='line_1_58' title="bbox 302 4056 1897 4133; baseline -0.001 -15"><span class='ocrx_word' id='word_1_420' title='bbox 302 4059 537 4133; x_wconf 86' lang='lat' dir='ltr'><strong>epistola</strong></span> <span class='ocrx_word' id='word_1_421' title='bbox 591 4058 844 4116; x_wconf 84' lang='lat' dir='ltr'><strong>confecta</strong></span> <span class='ocrx_word' id='word_1_422' title='bbox 870 4056 1157 4115; x_wconf 76' lang='lat' dir='ltr'><strong>mitissima</strong></span> <span class='ocrx_word' id='word_1_423' title='bbox 1190 4060 1286 4129; x_wconf 88' lang='lat' dir='ltr'><strong>sit,</strong></span> <span class='ocrx_word' id='word_1_424' title='bbox 1320 4070 1512 4129; x_wconf 83' lang='lat' dir='ltr'><strong>utpote</strong></span> <span class='ocrx_word' id='word_1_425' title='bbox 1542 4059 1759 4117; x_wconf 78' lang='lat' dir='ltr'><strong>feminis</strong></span> <span class='ocrx_word' id='word_1_426' title='bbox 1786 4060 1897 4117; x_wconf 87' lang='lat' dir='ltr'><strong>fra-</strong></span> 
     </span>
    </p>
   </div>
   <div class='ocr_carea' id='block_1_59' title="bbox 300 4153 1900 4230">
    <p class='ocr_par' dir='ltr' id='par_1_59' title="bbox 300 4153 1900 4230">
     <span class='ocr_line' id='line_1_59' title="bbox 300 4153 1900 4230; baseline 0.001 -18"><span class='ocrx_word' id='word_1_427' title='bbox 300 4156 505 4230; x_wconf 65' lang='lat' dir='ltr'><strong>gilihus</strong></span> <span class='ocrx_word' id='word_1_428' title='bbox 539 4153 698 4221; x_wconf 79' lang='lat' dir='ltr'><strong>data;</strong></span> <span class='ocrx_word' id='word_1_429' title='bbox 731 4162 789 4211; x_wconf 91' lang='lat' dir='ltr'><strong>et</strong></span> <span class='ocrx_word' id='word_1_430' title='bbox 818 4154 1000 4211; x_wconf 81' lang='lat' dir='ltr'><strong>forsan</strong></span> <span class='ocrx_word' id='word_1_431' title='bbox 1030 4168 1152 4226; x_wconf 69' lang='lat' dir='ltr'><strong>qua:</strong></span> <span class='ocrx_word' id='word_1_432' title='bbox 1184 4171 1292 4211; x_wconf 88' lang='lat' dir='ltr'><strong>non</strong></span> <span class='ocrx_word' id='word_1_433' title='bbox 1334 4156 1653 4212; x_wconf 80' lang='lat' dir='ltr'><strong>continebat</strong></span> <span class='ocrx_word' id='word_1_434' title='bbox 1683 4157 1900 4215; x_wconf 80' lang='lat' dir='ltr'><strong>univer-</strong></span> 
     </span>
    </p>
   </div>
   <div class='ocr_carea' id='block_1_60' title="bbox 298 4247 1898 4321">
    <p class='ocr_par' dir='ltr' id='par_1_60' title="bbox 298 4247 1898 4321">
     <span class='ocr_line' id='line_1_60' title="bbox 298 4247 1898 4321; baseline -0.001 -14"><span class='ocrx_word' id='word_1_435' title='bbox 298 4265 420 4307; x_wconf 85' lang='lat' dir='ltr'><strong>sam</strong></span> <span class='ocrx_word' id='word_1_436' title='bbox 462 4247 796 4321; x_wconf 73' lang='lat' dir='ltr'><strong>regular-ium</strong></span> <span class='ocrx_word' id='word_1_437' title='bbox 843 4247 1120 4304; x_wconf 88' lang='lat' dir='ltr'><strong>actionum</strong></span> <span class='ocrx_word' id='word_1_438' title='bbox 1162 4247 1585 4315; x_wconf 70' lang='lat' dir='ltr'><strong>institutionem,</strong></span> <span class='ocrx_word' id='word_1_439' title='bbox 1638 4249 1898 4306; x_wconf 86' lang='lat' dir='ltr'><strong>nimirum</strong></span> 
     </span>
    </p>
   </div>
   <div class='ocr_carea' id='block_1_61' title="bbox 297 4339 1901 4413">
    <p class='ocr_par' dir='ltr' id='par_1_61' title="bbox 297 4339 1901 4413">
     <span class='ocr_line' id='line_1_61' title="bbox 297 4339 1901 4413; baseline 0.001 -17"><span class='ocrx_word' id='word_1_440' title='bbox 297 4340 589 4413; x_wconf 84' lang='lat' dir='ltr'><strong>epistolari</strong></span> <span class='ocrx_word' id='word_1_441' title='bbox 614 4339 923 4397; x_wconf 85' lang='lat' dir='ltr'><strong>tractationi</strong></span> <span class='ocrx_word' id='word_1_442' title='bbox 951 4341 1133 4397; x_wconf 87' lang='lat' dir='ltr'><strong>minus</strong></span> <span class='ocrx_word' id='word_1_443' title='bbox 1158 4340 1590 4397; x_wconf 81' lang='lat' dir='ltr'><strong>accommodant.</strong></span> <span class='ocrx_word' id='word_1_444' title='bbox 1622 4340 1775 4410; x_wconf 84' lang='lat' dir='ltr'><strong>Quod</strong></span> <span class='ocrx_word' id='word_1_445' title='bbox 1801 4343 1901 4397; x_wconf 86' lang='lat' dir='ltr'><strong>ad-</strong></span> 
     </span>
    </p>
   </div>
   <div class='ocr_carea' id='block_1_62' title="bbox 298 4434 1898 4506">
    <p class='ocr_par' dir='ltr' id='par_1_62' title="bbox 298 4434 1898 4506">
     <span class='ocr_line' id='line_1_62' title="bbox 298 4434 1898 4506; baseline -0.001 -13"><span class='ocrx_word' id='word_1_446' title='bbox 298 4437 452 4494; x_wconf 84' lang='lat' dir='ltr'><strong>ditur</strong></span> <span class='ocrx_word' id='word_1_447' title='bbox 477 4435 549 4493; x_wconf 87' lang='lat' dir='ltr'><strong>de</strong></span> <span class='ocrx_word' id='word_1_448' title='bbox 578 4435 871 4493; x_wconf 80' lang='lat' dir='ltr'><strong>Servitano</strong></span> <span class='ocrx_word' id='word_1_449' title='bbox 900 4434 1233 4491; x_wconf 89' lang='lat' dir='ltr'><strong>monasterio</strong></span> <span class='ocrx_word' id='word_1_450' title='bbox 1263 4434 1424 4492; x_wconf 87' lang='lat' dir='ltr'><strong>facile</strong></span> <span class='ocrx_word' id='word_1_451' title='bbox 1452 4435 1704 4506; x_wconf 86' lang='lat' dir='ltr'><strong>solvitur,</strong></span> <span class='ocrx_word' id='word_1_452' title='bbox 1737 4439 1782 4493; x_wconf 76' lang='lat' dir='ltr'><strong>si</strong></span> <span class='ocrx_word' id='word_1_453' title='bbox 1815 4437 1898 4492; x_wconf 87' lang='lat' dir='ltr'><strong>di-</strong></span> 
     </span>
    </p>
   </div>
   <div class='ocr_carea' id='block_1_63' title="bbox 296 4528 1893 4601">
    <p class='ocr_par' dir='ltr' id='par_1_63' title="bbox 296 4528 1893 4601">
     <span class='ocr_line' id='line_1_63' title="bbox 296 4528 1893 4601; baseline -0.001 -13"><span class='ocrx_word' id='word_1_454' title='bbox 296 4545 492 4588; x_wconf 83' lang='lat' dir='ltr'><strong>camus</strong></span> <span class='ocrx_word' id='word_1_455' title='bbox 513 4529 624 4586; x_wconf 91' lang='lat' dir='ltr'><strong>duo</strong></span> <span class='ocrx_word' id='word_1_456' title='bbox 656 4529 828 4586; x_wconf 78' lang='lat' dir='ltr'><strong>fuisse</strong></span> <span class='ocrx_word' id='word_1_457' title='bbox 851 4528 1097 4599; x_wconf 79' lang='lat' dir='ltr'><strong>ejusdem</strong></span> <span class='ocrx_word' id='word_1_458' title='bbox 1126 4529 1363 4585; x_wconf 87' lang='lat' dir='ltr'><strong>nominis</strong></span> <span class='ocrx_word' id='word_1_459' title='bbox 1390 4539 1519 4586; x_wconf 89' lang='lat' dir='ltr'><strong>tunc</strong></span> <span class='ocrx_word' id='word_1_460' title='bbox 1550 4531 1812 4601; x_wconf 85' lang='lat' dir='ltr'><strong>temporis</strong></span> <span class='ocrx_word' id='word_1_461' title='bbox 1839 4532 1893 4586; x_wconf 89' lang='lat' dir='ltr'><strong>in</strong></span> 
     </span>
    </p>
   </div>
   <div class='ocr_carea' id='block_1_64' title="bbox 299 4622 1894 4697">
    <p class='ocr_par' dir='ltr' id='par_1_64' title="bbox 299 4622 1894 4697">
     <span class='ocr_line' id='line_1_64' title="bbox 299 4622 1894 4697; baseline 0.001 -16"><span class='ocrx_word' id='word_1_462' title='bbox 299 4623 587 4696; x_wconf 80' lang='lat' dir='ltr'><strong>Hispania,</strong></span> <span class='ocrx_word' id='word_1_463' title='bbox 618 4625 854 4681; x_wconf 90' lang='lat' dir='ltr'><strong>alterum</strong></span> <span class='ocrx_word' id='word_1_464' title='bbox 876 4622 944 4679; x_wconf 90' lang='lat' dir='ltr'><strong>ad</strong></span> <span class='ocrx_word' id='word_1_465' title='bbox 970 4624 1345 4697; x_wconf 59' lang='lat' dir='ltr'><strong>praescriptum</strong></span> <span class='ocrx_word' id='word_1_466' title='bbox 1378 4624 1443 4680; x_wconf 83' lang='grc' dir='ltr'><strong>Ι).</strong></span> <span class='ocrx_word' id='word_1_467' title='bbox 1473 4626 1782 4696; x_wconf 76' lang='lat' dir='ltr'><strong>Augustini,</strong></span> <span class='ocrx_word' id='word_1_468' title='bbox 1814 4628 1894 4682; x_wconf 86' lang='lat' dir='ltr'><strong>al-</strong></span> 
     </span>
    </p>
   </div>
   <div class='ocr_carea' id='block_1_65' title="bbox 297 4714 1892 4789">
    <p class='ocr_par' dir='ltr' id='par_1_65' title="bbox 297 4714 1892 4789">
     <span class='ocr_line' id='line_1_65' title="bbox 297 4714 1892 4789; baseline 0.001 -16"><span class='ocrx_word' id='word_1_469' title='bbox 297 4725 475 4774; x_wconf 84' lang='lat' dir='ltr'><strong>terum</strong></span> <span class='ocrx_word' id='word_1_470' title='bbox 495 4717 599 4772; x_wconf 90' lang='lat' dir='ltr'><strong>sub</strong></span> <span class='ocrx_word' id='word_1_471' title='bbox 619 4716 804 4789; x_wconf 77' lang='lat' dir='ltr'><strong>regula</strong></span> <span class='ocrx_word' id='word_1_472' title='bbox 834 4714 901 4773; x_wconf 92' lang='lat' dir='ltr'><strong>D.</strong></span> <span class='ocrx_word' id='word_1_473' title='bbox 928 4715 1208 4774; x_wconf 84' lang='lat' dir='ltr'><strong>Benedicti</strong></span> <span class='ocrx_word' id='word_1_474' title='bbox 1234 4717 1511 4784; x_wconf 86' lang='lat' dir='ltr'><strong>militans;</strong></span> <span class='ocrx_word' id='word_1_475' title='bbox 1543 4733 1644 4775; x_wconf 92' lang='lat' dir='ltr'><strong>nec</strong></span> <span class='ocrx_word' id='word_1_476' title='bbox 1669 4721 1892 4786; x_wconf 88' lang='lat' dir='ltr'><strong>mirum,</strong></span> 
     </span>
    </p>
   </div>
   <div class='ocr_carea' id='block_1_66' title="bbox 295 4809 1896 4870">
    <p class='ocr_par' dir='ltr' id='par_1_66' title="bbox 295 4809 1896 4870">
     <span class='ocr_line' id='line_1_66' title="bbox 295 4809 1896 4870; baseline 0.002 -3"><span class='ocrx_word' id='word_1_477' title='bbox 295 4824 423 4867; x_wconf 87' lang='lat' dir='ltr'><strong>cum</strong></span> <span class='ocrx_word' id='word_1_478' title='bbox 446 4825 564 4866; x_wconf 72' lang='lat' dir='ltr'><strong>aevo</strong></span> <span class='ocrx_word' id='word_1_479' title='bbox 584 4810 682 4867; x_wconf 89' lang='lat' dir='ltr'><strong>illo</strong></span> <span class='ocrx_word' id='word_1_480' title='bbox 701 4809 1060 4868; x_wconf 80' lang='lat' dir='ltr'><strong>usitatissimo</strong></span> <span class='ocrx_word' id='word_1_481' title='bbox 1080 4812 1346 4868; x_wconf 84' lang='lat' dir='ltr'><strong>vocabulo</strong></span> <span class='ocrx_word' id='word_1_482' title='bbox 1372 4811 1610 4868; x_wconf 74' lang='lat' dir='ltr'><strong>universi</strong></span> <span class='ocrx_word' id='word_1_483' title='bbox 1640 4813 1896 4870; x_wconf 90' lang='lat' dir='ltr'><strong>monachi</strong></span> 
     </span>
    </p>
   </div>
   <div class='ocr_carea' id='block_1_67' title="bbox 296 4902 1893 4976">
    <p class='ocr_par' dir='ltr' id='par_1_67' title="bbox 296 4902 1893 4976">
     <span class='ocr_line' id='line_1_67' title="bbox 296 4902 1893 4976; baseline 0.001 -13"><span class='ocrx_word' id='word_1_484' title='bbox 296 4902 449 4963; x_wconf 77' lang='lat' dir='ltr'><strong>Servi</strong></span> <span class='ocrx_word' id='word_1_485' title='bbox 494 4903 593 4960; x_wconf 74' lang='lat' dir='ltr'><strong>Dei</strong></span> <span class='ocrx_word' id='word_1_486' title='bbox 640 4916 1107 4976; x_wconf 88' lang='lat' dir='ltr'><strong>nnneuparentur.</strong></span> <span class='ocrx_word' id='word_1_487' title='bbox 1151 4903 1266 4962; x_wconf 73' lang='grc' dir='ltr'><strong>Νίξί</strong></span> <span class='ocrx_word' id='word_1_488' title='bbox 1311 4906 1484 4961; x_wconf 86' lang='lat' dir='ltr'><strong>mavis</strong></span> <span class='ocrx_word' id='word_1_489' title='bbox 1518 4906 1829 4963; x_wconf 80' lang='lat' dir='ltr'><strong>etenobium</strong></span> <span class='ocrx_word' id='word_1_490' title='bbox 1862 4923 1893 4964; x_wconf 92' lang='lat' dir='ltr'><strong>a</strong></span> 
     </span>
    </p>
   </div>
   <div class='ocr_carea' id='block_1_68' title="bbox 296 4996 1894 5072">
    <p class='ocr_par' dir='ltr' id='par_1_68' title="bbox 296 4996 1894 5072">
     <span class='ocr_line' id='line_1_68' title="bbox 296 4996 1894 5072; baseline -0.001 -15"><span class='ocrx_word' id='word_1_491' title='bbox 296 4998 359 5057; x_wconf 89' lang='lat' dir='ltr'><strong>S.</strong></span> <span class='ocrx_word' id='word_1_492' title='bbox 386 4997 599 5055; x_wconf 56' lang='lat' dir='ltr'><strong>Danato</strong></span> <span class='ocrx_word' id='word_1_493' title='bbox 630 4998 913 5066; x_wconf 81' lang='lat' dir='ltr'><strong>fundatum</strong></span> <span class='ocrx_word' id='word_1_494' title='bbox 942 5012 1085 5055; x_wconf 90' lang='lat' dir='ltr'><strong>anno</strong></span> <span class='ocrx_word' id='word_1_495' title='bbox 1117 4996 1334 5055; x_wconf 86' lang='lat' dir='ltr'><strong>Domini</strong></span> <span class='ocrx_word' id='word_1_496' title='bbox 1375 4997 1482 5054; x_wconf 82' lang='lat'><strong>575</strong></span> <span class='ocrx_word' id='word_1_497' title='bbox 1534 5009 1657 5070; x_wconf 87' lang='lat' dir='ltr'><strong>post</strong></span> <span class='ocrx_word' id='word_1_498' title='bbox 1684 5000 1894 5072; x_wconf 84' lang='lat' dir='ltr'><strong>aliquot</strong></span> 
     </span>
    </p>
   </div>
   <div class='ocr_carea' id='block_1_69' title="bbox 296 5091 1891 5164">
    <p class='ocr_par' dir='ltr' id='par_1_69' title="bbox 296 5091 1891 5164">
     <span class='ocr_line' id='line_1_69' title="bbox 296 5091 1891 5164; baseline -0.001 -16"><span class='ocrx_word' id='word_1_499' title='bbox 296 5106 474 5148; x_wconf 88' lang='lat' dir='ltr'><strong>annos</strong></span> <span class='ocrx_word' id='word_1_500' title='bbox 504 5092 704 5163; x_wconf 69' lang='lat' dir='ltr'><strong>regulae</strong></span> <span class='ocrx_word' id='word_1_501' title='bbox 749 5091 811 5149; x_wconf 92' lang='lat' dir='ltr'><strong>S.</strong></span> <span class='ocrx_word' id='word_1_502' title='bbox 844 5091 1123 5149; x_wconf 83' lang='lat' dir='ltr'><strong>Benedicti</strong></span> <span class='ocrx_word' id='word_1_503' title='bbox 1166 5107 1228 5149; x_wconf 88' lang='lat' dir='ltr'><strong>se</strong></span> <span class='ocrx_word' id='word_1_504' title='bbox 1252 5091 1588 5154; x_wconf 87' lang='lat' dir='ltr'><strong>subdidisse.</strong></span> <span class='ocrx_word' id='word_1_505' title='bbox 1636 5091 1740 5147; x_wconf 87' lang='lat' dir='ltr'><strong>sub</strong></span> <span class='ocrx_word' id='word_1_506' title='bbox 1783 5108 1891 5164; x_wconf 89' lang='lat' dir='ltr'><strong>qua</strong></span> 
     </span>
    </p>
   </div>
   <div class='ocr_carea' id='block_1_70' title="bbox 295 5183 1891 5257">
    <p class='ocr_par' dir='ltr' id='par_1_70' title="bbox 295 5183 1891 5257">
     <span class='ocr_line' id='line_1_70' title="bbox 295 5183 1891 5257; baseline -0.001 -15"><span class='ocrx_word' id='word_1_507' title='bbox 295 5184 568 5257; x_wconf 83' lang='lat' dir='ltr'><strong>reperitur</strong></span> <span class='ocrx_word' id='word_1_508' title='bbox 598 5185 766 5240; x_wconf 85' lang='lat' dir='ltr'><strong>abbas</strong></span> <span class='ocrx_word' id='word_1_509' title='bbox 791 5183 1117 5241; x_wconf 79' lang='lat' dir='ltr'><strong>Servitanus</strong></span> <span class='ocrx_word' id='word_1_510' title='bbox 1157 5199 1301 5241; x_wconf 87' lang='lat' dir='ltr'><strong>anno</strong></span> <span class='ocrx_word' id='word_1_511' title='bbox 1332 5183 1535 5241; x_wconf 72' lang='lat' dir='ltr'><strong>Christi</strong></span> <span class='ocrx_word' id='word_1_512' title='bbox 1567 5183 1695 5249; x_wconf 73' lang='lat'><strong>590,</strong></span> <span class='ocrx_word' id='word_1_513' title='bbox 1744 5185 1891 5253; x_wconf 86' lang='lat' dir='ltr'><strong>quod</strong></span> 
     </span>
    </p>
   </div>
   <div class='ocr_carea' id='block_1_71' title="bbox 292 5281 1892 5348">
    <p class='ocr_par' dir='ltr' id='par_1_71' title="bbox 292 5281 1892 5348">
     <span class='ocr_line' id='line_1_71' title="bbox 292 5281 1892 5348; baseline -0.001 -8"><span class='ocrx_word' id='word_1_514' title='bbox 292 5282 433 5340; x_wconf 80' lang='lat' dir='ltr'><strong>satis</strong></span> <span class='ocrx_word' id='word_1_515' title='bbox 475 5281 771 5338; x_wconf 84' lang='lat' dir='ltr'><strong>verisimile</strong></span> <span class='ocrx_word' id='word_1_516' title='bbox 797 5290 904 5348; x_wconf 78' lang='lat' dir='ltr'><strong>est,</strong></span> <span class='ocrx_word' id='word_1_517' title='bbox 946 5297 1068 5336; x_wconf 89' lang='lat' dir='ltr'><strong>cum</strong></span> <span class='ocrx_word' id='word_1_518' title='bbox 1098 5281 1233 5337; x_wconf 84' lang='lat' dir='ltr'><strong>olim</strong></span> <span class='ocrx_word' id='word_1_519' title='bbox 1279 5296 1441 5337; x_wconf 87' lang='lat' dir='ltr'><strong>nemo</strong></span> <span class='ocrx_word' id='word_1_520' title='bbox 1490 5296 1558 5337; x_wconf 75' lang='lat' dir='ltr'><strong>ex</strong></span> <span class='ocrx_word' id='word_1_521' title='bbox 1608 5281 1892 5339; x_wconf 87' lang='lat' dir='ltr'><strong>monachis</strong></span> 
     </span>
    </p>
   </div>
   <div class='ocr_carea' id='block_1_72' title="bbox 294 5375 1891 5451">
    <p class='ocr_par' dir='ltr' id='par_1_72' title="bbox 294 5375 1891 5451">
     <span class='ocr_line' id='line_1_72' title="bbox 294 5375 1891 5451; baseline -0.001 -16"><span class='ocrx_word' id='word_1_522' title='bbox 294 5378 666 5436; x_wconf 70' lang='lat' dir='ltr'><strong>diversiuttem</strong></span> <span class='ocrx_word' id='word_1_523' title='bbox 695 5376 953 5434; x_wconf 85' lang='lat' dir='ltr'><strong>ordinum</strong></span> <span class='ocrx_word' id='word_1_524' title='bbox 982 5376 1285 5447; x_wconf 64' lang='lat' dir='ltr'><strong>inﬂectat-et,</strong></span> <span class='ocrx_word' id='word_1_525' title='bbox 1310 5376 1405 5434; x_wconf 84' lang='lat' dir='ltr'><strong>sed</strong></span> <span class='ocrx_word' id='word_1_526' title='bbox 1434 5375 1787 5451; x_wconf 82' lang='lat' dir='ltr'><strong>perfectionis</strong></span> <span class='ocrx_word' id='word_1_527' title='bbox 1810 5376 1891 5433; x_wconf 82' lang='lat' dir='ltr'><strong>fa-</strong></span> 
     </span>
    </p>
   </div>
   <div class='ocr_carea' id='block_1_73' title="bbox 291 5470 916 5530">
    <p class='ocr_par' dir='ltr' id='par_1_73' title="bbox 291 5470 916 5530">
     <span class='ocr_line' id='line_1_73' title="bbox 291 5470 916 5530; baseline -0.002 -1"><span class='ocrx_word' id='word_1_528' title='bbox 291 5472 455 5530; x_wconf 87' lang='lat' dir='ltr'><strong>cilius</strong></span> <span class='ocrx_word' id='word_1_529' title='bbox 482 5471 727 5527; x_wconf 83' lang='lat' dir='ltr'><strong>inveuire</strong></span> <span class='ocrx_word' id='word_1_530' title='bbox 748 5470 916 5528; x_wconf 82' lang='lat' dir='ltr'><strong>viam.</strong></span> 
     </span>
    </p>
   </div>
   <div class='ocr_carea' id='block_1_74' title="bbox 368 5563 1889 5635">
    <p class='ocr_par' dir='ltr' id='par_1_74' title="bbox 368 5563 1889 5635">
     <span class='ocr_line' id='line_1_74' title="bbox 368 5563 1889 5635; baseline 0.003 -17"><span class='ocrx_word' id='word_1_531' title='bbox 368 5564 642 5632; x_wconf 83' lang='lat' dir='ltr'><strong>Quantum</strong></span> <span class='ocrx_word' id='word_1_532' title='bbox 664 5563 976 5621; x_wconf 84' lang='lat' dir='ltr'><strong>dissimulat</strong></span> <span class='ocrx_word' id='word_1_533' title='bbox 1005 5565 1347 5635; x_wconf 83' lang='lat' dir='ltr'><strong>antiquitatis</strong></span> <span class='ocrx_word' id='word_1_534' title='bbox 1375 5566 1648 5635; x_wconf 84' lang='lat' dir='ltr'><strong>notitiam,</strong></span> <span class='ocrx_word' id='word_1_535' title='bbox 1682 5574 1741 5622; x_wconf 89' lang='lat' dir='ltr'><strong>ut</strong></span> <span class='ocrx_word' id='word_1_536' title='bbox 1770 5565 1889 5622; x_wconf 87' lang='lat' dir='ltr'><strong>iuu-</strong></span> 
     </span>
    </p>
   </div>
   <div class='ocr_carea' id='block_1_75' title="bbox 294 5658 1887 5721">
    <p class='ocr_par' dir='ltr' id='par_1_75' title="bbox 294 5658 1887 5721">
     <span class='ocr_line' id='line_1_75' title="bbox 294 5658 1887 5721; baseline 0.003 -5"><span class='ocrx_word' id='word_1_537' title='bbox 294 5658 521 5716; x_wconf 82' lang='lat' dir='ltr'><strong>sitatnm</strong></span> <span class='ocrx_word' id='word_1_538' title='bbox 569 5660 672 5718; x_wconf 86' lang='lat' dir='ltr'><strong>sibi</strong></span> <span class='ocrx_word' id='word_1_539' title='bbox 723 5658 976 5718; x_wconf 81' lang='lat' dir='ltr'><strong>videatur</strong></span> <span class='ocrx_word' id='word_1_540' title='bbox 1022 5660 1323 5719; x_wconf 87' lang='lat' dir='ltr'><strong>monachos</strong></span> <span class='ocrx_word' id='word_1_541' title='bbox 1372 5662 1438 5718; x_wconf 90' lang='lat' dir='ltr'><strong>ad</strong></span> <span class='ocrx_word' id='word_1_542' title='bbox 1491 5665 1805 5721; x_wconf 84' lang='lat' dir='ltr'><strong>clericatum</strong></span> <span class='ocrx_word' id='word_1_543' title='bbox 1855 5677 1887 5720; x_wconf 90' lang='lat' dir='ltr'><strong>e</strong></span> 
     </span>
    </p>
   </div>
   <div class='ocr_carea' id='block_1_76' title="bbox 294 5752 1887 5833">
    <p class='ocr_par' dir='ltr' id='par_1_76' title="bbox 294 5752 1887 5833">
     <span class='ocr_line' id='line_1_76' title="bbox 294 5752 1887 5833; baseline 0.006 -19"><span class='ocrx_word' id='word_1_544' title='bbox 294 5754 630 5816; x_wconf 80' lang='lat' dir='ltr'><strong>monasterio</strong></span> <span class='ocrx_word' id='word_1_545' title='bbox 653 5752 870 5829; x_wconf 83' lang='lat' dir='ltr'><strong>abduci,</strong></span> <span class='ocrx_word' id='word_1_546' title='bbox 896 5754 1060 5816; x_wconf 72' lang='lat' dir='ltr'><strong>etiam</strong></span> <span class='ocrx_word' id='word_1_547' title='bbox 1077 5756 1344 5817; x_wconf 81' lang='lat' dir='ltr'><strong>violenter</strong></span> <span class='ocrx_word' id='word_1_548' title='bbox 1362 5758 1573 5818; x_wconf 84' lang='lat' dir='ltr'><strong>solitos.</strong></span> <span class='ocrx_word' id='word_1_549' title='bbox 1597 5759 1731 5833; x_wconf 60' lang='lat' dir='ltr'><strong>Scio~</strong></span> <span class='ocrx_word' id='word_1_550' title='bbox 1744 5760 1816 5825; x_wconf 84' lang='lat' dir='ltr'><strong>Pe</strong></span> <span class='ocrx_word' id='word_1_551' title='bbox 1825 5778 1887 5823; x_wconf 88' lang='lat' dir='ltr'><strong>n-</strong></span> 
     </span>
    </p>
   </div>
   <div class='ocr_carea' id='block_1_77' title="bbox 2000 1814 3598 1888">
    <p class='ocr_par' dir='ltr' id='par_1_77' title="bbox 2000 1814 3598 1888">
     <span class='ocr_line' id='line_1_77' title="bbox 2000 1814 3598 1888; baseline 0.003 -18"><span class='ocrx_word' id='word_1_552' title='bbox 2000 1814 2324 1884; x_wconf 80' lang='lat' dir='ltr'><strong>Maximum,</strong></span> <span class='ocrx_word' id='word_1_553' title='bbox 2368 1830 2504 1885; x_wconf 81' lang='lat' dir='ltr'><strong>quos</strong></span> <span class='ocrx_word' id='word_1_554' title='bbox 2555 1816 2870 1886; x_wconf 74' lang='lat' dir='ltr'><strong>propediem</strong></span> <span class='ocrx_word' id='word_1_555' title='bbox 2923 1830 3196 1885; x_wconf 84' lang='lat' dir='ltr'><strong>paramus.</strong></span> <span class='ocrx_word' id='word_1_556' title='bbox 3246 1814 3425 1888; x_wconf 78' lang='lat' dir='ltr'><strong>Atque</strong></span> <span class='ocrx_word' id='word_1_557' title='bbox 3476 1816 3598 1874; x_wconf 38' lang='lat' dir='ltr'><strong>hare</strong></span> 
     </span>
    </p>
   </div>
   <div class='ocr_carea' id='block_1_78' title="bbox 1998 1908 3524 1981">
    <p class='ocr_par' dir='ltr' id='par_1_78' title="bbox 1998 1908 3524 1981">
     <span class='ocr_line' id='line_1_78' title="bbox 1998 1908 3524 1981; baseline 0 -18"><span class='ocrx_word' id='word_1_558' title='bbox 1998 1909 2220 1981; x_wconf 85' lang='lat' dir='ltr'><strong>quidem</strong></span> <span class='ocrx_word' id='word_1_559' title='bbox 2250 1923 2348 1979; x_wconf 84' lang='lat' dir='ltr'><strong>pro</strong></span> <span class='ocrx_word' id='word_1_560' title='bbox 2370 1908 2691 1965; x_wconf 75' lang='lat' dir='ltr'><strong>defensione</strong></span> <span class='ocrx_word' id='word_1_561' title='bbox 2720 1908 2888 1977; x_wconf 78' lang='lat' dir='ltr'><strong>ipsius</strong></span> <span class='ocrx_word' id='word_1_562' title='bbox 2920 1923 3019 1979; x_wconf 88' lang='lat' dir='ltr'><strong>pro</strong></span> <span class='ocrx_word' id='word_1_563' title='bbox 3047 1924 3191 1964; x_wconf 91' lang='lat' dir='ltr'><strong>nunc</strong></span> <span class='ocrx_word' id='word_1_564' title='bbox 3223 1908 3524 1968; x_wconf 76' lang='lat' dir='ltr'><strong>sufﬁciant.</strong></span> 
     </span>
    </p>
   </div>
   <div class='ocr_carea' id='block_1_79' title="bbox 2069 1999 3595 2073">
    <p class='ocr_par' dir='ltr' id='par_1_79' title="bbox 2069 1999 3595 2073">
     <span class='ocr_line' id='line_1_79' title="bbox 2069 1999 3595 2073; baseline 0.002 -16"><span class='ocrx_word' id='word_1_565' title='bbox 2069 1999 2269 2057; x_wconf 68' lang='lat' dir='ltr'><strong>Contra</strong></span> <span class='ocrx_word' id='word_1_566' title='bbox 2301 2001 2636 2058; x_wconf 83' lang='lat' dir='ltr'><strong>Eutrandunt</strong></span> <span class='ocrx_word' id='word_1_567' title='bbox 2666 2001 2800 2057; x_wconf 90' lang='lat' dir='ltr'><strong>nihil</strong></span> <span class='ocrx_word' id='word_1_568' title='bbox 2842 2000 3086 2070; x_wconf 73' lang='lat' dir='ltr'><strong>affertur,</strong></span> <span class='ocrx_word' id='word_1_569' title='bbox 3118 2000 3265 2073; x_wconf 90' lang='lat' dir='ltr'><strong>quod</strong></span> <span class='ocrx_word' id='word_1_570' title='bbox 3310 2018 3411 2058; x_wconf 88' lang='lat' dir='ltr'><strong>nos</strong></span> <span class='ocrx_word' id='word_1_571' title='bbox 3461 2017 3595 2073; x_wconf 86' lang='lat' dir='ltr'><strong>pre-</strong></span> 
     </span>
    </p>
   </div>
   <div class='ocr_carea' id='block_1_80' title="bbox 1999 2094 3584 2168">
    <p class='ocr_par' dir='ltr' id='par_1_80' title="bbox 1999 2094 3584 2168">
     <span class='ocr_line' id='line_1_80' title="bbox 1999 2094 3584 2168; baseline 0 -16"><span class='ocrx_word' id='word_1_572' title='bbox 1999 2106 2145 2164; x_wconf 91' lang='lat' dir='ltr'><strong>mat;</strong></span> <span class='ocrx_word' id='word_1_573' title='bbox 2205 2095 2647 2168; x_wconf 87' lang='lat' dir='ltr'><strong>quandoquidem</strong></span> <span class='ocrx_word' id='word_1_574' title='bbox 2693 2112 2805 2151; x_wconf 91' lang='lat' dir='ltr'><strong>tton</strong></span> <span class='ocrx_word' id='word_1_575' title='bbox 2856 2096 3152 2151; x_wconf 87' lang='lat' dir='ltr'><strong>asserimus</strong></span> <span class='ocrx_word' id='word_1_576' title='bbox 3200 2094 3584 2168; x_wconf 80' lang='lat' dir='ltr'><strong>Autipodosim</strong></span> 
     </span>
    </p>
   </div>
   <div class='ocr_carea' id='block_1_81' title="bbox 2001 2188 3597 2260">
    <p class='ocr_par' dir='ltr' id='par_1_81' title="bbox 2001 2188 3597 2260">
     <span class='ocr_line' id='line_1_81' title="bbox 2001 2188 3597 2260; baseline -0.001 -14"><span class='ocrx_word' id='word_1_577' title='bbox 2001 2204 2159 2246; x_wconf 89' lang='lat' dir='ltr'><strong>suam</strong></span> <span class='ocrx_word' id='word_1_578' title='bbox 2210 2189 2388 2260; x_wconf 85' lang='lat' dir='ltr'><strong>ipsum</strong></span> <span class='ocrx_word' id='word_1_579' title='bbox 2445 2189 2623 2244; x_wconf 89' lang='lat' dir='ltr'><strong>adhuc</strong></span> <span class='ocrx_word' id='word_1_580' title='bbox 2666 2188 2955 2245; x_wconf 91' lang='lat' dir='ltr'><strong>diaconum</strong></span> <span class='ocrx_word' id='word_1_581' title='bbox 3000 2188 3344 2254; x_wconf 65' lang='lat' dir='ltr'><strong>elaborasse,</strong></span> <span class='ocrx_word' id='word_1_582' title='bbox 3392 2204 3495 2247; x_wconf 89' lang='lat' dir='ltr'><strong>nec</strong></span> <span class='ocrx_word' id='word_1_583' title='bbox 3542 2189 3597 2245; x_wconf 90' lang='lat' dir='ltr'><strong>in</strong></span> 
     </span>
    </p>
   </div>
   <div class='ocr_carea' id='block_1_82' title="bbox 2000 2280 3601 2353">
    <p class='ocr_par' dir='ltr' id='par_1_82' title="bbox 2000 2280 3601 2353">
     <span class='ocr_line' id='line_1_82' title="bbox 2000 2280 3601 2353; baseline 0 -14"><span class='ocrx_word' id='word_1_584' title='bbox 2000 2283 2195 2340; x_wconf 76' lang='lat' dir='ltr'><strong>exsilio</strong></span> <span class='ocrx_word' id='word_1_585' title='bbox 2226 2300 2240 2338; x_wconf 89' lang='lat'><strong>:</strong></span> <span class='ocrx_word' id='word_1_586' title='bbox 2265 2281 2399 2339; x_wconf 90' lang='lat' dir='ltr'><strong>nihil</strong></span> <span class='ocrx_word' id='word_1_587' title='bbox 2430 2280 2624 2338; x_wconf 89' lang='lat' dir='ltr'><strong>horum</strong></span> <span class='ocrx_word' id='word_1_588' title='bbox 2646 2280 2703 2337; x_wconf 91' lang='lat' dir='ltr'><strong>in</strong></span> <span class='ocrx_word' id='word_1_589' title='bbox 2732 2281 2968 2352; x_wconf 84' lang='lat' dir='ltr'><strong>epistola</strong></span> <span class='ocrx_word' id='word_1_590' title='bbox 2999 2280 3433 2338; x_wconf 85' lang='lat' dir='ltr'><strong>continuationis</strong></span> <span class='ocrx_word' id='word_1_591' title='bbox 3479 2282 3601 2353; x_wconf 77' lang='lat' dir='ltr'><strong>eius</strong></span> 
     </span>
    </p>
   </div>
   <div class='ocr_carea' id='block_1_83' title="bbox 2000 2372 3598 2446">
    <p class='ocr_par' dir='ltr' id='par_1_83' title="bbox 2000 2372 3598 2446">
     <span class='ocr_line' id='line_1_83' title="bbox 2000 2372 3598 2446; baseline 0 -15"><span class='ocrx_word' id='word_1_592' title='bbox 2000 2373 2307 2431; x_wconf 89' lang='lat' dir='ltr'><strong>deducitur.</strong></span> <span class='ocrx_word' id='word_1_593' title='bbox 2337 2377 2471 2430; x_wconf 80' lang='lat' dir='ltr'><strong>Cum</strong></span> <span class='ocrx_word' id='word_1_594' title='bbox 2494 2389 2628 2432; x_wconf 85' lang='lat' dir='ltr'><strong>vero</strong></span> <span class='ocrx_word' id='word_1_595' title='bbox 2646 2373 2849 2432; x_wconf 81' lang='lat' dir='ltr'><strong>asserit</strong></span> <span class='ocrx_word' id='word_1_596' title='bbox 2869 2372 3192 2446; x_wconf 79' lang='lat' dir='ltr'><strong>produxisse</strong></span> <span class='ocrx_word' id='word_1_597' title='bbox 3220 2374 3598 2446; x_wconf 80' lang='lat' dir='ltr'><strong>Autipodosim</strong></span> 
     </span>
    </p>
   </div>
   <div class='ocr_carea' id='block_1_84' title="bbox 2001 2466 3596 2537">
    <p class='ocr_par' dir='ltr' id='par_1_84' title="bbox 2001 2466 3596 2537">
     <span class='ocr_line' id='line_1_84' title="bbox 2001 2466 3596 2537; baseline 0.001 -14"><span class='ocrx_word' id='word_1_598' title='bbox 2001 2483 2175 2537; x_wconf 87' lang='lat' dir='ltr'><strong>usque</strong></span> <span class='ocrx_word' id='word_1_599' title='bbox 2203 2467 2274 2523; x_wconf 89' lang='lat' dir='ltr'><strong>ad</strong></span> <span class='ocrx_word' id='word_1_600' title='bbox 2304 2483 2470 2522; x_wconf 73' lang='lat' dir='ltr'><strong>teram</strong></span> <span class='ocrx_word' id='word_1_601' title='bbox 2498 2466 2628 2531; x_wconf 75' lang='lat'><strong>965,</strong></span> <span class='ocrx_word' id='word_1_602' title='bbox 2659 2482 2827 2524; x_wconf 73' lang='lat' dir='ltr'><strong>teram</strong></span> <span class='ocrx_word' id='word_1_603' title='bbox 2851 2480 2976 2523; x_wconf 86' lang='lat' dir='ltr'><strong>cum</strong></span> <span class='ocrx_word' id='word_1_604' title='bbox 3000 2481 3148 2524; x_wconf 77' lang='lat' dir='ltr'><strong>anno</strong></span> <span class='ocrx_word' id='word_1_605' title='bbox 3187 2466 3494 2533; x_wconf 73' lang='lat' dir='ltr'><strong>confundit,</strong></span> <span class='ocrx_word' id='word_1_606' title='bbox 3517 2467 3596 2524; x_wconf 84' lang='lat' dir='ltr'><strong>uti</strong></span> 
     </span>
    </p>
   </div>
   <div class='ocr_carea' id='block_1_85' title="bbox 2002 2559 3602 2634">
    <p class='ocr_par' dir='ltr' id='par_1_85' title="bbox 2002 2559 3602 2634">
     <span class='ocr_line' id='line_1_85' title="bbox 2002 2559 3602 2634; baseline 0 -13"><span class='ocrx_word' id='word_1_607' title='bbox 2002 2564 2206 2621; x_wconf 88' lang='lat' dir='ltr'><strong>multos</strong></span> <span class='ocrx_word' id='word_1_608' title='bbox 2251 2578 2475 2619; x_wconf 88' lang='lat' dir='ltr'><strong>suorum</strong></span> <span class='ocrx_word' id='word_1_609' title='bbox 2529 2572 2838 2634; x_wconf 89' lang='lat' dir='ltr'><strong>temporum</strong></span> <span class='ocrx_word' id='word_1_610' title='bbox 2887 2559 3087 2619; x_wconf 79' lang='lat' dir='ltr'><strong>iecisse</strong></span> <span class='ocrx_word' id='word_1_611' title='bbox 3133 2562 3345 2619; x_wconf 87' lang='lat' dir='ltr'><strong>erudite</strong></span> <span class='ocrx_word' id='word_1_612' title='bbox 3390 2563 3602 2622; x_wconf 84' lang='lat' dir='ltr'><strong>notavit</strong></span> 
     </span>
    </p>
   </div>
   <div class='ocr_carea' id='block_1_86' title="bbox 2003 2653 3597 2728">
    <p class='ocr_par' dir='ltr' id='par_1_86' title="bbox 2003 2653 3597 2728">
     <span class='ocr_line' id='line_1_86' title="bbox 2003 2653 3597 2728; baseline -0.001 -15"><span class='ocrx_word' id='word_1_613' title='bbox 2003 2655 2330 2713; x_wconf 81' lang='lat' dir='ltr'><strong>Ambrosius</strong></span> <span class='ocrx_word' id='word_1_614' title='bbox 2359 2654 2586 2712; x_wconf 79' lang='lat' dir='ltr'><strong>Morales</strong></span> <span class='ocrx_word' id='word_1_615' title='bbox 2616 2656 2669 2711; x_wconf 90' lang='lat' dir='ltr'><strong>in</strong></span> <span class='ocrx_word' id='word_1_616' title='bbox 2702 2654 2818 2712; x_wconf 87' lang='lat' dir='ltr'><strong>suis</strong></span> <span class='ocrx_word' id='word_1_617' title='bbox 2844 2653 3272 2726; x_wconf 79' lang='lat' dir='ltr'><strong>Antiquitatibus</strong></span> <span class='ocrx_word' id='word_1_618' title='bbox 3302 2655 3597 2728; x_wconf 67' lang='lat' dir='ltr'><strong>llispauite.</strong></span> 
     </span>
    </p>
   </div>
   <div class='ocr_carea' id='block_1_87' title="bbox 2004 2747 3601 2821">
    <p class='ocr_par' dir='ltr' id='par_1_87' title="bbox 2004 2747 3601 2821">
     <span class='ocr_line' id='line_1_87' title="bbox 2004 2747 3601 2821; baseline 0.001 -16"><span class='ocrx_word' id='word_1_619' title='bbox 2004 2747 2177 2805; x_wconf 87' lang='lat' dir='ltr'><strong>Porro</strong></span> <span class='ocrx_word' id='word_1_620' title='bbox 2203 2748 2437 2805; x_wconf 85' lang='lat' dir='ltr'><strong>Bonisus</strong></span> <span class='ocrx_word' id='word_1_621' title='bbox 2467 2748 2774 2806; x_wconf 80' lang='lat' dir='ltr'><strong>Toletanus</strong></span> <span class='ocrx_word' id='word_1_622' title='bbox 2798 2749 3051 2819; x_wconf 86' lang='lat' dir='ltr'><strong>antistes,</strong></span> <span class='ocrx_word' id='word_1_623' title='bbox 3082 2749 3240 2821; x_wconf 75' lang='lat' dir='ltr'><strong>cuius</strong></span> <span class='ocrx_word' id='word_1_624' title='bbox 3286 2750 3601 2807; x_wconf 82' lang='lat' dir='ltr'><strong>Eutrandus</strong></span> 
     </span>
    </p>
   </div>
   <div class='ocr_carea' id='block_1_88' title="bbox 2002 2841 3598 2917">
    <p class='ocr_par' dir='ltr' id='par_1_88' title="bbox 2002 2841 3598 2917">
     <span class='ocr_line' id='line_1_88' title="bbox 2002 2841 3598 2917; baseline 0.002 -19"><span class='ocrx_word' id='word_1_625' title='bbox 2002 2842 2373 2898; x_wconf 88' lang='lat' dir='ltr'><strong>subdiaconus</strong></span> <span class='ocrx_word' id='word_1_626' title='bbox 2422 2841 2542 2910; x_wconf 84' lang='lat' dir='ltr'><strong>fuit,</strong></span> <span class='ocrx_word' id='word_1_627' title='bbox 2577 2859 2687 2899; x_wconf 90' lang='lat' dir='ltr'><strong>non</strong></span> <span class='ocrx_word' id='word_1_628' title='bbox 2715 2852 2800 2900; x_wconf 87' lang='lat' dir='ltr'><strong>est</strong></span> <span class='ocrx_word' id='word_1_629' title='bbox 2829 2846 2951 2913; x_wconf 85' lang='lat' dir='ltr'><strong>ejus</strong></span> <span class='ocrx_word' id='word_1_630' title='bbox 2978 2843 3214 2900; x_wconf 87' lang='lat' dir='ltr'><strong>nominis</strong></span> <span class='ocrx_word' id='word_1_631' title='bbox 3246 2844 3472 2914; x_wconf 89' lang='lat' dir='ltr'><strong>primus,</strong></span> <span class='ocrx_word' id='word_1_632' title='bbox 3502 2843 3598 2917; x_wconf 87' lang='lat' dir='ltr'><strong>qui</strong></span> 
     </span>
    </p>
   </div>
   <div class='ocr_carea' id='block_1_89' title="bbox 2002 2936 3601 3007">
    <p class='ocr_par' dir='ltr' id='par_1_89' title="bbox 2002 2936 3601 3007">
     <span class='ocr_line' id='line_1_89' title="bbox 2002 2936 3601 3007; baseline 0.002 -14"><span class='ocrx_word' id='word_1_633' title='bbox 2002 2951 2152 2993; x_wconf 85' lang='lat' dir='ltr'><strong>anno</strong></span> <span class='ocrx_word' id='word_1_634' title='bbox 2184 2936 2397 2992; x_wconf 89' lang='lat' dir='ltr'><strong>Domini</strong></span> <span class='ocrx_word' id='word_1_635' title='bbox 2441 2936 2548 2993; x_wconf 82' lang='lat'><strong>865</strong></span> <span class='ocrx_word' id='word_1_636' title='bbox 2587 2936 2800 2993; x_wconf 85' lang='lat' dir='ltr'><strong>electus</strong></span> <span class='ocrx_word' id='word_1_637' title='bbox 2838 2937 2959 3007; x_wconf 81' lang='lat' dir='ltr'><strong>fuit,</strong></span> <span class='ocrx_word' id='word_1_638' title='bbox 3010 2936 3111 2995; x_wconf 88' lang='lat' dir='ltr'><strong>sed</strong></span> <span class='ocrx_word' id='word_1_639' title='bbox 3164 2938 3361 2995; x_wconf 77' lang='lat' dir='ltr'><strong>tertius</strong></span> <span class='ocrx_word' id='word_1_640' title='bbox 3386 2940 3601 2997; x_wconf 84' lang='lat' dir='ltr'><strong>electus</strong></span> 
     </span>
    </p>
   </div>
   <div class='ocr_carea' id='block_1_90' title="bbox 2008 3029 3597 3104">
    <p class='ocr_par' dir='ltr' id='par_1_90' title="bbox 2008 3029 3597 3104">
     <span class='ocr_line' id='line_1_90' title="bbox 2008 3029 3597 3104; baseline 0.001 -16"><span class='ocrx_word' id='word_1_641' title='bbox 2008 3030 2183 3089; x_wconf 79' lang='lat' dir='ltr'><strong>Toleti</strong></span> <span class='ocrx_word' id='word_1_642' title='bbox 2210 3046 2356 3088; x_wconf 87' lang='lat' dir='ltr'><strong>anno</strong></span> <span class='ocrx_word' id='word_1_643' title='bbox 2382 3031 2510 3100; x_wconf 73' lang='lat' dir='ltr'><strong>9t6,</strong></span> <span class='ocrx_word' id='word_1_644' title='bbox 2541 3029 2685 3104; x_wconf 86' lang='lat' dir='ltr'><strong>quod</strong></span> <span class='ocrx_word' id='word_1_645' title='bbox 2710 3045 2977 3103; x_wconf 76' lang='lat' dir='ltr'><strong>expresse</strong></span> <span class='ocrx_word' id='word_1_646' title='bbox 3021 3032 3239 3100; x_wconf 83' lang='lat' dir='ltr'><strong>notavit</strong></span> <span class='ocrx_word' id='word_1_647' title='bbox 3263 3032 3514 3089; x_wconf 80' lang='lat' dir='ltr'><strong>Julianus</strong></span> <span class='ocrx_word' id='word_1_648' title='bbox 3542 3034 3597 3090; x_wconf 90' lang='lat' dir='ltr'><strong>in</strong></span> 
     </span>
    </p>
   </div>
   <div class='ocr_carea' id='block_1_91' title="bbox 1932 3081 3602 3197">
    <p class='ocr_par' dir='ltr' id='par_1_91' title="bbox 1932 3081 3602 3197">
     <span class='ocr_line' id='line_1_91' title="bbox 1932 3081 3602 3197; baseline -0.008 -14"><span class='ocrx_word' id='word_1_649' title='bbox 1932 3081 1979 3149; x_wconf 73' lang='grc' dir='ltr'>ο</span> <span class='ocrx_word' id='word_1_650' title='bbox 2006 3081 2318 3183; x_wconf 43' lang='lat' dir='ltr'><strong>eius};</strong></span> <span class='ocrx_word' id='word_1_651' title='bbox 2327 3081 2510 3195; x_wconf 76' lang='lat'><strong>&#39;..&#39;..;;.:</strong></span> <span class='ocrx_word' id='word_1_652' title='bbox 2540 3081 3602 3197; x_wconf 50' lang='lat' dir='ltr'><strong>5.1.13.3:s12...’;.;&#39;.;;;&quot;n.;:</strong></span> 
     </span>
    </p>
   </div>
   <div class='ocr_carea' id='block_1_92' title="bbox 2007 3218 3604 3293">
    <p class='ocr_par' dir='ltr' id='par_1_92' title="bbox 2007 3218 3604 3293">
     <span class='ocr_line' id='line_1_92' title="bbox 2007 3218 3604 3293; baseline 0 -14"><span class='ocrx_word' id='word_1_653' title='bbox 2007 3239 2097 3279; x_wconf 80' lang='lat' dir='ltr'><strong>sus</strong></span> <span class='ocrx_word' id='word_1_654' title='bbox 2122 3222 2343 3287; x_wconf 83' lang='lat' dir='ltr'><strong>tertius;</strong></span> <span class='ocrx_word' id='word_1_655' title='bbox 2386 3220 2482 3276; x_wconf 83' lang='lat' dir='ltr'><strong>sub</strong></span> <span class='ocrx_word' id='word_1_656' title='bbox 2508 3220 2607 3276; x_wconf 82' lang='lat' dir='ltr'><strong>hoc</strong></span> <span class='ocrx_word' id='word_1_657' title='bbox 2635 3221 2735 3293; x_wconf 76' lang='lat' dir='ltr'><strong>fuit</strong></span> <span class='ocrx_word' id='word_1_658' title='bbox 2770 3220 3117 3277; x_wconf 76' lang='lat' dir='ltr'><strong>subdiaconus</strong></span> <span class='ocrx_word' id='word_1_659' title='bbox 3153 3218 3484 3292; x_wconf 71' lang='lat' dir='ltr'><strong>Eutraadus,</strong></span> <span class='ocrx_word' id='word_1_660' title='bbox 3523 3221 3604 3279; x_wconf 74' lang='lat' dir='ltr'><strong>rei</strong></span> 
     </span>
    </p>
   </div>
   <div class='ocr_carea' id='block_1_93' title="bbox 2007 3314 3602 3390">
    <p class='ocr_par' dir='ltr' id='par_1_93' title="bbox 2007 3314 3602 3390">
     <span class='ocr_line' id='line_1_93' title="bbox 2007 3314 3602 3390; baseline -0.001 -16"><span class='ocrx_word' id='word_1_661' title='bbox 2007 3314 2361 3390; x_wconf 77' lang='lat' dir='ltr'><strong>Luitprandus</strong></span> <span class='ocrx_word' id='word_1_662' title='bbox 2420 3314 2732 3384; x_wconf 80' lang='lat' dir='ltr'><strong>Ticinensis,</strong></span> <span class='ocrx_word' id='word_1_663' title='bbox 2790 3315 3132 3373; x_wconf 66' lang='lat' dir='ltr'><strong>historiarum</strong></span> <span class='ocrx_word' id='word_1_664' title='bbox 3188 3316 3414 3390; x_wconf 79' lang='lat' dir='ltr'><strong>scriptor</strong></span> <span class='ocrx_word' id='word_1_665' title='bbox 3455 3315 3602 3373; x_wconf 67' lang='lat' dir='ltr'><strong>haud</strong></span> 
     </span>
    </p>
   </div>
   <div class='ocr_carea' id='block_1_94' title="bbox 2007 3408 3602 3482">
    <p class='ocr_par' dir='ltr' id='par_1_94' title="bbox 2007 3408 3602 3482">
     <span class='ocr_line' id='line_1_94' title="bbox 2007 3408 3602 3482; baseline 0.002 -19"><span class='ocrx_word' id='word_1_666' title='bbox 2007 3409 2273 3482; x_wconf 79' lang='lat' dir='ltr'><strong>ignobilis,</strong></span> <span class='ocrx_word' id='word_1_667' title='bbox 2304 3420 2354 3465; x_wconf 81' lang='lat' dir='ltr'><strong>et</strong></span> <span class='ocrx_word' id='word_1_668' title='bbox 2380 3409 2576 3481; x_wconf 83' lang='lat' dir='ltr'><strong>pariter</strong></span> <span class='ocrx_word' id='word_1_669' title='bbox 2612 3418 2764 3482; x_wconf 84' lang='lat' dir='ltr'><strong>poeta</strong></span> <span class='ocrx_word' id='word_1_670' title='bbox 2800 3409 3077 3467; x_wconf 72' lang='lat' dir='ltr'><strong>melleus.</strong></span> <span class='ocrx_word' id='word_1_671' title='bbox 3106 3408 3240 3480; x_wconf 79' lang='lat' dir='ltr'><strong>Ejus</strong></span> <span class='ocrx_word' id='word_1_672' title='bbox 3266 3424 3400 3466; x_wconf 87' lang='lat' dir='ltr'><strong>vero</strong></span> <span class='ocrx_word' id='word_1_673' title='bbox 3427 3409 3602 3466; x_wconf 82' lang='lat' dir='ltr'><strong>Chro-</strong></span> 
     </span>
    </p>
   </div>
   <div class='ocr_carea' id='block_1_95' title="bbox 2007 3501 3602 3576">
    <p class='ocr_par' dir='ltr' id='par_1_95' title="bbox 2007 3501 3602 3576">
     <span class='ocr_line' id='line_1_95' title="bbox 2007 3501 3602 3576; baseline -0.001 -17"><span class='ocrx_word' id='word_1_674' title='bbox 2007 3505 2170 3561; x_wconf 89' lang='lat' dir='ltr'><strong>nicon</strong></span> <span class='ocrx_word' id='word_1_675' title='bbox 2218 3519 2326 3560; x_wconf 90' lang='lat' dir='ltr'><strong>non</strong></span> <span class='ocrx_word' id='word_1_676' title='bbox 2357 3504 2533 3576; x_wconf 85' lang='lat' dir='ltr'><strong>potuit</strong></span> <span class='ocrx_word' id='word_1_677' title='bbox 2557 3504 2827 3559; x_wconf 80' lang='lat' dir='ltr'><strong>Calderon</strong></span> <span class='ocrx_word' id='word_1_678' title='bbox 2864 3501 3088 3569; x_wconf 88' lang='lat' dir='ltr'><strong>cudere,</strong></span> <span class='ocrx_word' id='word_1_679' title='bbox 3136 3511 3327 3574; x_wconf 86' lang='lat' dir='ltr'><strong>utpote</strong></span> <span class='ocrx_word' id='word_1_680' title='bbox 3350 3502 3420 3560; x_wconf 92' lang='lat' dir='ltr'><strong>ad</strong></span> <span class='ocrx_word' id='word_1_681' title='bbox 3445 3502 3602 3574; x_wconf 81' lang='lat' dir='ltr'><strong>cujus</strong></span> 
     </span>
    </p>
   </div>
   <div class='ocr_carea' id='block_1_96' title="bbox 2007 3593 3597 3667">
    <p class='ocr_par' dir='ltr' id='par_1_96' title="bbox 2007 3593 3597 3667">
     <span class='ocr_line' id='line_1_96' title="bbox 2007 3593 3597 3667; baseline -0.001 -14"><span class='ocrx_word' id='word_1_682' title='bbox 2007 3612 2200 3653; x_wconf 87' lang='lat' dir='ltr'><strong>manus</strong></span> <span class='ocrx_word' id='word_1_683' title='bbox 2231 3612 2339 3652; x_wconf 93' lang='lat' dir='ltr'><strong>non</strong></span> <span class='ocrx_word' id='word_1_684' title='bbox 2367 3607 2707 3667; x_wconf 83' lang='lat' dir='ltr'><strong>pervenerat,</strong></span> <span class='ocrx_word' id='word_1_685' title='bbox 2738 3596 2835 3652; x_wconf 85' lang='lat' dir='ltr'><strong>sed</strong></span> <span class='ocrx_word' id='word_1_686' title='bbox 2858 3593 3085 3667; x_wconf 83' lang='lat' dir='ltr'><strong>epistola</strong></span> <span class='ocrx_word' id='word_1_687' title='bbox 3113 3594 3288 3661; x_wconf 85' lang='lat' dir='ltr'><strong>nuda;</strong></span> <span class='ocrx_word' id='word_1_688' title='bbox 3324 3608 3428 3652; x_wconf 83' lang='lat' dir='ltr'><strong>nec</strong></span> <span class='ocrx_word' id='word_1_689' title='bbox 3451 3593 3597 3652; x_wconf 80' lang='lat' dir='ltr'><strong>enim</strong></span> 
     </span>
    </p>
   </div>
   <div class='ocr_carea' id='block_1_97' title="bbox 2007 3686 3599 3761">
    <p class='ocr_par' dir='ltr' id='par_1_97' title="bbox 2007 3686 3599 3761">
     <span class='ocr_line' id='line_1_97' title="bbox 2007 3686 3599 3761; baseline 0.001 -18"><span class='ocrx_word' id='word_1_690' title='bbox 2007 3686 2069 3744; x_wconf 86' lang='lat' dir='ltr'><strong>P.</strong></span> <span class='ocrx_word' id='word_1_691' title='bbox 2119 3687 2485 3761; x_wconf 80' lang='lat' dir='ltr'><strong>Hieronymus</strong></span> <span class='ocrx_word' id='word_1_692' title='bbox 2510 3688 2582 3745; x_wconf 91' lang='lat' dir='ltr'><strong>de</strong></span> <span class='ocrx_word' id='word_1_693' title='bbox 2623 3687 2676 3744; x_wconf 88' lang='lat' dir='ltr'><strong>Ia</strong></span> <span class='ocrx_word' id='word_1_694' title='bbox 2720 3687 2953 3759; x_wconf 76' lang='lat' dir='ltr'><strong>iliguera</strong></span> <span class='ocrx_word' id='word_1_695' title='bbox 3001 3686 3218 3744; x_wconf 73' lang='lat' dir='ltr'><strong>lloriiio</strong></span> <span class='ocrx_word' id='word_1_696' title='bbox 3264 3688 3599 3745; x_wconf 65' lang='lat' dir='ltr'><strong>[intrandum</strong></span> 
     </span>
    </p>
   </div>
   <div class='ocr_carea' id='block_1_98' title="bbox 2005 3780 3601 3853">
    <p class='ocr_par' dir='ltr' id='par_1_98' title="bbox 2005 3780 3601 3853">
     <span class='ocr_line' id='line_1_98' title="bbox 2005 3780 3601 3853; baseline -0.001 -16"><span class='ocrx_word' id='word_1_697' title='bbox 2005 3780 2522 3849; x_wconf 80' lang='lat' dir='ltr'><strong>communicaverat,</strong></span> <span class='ocrx_word' id='word_1_698' title='bbox 2541 3795 2571 3837; x_wconf 88' lang='lat' dir='ltr'><strong>a</strong></span> <span class='ocrx_word' id='word_1_699' title='bbox 2598 3796 2706 3853; x_wconf 90' lang='lat' dir='ltr'><strong>quo</strong></span> <span class='ocrx_word' id='word_1_700' title='bbox 2730 3780 2789 3836; x_wconf 83' lang='lat' dir='ltr'><strong>P.</strong></span> <span class='ocrx_word' id='word_1_701' title='bbox 2816 3780 3088 3839; x_wconf 82' lang='lat' dir='ltr'><strong>Calderou</strong></span> <span class='ocrx_word' id='word_1_702' title='bbox 3117 3780 3385 3838; x_wconf 70' lang='lat' dir='ltr'><strong>Dextrum</strong></span> <span class='ocrx_word' id='word_1_703' title='bbox 3406 3788 3463 3836; x_wconf 86' lang='lat' dir='ltr'><strong>et</strong></span> <span class='ocrx_word' id='word_1_704' title='bbox 3488 3780 3601 3837; x_wconf 72' lang='lat' dir='ltr'><strong>Ma-</strong></span> 
     </span>
    </p>
   </div>
   <div class='ocr_carea' id='block_1_99' title="bbox 2005 3874 3594 3945">
    <p class='ocr_par' dir='ltr' id='par_1_99' title="bbox 2005 3874 3594 3945">
     <span class='ocr_line' id='line_1_99' title="bbox 2005 3874 3594 3945; baseline -0.001 -14"><span class='ocrx_word' id='word_1_705' title='bbox 2005 3875 2213 3931; x_wconf 78' lang='lat' dir='ltr'><strong>ximum</strong></span> <span class='ocrx_word' id='word_1_706' title='bbox 2238 3875 2472 3944; x_wconf 89' lang='lat' dir='ltr'><strong>accepit,</strong></span> <span class='ocrx_word' id='word_1_707' title='bbox 2498 3890 2605 3930; x_wconf 90' lang='lat' dir='ltr'><strong>non</strong></span> <span class='ocrx_word' id='word_1_708' title='bbox 2630 3874 2756 3945; x_wconf 89' lang='lat' dir='ltr'><strong>quia</strong></span> <span class='ocrx_word' id='word_1_709' title='bbox 2780 3875 2967 3945; x_wconf 85' lang='lat' dir='ltr'><strong>spuria</strong></span> <span class='ocrx_word' id='word_1_710' title='bbox 2993 3874 3368 3944; x_wconf 74' lang='lat' dir='ltr'><strong>iudicarentur</strong></span> <span class='ocrx_word' id='word_1_711' title='bbox 3388 3875 3594 3943; x_wconf 89' lang='lat' dir='ltr'><strong>abillo,</strong></span> 
     </span>
    </p>
   </div>
   <div class='ocr_carea' id='block_1_100' title="bbox 2004 3967 3599 4039">
    <p class='ocr_par' dir='ltr' id='par_1_100' title="bbox 2004 3967 3599 4039">
     <span class='ocr_line' id='line_1_100' title="bbox 2004 3967 3599 4039; baseline 0.001 -15"><span class='ocrx_word' id='word_1_712' title='bbox 2004 3968 2101 4024; x_wconf 81' lang='lat' dir='ltr'><strong>sed</strong></span> <span class='ocrx_word' id='word_1_713' title='bbox 2146 3968 2271 4037; x_wconf 86' lang='lat' dir='ltr'><strong>quia</strong></span> <span class='ocrx_word' id='word_1_714' title='bbox 2304 3968 2465 4023; x_wconf 67' lang='lat' dir='ltr'><strong>tzedio</strong></span> <span class='ocrx_word' id='word_1_715' title='bbox 2505 3967 2721 4039; x_wconf 88' lang='lat' dir='ltr'><strong>plenum</strong></span> <span class='ocrx_word' id='word_1_716' title='bbox 2753 3977 2870 4025; x_wconf 90' lang='lat' dir='ltr'><strong>erat</strong></span> <span class='ocrx_word' id='word_1_717' title='bbox 2913 3976 2995 4026; x_wconf 90' lang='lat' dir='ltr'><strong>tot</strong></span> <span class='ocrx_word' id='word_1_718' title='bbox 3019 3968 3271 4039; x_wconf 76' lang='lat' dir='ltr'><strong>exempla</strong></span> <span class='ocrx_word' id='word_1_719' title='bbox 3298 3983 3460 4024; x_wconf 88' lang='lat' dir='ltr'><strong>manu</strong></span> <span class='ocrx_word' id='word_1_720' title='bbox 3501 3983 3599 4025; x_wconf 79' lang='lat' dir='ltr'><strong>sua</strong></span> 
     </span>
    </p>
   </div>
   <div class='ocr_carea' id='block_1_101' title="bbox 2002 4059 3600 4133">
    <p class='ocr_par' dir='ltr' id='par_1_101' title="bbox 2002 4059 3600 4133">
     <span class='ocr_line' id='line_1_101' title="bbox 2002 4059 3600 4133; baseline -0.001 -14"><span class='ocrx_word' id='word_1_721' title='bbox 2002 4076 2250 4129; x_wconf 81' lang='lat' dir='ltr'><strong>exarare,</strong></span> <span class='ocrx_word' id='word_1_722' title='bbox 2284 4069 2420 4133; x_wconf 86' lang='lat' dir='ltr'><strong>quot</strong></span> <span class='ocrx_word' id='word_1_723' title='bbox 2443 4076 2473 4117; x_wconf 90' lang='lat' dir='ltr'><strong>a</strong></span> <span class='ocrx_word' id='word_1_724' title='bbox 2492 4060 2724 4117; x_wconf 75' lang='lat' dir='ltr'><strong>diversis</strong></span> <span class='ocrx_word' id='word_1_725' title='bbox 2751 4061 2943 4118; x_wconf 88' lang='lat' dir='ltr'><strong>amicis</strong></span> <span class='ocrx_word' id='word_1_726' title='bbox 2974 4075 3069 4119; x_wconf 87' lang='lat' dir='ltr'><strong>seu</strong></span> <span class='ocrx_word' id='word_1_727' title='bbox 3100 4059 3279 4118; x_wconf 90' lang='lat' dir='ltr'><strong>doctis</strong></span> <span class='ocrx_word' id='word_1_728' title='bbox 3308 4061 3443 4117; x_wconf 87' lang='lat' dir='ltr'><strong>viris</strong></span> <span class='ocrx_word' id='word_1_729' title='bbox 3464 4076 3600 4131; x_wconf 88' lang='lat' dir='ltr'><strong>quo-</strong></span> 
     </span>
    </p>
   </div>
   <div class='ocr_carea' id='block_1_102' title="bbox 2008 4155 3598 4228">
    <p class='ocr_par' dir='ltr' id='par_1_102' title="bbox 2008 4155 3598 4228">
     <span class='ocr_line' id='line_1_102' title="bbox 2008 4155 3598 4228; baseline 0.001 -18"><span class='ocrx_word' id='word_1_730' title='bbox 2008 4156 2140 4212; x_wconf 90' lang='lat' dir='ltr'><strong>tidie</strong></span> <span class='ocrx_word' id='word_1_731' title='bbox 2165 4156 2235 4212; x_wconf 92' lang='lat' dir='ltr'><strong>ab</strong></span> <span class='ocrx_word' id='word_1_732' title='bbox 2275 4170 2343 4213; x_wconf 91' lang='lat' dir='ltr'><strong>eo</strong></span> <span class='ocrx_word' id='word_1_733' title='bbox 2370 4155 2753 4228; x_wconf 79' lang='lat' dir='ltr'><strong>exigebantur.</strong></span> <span class='ocrx_word' id='word_1_734' title='bbox 2800 4155 2993 4211; x_wconf 82' lang='lat' dir='ltr'><strong>Frusta</strong></span> <span class='ocrx_word' id='word_1_735' title='bbox 3032 4156 3181 4211; x_wconf 85' lang='lat' dir='ltr'><strong>varia</strong></span> <span class='ocrx_word' id='word_1_736' title='bbox 3223 4155 3598 4212; x_wconf 83' lang='lat' dir='ltr'><strong>communica-</strong></span> 
     </span>
    </p>
   </div>
   <div class='ocr_carea' id='block_1_103' title="bbox 2003 4244 3598 4320">
    <p class='ocr_par' dir='ltr' id='par_1_103' title="bbox 2003 4244 3598 4320">
     <span class='ocr_line' id='line_1_103' title="bbox 2003 4244 3598 4320; baseline 0 -17"><span class='ocrx_word' id='word_1_737' title='bbox 2003 4249 2085 4303; x_wconf 83' lang='lat' dir='ltr'><strong>vit</strong></span> <span class='ocrx_word' id='word_1_738' title='bbox 2123 4248 2307 4303; x_wconf 89' lang='lat' dir='ltr'><strong>multis</strong></span> <span class='ocrx_word' id='word_1_739' title='bbox 2336 4262 2438 4318; x_wconf 90' lang='lat' dir='ltr'><strong>pro</strong></span> <span class='ocrx_word' id='word_1_740' title='bbox 2485 4246 2730 4319; x_wconf 86' lang='lat' dir='ltr'><strong>cujusvis</strong></span> <span class='ocrx_word' id='word_1_741' title='bbox 2776 4246 3219 4320; x_wconf 80' lang='lat' dir='ltr'><strong>indigentiath</strong></span> <span class='ocrx_word' id='word_1_742' title='bbox 3266 4244 3598 4302; x_wconf 83' lang='lat' dir='ltr'><strong>Sandovalio</strong></span> 
     </span>
    </p>
   </div>
   <div class='ocr_carea' id='block_1_104' title="bbox 2004 4336 3596 4411">
    <p class='ocr_par' dir='ltr' id='par_1_104' title="bbox 2004 4336 3596 4411">
     <span class='ocr_line' id='line_1_104' title="bbox 2004 4336 3596 4411; baseline -0.002 -14"><span class='ocrx_word' id='word_1_743' title='bbox 2004 4340 2263 4411; x_wconf 78' lang='lat' dir='ltr'><strong>episcono</strong></span> <span class='ocrx_word' id='word_1_744' title='bbox 2288 4340 2550 4407; x_wconf 87' lang='lat' dir='ltr'><strong>&#39;l‘udensi,</strong></span> <span class='ocrx_word' id='word_1_745' title='bbox 2582 4340 2827 4410; x_wconf 85' lang='lat' dir='ltr'><strong>Casparo</strong></span> <span class='ocrx_word' id='word_1_746' title='bbox 2859 4339 3140 4401; x_wconf 75' lang='lat' dir='ltr'><strong>Machado.</strong></span> <span class='ocrx_word' id='word_1_747' title='bbox 3182 4348 3239 4395; x_wconf 91' lang='lat' dir='ltr'><strong>et</strong></span> <span class='ocrx_word' id='word_1_748' title='bbox 3263 4338 3417 4405; x_wconf 86' lang='lat' dir='ltr'><strong>aliis;</strong></span> <span class='ocrx_word' id='word_1_749' title='bbox 3446 4336 3596 4394; x_wconf 80' lang='lat' dir='ltr'><strong>Patri</strong></span> 
     </span>
    </p>
   </div>
   <div class='ocr_carea' id='block_1_105' title="bbox 2003 4430 3596 4507">
    <p class='ocr_par' dir='ltr' id='par_1_105' title="bbox 2003 4430 3596 4507">
     <span class='ocr_line' id='line_1_105' title="bbox 2003 4430 3596 4507; baseline -0.003 -14"><span class='ocrx_word' id='word_1_750' title='bbox 2003 4452 2135 4493; x_wconf 82' lang='lat' dir='ltr'><strong>vero</strong></span> <span class='ocrx_word' id='word_1_751' title='bbox 2182 4435 2422 4493; x_wconf 85' lang='lat' dir='ltr'><strong>Gabrieli</strong></span> <span class='ocrx_word' id='word_1_752' title='bbox 2468 4435 2717 4507; x_wconf 66' lang='grc' dir='ltr'><strong>γίιιῳιιιι</strong></span> <span class='ocrx_word' id='word_1_753' title='bbox 2767 4435 3054 4504; x_wconf 87' lang='lat' dir='ltr'><strong>epistolam</strong></span> <span class='ocrx_word' id='word_1_754' title='bbox 3104 4431 3370 4489; x_wconf 80' lang='lat' dir='ltr'><strong>Eutrandi</strong></span> <span class='ocrx_word' id='word_1_755' title='bbox 3421 4430 3596 4501; x_wconf 86' lang='lat' dir='ltr'><strong>dedit,</strong></span> 
     </span>
    </p>
   </div>
   <div class='ocr_carea' id='block_1_106' title="bbox 2001 4526 3597 4607">
    <p class='ocr_par' dir='ltr' id='par_1_106' title="bbox 2001 4526 3597 4607">
     <span class='ocr_line' id='line_1_106' title="bbox 2001 4526 3597 4607; baseline -0.002 -21"><span class='ocrx_word' id='word_1_756' title='bbox 2001 4533 2149 4607; x_wconf 88' lang='lat' dir='ltr'><strong>quod</strong></span> <span class='ocrx_word' id='word_1_757' title='bbox 2182 4530 2409 4588; x_wconf 87' lang='lat' dir='ltr'><strong>multum</strong></span> <span class='ocrx_word' id='word_1_758' title='bbox 2434 4530 2503 4585; x_wconf 89' lang='lat' dir='ltr'><strong>ad</strong></span> <span class='ocrx_word' id='word_1_759' title='bbox 2536 4529 2779 4586; x_wconf 77' lang='lat' dir='ltr'><strong>favorem</strong></span> <span class='ocrx_word' id='word_1_760' title='bbox 2809 4527 3058 4600; x_wconf 66' lang='lat' dir='ltr'><strong>Elirutndi</strong></span> <span class='ocrx_word' id='word_1_761' title='bbox 3083 4527 3332 4585; x_wconf 84' lang='lat' dir='ltr'><strong>Toletani</strong></span> <span class='ocrx_word' id='word_1_762' title='bbox 3378 4526 3597 4583; x_wconf 85' lang='lat' dir='ltr'><strong>archie-</strong></span> 
     </span>
    </p>
   </div>
   <div class='ocr_carea' id='block_1_107' title="bbox 2003 4617 3597 4698">
    <p class='ocr_par' dir='ltr' id='par_1_107' title="bbox 2003 4617 3597 4698">
     <span class='ocr_line' id='line_1_107' title="bbox 2003 4617 3597 4698; baseline -0.004 -16"><span class='ocrx_word' id='word_1_763' title='bbox 2003 4626 2212 4698; x_wconf 81' lang='lat' dir='ltr'><strong>piscOpi</strong></span> <span class='ocrx_word' id='word_1_764' title='bbox 2236 4623 2567 4680; x_wconf 89' lang='lat' dir='ltr'><strong>conduceret</strong></span> <span class='ocrx_word' id='word_1_765' title='bbox 2595 4625 2650 4679; x_wconf 91' lang='lat' dir='ltr'><strong>in</strong></span> <span class='ocrx_word' id='word_1_766' title='bbox 2673 4623 2972 4696; x_wconf 66' lang='lat' dir='ltr'><strong>quastione</strong></span> <span class='ocrx_word' id='word_1_767' title='bbox 2993 4623 3062 4679; x_wconf 93' lang='lat' dir='ltr'><strong>de</strong></span> <span class='ocrx_word' id='word_1_768' title='bbox 3083 4620 3369 4677; x_wconf 79' lang='lat' dir='ltr'><strong>Fillatioue</strong></span> <span class='ocrx_word' id='word_1_769' title='bbox 3389 4617 3597 4676; x_wconf 83' lang='lat' dir='ltr'><strong>Christi</strong></span> 
     </span>
    </p>
   </div>
   <div class='ocr_carea' id='block_1_108' title="bbox 2002 4713 3595 4790">
    <p class='ocr_par' dir='ltr' id='par_1_108' title="bbox 2002 4713 3595 4790">
     <span class='ocr_line' id='line_1_108' title="bbox 2002 4713 3595 4790; baseline -0.001 -16"><span class='ocrx_word' id='word_1_770' title='bbox 2002 4718 2071 4774; x_wconf 86' lang='lat' dir='ltr'><strong>ad</strong></span> <span class='ocrx_word' id='word_1_771' title='bbox 2100 4720 2155 4777; x_wconf 76' lang='lat'><strong>5.</strong></span> <span class='ocrx_word' id='word_1_772' title='bbox 2189 4732 2243 4790; x_wconf 91' lang='lat' dir='ltr'><strong>p.</strong></span> <span class='ocrx_word' id='word_1_773' title='bbox 2278 4718 2341 4773; x_wconf 89' lang='lat' dir='ltr'><strong>D.</strong></span> <span class='ocrx_word' id='word_1_774' title='bbox 2376 4717 2602 4773; x_wconf 82' lang='lat' dir='ltr'><strong>Thema:</strong></span> <span class='ocrx_word' id='word_1_775' title='bbox 2647 4725 2784 4773; x_wconf 89' lang='lat' dir='ltr'><strong>tom.</strong></span> <span class='ocrx_word' id='word_1_776' title='bbox 2811 4715 2854 4786; x_wconf 84' lang='grc' dir='ltr'><strong>Ι,</strong></span> <span class='ocrx_word' id='word_1_777' title='bbox 2906 4715 3071 4783; x_wconf 84' lang='lat' dir='ltr'><strong>unde,</strong></span> <span class='ocrx_word' id='word_1_778' title='bbox 3122 4724 3182 4771; x_wconf 92' lang='lat' dir='ltr'><strong>ut</strong></span> <span class='ocrx_word' id='word_1_779' title='bbox 3229 4713 3420 4785; x_wconf 86' lang='lat' dir='ltr'><strong>credo,</strong></span> <span class='ocrx_word' id='word_1_780' title='bbox 3472 4728 3595 4773; x_wconf 72' lang='lat' dir='ltr'><strong>eam</strong></span> 
     </span>
    </p>
   </div>
   <div class='ocr_carea' id='block_1_109' title="bbox 2001 4806 3425 4885">
    <p class='ocr_par' dir='ltr' id='par_1_109' title="bbox 2001 4806 3425 4885">
     <span class='ocr_line' id='line_1_109' title="bbox 2001 4806 3425 4885; baseline -0.002 -18"><span class='ocrx_word' id='word_1_781' title='bbox 2001 4810 2223 4885; x_wconf 89' lang='lat' dir='ltr'><strong>quidam</strong></span> <span class='ocrx_word' id='word_1_782' title='bbox 2250 4826 2535 4882; x_wconf 83' lang='lat' dir='ltr'><strong>sumpsere</strong></span> <span class='ocrx_word' id='word_1_783' title='bbox 2561 4808 2629 4865; x_wconf 89' lang='lat' dir='ltr'><strong>ad</strong></span> <span class='ocrx_word' id='word_1_784' title='bbox 2661 4809 2904 4866; x_wconf 75' lang='lat' dir='ltr'><strong>favorem</strong></span> <span class='ocrx_word' id='word_1_785' title='bbox 2931 4806 3188 4865; x_wconf 85' lang='lat' dir='ltr'><strong>Chrenici</strong></span> <span class='ocrx_word' id='word_1_786' title='bbox 3216 4806 3425 4864; x_wconf 75' lang='lat' dir='ltr'><strong>Dextri.</strong></span> 
     </span>
    </p>
   </div>
   <div class='ocr_carea' id='block_1_110' title="bbox 2075 4894 3589 4977">
    <p class='ocr_par' dir='ltr' id='par_1_110' title="bbox 2075 4894 3589 4977">
     <span class='ocr_line' id='line_1_110' title="bbox 2075 4894 3589 4977; baseline -0.003 -15"><span class='ocrx_word' id='word_1_787' title='bbox 2075 4907 2368 4977; x_wconf 79' lang='lat' dir='ltr'><strong>Reliquum</strong></span> <span class='ocrx_word' id='word_1_788' title='bbox 2398 4915 2504 4975; x_wconf 79' lang='lat' dir='ltr'><strong>est,</strong></span> <span class='ocrx_word' id='word_1_789' title='bbox 2529 4915 2587 4962; x_wconf 92' lang='lat' dir='ltr'><strong>ut</strong></span> <span class='ocrx_word' id='word_1_790' title='bbox 2618 4905 2800 4962; x_wconf 83' lang='lat' dir='ltr'><strong>verbis</strong></span> <span class='ocrx_word' id='word_1_791' title='bbox 2836 4903 3097 4960; x_wconf 86' lang='lat' dir='ltr'><strong>Bcrnardi</strong></span> <span class='ocrx_word' id='word_1_792' title='bbox 3128 4903 3235 4960; x_wconf 88' lang='lat' dir='ltr'><strong>mei</strong></span> <span class='ocrx_word' id='word_1_793' title='bbox 3279 4904 3442 4959; x_wconf 87' lang='lat' dir='ltr'><strong>linem</strong></span> <span class='ocrx_word' id='word_1_794' title='bbox 3485 4894 3589 4957; x_wconf 85' lang='lat' dir='ltr'><strong>im-</strong></span> 
     </span>
    </p>
   </div>
   <div class='ocr_carea' id='block_1_111' title="bbox 1996 4995 3592 5071">
    <p class='ocr_par' dir='ltr' id='par_1_111' title="bbox 1996 4995 3592 5071">
     <span class='ocr_line' id='line_1_111' title="bbox 1996 4995 3592 5071; baseline -0.003 -16"><span class='ocrx_word' id='word_1_795' title='bbox 1996 5014 2199 5071; x_wconf 89' lang='lat' dir='ltr'><strong>ponam</strong></span> <span class='ocrx_word' id='word_1_796' title='bbox 2224 4999 2349 5054; x_wconf 87' lang='lat' dir='ltr'><strong>huic</strong></span> <span class='ocrx_word' id='word_1_797' title='bbox 2378 5002 2656 5065; x_wconf 82' lang='lat' dir='ltr'><strong>tractatui,</strong></span> <span class='ocrx_word' id='word_1_798' title='bbox 2685 4996 2883 5069; x_wconf 86' lang='lat' dir='ltr'><strong>quibus</strong></span> <span class='ocrx_word' id='word_1_799' title='bbox 2914 4998 3030 5065; x_wconf 61' lang='lat' dir='ltr'><strong>ipse</strong></span> <span class='ocrx_word' id='word_1_800' title='bbox 3050 4995 3450 5067; x_wconf 77' lang='lat' dir='ltr'><strong>apologoticam</strong></span> <span class='ocrx_word' id='word_1_801' title='bbox 3473 4996 3592 5063; x_wconf 83' lang='lat' dir='ltr'><strong>cpi-</strong></span> 
     </span>
    </p>
   </div>
   <div class='ocr_carea' id='block_1_112' title="bbox 1995 5088 3595 5161">
    <p class='ocr_par' dir='ltr' id='par_1_112' title="bbox 1995 5088 3595 5161">
     <span class='ocr_line' id='line_1_112' title="bbox 1995 5088 3595 5161; baseline -0.002 -12"><span class='ocrx_word' id='word_1_802' title='bbox 1995 5092 2192 5149; x_wconf 79' lang='lat' dir='ltr'><strong>stolam</strong></span> <span class='ocrx_word' id='word_1_803' title='bbox 2212 5092 2279 5147; x_wconf 90' lang='lat' dir='ltr'><strong>ad</strong></span> <span class='ocrx_word' id='word_1_804' title='bbox 2301 5092 2550 5149; x_wconf 80' lang='lat' dir='ltr'><strong>abbatem</strong></span> <span class='ocrx_word' id='word_1_805' title='bbox 2567 5091 2636 5147; x_wconf 91' lang='lat' dir='ltr'><strong>de</strong></span> <span class='ocrx_word' id='word_1_806' title='bbox 2655 5091 3079 5146; x_wconf 70' lang='lat' dir='ltr'><strong>Pmmonstrato</strong></span> <span class='ocrx_word' id='word_1_807' title='bbox 3096 5088 3357 5161; x_wconf 88' lang='lat' dir='ltr'><strong>scriptam</strong></span> <span class='ocrx_word' id='word_1_808' title='bbox 3372 5088 3595 5146; x_wconf 86' lang='lat' dir='ltr'><strong>clausit:</strong></span> 
     </span>
    </p>
   </div>
   <div class='ocr_carea' id='block_1_113' title="bbox 1994 5183 3589 5262">
    <p class='ocr_par' dir='ltr' id='par_1_113' title="bbox 1994 5183 3589 5262">
     <span class='ocr_line' id='line_1_113' title="bbox 1994 5183 3589 5262; baseline -0.003 -18"><span class='ocrx_word' id='word_1_809' title='bbox 1994 5204 2119 5262; x_wconf 78' lang='lat' dir='ltr'><strong>qua:</strong></span> <span class='ocrx_word' id='word_1_810' title='bbox 2149 5190 2293 5244; x_wconf 88' lang='lat' dir='ltr'><strong>inter</strong></span> <span class='ocrx_word' id='word_1_811' title='bbox 2320 5202 2447 5245; x_wconf 86' lang='lat' dir='ltr'><strong>suas</strong></span> <span class='ocrx_word' id='word_1_812' title='bbox 2473 5197 2555 5245; x_wconf 86' lang='lat' dir='ltr'><strong>est</strong></span> <span class='ocrx_word' id='word_1_813' title='bbox 2578 5187 2686 5243; x_wconf 72' lang='lat'><strong>252</strong></span> <span class='ocrx_word' id='word_1_814' title='bbox 2714 5204 2726 5239; x_wconf 91' lang='lat'><strong>:</strong></span> <span class='ocrx_word' id='word_1_815' title='bbox 2753 5184 2883 5241; x_wconf 88' lang='lat' dir='ltr'><strong>Cum</strong></span> <span class='ocrx_word' id='word_1_816' title='bbox 2902 5184 3014 5240; x_wconf 69' lang='lat' dir='ltr'><strong>lucc</strong></span> <span class='ocrx_word' id='word_1_817' title='bbox 3036 5187 3109 5240; x_wconf 81' lang='lat' dir='ltr'><strong>ita</strong></span> <span class='ocrx_word' id='word_1_818' title='bbox 3130 5199 3185 5238; x_wconf 81' lang='lat' dir='ltr'><strong>se</strong></span> <span class='ocrx_word' id='word_1_819' title='bbox 3212 5183 3461 5253; x_wconf 74' lang='lat' dir='ltr'><strong>habeant,&quot;</strong></span> <span class='ocrx_word' id='word_1_820' title='bbox 3483 5200 3589 5239; x_wconf 80' lang='lat' dir='ltr'><strong>non</strong></span> 
     </span>
    </p>
   </div>
   <div class='ocr_carea' id='block_1_114' title="bbox 1993 5277 3594 5356">
    <p class='ocr_par' dir='ltr' id='par_1_114' title="bbox 1993 5277 3594 5356">
     <span class='ocr_line' id='line_1_114' title="bbox 1993 5277 3594 5356; baseline -0.006 -14"><span class='ocrx_word' id='word_1_821' title='bbox 1993 5294 2071 5342; x_wconf 74' lang='lat' dir='ltr'><strong>est</strong></span> <span class='ocrx_word' id='word_1_822' title='bbox 2097 5285 2237 5356; x_wconf 84' lang='lat' dir='ltr'><strong>quod</strong></span> <span class='ocrx_word' id='word_1_823' title='bbox 2262 5284 2328 5338; x_wconf 82' lang='lat' dir='ltr'><strong>de</strong></span> <span class='ocrx_word' id='word_1_824' title='bbox 2356 5282 2502 5339; x_wconf 80' lang='lat' dir='ltr'><strong>nobis</strong></span> <span class='ocrx_word' id='word_1_825' title='bbox 2536 5283 2679 5354; x_wconf 68' lang='lat' dir='ltr'><strong>(tueri</strong></span> <span class='ocrx_word' id='word_1_826' title='bbox 2723 5281 2971 5347; x_wconf 81' lang='lat' dir='ltr'><strong>debeatis,</strong></span> <span class='ocrx_word' id='word_1_827' title='bbox 3014 5295 3133 5334; x_wconf 85' lang='lat' dir='ltr'><strong>cum</strong></span> <span class='ocrx_word' id='word_1_828' title='bbox 3154 5278 3353 5351; x_wconf 78' lang='lat' dir='ltr'><strong>justius</strong></span> <span class='ocrx_word' id='word_1_829' title='bbox 3395 5292 3487 5334; x_wconf 80' lang='lat' dir='ltr'><strong>uos</strong></span> <span class='ocrx_word' id='word_1_830' title='bbox 3526 5277 3594 5333; x_wconf 79' lang='lat' dir='ltr'><strong>de</strong></span> 
     </span>
    </p>
   </div>
   <div class='ocr_carea' id='block_1_115' title="bbox 1993 5371 3592 5449">
    <p class='ocr_par' dir='ltr' id='par_1_115' title="bbox 1993 5371 3592 5449">
     <span class='ocr_line' id='line_1_115' title="bbox 1993 5371 3592 5449; baseline -0.004 -16"><span class='ocrx_word' id='word_1_831' title='bbox 1993 5377 2158 5444; x_wconf 79' lang='lat' dir='ltr'><strong>vobis,</strong></span> <span class='ocrx_word' id='word_1_832' title='bbox 2189 5386 2247 5433; x_wconf 81' lang='lat' dir='ltr'><strong>ut</strong></span> <span class='ocrx_word' id='word_1_833' title='bbox 2275 5389 2515 5448; x_wconf 85' lang='lat' dir='ltr'><strong>apparet,</strong></span> <span class='ocrx_word' id='word_1_834' title='bbox 2556 5377 2702 5449; x_wconf 81' lang='lat' dir='ltr'><strong>queri</strong></span> <span class='ocrx_word' id='word_1_835' title='bbox 2743 5374 3023 5449; x_wconf 80' lang='lat' dir='ltr'><strong>possimus.</strong></span> <span class='ocrx_word' id='word_1_836' title='bbox 3074 5371 3357 5443; x_wconf 76' lang='lat' dir='ltr'><strong>Reliquum</strong></span> <span class='ocrx_word' id='word_1_837' title='bbox 3404 5380 3503 5438; x_wconf 79' lang='lat' dir='ltr'><strong>est,</strong></span> <span class='ocrx_word' id='word_1_838' title='bbox 3533 5380 3592 5428; x_wconf 81' lang='lat' dir='ltr'><strong>ut</strong></span> 
     </span>
    </p>
   </div>
   <div class='ocr_carea' id='block_1_116' title="bbox 1993 5463 3595 5546">
    <p class='ocr_par' dir='ltr' id='par_1_116' title="bbox 1993 5463 3595 5546">
     <span class='ocr_line' id='line_1_116' title="bbox 1993 5463 3595 5546; baseline -0.006 -18"><span class='ocrx_word' id='word_1_839' title='bbox 1993 5472 2265 5546; x_wconf 78' lang='lat' dir='ltr'><strong>diligentes</strong></span> <span class='ocrx_word' id='word_1_840' title='bbox 2293 5488 2378 5527; x_wconf 80' lang='lat' dir='ltr'><strong>vos</strong></span> <span class='ocrx_word' id='word_1_841' title='bbox 2402 5470 2653 5545; x_wconf 80' lang='lat' dir='ltr'><strong>diligatis,</strong></span> <span class='ocrx_word' id='word_1_842' title='bbox 2686 5469 2972 5537; x_wconf 60' lang='lat' dir='ltr'><strong>presserunt</strong></span> <span class='ocrx_word' id='word_1_843' title='bbox 3002 5464 3214 5522; x_wconf 79' lang='lat' dir='ltr'><strong>solliciti</strong></span> <span class='ocrx_word' id='word_1_844' title='bbox 3237 5479 3447 5520; x_wconf 81' lang='lat' dir='ltr'><strong>seruare</strong></span> <span class='ocrx_word' id='word_1_845' title='bbox 3474 5463 3595 5518; x_wconf 81' lang='lat' dir='ltr'><strong>uni-</strong></span> 
     </span>
    </p>
   </div>
   <div class='ocr_carea' id='block_1_117' title="bbox 1995 5559 3588 5641">
    <p class='ocr_par' dir='ltr' id='par_1_117' title="bbox 1995 5559 3588 5641">
     <span class='ocr_line' id='line_1_117' title="bbox 1995 5559 3588 5641; baseline -0.007 -17"><span class='ocrx_word' id='word_1_846' title='bbox 1995 5579 2152 5626; x_wconf 80' lang='lat' dir='ltr'><strong>tatem</strong></span> <span class='ocrx_word' id='word_1_847' title='bbox 2194 5569 2411 5641; x_wconf 82' lang='lat' dir='ltr'><strong>spiritus</strong></span> <span class='ocrx_word' id='word_1_848' title='bbox 2447 5568 2499 5623; x_wconf 84' lang='lat' dir='ltr'><strong>in</strong></span> <span class='ocrx_word' id='word_1_849' title='bbox 2542 5566 2747 5622; x_wconf 76' lang='lat' dir='ltr'><strong>vinculo</strong></span> <span class='ocrx_word' id='word_1_850' title='bbox 2785 5563 2950 5639; x_wconf 76' lang='lat' dir='ltr'><strong>paris.</strong></span> <span class='ocrx_word' id='word_1_851' title='bbox 2997 5560 3108 5633; x_wconf 77' lang='lat' dir='ltr'><strong>Ego</strong></span> <span class='ocrx_word' id='word_1_852' title='bbox 3150 5570 3324 5617; x_wconf 73' lang='lat' dir='ltr'><strong>autem</strong></span> <span class='ocrx_word' id='word_1_853' title='bbox 3361 5559 3588 5630; x_wconf 80' lang='lat' dir='ltr'><strong>(Pater)</strong></span> 
     </span>
    </p>
   </div>
   <div class='ocr_carea' id='block_1_118' title="bbox 1992 5656 3590 5739">
    <p class='ocr_par' dir='ltr' id='par_1_118' title="bbox 1992 5656 3590 5739">
     <span class='ocr_line' id='line_1_118' title="bbox 1992 5656 3590 5739; baseline -0.008 -21"><span class='ocrx_word' id='word_1_854' title='bbox 1992 5665 2247 5739; x_wconf 65' lang='lat' dir='ltr'><strong>quidquid</strong></span> <span class='ocrx_word' id='word_1_855' title='bbox 2289 5663 2516 5735; x_wconf 75' lang='lat' dir='ltr'><strong>faciatis,</strong></span> <span class='ocrx_word' id='word_1_856' title='bbox 2549 5661 2748 5716; x_wconf 79' lang='lat' dir='ltr'><strong>decrevi</strong></span> <span class='ocrx_word' id='word_1_857' title='bbox 2793 5674 2991 5731; x_wconf 70' lang='lat' dir='ltr'><strong>semper</strong></span> <span class='ocrx_word' id='word_1_858' title='bbox 3028 5656 3245 5727; x_wconf 77' lang='lat' dir='ltr'><strong>diligere</strong></span> <span class='ocrx_word' id='word_1_859' title='bbox 3276 5671 3384 5718; x_wconf 70' lang='lat' dir='ltr'><strong>res,</strong></span> <span class='ocrx_word' id='word_1_860' title='bbox 3433 5665 3590 5707; x_wconf 75' lang='lat' dir='ltr'><strong>etiam</strong></span> 
     </span>
    </p>
   </div>
   <div class='ocr_carea' id='block_1_119' title="bbox 1994 5743 3591 5833">
    <p class='ocr_par' dir='ltr' id='par_1_119' title="bbox 1994 5743 3591 5833">
     <span class='ocr_line' id='line_1_119' title="bbox 1994 5743 3591 5833; baseline -0.011 -13"><span class='ocrx_word' id='word_1_861' title='bbox 1994 5777 2097 5820; x_wconf 82' lang='lat' dir='ltr'><strong>non</strong></span> <span class='ocrx_word' id='word_1_862' title='bbox 2120 5759 2338 5818; x_wconf 72' lang='lat' dir='ltr'><strong>dilectus</strong></span> <span class='ocrx_word' id='word_1_863' title='bbox 2366 5754 2597 5833; x_wconf 70' lang='lat' dir='ltr'><strong>(Ephes.</strong></span> <span class='ocrx_word' id='word_1_864' title='bbox 2632 5752 2743 5828; x_wconf 84' lang='lat' dir='ltr'><strong>tv).</strong></span> <span class='ocrx_word' id='word_1_865' title='bbox 2779 5752 3087 5810; x_wconf 76' lang='lat' dir='ltr'><strong>Occasioucs</strong></span> <span class='ocrx_word' id='word_1_866' title='bbox 3114 5758 3335 5824; x_wconf 77' lang='lat' dir='ltr'><strong>quaret,</strong></span> <span class='ocrx_word' id='word_1_867' title='bbox 3366 5743 3591 5821; x_wconf 66' lang='lat' dir='ltr'><strong>quLcait</strong></span> 
     </span>
    </p>
   </div>
  </div>
