4052 6434
487 233 596 293 635
1550 228 1819 287 I’MILI'S
1856 228 2087 285 OROSII

2208 226 2720 288 IIIRONOLOGUS.
3685 232 3808 294 036

488 352 727 411 recedere
756 349 820 405 ab
842 350 1010 404 amico
1026 364 1044 415 ;
1069 346 1195 402 mihi
1224 347 1384 403 studii
1405 355 1478 401 est
1506 356 1551 402 et
1573 346 1691 411 erit,
1720 364 1813 400 nec
1843 348 2081 418 cuiquam
2111 350 2162 408 Α
2190 364 2274 399 eos
2302 345 2563 416 poteritis,
2597 344 2689 399 sed
2720 361 2820 402 non
2847 361 2947 401 nte.
2977 346 3262 404 Adhwrebo
3293 347 3431 405 uobis
3459 352 3556 407 etsi
3576 349 3763 409 nolitis
3781 370 3809 421 ;

488 448 775 501 amicorum
794 447 994 517 justam
1026 444 1178 495 inme
1200 442 1531 497 disc'essionis
1572 459 1781 496 causam
1812 442 1960 506 dare,
1993 457 2083 495 nec
2187 437 2464 491 udt'ttt't'cl'o
2490 437 2585 491 εικί
2616 438 2779 492 nolim
2805 438 2917 509 ipse
2940 455 2958 492 .‘
2996 440 3439 513 quandoquidem
3472 445 3519 497 si
3544 443 3809 514 insipiens

490 543 713 595 scrutari
738 541 788 593 in
813 541 941 603 alio,
970 538 1109 608 quod
1141 539 1236 591 ltm‘
1256 537 1468 609 quidem
1497 538 1655 607 ᾔδεεν,
1687 538 1819 591 illud
1847 551 1966 591 vero
1997 551 2085 589 ne-
2192 533 2291 602 fui,
2326 549 2412 585 vos
2448 547 2527 586 me
2558 534 2817 604 coegistis,
2864 532 3019 603 cuius
3051 536 3265 592 scilicet
3305 536 3601 595 maceriam
3632 538 3805 594 etiam

486 632 670 705 giri'ta'
693 632 936 687 amicitia:
954 632 1039 685 sit.
1071 630 1134 683 Et
1157 631 1277 699 quin
1300 630 1577 683 secundum
1609 629 1901 701 prophetam
1929 627 2082 699 (Is-ui.
2196 625 2457 686 admoniti
2487 624 2817 696 abrumpere
2847 628 3024 683 annali
3058 627 3222 685 estis.

489 727 631 800 lu),
657 726 869 781 Glutino
892 726 1079 782 bonum
1109 736 1214 791 est;
1246 726 1461 793 solvere,
1492 727 1566 779 rel
1589 726 1757 795 potius
1780 725 2087 794 abrumpere

1038 1032 1989 1234 PAULUS
2123 1032 3218 1226 OROSIUS,

1269 1344 1287 1373 .
1463 1301 1648 1386 HIS
1663 1297 2043 1384 PANUS
2114 1296 2830 1383 PRESBYTER.

495 878 3808 915 Μ

896 1589 1443 1666 EPISTOLA
1518 1590 2273 1664 DEDICATOBIA
2344 1589 2554 1667 SlG.
2635 1589 3405 1671 HAVERCAMPI.

493 1755 942 1818 Excellentissituo
970 1756 1083 1809 viro
1108 1752 1345 1810 NICOLAO
1375 1754 1546 1820 Cum,
1579 1753 1917 1809 serenissima
1944 1754 2082 1823 regis
2114 1752 2329 1817 Daniie,
2366 1754 2661 1823 Norvm'tite,
2694 1764 2819 1821 etc.,
2856 1774 2887 1810 a
2915 1757 3153 1812 consiliis
3180 1765 3381 1823 status,
3420 1766 3476 1814 ut
3512 1764 3563 1815 et
3607 1756 3664 1811 in
3707 1773 3801 1815 sst-

560 1847 737 1956 ,Ii'remu
768 1829 912 1881 curia
933 1827 1175 1900 justilitt’,
1209 1828 1544 1899 ejusdemque
1576 1826 1869 1898 tilujestutis
1898 1827 1967 1881 ad
1994 1827 2198 1882 ordines
2226 1823 2487 1884 Ftcderati
2520 1825 2687 1899 Belgii
2717 1829 2954 1901 ablegato
2982 1828 3427 1896 extraordinario,
3455 1828 3794 1888 εισι-ξηαπς

618 1918 674 1956 μ
690 1915 985 1956 euasurus.
2774 1932 2775 1935 η

569 1904 674 1958 "tu
690 1915 985 1957 euasurus.

634 2040 763 2097 Cum
790 2040 913 2095 olim
945 2039 1219 2112 imperium
1248 2037 1541 2095 Romanum
1564 2080 1579 2106 ,
1614 2039 1787 2107 prouti
1819 2038 1981 2094 solent
2005 2035 2158 2106 elfeta
2180 2054 2400 2112 corpora
2425 2079 2439 2102 ,
2493 2054 2603 2109 prie
2638 2039 2780 2094 senio
2811 2041 3100 2113 fatisceret,
3131 2049 3202 2110 et,
3245 2042 3400 2098 veluti
3429 2057 3636 2114 magna:
3662 2042 3788 2097 sub-

490 2138 842 2194 structionum
870 2135 1055 2204 moles,
1087 2134 1229 2189 carie
1249 2142 1296 2190 et
1325 2133 1707 2206 tempestatibus
1734 2134 1902 2198 lazstu,
1934 2134 2142 2187 ruinam
2171 2134 2531 2199 meditaretur,
2566 2150 2667 2189 non
2699 2151 2759 2188 eo
2787 2134 3042 2206 superbus
3074 2135 3203 2191 victo
3232 2137 3496 2207 quondam
3534 2136 3673 2192 Orbe
3699 2152 3799 2209 po-

486 2232 665 2307 pulus,
699 2249 801 2303 quo
835 2232 1083 2304 oportuit,
1116 2232 1262 2302 ﬂexit
1294 2231 1517 2298 lumina,
1544 2232 1635 2285 sed
1659 2247 1812 2300 quam
1843 2229 1939 2285 sibi
1967 2240 2015 2284 et
2045 2234 2177 2285 rotis
2204 2243 2254 2285 et
2284 2232 2447 2285 titulis
2484 2230 2761 2286 .Eternam
2788 2233 3012 2301 ﬁnxerat
3042 2233 3265 2302 Urbem,
3303 2235 3595 2290 immutatis
3623 2234 3807 2306 pristi-

487 2327 570 2384 nis
600 2328 787 2392 sacris,
819 2329 901 2381 ira
929 2328 1148 2381 deorum
1177 2327 1353 2395 perire
1380 2335 1427 2379 et
1457 2327 1688 2394 antiqua:
1714 2325 1902 2397 gloria:
1928 2341 2189 2395 superesse
2228 2325 2470 2379 credidit.
2520 2323 2688 2380 Norat
2714 2325 2981 2398 religionis
3008 2327 3252 2400 contagia
3283 2343 3385 2382 non
3418 2328 3575 2382 modo
3604 2328 3803 2399 passim

490 2438 669 2479 omnes
698 2422 909 2493 inﬁcere
938 2422 1251 2492 prouincias,
1281 2420 1374 2476 sed
1412 2432 1459 2473 et
1492 2428 1708 2474 reterrm
1734 2430 1779 2473 et
1816 2435 2000 2472 noram
2038 2420 2252 2486 implere
2286 2419 2506 2473 Romam
2535 2419 2952 2477 criminabatur:
2985 2420 3160 2475 claudi
3185 2435 3304 2475 eum
3335 2419 3541 2491 templis
3585 2420 3800 2475 deorum

490 2515 920 2583 benevolentiam,
945 2532 1145 2571 cessure
1168 2532 1285 2570 cum
1313 2516 1581 2585 sacriﬁciis
1611 2525 1658 2569 et
1687 2515 1994 2587 aruspicinis
2022 2515 2437 2586 prwmonitiones
2465 2515 2757 2580 numinum,
2788 2529 2950 2587 neque
2978 2516 3158 2569 evitari
3194 2531 3346 2585 posse
3372 2512 3609 2587 pericula
3635 2515 3799 2571 illisve

487 2609 723 2675 occurri,-
752 2609 999 2681 quoniaut
1025 2608 1432 2680 negligerenlur,
1492 2608 1674 2676 quibus
1704 2609 1769 2661 de
1796 2606 1981 2660 iisdem
2013 2608 2236 2677 majores
2266 2606 2345 2661 sui
2378 2606 2575 2660 moneri
2602 2606 2865 2674 solebant,
2908 2591 3186 2681 praesagia.
3246 2605 3371 2673 llic,
3404 2608 3497 2680 qui
3522 2609 3660 2662 inter
3702 2624 3799 2677 pa-

486 2721 656 2779 ganos
684 2704 1010 2769 audiebatur,
1044 2703 1343 2757 inconditus
1372 2717 1539 2756 sermo
1566 2702 1620 2755 in
1650 2702 1884 2756 convicia
1913 2704 2085 2773 erupit
2117 2702 2371 2767 atrocius,
2414 2709 2689 2772 postquam
2720 2702 2812 2755 illa
2839 2699 2989 2757 Orbis
3017 2702 3141 2757 olim
3168 2702 3421 2757 domitrix
3442 2742 3460 2770 ,
3503 2699 3686 2758 Italia!
3704 2705 3799 2759 ad-

489 2797 594 2854 huc
619 2809 776 2869 atque
819 2798 1024 2870 imperii
1072 2794 1426 2851 Occidentalis
1471 2794 1717 2861 domina,
1761 2801 1912 2865 capta
1956 2805 2110 2865 atque
2148 2795 2347 2865 direpta
2394 2810 2425 2847 a
2469 2792 2655 2849 Gothis
2687 2794 2851 2849 Roma
2877 2803 2977 2852 est.
3020 2794 3178 2850 Hanc
3200 2796 3415 2867 imperii
3446 2795 3678 2866 cladem,
3701 2796 3796 2854 ltas

494 2892 648 2953 Orbis
690 2894 1010 2950 calamitates
1049 2892 1248 2947 nomini
1295 2890 1594 2947 Christiano
1621 2891 1912 2959 imputabat
1949 2892 2105 2946 ueteri
2130 2891 2495 2964 superstitione
2521 2900 2716 2945 tactum
2751 2890 2958 2961 vulgus,
2985 2880 3034 2945 et
3076 2889 3363 2962 fremebant
3408 2890 3583 2960 palam
3625 2909 3799 2951 autncs

492 2987 713 3060 pagani,
741 2985 878 3041 mala
909 2995 1119 3050 cuncta,
1141 2982 1280 3038 velut
1307 2984 1512 3054 agmine
1540 2986 1705 3053 facto,
1743 2984 1956 3037 irruisse
1976 2982 2031 3036 in
2063 2989 2225 3036 terras
2251 2981 2457 3051 imperii
2484 2980 2746 3047 Romani,
2788 2999 2853 3036 ex
2873 2997 3004 3051 quo,
3037 2982 3244 3037 abolitis
3275 2981 3528 3037 ueteribus
3555 2984 3721 3039 sacris
3748 2993 3800 3039 et

490 3082 711 3138 deorum
735 3090 1026 3151 contempto
1051 3080 1281 3145 numine,
1316 3077 1485 3133 solum
1506 3074 1707 3131 Christi
1733 3093 1916 3132 nomen
1946 3076 2151 3148 publice
2169 3076 2441 3131 coleretur.

639 3175 836 3230 Contra
874 3172 1010 3229 hanc
1055 3172 1296 3227 insanam
1335 3181 1383 3226 et
1417 3186 1554 3226 circa
1585 3171 1835 3244 religione
1877 3169 2090 3242 dignam
2134 3170 2467 3242 opinionem,
2502 3170 2713 3226 hortatu
2738 3171 3156 3239 pra'stantissimi
3184 3170 3541 3243 Hipponensis
3568 3173 3802 3245 episcopi

497 3267 817 3341 Augustini,
866 3266 1125 3321 calamum
1170 3264 1381 3320 strinxit
1415 3262 1630 3318 Orosius
1652 3306 1666 3327 ,
1700 3262 1969 3337 Hispanus
1998 3265 2229 3330 natione,
2260 3264 2560 3320 conditione
2581 3265 2875 3335 presbyter;
2920 3282 3024 3319 non
3054 3275 3109 3320 ut
3136 3266 3386 3322 eeinceret
3416 3267 3699 3323 stultitiam
3726 3280 3801 3324 tot

495 3364 641 3419 num.‘
647 3378 768 3417 num
792 3360 1143 3428 colendorum,
1164 3367 1211 3412 et
1235 3359 1511 3414 sanitatem
1526 3358 1809 3413 ostenderet
1829 3358 2085 3412 adorandi
2100 3368 2327 3412 mortuos
2352 3366 2399 3410 et
2423 3357 2601 3412 inania
2625 3357 2868 3423 nomina;
2889 3357 2965 3413 vel
2990 3358 3159 3427 ipsam
3182 3357 3487 3429 religionum
3508 3359 3801 3431 increparet

494 3458 901 3526 turpitudinem;
924 3454 1063 3528 quod
1092 3460 1315 3525 fecerunt
1342 3454 1492 3509 multi
1522 3462 1640 3508 ante
1662 3452 1844 3519 illum;
1875 3454 1964 3508 sed
1996 3462 2051 3506 ut
2076 3454 2396 3520 ostenderet,
2425 3467 2744 3523 nequiquam
2769 3453 3000 3525 pejorem
3032 3451 3186 3509 Orbis
3210 3465 3487 3520 terrarum,
3518 3455 3718 3526 rigente
3744 3456 3803 3513 in

493 3553 672 3608 eodem
700 3552 909 3621 publiro
934 3551 1036 3607 ueri
1064 3549 1162 3604 Dei
1186 3548 1330 3603 cultu
1353 3557 1510 3620 atque
1536 3553 1744 3615 receput
1769 3545 2020 3616 religione
2039 3542 2359 3609 Christiana,
2390 3558 2500 3599 esse
2521 3542 2902 3610 conditionem,
2935 3559 3095 3614 quant
3127 3559 3329 3615 semper
3354 3545 3623 3614 etpassim
3649 3555 3805 3619 atque

491 3646 555 3699 ab
576 3646 723 3700 initio
754 3645 947 3717 fuerat.
989 3641 1263 3699 Introiisse
1289 3641 1425 3697 enim
1454 3655 1574 3694 mox
1600 3648 1714 3708 post
1744 3637 2016 3692 conditum
2038 3635 2137 3689 hoc
2162 3634 2471 3691 Universum
2491 3678 2505 3702 ,
2536 3649 2653 3688 cunt
2681 3642 2891 3705 psccato
2922 3634 3081 3705 primi
3110 3632 3337 3689 hominis
3367 3634 3545 3690 omnia
3572 3636 3628 3691 ist
3654 3652 3806 3693 ntust-

490 3737 616 3791 dnm
646 3734 790 3792 ntula
817 3779 833 3801 ,
864 3736 999 3791 bella
1022 3776 1040 3803 ,
1069 3735 1310 3805 rapinas,
1340 3731 1528 3797 caedes,
1551 3730 1874 3785 calamitates
1900 3731 2273 3802 cujuscumque
2300 3727 2501 3800 generis
2519 3767 2536 3790 ,
2567 3734 2617 3780 et
2656 3725 2909 3798 quidquid
2931 3727 3187 3798 superbus
3208 3727 3386 3793 victor,
3417 3728 3496 3784 uel
3523 3728 3805 3786 inclemen-

489 3839 568 3887 tia
598 3832 732 3896 τωιὲ,
763 3830 980 3887 tellusne
1011 3833 1188 3903 fruges
1216 3843 1409 3899 negans
1436 3866 1454 3895 ,
1497 3826 1628 3880 dira-
1655 3832 1818 3897 pestes
1838 3865 1852 3890 ,
1884 3824 2125 3879 incendia
2151 3866 2167 3889 ,
2216 3825 2384 3877 ruitur
2414 3836 2459 3877 et
2490 3821 2682 3876 eluvies
2700 3837 2979 3893 aquarum,
3013 3825 3233 3879 miseros
3262 3836 3309 3880 et
3333 3826 3577 3881 mortales
3604 3832 3815 3901 perpeti”

494 3934 704 3996 cogunt.
746 3924 885 3990 Quin
927 3934 976 3978 et
1018 3924 1185 3997 ipsam
1225 3921 1444 3977 Romam
1489 3919 1557 3975 iis
1582 3962 1597 3984 ,
1644 3918 1831 3988 quibus
1882 3914 2255 3972 nmnerabatur
2273 3914 2383 3970 dies
2410 3913 2711 3984 triumphis,
2736 3914 3075 3985 temporibus,
3100 3916 3186 3971 vix
3216 3918 3588 3991 autalis,quce
3610 3936 3805 3994 magno

495 4019 687 4090 passim
714 4026 937 4073 recenset
965 4030 1201 4082 numero,
1226 4028 1484 4083 qucquam
1507 4020 1735 4081 tempore
1761 4009 2065 4081 re‘pirusss.

641 4109 825 4164 Totum
853 4107 973 4164 hinc
1002 4107 1296 4177 scriptionis
1328 4123 1512 4178 genus,
1539 4103 1676 4177 quod
1706 4104 1802 4159 sibi
1823 4103 2098 4175 proposuit
2128 4102 2372 4170 ()resius,
2395 4100 2448 4156 in
2476 4100 2752 4174 multiplici
2772 4111 2926 4172 atque
2947 4101 3092 4156 rario
3114 4111 3346 4157 uersatur
3366 4101 3625 4171 Historia,
3653 4106 3804 4176 dunt,

498 4219 532 4257 α
557 4202 771 4256 condito
794 4199 929 4255 Orbe
952 4242 966 4265 ,
1015 4217 1104 4271 per
1143 4200 1243 4253 tria
1270 4242 1284 4265 ,
1331 4200 1518 4271 quibus
1565 4214 1775 4270 pressus
1815 4197 1951 4252 orbis
1981 4209 2237 4252 terrarum
2269 4200 2389 4268 fuit,
2432 4216 2591 4270 regna
2618 4212 2853 4270 vagatus.
2886 4199 3113 4256 Romani
3144 4201 3349 4266 imperii
3371 4201 3585 4265 limites,
3617 4203 3729 4272 {ala
3756 4211 3806 4257 et

497 4301 728 4364 tempora
775 4291 1004 4354 metitur,
1050 4306 1164 4361 qua?
1192 4290 1477 4357 quibusque
1506 4288 1796 4344 tatisulibtts
1825 4301 1873 4343 et
1904 4291 1955 4343 in
1983 4289 2165 4360 quibus
2194 4292 2474 4361 prouinciis
2506 4292 2727 4360 imperii,
2751 4293 2912 4347 immo
2937 4295 2990 4347 in
3023 4296 3074 4367 ip
3090 4311 3135 4349 ια
3165 4292 3291 4347 olint
3325 4292 3493 4348 Roma
3522 4294 3806 4349 acciderint

496 4383 649 4448 suira,
682 4381 998 4449 miseranda,
1032 4381 1228 4452 turpia,
1263 4390 1311 4433 et
1334 4381 1431 4434 uisi
1458 4380 1564 4449 ﬁde
1589 4380 1735 4451 digni
1759 4390 1994 4437 asserunt
2024 4380 2281 4447 historici,
2312 4382 2641 4438 incredibilia
2662 4399 2681 4449 ;
2704 4395 2759 4439 ut
2787 4385 3043 4441 intmerito
3074 4387 3345 4457 quisquam
3384 4391 3666 4462 pra'seutia
3693 4399 3804 4443 tuus

494 4480 665 4546 culpat
680 4489 725 4532 et
754 4485 1007 4540 tempora,
1038 4477 1137 4530 nisi
1160 4475 1248 4545 qui
1277 4482 1446 4530 uetera
1470 4475 1713 4539 nesciret,
1745 4484 1897 4541 atque
1925 4478 1977 4529 in
2010 4478 2227 4531 lectione
2251 4477 2564 4549 scriptorum
2595 4478 2683 4548 qui
2707 4478 2802 4533 illa
2820 4521 2835 4547 ,
2866 4495 2981 4549 qua
3000 4482 3109 4536 suis
3134 4482 3430 4538 acciderant
3462 4482 3802 4555 temporibus,

495 4573 772 4645 diligenter
798 4572 981 4628 litteris
1006 4570 1342 4635 mandarunt,
1377 4570 1578 4639 penitus
1607 4570 1869 4625 exsisteret
1900 4569 2113 4639 hospes.

642 4664 815 4734 Quare
858 4663 902 4718 si
946 4672 1094 4718 extra
1134 4660 1254 4715 belli
1298 4661 1533 4734 pericula
1566 4663 1730 4729 posito
1758 4676 1858 4714 non
1892 4662 2102 4716 imitare
2128 4671 2198 4717 est
2232 4664 2517 4720 certamina
2545 4680 2753 4718 cernere
2776 4664 3042 4736 ambigua,
3069 4673 3116 4720 et
3146 4665 3242 4734 ita,
3274 4665 3463 4735 quibus
3486 4667 3594 4738 ipse
3626 4684 3802 4724 careas

495 4759 668 4819 malis,
702 4756 960 4827 gaudere;
988 4769 1091 4808 non
1120 4761 1282 4819 potest
1332 4769 1435 4809 non
1470 4752 1714 4827 jucunda
1743 4769 1853 4807 esse
1882 4770 2057 4809 rerum
2081 4798 2093 4815 .
2128 4770 2242 4822 qua:
2273 4757 2415 4809 rario
2448 4765 2663 4825 eventu,
2697 4756 2901 4826 magnis
2928 4757 3319 4825 certaminibus,
3352 4759 3572 4829 totisque
3600 4761 3802 4817 uiribus

497 4872 529 4908 a
557 4851 713 4906 claris
741 4848 1034 4905 hominibus
1056 4858 1197 4921 gesta
1222 4858 1362 4915 sunt,
1400 4848 1715 4903 recordatio.
1757 4848 1837 4904 Ad
1858 4866 1989 4921 quas
2023 4854 2171 4907 relati
2202 4855 2256 4906 in
2281 4851 2458 4907 tabula
2483 4852 2839 4921 inspiciendas
2870 4852 3196 4908 introducere
3224 4870 3318 4909 nos
3346 4855 3517 4909 solent
3542 4854 3793 4921 historici,

490 4959 707 5014 quorum
726 4945 1131 5016 quotusquisque
1158 4943 1342 5011 majori
1370 4942 1447 4996 vel
1472 4943 1796 4996 condimenta
1824 4947 2074 5000 scrutinia
2102 4949 2177 5002 vel
2208 4949 2454 5002 varietate
2483 4963 2655 5001 rerum
2699 4950 2901 5002 animos
2931 4948 3161 5013 detinet,
3205 4950 3411 5006 laudari
3441 4959 3594 5021 atque
3623 4949 3798 5020 appeti

491 5036 620 5092 solet
646 5054 664 5104 ;
711 5038 842 5092 inter
861 5052 988 5106 quos
1012 5035 1237 5091 secundo
1267 5038 1319 5089 in
1343 5051 1527 5106 genere
1547 5037 1821 5092 consistere
1849 5036 2087 5095 Orosiunt
2112 5057 2258 5094 nemo
2288 5041 2603 5112 ili/ﬁtebitur,
2628 5042 2753 5096 dum
2784 5043 2940 5097 totius
2972 5040 3126 5097 Orbis
3149 5042 3212 5097 ab
3236 5042 3386 5099 initio
3411 5044 3481 5097 ad
3513 5059 3611 5099 sua
3640 5058 3800 5114 usque

497 5137 729 5202 tempora
755 5126 926 5182 clades
949 5136 995 5181 et
1027 5128 1260 5181 ntiserias
1279 5128 1541 5181 succincte
1567 5127 1811 5183 describit
1842 5140 1994 5201 atque
2026 5150 2115 5202 per
2145 5143 2375 5205 tetnpora
2406 5145 2528 5202 apte
2550 5134 2806 5205 disponit.

645 5222 775 5289 Qua:
806 5240 883 5276 me
927 5222 1177 5291 imprimis
1204 5236 1362 5277 causa
1391 5220 1593 5289 impulit
1623 5263 1636 5286 ,
1674 5225 2100 5279 tu'rellcntissime
2122 5234 2168 5280 et
2191 5228 2580 5296 generosissinte
2609 5230 2704 5291 uir.
2743 5238 2797 5281 ut
2822 5225 2979 5300 hujus
3006 5237 3110 5283 tam
3140 5227 3286 5283 utilis
3314 5230 3588 5300 scriptoris
3614 5245 3797 5285 noram

502 5314 776 5371 editionem
805 5328 894 5369 tuo
922 5314 1103 5369 lubens
1133 5330 1423 5369 consecrent
1456 5315 1677 5371 nomini.
1734 5314 1891 5381 Nam,
1918 5316 2033 5370 licet
2065 5320 2117 5371 in
2147 5321 2284 5373 omni
2315 5320 2622 5390 scriptorum
2653 5337 2839 5389 genere
2869 5362 2884 5385 ,
2920 5338 3035 5389 qua’
3064 5339 3247 5391 pauca,-
3276 5333 3551 5391 supersunt
3589 5342 3620 5375 α
3647 5338 3800 5392 nego-

499 5408 631 5463 tioso
659 5424 865 5462 munere
892 5448 907 5472 ,
941 5422 1126 5462 uacuus
1162 5405 1379 5460 colloces
1423 5405 1577 5459 horas
1605 5450 1618 5472 ,
1668 5419 1837 5461 tamen
1888 5426 2024 5479 sirpe
2065 5410 2336 5478 olfirmnuti
2357 5426 2403 5462 nt
2434 5411 2632 5477 audiri,
2665 5412 2713 5463 in
2750 5412 2910 5465 nullis
2943 5413 3128 5483 ntajori
3157 5429 3270 5466 cum
3298 5413 3559 5485 uoluptate
3587 5431 3795 5480 ponere.

502 5516 657 5570 quam
690 5501 742 5555 in
776 5501 1028 5557 veteribus
1062 5501 1338 5555 historicis.
1384 5498 1568 5572 Itaque
1597 5503 1698 5566 his,
1729 5504 1855 5555 inter
1888 5504 2108 5570 raliqtios
2142 5502 2496 5557 solertissimus
2532 5520 2595 5559 ea;
2622 5504 2760 5557 ωιιηὶ
2793 5506 3085 5558 studiorum
3114 5507 3377 5573 voluptate
3406 5507 3588 5568 libros,
3615 5508 3801 5562 selerta

503 5611 625 5649 cura
659 5611 805 5663 (‘I'tlg«
825 5606 931 5649 stos
958 5636 970 5658 ,
1005 5594 1182 5648 merito
1212 5611 1319 5666 pra'
1343 5596 1541 5650 cwteris
1575 5604 1659 5648 tua
1691 5595 1921 5665 ερέινηιὲυι
1950 5595 2275 5648 bibliotheca.
2324 5594 2441 5648 Non
2476 5606 2642 5650 tamen
2669 5607 2720 5650 ut
2749 5597 2861 5651 solo
2890 5606 3079 5651 ornatu
3110 5598 3311 5666 placeat
3334 5640 3346 5663 ,
3389 5612 3434 5652 ct
3466 5599 3801 5654 laudatorum

502 5687 570 5742 ad
602 5702 708 5741 sese
730 5688 900 5738 trahat
935 5689 1133 5751 oculos,
1164 5687 1251 5739 sed
1279 5697 1331 5741 ut
1361 5688 1559 5741 domini
1582 5696 1628 5739 ct
1658 5692 1943 5743 amicorum
1977 5699 2148 5755 putent
2177 5690 2373 5756 usibus;
2408 5690 2485 5743 his
2516 5691 2723 5757 quidem
2750 5694 2892 5745 raria
2919 5692 2983 5746 de
3009 5709 3165 5747 causa
3192 5737 3204 5760 ,
3235 5693 3315 5745 illi
3339 5734 3355 5759 ,
3390 5702 3444 5745 ut
3473 5696 3669 5749 monita
3696 5697 3799 5751 col-

514 5778 647 5856 ligat
697 5791 741 5835 et
771 5788 1031 5853 pra'ceptu
1053 5822 1067 5849 ,
1112 5782 1161 5835 in
1211 5781 1486 5854 splendide
1529 5779 1667 5852 quod
1716 5782 1842 5855 gerit
1875 5797 2106 5851 murtae,
2141 5792 2365 5838 ueterum
2404 5799 2518 5839 cum
2547 5785 2690 5841 novis
2719 5783 2997 5843 collatione
3026 5786 3184 5857 facta,
3224 5786 3339 5840 usui
3366 5788 3591 5855 futura;
3621 5787 3802 5856 optimi
