4052 6442
491 160 604 221 639

1546 164 1825 227 PAULUS
1859 166 2157 229 OROSIUS
2195 166 2729 231 CllBONOLOCUS.

3702 173 3816 234 6&0

490 277 713 351 signare
763 276 912 335 circa
962 292 1019 334 a.
1058 279 1201 337 1475
1245 279 1390 339 unde
1438 290 1589 353 patet
1634 283 1993 340 vetustiorem
2022 298 2090 341 eo
2116 289 2163 349 Α
2192 294 2375 341 autem
2400 284 2724 344 luliacensis
2766 285 3071 344 Germanus
3117 285 3240 357 fuit,
3272 288 3524 362 plurima
3551 289 3628 348 ab
3658 306 3815 353 anno

491 385 640 428 anno
696 370 902 439 Ornsii,
942 371 1013 426 ab
1054 371 1247 429 eodem
1305 372 1531 445 vulgati,
1587 388 1711 432 esse
1765 375 2085 444 editionem,

491 481 664 539 quare
694 466 845 523 illam
878 467 1082 538 passim
1135 467 1189 522 in
1240 468 1387 523 notis
1436 468 1668 538 primum
1700 478 1755 525 et
1786 470 2089 540 principem

491 560 797 631 appellavi;
829 560 1078 631 quamvis
1124 560 1194 616 de
1239 557 1548 633 principatu
1593 576 1692 617 seu
1748 562 2091 634 antiquitatis

494 653 851 725 praerogativa
881 652 1033 709 litem
1062 652 1137 709 illi
1169 667 1393 709 movete
1422 656 1597 724 possit
1626 654 1730 709 alia
1757 655 1936 712 Orosii
1976 656 2092 712 edi-

493 744 591 814 tio,
622 760 743 813 qua:
761 745 890 801 anni
919 754 1101 801 notam
1130 744 1377 813 exhibet,
1410 761 1587 817 neque
1611 762 1642 802 s
1669 745 2091 819 diligentissimo

495 833 691 892 viroin
722 836 918 893 Annal.
948 836 1067 909 'l'yp
1089 854 1187 910 igr.
1223 839 1474 905 quamvis
1513 839 1796 895 rarissima
1836 841 2089 906 inventu,

494 927 861 1001 pectermissa
893 929 1014 993 fuit,
1054 930 1143 1000 qui
1191 944 1314 987 eam
1346 941 1598 987 recenset
1636 940 1766 987 tom.
1804 932 1844 996 Ι,
1881 948 1932 1002 p.
1960 932 2087 988 503.

498 1021 803 1093 Impressus
841 1024 892 1076 is
932 1021 1071 1079 liber
1096 1033 1182 1078 est
1208 1021 1744 1080 Germano-Gothico
1772 1023 2092 1081 charactere

492 1115 756 1186 Augustm
782 1130 836 1171 a.
868 1116 997 1172 1171
1048 1132 1146 1189 per
1192 1113 1498 1173 Johanuem
1551 1118 1947 1175 Sehnszlcr.ln
1988 1119 2092 1175 huc

492 1209 761 1279 editione,
785 1224 912 1280 qua:
948 1208 1193 1282 reliquas
1220 1219 1438 1267 veteres
1465 1211 1736 1268 editiones
1771 1228 1963 1270 omnes
1995 1214 2090 1268 ho-

495 1301 668 1357 nitate
696 1300 979 1374 praecedit,
1004 1312 1168 1374 atque
1194 1317 1263 1359 ex
1295 1304 1504 1375 optimo
1529 1304 1722 1360 codice
1752 1320 1854 1360 ius.
1879 1321 2091 1361 summa

504 1395 610 1453 [ide
634 1411 902 1468 eXprcssa
930 1396 1052 1462 fuit,
1078 1398 1252 1467 ipsius
1271 1396 1451 1454 Orosii
1475 1399 1700 1469 prologo
1723 1398 1838 1454 hare
1870 1400 2089 1471 pra-lixa

499 1491 782 1563 leguntur:
804 1489 960 1547 Pauli
988 1489 1206 1547 [lorarii
1230 1490 1677 1566 llisturiogruphi,
1703 1492 1948 1563 discipuli
1970 1508 2094 1547 san-

496 1586 567 1640 cti
593 1582 870 1659 Augustini
891 1584 1138 1655 episcopi,
1163 1584 1260 1638 riri
1290 1582 1522 1651 Hispani
1551 1584 1755 1656 gsncris
1780 1585 2089 1655 eloqn:ntis-

2197 378 2346 434 15ξο
2373 396 2545 451 usque
2570 380 2638 436 ad
2664 379 2822 436 1540.
2854 379 3101 437 Colonia:
3136 384 3344 450 passim
3393 385 3542 455 apud
3580 384 3815 444 Eucha-

2196 472 2337 527 rium
2369 469 2761 528 Cervicoruum
2787 472 3050 543 impressa
3074 472 3269 539 edidit,
3297 463 3583 548 praecipue
3609 475 3677 534 C.
3704 477 3821 535 Pli-

2194 561 2268 617 nii
2294 563 2571 619 Naturalis
2598 563 2853 620 Historia:
2881 578 3018 634 opus
3043 563 3365 621 universum
3401 582 3553 622 anno
3587 566 3757 634 1521.
3779 583 3816 625 a

2195 659 2465 729 plurimis,
2499 666 2558 715 ut
2580 660 2774 715 titulus
2807 663 2991 723 refert,
3019 660 3233 716 mendis
3274 672 3662 734 repurgatum.
3689 662 3818 720 Pete

2195 750 2420 820 reliquis
2450 766 2580 805 vero
2610 749 2937 806 medicinam
2958 750 3157 807 Orosio
3183 752 3441 822 praestitit
3472 751 3817 813 Frauciscus

2194 840 2481 897 Fabricius
2507 842 2956 909 Marcoduranus,
2990 841 3071 897 vir
3095 842 3285 899 multis
3310 842 3367 899 in
3404 844 3815 916 rempublicam

2197 935 2518 992 litterariam
2552 936 2762 991 meritis
2787 935 2991 992 clarus.
3023 935 3119 990 llic
3163 950 3363 993 novam
3392 937 3577 993 Or0sii
3604 936 3819 995 editio-

2198 1042 2341 1093 nem,
2402 1029 2546 1083 notis
2597 1025 3269 1094 illustratatn,adornarit
3316 1043 3464 1086 anno
3516 1030 3816 1099 156L50-

2197 1120 2376 1178 Cundo
2405 1120 2602 1175 deinde
2652 1119 2834 1175 emisit
2878 1134 3027 1176 anno
3077 1120 3240 1191 1575,
3266 1130 3322 1177 et
3365 1121 3610 1195 denique
3640 1116 3817 1180 tertio

2197 1228 2340 1269 anno
2368 1214 2530 1269 1582.
2554 1212 2800 1282 Triginta
2829 1212 3005 1269 tribus
3030 1220 3153 1284 post
3177 1215 3337 1271 annis
3366 1214 3622 1272 Andreas
3646 1216 3817 1274 Scot-

2198 1315 2307 1373 tus,
2339 1316 2527 1361 uotum
2571 1305 2713 1374 apud
2759 1306 3008 1362 eruditos
3037 1321 3261 1376 nomen,
3286 1318 3344 1365 et
3387 1310 3507 1381 ipse
3543 1308 3816 1368 Orosium

2200 1398 2515 1472 publicavit.
2546 1397 2694 1455 Nihil
2724 1411 2905 1455 autem
2943 1398 3014 1456 de
3057 1414 3159 1457 suo
3198 1399 3438 1471 addidit,
3468 1400 3568 1457 sed
3595 1414 3815 1473 praeter

2199 1490 2555 1547 Fabrieiauas
2586 1501 2740 1547 notas
2769 1490 2969 1562 adjecit
3007 1503 3266 1562 excerpta
3296 1507 3367 1551 ex
3410 1494 3813 1551 Annotationi-

2199 1585 2302 1642 bus
2334 1583 2593 1639 Ludovici
2640 1582 2839 1652 Lautii,
2871 1583 3073 1655 Belgae,
3106 1584 3416 1658 presbyteri
3464 1584 3814 1645 Gandensis.

495 1674 647 1736 simi,
669 1674 938 1728 adversum
961 1671 1333 1744 Cristiani(sic)
1355 1661 1465 1728 ιιοῆ
1488 1674 1612 1743 (sic)
1638 1671 1880 1742 querulos
1899 1672 2087 1728 Prolo-
2123 1672 2172 1733 Β
2202 1678 2258 1736 In
2287 1676 2389 1733 hac
2438 1686 2710 1748 postrema
2739 1676 2916 1733 Orosii
2949 1677 3217 1745 editione,
3248 1693 3371 1748 qua:
3402 1678 3640 1751 reliquis
3670 1679 3814 1737 bac-

500 1780 601 1838 gus
634 1765 687 1821 itt
715 1765 885 1821 libros
911 1776 1145 1836 septeni.
1165 1764 1231 1820 In
1261 1776 1488 1821 extremo
1518 1775 1693 1821 autem
1722 1766 1825 1833 ﬁne
1845 1766 1963 1819 libri
1982 1767 2093 1822 [nec

494 1876 692 1925 rxslant
724 1883 744 1923 :
776 1864 927 1922 Beati
958 1864 1109 1921 Pauli
1144 1865 1289 1920 lloro
1303 1866 1369 1921 sii
1402 1866 1547 1935 presl
1571 1863 1709 1935 yteri
1736 1853 1933 1934 xiii-mi
1968 1862 2087 1934 (sic)

498 1975 620 2016 ll0l8
667 1957 927 2030 querulos
970 1956 1088 2011 libri
1132 1970 1345 2011 numero
1373 1964 1567 2024 reptent
1606 1952 1797 2023 ﬁniunt
1846 1952 2089 2024 [.liciier,

491 2066 582 2122 per
608 2050 902 2104 Joltunnem
930 2048 1225 2115 Seliuszler,
1254 2046 1637 2117 ﬂorentissima:
1672 2045 1813 2100 urbis
1845 2048 2096 2119 Augusta

491 2143 755 2199 concirent
787 2141 1045 2215 impressi.
1077 2140 1227 2194 Anno
1254 2157 1286 2193 α
1330 2135 1495 2193 Partu
1534 2135 1760 2208 Virginis
1792 2133 1980 2190 Marica
2007 2152 2097 2189 sa-

489 2235 702 2308 lutifero
741 2233 1016 2291 millesimo
1051 2231 1559 2305 quadringentesimo
1597 2239 1644 2285 et
1686 2230 2089 2303 septuagesimo.

495 2329 711 2387 Circiter
728 2325 880 2383 Junii
904 2343 1070 2382 nonas
1099 2326 1365 2398 septimas.
1892 2346 1909 2371 τ.

564 2424 754 2482 Tertio
793 2421 991 2478 deinde
1033 2419 1231 2492 prodiit
1268 2416 1498 2474 Oro~ius
1524 2414 1771 2473 Venetiis
1801 2429 1965 2486 opera
1997 2414 2096 2472 Oc-

496 2519 698 2578 taviani
724 2517 870 2573 Scoti
901 2532 931 2571 a
984 2514 1142 2571 1483.
1173 2514 1233 2570 lu
1255 2511 1418 2584 cujus
1441 2509 1702 2569 editionis
1732 2509 1842 2567 line
1867 2510 1985 2565 hare
2014 2509 2096 2564 iu-

497 2614 831 2671 veniuntur;
863 2609 1023 2668 Pauli
1047 2608 1247 2677 Orosii,
1275 2607 1373 2663 viri
1392 2605 1699 2675 clarissimi,
1722 2605 1794 2659 ad
1822 2602 2093 2660 Aurelium

497 2710 852 2783 Augustinum
917 2708 1219 2781 episcopum
1265 2712 1314 2760 et
1358 2702 1637 2759 Doctorem
1684 2701 1934 2757 eximium
1975 2699 2095 2754 libri

496 2804 705 2876 septimi
749 2820 811 2857 ac
860 2799 1035 2856 i.lti.ni
1086 2799 1228 2870 finis.
1259 2794 1513 2870 Impressi
1554 2792 1808 2861 Venetiis,
1839 2809 2001 2865 opera
2045 2802 2093 2848 et

490 2899 736 2971 «pensis
777 2892 1054 2953 Octtriaii
1098 2890 1244 2948 Scoti
1292 2887 1677 2946 Hodmsiensis.
1710 2888 1861 2942 Anno
1898 2887 1962 2941 ob
2008 2885 2091 2940 in-

492 2990 799 3048 carnatione
858 2984 1074 3041 Domini
1125 2982 1288 3049 1485,
1336 2982 1490 3038 tertio
1541 2978 1793 3035 kalendas
1848 2976 2085 3044 Sextilis,

2199 1781 2357 1830 tenus
2385 1782 2645 1842 praistare
2668 1773 2783 1828 visa
2807 1770 2930 1839 fuit,
2957 1771 3190 1841 plurima
3221 1772 3566 1841 deprehendi
3592 1784 3811 1843 errata,

2198 1880 2320 1938 qua:
2348 1863 2655 1920 incuriosos
2680 1864 2873 1920 oculos
2902 1875 3140 1936 arguunt
3180 1863 3350 1932 illius,
3383 1866 3480 1937 qui
3521 1865 3618 1923 isti
3654 1882 3816 1927 cum

2200 1956 2437 2028 praefuit.
2471 1954 2658 2027 Neque
2687 1957 2802 2029 ipse
2832 1954 3137 2025 Fabricius,
3170 1955 3428 2029 quamvis
3469 1960 3697 2031 egregie
3752 1962 3815 2019 in

2196 2049 2392 2106 Orosio
2414 2050 2755 2107 emendando
2778 2062 2827 2106 et
2844 2049 3172 2108 illustrando
3202 2063 3459 2111 versatus
3488 2055 3609 2123 luit,
3636 2072 3816 2117 omne

2198 2154 2456 2215 punctum
2480 2145 2671 2200 tulisse
2701 2144 2855 2199 visus
2880 2154 2985 2209 est,
3014 2145 3161 2216 quod
3187 2146 3289 2201 sibi
3319 2147 3486 2204 nimis
3514 2148 3571 2206 in
3601 2165 3676 2208 eo
3705 2166 3817 2210 aII-

2196 2247 2351 2292 ctore
2377 2234 2689 2301 indulserit,
2722 2243 2861 2291 teste
2888 2235 3113 2292 Barthio
3154 2238 3456 2296 Adversar.
3486 2240 3587 2297 lib.
3612 2258 3811 2313 xxxvi,

2197 2342 2317 2400 cap.
2353 2329 2440 2385 17.
2470 2328 2650 2397 Quare
2699 2330 2897 2385 merito
2921 2330 3035 2399 jam
3088 2330 3302 2400 pridem
3344 2332 3666 2404 iudicarunt
3698 2336 3813 2395 viri

2198 2424 2368 2488 docti,
2402 2424 2604 2481 mereri
2642 2421 2919 2492 Orosium,
2953 2433 3011 2478 ιιι
3053 2423 3239 2481 denuo
3281 2425 3480 2498 majori
3510 2441 3637 2484 cum
3668 2444 3810 2487 cura

2196 2519 2265 2575 ad
2316 2533 2450 2574 mss.
2498 2516 2833 2589 exemplaria
2882 2528 3298 2585 recenseretur;
3328 2523 3645 2591 praesertim
3675 2538 3809 2580 cum

2196 2612 2267 2670 ab
2291 2630 2435 2668 anno
2461 2612 2600 2667 itii-3
2642 2626 2749 2683 quo
2784 2610 2838 2667 in
2871 2610 3151 2681 publicum
3179 2612 3314 2669 exiit
3340 2613 3582 2670 Androm
3624 2615 3810 2674 Scotti

2196 2709 2366 2765 editio
2407 2706 2747 2779 Moguntina,
2778 2706 2931 2764 nullo
2972 2722 3043 2765 es
3079 2707 3213 2763 viris
3267 2706 3531 2765 litteratis
3574 2723 3807 2767 manum

2199 2801 2551 2868 admovente,
2583 2799 2833 2872 adeoque
2877 2798 3004 2872 plus
3031 2810 3253 2857 centum
3294 2810 3352 2855 et
3390 2800 3583 2872 viginti
3614 2803 3808 2872 annis,

2198 2895 2251 2951 in
2283 2904 2436 2951 tanto
2458 2902 2671 2951 veteres
2691 2900 2948 2950 auctores
2977 2891 3043 2947 ad
3077 2890 3224 2963 prela
3250 2892 3548 2950 revocandi
3576 2893 3807 2961 ardore,

2195 2987 2432 3059 jacuerit
2459 2985 2709 3052 Orosius,
2739 2985 2901 3055 cujus
2930 2996 3111 3039 tamen
3143 2994 3224 3041 tot
3246 2994 3407 3041 antea
3452 3000 3514 3041 se
3556 2986 3807 3045 invicem

496 3082 705 3142 Joanne
735 3080 1004 3136 Morenico
1040 3076 1239 3150 inrlgto
1291 3074 1627 3130 Venetiarum
1674 3071 1829 3127 duce.
1870 3070 2093 3126 Litteris
2121 3058 2171 3126 C
2200 3058 2532 3152 exceperant
2551 3078 2848 3147 editiones,
2879 3086 2934 3134 et
2961 3088 3070 3135 tam
3100 3077 3276 3147 varia,
3296 3087 3465 3151 atque
3486 3079 3806 3153 multiplex,

496 3177 616 3233 lucc
641 3172 811 3231 editio
842 3171 1026 3228 rubeis
1048 3178 1104 3226 ct
1141 3168 1323 3241 pictis,
1354 3175 1516 3238 prout
1540 3175 1597 3221 et
1627 3164 1803 3236 prima
1835 3163 2006 3220 editio
2036 3162 2091 3219 in

501 3269 683 3326 fronte
711 3276 768 3324 et
791 3265 965 3341 initio
1011 3264 1249 3335 capitum
1286 3260 1577 3333 superbire
1618 3259 1781 3315 solet.
1810 3257 1940 3312 Post
1970 3257 2093 3312 illas

500 3362 701 3438 prodiit
732 3361 930 3417 iterum
963 3357 1207 3414 Venetiis
1229 3371 1388 3428 opera
1414 3363 1464 3409 et
1501 3352 1741 3427 expensis
1774 3351 1859 3425 (ut
1885 3350 2092 3421 pariter

497 3459 555 3517 iu
588 3460 697 3516 line
742 3456 966 3529 lrgitur)
992 3451 1249 3509 Bernardi
1296 3448 1477 3506 Veneti
1522 3449 1588 3503 de
1626 3446 1908 3502 Vitalibus.
1940 3447 2093 3500 Anno

497 3556 565 3610 ob
594 3548 953 3613 incarnatione
984 3544 1194 3601 Domini
1217 3543 1356 3600 1500
1380 3541 1467 3599 die
1491 3541 1561 3599 ﬂ
1589 3540 1779 3596 mensis
1826 3537 2092 3595 Octobris.

498 3643 772 3715 [legatum
793 3640 1009 3698 dontino
1034 3637 1325 3712 Augustino
1352 3631 1670 3691 Durbadico.

570 3735 744 3795 Abeo
768 3743 1013 3806 tempore
1040 3732 1345 3800 sa-pissime
1372 3729 1523 3802 prela
1556 3726 1804 3798 fatigavit
1837 3725 2086 3795 Orosius,

495 3832 798 3906 etquidem
823 3829 1047 3887 Parisiis
1081 3828 1261 3901 primo
1289 3827 1595 3897 impressus
1632 3822 1735 3879 fuit
1764 3839 1860 3894 per
1887 3821 2096 3878 Johan-

498 3943 628 3985 nem
659 3924 910 3995 Barbicr,
939 3925 1332 3995 impressorem
1364 3933 1464 3976 nec
1493 3934 1599 3976 non
1633 3916 1919 3973 librarium
1941 3915 2099 3986 jura-

501 4036 640 4090 tum,
670 4034 731 4081 ut
754 4036 814 4078 se
845 4027 1020 4083 vocat.
1040 4030 1186 4073 anno
1204 4015 1275 4071 ab
1303 4014 1679 4070 incarnatione
1710 4010 1927 4067 Domini
1954 4008 2094 4066 1510

499 4119 591 4176 die
624 4118 692 4175 15
716 4117 925 4173 mensis
968 4110 1322 4170 Novembris.
1368 4109 1502 4165 Dein
1549 4107 1749 4164 ibidem
1786 4104 1921 4163 l52l
1952 4100 2097 4179 apud

501 4212 807 4271 lohannem
833 4208 1066 4264 Parvum
1112 4206 1260 4280 typis
1286 4203 1436 4261 Petri
1460 4199 1735 4271 Vidovzci,
1762 4200 1964 4258 edente
2008 4200 2100 4257 Se-

503 4301 752 4361 basdano
783 4299 1055 4373 llengino.

574 4396 617 4453 C
640 4395 930 4454 ilouienses
959 4392 1157 4452 deinde
1184 4392 1311 4464 plus
1339 4389 1517 4447 semel
1549 4388 1691 4447 hunc
1712 4396 1990 4445 auctorem
2015 4404 2099 4444 re-

501 4491 792 4552 cutlcrunt.
820 4487 1127 4556 praesertim
1147 4501 1292 4541 anno
1314 4484 1472 4551 1526,
1493 4483 1650 4553 cuius
1671 4480 1927 4538 editionis
1951 4480 2092 4536 haud
2123 4458 2174 4520 υ

503 4583 679 4640 levem
707 4595 895 4638 cuiam
924 4576 1135 4645 habuit,
1158 4578 1251 4645 qui
1280 4578 1537 4648 praelatus
1576 4574 1645 4630 ad
1692 4574 1942 4631 eamdem
1985 4585 2095 4641 est,

501 4676 778 4737 Gerardus
806 4674 1114 4745 Boleuinge.
1142 4671 1399 4735 Escudit,
1430 4682 1489 4725 ut
1516 4670 1570 4725 in
1605 4670 1782 4725 lruntc
1814 4671 1934 4726 libri
1962 4669 2100 4725 dici-

501 4780 608 4839 tur,
655 4768 955 4825 Eucharius
999 4764 1389 4829 Cervicornus,
1437 4764 1701 4836 impensis
1750 4779 1901 4827 vero,
1933 4773 1990 4818 ut
2044 4764 2096 4818 in

502 4863 688 4919 tritinia
734 4862 1000 4919 docemur
1025 4862 1241 4931 pagina,
1273 4857 1352 4913 Μ.
1387 4855 1667 4925 Coclerridi
1712 4855 1997 4929 Ilydorpii,
2028 4857 2101 4911 εἰς

498 4956 573 5013 ris
601 4955 950 5021 Coloniensis,
981 4969 1155 5009 mense
1193 4950 1375 5009 Juuio.
1409 4952 1740 5022 llittorpium
1787 4951 1929 5007 idem
1976 4965 2099 5008 sese

500 5058 664 5108 vocat
684 5050 735 5106 in
765 5049 1007 5106 editione
1035 5047 1374 5115 Colonicrhi,
1403 5062 1525 5115 quae
1552 5044 1754 5116 prodiit
1779 5060 1853 5101 ex
1880 5044 2099 5101 ofﬁcina

500 5144 742 5214 Jasparis
763 5138 1086 5209 Genneptei,
1109 5152 1255 5193 anno
1290 5137 1451 5205 ιδιιι,
1474 5146 1532 5193 et
1583 5152 1750 5207 quam
1783 5138 2099 5209 procuravit

500 5238 739 5296 Joannes
790 5234 1083 5300 Ca'sarius,
1131 5231 1289 5303 cujus
1340 5231 1587 5305 prmfatio
1633 5231 1812 5288 eidem
1869 5230 2098 5287 editioni

504 5329 723 5400 ιιινωῆιει
756 5326 976 5401 legitur.
1007 5326 1064 5384 lu
1104 5335 1351 5383 extremo
1377 5326 1497 5397 eius
1540 5324 1663 5381 libri
1695 5326 1812 5385 haec
1838 5334 2057 5384 exstant
2084 5344 2096 5382 :

504 5424 752 5493 [inpensa
775 5433 825 5480 ct
844 5438 946 5481 tere
973 5422 1043 5480 Μ.
1074 5421 1351 5491 Gorlefridi
1374 5418 1793 5493 Hittorpii,ciuis
1822 5421 2102 5478 Colonien-

501 5520 593 5583 sis.
625 5536 797 5577 mense
842 5522 1074 5592 Augusto
1109 5517 1265 5575 [542.
1304 5515 1433 5575 llme
1468 5517 1636 5574 editio
1681 5516 1840 5574 nobis
1889 5516 2095 5586 passim

503 5614 840 5685 llillurpiana
860 5625 1101 5683 vocatur,
1128 5613 1276 5686 prior
1306 5627 1435 5669 vero
1451 5612 1849 5685 Bulsuittgiann.
1871 5612 1947 5668 De
1976 5611 2103 5669 Bol-

503 5707 721 5781 Iuinglo
744 5708 873 5767 mihi
908 5723 1077 5784 pauca
1099 5719 1379 5783 corriperta
1397 5718 1521 5767 sunt
1540 5706 1807 5775 ;Joannes
1829 5706 2099 5766 Caesarius

2200 3187 2256 3233 et
2284 3190 2511 3247 prorsus
2524 3174 2840 3231 necessaria
2854 3173 3119 3229 existeret
3139 3171 3403 3230 Historia.

2274 3267 2429 3327 Haud
2470 3268 2635 3341 igitur
2673 3277 2963 3325 contentus
2987 3265 3261 3338 prioribus
3299 3277 3357 3325 et
3398 3266 3594 3340 priscis
3642 3268 3798 3341 illis,

2198 3378 2320 3435 qum
2367 3377 2559 3419 omnes
2608 3361 2678 3417 ad
2725 3374 2945 3417 manum
3002 3360 3135 3417 mihi
3178 3359 3367 3430 l’ucre,
3432 3360 3804 3432 editionibus,

2196 3454 2457 3513 auxilium
2478 3455 2781 3526 praesertim
2799 3469 2830 3509 a
2848 3467 2980 3509 mss.
3007 3452 3285 3511 codicibus
3306 3453 3600 3525 petendum
3612 3455 3808 3512 existi-

2199 3549 2342 3608 mavi
2368 3590 2386 3619 ,
2443 3549 2599 3619 cujus
2642 3547 2862 3619 generis
2902 3547 3155 3605 undecim
3179 3562 3306 3604 eum
3349 3559 3546 3608 nactus
3571 3563 3803 3622 essem,

2198 3642 2332 3700 satis
2359 3657 2447 3699 me
2494 3641 2819 3698 instructum
2852 3641 3055 3714 putavi.
3075 3639 3332 3714 Quinque
3371 3656 3441 3699 ex
3487 3643 3555 3699 iis
3596 3658 3805 3719 soppe.

2200 3734 2393 3791 ditavit
2442 3734 2575 3789 mihi
2605 3732 2932 3790 bibliotheca
2968 3748 3091 3806 qua:
3114 3732 3297 3790 Leida:
3325 3733 3450 3791 sive
3469 3733 3646 3806 Lugd.
3682 3737 3804 3796 Bst.

2201 3841 2321 3898 est,
2363 3842 2473 3886 tres
2506 3828 2819 3885 Florentino
2840 3871 2857 3897 ,
2891 3844 3055 3885 unum
3087 3827 3470 3899 Ultrajectina.
3501 3828 3628 3902 Ipse
3672 3846 3809 3904 quo-

2214 3941 2320 3999 que
2349 3941 2513 3981 unum
2546 3925 2799 3995 possideo
2823 3967 2839 3993 ,
2871 3930 2929 3980 ct
2950 3923 3187 3996 denique
3221 3922 3574 3982 collationem
3602 3926 3810 3983 codicis

2202 4019 2443 4092 antiqui,
2474 4033 2685 4076 summa
2716 4032 2845 4075 cura
2872 4032 2902 4073 a
2924 4016 3140 4074 elariss.
3171 4015 3375 4074 lacobo
3394 4016 3678 4075 Gronovio
3706 4019 3798 4077 in-

2201 4113 2445 4172 stitutam
2466 4156 2482 4181 ,
2510 4121 2703 4170 nactus
2726 4112 2823 4168 fui.
2852 4111 3024 4182 liuius
3043 4109 3177 4168 mihi
3196 4109 3409 4180 c0piam
3434 4110 3565 4168 l'ecit
3589 4112 3808 4185 dignis-

2202 4208 2374 4265 simus
2399 4204 2495 4263 illo
2527 4216 2679 4278 patre
2708 4205 2852 4262 illius
2896 4204 3237 4264 Abrahamus
3259 4204 3574 4262 Gronovius
3593 4248 3613 4275 ,
3636 4221 3800 4264 enm-

2202 4315 2310 4372 que
2348 4298 2594 4357 codicem
2645 4315 2766 4354 eum
2802 4298 2964 4355 tertio
2992 4312 3061 4354 es
3094 4295 3270 4369 Lugd.
3320 4297 3466 4354 But.
3502 4299 3810 4369 plurimum

2203 4394 2501 4450 convenire
2537 4389 2888 4463 deprehendi.
2947 4387 3138 4447 Codex
3183 4404 3340 4445 mens
3379 4389 3435 4447 in
3466 4406 3800 4464 pergameno

2201 4503 2298 4560 per
2352 4487 2632 4542 columnas
2686 4485 2920 4557 scriptus
2951 4526 2968 4551 ,
3022 4499 3090 4541 ex
3147 4483 3478 4543 bibliotheca
3534 4484 3797 4547 llulsiana

2199 4578 2469 4654 quondam
2516 4586 2836 4649 coemptos,
2910 4576 3131 4649 optima:
3180 4584 3267 4633 est
3310 4589 3497 4648 notae,
3556 4578 3803 4654 mihique

2203 4672 2499 4743 plurimum
2541 4668 2762 4742 profuit.
2811 4669 3222 4742 Ultrajcctinum
3275 4686 3471 4742 magna
3528 4670 3799 4730 industria

2200 4766 2433 4825 contulit
2485 4765 2609 4823 Otto
2664 4764 3027 4831 Arutzcnius,
3080 4763 3298 4821 δοῑιοιω
3336 4762 3621 4824 Goudana
3647 4781 3797 4825 nunc

2204 4858 2517 4915 moderator
2570 4856 2880 4914 indefessus
2909 4873 2924 4915 :
2954 4865 3040 4914 est
3076 4855 3294 4930 quidem
3340 4858 3389 4916 is
3419 4857 3591 4917 codex
3620 4873 3686 4917 ex
3720 4874 3808 4917 reo

2203 4952 2543 5009 cautioribus
2571 4959 2627 5006 et
2672 4950 2827 5006 valde
2875 4950 3208 5019 mendosus,
3250 4951 3348 5008 sed
3403 4952 3568 5010 habet
3613 4964 3803 5013 tanien

2207 5048 2468 5102 lectiones
2498 5042 2757 5116 quasdam
2785 5044 2840 5102 in
2880 5046 3076 5116 quibus
3104 5060 3229 5103 cum
3251 5045 3475 5118 optimis
3502 5047 3805 5119 conspirat.

2205 5143 2349 5200 inter
2363 5143 2601 5214 quinque
2624 5153 2753 5196 mss.
2773 5154 2907 5209 quos
2922 5140 3359 5210 academize,qua2
3376 5139 3623 5213 Lugduni
3645 5142 3810 5199 Bata-

2212 5252 2407 5293 vorum
2435 5244 2519 5290 est
2544 5279 2561 5303 ,
2590 5234 2919 5290 bibliotheca
2951 5232 3347 5311 suppeditavit,
3376 5249 3514 5291 unus
3556 5246 3810 5295 servatur

2207 5334 2260 5390 in
2334 5332 2511 5400 legato
2560 5328 2951 5395 Pcrizoniano,
3026 5328 3319 5399 inscriptus
3387 5330 3452 5385 de
3521 5330 3801 5387 Orchestra

2203 5418 2389 5483 utendi
2420 5469 2436 5493 ,
2464 5432 2519 5480 et
2566 5424 2799 5495 scriptus
2851 5425 2905 5478 in
2934 5421 3123 5478 charta
3153 5437 3296 5479 anno
3328 5420 3471 5479 H65
3493 5466 3509 5489 ,
3560 5423 3808 5497 adeoque

2203 5520 2359 5579 valde
2410 5533 2629 5585 recens,
2663 5517 2757 5575 sed
2806 5527 2984 5575 tamen
3016 5516 3173 5573 valde
3203 5516 3378 5574 bonus
3409 5529 3461 5573 et
3483 5520 3805 5592 antiquissi-

2207 5614 2306 5671 mis
2354 5612 2780 5688 comparandus.
2840 5610 2921 5668 Ex
2960 5623 3193 5683 quatuor
3251 5611 3480 5685 reliquis
3529 5612 3809 5673 codicibus

2205 5706 2552 5784 Lugdnllatt.
2589 5706 2819 5780 primum
2847 5706 2999 5767 soleo
3048 5706 3328 5767 nominare
3357 5722 3482 5769 eum
3506 5749 3522 5782 ,
3552 5708 3649 5783 qui
3677 5708 3805 5769 olim
