4052 6448
285 319 387 378 εει

1402 325 1778 383 ΡῐίίΕιθιιῖιυ
1815 326 1948 385 SIG.
1992 326 2080 384 Ila
2093 327 2464 389 VERCAMPI.

3477 335 3589 395 αι

281 432 494 490 Nicolai
540 435 769 503 lleinsii,
799 437 999 497 deinde
1038 436 1210 496 lsaaei
1240 438 1417 497 Vossii
1460 440 1561 495 fuit
1580 481 1596 507 ,
1619 448 1780 512 atque
1807 439 1904 497 ad-
1926 444 1973 505 Α
2006 450 2073 507 37
2094 457 2147 506 et
2181 446 2247 501 ad
2275 445 2532 502 sa‘culutn
2556 445 2824 503 decimum
2845 453 3097 520 quartum
3119 446 3374 505 refertur.
3404 448 3461 506 ln
3492 464 3594 521 per

277 525 533 595 junctum
573 529 674 584 sibi
707 530 978 587 Justinum
1010 533 1191 589 liabet.
1240 532 1297 589 In
1326 532 1430 590 boc
1459 532 1598 590 libro
1628 533 1679 590 in
1718 550 1888 590 inem-

294 620 491 677 branis
540 624 769 693 scripto,
797 627 1013 696 quidam
1052 642 1245 682 versus
1275 628 1711 699 prteﬂgebantur,
1756 642 1892 698 quos

288 709 537 786 integros
564 716 823 774 exhibere
853 734 1063 791 nequeo
1082 761 1095 787 ,
1132 721 1273 790 quod
1297 722 1536 776 exterior
1563 720 1893 778 membrana:

285 817 418 877 pars
447 807 718 882 discerpta
744 809 833 867 sit.
860 811 989 885 Legi
1011 823 1189 870 autem
1213 814 1262 868 bi
1287 822 1578 887 potuerunt
1606 832 1621 869 :

413 919 564 994 Qrbis
585 931 850 994 terrarum,
878 933 1148 994 metasque,
1161 929 1386 994 situsque
1404 928 1639 994 locorum,

412 985 672 1047 gomputat
696 988 776 1038 hic
798 991 925 1041 sacri
949 985 1106 1041 codex
1136 985 1415 1042 luculenter
1437 992 1597 1043 Orosi.

408 1043 683 1121 'lﬂtundumq
693 1053 997 1121 estactum,
1022 1052 1284 1121 formatum
1305 1061 1413 1121 post
1437 1055 1789 1121 protoplastum
1812 1094 1828 1119 ,

411 1106 620 1178 Terram
637 1106 821 1178 diluvio
844 1106 998 1177 super
1021 1127 1219 1164 omnem
1243 1106 1590 1178 tit'idiec't'uso;

407 1172 537 1239 Area
557 1185 721 1239 servat
732 1175 773 1224 is
787 1172 953 1226 divino
974 1190 1187 1228 munere
1209 1182 1391 1239 paucis.

407 1232 539 1308 {line
556 1237 686 1308 mala
706 1239 857 1308 bella,
884 1252 1058 1308 neces,
1084 1232 1359 1308 conﬂictus,
1388 1239 1580 1308 peculia,
1600 1240 1738 1308 lites,

413 1295 624 1367 ﬂabra,
647 1300 941 1358 simultates,
970 1295 1208 1367 incestus,
1231 1295 1414 1367 jttrgia',
1434 1295 1653 1355 fraudes.

408 1356 645 1411 Errorum
663 1373 841 1426 sectte,
864 1356 1135 1427 patricidia,
1162 1356 1546 1431 fut-"tafi'aplnai,

410 1478 431 1497 ο
499 1479 513 1494 0
580 1483 594 1496 0
662 1483 677 1497 0
746 1486 763 1499 ο
830 1486 842 1497 0
918 1487 926 1497 ι
997 1487 1011 1499 0
1074 1487 1089 1500 0
1161 1484 1176 1500 0
1243 1488 1258 1501 0
1328 1490 1340 1503 ο
1414 1490 1425 1500 ο
1498 1489 1513 1503 0
1580 1488 1595 1503 0
1665 1490 1681 1504 0
1750 1487 1769 1508 υ

411 1647 431 1664 0
498 1648 515 1665 0
581 1647 597 1664 0
665 1650 681 1666 0
743 1647 763 1667 ο
830 1650 848 1667 0
914 1652 931 1668 0
998 1654 1015 1671 0
1082 1654 1101 1671 0
1171 1655 1186 1670 0
1258 1656 1273 1670 0
1342 1656 1355 1669 ο
1422 1657 1437 1671 0
1510 1661 1522 1674 ι
1590 1659 1601 1670 ι
1672 1659 1685 1671 ο
1749 1656 1771 1675 ο

409 1715 657 1789 gemeret
674 1721 753 1773 hic
775 1722 952 1789 oculis,
978 1736 1079 1788 quo
1094 1731 1266 1787 posset
1289 1732 1505 1789 uterque
1528 1723 1714 1776 doceri.

410 1782 553 1854 ρυοτι
568 1785 657 1835 tibi
681 1782 948 1854 transmisi,
977 1782 1072 1837 non
1092 1782 1147 1837 ut
1169 1802 1290 1854 mea
1302 1782 1496 1854 discere
1516 1789 1676 1852 possis

407 1846 664 1911 Dogmata,
684 1849 772 1898 sed
797 1846 942 1900 ﬁeret
961 1862 1108 1899 verax
1134 1860 1190 1900 ut
1207 1849 1374 1911 judice
1398 1846 1573 1901 temet.

423 1910 612 1960 Emola
636 1922 847 1974 namque
869 1923 1042 1962 manus
1061 1914 1136 1962 sic
1156 1910 1336 1963 rudere
1356 1913 1555 1963 desinet
1571 1910 1713 1963 illud.

361 2013 652 2071 Secundus
707 2012 891 2071 Codex
972 2014 1144 2087 Lugd.
1219 2015 1343 2073 Bal.
1400 2017 1453 2072 in
1502 2017 1608 2072 ﬁne
1664 2025 1884 2072 notatur

278 2108 524 2183 scriptus
555 2124 717 2165 manu
747 2109 927 2179 fratris
959 2106 1215 2165 Everardi
1260 2110 1324 2166 de
1352 2107 1647 2183 Nooongio.
1687 2108 1885 2165 luseri-

283 2201 437 2260 bitur
453 2210 632 2259 autem
656 2203 709 2257 in
733 2201 886 2257 initio
909 2203 980 2257 ita
998 2244 1012 2266 ,
1032 2199 1206 2257 Orosii
1234 2202 1298 2258 de
1316 2202 1563 2259 Cladibus
1580 2212 1629 2260 et
1654 2202 1886 2259 Miseriit

281 2294 633 2367 Antiquorum
674 2294 795 2351 libri
834 2305 1050 2366 septem.
1085 2295 1142 2352 In
1182 2295 1292 2353 line
1337 2307 1521 2353 autem
1554 2296 1671 2353 haec
1702 2298 1891 2369 legun-

283 2398 422 2448 tur:
470 2389 616 2446 Libri
647 2391 820 2446 Oresii
868 2392 1155 2464 presbyteri
1202 2393 1268 2447 de
1296 2390 1544 2448 Cladibus
1591 2402 1639 2447 et
1664 2392 1887 2464 antiquis

287 2481 523 2539 lfiseriis
552 2484 732 2538 mundi
762 2498 854 2554 per
892 2499 1078 2539 manus
1106 2484 1287 2556 scripti
1334 2484 1513 2556 fratris
1546 2483 1797 2539 Ererardi
1826 2486 1892 2541 de

287 2572 589 2648 Norougio.
608 2574 706 2632 Ter
719 2578 825 2632 tius
844 2576 1002 2632 nobis
1020 2576 1165 2632 audit
1180 2575 1354 2633 Orosii
1368 2576 1561 2644 codex,
1581 2581 1669 2649 qui
1690 2577 1889 2633 Justini

281 2684 500 2741 quoque
550 2670 716 2727 libros
764 2670 1036 2738 continet,
1068 2681 1123 2729 ct
1164 2668 1499 2739 inscribitur,
1535 2670 1707 2725 Orosii
1759 2673 1888 2728 liber

287 2761 644 2819 Historiarum
671 2764 737 2819 de
756 2763 996 2820 Ormesta
1022 2766 1222 2820 mundi.
1245 2764 1327 2820 Ad
1344 2764 1505 2820 linem
1534 2764 1654 2820 libri
1669 2765 1887 2835 septimi

281 2855 650 2913 subscribitur
663 2871 874 2924 rersus,
889 2859 1046 2927 quiin
1064 2860 1236 2928 primo
1251 2872 1464 2929 quoque
1480 2855 1887 2929 codiccjesstat:

481 2969 772 3036 Presbyteri
795 2971 922 3022 sacri
945 2970 1105 3022 codex
1130 2970 1208 3023 bie
1230 2967 1339 3021 linit
1355 2969 1518 3023 Orosl.

281 3077 531 3147 Quartus
584 3078 819 3150 denique
849 3125 864 3149 ,
922 3079 1403 3148 membranaceus,
1453 3080 1579 3136 olim
1634 3080 1700 3137 ad
1748 3080 1891 3139 lsaa-

292 3184 421 3227 cum
439 3170 687 3228 Vossium
719 3171 979 3243 pertinuit
996 3184 1053 3229 et
1075 3188 1197 3229 cum
1229 3174 1452 3246 reliquis
1466 3172 1583 3245 ejus
1604 3189 1737 3231 mss.
1775 3190 1889 3232 em—

290 3268 482 3339 ptione
509 3266 568 3325 in
608 3265 742 3324 bibl.
772 3267 945 3341 Lugd.
980 3270 1101 3325 llat.
1136 3269 1370 3325 transiit.

361 3358 429 3415 Et
458 3358 575 3416 btec
613 3360 833 3432 quidem
877 3361 955 3433 in.
984 3365 1153 3433 patria
1191 3373 1381 3418 nactus
1440 3361 1688 3419 subsidia
1719 3376 1838 3420 sum
1871 3406 1888 3433 ,

285 3439 407 3509 non.
455 3460 645 3509 tamen
704 3456 883 3525 putavi
943 3456 1014 3512 iis
1059 3454 1545 3528 acquiescendum,
1596 3456 1724 3526 sed,
1763 3472 1889 3513 cum

285 3546 487 3602 scirem
527 3545 821 3603 Florentiae
843 3548 896 3602 in
920 3546 1244 3605 bibliotheca
1267 3548 1625 3605 Laurentiana
1646 3549 1891 3606 studiose

284 3638 557 3695 asservari
577 3638 816 3694 omnium
834 3638 1299 3721 Oresii,qnntqnot
1319 3650 1465 3707 sunt,
1486 3655 1618 3697 mss.
1641 3642 1888 3697 codicum

288 3730 453 3805 longe
497 3734 966 3805 antiquissimum,
999 3733 1426 3807 Longnbardicis
1456 3735 1650 3791 litteris
1672 3736 1889 3808 egregie

287 3836 605 3893 exaratum,
655 3840 763 3883 non
808 3830 985 3900 quievi
1037 3835 1326 3899 antequam
1382 3826 1589 3899 frugem
1647 3827 1774 3883 inde
1831 3828 1887 3885 in

302 3918 443 3975 banc
478 3934 716 3976 messem
766 3929 1213 3991 transportarem.
1246 3919 1515 3977 Esimium
1550 3922 1691 3977 bunc
1728 3920 1885 3977 codi-

298 4023 420 4066 cem
474 4011 880 4083 religiosissima
925 4011 1323 4083 sollicitudine,
1381 4026 1707 4084 procurante
1752 4015 1885 4074 milii

297 4101 407 4159 huc
451 4102 773 4162 beneficium
828 4104 989 4163 Dom.
1035 4106 1260 4163 Alberto
1298 4106 1650 4175 Mazzoleno,
1712 4108 1885 4165 reteri

297 4199 480 4258 amico
506 4242 524 4269 ,
556 4208 658 4257 'stta
710 4216 874 4257 manu
903 4201 1123 4273 suisque
1150 4202 1322 4257 oculis
1368 4203 1598 4258 contulit
1639 4202 1881 4260 Lauren-

282 4294 453 4349 tiante
481 4293 829 4351 bibliotheca:
862 4295 1147 4366 pra-fectus
1194 4296 1463 4352 Antonius
1488 4296 1654 4352 Maria
1678 4298 1885 4355 Biscio-

287 4389 447 4455 nius,
500 4402 646 4445 anno
701 4388 860 4445 1729.
906 4389 1357 4463 Antiquissimum
1413 4390 1558 4449 bune
1603 4391 1869 4460 codicem,

288 4490 456 4556 atque
499 4483 554 4539 in
592 4482 817 4555 majoris
844 4486 1018 4557 quarti
1064 4486 1237 4543 lorma
1266 4485 1558 4556 scriptum,
1592 4484 1707 4542 fere
1730 4486 1883 4543 mille

282 4592 551 4634 annorum
576 4586 792 4635 atatem
814 4594 928 4651 pra:
952 4594 1014 4636 se
1039 4578 1182 4636 ferre
1208 4579 1413 4636 notarit
1432 4579 1884 4650 diligentissimus

284 4670 383 4728 ille
417 4672 774 4741 esatninator,
800 4681 959 4746 atque
980 4673 1199 4744 insuper
1221 4672 1523 4729 transmisit
1553 4672 1625 4730 ad
1656 4689 1743 4729 me
1766 4674 1879 4744 pic-

286 4772 466 4821 turam
518 4765 821 4823 litterarum
844 4812 858 4836 ,
904 4768 1001 4821 teri
1033 4767 1379 4824 incidendam
1400 4811 1414 4837 ,
1443 4782 1605 4837 quam
1635 4765 1880 4822 invenies

303 4874 427 4932 pag.
454 4860 546 4928 70,
571 4860 662 4916 ubi
688 4860 858 4918 codex
886 4862 975 4917 ille
996 4860 1435 4935 Langobardicns
1456 4906 1471 4925 ,
1496 4863 1650 4930 cujus
1677 4862 1883 4917 mentio

308 4969 523 5027 quoque
546 4964 725 5012 exstat
751 4956 895 5027 apud
926 4956 1299 5013 Mabillonium
1324 4957 1391 5014 dc
1423 4956 1500 5012 Re
1530 4955 1883 5027 Diplomatica
1930 4994 1934 4999 ι

305 5047 402 5105 lib.
430 5063 481 5115 tt,
507 5063 562 5119 p.
585 5048 716 5117 554,
751 5050 973 5122 incipit,
1004 5060 1091 5107 est
1132 5053 1275 5108 enim
1307 5052 1359 5105 in
1392 5048 1546 5105 initio
1573 5049 1698 5105 libri
1726 5048 1887 5118 primi

309 5142 566 5210 mutilus,
594 5141 757 5215 inque
787 5144 977 5201 eodem
1030 5151 1174 5199 totus
1209 5142 1349 5199 liber
1388 5144 1647 5213 septimus
1674 5139 1887 5196 deside-

299 5242 472 5291 ratur.
522 5234 711 5306 Neque
759 5234 922 5292 modo
968 5236 1205 5292 nﬂicium
1251 5234 1626 5291 humanissimi
1678 5231 1781 5288 viri
1830 5233 1882 5286 in

304 5326 600 5386 collatione
629 5328 838 5385 codicis
868 5328 1027 5401 hujus
1051 5369 1068 5397 ,
1097 5328 1188 5401 qui
1214 5338 1463 5385 servatur
1490 5329 1543 5382 in
1570 5327 1671 5383 ista
1696 5324 1888 5382 biblio-

304 5420 459 5481 theca
488 5424 673 5494 pluteo
700 5422 793 5494 65,
824 5439 973 5480 num.
999 5439 1036 5490 ι,
1065 5423 1326 5492 substitit,
1346 5421 1442 5479 sed
1471 5432 1529 5479 et
1548 5436 1701 5491 atque
1728 5433 1889 5477 accu-

300 5525 474 5575 ratam
526 5519 762 5577 duorum
806 5519 1035 5575 aliorum
1078 5518 1325 5574 codicum
1374 5517 1673 5573 transmisit
1710 5514 1883 5571 colla-

301 5611 696 5671 tionem.Alter
717 5629 783 5671 ex
812 5613 897 5671 bis
924 5622 1175 5671 servatur
1189 5612 1372 5683 pluteo
1387 5612 1480 5679 65,
1501 5624 1647 5666 num.
1678 5608 1774 5677 55,
1794 5608 1886 5680 qui

308 5717 566 5764 censetur
584 5722 709 5765 esse
742 5706 927 5764 stcculi
967 5704 1325 5773 dceiniitertii,
1350 5703 1489 5760 alter
1510 5702 1707 5761 ibidem
1732 5716 1882 5758 num.

1996 543 2225 600 steriore
2252 554 2315 595 es
2342 540 2523 609 hisce,
2554 556 2676 594 nam
2707 539 2859 611 prior
2884 540 2937 596 in
2962 541 3229 611 principio
3250 556 3467 613 quoque
3494 542 3592 597 ltu-

1992 648 2089 691 sus
2115 644 2200 689 est
2225 673 2239 697 ,
2268 631 2454 688 titulus
2485 631 2611 687 libri
2644 634 2730 689 ltic
2770 642 2854 689 est
2892 650 2907 688 :
2944 631 3101 689 Pauli
3130 632 3307 690 ονοδῆ
3325 678 3340 702 ,
3370 634 3589 707 presby-

1992 729 2091 784 teri
2146 726 2411 800 Hispani,
2459 725 2525 782 de
2574 727 2735 782 totius
2786 727 2970 783 mundi
3022 728 3403 784 calamitatibus
3458 728 3589 784 liber

1992 819 2213 889 primus.
2257 816 2671 890 Ortbograpliite
2712 818 2947 891 denique
2990 820 3287 884 rationem,
3321 834 3482 890 quam
3528 818 3586 877 in

1991 910 2381 983 antiquissimo
2420 911 2726 982 praesertim
2758 911 2851 965 illo
2886 911 3075 968 codice
3098 912 3398 969 obserrare
3423 910 3584 980 licet,

1995 1005 2179 1060 itidem
2207 1014 2525 1073 eacerptam
2545 1015 2597 1059 et
2630 1003 3024 1070 transmiSsam,
3050 1001 3187 1060 infra
3214 1012 3338 1077 post
3361 1001 3586 1063 dedica-

1994 1100 2174 1155 tiones
2206 1108 2261 1155 et
2291 1098 2636 1171 przrl‘ationes
2662 1098 2927 1154 invenies.

2065 1191 2147 1247 Ad
2181 1193 2281 1247 bos
2327 1192 2491 1260 igitur
2518 1190 2737 1248 codices
2775 1206 2909 1249 mss.
2955 1201 3276 1263 veteresque
3320 1191 3593 1252 editiones

1993 1300 2191 1344 omnes
2217 1301 2278 1342 ea
2307 1301 2435 1341 cura
2464 1286 2714 1343 recensui
2745 1284 2993 1341 Orosium
3025 1332 3041 1354 ,
3073 1302 3236 1358 quam
3281 1286 3480 1345 mereri
3508 1287 3594 1345 ri-

1993 1380 2224 1437 debatur
2268 1380 2534 1450 Scriptor,
2581 1380 2667 1435 cui
2714 1380 3041 1451 exponendo
3094 1390 3316 1439 centum
3358 1382 3591 1453 amplius

1993 1472 2153 1531 annis
2163 1472 2403 1531 defuisse
2418 1474 3029 1545 fautoresaguoseimus,
3044 1488 3166 1548 qua:
3177 1474 3325 1531 enim
3340 1490 3587 1548 sparsum

1994 1570 2061 1626 ad
2093 1570 2243 1625 illum
2266 1569 2365 1624 viri
2403 1567 2549 1625 ducti
2583 1578 2835 1626 notarunt
2855 1584 3051 1641 ,parca
3095 1569 3388 1627 admodum
3420 1585 3582 1627 manu

1996 1662 2211 1737 [collata
2239 1674 2367 1719 sunt
2394 1709 2407 1732 ,
2430 1669 2487 1718 et
2510 1660 2811 1719 conferenti
2839 1662 3041 1733 patebit
3064 1671 3323 1735 quantum
3356 1662 3586 1721 medela:

1994 1769 2061 1812 ex
2083 1769 2218 1811 mss.
2242 1770 2539 1826 eorumque
2562 1754 2916 1819 accuratiore.
2941 1772 3104 1828 quam
3133 1772 3165 1811 a
3185 1757 3461 1828 prioribus
3481 1756 3593 1813 fac.

1918 1836 1968 1901 Β
1999 1859 2109 1905 tum
2133 1848 2233 1904 fuit
2257 1849 2589 1917 editoribus,
2624 1850 2991 1923 inspectione,
3031 1851 3326 1908 accesserit
3344 1851 3587 1918 Oresio;

1987 1947 2079 2016 qui
2130 1943 2399 2015 Scriptor,
2437 1944 2686 2018 quamvis
2714 1960 2892 2018 neque
2912 1960 3077 2003 aurea
3125 1959 3303 2018 neque
3333 1953 3591 2017 argentea

1988 2037 2296 2095 Latinitatis
2311 2047 2471 2094 :ctate
2493 2037 2693 2105 ﬂul'tlit,
2706 2051 2759 2094 et
2773 2040 2862 2095 vis
2888 2037 2943 2095 in
2963 2052 3106 2096 arca
3130 2037 3231 2095 sibi
3253 2038 3431 2095 locum
3459 2038 3593 2096 resi-

1987 2141 2143 2201 neat,
2178 2148 2575 2207 nonnumquam
2609 2149 2849 2206 quoque,
2894 2149 2995 2206 pro
3030 2133 3214 2190 seculi
3253 2135 3346 2190 'sui
3386 2144 3547 2205 captu
3569 2173 3591 2203 ,

1988 2226 2224 2285 anilibus
2268 2226 2461 2284 fabulis
2482 2272 2497 2296 ,
2525 2238 2583 2283 ut
2609 2227 2681 2284 de
2720 2228 2961 2298 vestigiis
2987 2240 3257 2297 rotarum,
3286 2244 3409 2299 quae
3462 2228 3591 2287 rell.

1988 2318 2209 2392 qnerint
2245 2320 2626 2392 conspicienda
2655 2319 2831 2377 adhuc
2856 2320 3237 2394 IEgyptinrntn
3256 2336 3594 2395 persequen-

1994 2414 2125 2468 tium
2148 2425 2361 2478 currus,
2390 2412 2716 2482 abripiatur:
2742 2422 2922 2470 tamen
2938 2430 3082 2480 ,eum
3106 2416 3179 2471 ob
3206 2416 3377 2487 ipsius
3397 2417 3584 2485 operis

1992 2509 2325 2580 multijngem
2372 2507 2695 2576 Historiam,
2726 2525 2832 2566 non
2866 2510 3038 2566 inutili
3065 2510 3329 2568 brevitate
3349 2528 3582 2586 conges-

1994 2612 2195 2672 tam,et
2210 2602 2276 2659 ad
2308 2612 2609 2674 temporum
2641 2602 2903 2661 rationem
2925 2606 3281 2678 consulesque
3307 2605 3585 2664 ministros

1992 2696 2229 2754 sollicite
2250 2696 2534 2770 tligestam,
2564 2707 2672 2752 tum
2699 2708 2982 2769 propterea
3006 2698 3149 2769 quod
3177 2699 3423 2772 integris,
3451 2715 3589 2772 quos

1993 2788 2186 2845 frustra
2202 2789 2310 2862 jznn
2329 2791 2644 2859 quarrimus,
2659 2790 2866 2861 magnis
2881 2790 3227 2847 historiarum
3242 2801 3292 2847 et
3309 2790 3584 2847 annalium

1993 2882 2347 2954 scriptoribus
2369 2923 2384 2947 ,
2411 2891 2571 2952 atque
2602 2882 2656 2937 in
2682 2897 2747 2937 eo
2767 2897 2970 2953 genere
2996 2883 3360 2955 principatum
3393 2894 3581 2941 tenen-

1994 2976 2170 3042 tibus,
2198 2976 2272 3032 sit
2297 2990 2457 3044 nsus,
2488 2975 2703 3047 plurimi
2735 2976 2878 3048 apud
2908 2990 3101 3034 omnes
3128 2976 3370 3033 eruditus
3391 2976 3579 3033 haberi

1993 3072 2153 3128 solet.

2068 3162 2147 3220 De
2171 3162 2431 3220 vocabulo
2456 3160 2760 3229 Hormcsla,
2773 3162 2915 3234 quod
2927 3161 3145 3219 codices
3164 3162 3381 3234 quidam
3398 3160 3580 3221 Orosii

1916 3230 1964 3295 c
1997 3258 2140 3315 libro
2165 3260 2294 3314 tlant
2314 3301 2327 3323 ,
2359 3273 2460 3327 pro
2483 3273 2591 3328 qun
2618 3230 2952 3313 Orclteslram
2999 3256 3091 3312 alii
3130 3230 3322 3328 reponi
3358 3258 3543 3313 volunt
3568 3301 3585 3327 ,

1998 3354 2191 3426 inspici
2250 3363 2433 3426 potest
2496 3350 2583 3408 ιο.
2637 3352 2890 3409 Albertus
2944 3349 3227 3409 Fabricius
3267 3351 3406 3408 Bibl.
3464 3351 3586 3407 Lat.

1997 3446 2099 3503 lib.
2140 3462 2214 3512 tv,
2242 3460 2363 3516 cap.
2400 3446 2463 3511 5,
2493 3446 2607 3502 sire
2635 3454 2787 3501 torno
2815 3444 2913 3512 Ill,
2955 3459 3076 3517 pag.
3105 3444 3231 3510 557,
3259 3446 3350 3516 qui
3402 3446 3585 3516 plures

1992 3539 2192 3597 ibidem
2223 3540 2357 3598 citat
2402 3540 2549 3595 viros
2581 3540 2795 3606 doctos,
2820 3540 2911 3611 qui
2944 3539 3013 3597 de
3038 3554 3105 3597 eo
3130 3541 3585 3599 vocabuladissc-

1990 3646 2242 3695 ruerunt.
2288 3636 2415 3695 llibi
2453 3652 2583 3695 vero
2638 3638 2879 3693 omnium
2922 3640 3162 3695 rationes
3190 3640 3584 3712 perpendenti,

1992 3746 2240 3791 neutrum
2284 3746 2349 3789 es
2390 3732 2539 3788 hisce
2574 3733 2867 3802 genuinum
2898 3733 3131 3787 ridetur.
3159 3730 3293 3789 Cum
3333 3734 3478 3790 enim
3521 3735 3578 3791 in

1991 3829 2314 3899 quibusdam
2344 3830 2753 3899 exemplaribus
2773 3827 2839 3883 tle
2865 3827 3089 3882 ortuesia
3112 3826 3293 3882 ηικιιᾱὲ
3314 3828 3577 3899 scriptum

2002 3921 2331 3987 inveniatur,
2386 3920 2439 3977 id
2473 3920 2606 3976 nillil
2642 3920 2786 3977 aliud
2814 3935 2935 3977 esse
2961 3920 3213 3977 existimo
3245 3934 3406 3991 quam
3454 3935 3582 3976 cor-

1991 4023 2207 4087 ruptum
2229 4058 2244 4085 ,
2270 4031 2341 4071 es
2367 4013 2549 4071 verbis
2572 4012 2634 4069 de
2658 4014 2865 4068 miseria
2895 4014 3075 4069 mandi
3093 4056 3109 4082 ,
3140 4024 3193 4069 et
3224 4012 3368 4071 bunc
3390 4029 3576 4070 rerum

1988 4124 2115 4166 esse
2141 4108 2357 4165 titulum
2383 4127 2401 4174 ;
2429 4110 2686 4180 quoniam
2711 4106 2779 4163 ad
2812 4107 2965 4164 illum
2994 4118 3107 4164 toto
3126 4121 3225 4164 suo
3248 4121 3414 4178 opere
3436 4108 3574 4163 allu-

1990 4204 2067 4260 dit
2095 4210 2305 4273 auctor,
2330 4203 2419 4275 qui
2460 4202 2663 4259 nullam
2689 4201 2849 4257 aliam
2878 4202 2951 4258 ob
2976 4217 3195 4258 causam
3240 4211 3446 4273 septem
3477 4210 3574 4257 tios

1989 4298 2195 4367 libros,
2257 4299 2473 4355 bnrtutu
2546 4295 2829 4367 Augustini
2865 4337 2880 4360 ,
2949 4295 3303 4367 conscripsit,
3360 4293 3463 4351 nisi
3520 4308 3579 4351 ut

1984 4395 2295 4451 ostenderet
2324 4392 2425 4465 (ιι).
2477 4390 2751 4447 Μίεετὶιιιη
2811 4388 2996 4445 tnttndi
3044 4404 3147 4445 una
3178 4405 3302 4445 cum
3358 4399 3583 4460 peccato

1982 4503 2107 4546 esse
2137 4488 2347 4557 natam',
2381 4500 2556 4558 neque
2580 4500 2701 4540 cum
2731 4484 3057 4541 Christiania
3095 4482 3351 4555 religione
3392 4484 3447 4539 in
3478 4484 3580 4539 im-

1991 4582 2201 4653 perium
2234 4580 2535 4636 Itonianum
2576 4578 2891 4643 intrniissc,
2931 4575 3028 4633 sed
3073 4575 3143 4631 ab
3188 4574 3577 4646 antiquissimis

1985 4674 2338 4746 temporibus,
2370 4690 2465 4742 per
2488 4678 2795 4729 universum
2818 4681 3082 4728 terrarum
3105 4670 3293 4727 orbem
3320 4670 3577 4742 riguisse,

1986 4784 2162 4839 neque
2183 4782 2437 4838 umquam
2466 4766 2519 4820 in
2550 4764 2780 4837 imperio
2801 4762 3066 4830 Romano,
3082 4778 3207 4818 cum
3231 4762 3312 4819 vel
3339 4762 3572 4819 maxime

1984 4861 2202 4917 ﬂoreret
2224 4903 2237 4928 ,
2270 4860 2529 4915 defuisse.
3493 4901 3497 4904 .

2058 4953 2300 5011 Libellus
2330 4954 2506 5008 Urosii
2528 4995 2543 5019 ,
2576 4952 2666 5025 qui
2701 4950 3014 5007 inscribitur
3041 4948 3299 5022 Apologia
3320 4992 3337 5015 ,
3367 4947 3483 5005 sire
3507 4946 3579 5004 de

1987 5047 2215 5105 Arbitrii
2273 5046 2549 5102 Libertate
2598 5053 2783 5101 contra
2828 5042 3146 5115 Pelagianos
3178 5085 3194 5110 ,
3236 5042 3452 5112 proprie
3504 5038 3573 5097 ad

1990 5138 2261 5196 Historias
2286 5140 2402 5209 ejus
2433 5152 2541 5193 non
2571 5136 2836 5207 pertinet,
2868 5135 2963 5191 sed
2991 5151 3023 5189 a
3056 5133 3303 5191 Fabricio
3328 5136 3380 5188 in
3402 5134 3573 5189 altera

1994 5248 2157 5305 quam
2208 5232 2495 5288 adornavit
2547 5230 2817 5293 editione,
2873 5227 3149 5299 adjectus,
3199 5225 3456 5300 deinceps
3524 5226 3577 5281 iu

1994 5325 2218 5397 reliquis
2249 5338 2472 5395 quoque
2498 5322 2765 5395 apparuit.
2798 5321 2977 5393 Quare
3004 5320 3277 5383 noluimus
3298 5329 3352 5374 ut
3382 5336 3413 5374 a
3437 5333 3582 5375 lora

1993 5419 2096 5477 hac.
2144 5419 2394 5484 abesset,
2442 5417 2744 5489 ptazsertim
2772 5431 2895 5473 cum
2925 5416 3133 5487 insigne
3170 5414 3287 5486 ejus
3322 5414 3578 5485 temporis

1992 5516 2061 5571 sit
2103 5522 2539 5583 monumentum,
2584 5521 2641 5568 ct
2694 5528 2760 5567 es
2822 5509 3062 5581 Pelagii,
3097 5526 3217 5580 qua:
3268 5510 3574 5581 perierunt,

1990 5608 2234 5681 scriptis,
2288 5615 2570 5679 excenptas
2633 5606 2832 5662 habeat
2886 5603 3283 5676 portiunculas,
3326 5617 3391 5658 es
3457 5600 3578 5673 qni-

1993 5705 2093 5761 bus
2125 5700 2308 5758 feralia
2334 5701 2453 5773 ejus
2484 5699 2585 5755 riri
2616 5698 2871 5770 dogmata
2896 5712 3117 5771 cognost
3136 5706 3315 5752 untur.
3349 5692 3499 5749 Vale.

375 5871 451 5949 (α)
482 5873 592 5932 L55.
624 5889 678 5943 ι,
710 5891 824 5949 mp.
856 5889 894 5945 ι,
923 5893 979 5949 ν.
1012 5873 1045 5931 6
1074 5894 1087 5929 ε
1115 5874 1226 5949 Ego
1257 5872 1464 5931 initium
1506 5872 1736 5934 miseria:
1764 5872 2038 5932 hominum
2072 5868 2139 5926 ab
2184 5868 2337 5927 initio
2375 5866 2642 5942 peccantis
2694 5864 2931 5923 hominis
2976 5864 3176 5923 ducere
3203 5859 3432 5925 ins-itui,
3464 5866 3573 5913 etc.
