4052 6440
467 280 579 346 683

1926 399 2034 407 ..νς-.-

1505 271 1778 336 Ρλυιυε
1815 273 2105 335 οηοδιυε
2142 266 2671 332 οῑιῐωκοωυϋε.

3665 256 3792 320 6M

2036 380 3783 407 MM

878 543 1269 633 VARI/li
1342 539 2217 629 DEDICATIONES
2291 538 2441 623 ET
2515 534 3387 623 PIUEFATIONES.

1111 817 1446 877 EPISTULA

474 936 604 978 ιυυ.
637 932 896 975 τιιιιιουςτ
927 930 1248 974 νλιιιςιιίκςιε
1280 931 1346 970 AD
1383 927 1720 968 CLANSSIIIO§
1762 922 2063 968 ιιῖυονιςυιι

548 1009 621 1050 ΕΤ
640 1007 884 1048 ANDBEASI
908 1004 1245 1047 ουιιωιωωι
1264 1001 1692 1044 ενεετΑτιδςιιυῑ
1715 997 1919 1041 ιδοοωδ
1938 997 2068 1037 Λου-

541 1079 844 1121 ιεκεεητιςς
874 1076 1175 1118 ΡΑτιιιϋιοε.

536 1180 638 1249 Qui
664 1181 990 1251 scriptorum
1018 1178 1350 1232 monimenta
1373 1174 1683 1231 accuratius
1714 1171 2067 1241 introspicere

465 1284 522 1333 et
558 1289 623 1330 ea
655 1272 821 1329 veluti
862 1272 915 1328 in
956 1270 1121 1327 librili
1150 1268 1385 1327 solerter
1426 1268 1690 1324 collocata
1728 1265 2068 1336 perpendere

466 1368 775 1425 accuratius
805 1366 1120 1423 laborarunt
1154 1381 1168 1419 :
1200 1363 1585 1420 adulescentes
1615 1353 1901 1417 clarissimi
1928 1379 1940 1414 :
1972 1373 2068 1414 eos

464 1475 589 1518 esse
623 1456 1173 1516 commemlahiliores
1204 1455 1721 1528 prmstautinresque
1751 1466 1857 1507 non
1891 1451 2068 1505 minus

465 1568 597 1611 vero
622 1569 781 1625 quam
804 1552 1098 1625 prudenter
1119 1550 1627 1607 animadverterunt
1657 1564 1669 1601 :
1703 1545 1793 1617 qui
1817 1544 2068 1601 ﬁdelibus

470 1646 823 1704 historiarum
856 1645 1203 1702 monimentis
1243 1659 1332 1700 res
1377 1658 1407 1698 a
1443 1640 1747 1712 majoribus
1787 1638 2069 1708 insigniter

466 1752 681 1815 gestas:
704 1741 1043 1812 consiliaque
1068 1737 1411 1795 admirabilia
1437 1755 1450 1792 :
1475 1752 1541 1792 ac
1567 1732 2069 1804 reruminopinatos

468 1848 696 1896 eventus
735 1834 1024 1907 multiplici
1058 1834 1293 1908 quadam
1333 1832 1708 1903 exetnplornm
1749 1830 1903 1899 copia
1934 1839 2064 1882 exs-

465 1935 727 2006 cripsere.
767 1930 998 1988 Historia
1030 1930 1298 2003 siquidem
1333 1928 1517 1999 (quam
1542 1927 1734 1984 Cicero
1758 1966 1775 1993 ,
1801 1924 2066 1996 eloquen-

467 2028 557 2084 lizn
582 2040 782 2098 parens
813 2023 1129 2097 primarius,
1164 2018 1421 2093 temporis
1451 2028 1645 2076 testem
1675 2036 1690 2076 :
1719 2018 1895 2075 lucem
1925 2017 2070 2071 veri-

466 2121 594 2176 tatis
625 2138 638 2175 :
665 2120 829 2175 vitam
853 2118 1162 2183 memorim;
1211 2115 1455 2172 nuntiam
1494 2116 1777 2169 vetustatis
1804 2108 2066 2183 appellat)

2091 815 2139 876 Δ
2167 812 2547 883 cumSpiciant.
2582 812 2839 869 Homines
2868 793 3131 885 praeterea
3157 807 3226 867 ab
3246 807 3622 880 improborum
3655 804 3780 863 vita

2167 908 2504 971 absterrcri.
2534 908 2655 965 solo
2683 906 2846 965 etiam
2873 916 3021 963 metu
3049 905 3136 962 vel
3161 902 3474 970 dedecoris,
3513 900 3600 958 vel
3636 914 3780 972 snp-

2167 1002 2314 1075 plicii
2338 1004 2471 1058 satis
2499 1010 2732 1057 constat.
2766 999 2951 1069 Itaque
2979 997 3119 1068 apud
3151 995 3504 1053 Plutarchum
3530 991 3781 1065 legimus

2168 1097 2310 1154 hanc
2333 1096 2499 1152 fuisse
2518 1093 2944 1151 Laccdmmoniis
2964 1088 3439 1158 consuetudinem,
3473 1102 3571 1159 per
3594 1084 3779 1144 festos

2164 1191 2283 1249 dies
2314 1192 2451 1246 bene
2478 1202 2637 1263 potos
2664 1203 2853 1245 servos
2879 1226 2894 1256 ,
2942 1184 3171 1242 infames
3197 1182 3583 1255 cupedivoras,
3612 1179 3782 1238 vino-

2172 1286 2343 1342 lentia
2359 1284 2727 1347 dcmentatos,
2741 1281 3015 1339 adducere
3040 1280 3183 1336 inter
3202 1277 3600 1349 convivia,quo
3614 1277 3780 1336 vino-

2168 1397 2351 1438 siirum
2385 1379 2633 1451 exemplo
2665 1379 2925 1434 docerent
2967 1375 3368 1441 adulescentes,
3416 1382 3682 1446 quantum
3711 1372 3773 1428 in

2167 1493 2231 1534 se
2260 1477 2384 1532 mali
2414 1476 2765 1551 Spnrrissima
2791 1473 3027 1531 ebrietas
3049 1472 3376 1529 contineret.
3401 1467 3773 1539 Quamobrem

2170 1571 2755 1637 nihilconducibilius,
2780 1568 2910 1625 nihil
2931 1566 3295 1640 praestabilius
3323 1562 3575 1627 historia.
3600 1576 3765 1633 repo-

2170 1666 2265 1721 riri
2297 1677 2455 1735 posse
2485 1662 2860 1720 contenderim
2880 1703 2897 1730 ,
2936 1672 2994 1717 et
3024 1660 3227 1716 nullam
3253 1672 3378 1715 esse
3407 1656 3715 1714 facultatem
3746 1693 3770 1723 ,

2171 1760 2372 1816 nullam
2406 1756 2747 1829 disciplinam
2773 1801 2789 1827 ,
2820 1768 2941 1827 qua?
2971 1754 3022 1810 ei
3052 1753 3197 1810 velut
3223 1751 3365 1809 bene
3390 1748 3607 1807 vivendi
3647 1762 3773 1805 ma-

2170 1855 2353 1926 gistra:
2380 1868 2486 1909 non
2514 1854 2764 1909 cesserit.
2794 1852 2940 1907 Inter
2963 1864 3060 1906 eos
3099 1863 3231 1905 vero
3259 1848 3349 1917 qui
3378 1840 3775 1920 praestantissi-

2172 1964 2317 2004 mum
2343 1947 2444 2002 hoc
2460 1944 2731 2003 scribendi
2754 1960 2929 2017 genus
2953 1940 3250 2010 tradidere,
3268 1940 3490 1999 Paulum
3513 1938 3771 1998 Orosium

2169 2042 2443 2111 ﬂoruisse,
2473 2056 2541 2097 ac
2568 2040 2637 2097 de
2660 2040 2823 2097 rebus
2847 2036 3096 2094 humanis
3120 2036 3335 2109 egregie
3363 2035 3620 2093 meritum
3645 2047 3773 2090 esse

2170 2137 2335 2209 plane
2355 2134 2819 2201 concesserimus,
2840 2131 2934 2204 qui
2970 2129 3072 2187 etsi
3092 2127 3528 2185 conﬂictationes
3546 2123 3774 2199 generis

467 2228 533 2272 ea
577 2212 847 2269 ministrat
876 2212 1085 2268 affatim
1117 2229 1133 2267 :
1180 2210 1455 2281 copiosius
1480 2212 1753 2281 suggerit,
1792 2206 2066 2263 uberrime
2100 2218 2141 2279 Β
2172 2206 2390 2285 immani
2425 2243 2441 2285 ε
2473 2226 2801 2298 mpidimcs
2832 2240 2848 2281 ε
2880 2234 2935 2279 οι
2980 2222 3159 2279 varios
3185 2221 3555 2278 ca‘amimum
3599 2234 3769 2275 even,

470 2304 817 2378 suppeditat,
858 2304 1053 2376 quibus
1111 2303 1363 2360 homines
1399 2345 1416 2370 ,
1470 2304 1708 2374 insignes
1762 2302 2064 2372 priscorum

469 2414 649 2455 mores
671 2397 1033 2455 remulabuntli
1054 2396 1121 2453 ad
1144 2399 1359 2453 beatam
1387 2396 1550 2451 vitam
1575 2394 1872 2462 reddantur
1892 2405 1946 2450 et
1967 2409 2065 2467 pa-

470 2493 733 2562 ratiores,
778 2502 833 2548 et
888 2491 1296 2561 instructiores,
1354 2490 1644 2561 culpabilna
1693 2490 2068 2559 obscaenaqne

466 2586 611 2644 factu
640 2585 923 2644 vitabundi
954 2602 1061 2643 non
1105 2586 1465 2643 reformident
1498 2586 1614 2640 haec
1644 2584 1813 2653 adeo,
1850 2586 1942 2640 sed
1981 2583 2067 2640 fu-

466 2683 615 2755 giant
636 2726 651 2750 ,
678 2683 1037 2747 inscctentur,
1061 2680 1350 2752 despuant.
1378 2680 1563 2750 Neque
1585 2680 1730 2735 enim
1758 2678 2065 2749 posteritati

467 2777 751 2848 quisquam
779 2774 1103 2846 exquisitius
1123 2775 1413 2830 consulere
1443 2774 1645 2844 possit,
1694 2787 1870 2841 neque
1900 2787 1960 2827 ea
2012 2772 2063 2826 in

467 2869 744 2942 publicum
765 2868 955 2935 edere,
991 2868 1132 2925 unde
1157 2867 1260 2924 sibi
1286 2869 1465 2924 omnis
1495 2867 1658 2932 ordo,
1688 2880 1875 2931 sexus,
1908 2876 2062 2935 artas,

467 2962 553 3019 vel
585 2961 791 3030 majora
837 2961 1139 3018 litterarum
1182 2961 1537 3026 adminicula,
1567 2959 1658 3016 vel
1701 2959 2065 3030 topiosiorcm

465 3055 535 3111 ad
580 3054 932 3113 instruendus
984 3072 1165 3113 mores
1219 3057 1619 3127 supellcctilem
1670 3053 2064 3125 spoponderit,

467 3165 630 3222 quam
650 3150 932 3207 historiam
952 3194 967 3220 ,
998 3154 1050 3208 id
1078 3161 1164 3210 est
1189 3155 1501 3225 magistram
1528 3172 1542 3206 :
1574 3162 1630 3208 et
1659 3153 1851 3208 ducem
1882 3153 2022 3207 bene
2047 3191 2062 3217 ,

465 3259 531 3301 ac
566 3245 724 3302 beate
753 3246 1005 3313 vivendi,
1050 3249 1119 3305 de
1157 3264 1261 3319 qua
1290 3256 1347 3304 et
1383 3263 1563 3303 rerum
1594 3248 1837 3302 omnium
1868 3244 2067 3317 peritia

470 3340 721 3411 provenit
752 3357 766 3396 :
798 3348 858 3397 et
887 3356 949 3397 ea
978 3341 1305 3398 documenta
1329 3342 1546 3397 baurirc
1569 3352 1769 3410 queant
1797 3340 2063 3405 homines,

468 3435 664 3508 quibus
701 3436 785 3493 vel
821 3437 1080 3508 publicis,
1128 3437 1209 3493 vel
1256 3436 1482 3508 privatis
1511 3435 1815 3493 rationibus
1861 3436 2064 3491 utilitas

465 3532 729 3602 pariatur.
774 3530 928 3588 Nulla
959 3532 1248 3605 siquidem,
1291 3533 1402 3589 ulla
1447 3548 1513 3589 ex
1569 3543 1743 3605 parte,
1800 3530 2063 3587 litterario

2173 2336 2259 2382 tus
2305 2339 2369 2380 se
2412 2322 2742 2392 scripturum
2777 2319 3068 2389 pollicetur
3100 2333 3115 2372 :
3148 2315 3320 2371 nihilo
3361 2324 3541 2372 tamen
3584 2312 3769 2370 secius

2168 2428 2447 2489 perpetrm
2474 2415 2718 2472 historia:
2746 2413 2945 2469 seriem
2969 2453 2984 2476 ,
3029 2410 3098 2465 ab
3123 2407 3256 2465 orbe
3284 2405 3530 2472 condito,
3558 2403 3627 2461 ad
3656 2418 3770 2462 me-

2170 2512 2399 2569 moriam
2421 2525 2645 2565 suorum
2670 2517 2975 2579 temporum
2998 2519 3210 2561 summa
3232 2518 3355 2558 cum
3379 2502 3485 2559 fide
3507 2507 3595 2558 est
3613 2514 3766 2557 com-

2170 2606 2380 2679 plexus,
2414 2604 2785 2676 pestilentias,
2841 2610 3187 2656 tcrrmmoms
3211 2641 3227 2669 ,
3282 2594 3552 2652 inauditas
3582 2602 3765 2650 vasta-

2171 2703 2367 2766 tiones,
2398 2715 2558 2754 casus
2585 2698 3010 2768 inexspectatos,
3043 2705 3205 2763 atque
3235 2698 3552 2760 portentosa
3582 2702 3767 2745 rerum

2173 2794 2434 2851 miracula
2480 2809 2578 2863 pro
2606 2794 2688 2847 sui
2720 2790 2905 2860 aperis
2932 2788 3181 2845 instituto
3221 2786 3534 2844 conferens.
3578 2784 3767 2858 Neque

2169 2888 2495 2959 eloquentia:
2524 2885 2774 2939 laudibus
2801 2883 2998 2949 caruit,
3021 2880 3179 2952 cujus
3200 2878 3486 2952 perspicua
3510 2878 3766 2945 brevitas,

2178 2978 2582 3039 succulentiore
2602 2992 2787 3034 rerum
2811 2976 3123 3033 narratione
3138 2975 3487 3039 concinnata,
3513 2973 3770 3044 gravibus

2175 3074 2393 3147 quidem
2422 3069 3163 3138 sentemiiscumulatissima,
3190 3063 3771 3126 ctiuevimbilidistim

2170 3179 2257 3225 cta
2280 3173 2540 3225 varietate
2563 3165 2914 3238 Splcnilcscit,
2931 3162 3432 3236 eﬂ'ulgctqueatque
3455 3158 3770 3233 enimpelllt

2148 3264 2454 3328 lectorem,
2483 3269 2542 3317 ut
2569 3263 2659 3315 vix
2686 3260 2955 3316 existimet
2991 3267 3201 3314 tantum
3228 3251 3449 3313 dicendi
3472 3254 3767 3311 artiﬁcium

2169 3357 2435 3416 contineri
2460 3357 2513 3412 in
2541 3353 2647 3413 hoc
2667 3354 3018 3425 corpusculo.
3051 3351 3358 3411 Alexander
3394 3341 3769 3423 Aphrodiseus

2170 3452 2223 3508 in
2256 3450 2368 3508 suis
2398 3450 2749 3521 problematis
2780 3446 3059 3522 physicam
3099 3445 3263 3503 aﬂert
3300 3443 3611 3513 rationem,
3656 3443 3769 3500 Cur

2171 3543 2321 3601 brevi
2361 3550 2568 3599 statura
2605 3541 2855 3597 homines
2904 3537 3148 3613 proceris
3196 3550 3254 3596 ut
3301 3537 3599 3609 plurimum
3642 3543 3770 3594 sunt

468 3628 800 3684 monimenta
842 3628 967 3685 licet
1004 3628 1266 3702 reperiri,
1300 3642 1418 3701 qua:
1444 3626 1796 3683 historiarum
1837 3624 2063 3681 admini-

2172 3637 2554 3711 prudentiorcs
2582 3654 2596 3691 :
2628 3633 2897 3691 Nimirum
2923 3634 3047 3705 quia
3096 3634 3384 3708 constipata
3422 3644 3583 3706 atque
3625 3648 3768 3689 com-

465 3723 592 3780 culo
631 3740 738 3780 non
788 3722 1092 3798 indigeant,
1137 3740 1202 3781 ac
1220 3733 1410 3782 earnm
1443 3724 1669 3796 vestigia
1699 3739 1808 3779 non
1834 3737 2064 3781 exoscu-

467 3816 670 3874 Ientur.
690 3814 799 3874 Nec
824 3817 934 3887 jam
964 3817 1146 3891 legum
1169 3817 1368 3874 latores
1390 3818 1732 3890 pra-terimus
1758 3836 1769 3871 :
1793 3817 1882 3888 qui
1913 3828 2068 3872 men-

465 3911 598 3969 dose
644 3927 804 3968 suum
860 3927 1056 3970 munus
1102 3913 1468 3986 adimpleant,
1522 3915 1614 3987 qui
1670 3930 1771 3972 nec
1824 3913 2062 3970 ofﬁcium

467 4004 609 4062 bene
651 4005 999 4063 instituenda!
1036 4009 1275 4065 civitatis
1315 4018 1713 4081 exsequemur,
1746 4010 1850 4065 nisi
1880 4024 2062 4065 rerum

467 4110 742 4170 geStarum
776 4101 1143 4159 narrationem
1169 4104 1328 4174 plane
1354 4104 1631 4160 tenuerint
1658 4121 1670 4155 :
1702 4118 1770 4161 ex
1796 4118 1860 4159 ea
1880 4104 2067 4169 singu-

470 4194 644 4249 lorum
684 4208 867 4254 mores
892 4196 1060 4254 veluti
1092 4198 1145 4253 in
1180 4198 1487 4271 exemplari
1519 4216 1533 4253 :
1567 4209 1622 4256 et
1649 4198 1901 4253 humana:
1940 4196 2065 4255 vita:

466 4287 691 4358 speculo
712 4289 1035 4361 inspectttri,
1064 4291 1268 4364 quosiu
1291 4305 1456 4346 unum
1493 4297 1803 4347 contractos
1831 4291 2065 4347 circum-

465 4379 759 4451 spicienter
779 4382 1025 4452 eliciant,
1054 4393 1166 4440 tum
1193 4383 1429 4457 denique
1459 4384 1685 4448 electos,
1714 4384 1803 4455 qui
1827 4382 1891 4438 ad
1914 4395 2066 4439 com-

466 4488 687 4532 munem
731 4478 974 4534 omnium
1026 4478 1313 4536 utilitatem
1361 4478 1668 4549 prodcrint,
1715 4479 1767 4533 in
1820 4476 2062 4534 medium

466 4569 781 4641 proferant,
838 4583 1001 4646 atque
1047 4574 1407 4646 promulgant.
1468 4573 1577 4630 Sed
1621 4582 1677 4628 et
1721 4570 2062 4644 philosophia

465 4678 643 4737 neque
670 4666 740 4721 de
784 4667 1029 4723 moribus
1079 4675 1349 4740 pra'cepta
1403 4664 1710 4735 cXplicare,
1766 4680 1942 4733 neque
1994 4665 2062 4722 de

466 4772 648 4813 rerum
674 4756 1099 4815 domesticarum
1128 4775 1261 4825 usu,
1308 4774 1372 4814 ac
1403 4757 1473 4814 de
1504 4758 1693 4828 peritia
1725 4765 1837 4814 tota
1880 4756 2064 4829 reipu-

464 4849 620 4908 blica:
648 4851 1097 4909 administranda:
1126 4893 1141 4919 ,
1194 4851 1702 4923 constitueiiqune
1732 4852 1853 4907 sine
1883 4850 2063 4906 multi-

460 4944 588 5018 juga
611 4948 983 5018 exemplorum
1003 4948 1316 5003 narratione
1338 4962 1504 5019 agere
1518 4950 1649 5003 satis
1673 4946 1865 5019 possit:
1890 4959 2059 5019 quan-

2167 3741 2322 3805 pacta
2351 3731 2461 3787 illis
2492 3740 2566 3784 est
2597 3730 2773 3785 animo
2804 3729 2854 3784 in
2881 3729 3120 3784 universo
3147 3742 3385 3802 corpore.
3409 3724 3653 3783 Proceris
3677 3742 3766 3783 Ie-

2166 3845 2225 3883 ro
2248 3828 2301 3881 in
2335 3824 2712 3897 longitudinem
2735 3823 2956 3879 distenta
2978 3821 3274 3878 resolvitur.
3309 3820 3467 3893 Quod
3516 3823 3623 3880 hoc
3667 3834 3770 3879 suo

2166 3919 2412 3977 carmine
2435 3918 2758 3987 complexus
2782 3924 2867 3973 est
2894 3916 3151 3988 Papinius
3182 3933 3197 3975 :

2413 4010 2565 4076 Major
2589 4012 2640 4061 in
2658 4013 2842 4075 exiguo
2867 4011 3101 4076 regnabat
3124 4021 3341 4075 corpore
3358 4007 3535 4063 virtus.

2166 4099 2506 4171 Quapropter
2525 4096 2792 4152 llomerus
2815 4094 3029 4153 Ulixem
3058 4096 3303 4161 brevem,
3327 4108 3393 4151 ac
3413 4093 3763 4166 prudentem,

2169 4192 2390 4265 Ajacem
2426 4203 2556 4247 vero
2582 4201 2896 4260 procerum,
2929 4202 2994 4244 ac
3019 4186 3359 4244 stolidiorcm
3387 4185 3674 4245 describit.
3702 4185 3766 4243 In

2167 4289 2314 4361 quod
2339 4287 2589 4359 equidem
2619 4286 2925 4362 problema,
2958 4284 3124 4342 veluti
3150 4285 3203 4340 in
3235 4282 3622 4341 diverticulum
3652 4297 3763 4341 non

2168 4381 2376 4436 invitus
2416 4380 2700 4443 transilui,
2739 4390 2888 4435 ratus
2918 4378 3166 4434 eamdem
3196 4376 3383 4435 afferri
3429 4375 3762 4435 solutionem

2169 4472 2237 4531 ile
2268 4472 2556 4546 prudentia
2589 4473 2763 4531 nostri
2796 4472 3227 4546 Historiographi
3247 4515 3264 4542 ,
3314 4472 3403 4544 qui
3436 4473 3492 4529 in
3526 4469 3633 4530 hoc
3660 4485 3765 4530 suo

2170 4569 2329 4625 brevi
2361 4582 2525 4640 opere
2549 4582 2644 4625 res
2673 4576 2755 4623 tot
2794 4567 3087 4624 retroaetis
3120 4566 3335 4623 sa-culis
3354 4574 3540 4639 gestas
3567 4566 3763 4638 ampli-

2169 4670 2253 4717 ter
2274 4659 2570 4728 describit,
2597 4659 2917 4717 brevitatem
2943 4674 3120 4732 neque
3146 4656 3441 4717 obscuram
3471 4673 3650 4733 neque
3674 4660 3763 4732 je-

2166 4758 2351 4829 jnnam
2373 4755 2673 4812 observans
2698 4794 2711 4822 ,
2744 4752 2841 4810 sed
2864 4767 2985 4825 quae
3005 4762 3211 4824 quanto
3246 4749 3605 4824 suppressior
3635 4760 3722 4809 est
3739 4793 3757 4820 ,

2170 4861 2326 4907 tanto
2354 4858 2441 4907 est
2469 4849 2789 4921 prudentior
2810 4889 2827 4916 ,
2853 4857 2909 4904 et
2935 4848 3288 4906 luculentior.
3323 4846 3618 4907 Enimvero
3654 4861 3760 4923 ego

2167 4945 2287 5019 ipse
2311 4948 2495 5004 multis
2521 4946 2688 5003 rebus
2716 4944 3105 5011 subiuvitatus,
3135 4944 3514 5004 adulescentes
3540 4957 3760 5020 specta-

464 5036 757 5111 doquidem
777 5041 1197 5111 conducibilius,
1219 5039 1604 5111 efficaciusque
1620 5039 1851 5097 docendi
1887 5053 2060 5112 genus
2090 5036 2136 5099 D
2164 5042 2361 5098 tissimi
2384 5085 2400 5106 ,
2423 5053 2520 5123 vos
2548 5054 2747 5097 moneo
2764 5080 2780 5108 ,
2813 5050 2871 5096 et
2913 5038 3129 5107 hortor,
3155 5047 3217 5095 ut
3243 5040 3758 5112 prastautissimum

462 5150 564 5209 per
582 5136 853 5207 cmmpla,
876 5152 1037 5209 quant
1066 5150 1162 5208 per
1180 5134 1506 5191 documenta
1534 5149 1680 5201 esse,
1706 5149 1867 5191 nemo
1893 5134 2057 5191 homo

466 5243 572 5284 non
616 5229 784 5285 novit.
818 5228 1016 5285 Natura
1044 5226 1190 5283 enim
1220 5237 1591 5299 comparatum
1624 5235 1741 5293 est,
1788 5235 1847 5282 ut
1876 5226 2059 5283 excel—

464 5321 694 5380 leutium
744 5323 984 5380 virorum
1022 5320 1296 5393 exemplis
1339 5322 1674 5380 advocentur
1706 5321 1954 5377 homines
1989 5319 2055 5376 ad

463 5416 702 5476 studium
732 5417 951 5490 glorias:
997 5426 1057 5475 et
1094 5416 1306 5484 allecti,
1356 5432 1465 5474 non
1496 5417 1599 5474 nisi
1637 5432 1759 5489 qua:
1796 5418 2058 5489 prmclara

465 5513 575 5569 sint
604 5521 663 5570 et
702 5515 949 5583 honesta,
997 5514 1082 5568 vel
1127 5511 1325 5569 imitari
1353 5512 1634 5578 studeant,
1684 5511 1774 5567 vel
1819 5511 2055 5583 assequi.

464 5604 577 5664 Usu
605 5622 818 5678 quoque
849 5608 998 5663 venit
1025 5616 1085 5663 ut
1108 5605 1466 5663 humanarum
1508 5620 1694 5662 rerum
1723 5605 2057 5661 vicissitudi-

466 5714 589 5755 nem
618 5699 1094 5772 contemplabundi
1125 5715 1137 5753 :
1166 5696 1384 5755 ﬂantem
1411 5740 1428 5767 ,
1471 5696 1864 5768 reﬂantemqne
1896 5699 2057 5754 toties

464 5791 735 5852 fortunam
764 5795 975 5852 alterna
1004 5794 1247 5852 velorum
1276 5793 1640 5866 explicatione
1674 5792 2051 5861 moderentur,

466 5887 745 5963 ipsiusque
788 5889 1048 5949 variantis
1095 5887 1324 5949 fortunae
1369 5888 1616 5948 incursus
1663 5886 1900 5948 solerter
1941 5889 2049 5946 cir-

2162 5136 2268 5194 hoc
2295 5150 2435 5211 opus
2470 5135 2631 5192 vobis
2654 5131 2975 5192 nominatim
3010 5132 3319 5191 dedicatum
3342 5177 3357 5201 ,
3387 5134 3550 5192 hilari
3579 5134 3755 5202 vultu.

2160 5241 2215 5289 et
2242 5248 2433 5305 serena
2467 5230 2644 5288 fronte
2664 5228 3010 5301 suscipiatis:
3043 5229 3272 5286 multum
3298 5228 3426 5287 inde
3448 5227 3760 5301 iucundita-

2162 5326 2252 5391 tis,
2276 5326 2505 5381 mnltum
2537 5323 2913 5387 emolumenti,
2945 5334 3049 5381 nec
3084 5322 3264 5379 minus
3290 5322 3642 5379 beatitudinis
3668 5337 3759 5381 re-

2161 5418 2449 5492 portaturi.
2494 5418 2641 5489 Opus
2694 5426 2780 5474 est
2828 5417 2978 5474 enim
3026 5431 3134 5474 non
3189 5417 3368 5475 minus
3405 5416 3751 5491 frugiierunt,

2162 5529 2323 5585 quant
2384 5512 2784 5583 voluptiiicum,
2838 5510 2927 5566 cui
2984 5508 3237 5581 equidem
3279 5510 3755 5569 annotatiuucuias

2162 5607 2447 5663 chartatim
2476 5606 2531 5662 in
2569 5604 2908 5676 marginibus
2938 5604 3159 5673 ascripsi
3185 5642 3203 5671 ,
3233 5612 3288 5659 et
3308 5616 3501 5661 earum
3528 5615 3757 5676 eumpo-

2163 5701 2243 5755 sui
2266 5698 2588 5757 litterarium
2616 5696 2854 5756 indicem
2877 5738 2891 5764 ,
2925 5695 2981 5750 ui
3014 5694 3124 5751 illis
3153 5706 3470 5768 argumenta
3491 5711 3755 5756 occurre-

2160 5800 2287 5850 rt-nt
2313 5795 2451 5849 scitu
2487 5791 2788 5865 patentiora
2815 5833 2829 5857 ,
2860 5788 2965 5845 hoc
2993 5802 3124 5844 vero
3166 5790 3361 5847 fierent
3389 5789 3633 5849 faciliora
3661 5805 3754 5848 re-

2160 5897 2349 5960 pcrtu;
2390 5886 2486 5945 fuit
2535 5878 2626 5944 hic
2669 5884 2823 5943 labor
2862 5895 2993 5940 sane
3041 5890 3150 5940 non
3201 5882 3530 5955 iniucundus
3576 5881 3752 5957 mihi,
