4052 6440
282 253 393 313 6ιὸ

1188 260 1421 318 VABIrE
1462 258 1969 319 DEDICATIONES
2012 261 2100 318 ET
2142 260 2660 320 PRAiFATlONES.

3472 262 3578 321 HG

283 372 626 430 existimanti
659 374 763 432 hoc
793 384 952 449 pacto
982 391 1160 449 operae
1195 384 1426 449 pretium
1467 381 1729 435 facturum
1762 393 1877 445 me,
1908 379 1957 439 Α
1989 379 2336 443 Γῦβᾶς¹ῖιιιιϊιο
2364 381 2445 437 vel
2474 381 2568 434 toti
2592 379 2810 435 demum
2846 378 2962 434 orhi
2995 387 3317 449 patesceret,
3344 382 3576 436 sanctis-

283 467 446 539 idquc
476 470 942 541 promulgaturum
974 515 988 537 ,
1012 488 1118 542 quo
1149 482 1332 528 vestra
1362 474 1599 529 eruditio
1628 472 1878 527 nonnihil

278 560 635 630 adjuvantur
664 562 731 619 ad
762 566 1083 633 praeclarum
1112 575 1169 621 et
1193 567 1434 634 virtutis,
1468 575 1525 622 et
1556 567 1879 623 litteratura:

282 649 560 725 fastigium
606 654 1041 725 adipiscendum.
1081 657 1269 715 Valete
1312 668 1369 715 ct
1412 659 1551 715 hanc
1598 659 1877 730 operulam

277 747 387 801 mei
428 747 482 802 in
530 763 627 803 vos
655 750 861 806 amoris
896 765 959 807 ac
1007 754 1370 810 observantia:
1416 764 1608 812 testem
1653 753 1877 826 perenni

277 837 466 897 etudio
496 839 853 900 confoveatis.

923 940 1264 999 EPISTOLA

452 1026 675 1087 Joauats
702 1030 935 1090 Cssamt
978 1051 1045 1090 an
1075 1036 1359 1095 Gnonctuu
1404 1054 1434 1094 it
1474 1036 1665 1095 Scuta.

272 1140 479 1220 lllttstri
511 1158 890 1220 generosoquc
918 1151 1037 1207 viro
1066 1152 1298 1209 Domino
1324 1154 1571 1211 Gconcto
1610 1172 1643 1211 Α
1686 1153 1874 1220 Scuta,

348 1217 647 1296 erittclyta
678 1231 731 1275 et
762 1217 1021 1296 prajclara
1052 1228 1315 1281 comitum
1347 1243 1376 1280 a
1408 1226 1767 1296 Vittgenstein
1798 1217 1877 1281 fa?-

349 1288 499 1363 ntilia
526 1288 1028 1363 ,‘metro‘polttattat
1060 1297 1305 1353 ecclesia:
1328 1288 1671 1355 Colottiettsis
1701 1314 1869 1354 eano-

352 1360 488 1440 t_tico
540 1359 1078 1440 arcbigrammateo,
1132 1369 1385 1425 divorum
1443 1371 1677 1427 Patrocli
1732 1370 1874 1440 apud

347 1429 606 1517 Susatum
646 1429 784 1517 haud
817 1429 1072 1517 ignobile
1092 1440 1421 1517 Vestpltalim
1450 1443 1741 1517 oppidum,
1765 1429 1871 1497 Ce-

348 1510 644 1582 reottis,_ae
676 1510 1057 1580 Apostolorum
1098 1510 1237 1582 apud
1270 1510 1552 1570 Coloniam
1597 1516 1749 1581 item,
1784 1529 1876 1568 ur-

352 1573 491 1654 bem
513 1573 775 1637 Ubiorum
811 1573 1340 1653 iamigeratis'simam
1364 1632 1378 1654 ,
1407 1573 1764 1643 ecclesiarum
1788 1602 1878 1640 ar-

347 1648 697 1718 chidiacono,
749 1648 1061 1730 praeposito,
1106 1656 1331 1730 domino
1369 1648 1435 1713 et
1473 1667 1705 1730 patrono
1750 1673 1875 1725 suo,

632 1739 793 1797 quam
824 1727 1118 1796 plutitnum
1147 1727 1512 1799 observando,

704 1828 943 1901 Joaaxes
970 1844 1273 1913 Cszsamus,
1300 1848 1361 1903 S.
1394 1848 1457 1903 Ι).

346 1958 515 2015 Divus
556 1959 811 2017 Aurelius
841 1961 1207 2031 Augustinus,
1258 1964 1342 2018 vir
1374 1973 1575 2034 przelcr
1602 1962 1769 2019 animi
1800 1965 1878 2019 lc-

268 2052 502 2108 ttitatem
529 2092 547 2121 ,
577 2068 739 2126 quam
766 2054 881 2124 jam
912 2052 1040 2112 inde
1070 2073 1099 2108 a
1142 2058 1314 2127 prima
1345 2055 1718 2112 adolescentia
1760 2071 1875 2128 pra:

266 2158 335 2201 se
366 2145 492 2201 tulit
517 2161 759 2219 semper,
787 2160 851 2203 ac
879 2160 1145 2222 perpetuo
1168 2150 1426 2215 servavit,
1455 2160 1567 2206 tum
1590 2159 1647 2206 ct
1673 2161 1873 2221 praeter

268 2242 403 2299 vita:
429 2245 848 2299 sanctimoniam
868 2284 885 2309 ,
915 2260 1020 2314 qua
1048 2260 1172 2300 mox
1204 2255 1324 2315 post
1368 2247 1488 2315 ejus
1513 2246 1580 2300 ad
1604 2246 1869 2302 Christia-

268 2341 513 2397 nismum
550 2344 974 2400 conversionem
999 2384 1015 2409 ,
1050 2344 1417 2399 inclarescere
1458 2352 1701 2413 coeperat
1731 2342 1873 2414 apud

278 2436 457 2493 Deum
485 2446 541 2494 et
571 2436 845 2504 homines,
876 2453 939 2494 ac
956 2437 1156 2495 deinde
1186 2438 1471 2509 insigniter
1488 2440 1707 2505 claruit,
1741 2439 1871 2494 dum

268 2529 407 2586 visit
432 2576 447 2599 ,
483 2531 663 2602 magni
712 2546 846 2587 sane
881 2532 1071 2601 judicii
1104 2532 1233 2599 fuit,
1278 2548 1401 2588 cum
1451 2532 1505 2588 in
1538 2530 1780 2603 profanis
1814 2537 1871 2586 et

268 2624 655 2693 secularibus,
689 2635 800 2681 tttnt
834 2628 885 2681 in
919 2625 1117 2682 divinis
1140 2627 1413 2697 przecipue
1437 2636 1492 2682 et
1523 2628 1693 2681 sacris
1726 2626 1874 2679 litte-

270 2718 378 2782 ris,
405 2734 569 2790 quas,
601 2728 954 2789 posteaquam
988 2720 1204 2775 Christo
1236 2720 1287 2774 itt
1316 2735 1472 2775 sacro
1501 2720 1869 2791 lontcnomen

271 2811 526 2880 dederat,
558 2812 981 2884 diligentissime
1004 2821 1274 2872 scrutatus
1293 2814 1579 2881 est,volvit
1601 2822 1764 2881 atque
1787 2826 1873 2866 rc-

272 2904 467 2971 volvit,
506 2913 563 2961 et
599 2904 654 2961 iu
687 2906 773 2961 his
801 2906 1138 2963 clueidandis
1162 2907 1610 2977 exponendisque
1638 2921 1745 2960 non
1776 2919 1866 2961 sc-

266 2999 455 3070 gniter
476 3010 729 3056 versatus
754 3000 1075 3057 innumeros
1099 3017 1268 3073 prope
1298 3002 1468 3056 hhros
1499 3016 1527 3054 a
1557 3016 1618 3056 se
1636 3000 1871 3070 scriptos

268 3093 512 3164 posteris
536 3095 775 3166 reliquit.
804 3095 903 3152 llic
928 3096 1201 3169 (inquam)
1232 3112 1353 3152 cutn
1383 3098 1524 3152 inter
1553 3096 1658 3150 alia
1688 3096 1866 3150 studia

269 3202 397 3260 qua:
437 3189 724 3260 tractabat,
761 3191 813 3246 in
842 3190 1094 3246 manibus
1136 3190 1362 3247 haberet
1402 3195 1865 3258 componeretque

268 3281 480 3354 grande
506 3281 637 3338 ilhtd
684 3296 854 3354 opus,
896 3284 1013 3340 sive
1039 3282 1486 3353 volttmen.quod
1532 3282 1600 3337 de
1636 3279 1869 3336 Civitate

272 3374 372 3433 Dei
401 3374 703 3447 inscripsit,
721 3377 854 3434 etin
885 3378 1054 3435 libros
1082 3378 1274 3449 viginti
1295 3377 1433 3433 duos
1460 3376 1706 3447 digessit,
1733 3390 1873 3445 qtto-

271 3484 396 3525 rum
428 3470 481 3526 in
510 3470 787 3540 prioribus
816 3471 1036 3543 quidem
1066 3472 1260 3528 decem
1288 3471 1601 3528 acutissime
1629 3471 1872 3541 disputat

270 3573 464 3622 contra
516 3565 809 3635 inﬁdeles,
859 3583 997 3639 quos
1045 3569 1207 3636 volgo
1250 3581 1491 3638 paganos
1542 3573 1761 3632 meant,
1815 3572 1875 3618 et

268 3658 567 3719 Christiani
589 3664 825 3719 nominis
846 3664 1053 3729 hostes,
1078 3662 1172 3734 qui
1196 3661 1428 3719 Romani
1460 3659 1673 3731 imperii
1694 3658 1875 3714 immi-

271 3764 494 3812 nentem
540 3756 775 3823 ruinam,
808 3765 865 3811 ut
901 3756 1045 3827 quod
1090 3771 1187 3826 per
1218 3755 1270 3811 id
1302 3753 1568 3825 temporis
1600 3752 1865 3808 inclinare

270 3856 517 3918 eruperat
537 3890 555 3915 ,
580 3846 908 3905 Christiatuc
932 3848 1119 3918 pietati
1152 3848 1389 3919 fideique
1414 3857 1465 3904 ct
1486 3845 1737 3916 religioni
1767 3844 1869 3900 im-

270 3941 557 4012 putabant.
588 3941 646 3997 ιη
683 3942 883 4013 quibus
914 3941 1144 4013 proinde
1174 3941 1330 3998 libris
1370 3942 1455 3997 vir
1494 3940 1585 3999 ille
1616 3940 1876 4011 gravissi-

271 4035 381 4092 mis
406 4034 837 4107 certissimisque
866 4051 932 4092 ex
964 4036 1206 4108 probatis
1246 4036 1595 4092 historiarum
1638 4034 1874 4105 scripto-

274 4128 428 4184 ribus
468 4127 772 4202 desumptis
821 4130 1178 4197 testimoniis,
1220 4129 1346 4186 illos
1406 4130 1653 4186 confutet
1706 4137 1869 4199 atque

272 4224 569 4291 convincit,
598 4226 765 4281 immo
793 4225 1227 4282 ltteulentissitt:e
1249 4223 1486 4281 ostendit
1505 4222 1874 4280 demonstrat-

272 4332 401 4389 que,
453 4334 564 4375 non
614 4334 815 4375 notum
857 4317 992 4387 lore,
1033 4327 1127 4375 aut
1160 4318 1324 4375 etiam
1364 4331 1462 4388 pro
1488 4315 1753 4373 miraculo
1782 4312 1871 4368 Ita-

270 4410 540 4478 bcndum,
572 4412 875 4469 Romanum
908 4415 1193 4483 imperium
1221 4413 1525 4470 desiturum
1551 4410 1867 4482 aliquando,

268 4519 363 4560 aut
386 4515 537 4565 certe
552 4505 932 4563 inclinaturum
955 4525 967 4561 :
990 4522 1112 4564 cum
1134 4508 1440 4564 clarissime
1462 4516 1699 4571 constet,
1720 4503 1863 4576 apud

271 4599 621 4657 historiarum
673 4602 1092 4674 annaliumque,
1141 4602 1309 4657 immo
1349 4611 1406 4658 et
1459 4599 1865 4657 Chronicorum

269 4694 604 4766 scriptores,
644 4695 715 4753 ab
761 4694 1078 4768 eisdemque
1117 4696 1396 4752 memoria:
1448 4693 1725 4766 proditum
1770 4695 1865 4758 sit,

270 4802 441 4859 regna
462 4798 516 4844 et
550 4790 775 4859 imperia
808 4790 1038 4845 subinde
1067 4790 1149 4847 vel
1179 4791 1440 4845 subversa
1484 4785 1750 4853 funditus,
1779 4787 1868 4843 vel

273 4882 535 4939 translata
578 4882 745 4941 luisse
775 4903 788 4939 :
817 4894 875 4939 ut
916 4884 965 4939 si
991 4884 1115 4956 quis
1136 4883 1382 4956 exempla
1414 4892 1581 4953 petat,
1615 4885 1868 4955 As~yrio—

272 4992 416 5044 rum,
444 4977 748 5044 Medorum,
772 4978 1086 5047 Persarum,
1116 4978 1468 5035 Macedonum
1499 4978 1616 5033 sive
1641 4977 1867 5034 Grzeco-

271 5086 415 5138 rum,
468 5071 633 5128 etiam
680 5072 783 5127 sub
832 5071 968 5127 falsa
1012 5072 1107 5128 illa
1136 5072 1424 5143 rcl'gione,
1456 5088 1579 5143 quae
1605 5072 1697 5127 ditt
1739 5082 1865 5128 ante

268 5164 472 5224 Christi
516 5166 818 5223 Salvatoris
859 5167 1032 5223 nostri
1064 5166 1357 5222 adventum
1387 5165 1699 5221 universum
1726 5180 1865 5237 pene

269 5259 457 5316 orbem
480 5268 773 5329 occuparat
796 5271 960 5330 atque
992 5260 1262 5315 illuserat.
1290 5260 1421 5325 Qum
1446 5260 1699 5314 nimirum
1731 5260 1861 5331 quid

266 5351 414 5406 aliud
445 5350 676 5420 (qumsol
709 5350 833 5415 fuit,
858 5366 1021 5421 quant
1059 5351 1319 5406 lalsorutn
1345 5349 1594 5415 deorum,
1627 5352 1743 5405 sive
1771 5368 1863 5405 vc-

268 5448 383 5504 ritts
410 5446 720 5501 dmmonum
746 5487 762 5512 ,
792 5443 967 5499 cultus
996 5445 1419 5499 exitiosissimus
1444 5445 1467 5498 ?
1494 5444 1762 5500 Czeterum
1790 5460 1859 5503 ne

265 5540 451 5609 impiis
489 5539 593 5596 illis
621 5550 680 5594 et
708 5538 1045 5609 blasphemis
1069 5538 1395 5593 Christiana:
1426 5537 1706 5608 religionis
1732 5551 1863 5593 oso—

265 5634 421 5692 ribus
464 5643 518 5689 et
562 5631 1024 5688 conviciatoribus
1060 5642 1373 5701 superesset
1402 5628 1720 5701 quidquam,
1750 5645 1861 5700 quo

265 5742 419 5783 suam
468 5724 620 5782 illam
648 5724 919 5781 vafritiam
967 5734 1021 5779 et
1072 5724 1412 5793 versipellem
1455 5725 1718 5778 malitiam
1777 5738 1842 5779 ac

268 5817 709 5879 maledicentiam
744 5816 1011 5877 adversus
1034 5816 1376 5877 Christianos
1417 5821 1563 5890 ipsos
1592 5828 1858 5890 prtctexeo

1985 475 2106 527 sithi
2130 474 2247 543 ejus
2264 473 2362 530 viri
2385 484 2492 529 tam
2522 474 2668 545 pium
2695 472 3002 529 institutum
3030 491 3136 529 non
3156 489 3275 530 esse
3301 474 3573 542 frivolum,

1982 566 2287 621 inhortatos
2324 578 2407 623 est
2454 569 2595 623 idem
2638 569 2722 621 vir
2752 568 2976 623 Paulum
3006 567 3257 624 Orosium
3291 568 3573 641 presbyte-

1982 674 2122 728 rum,
2150 660 2355 725 virum,
2400 676 2497 731 per
2528 676 2592 717 ea
2626 670 2872 731 tempora
2922 661 3024 717 sibi
3060 663 3305 732 apprime
3341 661 3575 718 familia-

1979 767 2094 808 rem
2124 795 2138 818 ,
2168 766 2223 810 et
2272 756 2323 809 in
2359 755 2594 810 lectione
2631 754 2981 809 historiarum
3012 756 3575 824 exercitatissimum,

1981 856 2040 902 ut
2065 848 2131 901 ab
2162 848 2295 904 orbe
2324 848 2544 903 condito
2570 847 2837 903 llistorias
2861 859 3156 905 contexere
3187 849 3579 919 aggrederetur

1980 943 2047 997 ad
2073 958 2169 999 sua
2204 958 2374 1008 usque
2399 954 2667 1014 tempora,
2695 944 2834 999 unde
2860 943 3075 1001 tandem
3101 945 3347 999 tnalediei
3374 943 3450 999 illi
3478 943 3579 1002 Ito-

1981 1038 2158 1093 mincs
2183 1038 2269 1095 vel
2304 1040 2454 1094 intiti
2504 1039 2867 1111 intelligerent
2919 1050 3424 1111 cognoscerentque
3468 1052 3577 1095 non

1978 1132 2343 1187 (lltristianam
2369 1132 2685 1202 religionem
2719 1134 2772 1188 in
2798 1146 2961 1188 causa
2984 1146 3129 1198 esse,
3157 1133 3304 1203 quod
3322 1131 3434 1202 jam
3461 1143 3574 1188 tum

1981 1223 2282 1279 Romanum
2325 1226 2615 1295 imperium
2647 1225 2916 1281 inclinare
2946 1226 3241 1294 videretur,
3272 1227 3367 1282 sed
3402 1225 3578 1282 homi-

1980 1334 2108 1375 num
2132 1321 2311 1390 potius
2331 1321 2515 1392 gravia
2540 1320 2914 1391 horrendaque
2942 1320 3151 1377 scelera
3176 1329 3336 1390 atque
3362 1315 3561 1390 ﬂagitia

1983 1412 2146 1483 idque
2192 1413 2334 1467 haud
2383 1412 2550 1470 dubie
2608 1411 2789 1468 divina
2838 1412 3182 1483 providentia
3252 1414 3334 1468 sic
3389 1411 3573 1482 dispo-

1981 1516 2145 1561 nente
2173 1516 2223 1561 et
2258 1506 2576 1561 moderante
2606 1504 2787 1561 omnia
2817 1519 2917 1577 pro
2946 1521 3046 1561 suo
3079 1514 3211 1561 nutu
3242 1505 3308 1561 ad
3328 1517 3577 1560 commu-

1981 1616 2103 1656 nem
2182 1616 2399 1670 semper
2461 1601 2681 1655 humani
2739 1601 2957 1673 generis
3010 1600 3283 1667 salutem,
3348 1599 3578 1671 ejusque

1983 1694 2447 1750 emendationem.
2476 1692 2704 1749 Orosius
2737 1693 2897 1764 igitur
2924 1693 3059 1749 tanti
3081 1693 3179 1749 viri
3212 1692 3451 1750 hortatui
3478 1704 3578 1748 seu

1906 1787 1953 1848 B
1981 1788 2157 1860 potius
2182 1794 2455 1859 prmcepto
2482 1788 2567 1859 (ot
2586 1795 2642 1842 et
2668 1788 2783 1858 ipsc.
2811 1786 2878 1843 de
2902 1801 2958 1842 se
2980 1784 3035 1843 in
3063 1787 3243 1857 Operis
3270 1784 3355 1842 sui
3382 1782 3577 1857 praefa-

1981 1885 2127 1939 tione
2157 1885 2393 1955 ingenue
2423 1882 2682 1953 testatur)
2723 1898 2831 1938 non
2860 1882 3095 1938 illohens
3122 1881 3326 1955 paruit,
3351 1880 3577 1938 tametsi

1981 1978 2033 2033 id
2077 1978 2180 2033 sibi
2218 1977 2437 2033 tlillieile
2461 1976 2751 2031 admodum
2795 1976 2910 2032 fore
2946 1978 3198 2043 sentiret,
3240 1988 3302 2032 ac
3332 1975 3581 2046 protinus

1978 2084 2274 2142 aggressus
2320 2070 2577 2125 historias
2615 2070 3002 2133 conscribere,
3042 2084 3139 2140 per
3166 2068 3336 2124 libros
3365 2076 3578 2139 septem

1985 2164 2053 2219 ab
2079 2165 2287 2233 origine
2319 2166 2502 2221 mundi
2532 2180 2795 2233 exorsus,
2832 2165 3079 2221 collectis
3111 2164 3351 2235 undique
3382 2162 3465 2236 (ut
3487 2170 3575 2219 est

1990 2257 2310 2329 verisimile)
2341 2259 2653 2321 annalibus,
2678 2257 3000 2327 adjtttttsque
3031 2256 3410 2329 proculdubio,
3438 2268 3579 2329 quos

1979 2362 2107 2408 ante
2136 2366 2196 2408 se
2235 2353 2450 2419 habuit,
2487 2352 2767 2407 historicis
2804 2353 3025 2408 minime
3070 2350 3386 2423 vulgaribus
3410 2389 3428 2417 ,
3475 2361 3573 2407 eos

1979 2444 2129 2515 ipsos
2153 2444 2322 2499 libros
2347 2455 2559 2515 septem
2587 2446 2637 2498 itt
2669 2459 2804 2512 opus
2834 2444 3060 2515 redegit,
3094 2444 3341 2514 profecto
3371 2454 3430 2498 ut
3461 2457 3571 2499 non

1980 2536 2280 2607 inelegans,
2316 2539 2387 2592 ita
2429 2552 2529 2592 nec
2568 2538 2779 2593 caeteris
2822 2537 3172 2592 historiarum
3215 2535 3576 2606 scriptoribus

1979 2630 2137 2697 longe
2170 2629 2607 2699 postponendttnt
2641 2646 2654 2682 :
2695 2630 2824 2699 quin
2865 2630 3071 2685 eisdem
3103 2629 3157 2684 itt
3188 2628 3294 2685 hoc
3322 2626 3575 2685 fortassis

1978 2720 2399 2791 praeferendum,
2431 2722 2573 2793 qttod
2603 2722 2799 2792 ubique
2823 2731 3014 2777 auctor
3035 2722 3153 2793 ipse
3180 2721 3234 2776 itt
3262 2730 3377 2777 toto
3404 2734 3574 2792 Opere

1978 2813 2071 2867 illo
2100 2828 2218 2878 suo,
2245 2828 2369 2868 cum
2395 2829 2577 2870 rerum
2607 2827 2882 2884 gestarum
2907 2816 3243 2879 narratione,
3270 2824 3577 2885 temporum

1979 2920 2355 2976 annorumque
2398 2906 2750 2960 collationem
2781 2948 2795 2971 ,
2852 2907 3403 2977 sttpputationentquc
3445 2921 3579 2961 con-

1972 3002 2187 3072 junxit;
2220 3010 2488 3071 quatenus
2530 3018 2636 3057 non
2673 3002 2821 3071 parvi
2865 3002 3051 3067 refert,
3084 3016 3228 3066 eum,
3254 3000 3345 3072 qui
3375 3015 3463 3056 res
3484 3000 3569 3056 di-

1976 3100 2151 3154 versis
2175 3107 2355 3170 gestas
2398 3099 2734 3169 temporibus
2770 3112 3100 3169 cognoscere
3126 3096 3331 3163 studet,
3363 3104 3576 3168 tempoo

1924 3190 1945 3215 ‘
1978 3210 2096 3249 rum
2127 3210 2345 3266 quoque
2377 3194 2654 3264 ipsorum,
2682 3194 2883 3264 quibus
2924 3208 3011 3250 res
3053 3192 3160 3248 illa:
3201 3201 3371 3264 gesta:
3412 3199 3578 3262 sunt,

1973 3296 2181 3342 certam
2228 3287 2388 3343 simul
2431 3286 2701 3343 rationem
2742 3286 3294 3358 obset'vatimtemque
3347 3286 3575 3342 habere.

1973 3382 2127 3451 Quod
2157 3381 2375 3454 quidem
2405 3397 2542 3451 opus
2573 3384 2699 3453 quia
2725 3383 2835 3452 jant
2868 3381 3163 3453 aliquoties
3193 3395 3458 3438 excusant
3487 3396 3577 3438 ex-

1978 3474 2139 3542 stitit,
2183 3476 2282 3531 sed
2314 3476 2529 3531 mendis
2566 3475 2784 3530 interim
2815 3488 2921 3531 non
2951 3475 3136 3546 paucis
3177 3482 3417 3544 scatens,
3450 3475 3580 3533 licet

1980 3569 2143 3624 toties
2168 3576 2432 3624 tentatum
2455 3568 2523 3623 ab
2547 3569 2629 3623 his
2650 3568 2947 3624 etuacttlari
2970 3569 3398 3639 repurgarique:
3432 3582 3579 3624 nunc

1976 3664 2195 3719 demum
2224 3679 2356 3719 cura
2398 3674 2451 3719 et
2480 3662 2737 3734 expensis
2779 3662 3021 3733 magistri
3045 3662 3276 3719 Gotfridi
3314 3663 3574 3735 Hittorpii

1976 3759 2113 3813 civis
2138 3758 2480 3813 Coloniensis
2503 3773 2608 3813 non
2638 3756 2808 3812 intimi
2836 3755 3067 3822 ordinis,
3092 3755 3193 3811 viri
3222 3772 3309 3812 tne
3339 3755 3567 3813 hercule

1976 3860 2031 3907 ct
2076 3852 2325 3907 industrii
2373 3861 2429 3907 et
2474 3850 2724 3915 honesti,
2777 3849 2873 3905 sed
2912 3849 3251 3921 recognitum
3282 3851 3437 3921 prius
3459 3864 3568 3908 non

1978 3962 2138 4018 parva
2165 3948 2465 4019 diligentia,
2493 3948 2689 4017 partim
2719 3953 2928 4011 nostra,
2956 3945 3153 4015 partim
3178 3944 3407 4002 aliorum
3433 3960 3577 4020 quo-

1977 4043 2224 4097 rumdam
2246 4084 2259 4107 ,
2300 4050 2353 4097 et
2378 4040 2446 4094 ah
2484 4040 2823 4097 restantibus
2873 4039 3087 4096 mendis
3115 4055 3491 4113 repurgatum,
3523 4045 3576 4099 iu

1979 4134 2159 4191 lucem
2184 4135 2379 4189 iterum
2415 4132 2617 4204 prodit,
2656 4134 2828 4189 multo
2852 4147 2984 4189 sane
3011 4133 3170 4190 aliter
3193 4148 3354 4205 quam
3394 4136 3578 4190 bactr-

1979 4242 2105 4289 nus,
2129 4223 2401 4296 simulque
2429 4234 2477 4281 et
2509 4224 2652 4297 typis
2683 4222 2975 4281 admodum
3002 4224 3388 4296 plausibilibus
3411 4243 3577 4285 eum

1976 4336 2121 4374 sunt.
2150 4319 2418 4375 Caeterum
2467 4318 2607 4375 hanc
2635 4329 2879 4375 nostram
2921 4318 2975 4374 in
3006 4320 3109 4376 hoc
3153 4329 3397 4377 navatam
3425 4320 3579 4378 lucu-

1979 4413 2281 4468 brationetn
2313 4420 2476 4481 atque
2512 4423 2735 4482 operam
2756 4454 2770 4478 ,
2802 4427 2927 4467 cum
2952 4416 3061 4483 jam
3092 4414 3573 4487 circumspicerent

1976 4517 2300 4573 mecumque
2327 4504 2621 4572 cogitarem
2646 4544 2660 4569 ,
2696 4502 2909 4559 cuinam
2956 4518 3023 4557 ex
3064 4504 3401 4575 principibus
3438 4506 3575 4560 viris

1979 4611 2350 4668 nuncuparem
2393 4594 2843 4666 dedicaremqne,
2879 4604 2938 4651 ttt
2968 4596 3120 4667 cujus
3152 4597 3318 4653 tutela
3369 4598 3577 4656 nitere-

1979 4702 2101 4759 tur,
2147 4701 2236 4745 ttta
2284 4688 2416 4744 mihi
2448 4703 2571 4744 cum
2599 4689 2789 4759 primis
2820 4690 2990 4759 gratia
3026 4689 3078 4747 in
3125 4702 3365 4748 mentem
3395 4690 3569 4759 venit,

1978 4786 2178 4859 inclyte
2208 4800 2270 4839 ac
2315 4798 2581 4855 generose
2610 4784 2839 4849 Comes,
2882 4798 2985 4839 nec
3021 4783 3072 4839 id
3097 4785 3311 4855 quidem
3342 4800 3474 4843 sane
3498 4787 3570 4843 ab

1985 4897 2069 4937 re.
2096 4880 2309 4950 Quippe
2344 4878 2498 4947 cujus
2536 4878 2778 4935 favorem
2826 4888 2879 4935 et
2910 4878 3345 4937 benevolentiam
3373 4880 3574 4953 saepius

1978 4976 2031 5032 in
2057 4992 2144 5032 me
2173 4983 2434 5045 expertus
2459 4989 2599 5037 sum,
2634 4988 2742 5029 non
2770 4974 2972 5046 absque
3002 4973 3176 5030 fructu
3204 4984 3256 5031 et
3282 4974 3574 5033 commodo

1975 5070 2159 5142 aliquo
2201 5083 2343 5124 meo.
2382 5068 2565 5141 Itaque
2602 5078 2657 5123 ttt
2688 5066 3074 5138 gratitudiucm
3104 5072 3299 5127 saltem
3327 5070 3570 5142 aliquam

1970 5180 2100 5235 erga
2133 5175 2182 5219 te
2212 5178 2387 5218 meam
2428 5172 2481 5217 et
2520 5160 2687 5217 animi
2739 5176 2863 5233 erga
2897 5171 2948 5217 te
2980 5161 3086 5219 mei
3118 5163 3568 5234 propensionem,

1972 5273 2117 5313 nunc
2145 5257 2363 5312 tandem
2400 5257 2479 5311 vel
2525 5267 2816 5324 utcumque
2851 5254 3124 5311 declarent
3171 5256 3569 5330 ostendaqu

1967 5354 2117 5420 (nam
2163 5350 2215 5405 id
2245 5353 2297 5404 in
2331 5348 2471 5404 votis
2497 5347 2815 5416 jamdudum
2860 5348 3045 5415 Italttti,
3078 5349 3162 5405 vir
3188 5350 3566 5407 cordatissime

1974 5441 2425 5513 dignissimeque)
2452 5484 2466 5509 ,
2498 5440 2599 5498 hoc
2636 5449 2740 5496 tua:
2766 5440 2951 5511 gratia:
2987 5455 3052 5498 ac
3078 5442 3463 5499 muniﬁcentia:
3503 5443 3560 5501 in

1971 5538 2264 5609 prmscntia
2290 5536 2669 5590 munusculum
2691 5532 2863 5589 oﬂero
2886 5533 3194 5606 dedicoque
3219 5551 3234 5589 :
3262 5550 3363 5592 nec
3377 5535 3567 5592 dubito

1971 5633 2100 5703 qttin
2142 5642 2230 5687 tua
2268 5644 2397 5700 erga
2441 5645 2527 5685 me
2574 5628 2975 5694 benevolentia,
3025 5628 3162 5687 illud
3211 5630 3565 5702 quantulum-

1971 5740 2185 5794 cunque
2215 5724 2317 5791 sit,
2358 5737 2514 5794 :rquo
2544 5723 2886 5794 benigneque
2923 5723 3109 5780 animo
3142 5724 3215 5779 ait
3242 5734 3557 5795 acceptura.

1972 5830 2030 5877 ιιι
2079 5818 2170 5889 qui
2206 5814 2388 5874 soleas
2432 5830 2531 5887 pl’O
2562 5826 2652 5873 tua
2702 5814 3020 5887 prudentia,
3060 5816 3261 5875 nonad
3286 5831 3402 5874 rem
3434 5831 3555 5889 qua
