  <div class='ocr_page' id='page_1' title='image "/cluster/home/n/w/nwhite01/storage/ocr_20150623/31/umn.319510024773250/331.png"; bbox 0 0 4052 6436; ppageno 0'>
   <div class='ocr_carea' id='block_1_1' title="bbox 483 303 588 362">
    <p class='ocr_par' dir='ltr' id='par_1_1' title="bbox 483 303 588 362">
     <span class='ocr_line' id='line_1_1' title="bbox 483 303 588 362; baseline -0.029 0"><span class='ocrx_word' id='word_1_1' title='bbox 483 303 588 362; x_wconf 73' lang='grc' dir='ltr'><strong>δι’]</strong></span> 
     </span>
    </p>
   </div>
   <div class='ocr_carea' id='block_1_2' title="bbox 1530 310 2707 371">
    <p class='ocr_par' dir='ltr' id='par_1_2' title="bbox 1530 310 2707 371">
     <span class='ocr_line' id='line_1_2' title="bbox 1530 310 2707 371; baseline -0.001 -3"><span class='ocrx_word' id='word_1_2' title='bbox 1530 311 1799 371; x_wconf 75' lang='lat' dir='ltr'><strong>PAULUS</strong></span> <span class='ocrx_word' id='word_1_3' title='bbox 1838 310 2134 368; x_wconf 81' lang='lat' dir='ltr'><strong>()ROSIUS</strong></span> <span class='ocrx_word' id='word_1_4' title='bbox 2173 311 2707 371; x_wconf 74' lang='lat' dir='ltr'><strong>CIIRONOLOGUS.</strong></span> 
     </span>
    </p>
   </div>
   <div class='ocr_carea' id='block_1_3' title="bbox 3677 313 3789 373">
    <p class='ocr_par' dir='ltr' id='par_1_3' title="bbox 3677 313 3789 373">
     <span class='ocr_line' id='line_1_3' title="bbox 3677 313 3789 373; baseline 0 -1"><span class='ocrx_word' id='word_1_5' title='bbox 3677 313 3789 373; x_wconf 64' lang='lat'><strong>658</strong></span> 
     </span>
    </p>
   </div>
   <div class='ocr_carea' id='block_1_4' title="bbox 480 424 3783 499">
    <p class='ocr_par' dir='ltr' id='par_1_4' title="bbox 480 424 3783 499">
     <span class='ocr_line' id='line_1_4' title="bbox 480 424 3783 499; baseline 0 -18"><span class='ocrx_word' id='word_1_6' title='bbox 480 425 721 482; x_wconf 75' lang='lat' dir='ltr'><strong>donatur</strong></span> <span class='ocrx_word' id='word_1_7' title='bbox 749 424 1063 494; x_wconf 71' lang='lat' dir='ltr'><strong>oderturve,</strong></span> <span class='ocrx_word' id='word_1_8' title='bbox 1087 425 1188 483; x_wconf 82' lang='lat' dir='ltr'><strong>sed</strong></span> <span class='ocrx_word' id='word_1_9' title='bbox 1215 426 1283 482; x_wconf 83' lang='lat' dir='ltr'><strong>ad</strong></span> <span class='ocrx_word' id='word_1_10' title='bbox 1307 426 1548 484; x_wconf 81' lang='lat' dir='ltr'><strong>animum</strong></span> <span class='ocrx_word' id='word_1_11' title='bbox 1575 429 1755 499; x_wconf 82' lang='lat' dir='ltr'><strong>potius</strong></span> <span class='ocrx_word' id='word_1_12' title='bbox 1783 445 1890 498; x_wconf 80' lang='lat' dir='ltr'><strong>quo</strong></span> <span class='ocrx_word' id='word_1_13' title='bbox 1913 428 2073 482; x_wconf 86' lang='lat' dir='ltr'><strong>doua-</strong></span> <span class='ocrx_word' id='word_1_14' title='bbox 2103 429 2148 485; x_wconf 82' lang='grc' dir='ltr'><strong>Λ</strong></span> <span class='ocrx_word' id='word_1_15' title='bbox 2177 426 2498 498; x_wconf 86' lang='lat' dir='ltr'><strong>depcrditis,</strong></span> <span class='ocrx_word' id='word_1_16' title='bbox 2555 425 2879 482; x_wconf 76' lang='lat' dir='ltr'><strong>tidclissime</strong></span> <span class='ocrx_word' id='word_1_17' title='bbox 2929 424 3336 497; x_wconf 74' lang='lat' dir='ltr'><strong>transsumpsit.</strong></span> <span class='ocrx_word' id='word_1_18' title='bbox 3371 425 3550 482; x_wconf 77' lang='lat' dir='ltr'><strong>Porro</strong></span> <span class='ocrx_word' id='word_1_19' title='bbox 3598 424 3646 481; x_wconf 75' lang='lat' dir='ltr'><strong>si</strong></span> <span class='ocrx_word' id='word_1_20' title='bbox 3695 427 3783 481; x_wconf 88' lang='lat' dir='ltr'><strong>cui</strong></span> 
     </span>
    </p>
   </div>
   <div class='ocr_carea' id='block_1_5' title="bbox 483 519 2073 592">
    <p class='ocr_par' dir='ltr' id='par_1_5' title="bbox 483 519 2073 592">
     <span class='ocr_line' id='line_1_5' title="bbox 483 519 2073 592; baseline 0.001 -20"><span class='ocrx_word' id='word_1_21' title='bbox 483 529 571 576; x_wconf 87' lang='lat' dir='ltr'><strong>tur</strong></span> <span class='ocrx_word' id='word_1_22' title='bbox 597 519 931 589; x_wconf 71' lang='lat' dir='ltr'><strong>oll‘ertttrqtte</strong></span> <span class='ocrx_word' id='word_1_23' title='bbox 955 562 972 588; x_wconf 95' lang='lat'><strong>,</strong></span> <span class='ocrx_word' id='word_1_24' title='bbox 1002 521 1296 592; x_wconf 82' lang='lat' dir='ltr'><strong>respicere.</strong></span> <span class='ocrx_word' id='word_1_25' title='bbox 1330 521 1481 589; x_wconf 83' lang='lat' dir='ltr'><strong>Quod</strong></span> <span class='ocrx_word' id='word_1_26' title='bbox 1512 531 1694 576; x_wconf 81' lang='lat' dir='ltr'><strong>tamen</strong></span> <span class='ocrx_word' id='word_1_27' title='bbox 1719 523 1810 577; x_wconf 89' lang='lat' dir='ltr'><strong>ubi</strong></span> <span class='ocrx_word' id='word_1_28' title='bbox 1834 522 1945 592; x_wconf 79' lang='lat' dir='ltr'><strong>jam</strong></span> <span class='ocrx_word' id='word_1_29' title='bbox 1975 536 2073 592; x_wconf 87' lang='lat' dir='ltr'><strong>pro</strong></span> 
     </span>
    </p>
   </div>
   <div class='ocr_carea' id='block_1_6' title="bbox 481 615 2072 686">
    <p class='ocr_par' dir='ltr' id='par_1_6' title="bbox 481 615 2072 686">
     <span class='ocr_line' id='line_1_6' title="bbox 481 615 2072 686; baseline 0 -17"><span class='ocrx_word' id='word_1_30' title='bbox 481 626 766 686; x_wconf 84' lang='lat' dir='ltr'><strong>comperto</strong></span> <span class='ocrx_word' id='word_1_31' title='bbox 795 615 1056 682; x_wconf 83' lang='lat' dir='ltr'><strong>habuero,</strong></span> <span class='ocrx_word' id='word_1_32' title='bbox 1101 631 1209 671; x_wconf 83' lang='lat' dir='ltr'><strong>non</strong></span> <span class='ocrx_word' id='word_1_33' title='bbox 1242 624 1328 672; x_wconf 92' lang='lat' dir='ltr'><strong>est</strong></span> <span class='ocrx_word' id='word_1_34' title='bbox 1371 631 1480 686; x_wconf 89' lang='lat' dir='ltr'><strong>quo</strong></span> <span class='ocrx_word' id='word_1_35' title='bbox 1518 631 1626 672; x_wconf 84' lang='lat' dir='ltr'><strong>non</strong></span> <span class='ocrx_word' id='word_1_36' title='bbox 1671 618 1788 686; x_wconf 88' lang='lat' dir='ltr'><strong>ipse</strong></span> <span class='ocrx_word' id='word_1_37' title='bbox 1817 616 1946 670; x_wconf 75' lang='lat' dir='ltr'><strong>mihi</strong></span> <span class='ocrx_word' id='word_1_38' title='bbox 1979 630 2072 669; x_wconf 85' lang='lat' dir='ltr'><strong>no-</strong></span> 
     </span>
    </p>
   </div>
   <div class='ocr_carea' id='block_1_7' title="bbox 479 707 2075 782">
    <p class='ocr_par' dir='ltr' id='par_1_7' title="bbox 479 707 2075 782">
     <span class='ocr_line' id='line_1_7' title="bbox 479 707 2075 782; baseline 0 -18"><span class='ocrx_word' id='word_1_39' title='bbox 479 707 626 764; x_wconf 84' lang='lat' dir='ltr'><strong>miue</strong></span> <span class='ocrx_word' id='word_1_40' title='bbox 653 711 842 781; x_wconf 70' lang='lat' dir='ltr'><strong>gratia:</strong></span> <span class='ocrx_word' id='word_1_41' title='bbox 869 719 974 766; x_wconf 86' lang='lat' dir='ltr'><strong>tu:e</strong></span> <span class='ocrx_word' id='word_1_42' title='bbox 1001 711 1264 782; x_wconf 69' lang='lat' dir='ltr'><strong>gratulari</strong></span> <span class='ocrx_word' id='word_1_43' title='bbox 1291 712 1489 766; x_wconf 89' lang='lat' dir='ltr'><strong>merito</strong></span> <span class='ocrx_word' id='word_1_44' title='bbox 1513 711 1766 768; x_wconf 90' lang='lat' dir='ltr'><strong>debeam.</strong></span> <span class='ocrx_word' id='word_1_45' title='bbox 1808 711 1954 765; x_wconf 85' lang='lat' dir='ltr'><strong>Bene</strong></span> <span class='ocrx_word' id='word_1_46' title='bbox 1981 724 2075 764; x_wconf 84' lang='lat' dir='ltr'><strong>va—</strong></span> 
     </span>
    </p>
   </div>
   <div class='ocr_carea' id='block_1_8' title="bbox 478 801 2076 878">
    <p class='ocr_par' dir='ltr' id='par_1_8' title="bbox 478 801 2076 878">
     <span class='ocr_line' id='line_1_8' title="bbox 478 801 2076 878; baseline -0.001 -20"><span class='ocrx_word' id='word_1_47' title='bbox 478 801 588 860; x_wconf 89' lang='lat' dir='ltr'><strong>leat</strong></span> <span class='ocrx_word' id='word_1_48' title='bbox 611 815 702 860; x_wconf 90' lang='lat' dir='ltr'><strong>tua</strong></span> <span class='ocrx_word' id='word_1_49' title='bbox 726 803 936 863; x_wconf 82' lang='lat' dir='ltr'><strong>Gratia.</strong></span> <span class='ocrx_word' id='word_1_50' title='bbox 959 806 1202 864; x_wconf 77' lang='lat' dir='ltr'><strong>Colonia:</strong></span> <span class='ocrx_word' id='word_1_51' title='bbox 1221 849 1239 875; x_wconf 95' lang='lat'><strong>,</strong></span> <span class='ocrx_word' id='word_1_52' title='bbox 1267 805 1440 878; x_wconf 82' lang='lat' dir='ltr'><strong>pridie</strong></span> <span class='ocrx_word' id='word_1_53' title='bbox 1483 805 1702 862; x_wconf 80' lang='lat' dir='ltr'><strong>kalend.</strong></span> <span class='ocrx_word' id='word_1_54' title='bbox 1734 804 1940 862; x_wconf 82' lang='lat' dir='ltr'><strong>mensis</strong></span> <span class='ocrx_word' id='word_1_55' title='bbox 1961 806 2076 860; x_wconf 84' lang='lat' dir='ltr'><strong>Au-</strong></span> 
     </span>
    </p>
   </div>
   <div class='ocr_carea' id='block_1_9' title="bbox 518 897 643 952">
    <p class='ocr_par' dir='ltr' id='par_1_9' title="bbox 518 897 643 952">
     <span class='ocr_line' id='line_1_9' title="bbox 518 897 643 952; baseline 0.024 -3"><span class='ocrx_word' id='word_1_56' title='bbox 518 897 643 952; x_wconf 86' lang='lat' dir='ltr'><strong>usti.</strong></span> 
     </span>
    </p>
   </div>
   <div class='ocr_carea' id='block_1_10' title="bbox 480 908 1437 1051">
    <p class='ocr_par' dir='ltr' id='par_1_10' title="bbox 480 908 1437 1051">
     <span class='ocr_line' id='line_1_10' title="bbox 480 908 643 966; baseline 0.018 -17"><span class='ocrx_word' id='word_1_57' title='bbox 480 908 643 966; x_wconf 74' lang='lat' dir='ltr'><strong>gusti.</strong></span> 
     </span>
     <span class='ocr_line' id='line_1_11' title="bbox 1100 991 1437 1051; baseline -0.003 -1"><span class='ocrx_word' id='word_1_58' title='bbox 1100 991 1437 1051; x_wconf 68' lang='grc' dir='ltr'><strong>εριετοω</strong></span> 
     </span>
    </p>
   </div>
   <div class='ocr_carea' id='block_1_11' title="bbox 767 1107 1775 1168">
    <p class='ocr_par' dir='ltr' id='par_1_11' title="bbox 767 1107 1775 1168">
     <span class='ocr_line' id='line_1_12' title="bbox 767 1107 1775 1168; baseline -0.006 0"><span class='ocrx_word' id='word_1_59' title='bbox 767 1107 1018 1168; x_wconf 71' lang='lat' dir='ltr'><strong>Certant</strong></span> <span class='ocrx_word' id='word_1_60' title='bbox 1067 1108 1368 1166; x_wconf 71' lang='lat' dir='ltr'><strong>Boesutucr.</strong></span> <span class='ocrx_word' id='word_1_61' title='bbox 1409 1124 1476 1164; x_wconf 74' lang='grc' dir='ltr'><strong>Αυ</strong></span> <span class='ocrx_word' id='word_1_62' title='bbox 1527 1107 1775 1164; x_wconf 65' lang='lat' dir='ltr'><strong>hostium</strong></span> 
     </span>
    </p>
   </div>
   <div class='ocr_carea' id='block_1_12' title="bbox 914 1182 1636 1239">
    <p class='ocr_par' dir='ltr' id='par_1_12' title="bbox 914 1182 1636 1239">
     <span class='ocr_line' id='line_1_13' title="bbox 914 1182 1636 1239; baseline -0.007 0"><span class='ocrx_word' id='word_1_63' title='bbox 914 1183 1178 1239; x_wconf 75' lang='grc' dir='ltr'>Διοιιιει».</span> <span class='ocrx_word' id='word_1_64' title='bbox 1225 1182 1288 1237; x_wconf 85' lang='lat' dir='ltr'><strong>D.</strong></span> <span class='ocrx_word' id='word_1_65' title='bbox 1331 1183 1636 1237; x_wconf 67' lang='lat' dir='ltr'><strong>licitumst.</strong></span> 
     </span>
    </p>
   </div>
   <div class='ocr_carea' id='block_1_13' title="bbox 477 1309 2075 1384">
    <p class='ocr_par' dir='ltr' id='par_1_13' title="bbox 477 1309 2075 1384">
     <span class='ocr_line' id='line_1_14' title="bbox 477 1309 2075 1384; baseline -0.003 -11"><span class='ocrx_word' id='word_1_66' title='bbox 477 1315 799 1374; x_wconf 72' lang='lat' dir='ltr'><strong>Reverenth</strong></span> <span class='ocrx_word' id='word_1_67' title='bbox 828 1317 881 1373; x_wconf 87' lang='lat' dir='ltr'><strong>in</strong></span> <span class='ocrx_word' id='word_1_68' title='bbox 903 1316 1129 1374; x_wconf 81' lang='lat' dir='ltr'><strong>Christo</strong></span> <span class='ocrx_word' id='word_1_69' title='bbox 1152 1317 1290 1384; x_wconf 86' lang='lat' dir='ltr'><strong>patri</strong></span> <span class='ocrx_word' id='word_1_70' title='bbox 1324 1331 1390 1372; x_wconf 92' lang='lat' dir='ltr'><strong>ac</strong></span> <span class='ocrx_word' id='word_1_71' title='bbox 1419 1316 1666 1379; x_wconf 87' lang='lat' dir='ltr'><strong>domino,</strong></span> <span class='ocrx_word' id='word_1_72' title='bbox 1694 1313 1923 1369; x_wconf 86' lang='lat' dir='ltr'><strong>Domino</strong></span> <span class='ocrx_word' id='word_1_73' title='bbox 1943 1309 2075 1380; x_wconf 81' lang='lat' dir='ltr'><strong>Qui-</strong></span> 
     </span>
    </p>
   </div>
   <div class='ocr_carea' id='block_1_14' title="bbox 547 1387 2076 1460">
    <p class='ocr_par' dir='ltr' id='par_1_14' title="bbox 547 1387 2076 1460">
     <span class='ocr_line' id='line_1_15' title="bbox 547 1387 2076 1460; baseline -0.006 -15"><span class='ocrx_word' id='word_1_74' title='bbox 547 1391 703 1456; x_wconf 85' lang='lat' dir='ltr'><strong>rino,</strong></span> <span class='ocrx_word' id='word_1_75' title='bbox 737 1389 833 1446; x_wconf 84' lang='lat' dir='ltr'><strong>Dei</strong></span> <span class='ocrx_word' id='word_1_76' title='bbox 864 1398 920 1444; x_wconf 90' lang='lat' dir='ltr'><strong>et</strong></span> <span class='ocrx_word' id='word_1_77' title='bbox 948 1390 1279 1460; x_wconf 77' lang='lat' dir='ltr'><strong>Apostoliezn</strong></span> <span class='ocrx_word' id='word_1_78' title='bbox 1306 1389 1454 1460; x_wconf 81' lang='lat' dir='ltr'><strong>sedis</strong></span> <span class='ocrx_word' id='word_1_79' title='bbox 1474 1387 1650 1457; x_wconf 69' lang='lat' dir='ltr'><strong>gratia</strong></span> <span class='ocrx_word' id='word_1_80' title='bbox 1687 1387 2076 1460; x_wconf 70' lang='lat' dir='ltr'><strong>episcupotly-</strong></span> 
     </span>
    </p>
   </div>
   <div class='ocr_carea' id='block_1_15' title="bbox 551 1457 2077 1529">
    <p class='ocr_par' dir='ltr' id='par_1_15' title="bbox 551 1457 2077 1529">
     <span class='ocr_line' id='line_1_16' title="bbox 551 1457 2077 1529; baseline -0.003 -12"><span class='ocrx_word' id='word_1_81' title='bbox 551 1476 746 1517; x_wconf 84' lang='lat' dir='ltr'><strong>reneri.</strong></span> <span class='ocrx_word' id='word_1_82' title='bbox 778 1457 1226 1518; x_wconf 83' lang='lat' dir='ltr'><strong>reverendissimi</strong></span> <span class='ocrx_word' id='word_1_83' title='bbox 1253 1475 1318 1516; x_wconf 89' lang='lat' dir='ltr'><strong>ac</strong></span> <span class='ocrx_word' id='word_1_84' title='bbox 1347 1459 1696 1515; x_wconf 68' lang='lat' dir='ltr'><strong>iIlustrissimi</strong></span> <span class='ocrx_word' id='word_1_85' title='bbox 1728 1457 1989 1529; x_wconf 71' lang='lat' dir='ltr'><strong>principis</strong></span> <span class='ocrx_word' id='word_1_86' title='bbox 2018 1464 2077 1514; x_wconf 79' lang='lat' dir='ltr'><strong>et</strong></span> 
     </span>
    </p>
   </div>
   <div class='ocr_carea' id='block_1_16' title="bbox 551 1527 2069 1594">
    <p class='ocr_par' dir='ltr' id='par_1_16' title="bbox 551 1527 2069 1594">
     <span class='ocr_line' id='line_1_17' title="bbox 551 1527 2069 1594; baseline -0.002 -8"><span class='ocrx_word' id='word_1_87' title='bbox 551 1532 758 1587; x_wconf 85' lang='lat' dir='ltr'><strong>domini</strong></span> <span class='ocrx_word' id='word_1_88' title='bbox 810 1533 978 1589; x_wconf 72' lang='lat' dir='ltr'><strong>posui</strong></span> <span class='ocrx_word' id='word_1_89' title='bbox 1035 1534 1099 1586; x_wconf 75' lang='grc' dir='ltr'><strong>Ι).</strong></span> <span class='ocrx_word' id='word_1_90' title='bbox 1152 1532 1438 1588; x_wconf 70' lang='lat' dir='ltr'><strong>llenuasat</strong></span> <span class='ocrx_word' id='word_1_91' title='bbox 1468 1575 1482 1594; x_wconf 95' lang='lat'><strong>,</strong></span> <span class='ocrx_word' id='word_1_92' title='bbox 1523 1527 1742 1586; x_wconf 66' lang='lat' dir='ltr'><strong>Sanctae</strong></span> <span class='ocrx_word' id='word_1_93' title='bbox 1786 1527 2069 1583; x_wconf 84' lang='lat' dir='ltr'><strong>Colonien.</strong></span> 
     </span>
    </p>
   </div>
   <div class='ocr_carea' id='block_1_17' title="bbox 545 1599 2072 1671">
    <p class='ocr_par' dir='ltr' id='par_1_17' title="bbox 545 1599 2072 1671">
     <span class='ocr_line' id='line_1_18' title="bbox 545 1599 2072 1671; baseline -0.005 -11"><span class='ocrx_word' id='word_1_94' title='bbox 545 1605 808 1660; x_wconf 70' lang='lat' dir='ltr'><strong>Ecclesia!</strong></span> <span class='ocrx_word' id='word_1_95' title='bbox 860 1605 1302 1671; x_wconf 70' lang='lat' dir='ltr'><strong>archiprzcsulis,</strong></span> <span class='ocrx_word' id='word_1_96' title='bbox 1348 1615 1404 1658; x_wconf 85' lang='lat' dir='ltr'><strong>et</strong></span> <span class='ocrx_word' id='word_1_97' title='bbox 1455 1604 1606 1657; x_wconf 82' lang='lat' dir='ltr'><strong>Sacri</strong></span> <span class='ocrx_word' id='word_1_98' title='bbox 1651 1601 1811 1656; x_wconf 73' lang='lat' dir='ltr'><strong>Rom.</strong></span> <span class='ocrx_word' id='word_1_99' title='bbox 1852 1599 2072 1668; x_wconf 79' lang='lat' dir='ltr'><strong>Imperii</strong></span> 
     </span>
    </p>
   </div>
   <div class='ocr_carea' id='block_1_18' title="bbox 609 1671 2067 1744">
    <p class='ocr_par' dir='ltr' id='par_1_18' title="bbox 609 1671 2067 1744">
     <span class='ocr_line' id='line_1_19' title="bbox 609 1671 2067 1744; baseline -0.005 -13"><span class='ocrx_word' id='word_1_100' title='bbox 609 1691 650 1731; x_wconf 68' lang='lat' dir='ltr'><strong>er</strong></span> <span class='ocrx_word' id='word_1_101' title='bbox 675 1675 885 1731; x_wconf 83' lang='lat' dir='ltr'><strong>Italiam</strong></span> <span class='ocrx_word' id='word_1_102' title='bbox 911 1676 1402 1731; x_wconf 87' lang='lat' dir='ltr'><strong>arcbi-cancellarii</strong></span> <span class='ocrx_word' id='word_1_103' title='bbox 1420 1717 1436 1740; x_wconf 89' lang='lat'><strong>,</strong></span> <span class='ocrx_word' id='word_1_104' title='bbox 1469 1672 1737 1744; x_wconf 78' lang='lat' dir='ltr'><strong>principis</strong></span> <span class='ocrx_word' id='word_1_105' title='bbox 1768 1671 2067 1737; x_wconf 72' lang='lat' dir='ltr'><strong>Eleetoris,</strong></span> 
     </span>
    </p>
   </div>
   <div class='ocr_carea' id='block_1_19' title="bbox 619 1745 2070 1817">
    <p class='ocr_par' dir='ltr' id='par_1_19' title="bbox 619 1745 2070 1817">
     <span class='ocr_line' id='line_1_20' title="bbox 619 1745 2070 1817; baseline -0.004 -15"><span class='ocrx_word' id='word_1_106' title='bbox 619 1747 884 1817; x_wconf 63' lang='lat' dir='ltr'><strong>capitalia:</strong></span> <span class='ocrx_word' id='word_1_107' title='bbox 902 1757 960 1804; x_wconf 90' lang='lat' dir='ltr'><strong>et</strong></span> <span class='ocrx_word' id='word_1_108' title='bbox 983 1749 1230 1814; x_wconf 68' lang='lat' dir='ltr'><strong>Angarim</strong></span> <span class='ocrx_word' id='word_1_109' title='bbox 1259 1749 1433 1814; x_wconf 85' lang='lat' dir='ltr'><strong>ducis,</strong></span> <span class='ocrx_word' id='word_1_110' title='bbox 1464 1747 1764 1816; x_wconf 77' lang='lat' dir='ltr'><strong>chatique</strong></span> <span class='ocrx_word' id='word_1_111' title='bbox 1791 1745 2070 1817; x_wconf 34' lang='lat' dir='ltr'><strong>natitetc.</strong></span> 
     </span>
    </p>
   </div>
   <div class='ocr_carea' id='block_1_20' title="bbox 2179 521 3788 594">
    <p class='ocr_par' dir='ltr' id='par_1_20' title="bbox 2179 521 3788 594">
     <span class='ocr_line' id='line_1_21' title="bbox 2179 521 3788 594; baseline 0.001 -16"><span class='ocrx_word' id='word_1_112' title='bbox 2179 536 2276 594; x_wconf 87' lang='lat' dir='ltr'><strong>per</strong></span> <span class='ocrx_word' id='word_1_113' title='bbox 2305 523 2442 578; x_wconf 88' lang='lat' dir='ltr'><strong>alias</strong></span> <span class='ocrx_word' id='word_1_114' title='bbox 2471 526 2609 577; x_wconf 82' lang='lat' dir='ltr'><strong>torte</strong></span> <span class='ocrx_word' id='word_1_115' title='bbox 2657 521 3054 592; x_wconf 76' lang='lat' dir='ltr'><strong>occupationes</strong></span> <span class='ocrx_word' id='word_1_116' title='bbox 3085 521 3318 578; x_wconf 87' lang='lat' dir='ltr'><strong>liberum</strong></span> <span class='ocrx_word' id='word_1_117' title='bbox 3351 538 3462 577; x_wconf 86' lang='lat' dir='ltr'><strong>nnn</strong></span> <span class='ocrx_word' id='word_1_118' title='bbox 3485 521 3559 579; x_wconf 84' lang='lat' dir='ltr'><strong>sit</strong></span> <span class='ocrx_word' id='word_1_119' title='bbox 3585 535 3788 578; x_wconf 86' lang='lat' dir='ltr'><strong>omnes</strong></span> 
     </span>
    </p>
   </div>
   <div class='ocr_carea' id='block_1_21' title="bbox 2177 613 3785 681">
    <p class='ocr_par' dir='ltr' id='par_1_21' title="bbox 2177 613 3785 681">
     <span class='ocr_line' id='line_1_22' title="bbox 2177 613 3785 681; baseline 0.004 -17"><span class='ocrx_word' id='word_1_120' title='bbox 2177 616 2420 669; x_wconf 81' lang='lat' dir='ltr'><strong>omnium</strong></span> <span class='ocrx_word' id='word_1_121' title='bbox 2452 614 2704 670; x_wconf 70' lang='lat' dir='ltr'><strong>historias</strong></span> <span class='ocrx_word' id='word_1_122' title='bbox 2735 614 3032 681; x_wconf 75' lang='lat' dir='ltr'><strong>evolvere,</strong></span> <span class='ocrx_word' id='word_1_123' title='bbox 3065 614 3157 670; x_wconf 90' lang='lat' dir='ltr'><strong>hic</strong></span> <span class='ocrx_word' id='word_1_124' title='bbox 3187 613 3353 672; x_wconf 83' lang='lat' dir='ltr'><strong>habet</strong></span> <span class='ocrx_word' id='word_1_125' title='bbox 3377 616 3532 670; x_wconf 81' lang='lat' dir='ltr'><strong>velut</strong></span> <span class='ocrx_word' id='word_1_126' title='bbox 3553 613 3785 670; x_wconf 77' lang='lat' dir='ltr'><strong>absolu-</strong></span> 
     </span>
    </p>
   </div>
   <div class='ocr_carea' id='block_1_22' title="bbox 2176 706 3789 780">
    <p class='ocr_par' dir='ltr' id='par_1_22' title="bbox 2176 706 3789 780">
     <span class='ocr_line' id='line_1_23' title="bbox 2176 706 3789 780; baseline 0.002 -20"><span class='ocrx_word' id='word_1_127' title='bbox 2176 713 2291 762; x_wconf 90' lang='lat' dir='ltr'><strong>tum</strong></span> <span class='ocrx_word' id='word_1_128' title='bbox 2347 707 2755 778; x_wconf 82' lang='lat' dir='ltr'><strong>compendium,</strong></span> <span class='ocrx_word' id='word_1_129' title='bbox 2799 706 3159 763; x_wconf 76' lang='lat' dir='ltr'><strong>sclecﬁssima</strong></span> <span class='ocrx_word' id='word_1_130' title='bbox 3219 722 3453 780; x_wconf 62' lang='lat' dir='ltr'><strong>quaeque</strong></span> <span class='ocrx_word' id='word_1_131' title='bbox 3502 707 3789 778; x_wconf 66' lang='lat' dir='ltr'><strong>magisque</strong></span> 
     </span>
    </p>
   </div>
   <div class='ocr_carea' id='block_1_23' title="bbox 2179 795 3785 872">
    <p class='ocr_par' dir='ltr' id='par_1_23' title="bbox 2179 795 3785 872">
     <span class='ocr_line' id='line_1_24' title="bbox 2179 795 3785 872; baseline 0.001 -18"><span class='ocrx_word' id='word_1_132' title='bbox 2179 798 2488 855; x_wconf 72' lang='lat' dir='ltr'><strong>necessaria</strong></span> <span class='ocrx_word' id='word_1_133' title='bbox 2519 814 2584 854; x_wconf 89' lang='lat' dir='ltr'><strong>ex</strong></span> <span class='ocrx_word' id='word_1_134' title='bbox 2638 799 2894 855; x_wconf 87' lang='lat' dir='ltr'><strong>omnibus</strong></span> <span class='ocrx_word' id='word_1_135' title='bbox 2935 795 3334 870; x_wconf 87' lang='lat' dir='ltr'><strong>complectens,</strong></span> <span class='ocrx_word' id='word_1_136' title='bbox 3367 799 3513 872; x_wconf 88' lang='lat' dir='ltr'><strong>quod</strong></span> <span class='ocrx_word' id='word_1_137' title='bbox 3557 800 3785 869; x_wconf 74' lang='lat' dir='ltr'><strong>quidem</strong></span> 
     </span>
    </p>
   </div>
   <div class='ocr_carea' id='block_1_24' title="bbox 2176 891 3786 962">
    <p class='ocr_par' dir='ltr' id='par_1_24' title="bbox 2176 891 3786 962">
     <span class='ocr_line' id='line_1_25' title="bbox 2176 891 3786 962; baseline 0 -15"><span class='ocrx_word' id='word_1_138' title='bbox 2176 899 2496 947; x_wconf 85' lang='lat' dir='ltr'><strong>cunctarum</strong></span> <span class='ocrx_word' id='word_1_139' title='bbox 2525 893 2874 946; x_wconf 85' lang='lat' dir='ltr'><strong>historiarum</strong></span> <span class='ocrx_word' id='word_1_140' title='bbox 2907 891 3078 947; x_wconf 87' lang='lat' dir='ltr'><strong>instar</strong></span> <span class='ocrx_word' id='word_1_141' title='bbox 3117 907 3244 947; x_wconf 88' lang='lat' dir='ltr'><strong>esse</strong></span> <span class='ocrx_word' id='word_1_142' title='bbox 3286 893 3481 962; x_wconf 79' lang='lat' dir='ltr'><strong>possit.</strong></span> <span class='ocrx_word' id='word_1_143' title='bbox 3511 891 3786 948; x_wconf 83' lang='lat' dir='ltr'><strong>IIistoria-</strong></span> 
     </span>
    </p>
   </div>
   <div class='ocr_carea' id='block_1_25' title="bbox 2178 983 3787 1059">
    <p class='ocr_par' dir='ltr' id='par_1_25' title="bbox 2178 983 3787 1059">
     <span class='ocr_line' id='line_1_26' title="bbox 2178 983 3787 1059; baseline 0.001 -21"><span class='ocrx_word' id='word_1_144' title='bbox 2178 998 2296 1038; x_wconf 91' lang='lat' dir='ltr'><strong>rum</strong></span> <span class='ocrx_word' id='word_1_145' title='bbox 2326 999 2459 1038; x_wconf 81' lang='lat' dir='ltr'><strong>vero</strong></span> <span class='ocrx_word' id='word_1_146' title='bbox 2485 985 2734 1059; x_wconf 73' lang='grc' dir='ltr'><strong>ὲγκὼμιον</strong></span> <span class='ocrx_word' id='word_1_147' title='bbox 2782 999 2881 1054; x_wconf 89' lang='lat' dir='ltr'><strong>pro</strong></span> <span class='ocrx_word' id='word_1_148' title='bbox 2909 984 3109 1038; x_wconf 90' lang='lat' dir='ltr'><strong>tuerito</strong></span> <span class='ocrx_word' id='word_1_149' title='bbox 3135 983 3418 1040; x_wconf 88' lang='lat' dir='ltr'><strong>celebrare</strong></span> <span class='ocrx_word' id='word_1_150' title='bbox 3451 994 3510 1038; x_wconf 86' lang='lat' dir='ltr'><strong>tit</strong></span> <span class='ocrx_word' id='word_1_151' title='bbox 3537 998 3787 1040; x_wconf 83' lang='lat' dir='ltr'><strong>mearum</strong></span> 
     </span>
    </p>
   </div>
   <div class='ocr_carea' id='block_1_26' title="bbox 2179 1077 3787 1144">
    <p class='ocr_par' dir='ltr' id='par_1_26' title="bbox 2179 1077 3787 1144">
     <span class='ocr_line' id='line_1_27' title="bbox 2179 1077 3787 1144; baseline 0 -11"><span class='ocrx_word' id='word_1_152' title='bbox 2179 1093 2289 1133; x_wconf 78' lang='lat' dir='ltr'><strong>non</strong></span> <span class='ocrx_word' id='word_1_153' title='bbox 2313 1087 2398 1133; x_wconf 88' lang='lat' dir='ltr'><strong>est</strong></span> <span class='ocrx_word' id='word_1_154' title='bbox 2429 1078 2656 1144; x_wconf 83' lang='lat' dir='ltr'><strong>virium,</strong></span> <span class='ocrx_word' id='word_1_155' title='bbox 2685 1078 2757 1132; x_wconf 88' lang='lat' dir='ltr'><strong>ita</strong></span> <span class='ocrx_word' id='word_1_156' title='bbox 2797 1079 2884 1132; x_wconf 91' lang='lat' dir='ltr'><strong>hic</strong></span> <span class='ocrx_word' id='word_1_157' title='bbox 2933 1078 3088 1132; x_wconf 84' lang='lat' dir='ltr'><strong>locus</strong></span> <span class='ocrx_word' id='word_1_158' title='bbox 3113 1078 3340 1133; x_wconf 87' lang='lat' dir='ltr'><strong>minime</strong></span> <span class='ocrx_word' id='word_1_159' title='bbox 3370 1077 3633 1144; x_wconf 80' lang='lat' dir='ltr'><strong>admittit,</strong></span> <span class='ocrx_word' id='word_1_160' title='bbox 3665 1087 3787 1133; x_wconf 81' lang='lat' dir='ltr'><strong>tau-</strong></span> 
     </span>
    </p>
   </div>
   <div class='ocr_carea' id='block_1_27' title="bbox 2179 1171 3787 1230">
    <p class='ocr_par' dir='ltr' id='par_1_27' title="bbox 2179 1171 3787 1230">
     <span class='ocr_line' id='line_1_28' title="bbox 2179 1171 3787 1230; baseline 0.002 -4"><span class='ocrx_word' id='word_1_161' title='bbox 2179 1181 2292 1227; x_wconf 89' lang='lat' dir='ltr'><strong>tum</strong></span> <span class='ocrx_word' id='word_1_162' title='bbox 2323 1171 2730 1228; x_wconf 88' lang='lat' dir='ltr'><strong>detrectatores</strong></span> <span class='ocrx_word' id='word_1_163' title='bbox 2762 1175 2924 1227; x_wconf 87' lang='lat' dir='ltr'><strong>unius</strong></span> <span class='ocrx_word' id='word_1_164' title='bbox 2946 1172 3231 1229; x_wconf 86' lang='lat' dir='ltr'><strong>Ciceronis</strong></span> <span class='ocrx_word' id='word_1_165' title='bbox 3256 1173 3410 1228; x_wconf 89' lang='lat' dir='ltr'><strong>dicto</strong></span> <span class='ocrx_word' id='word_1_166' title='bbox 3435 1173 3601 1230; x_wconf 89' lang='lat' dir='ltr'><strong>veluti</strong></span> <span class='ocrx_word' id='word_1_167' title='bbox 3644 1174 3787 1230; x_wconf 84' lang='lat' dir='ltr'><strong>fuste</strong></span> 
     </span>
    </p>
   </div>
   <div class='ocr_carea' id='block_1_28' title="bbox 2174 1265 3788 1337">
    <p class='ocr_par' dir='ltr' id='par_1_28' title="bbox 2174 1265 3788 1337">
     <span class='ocr_line' id='line_1_29' title="bbox 2174 1265 3788 1337; baseline 0.001 -16"><span class='ocrx_word' id='word_1_168' title='bbox 2174 1265 2569 1336; x_wconf 88' lang='lat' dir='ltr'><strong>comprimam:</strong></span> <span class='ocrx_word' id='word_1_169' title='bbox 2606 1265 2888 1337; x_wconf 76' lang='lat' dir='ltr'><strong>ignorare,</strong></span> <span class='ocrx_word' id='word_1_170' title='bbox 2922 1265 3116 1336; x_wconf 85' lang='lat' dir='ltr'><strong>inquit,</strong></span> <span class='ocrx_word' id='word_1_171' title='bbox 3147 1265 3274 1337; x_wconf 77' lang='lat' dir='ltr'><strong>quid</strong></span> <span class='ocrx_word' id='word_1_172' title='bbox 3322 1275 3602 1337; x_wconf 74' lang='lat' dir='ltr'><strong>antequam</strong></span> <span class='ocrx_word' id='word_1_173' title='bbox 3628 1275 3788 1322; x_wconf 72' lang='lat' dir='ltr'><strong>natus</strong></span> 
     </span>
    </p>
   </div>
   <div class='ocr_carea' id='block_1_29' title="bbox 2177 1359 3784 1433">
    <p class='ocr_par' dir='ltr' id='par_1_29' title="bbox 2177 1359 3784 1433">
     <span class='ocr_line' id='line_1_30' title="bbox 2177 1359 3784 1433; baseline 0.002 -21"><span class='ocrx_word' id='word_1_174' title='bbox 2177 1359 2250 1412; x_wconf 83' lang='lat' dir='ltr'><strong>sis</strong></span> <span class='ocrx_word' id='word_1_175' title='bbox 2270 1366 2448 1412; x_wconf 81' lang='lat' dir='ltr'><strong>actum</strong></span> <span class='ocrx_word' id='word_1_176' title='bbox 2486 1375 2579 1414; x_wconf 84' lang='lat' dir='ltr'><strong>seu</strong></span> <span class='ocrx_word' id='word_1_177' title='bbox 2599 1369 2800 1432; x_wconf 82' lang='lat' dir='ltr'><strong>gestum</strong></span> <span class='ocrx_word' id='word_1_178' title='bbox 2822 1360 2911 1428; x_wconf 80' lang='lat' dir='ltr'><strong>sit,</strong></span> <span class='ocrx_word' id='word_1_179' title='bbox 2941 1360 3041 1414; x_wconf 78' lang='lat' dir='ltr'><strong>hoc</strong></span> <span class='ocrx_word' id='word_1_180' title='bbox 3066 1369 3145 1415; x_wconf 85' lang='lat' dir='ltr'><strong>est</strong></span> <span class='ocrx_word' id='word_1_181' title='bbox 3174 1375 3378 1432; x_wconf 75' lang='lat' dir='ltr'><strong>seniper</strong></span> <span class='ocrx_word' id='word_1_182' title='bbox 3406 1377 3518 1416; x_wconf 84' lang='lat' dir='ltr'><strong>esse</strong></span> <span class='ocrx_word' id='word_1_183' title='bbox 3534 1377 3784 1433; x_wconf 64' lang='lat' dir='ltr'><strong>meo.</strong></span> 
     </span>
    </p>
   </div>
   <div class='ocr_carea' id='block_1_30' title="bbox 2189 1450 3788 1525">
    <p class='ocr_par' dir='ltr' id='par_1_30' title="bbox 2189 1450 3788 1525">
     <span class='ocr_line' id='line_1_31' title="bbox 2189 1450 3788 1525; baseline 0.003 -17"><span class='ocrx_word' id='word_1_184' title='bbox 2189 1450 2310 1508; x_wconf 78' lang='lat' dir='ltr'><strong>Iam</strong></span> <span class='ocrx_word' id='word_1_185' title='bbox 2341 1467 2472 1508; x_wconf 82' lang='lat' dir='ltr'><strong>vero</strong></span> <span class='ocrx_word' id='word_1_186' title='bbox 2501 1463 2763 1525; x_wconf 85' lang='lat' dir='ltr'><strong>quantum</strong></span> <span class='ocrx_word' id='word_1_187' title='bbox 2793 1454 2898 1509; x_wconf 84' lang='lat' dir='ltr'><strong>olei</strong></span> <span class='ocrx_word' id='word_1_188' title='bbox 2927 1452 3241 1520; x_wconf 73' lang='lat' dir='ltr'><strong>laborisque</strong></span> <span class='ocrx_word' id='word_1_189' title='bbox 3285 1453 3414 1511; x_wconf 89' lang='lat' dir='ltr'><strong>huic</strong></span> <span class='ocrx_word' id='word_1_190' title='bbox 3436 1455 3650 1511; x_wconf 80' lang='lat' dir='ltr'><strong>auctori</strong></span> <span class='ocrx_word' id='word_1_191' title='bbox 3695 1471 3788 1512; x_wconf 81' lang='lat' dir='ltr'><strong>re-</strong></span> 
     </span>
    </p>
   </div>
   <div class='ocr_carea' id='block_1_31' title="bbox 2176 1548 3786 1621">
    <p class='ocr_par' dir='ltr' id='par_1_31' title="bbox 2176 1548 3786 1621">
     <span class='ocr_line' id='line_1_32' title="bbox 2176 1548 3786 1621; baseline 0.004 -19"><span class='ocrx_word' id='word_1_192' title='bbox 2176 1548 2466 1604; x_wconf 83' lang='lat' dir='ltr'><strong>stituendo</strong></span> <span class='ocrx_word' id='word_1_193' title='bbox 2489 1550 2796 1620; x_wconf 59' lang='lat' dir='ltr'><strong>impensum</strong></span> <span class='ocrx_word' id='word_1_194' title='bbox 2816 1550 2910 1616; x_wconf 70' lang='lat' dir='ltr'><strong>sit,</strong></span> <span class='ocrx_word' id='word_1_195' title='bbox 2940 1564 3104 1606; x_wconf 86' lang='lat' dir='ltr'><strong>nemo</strong></span> <span class='ocrx_word' id='word_1_196' title='bbox 3122 1549 3428 1620; x_wconf 75' lang='lat' dir='ltr'><strong>pervidehit</strong></span> <span class='ocrx_word' id='word_1_197' title='bbox 3445 1551 3786 1621; x_wconf 60' lang='lat' dir='ltr'><strong>iudicabit“:</strong></span> 
     </span>
    </p>
   </div>
   <div class='ocr_carea' id='block_1_32' title="bbox 2174 1645 3787 1718">
    <p class='ocr_par' dir='ltr' id='par_1_32' title="bbox 2174 1645 3787 1718">
     <span class='ocr_line' id='line_1_33' title="bbox 2174 1645 3787 1718; baseline 0.003 -20"><span class='ocrx_word' id='word_1_198' title='bbox 2174 1645 2447 1708; x_wconf 87' lang='lat' dir='ltr'><strong>exactius,</strong></span> <span class='ocrx_word' id='word_1_199' title='bbox 2475 1660 2639 1715; x_wconf 86' lang='lat' dir='ltr'><strong>quam</strong></span> <span class='ocrx_word' id='word_1_200' title='bbox 2661 1647 2753 1716; x_wconf 85' lang='lat' dir='ltr'><strong>qui</strong></span> <span class='ocrx_word' id='word_1_201' title='bbox 2779 1645 2882 1701; x_wconf 88' lang='lat' dir='ltr'><strong>hoc</strong></span> <span class='ocrx_word' id='word_1_202' title='bbox 2905 1645 3194 1717; x_wconf 80' lang='lat' dir='ltr'><strong>exemplar</strong></span> <span class='ocrx_word' id='word_1_203' title='bbox 3217 1660 3345 1703; x_wconf 82' lang='lat' dir='ltr'><strong>cum</strong></span> <span class='ocrx_word' id='word_1_204' title='bbox 3371 1645 3642 1716; x_wconf 74' lang='lat' dir='ltr'><strong>prioribus</strong></span> <span class='ocrx_word' id='word_1_205' title='bbox 3660 1647 3787 1718; x_wconf 76' lang='lat' dir='ltr'><strong>qui-</strong></span> 
     </span>
    </p>
   </div>
   <div class='ocr_carea' id='block_1_33' title="bbox 2177 1735 3786 1812">
    <p class='ocr_par' dir='ltr' id='par_1_33' title="bbox 2177 1735 3786 1812">
     <span class='ocr_line' id='line_1_34' title="bbox 2177 1735 3786 1812; baseline 0.002 -20"><span class='ocrx_word' id='word_1_206' title='bbox 2177 1735 2370 1792; x_wconf 83' lang='lat' dir='ltr'><strong>bttsvis</strong></span> <span class='ocrx_word' id='word_1_207' title='bbox 2396 1739 2562 1793; x_wconf 85' lang='lat' dir='ltr'><strong>etiam</strong></span> <span class='ocrx_word' id='word_1_208' title='bbox 2595 1749 2705 1792; x_wconf 90' lang='lat' dir='ltr'><strong>tam</strong></span> <span class='ocrx_word' id='word_1_209' title='bbox 2755 1739 2978 1808; x_wconf 87' lang='lat' dir='ltr'><strong>scriptis</strong></span> <span class='ocrx_word' id='word_1_210' title='bbox 3005 1755 3169 1809; x_wconf 86' lang='lat' dir='ltr'><strong>quam</strong></span> <span class='ocrx_word' id='word_1_211' title='bbox 3218 1739 3502 1812; x_wconf 84' lang='lat' dir='ltr'><strong>impressis</strong></span> <span class='ocrx_word' id='word_1_212' title='bbox 3527 1737 3786 1796; x_wconf 85' lang='lat' dir='ltr'><strong>contule-</strong></span> 
     </span>
    </p>
   </div>
   <div class='ocr_carea' id='block_1_34' title="bbox 547 1814 2065 1904">
    <p class='ocr_par' dir='ltr' id='par_1_34' title="bbox 547 1814 2065 1904">
     <span class='ocr_line' id='line_1_35' title="bbox 547 1814 2065 1904; baseline -0.003 -30"><span class='ocrx_word' id='word_1_213' title='bbox 547 1819 602 1875; x_wconf 90' lang='lat' dir='ltr'><strong>in</strong></span> <span class='ocrx_word' id='word_1_214' title='bbox 633 1814 1032 1904; x_wconf 63' lang='lat' dir='ltr'><strong>pontificalibus</strong></span> <span class='ocrx_word' id='word_1_215' title='bbox 1057 1814 1591 1904; x_wconf 45' lang='lat' dir='ltr'><strong>Yicarhtge‘neralt,</strong></span> <span class='ocrx_word' id='word_1_216' title='bbox 1619 1814 1912 1873; x_wconf 59' lang='lat' dir='ltr'><strong>Guarinus</strong></span> <span class='ocrx_word' id='word_1_217' title='bbox 1936 1814 2065 1871; x_wconf 81' lang='lat' dir='ltr'><strong>Boi.-</strong></span> 
     </span>
    </p>
   </div>
   <div class='ocr_carea' id='block_1_35' title="bbox 2171 1814 3780 1904">
    <p class='ocr_par' dir='ltr' id='par_1_35' title="bbox 2177 1828 3780 1904">
     <span class='ocr_line' id='line_1_36' title="bbox 2177 1828 3780 1904; baseline 0.003 -20"><span class='ocrx_word' id='word_1_218' title='bbox 2177 1830 2267 1884; x_wconf 86' lang='lat' dir='ltr'><strong>rit.</strong></span> <span class='ocrx_word' id='word_1_219' title='bbox 2301 1828 2436 1885; x_wconf 78' lang='lat' dir='ltr'><strong>Nam</strong></span> <span class='ocrx_word' id='word_1_220' title='bbox 2465 1829 2591 1900; x_wconf 85' lang='lat' dir='ltr'><strong>quid</strong></span> <span class='ocrx_word' id='word_1_221' title='bbox 2623 1845 2944 1888; x_wconf 77' lang='lat' dir='ltr'><strong>recenseam</strong></span> <span class='ocrx_word' id='word_1_222' title='bbox 2972 1846 3067 1888; x_wconf 87' lang='lat' dir='ltr'><strong>seu</strong></span> <span class='ocrx_word' id='word_1_223' title='bbox 3107 1832 3286 1888; x_wconf 89' lang='lat' dir='ltr'><strong>mavis</strong></span> <span class='ocrx_word' id='word_1_224' title='bbox 3330 1832 3618 1904; x_wconf 72' lang='lat' dir='ltr'><strong>subjiciam</strong></span> <span class='ocrx_word' id='word_1_225' title='bbox 3639 1848 3780 1891; x_wconf 79' lang='lat' dir='ltr'><strong>cen-</strong></span> 
     </span>
    </p>
   </div>
   <div class='ocr_carea' id='block_1_36' title="bbox 553 1890 1620 1948">
    <p class='ocr_par' dir='ltr' id='par_1_36' title="bbox 553 1890 1620 1948">
     <span class='ocr_line' id='line_1_37' title="bbox 553 1890 1620 1948; baseline -0.001 -1"><span class='ocrx_word' id='word_1_226' title='bbox 553 1906 746 1948; x_wconf 71' lang='lat' dir='ltr'><strong>suisea</strong></span> <span class='ocrx_word' id='word_1_227' title='bbox 774 1890 1321 1948; x_wconf 69' lang='lat' dir='ltr'><strong>llu-kelinehusensis</strong></span> <span class='ocrx_word' id='word_1_228' title='bbox 1352 1891 1620 1948; x_wconf 89' lang='lat' dir='ltr'><strong>Salutem.</strong></span> 
     </span>
    </p>
   </div>
   <div class='ocr_carea' id='block_1_37' title="bbox 543 2025 2070 2118">
    <p class='ocr_par' dir='ltr' id='par_1_37' title="bbox 543 2025 2070 2118">
     <span class='ocr_line' id='line_1_38' title="bbox 543 2025 2070 2118; baseline -0.001 -35"><span class='ocrx_word' id='word_1_229' title='bbox 543 2025 680 2084; x_wconf 85' lang='lat' dir='ltr'><strong>Cum</strong></span> <span class='ocrx_word' id='word_1_230' title='bbox 710 2027 866 2084; x_wconf 90' lang='lat' dir='ltr'><strong>multi</strong></span> <span class='ocrx_word' id='word_1_231' title='bbox 895 2036 1022 2084; x_wconf 90' lang='lat' dir='ltr'><strong>sunt</strong></span> <span class='ocrx_word' id='word_1_232' title='bbox 1051 2025 1215 2083; x_wconf 80' lang='lat' dir='ltr'><strong>hodie</strong></span> <span class='ocrx_word' id='word_1_233' title='bbox 1239 2070 1254 2091; x_wconf 92' lang='lat'><strong>,</strong></span> <span class='ocrx_word' id='word_1_234' title='bbox 1301 2025 1604 2118; x_wconf 67' lang='lat' dir='ltr'><strong>reverende</strong></span> <span class='ocrx_word' id='word_1_235' title='bbox 1630 2025 1793 2082; x_wconf 79' lang='lat' dir='ltr'><strong>Pater</strong></span> <span class='ocrx_word' id='word_1_236' title='bbox 1817 2025 2070 2098; x_wconf 86' lang='lat' dir='ltr'><strong>idemque</strong></span> 
     </span>
    </p>
   </div>
   <div class='ocr_carea' id='block_1_38' title="bbox 480 2118 2071 2192">
    <p class='ocr_par' dir='ltr' id='par_1_38' title="bbox 480 2118 2071 2192">
     <span class='ocr_line' id='line_1_39' title="bbox 480 2118 2071 2192; baseline -0.001 -16"><span class='ocrx_word' id='word_1_237' title='bbox 480 2118 797 2178; x_wconf 85' lang='lat' dir='ltr'><strong>doctissime</strong></span> <span class='ocrx_word' id='word_1_238' title='bbox 816 2120 1048 2192; x_wconf 65' lang='lat' dir='ltr'><strong>Prtsul,</strong></span> <span class='ocrx_word' id='word_1_239' title='bbox 1078 2121 1170 2192; x_wconf 83' lang='lat' dir='ltr'><strong>qui</strong></span> <span class='ocrx_word' id='word_1_240' title='bbox 1201 2122 1251 2176; x_wconf 90' lang='lat' dir='ltr'><strong>in</strong></span> <span class='ocrx_word' id='word_1_241' title='bbox 1284 2119 1638 2177; x_wconf 83' lang='lat' dir='ltr'><strong>restituendis</strong></span> <span class='ocrx_word' id='word_1_242' title='bbox 1675 2132 1922 2178; x_wconf 79' lang='lat' dir='ltr'><strong>veterum</strong></span> <span class='ocrx_word' id='word_1_243' title='bbox 1952 2135 2071 2175; x_wconf 84' lang='lat' dir='ltr'><strong>mo-</strong></span> 
     </span>
    </p>
   </div>
   <div class='ocr_carea' id='block_1_39' title="bbox 469 2213 2065 2285">
    <p class='ocr_par' dir='ltr' id='par_1_39' title="bbox 469 2213 2065 2285">
     <span class='ocr_line' id='line_1_40' title="bbox 469 2213 2065 2285; baseline 0.001 -16"><span class='ocrx_word' id='word_1_244' title='bbox 469 2213 775 2285; x_wconf 86' lang='lat' dir='ltr'><strong>numentis,</strong></span> <span class='ocrx_word' id='word_1_245' title='bbox 805 2215 874 2271; x_wconf 86' lang='lat' dir='ltr'><strong>de</strong></span> <span class='ocrx_word' id='word_1_246' title='bbox 895 2231 956 2271; x_wconf 87' lang='lat' dir='ltr'><strong>re</strong></span> <span class='ocrx_word' id='word_1_247' title='bbox 989 2215 1250 2270; x_wconf 68' lang='lat' dir='ltr'><strong>litterario</strong></span> <span class='ocrx_word' id='word_1_248' title='bbox 1295 2215 1540 2272; x_wconf 89' lang='lat' dir='ltr'><strong>certatim</strong></span> <span class='ocrx_word' id='word_1_249' title='bbox 1567 2215 1709 2273; x_wconf 87' lang='lat' dir='ltr'><strong>bene</strong></span> <span class='ocrx_word' id='word_1_250' title='bbox 1731 2216 1930 2272; x_wconf 88' lang='lat' dir='ltr'><strong>mereri</strong></span> <span class='ocrx_word' id='word_1_251' title='bbox 1949 2225 2065 2270; x_wconf 85' lang='lat' dir='ltr'><strong>stn-</strong></span> 
     </span>
    </p>
   </div>
   <div class='ocr_carea' id='block_1_40' title="bbox 473 2309 2068 2383">
    <p class='ocr_par' dir='ltr' id='par_1_40' title="bbox 473 2309 2068 2383">
     <span class='ocr_line' id='line_1_41' title="bbox 473 2309 2068 2383; baseline 0.001 -18"><span class='ocrx_word' id='word_1_252' title='bbox 473 2309 677 2379; x_wconf 87' lang='lat' dir='ltr'><strong>deant,</strong></span> <span class='ocrx_word' id='word_1_253' title='bbox 704 2321 820 2366; x_wconf 87' lang='lat' dir='ltr'><strong>tum</strong></span> <span class='ocrx_word' id='word_1_254' title='bbox 846 2314 926 2366; x_wconf 83' lang='lat' dir='ltr'><strong>vel</strong></span> <span class='ocrx_word' id='word_1_255' title='bbox 957 2312 1011 2366; x_wconf 90' lang='lat' dir='ltr'><strong>in</strong></span> <span class='ocrx_word' id='word_1_256' title='bbox 1041 2311 1234 2383; x_wconf 83' lang='lat' dir='ltr'><strong>primis</strong></span> <span class='ocrx_word' id='word_1_257' title='bbox 1257 2311 1309 2366; x_wconf 90' lang='lat' dir='ltr'><strong>in</strong></span> <span class='ocrx_word' id='word_1_258' title='bbox 1337 2328 1526 2368; x_wconf 88' lang='lat' dir='ltr'><strong>eorum</strong></span> <span class='ocrx_word' id='word_1_259' title='bbox 1559 2313 1682 2368; x_wconf 86' lang='lat' dir='ltr'><strong>albo</strong></span> <span class='ocrx_word' id='word_1_260' title='bbox 1710 2324 1796 2368; x_wconf 87' lang='lat' dir='ltr'><strong>est</strong></span> <span class='ocrx_word' id='word_1_261' title='bbox 1826 2314 1911 2368; x_wconf 88' lang='lat' dir='ltr'><strong>vir</strong></span> <span class='ocrx_word' id='word_1_262' title='bbox 1933 2327 2068 2367; x_wconf 68' lang='lat' dir='ltr'><strong>cano</strong></span> 
     </span>
    </p>
   </div>
   <div class='ocr_carea' id='block_1_41' title="bbox 472 2402 2069 2477">
    <p class='ocr_par' dir='ltr' id='par_1_41' title="bbox 472 2402 2069 2477">
     <span class='ocr_line' id='line_1_42' title="bbox 472 2402 2069 2477; baseline 0 -18"><span class='ocrx_word' id='word_1_263' title='bbox 472 2402 790 2459; x_wconf 88' lang='lat' dir='ltr'><strong>didissiutus</strong></span> <span class='ocrx_word' id='word_1_264' title='bbox 825 2406 976 2474; x_wconf 77' lang='lat' dir='ltr'><strong>juxta</strong></span> <span class='ocrx_word' id='word_1_265' title='bbox 1023 2413 1186 2477; x_wconf 84' lang='lat' dir='ltr'><strong>atque</strong></span> <span class='ocrx_word' id='word_1_266' title='bbox 1235 2405 1474 2476; x_wconf 84' lang='lat' dir='ltr'><strong>optimus</strong></span> <span class='ocrx_word' id='word_1_267' title='bbox 1507 2404 1826 2476; x_wconf 77' lang='lat' dir='ltr'><strong>Godefridus</strong></span> <span class='ocrx_word' id='word_1_268' title='bbox 1867 2403 2069 2459; x_wconf 71' lang='lat' dir='ltr'><strong>llittoro</strong></span> 
     </span>
    </p>
   </div>
   <div class='ocr_carea' id='block_1_42' title="bbox 475 2497 2073 2570">
    <p class='ocr_par' dir='ltr' id='par_1_42' title="bbox 475 2497 2073 2570">
     <span class='ocr_line' id='line_1_43' title="bbox 475 2497 2073 2570; baseline 0.002 -20"><span class='ocrx_word' id='word_1_269' title='bbox 475 2499 628 2570; x_wconf 80' lang='lat' dir='ltr'><strong>pius,</strong></span> <span class='ocrx_word' id='word_1_270' title='bbox 659 2499 749 2569; x_wconf 84' lang='lat' dir='ltr'><strong>qui</strong></span> <span class='ocrx_word' id='word_1_271' title='bbox 797 2513 1094 2569; x_wconf 78' lang='lat' dir='ltr'><strong>numquam</strong></span> <span class='ocrx_word' id='word_1_272' title='bbox 1128 2513 1235 2553; x_wconf 85' lang='lat' dir='ltr'><strong>non</strong></span> <span class='ocrx_word' id='word_1_273' title='bbox 1267 2498 1472 2570; x_wconf 85' lang='lat' dir='ltr'><strong>aliquid</strong></span> <span class='ocrx_word' id='word_1_274' title='bbox 1503 2506 1750 2554; x_wconf 83' lang='lat' dir='ltr'><strong>veterum</strong></span> <span class='ocrx_word' id='word_1_275' title='bbox 1778 2497 2073 2553; x_wconf 82' lang='lat' dir='ltr'><strong>elucubra-</strong></span> 
     </span>
    </p>
   </div>
   <div class='ocr_carea' id='block_1_43' title="bbox 475 2591 2068 2663">
    <p class='ocr_par' dir='ltr' id='par_1_43' title="bbox 475 2591 2068 2663">
     <span class='ocr_line' id='line_1_44' title="bbox 475 2591 2068 2663; baseline 0.003 -19"><span class='ocrx_word' id='word_1_276' title='bbox 475 2594 684 2646; x_wconf 87' lang='lat' dir='ltr'><strong>tinnttnt</strong></span> <span class='ocrx_word' id='word_1_277' title='bbox 714 2606 816 2648; x_wconf 85' lang='lat' dir='ltr'><strong>suo</strong></span> <span class='ocrx_word' id='word_1_278' title='bbox 852 2592 1130 2663; x_wconf 85' lang='lat' dir='ltr'><strong>impendio</strong></span> <span class='ocrx_word' id='word_1_279' title='bbox 1168 2594 1254 2645; x_wconf 85' lang='lat' dir='ltr'><strong>vel</strong></span> <span class='ocrx_word' id='word_1_280' title='bbox 1283 2592 1564 2662; x_wconf 80' lang='lat' dir='ltr'><strong>purgatius</strong></span> <span class='ocrx_word' id='word_1_281' title='bbox 1595 2591 1680 2646; x_wconf 89' lang='lat' dir='ltr'><strong>vel</strong></span> <span class='ocrx_word' id='word_1_282' title='bbox 1712 2591 1986 2647; x_wconf 86' lang='lat' dir='ltr'><strong>elitnatins</strong></span> <span class='ocrx_word' id='word_1_283' title='bbox 2013 2592 2068 2648; x_wconf 86' lang='lat' dir='ltr'><strong>iu</strong></span> 
     </span>
    </p>
   </div>
   <div class='ocr_carea' id='block_1_44' title="bbox 471 2685 2071 2759">
    <p class='ocr_par' dir='ltr' id='par_1_44' title="bbox 471 2685 2071 2759">
     <span class='ocr_line' id='line_1_45' title="bbox 471 2685 2071 2759; baseline -0.003 -17"><span class='ocrx_word' id='word_1_284' title='bbox 471 2687 647 2742; x_wconf 84' lang='lat' dir='ltr'><strong>lucem</strong></span> <span class='ocrx_word' id='word_1_285' title='bbox 686 2687 896 2758; x_wconf 90' lang='lat' dir='ltr'><strong>profert</strong></span> <span class='ocrx_word' id='word_1_286' title='bbox 927 2704 940 2741; x_wconf 91' lang='lat'><strong>:</strong></span> <span class='ocrx_word' id='word_1_287' title='bbox 979 2696 1144 2759; x_wconf 82' lang='lat' dir='ltr'><strong>atque</strong></span> <span class='ocrx_word' id='word_1_288' title='bbox 1182 2686 1323 2742; x_wconf 85' lang='lat' dir='ltr'><strong>adeo</strong></span> <span class='ocrx_word' id='word_1_289' title='bbox 1355 2701 1529 2757; x_wconf 89' lang='lat' dir='ltr'><strong>nuper</strong></span> <span class='ocrx_word' id='word_1_290' title='bbox 1570 2700 1781 2741; x_wconf 88' lang='lat' dir='ltr'><strong>merum</strong></span> <span class='ocrx_word' id='word_1_291' title='bbox 1816 2685 1959 2755; x_wconf 78' lang='lat' dir='ltr'><strong>egit,</strong></span> <span class='ocrx_word' id='word_1_292' title='bbox 2007 2693 2071 2739; x_wconf 86' lang='lat' dir='ltr'><strong>ut</strong></span> 
     </span>
    </p>
   </div>
   <div class='ocr_carea' id='block_1_45' title="bbox 470 2777 2070 2846">
    <p class='ocr_par' dir='ltr' id='par_1_45' title="bbox 470 2777 2070 2846">
     <span class='ocr_line' id='line_1_46' title="bbox 470 2777 2070 2846; baseline -0.001 -12"><span class='ocrx_word' id='word_1_293' title='bbox 470 2778 696 2834; x_wconf 84' lang='lat' dir='ltr'><strong>Paulum</strong></span> <span class='ocrx_word' id='word_1_294' title='bbox 729 2779 878 2835; x_wconf 89' lang='lat' dir='ltr'><strong>illum</strong></span> <span class='ocrx_word' id='word_1_295' title='bbox 908 2779 1163 2834; x_wconf 83' lang='lat' dir='ltr'><strong>Orosinm</strong></span> <span class='ocrx_word' id='word_1_296' title='bbox 1191 2795 1316 2834; x_wconf 86' lang='lat' dir='ltr'><strong>cum</strong></span> <span class='ocrx_word' id='word_1_297' title='bbox 1343 2778 1620 2834; x_wconf 79' lang='lat' dir='ltr'><strong>veteribus</strong></span> <span class='ocrx_word' id='word_1_298' title='bbox 1644 2794 1705 2834; x_wconf 89' lang='lat' dir='ltr'><strong>ac</strong></span> <span class='ocrx_word' id='word_1_299' title='bbox 1729 2777 2070 2846; x_wconf 77' lang='lat' dir='ltr'><strong>mantISCrip-</strong></span> 
     </span>
    </p>
   </div>
   <div class='ocr_carea' id='block_1_46' title="bbox 468 2871 2066 2943">
    <p class='ocr_par' dir='ltr' id='par_1_46' title="bbox 468 2871 2066 2943">
     <span class='ocr_line' id='line_1_47' title="bbox 468 2871 2066 2943; baseline -0.001 -15"><span class='ocrx_word' id='word_1_300' title='bbox 468 2872 537 2928; x_wconf 61' lang='lat' dir='ltr'><strong>tis</strong></span> <span class='ocrx_word' id='word_1_301' title='bbox 567 2871 972 2942; x_wconf 80' lang='lat' dir='ltr'><strong>exemplaribus</strong></span> <span class='ocrx_word' id='word_1_302' title='bbox 1003 2872 1265 2927; x_wconf 84' lang='lat' dir='ltr'><strong>collatum</strong></span> <span class='ocrx_word' id='word_1_303' title='bbox 1285 2917 1298 2941; x_wconf 84' lang='lat'><strong>,</strong></span> <span class='ocrx_word' id='word_1_304' title='bbox 1331 2887 1360 2926; x_wconf 86' lang='lat' dir='ltr'><strong>a</strong></span> <span class='ocrx_word' id='word_1_305' title='bbox 1391 2881 1470 2928; x_wconf 73' lang='lat' dir='ltr'><strong>tut</strong></span> <span class='ocrx_word' id='word_1_306' title='bbox 1496 2871 1821 2927; x_wconf 78' lang='lat' dir='ltr'><strong>mendorum</strong></span> <span class='ocrx_word' id='word_1_307' title='bbox 1863 2871 2066 2943; x_wconf 56' lang='lat' dir='ltr'><strong>myrin.</strong></span> 
     </span>
    </p>
   </div>
   <div class='ocr_carea' id='block_1_47' title="bbox 466 2964 2068 3038">
    <p class='ocr_par' dir='ltr' id='par_1_47' title="bbox 466 2964 2068 3038">
     <span class='ocr_line' id='line_1_48' title="bbox 466 2964 2068 3038; baseline 0.001 -18"><span class='ocrx_word' id='word_1_308' title='bbox 466 2964 632 3020; x_wconf 85' lang='lat' dir='ltr'><strong>dibus</strong></span> <span class='ocrx_word' id='word_1_309' title='bbox 663 2980 762 3035; x_wconf 90' lang='lat' dir='ltr'><strong>pro</strong></span> <span class='ocrx_word' id='word_1_310' title='bbox 792 2967 996 3021; x_wconf 86' lang='lat' dir='ltr'><strong>viribus</strong></span> <span class='ocrx_word' id='word_1_311' title='bbox 1039 2966 1405 3021; x_wconf 72' lang='lat' dir='ltr'><strong>vindicarem:</strong></span> <span class='ocrx_word' id='word_1_312' title='bbox 1438 2966 1638 3037; x_wconf 82' lang='lat' dir='ltr'><strong>quibus</strong></span> <span class='ocrx_word' id='word_1_313' title='bbox 1678 2965 1899 3038; x_wconf 84' lang='lat' dir='ltr'><strong>quidem</strong></span> <span class='ocrx_word' id='word_1_314' title='bbox 1941 2967 2068 3021; x_wconf 87' lang='lat' dir='ltr'><strong>hac-</strong></span> 
     </span>
    </p>
   </div>
   <div class='ocr_carea' id='block_1_48' title="bbox 469 3059 2065 3128">
    <p class='ocr_par' dir='ltr' id='par_1_48' title="bbox 469 3059 2065 3128">
     <span class='ocr_line' id='line_1_49' title="bbox 469 3059 2065 3128; baseline 0.003 -16"><span class='ocrx_word' id='word_1_315' title='bbox 469 3067 628 3112; x_wconf 88' lang='lat' dir='ltr'><strong>tenus</strong></span> <span class='ocrx_word' id='word_1_316' title='bbox 655 3059 739 3112; x_wconf 86' lang='lat' dir='ltr'><strong>vel</strong></span> <span class='ocrx_word' id='word_1_317' title='bbox 763 3060 1160 3124; x_wconf 87' lang='lat' dir='ltr'><strong>somnolentia,</strong></span> <span class='ocrx_word' id='word_1_318' title='bbox 1186 3061 1272 3115; x_wconf 84' lang='lat' dir='ltr'><strong>vel</strong></span> <span class='ocrx_word' id='word_1_319' title='bbox 1306 3061 1518 3128; x_wconf 77' lang='lat' dir='ltr'><strong>ignavia</strong></span> <span class='ocrx_word' id='word_1_320' title='bbox 1545 3075 1642 3116; x_wconf 88' lang='lat' dir='ltr'><strong>seu</strong></span> <span class='ocrx_word' id='word_1_321' title='bbox 1671 3061 1844 3116; x_wconf 90' lang='lat' dir='ltr'><strong>mavis</strong></span> <span class='ocrx_word' id='word_1_322' title='bbox 1870 3061 2065 3117; x_wconf 80' lang='lat' dir='ltr'><strong>inertia</strong></span> 
     </span>
    </p>
   </div>
   <div class='ocr_carea' id='block_1_49' title="bbox 426 3152 2066 3231">
    <p class='ocr_par' dir='ltr' id='par_1_49' title="bbox 426 3152 2066 3231">
     <span class='ocr_line' id='line_1_50' title="bbox 426 3152 2066 3231; baseline 0.001 -25"><span class='ocrx_word' id='word_1_323' title='bbox 426 3227 431 3231; x_wconf 85' lang='lat'><em>_</em></span> <span class='ocrx_word' id='word_1_324' title='bbox 469 3159 582 3206; x_wconf 87' lang='lat' dir='ltr'><strong>tum</strong></span> <span class='ocrx_word' id='word_1_325' title='bbox 603 3152 751 3208; x_wconf 76' lang='lat' dir='ltr'><strong>scrib</strong></span> <span class='ocrx_word' id='word_1_326' title='bbox 766 3168 908 3206; x_wconf 84' lang='lat' dir='ltr'><strong>trum</strong></span> <span class='ocrx_word' id='word_1_327' title='bbox 929 3195 944 3221; x_wconf 92' lang='lat'><strong>,</strong></span> <span class='ocrx_word' id='word_1_328' title='bbox 976 3159 1091 3208; x_wconf 85' lang='lat' dir='ltr'><strong>tum</strong></span> <span class='ocrx_word' id='word_1_329' title='bbox 1121 3152 1650 3224; x_wconf 69' lang='lat' dir='ltr'><strong>chalciigraphorunt</strong></span> <span class='ocrx_word' id='word_1_330' title='bbox 1679 3153 1817 3209; x_wconf 88' lang='lat' dir='ltr'><strong>adeo</strong></span> <span class='ocrx_word' id='word_1_331' title='bbox 1849 3154 2066 3210; x_wconf 84' lang='lat' dir='ltr'><strong>mutila-</strong></span> 
     </span>
    </p>
   </div>
   <div class='ocr_carea' id='block_1_50' title="bbox 2175 1925 3778 2001">
    <p class='ocr_par' dir='ltr' id='par_1_50' title="bbox 2175 1925 3778 2001">
     <span class='ocr_line' id='line_1_51' title="bbox 2175 1925 3778 2001; baseline 0.003 -23"><span class='ocrx_word' id='word_1_332' title='bbox 2175 1934 2288 1978; x_wconf 87' lang='lat' dir='ltr'><strong>tttm</strong></span> <span class='ocrx_word' id='word_1_333' title='bbox 2320 1925 2557 1995; x_wconf 83' lang='lat' dir='ltr'><strong>amplius</strong></span> <span class='ocrx_word' id='word_1_334' title='bbox 2609 1939 2836 1991; x_wconf 79' lang='lat' dir='ltr'><strong>versus,</strong></span> <span class='ocrx_word' id='word_1_335' title='bbox 2889 1925 3140 1983; x_wconf 87' lang='lat' dir='ltr'><strong>mutilata</strong></span> <span class='ocrx_word' id='word_1_336' title='bbox 3193 1941 3392 1985; x_wconf 82' lang='lat' dir='ltr'><strong>sensus</strong></span> <span class='ocrx_word' id='word_1_337' title='bbox 3440 1928 3778 2001; x_wconf 62' lang='lat' dir='ltr'><strong>integritate,</strong></span> 
     </span>
    </p>
   </div>
   <div class='ocr_carea' id='block_1_51' title="bbox 2172 2020 3781 2096">
    <p class='ocr_par' dir='ltr' id='par_1_51' title="bbox 2172 2020 3781 2096">
     <span class='ocr_line' id='line_1_52' title="bbox 2172 2020 3781 2096; baseline 0.006 -24"><span class='ocrx_word' id='word_1_338' title='bbox 2172 2020 2374 2088; x_wconf 88' lang='lat' dir='ltr'><strong>passim</strong></span> <span class='ocrx_word' id='word_1_339' title='bbox 2409 2022 2757 2076; x_wconf 83' lang='lat' dir='ltr'><strong>intermissos</strong></span> <span class='ocrx_word' id='word_1_340' title='bbox 2781 2023 2805 2075; x_wconf 71' lang='grc' dir='ltr'><strong><em>τ</em></strong></span> <span class='ocrx_word' id='word_1_341' title='bbox 2833 2037 3065 2093; x_wconf 88' lang='lat' dir='ltr'><strong>quorum</strong></span> <span class='ocrx_word' id='word_1_342' title='bbox 3094 2033 3301 2090; x_wconf 88' lang='lat' dir='ltr'><strong>tamen,</strong></span> <span class='ocrx_word' id='word_1_343' title='bbox 3325 2038 3396 2080; x_wconf 88' lang='lat' dir='ltr'><strong>ne</strong></span> <span class='ocrx_word' id='word_1_344' title='bbox 3421 2024 3541 2096; x_wconf 74' lang='lat' dir='ltr'><strong>quis</strong></span> <span class='ocrx_word' id='word_1_345' title='bbox 3574 2038 3781 2081; x_wconf 87' lang='lat' dir='ltr'><strong>vanum</strong></span> 
     </span>
    </p>
   </div>
   <div class='ocr_carea' id='block_1_52' title="bbox 2180 2113 3782 2189">
    <p class='ocr_par' dir='ltr' id='par_1_52' title="bbox 2180 2113 3782 2189">
     <span class='ocr_line' id='line_1_53' title="bbox 2180 2113 3782 2189; baseline 0.003 -22"><span class='ocrx_word' id='word_1_346' title='bbox 2180 2127 2268 2168; x_wconf 91' lang='lat' dir='ltr'><strong>me</strong></span> <span class='ocrx_word' id='word_1_347' title='bbox 2295 2121 2472 2184; x_wconf 85' lang='lat' dir='ltr'><strong>pntct,</strong></span> <span class='ocrx_word' id='word_1_348' title='bbox 2500 2129 2532 2168; x_wconf 92' lang='lat' dir='ltr'><strong>e</strong></span> <span class='ocrx_word' id='word_1_349' title='bbox 2559 2113 2748 2170; x_wconf 84' lang='lat' dir='ltr'><strong>multis</strong></span> <span class='ocrx_word' id='word_1_350' title='bbox 2797 2128 2999 2186; x_wconf 86' lang='lat' dir='ltr'><strong>paucos</strong></span> <span class='ocrx_word' id='word_1_351' title='bbox 3047 2115 3319 2172; x_wconf 78' lang='lat' dir='ltr'><strong>indicabo.</strong></span> <span class='ocrx_word' id='word_1_352' title='bbox 3353 2114 3539 2189; x_wconf 79' lang='lat' dir='ltr'><strong>Itaque</strong></span> <span class='ocrx_word' id='word_1_353' title='bbox 3591 2120 3782 2172; x_wconf 84' lang='lat' dir='ltr'><strong>conte-</strong></span> 
     </span>
    </p>
   </div>
   <div class='ocr_carea' id='block_1_53' title="bbox 2181 2209 3778 2280">
    <p class='ocr_par' dir='ltr' id='par_1_53' title="bbox 2181 2209 3778 2280">
     <span class='ocr_line' id='line_1_54' title="bbox 2181 2209 3778 2280; baseline 0.003 -16"><span class='ocrx_word' id='word_1_354' title='bbox 2181 2217 2337 2264; x_wconf 78' lang='lat' dir='ltr'><strong>ratur</strong></span> <span class='ocrx_word' id='word_1_355' title='bbox 2370 2210 2584 2264; x_wconf 88' lang='lat' dir='ltr'><strong>initium</strong></span> <span class='ocrx_word' id='word_1_356' title='bbox 2607 2211 2799 2280; x_wconf 84' lang='lat' dir='ltr'><strong>capitis</strong></span> <span class='ocrx_word' id='word_1_357' title='bbox 2827 2209 2976 2266; x_wconf 88' lang='lat' dir='ltr'><strong>tertii</strong></span> <span class='ocrx_word' id='word_1_358' title='bbox 2999 2209 3125 2267; x_wconf 87' lang='lat' dir='ltr'><strong>libri</strong></span> <span class='ocrx_word' id='word_1_359' title='bbox 3151 2226 3191 2268; x_wconf 85' lang='lat' dir='ltr'><strong>tt</strong></span> <span class='ocrx_word' id='word_1_360' title='bbox 3217 2211 3310 2267; x_wconf 85' lang='lat' dir='ltr'><strong>ubi</strong></span> <span class='ocrx_word' id='word_1_361' title='bbox 3335 2226 3401 2268; x_wconf 86' lang='lat' dir='ltr'><strong>ea</strong></span> <span class='ocrx_word' id='word_1_362' title='bbox 3429 2212 3595 2268; x_wconf 81' lang='lat' dir='ltr'><strong>verba</strong></span> <span class='ocrx_word' id='word_1_363' title='bbox 3625 2211 3778 2269; x_wconf 80' lang='lat' dir='ltr'><strong>desi-</strong></span> 
     </span>
    </p>
   </div>
   <div class='ocr_carea' id='block_1_54' title="bbox 2172 2302 3782 2371">
    <p class='ocr_par' dir='ltr' id='par_1_54' title="bbox 2172 2302 3782 2371">
     <span class='ocr_line' id='line_1_55' title="bbox 2172 2302 3782 2371; baseline 0.001 -12"><span class='ocrx_word' id='word_1_364' title='bbox 2172 2303 2503 2360; x_wconf 83' lang='lat' dir='ltr'><strong>tIcrabantur</strong></span> <span class='ocrx_word' id='word_1_365' title='bbox 2528 2320 2543 2360; x_wconf 89' lang='lat'><strong>:</strong></span> <span class='ocrx_word' id='word_1_366' title='bbox 2575 2302 2676 2358; x_wconf 88' lang='lat' dir='ltr'><strong>Cui</strong></span> <span class='ocrx_word' id='word_1_367' title='bbox 2705 2306 2978 2371; x_wconf 81' lang='lat' dir='ltr'><strong>successit,</strong></span> <span class='ocrx_word' id='word_1_368' title='bbox 3019 2314 3076 2359; x_wconf 86' lang='lat' dir='ltr'><strong>ut</strong></span> <span class='ocrx_word' id='word_1_369' title='bbox 3099 2307 3233 2370; x_wconf 70' lang='lat' dir='ltr'><strong>dixi,</strong></span> <span class='ocrx_word' id='word_1_370' title='bbox 3262 2321 3400 2362; x_wconf 81' lang='lat' dir='ltr'><strong>tta&#39;or</strong></span> <span class='ocrx_word' id='word_1_371' title='bbox 3421 2322 3522 2362; x_wconf 74' lang='lat' dir='ltr'><strong>sua</strong></span> <span class='ocrx_word' id='word_1_372' title='bbox 3541 2305 3782 2362; x_wconf 78' lang='lat' dir='ltr'><strong>Semira-</strong></span> 
     </span>
    </p>
   </div>
   <div class='ocr_carea' id='block_1_55' title="bbox 2171 2401 3770 2474">
    <p class='ocr_par' dir='ltr' id='par_1_55' title="bbox 2171 2401 3770 2474">
     <span class='ocr_line' id='line_1_56' title="bbox 2171 2401 3770 2474; baseline 0.003 -21"><span class='ocrx_word' id='word_1_373' title='bbox 2171 2401 2288 2464; x_wconf 86' lang='lat' dir='ltr'><strong>mis,</strong></span> <span class='ocrx_word' id='word_1_374' title='bbox 2313 2415 2429 2472; x_wconf 71' lang='lat' dir='ltr'><strong>quae</strong></span> <span class='ocrx_word' id='word_1_375' title='bbox 2448 2415 2566 2454; x_wconf 80' lang='lat' dir='ltr'><strong>cunt</strong></span> <span class='ocrx_word' id='word_1_376' title='bbox 2587 2411 2632 2454; x_wconf 87' lang='lat' dir='ltr'><strong>et</strong></span> <span class='ocrx_word' id='word_1_377' title='bbox 2655 2401 2770 2473; x_wconf 84' lang='lat' dir='ltr'><strong>ipsa</strong></span> <span class='ocrx_word' id='word_1_378' title='bbox 2786 2402 2859 2457; x_wconf 67' lang='grc'><strong>69.</strong></span> <span class='ocrx_word' id='word_1_379' title='bbox 2883 2401 3036 2456; x_wconf 78' lang='lat' dir='ltr'><strong>annis</strong></span> <span class='ocrx_word' id='word_1_380' title='bbox 3061 2412 3326 2474; x_wconf 76' lang='lat' dir='ltr'><strong>regnaret,</strong></span> <span class='ocrx_word' id='word_1_381' title='bbox 3343 2413 3455 2460; x_wconf 83' lang='lat' dir='ltr'><strong>etc.</strong></span> <span class='ocrx_word' id='word_1_382' title='bbox 3483 2402 3618 2459; x_wconf 83' lang='lat' dir='ltr'><strong>Item</strong></span> <span class='ocrx_word' id='word_1_383' title='bbox 3643 2419 3770 2474; x_wconf 87' lang='lat' dir='ltr'><strong>cap.</strong></span> 
     </span>
    </p>
   </div>
   <div class='ocr_carea' id='block_1_56' title="bbox 2174 2492 3773 2566">
    <p class='ocr_par' dir='ltr' id='par_1_56' title="bbox 2174 2492 3773 2566">
     <span class='ocr_line' id='line_1_57' title="bbox 2174 2492 3773 2566; baseline 0.004 -18"><span class='ocrx_word' id='word_1_384' title='bbox 2174 2492 2241 2548; x_wconf 79' lang='grc' dir='ltr'><strong><em>Π</em></strong></span> <span class='ocrx_word' id='word_1_385' title='bbox 2273 2502 2330 2546; x_wconf 91' lang='lat' dir='ltr'><strong>ut</strong></span> <span class='ocrx_word' id='word_1_386' title='bbox 2358 2494 2462 2548; x_wconf 89' lang='lat' dir='ltr'><strong>alia</strong></span> <span class='ocrx_word' id='word_1_387' title='bbox 2515 2505 2810 2560; x_wconf 85' lang='lat' dir='ltr'><strong>transeam,</strong></span> <span class='ocrx_word' id='word_1_388' title='bbox 2842 2494 2963 2551; x_wconf 87' lang='lat' dir='ltr'><strong>libri</strong></span> <span class='ocrx_word' id='word_1_389' title='bbox 2987 2509 3042 2562; x_wconf 94' lang='lat' dir='ltr'><strong>v,</strong></span> <span class='ocrx_word' id='word_1_390' title='bbox 3072 2511 3165 2552; x_wconf 84' lang='lat' dir='ltr'><strong>sex</strong></span> <span class='ocrx_word' id='word_1_391' title='bbox 3201 2495 3322 2566; x_wconf 89' lang='lat' dir='ltr'><strong>plus</strong></span> <span class='ocrx_word' id='word_1_392' title='bbox 3351 2495 3532 2552; x_wconf 89' lang='lat' dir='ltr'><strong>minus</strong></span> <span class='ocrx_word' id='word_1_393' title='bbox 3581 2512 3773 2554; x_wconf 84' lang='lat' dir='ltr'><strong>versus</strong></span> 
     </span>
    </p>
   </div>
   <div class='ocr_carea' id='block_1_57' title="bbox 2170 2587 3767 2664">
    <p class='ocr_par' dir='ltr' id='par_1_57' title="bbox 2170 2587 3767 2664">
     <span class='ocr_line' id='line_1_58' title="bbox 2170 2587 3767 2664; baseline 0 -20"><span class='ocrx_word' id='word_1_394' title='bbox 2170 2589 2318 2644; x_wconf 85' lang='lat' dir='ltr'><strong>nulla</strong></span> <span class='ocrx_word' id='word_1_395' title='bbox 2365 2587 2572 2658; x_wconf 87' lang='lat' dir='ltr'><strong>alioqui</strong></span> <span class='ocrx_word' id='word_1_396' title='bbox 2627 2598 2919 2647; x_wconf 89' lang='lat' dir='ltr'><strong>constante</strong></span> <span class='ocrx_word' id='word_1_397' title='bbox 2969 2589 3238 2646; x_wconf 72' lang='lat' dir='ltr'><strong>sententia</strong></span> <span class='ocrx_word' id='word_1_398' title='bbox 3299 2592 3767 2664; x_wconf 86' lang='lat' dir='ltr'><strong>requirebantur,</strong></span> 
     </span>
    </p>
   </div>
   <div class='ocr_carea' id='block_1_58' title="bbox 2171 2678 3769 2757">
    <p class='ocr_par' dir='ltr' id='par_1_58' title="bbox 2171 2678 3769 2757">
     <span class='ocr_line' id='line_1_59' title="bbox 2171 2678 3769 2757; baseline 0.003 -21"><span class='ocrx_word' id='word_1_399' title='bbox 2171 2695 2366 2750; x_wconf 74' lang='lat' dir='ltr'><strong>nempe</strong></span> <span class='ocrx_word' id='word_1_400' title='bbox 2393 2680 2465 2735; x_wconf 87' lang='lat' dir='ltr'><strong>ibi</strong></span> <span class='ocrx_word' id='word_1_401' title='bbox 2496 2697 2509 2734; x_wconf 89' lang='lat'><strong>:</strong></span> <span class='ocrx_word' id='word_1_402' title='bbox 2550 2678 2650 2735; x_wconf 84' lang='lat' dir='ltr'><strong>Die</strong></span> <span class='ocrx_word' id='word_1_403' title='bbox 2692 2682 2834 2735; x_wconf 80' lang='lat' dir='ltr'><strong>dicta</strong></span> <span class='ocrx_word' id='word_1_404' title='bbox 2879 2699 2911 2735; x_wconf 88' lang='lat' dir='ltr'><strong>a</strong></span> <span class='ocrx_word' id='word_1_405' title='bbox 2949 2683 3234 2754; x_wconf 77' lang='lat' dir='ltr'><strong>suppositis</strong></span> <span class='ocrx_word' id='word_1_406' title='bbox 3261 2685 3498 2757; x_wconf 71' lang='lat' dir='ltr'><strong>ejusdem</strong></span> <span class='ocrx_word' id='word_1_407' title='bbox 3525 2686 3769 2757; x_wconf 72' lang='lat' dir='ltr'><strong>[actionis</strong></span> 
     </span>
    </p>
   </div>
   <div class='ocr_carea' id='block_1_59' title="bbox 2159 2776 3764 2848">
    <p class='ocr_par' dir='ltr' id='par_1_59' title="bbox 2159 2776 3764 2848">
     <span class='ocr_line' id='line_1_60' title="bbox 2159 2776 3764 2848; baseline 0.003 -18"><span class='ocrx_word' id='word_1_408' title='bbox 2159 2776 2446 2848; x_wconf 75' lang='lat' dir='ltr'><strong>judicibtts,</strong></span> <span class='ocrx_word' id='word_1_409' title='bbox 2472 2793 2564 2846; x_wconf 82' lang='lat' dir='ltr'><strong>per</strong></span> <span class='ocrx_word' id='word_1_410' title='bbox 2586 2778 2757 2832; x_wconf 68' lang='lat' dir='ltr'><strong>scelus</strong></span> <span class='ocrx_word' id='word_1_411' title='bbox 2795 2779 3044 2833; x_wconf 81' lang='lat' dir='ltr'><strong>innocens</strong></span> <span class='ocrx_word' id='word_1_412' title='bbox 3088 2777 3336 2834; x_wconf 76' lang='lat' dir='ltr'><strong>Metellus</strong></span> <span class='ocrx_word' id='word_1_413' title='bbox 3372 2779 3681 2846; x_wconf 77' lang='lat' dir='ltr'><strong>damnatus,</strong></span> <span class='ocrx_word' id='word_1_414' title='bbox 3713 2781 3764 2835; x_wconf 75' lang='lat' dir='ltr'><strong>in</strong></span> 
     </span>
    </p>
   </div>
   <div class='ocr_carea' id='block_1_60' title="bbox 2167 2868 3763 2946">
    <p class='ocr_par' dir='ltr' id='par_1_60' title="bbox 2167 2868 3763 2946">
     <span class='ocr_line' id='line_1_61' title="bbox 2167 2868 3763 2946; baseline 0.004 -22"><span class='ocrx_word' id='word_1_415' title='bbox 2167 2869 2412 2924; x_wconf 72' lang='lat' dir='ltr'><strong>exsilium</strong></span> <span class='ocrx_word' id='word_1_416' title='bbox 2455 2885 2574 2922; x_wconf 83' lang='lat' dir='ltr'><strong>cum</strong></span> <span class='ocrx_word' id='word_1_417' title='bbox 2619 2869 2778 2923; x_wconf 80' lang='lat' dir='ltr'><strong>totius</strong></span> <span class='ocrx_word' id='word_1_418' title='bbox 2813 2868 2968 2925; x_wconf 83' lang='lat' dir='ltr'><strong>Urbis</strong></span> <span class='ocrx_word' id='word_1_419' title='bbox 3016 2872 3196 2927; x_wconf 81' lang='lat' dir='ltr'><strong>dolore</strong></span> <span class='ocrx_word' id='word_1_420' title='bbox 3239 2873 3514 2942; x_wconf 80' lang='lat' dir='ltr'><strong>discessit;</strong></span> <span class='ocrx_word' id='word_1_421' title='bbox 3563 2883 3621 2930; x_wconf 87' lang='lat' dir='ltr'><strong>et</strong></span> <span class='ocrx_word' id='word_1_422' title='bbox 3645 2889 3763 2946; x_wconf 71' lang='lat' dir='ltr'><strong>qua:</strong></span> 
     </span>
    </p>
   </div>
   <div class='ocr_carea' id='block_1_61' title="bbox 2166 2962 3764 3039">
    <p class='ocr_par' dir='ltr' id='par_1_61' title="bbox 2166 2962 3764 3039">
     <span class='ocr_line' id='line_1_62' title="bbox 2166 2962 3764 3039; baseline 0.004 -23"><span class='ocrx_word' id='word_1_423' title='bbox 2166 2971 2469 3031; x_wconf 81' lang='lat' dir='ltr'><strong>sequuntur</strong></span> <span class='ocrx_word' id='word_1_424' title='bbox 2501 2977 2690 3031; x_wconf 86' lang='lat' dir='ltr'><strong>usque,</strong></span> <span class='ocrx_word' id='word_1_425' title='bbox 2719 2962 3002 3033; x_wconf 76' lang='lat' dir='ltr'><strong>infamibus</strong></span> <span class='ocrx_word' id='word_1_426' title='bbox 3029 2965 3264 3020; x_wconf 80' lang='lat' dir='ltr'><strong>ausibus.</strong></span> <span class='ocrx_word' id='word_1_427' title='bbox 3300 2964 3500 3022; x_wconf 86' lang='lat' dir='ltr'><strong>Itidem</strong></span> <span class='ocrx_word' id='word_1_428' title='bbox 3524 2981 3648 3039; x_wconf 81' lang='lat' dir='ltr'><strong>cap.</strong></span> <span class='ocrx_word' id='word_1_429' title='bbox 3678 2979 3764 3022; x_wconf 85' lang='lat' dir='ltr'><strong>sc-</strong></span> 
     </span>
    </p>
   </div>
   <div class='ocr_carea' id='block_1_62' title="bbox 2166 3054 3764 3129">
    <p class='ocr_par' dir='ltr' id='par_1_62' title="bbox 2166 3054 3764 3129">
     <span class='ocr_line' id='line_1_63' title="bbox 2166 3054 3764 3129; baseline 0.004 -19"><span class='ocrx_word' id='word_1_430' title='bbox 2166 3057 2352 3125; x_wconf 86' lang='lat' dir='ltr'><strong>quenti</strong></span> <span class='ocrx_word' id='word_1_431' title='bbox 2381 3054 2629 3124; x_wconf 73' lang='lat' dir='ltr'><strong>ejusdem</strong></span> <span class='ocrx_word' id='word_1_432' title='bbox 2657 3055 2752 3109; x_wconf 85' lang='lat' dir='ltr'><strong>lib.</strong></span> <span class='ocrx_word' id='word_1_433' title='bbox 2791 3070 2896 3111; x_wconf 80' lang='lat' dir='ltr'><strong>non</strong></span> <span class='ocrx_word' id='word_1_434' title='bbox 2923 3058 3106 3112; x_wconf 88' lang='lat' dir='ltr'><strong>minus</strong></span> <span class='ocrx_word' id='word_1_435' title='bbox 3132 3065 3246 3113; x_wconf 89' lang='lat' dir='ltr'><strong>tres</strong></span> <span class='ocrx_word' id='word_1_436' title='bbox 3273 3059 3626 3129; x_wconf 65' lang='lat' dir='ltr'><strong>praetermissi</strong></span> <span class='ocrx_word' id='word_1_437' title='bbox 3651 3063 3764 3116; x_wconf 84' lang='lat' dir='ltr'><strong>tuc-</strong></span> 
     </span>
    </p>
   </div>
   <div class='ocr_carea' id='block_1_63' title="bbox 2175 3149 3765 3223">
    <p class='ocr_par' dir='ltr' id='par_1_63' title="bbox 2175 3149 3765 3223">
     <span class='ocr_line' id='line_1_64' title="bbox 2175 3149 3765 3223; baseline 0.006 -22"><span class='ocrx_word' id='word_1_438' title='bbox 2175 3159 2318 3216; x_wconf 88' lang='lat' dir='ltr'><strong>rant,</strong></span> <span class='ocrx_word' id='word_1_439' title='bbox 2349 3150 2421 3205; x_wconf 90' lang='lat' dir='ltr'><strong>ibi</strong></span> <span class='ocrx_word' id='word_1_440' title='bbox 2449 3166 2462 3202; x_wconf 90' lang='lat'>:</span> <span class='ocrx_word' id='word_1_441' title='bbox 2497 3149 2738 3223; x_wconf 78' lang='lat' dir='ltr'><strong>Namque</strong></span> <span class='ocrx_word' id='word_1_442' title='bbox 2763 3152 2838 3206; x_wconf 88' lang='lat' dir='ltr'><strong>ita</strong></span> <span class='ocrx_word' id='word_1_443' title='bbox 2867 3163 2920 3205; x_wconf 88' lang='lat' dir='ltr'><strong>ut</strong></span> <span class='ocrx_word' id='word_1_444' title='bbox 2949 3152 3164 3208; x_wconf 85' lang='lat' dir='ltr'><strong>attoniti</strong></span> <span class='ocrx_word' id='word_1_445' title='bbox 3196 3153 3381 3209; x_wconf 82' lang='lat' dir='ltr'><strong>timore</strong></span> <span class='ocrx_word' id='word_1_446' title='bbox 3403 3152 3635 3210; x_wconf 74' lang='lat' dir='ltr'><strong>hostium</strong></span> <span class='ocrx_word' id='word_1_447' title='bbox 3665 3164 3765 3211; x_wconf 83' lang='lat' dir='ltr'><strong>stc-</strong></span> 
     </span>
    </p>
   </div>
   <div class='ocr_carea' id='block_1_64' title="bbox 477 3223 3763 3318">
    <p class='ocr_par' dir='ltr' id='par_1_64' title="bbox 477 3223 3763 3318">
     <span class='ocr_line' id='line_1_65' title="bbox 477 3223 3763 3318; baseline 0.001 -17"><span class='ocrx_word' id='word_1_448' title='bbox 477 3255 563 3301; x_wconf 90' lang='lat' dir='ltr'><strong>tus</strong></span> <span class='ocrx_word' id='word_1_449' title='bbox 581 3287 598 3310; x_wconf 89' lang='lat'><strong>,</strong></span> <span class='ocrx_word' id='word_1_450' title='bbox 627 3258 914 3317; x_wconf 85' lang='lat' dir='ltr'><strong>corruptus</strong></span> <span class='ocrx_word' id='word_1_451' title='bbox 932 3289 946 3311; x_wconf 90' lang='lat'><strong>,</strong></span> <span class='ocrx_word' id='word_1_452' title='bbox 995 3262 1060 3303; x_wconf 87' lang='lat' dir='ltr'><strong>ac</strong></span> <span class='ocrx_word' id='word_1_453' title='bbox 1089 3223 1408 3318; x_wconf 87' lang='lat' dir='ltr'><strong>detnrpatus</strong></span> <span class='ocrx_word' id='word_1_454' title='bbox 1452 3246 1649 3310; x_wconf 84' lang='lat' dir='ltr'><strong>fuerat,</strong></span> <span class='ocrx_word' id='word_1_455' title='bbox 1673 3256 1732 3302; x_wconf 88' lang='lat' dir='ltr'><strong>ttt</strong></span> <span class='ocrx_word' id='word_1_456' title='bbox 1757 3248 1841 3303; x_wconf 87' lang='lat' dir='ltr'><strong>vel</strong></span> <span class='ocrx_word' id='word_1_457' title='bbox 1867 3248 2061 3304; x_wconf 86' lang='lat' dir='ltr'><strong>doctos</strong></span> <span class='ocrx_word' id='word_1_458' title='bbox 2096 3223 2144 3289; x_wconf 68' lang='grc' dir='ltr'>Ο</span> <span class='ocrx_word' id='word_1_459' title='bbox 2176 3251 2368 3308; x_wconf 86' lang='lat' dir='ltr'><strong>terant,</strong></span> <span class='ocrx_word' id='word_1_460' title='bbox 2389 3245 2484 3299; x_wconf 84' lang='lat' dir='ltr'><strong>alii</strong></span> <span class='ocrx_word' id='word_1_461' title='bbox 2505 3244 2774 3315; x_wconf 82' lang='lat' dir='ltr'><strong>stirpibus,</strong></span> <span class='ocrx_word' id='word_1_462' title='bbox 2798 3244 2893 3300; x_wconf 79' lang='lat' dir='ltr'><strong>alii</strong></span> <span class='ocrx_word' id='word_1_463' title='bbox 2913 3246 3052 3301; x_wconf 69' lang='lat' dir='ltr'><strong>saxis</strong></span> <span class='ocrx_word' id='word_1_464' title='bbox 3079 3245 3316 3314; x_wconf 72' lang='lat' dir='ltr'><strong>reclina,</strong></span> <span class='ocrx_word' id='word_1_465' title='bbox 3355 3247 3451 3303; x_wconf 89' lang='lat' dir='ltr'><strong>alii</strong></span> <span class='ocrx_word' id='word_1_466' title='bbox 3474 3251 3636 3306; x_wconf 81' lang='lat' dir='ltr'><strong>armis</strong></span> <span class='ocrx_word' id='word_1_467' title='bbox 3656 3251 3763 3306; x_wconf 84' lang='lat' dir='ltr'><strong>suis</strong></span> 
     </span>
    </p>
   </div>
   <div class='ocr_carea' id='block_1_65' title="bbox 469 3339 2058 3397">
    <p class='ocr_par' dir='ltr' id='par_1_65' title="bbox 469 3339 2058 3397">
     <span class='ocr_line' id='line_1_66' title="bbox 469 3339 2058 3397; baseline 0.001 -1"><span class='ocrx_word' id='word_1_468' title='bbox 469 3340 669 3396; x_wconf 88' lang='lat' dir='ltr'><strong>nedum</strong></span> <span class='ocrx_word' id='word_1_469' title='bbox 692 3340 945 3397; x_wconf 86' lang='lat' dir='ltr'><strong>rndiores</strong></span> <span class='ocrx_word' id='word_1_470' title='bbox 970 3355 1000 3394; x_wconf 92' lang='lat' dir='ltr'><strong>a</strong></span> <span class='ocrx_word' id='word_1_471' title='bbox 1023 3342 1108 3396; x_wconf 90' lang='lat' dir='ltr'><strong>sui</strong></span> <span class='ocrx_word' id='word_1_472' title='bbox 1139 3342 1372 3397; x_wconf 85' lang='lat' dir='ltr'><strong>lectione</strong></span> <span class='ocrx_word' id='word_1_473' title='bbox 1395 3341 1591 3395; x_wconf 88' lang='lat' dir='ltr'><strong>merito</strong></span> <span class='ocrx_word' id='word_1_474' title='bbox 1615 3340 1937 3396; x_wconf 89' lang='lat' dir='ltr'><strong>deterreret.</strong></span> <span class='ocrx_word' id='word_1_475' title='bbox 1963 3339 2058 3397; x_wconf 80' lang='lat' dir='ltr'><strong>Ne-</strong></span> 
     </span>
    </p>
   </div>
   <div class='ocr_carea' id='block_1_66' title="bbox 468 3433 2058 3506">
    <p class='ocr_par' dir='ltr' id='par_1_66' title="bbox 468 3433 2058 3506">
     <span class='ocr_line' id='line_1_67' title="bbox 468 3433 2058 3506; baseline 0.001 -19"><span class='ocrx_word' id='word_1_476' title='bbox 468 3449 576 3504; x_wconf 84' lang='lat' dir='ltr'><strong>que</strong></span> <span class='ocrx_word' id='word_1_477' title='bbox 623 3433 676 3489; x_wconf 89' lang='lat' dir='ltr'><strong>id</strong></span> <span class='ocrx_word' id='word_1_478' title='bbox 706 3433 1050 3500; x_wconf 87' lang='lat' dir='ltr'><strong>mehercule,</strong></span> <span class='ocrx_word' id='word_1_479' title='bbox 1095 3442 1353 3506; x_wconf 83' lang='lat' dir='ltr'><strong>quantum</strong></span> <span class='ocrx_word' id='word_1_480' title='bbox 1397 3434 1464 3490; x_wconf 90' lang='lat' dir='ltr'><strong>ad</strong></span> <span class='ocrx_word' id='word_1_481' title='bbox 1495 3442 1770 3490; x_wconf 77' lang='lat' dir='ltr'><strong>auctorem</strong></span> <span class='ocrx_word' id='word_1_482' title='bbox 1819 3436 2058 3501; x_wconf 86' lang='lat' dir='ltr'><strong>attinet;</strong></span> 
     </span>
    </p>
   </div>
   <div class='ocr_carea' id='block_1_67' title="bbox 471 3527 2063 3598">
    <p class='ocr_par' dir='ltr' id='par_1_67' title="bbox 471 3527 2063 3598">
     <span class='ocr_line' id='line_1_68' title="bbox 471 3527 2063 3598; baseline 0.001 -15"><span class='ocrx_word' id='word_1_483' title='bbox 471 3528 698 3584; x_wconf 86' lang='lat' dir='ltr'><strong>sinistro</strong></span> <span class='ocrx_word' id='word_1_484' title='bbox 727 3529 968 3598; x_wconf 78' lang='lat' dir='ltr'><strong>iudicio:</strong></span> <span class='ocrx_word' id='word_1_485' title='bbox 1001 3527 1272 3598; x_wconf 82' lang='lat' dir='ltr'><strong>siquidem</strong></span> <span class='ocrx_word' id='word_1_486' title='bbox 1304 3545 1444 3584; x_wconf 88' lang='lat' dir='ltr'><strong>unus</strong></span> <span class='ocrx_word' id='word_1_487' title='bbox 1469 3527 1562 3584; x_wconf 88' lang='lat' dir='ltr'><strong>ille</strong></span> <span class='ocrx_word' id='word_1_488' title='bbox 1591 3529 1848 3594; x_wconf 83' lang='lat' dir='ltr'><strong>Orosius,</strong></span> <span class='ocrx_word' id='word_1_489' title='bbox 1884 3530 1966 3584; x_wconf 90' lang='lat' dir='ltr'><strong>vir</strong></span> <span class='ocrx_word' id='word_1_490' title='bbox 2001 3538 2063 3585; x_wconf 90' lang='lat' dir='ltr'><strong>ut</strong></span> 
     </span>
    </p>
   </div>
   <div class='ocr_carea' id='block_1_68' title="bbox 469 3623 2057 3697">
    <p class='ocr_par' dir='ltr' id='par_1_68' title="bbox 469 3623 2057 3697">
     <span class='ocr_line' id='line_1_69' title="bbox 469 3623 2057 3697; baseline 0 -17"><span class='ocrx_word' id='word_1_491' title='bbox 469 3635 698 3697; x_wconf 83' lang='lat' dir='ltr'><strong>apparet</strong></span> <span class='ocrx_word' id='word_1_492' title='bbox 724 3626 968 3682; x_wconf 90' lang='lat' dir='ltr'><strong>omnium</strong></span> <span class='ocrx_word' id='word_1_493' title='bbox 1001 3625 1267 3682; x_wconf 88' lang='lat' dir='ltr'><strong>bonarum</strong></span> <span class='ocrx_word' id='word_1_494' title='bbox 1296 3624 1601 3682; x_wconf 84' lang='lat' dir='ltr'><strong>litterarum</strong></span> <span class='ocrx_word' id='word_1_495' title='bbox 1633 3623 1800 3680; x_wconf 88' lang='lat' dir='ltr'><strong>etiam</strong></span> <span class='ocrx_word' id='word_1_496' title='bbox 1847 3624 2057 3680; x_wconf 81' lang='lat' dir='ltr'><strong>divina-</strong></span> 
     </span>
    </p>
   </div>
   <div class='ocr_carea' id='block_1_69' title="bbox 473 3718 2064 3792">
    <p class='ocr_par' dir='ltr' id='par_1_69' title="bbox 473 3718 2064 3792">
     <span class='ocr_line' id='line_1_70' title="bbox 473 3718 2064 3792; baseline -0.001 -15"><span class='ocrx_word' id='word_1_497' title='bbox 473 3735 594 3777; x_wconf 86' lang='lat' dir='ltr'><strong>rum</strong></span> <span class='ocrx_word' id='word_1_498' title='bbox 627 3722 1020 3792; x_wconf 83' lang='lat' dir='ltr'><strong>peritissimus,</strong></span> <span class='ocrx_word' id='word_1_499' title='bbox 1054 3721 1101 3777; x_wconf 92' lang='lat' dir='ltr'><strong>is</strong></span> <span class='ocrx_word' id='word_1_500' title='bbox 1127 3730 1208 3776; x_wconf 87' lang='lat' dir='ltr'><strong>est</strong></span> <span class='ocrx_word' id='word_1_501' title='bbox 1230 3720 1321 3775; x_wconf 91' lang='lat' dir='ltr'><strong>cui</strong></span> <span class='ocrx_word' id='word_1_502' title='bbox 1345 3720 1430 3776; x_wconf 88' lang='lat' dir='ltr'><strong>vel</strong></span> <span class='ocrx_word' id='word_1_503' title='bbox 1460 3719 1562 3775; x_wconf 90' lang='lat' dir='ltr'><strong>soli</strong></span> <span class='ocrx_word' id='word_1_504' title='bbox 1598 3721 1650 3774; x_wconf 93' lang='lat' dir='ltr'><strong>in</strong></span> <span class='ocrx_word' id='word_1_505' title='bbox 1682 3718 1926 3774; x_wconf 84' lang='lat' dir='ltr'><strong>historiis</strong></span> <span class='ocrx_word' id='word_1_506' title='bbox 1947 3731 2064 3776; x_wconf 83' lang='lat' dir='ltr'><strong>me-</strong></span> 
     </span>
    </p>
   </div>
   <div class='ocr_carea' id='block_1_70' title="bbox 470 3809 2064 3884">
    <p class='ocr_par' dir='ltr' id='par_1_70' title="bbox 470 3809 2064 3884">
     <span class='ocr_line' id='line_1_71' title="bbox 470 3809 2064 3884; baseline -0.001 -15"><span class='ocrx_word' id='word_1_507' title='bbox 470 3815 578 3870; x_wconf 91' lang='lat' dir='ltr'><strong>rito</strong></span> <span class='ocrx_word' id='word_1_508' title='bbox 607 3814 742 3871; x_wconf 87' lang='lat' dir='ltr'><strong>fides</strong></span> <span class='ocrx_word' id='word_1_509' title='bbox 774 3815 962 3870; x_wconf 85' lang='lat' dir='ltr'><strong>haberi</strong></span> <span class='ocrx_word' id='word_1_510' title='bbox 993 3813 1211 3870; x_wconf 77' lang='lat' dir='ltr'><strong>delicat.</strong></span> <span class='ocrx_word' id='word_1_511' title='bbox 1240 3812 1452 3884; x_wconf 84' lang='lat' dir='ltr'><strong>Quippe</strong></span> <span class='ocrx_word' id='word_1_512' title='bbox 1481 3813 1573 3883; x_wconf 85' lang='lat' dir='ltr'><strong>qui</strong></span> <span class='ocrx_word' id='word_1_513' title='bbox 1602 3811 1765 3867; x_wconf 87' lang='lat' dir='ltr'><strong>homo</strong></span> <span class='ocrx_word' id='word_1_514' title='bbox 1795 3809 2064 3867; x_wconf 84' lang='lat' dir='ltr'><strong>Christia-</strong></span> 
     </span>
    </p>
   </div>
   <div class='ocr_carea' id='block_1_71' title="bbox 469 3903 2063 3981">
    <p class='ocr_par' dir='ltr' id='par_1_71' title="bbox 469 3903 2063 3981">
     <span class='ocr_line' id='line_1_72' title="bbox 469 3903 2063 3981; baseline -0.004 -16"><span class='ocrx_word' id='word_1_515' title='bbox 469 3925 601 3968; x_wconf 78' lang='lat' dir='ltr'><strong>nus.</strong></span> <span class='ocrx_word' id='word_1_516' title='bbox 633 3923 772 3964; x_wconf 85' lang='lat' dir='ltr'><strong>sano</strong></span> <span class='ocrx_word' id='word_1_517' title='bbox 799 3909 1124 3981; x_wconf 75' lang='lat' dir='ltr'><strong>integraque</strong></span> <span class='ocrx_word' id='word_1_518' title='bbox 1149 3905 1360 3978; x_wconf 83' lang='lat' dir='ltr'><strong>judicio</strong></span> <span class='ocrx_word' id='word_1_519' title='bbox 1386 3904 1682 3972; x_wconf 70' lang='lat' dir='ltr'><strong>prmditus,</strong></span> <span class='ocrx_word' id='word_1_520' title='bbox 1715 3903 1906 3960; x_wconf 78' lang='lat' dir='ltr'><strong>adha-c</strong></span> <span class='ocrx_word' id='word_1_521' title='bbox 1929 3903 2063 3960; x_wconf 89' lang='lat' dir='ltr'><strong>nulli</strong></span> 
     </span>
    </p>
   </div>
   <div class='ocr_carea' id='block_1_72' title="bbox 468 3997 2063 4074">
    <p class='ocr_par' dir='ltr' id='par_1_72' title="bbox 468 3997 2063 4074">
     <span class='ocr_line' id='line_1_73' title="bbox 468 3997 2063 4074; baseline -0.004 -16"><span class='ocrx_word' id='word_1_522' title='bbox 468 4002 718 4074; x_wconf 88' lang='lat' dir='ltr'><strong>privatim</strong></span> <span class='ocrx_word' id='word_1_523' title='bbox 769 4001 992 4058; x_wconf 78' lang='lat' dir='ltr'><strong>factioni</strong></span> <span class='ocrx_word' id='word_1_524' title='bbox 1044 4000 1324 4067; x_wconf 58' lang='lat' dir='ltr'><strong>addictus,</strong></span> <span class='ocrx_word' id='word_1_525' title='bbox 1355 4000 1492 4054; x_wconf 89' lang='lat' dir='ltr'><strong>nulli</strong></span> <span class='ocrx_word' id='word_1_526' title='bbox 1539 3999 1747 4054; x_wconf 88' lang='lat' dir='ltr'><strong>nationi</strong></span> <span class='ocrx_word' id='word_1_527' title='bbox 1789 4013 1886 4054; x_wconf 89' lang='lat' dir='ltr'><strong>seu</strong></span> <span class='ocrx_word' id='word_1_528' title='bbox 1915 3997 2063 4069; x_wconf 76' lang='lat' dir='ltr'><strong>genti</strong></span> 
     </span>
    </p>
   </div>
   <div class='ocr_carea' id='block_1_73' title="bbox 469 4090 2062 4166">
    <p class='ocr_par' dir='ltr' id='par_1_73' title="bbox 469 4090 2062 4166">
     <span class='ocr_line' id='line_1_74' title="bbox 469 4090 2062 4166; baseline -0.003 -15"><span class='ocrx_word' id='word_1_529' title='bbox 469 4095 687 4151; x_wconf 87' lang='lat' dir='ltr'><strong>deditus</strong></span> <span class='ocrx_word' id='word_1_530' title='bbox 704 4137 718 4160; x_wconf 90' lang='lat'><strong>,</strong></span> <span class='ocrx_word' id='word_1_531' title='bbox 742 4111 808 4150; x_wconf 76' lang='lat' dir='ltr'><strong>ex</strong></span> <span class='ocrx_word' id='word_1_532' title='bbox 831 4094 1054 4166; x_wconf 83' lang='lat' dir='ltr'><strong>aptitnis</strong></span> <span class='ocrx_word' id='word_1_533' title='bbox 1075 4093 1382 4164; x_wconf 82' lang='lat' dir='ltr'><strong>quibusque</strong></span> <span class='ocrx_word' id='word_1_534' title='bbox 1417 4091 1662 4147; x_wconf 83' lang='lat' dir='ltr'><strong>historiis</strong></span> <span class='ocrx_word' id='word_1_535' title='bbox 1688 4108 1751 4148; x_wconf 91' lang='lat' dir='ltr'><strong>ac</strong></span> <span class='ocrx_word' id='word_1_536' title='bbox 1773 4090 2062 4146; x_wconf 83' lang='lat' dir='ltr'><strong>annalibus</strong></span> 
     </span>
    </p>
   </div>
   <div class='ocr_carea' id='block_1_74' title="bbox 465 4182 2060 4257">
    <p class='ocr_par' dir='ltr' id='par_1_74' title="bbox 465 4182 2060 4257">
     <span class='ocr_line' id='line_1_75' title="bbox 465 4182 2060 4257; baseline -0.004 -15"><span class='ocrx_word' id='word_1_537' title='bbox 465 4190 576 4257; x_wconf 81' lang='lat' dir='ltr'><strong>jam</strong></span> <span class='ocrx_word' id='word_1_538' title='bbox 611 4186 739 4243; x_wconf 87' lang='lat' dir='ltr'><strong>inde</strong></span> <span class='ocrx_word' id='word_1_539' title='bbox 775 4186 846 4243; x_wconf 87' lang='lat' dir='ltr'><strong>ab</strong></span> <span class='ocrx_word' id='word_1_540' title='bbox 895 4184 1125 4243; x_wconf 85' lang='lat' dir='ltr'><strong>exordio</strong></span> <span class='ocrx_word' id='word_1_541' title='bbox 1169 4183 1388 4239; x_wconf 86' lang='lat' dir='ltr'><strong>humani</strong></span> <span class='ocrx_word' id='word_1_542' title='bbox 1431 4185 1651 4254; x_wconf 78' lang='lat' dir='ltr'><strong>generis</strong></span> <span class='ocrx_word' id='word_1_543' title='bbox 1706 4182 2060 4252; x_wconf 85' lang='lat' dir='ltr'><strong>conscriptis,</strong></span> 
     </span>
    </p>
   </div>
   <div class='ocr_carea' id='block_1_75' title="bbox 470 4273 2063 4351">
    <p class='ocr_par' dir='ltr' id='par_1_75' title="bbox 470 4273 2063 4351">
     <span class='ocr_line' id='line_1_76' title="bbox 470 4273 2063 4351; baseline -0.002 -18"><span class='ocrx_word' id='word_1_544' title='bbox 470 4280 595 4334; x_wconf 82' lang='lat' dir='ltr'><strong>divo</strong></span> <span class='ocrx_word' id='word_1_545' title='bbox 623 4294 841 4351; x_wconf 82' lang='lat' dir='ltr'><strong>quoque</strong></span> <span class='ocrx_word' id='word_1_546' title='bbox 890 4278 1194 4350; x_wconf 75' lang='lat' dir='ltr'><strong>Augustino</strong></span> <span class='ocrx_word' id='word_1_547' title='bbox 1245 4283 1471 4332; x_wconf 88' lang='lat' dir='ltr'><strong>auctore</strong></span> <span class='ocrx_word' id='word_1_548' title='bbox 1500 4278 1887 4347; x_wconf 77' lang='lat' dir='ltr'><strong>negotiumque</strong></span> <span class='ocrx_word' id='word_1_549' title='bbox 1915 4273 1967 4329; x_wconf 86' lang='lat' dir='ltr'><strong>id</strong></span> <span class='ocrx_word' id='word_1_550' title='bbox 2012 4276 2063 4332; x_wconf 93' lang='lat' dir='ltr'><strong>ei</strong></span> 
     </span>
    </p>
   </div>
   <div class='ocr_carea' id='block_1_76' title="bbox 471 4366 2061 4443">
    <p class='ocr_par' dir='ltr' id='par_1_76' title="bbox 471 4366 2061 4443">
     <span class='ocr_line' id='line_1_77' title="bbox 471 4366 2061 4443; baseline -0.001 -18"><span class='ocrx_word' id='word_1_551' title='bbox 471 4369 790 4443; x_wconf 77' lang='lat' dir='ltr'><strong>injungcnte</strong></span> <span class='ocrx_word' id='word_1_552' title='bbox 817 4372 968 4441; x_wconf 90' lang='lat' dir='ltr'><strong>(nam</strong></span> <span class='ocrx_word' id='word_1_553' title='bbox 1011 4378 1085 4424; x_wconf 83' lang='lat' dir='ltr'><strong>uti</strong></span> <span class='ocrx_word' id='word_1_554' title='bbox 1101 4367 1230 4439; x_wconf 84' lang='lat' dir='ltr'><strong>ique</strong></span> <span class='ocrx_word' id='word_1_555' title='bbox 1258 4366 1505 4425; x_wconf 87' lang='lat' dir='ltr'><strong>eamdem</strong></span> <span class='ocrx_word' id='word_1_556' title='bbox 1551 4367 1809 4425; x_wconf 77' lang='lat' dir='ltr'><strong>scribenti</strong></span> <span class='ocrx_word' id='word_1_557' title='bbox 1842 4381 2061 4424; x_wconf 87' lang='lat' dir='ltr'><strong>causam</strong></span> 
     </span>
    </p>
   </div>
   <div class='ocr_carea' id='block_1_77' title="bbox 471 4461 2061 4536">
    <p class='ocr_par' dir='ltr' id='par_1_77' title="bbox 471 4461 2061 4536">
     <span class='ocr_line' id='line_1_78' title="bbox 471 4461 2061 4536; baseline -0.002 -17"><span class='ocrx_word' id='word_1_558' title='bbox 471 4464 642 4522; x_wconf 82' lang='lat' dir='ltr'><strong>fuisse</strong></span> <span class='ocrx_word' id='word_1_559' title='bbox 659 4473 907 4533; x_wconf 87' lang='lat' dir='ltr'><strong>constat,</strong></span> <span class='ocrx_word' id='word_1_560' title='bbox 935 4462 1240 4536; x_wconf 76' lang='lat' dir='ltr'><strong>Augustino</strong></span> <span class='ocrx_word' id='word_1_561' title='bbox 1267 4462 1424 4518; x_wconf 85' lang='lat' dir='ltr'><strong>libris</strong></span> <span class='ocrx_word' id='word_1_562' title='bbox 1443 4461 1514 4517; x_wconf 88' lang='lat' dir='ltr'><strong>de</strong></span> <span class='ocrx_word' id='word_1_563' title='bbox 1542 4462 1778 4519; x_wconf 86' lang='lat' dir='ltr'><strong>Civitatc</strong></span> <span class='ocrx_word' id='word_1_564' title='bbox 1807 4461 1897 4519; x_wconf 89' lang='lat' dir='ltr'><strong>Dei</strong></span> <span class='ocrx_word' id='word_1_565' title='bbox 1924 4474 2061 4529; x_wconf 88' lang='lat' dir='ltr'><strong>xxu,</strong></span> 
     </span>
    </p>
   </div>
   <div class='ocr_carea' id='block_1_78' title="bbox 469 4555 2055 4629">
    <p class='ocr_par' dir='ltr' id='par_1_78' title="bbox 469 4555 2055 4629">
     <span class='ocr_line' id='line_1_79' title="bbox 469 4555 2055 4629; baseline -0.006 -12"><span class='ocrx_word' id='word_1_566' title='bbox 469 4559 667 4617; x_wconf 77' lang='lat' dir='ltr'><strong>Oresio</strong></span> <span class='ocrx_word' id='word_1_567' title='bbox 697 4559 783 4616; x_wconf 85' lang='lat' dir='ltr'><strong>his</strong></span> <span class='ocrx_word' id='word_1_568' title='bbox 809 4569 1019 4629; x_wconf 86' lang='lat' dir='ltr'><strong>septem</strong></span> <span class='ocrx_word' id='word_1_569' title='bbox 1045 4558 1556 4629; x_wconf 73' lang='lat' dir='ltr'><strong>falsaspaganorum</strong></span> <span class='ocrx_word' id='word_1_570' title='bbox 1584 4571 1682 4613; x_wconf 86' lang='lat' dir='ltr'><strong>seu</strong></span> <span class='ocrx_word' id='word_1_571' title='bbox 1714 4555 2055 4612; x_wconf 90' lang='lat' dir='ltr'><strong>ctlmicorum</strong></span> 
     </span>
    </p>
   </div>
   <div class='ocr_carea' id='block_1_79' title="bbox 2164 3337 3765 3407">
    <p class='ocr_par' dir='ltr' id='par_1_79' title="bbox 2164 3337 3765 3407">
     <span class='ocr_line' id='line_1_80' title="bbox 2164 3337 3765 3407; baseline 0.004 -15"><span class='ocrx_word' id='word_1_572' title='bbox 2164 3337 2460 3404; x_wconf 72' lang='lat' dir='ltr'><strong>innitentes,</strong></span> <span class='ocrx_word' id='word_1_573' title='bbox 2489 3350 2597 3394; x_wconf 85' lang='lat' dir='ltr'><strong>etc.</strong></span> <span class='ocrx_word' id='word_1_574' title='bbox 2639 3338 2779 3407; x_wconf 84' lang='lat' dir='ltr'><strong>Quid</strong></span> <span class='ocrx_word' id='word_1_575' title='bbox 2816 3339 2992 3396; x_wconf 90' lang='lat' dir='ltr'><strong>dicam</strong></span> <span class='ocrx_word' id='word_1_576' title='bbox 3023 3339 3093 3397; x_wconf 90' lang='lat' dir='ltr'><strong>de</strong></span> <span class='ocrx_word' id='word_1_577' title='bbox 3120 3349 3199 3396; x_wconf 90' lang='lat' dir='ltr'><strong>tot</strong></span> <span class='ocrx_word' id='word_1_578' title='bbox 3218 3341 3453 3400; x_wconf 87' lang='lat' dir='ltr'><strong>millibus</strong></span> <span class='ocrx_word' id='word_1_579' title='bbox 3477 3345 3765 3401; x_wconf 75' lang='lat' dir='ltr'><strong>verborum</strong></span> 
     </span>
    </p>
   </div>
   <div class='ocr_carea' id='block_1_80' title="bbox 2166 3431 3766 3511">
    <p class='ocr_par' dir='ltr' id='par_1_80' title="bbox 2166 3431 3766 3511">
     <span class='ocr_line' id='line_1_81' title="bbox 2166 3431 3766 3511; baseline 0.006 -24"><span class='ocrx_word' id='word_1_580' title='bbox 2166 3432 2248 3487; x_wconf 86' lang='lat' dir='ltr'><strong>vel</strong></span> <span class='ocrx_word' id='word_1_581' title='bbox 2272 3431 2537 3488; x_wconf 81' lang='lat' dir='ltr'><strong>rcStitutis</strong></span> <span class='ocrx_word' id='word_1_582' title='bbox 2559 3433 2643 3489; x_wconf 91' lang='lat' dir='ltr'><strong>vel</strong></span> <span class='ocrx_word' id='word_1_583' title='bbox 2669 3435 2720 3488; x_wconf 92' lang='lat' dir='ltr'><strong>in</strong></span> <span class='ocrx_word' id='word_1_584' title='bbox 2744 3433 2918 3489; x_wconf 86' lang='lat' dir='ltr'><strong>locum</strong></span> <span class='ocrx_word' id='word_1_585' title='bbox 2943 3434 3231 3504; x_wconf 72' lang='lat' dir='ltr'><strong>repositis?</strong></span> <span class='ocrx_word' id='word_1_586' title='bbox 3252 3436 3333 3492; x_wconf 81' lang='lat' dir='ltr'><strong>Ad</strong></span> <span class='ocrx_word' id='word_1_587' title='bbox 3357 3451 3518 3508; x_wconf 85' lang='lat' dir='ltr'><strong>quam</strong></span> <span class='ocrx_word' id='word_1_588' title='bbox 3546 3438 3766 3511; x_wconf 80' lang='lat' dir='ltr'><strong>quidem</strong></span> 
     </span>
    </p>
   </div>
   <div class='ocr_carea' id='block_1_81' title="bbox 2164 3529 3768 3598">
    <p class='ocr_par' dir='ltr' id='par_1_81' title="bbox 2164 3529 3768 3598">
     <span class='ocr_line' id='line_1_82' title="bbox 2164 3529 3768 3598; baseline 0.006 -16"><span class='ocrx_word' id='word_1_589' title='bbox 2164 3541 2280 3584; x_wconf 91' lang='lat' dir='ltr'><strong>rem</strong></span> <span class='ocrx_word' id='word_1_590' title='bbox 2313 3542 2420 3582; x_wconf 91' lang='lat' dir='ltr'><strong>non</strong></span> <span class='ocrx_word' id='word_1_591' title='bbox 2453 3542 2640 3598; x_wconf 88' lang='lat' dir='ltr'><strong>parum</strong></span> <span class='ocrx_word' id='word_1_592' title='bbox 2665 3531 2926 3585; x_wconf 86' lang='lat' dir='ltr'><strong>momenti</strong></span> <span class='ocrx_word' id='word_1_593' title='bbox 2946 3529 3108 3586; x_wconf 83' lang='lat' dir='ltr'><strong>nobis</strong></span> <span class='ocrx_word' id='word_1_594' title='bbox 3127 3530 3432 3588; x_wconf 88' lang='lat' dir='ltr'><strong>attulerunt</strong></span> <span class='ocrx_word' id='word_1_595' title='bbox 3457 3532 3558 3588; x_wconf 87' lang='lat' dir='ltr'><strong>tria</strong></span> <span class='ocrx_word' id='word_1_596' title='bbox 3583 3542 3768 3591; x_wconf 78' lang='lat' dir='ltr'><strong>vetus-</strong></span> 
     </span>
    </p>
   </div>
   <div class='ocr_carea' id='block_1_82' title="bbox 2165 3621 3770 3696">
    <p class='ocr_par' dir='ltr' id='par_1_82' title="bbox 2165 3621 3770 3696">
     <span class='ocr_line' id='line_1_83' title="bbox 2165 3621 3770 3696; baseline 0.007 -21"><span class='ocrx_word' id='word_1_597' title='bbox 2165 3621 2375 3677; x_wconf 81' lang='lat' dir='ltr'><strong>tissima</strong></span> <span class='ocrx_word' id='word_1_598' title='bbox 2400 3623 2731 3695; x_wconf 89' lang='lat' dir='ltr'><strong>exemplaria</strong></span> <span class='ocrx_word' id='word_1_599' title='bbox 2763 3623 2994 3694; x_wconf 88' lang='lat' dir='ltr'><strong>scripta,</strong></span> <span class='ocrx_word' id='word_1_600' title='bbox 3023 3639 3256 3696; x_wconf 86' lang='lat' dir='ltr'><strong>quorum</strong></span> <span class='ocrx_word' id='word_1_601' title='bbox 3284 3641 3450 3683; x_wconf 78' lang='lat' dir='ltr'><strong>unum</strong></span> <span class='ocrx_word' id='word_1_602' title='bbox 3481 3627 3572 3684; x_wconf 80' lang='lat' dir='ltr'><strong>vix</strong></span> <span class='ocrx_word' id='word_1_603' title='bbox 3603 3627 3770 3687; x_wconf 82' lang='lat' dir='ltr'><strong>hodie</strong></span> 
     </span>
    </p>
   </div>
   <div class='ocr_carea' id='block_1_83' title="bbox 2162 3714 3770 3792">
    <p class='ocr_par' dir='ltr' id='par_1_83' title="bbox 2162 3714 3770 3792">
     <span class='ocr_line' id='line_1_84' title="bbox 2162 3714 3770 3792; baseline 0.006 -23"><span class='ocrx_word' id='word_1_604' title='bbox 2162 3714 2745 3786; x_wconf 64' lang='lat' dir='ltr'><strong>nmiiautlcgibilibus</strong></span> <span class='ocrx_word' id='word_1_605' title='bbox 2770 3718 3078 3772; x_wconf 87' lang='lat' dir='ltr'><strong>litterarum</strong></span> <span class='ocrx_word' id='word_1_606' title='bbox 3112 3717 3300 3790; x_wconf 78' lang='lat' dir='ltr'><strong>figuris</strong></span> <span class='ocrx_word' id='word_1_607' title='bbox 3320 3719 3660 3792; x_wconf 86' lang='lat' dir='ltr'><strong>descriptum</strong></span> <span class='ocrx_word' id='word_1_608' title='bbox 3689 3721 3770 3778; x_wconf 82' lang='lat' dir='ltr'><strong>hi-</strong></span> 
     </span>
    </p>
   </div>
   <div class='ocr_carea' id='block_1_84' title="bbox 2161 3808 3764 3886">
    <p class='ocr_par' dir='ltr' id='par_1_84' title="bbox 2161 3808 3764 3886">
     <span class='ocr_line' id='line_1_85' title="bbox 2161 3808 3764 3886; baseline 0.006 -22"><span class='ocrx_word' id='word_1_609' title='bbox 2161 3808 2435 3865; x_wconf 87' lang='lat' dir='ltr'><strong>bliotlteca</strong></span> <span class='ocrx_word' id='word_1_610' title='bbox 2481 3809 2704 3880; x_wconf 80' lang='lat' dir='ltr'><strong>majoris</strong></span> <span class='ocrx_word' id='word_1_611' title='bbox 2736 3810 3000 3868; x_wconf 62' lang='lat' dir='ltr'><strong>Ecclesia:</strong></span> <span class='ocrx_word' id='word_1_612' title='bbox 3037 3813 3333 3870; x_wconf 87' lang='lat' dir='ltr'><strong>Colonien.</strong></span> <span class='ocrx_word' id='word_1_613' title='bbox 3379 3814 3764 3886; x_wconf 76' lang='lat' dir='ltr'><strong>suppeditavit.</strong></span> 
     </span>
    </p>
   </div>
   <div class='ocr_carea' id='block_1_85' title="bbox 2163 3903 3771 3975">
    <p class='ocr_par' dir='ltr' id='par_1_85' title="bbox 2163 3903 3771 3975">
     <span class='ocr_line' id='line_1_86' title="bbox 2163 3903 3771 3975; baseline 0.003 -16"><span class='ocrx_word' id='word_1_614' title='bbox 2163 3903 2326 3974; x_wconf 81' lang='lat' dir='ltr'><strong>Atqui</strong></span> <span class='ocrx_word' id='word_1_615' title='bbox 2363 3906 2552 3975; x_wconf 86' lang='lat' dir='ltr'><strong>quanti</strong></span> <span class='ocrx_word' id='word_1_616' title='bbox 2585 3904 2788 3975; x_wconf 73' lang='lat' dir='ltr'><strong>negotii</strong></span> <span class='ocrx_word' id='word_1_617' title='bbox 2819 3918 2913 3961; x_wconf 89' lang='lat' dir='ltr'><strong>res</strong></span> <span class='ocrx_word' id='word_1_618' title='bbox 2939 3903 3105 3962; x_wconf 90' lang='lat' dir='ltr'><strong>fuerit</strong></span> <span class='ocrx_word' id='word_1_619' title='bbox 3135 3906 3190 3961; x_wconf 91' lang='lat' dir='ltr'><strong>in</strong></span> <span class='ocrx_word' id='word_1_620' title='bbox 3221 3915 3368 3964; x_wconf 85' lang='lat' dir='ltr'><strong>tanta</strong></span> <span class='ocrx_word' id='word_1_621' title='bbox 3397 3907 3650 3966; x_wconf 83' lang='lat' dir='ltr'><strong>codicum</strong></span> <span class='ocrx_word' id='word_1_622' title='bbox 3675 3924 3771 3964; x_wconf 82' lang='lat' dir='ltr'><strong>va-</strong></span> 
     </span>
    </p>
   </div>
   <div class='ocr_carea' id='block_1_86' title="bbox 2165 3997 3753 4074">
    <p class='ocr_par' dir='ltr' id='par_1_86' title="bbox 2165 3997 3753 4074">
     <span class='ocr_line' id='line_1_87' title="bbox 2165 3997 3753 4074; baseline 0.006 -22"><span class='ocrx_word' id='word_1_623' title='bbox 2165 3998 2432 4070; x_wconf 77' lang='lat' dir='ltr'><strong>riegantia</strong></span> <span class='ocrx_word' id='word_1_624' title='bbox 2461 4012 2559 4055; x_wconf 90' lang='lat' dir='ltr'><strong>seu</strong></span> <span class='ocrx_word' id='word_1_625' title='bbox 2606 3997 2951 4068; x_wconf 89' lang='lat' dir='ltr'><strong>dissidentia,</strong></span> <span class='ocrx_word' id='word_1_626' title='bbox 2980 4000 3074 4058; x_wconf 90' lang='lat' dir='ltr'><strong>ubi</strong></span> <span class='ocrx_word' id='word_1_627' title='bbox 3112 4001 3305 4072; x_wconf 85' lang='lat' dir='ltr'><strong>scripti</strong></span> <span class='ocrx_word' id='word_1_628' title='bbox 3330 4004 3402 4060; x_wconf 87' lang='lat' dir='ltr'><strong>ab</strong></span> <span class='ocrx_word' id='word_1_629' title='bbox 3448 4004 3753 4074; x_wconf 86' lang='lat' dir='ltr'><strong>impressis,</strong></span> 
     </span>
    </p>
   </div>
   <div class='ocr_carea' id='block_1_87' title="bbox 2163 4093 3768 4170">
    <p class='ocr_par' dir='ltr' id='par_1_87' title="bbox 2163 4093 3768 4170">
     <span class='ocr_line' id='line_1_88' title="bbox 2163 4093 3768 4170; baseline 0.002 -19"><span class='ocrx_word' id='word_1_630' title='bbox 2163 4101 2219 4151; x_wconf 89' lang='lat' dir='ltr'><strong>et</strong></span> <span class='ocrx_word' id='word_1_631' title='bbox 2237 4094 2456 4164; x_wconf 88' lang='lat' dir='ltr'><strong>utrique</strong></span> <span class='ocrx_word' id='word_1_632' title='bbox 2484 4093 2628 4150; x_wconf 90' lang='lat' dir='ltr'><strong>inter</strong></span> <span class='ocrx_word' id='word_1_633' title='bbox 2651 4109 2712 4149; x_wconf 84' lang='lat' dir='ltr'><strong>se</strong></span> <span class='ocrx_word' id='word_1_634' title='bbox 2736 4109 2896 4165; x_wconf 85' lang='lat' dir='ltr'><strong>quam</strong></span> <span class='ocrx_word' id='word_1_635' title='bbox 2927 4096 3161 4153; x_wconf 80' lang='lat' dir='ltr'><strong>maxime</strong></span> <span class='ocrx_word' id='word_1_636' title='bbox 3181 4096 3593 4166; x_wconf 76' lang='lat' dir='ltr'><strong>discordabant,</strong></span> <span class='ocrx_word' id='word_1_637' title='bbox 3620 4098 3768 4170; x_wconf 79' lang='lat' dir='ltr'><strong>judi-</strong></span> 
     </span>
    </p>
   </div>
   <div class='ocr_carea' id='block_1_88' title="bbox 2163 4186 3767 4266">
    <p class='ocr_par' dir='ltr' id='par_1_88' title="bbox 2163 4186 3767 4266">
     <span class='ocr_line' id='line_1_89' title="bbox 2163 4186 3767 4266; baseline 0.006 -23"><span class='ocrx_word' id='word_1_638' title='bbox 2163 4202 2289 4243; x_wconf 91' lang='lat' dir='ltr'><strong>care</strong></span> <span class='ocrx_word' id='word_1_639' title='bbox 2335 4186 2464 4259; x_wconf 85' lang='lat' dir='ltr'><strong>quid</strong></span> <span class='ocrx_word' id='word_1_640' title='bbox 2517 4188 2857 4246; x_wconf 86' lang='lat' dir='ltr'><strong>eradendum</strong></span> <span class='ocrx_word' id='word_1_641' title='bbox 2907 4204 3004 4246; x_wconf 87' lang='lat' dir='ltr'><strong>seu</strong></span> <span class='ocrx_word' id='word_1_642' title='bbox 3046 4190 3471 4264; x_wconf 86' lang='lat' dir='ltr'><strong>relinquendum</strong></span> <span class='ocrx_word' id='word_1_643' title='bbox 3504 4234 3521 4258; x_wconf 89' lang='lat'><strong>,</strong></span> <span class='ocrx_word' id='word_1_644' title='bbox 3567 4194 3767 4266; x_wconf 82' lang='lat' dir='ltr'><strong>quidve</strong></span> 
     </span>
    </p>
   </div>
   <div class='ocr_carea' id='block_1_89' title="bbox 2173 4279 3768 4360">
    <p class='ocr_par' dir='ltr' id='par_1_89' title="bbox 2173 4279 3768 4360">
     <span class='ocr_line' id='line_1_90' title="bbox 2173 4279 3768 4360; baseline 0.006 -24"><span class='ocrx_word' id='word_1_645' title='bbox 2173 4279 2336 4336; x_wconf 84' lang='lat' dir='ltr'><strong>etiam</strong></span> <span class='ocrx_word' id='word_1_646' title='bbox 2363 4281 2800 4338; x_wconf 86' lang='lat' dir='ltr'><strong>substitueudum</strong></span> <span class='ocrx_word' id='word_1_647' title='bbox 2829 4281 3014 4349; x_wconf 86' lang='lat' dir='ltr'><strong>fuerit,</strong></span> <span class='ocrx_word' id='word_1_648' title='bbox 3047 4283 3138 4340; x_wconf 91' lang='lat' dir='ltr'><strong>vix</strong></span> <span class='ocrx_word' id='word_1_649' title='bbox 3179 4285 3454 4357; x_wconf 86' lang='lat' dir='ltr'><strong>quispiam</strong></span> <span class='ocrx_word' id='word_1_650' title='bbox 3501 4288 3607 4344; x_wconf 83' lang='lat' dir='ltr'><strong>nisi</strong></span> <span class='ocrx_word' id='word_1_651' title='bbox 3651 4289 3768 4360; x_wconf 86' lang='lat' dir='ltr'><strong>ipse</strong></span> 
     </span>
    </p>
   </div>
   <div class='ocr_carea' id='block_1_90' title="bbox 2175 4373 3767 4452">
    <p class='ocr_par' dir='ltr' id='par_1_90' title="bbox 2175 4373 3767 4452">
     <span class='ocr_line' id='line_1_91' title="bbox 2175 4373 3767 4452; baseline 0.007 -24"><span class='ocrx_word' id='word_1_652' title='bbox 2175 4381 2434 4443; x_wconf 90' lang='lat' dir='ltr'><strong>expertus</strong></span> <span class='ocrx_word' id='word_1_653' title='bbox 2449 4373 2658 4429; x_wconf 80' lang='lat' dir='ltr'><strong>credat.</strong></span> <span class='ocrx_word' id='word_1_654' title='bbox 2681 4374 2954 4431; x_wconf 70' lang='lat' dir='ltr'><strong>Prmterea</strong></span> <span class='ocrx_word' id='word_1_655' title='bbox 2978 4377 3066 4433; x_wconf 89' lang='lat' dir='ltr'><strong>cui</strong></span> <span class='ocrx_word' id='word_1_656' title='bbox 3096 4378 3360 4448; x_wconf 74' lang='lat' dir='ltr'><strong>ignotum,</strong></span> <span class='ocrx_word' id='word_1_657' title='bbox 3391 4394 3554 4452; x_wconf 80' lang='lat' dir='ltr'><strong>quam</strong></span> <span class='ocrx_word' id='word_1_658' title='bbox 3580 4381 3767 4438; x_wconf 84' lang='lat' dir='ltr'><strong>inuoc-</strong></span> 
     </span>
    </p>
   </div>
   <div class='ocr_carea' id='block_1_91' title="bbox 2165 4465 3764 4546">
    <p class='ocr_par' dir='ltr' id='par_1_91' title="bbox 2165 4465 3764 4546">
     <span class='ocr_line' id='line_1_92' title="bbox 2165 4465 3764 4546; baseline 0.005 -28"><span class='ocrx_word' id='word_1_659' title='bbox 2165 4473 2222 4521; x_wconf 89' lang='lat' dir='ltr'><strong>tc</strong></span> <span class='ocrx_word' id='word_1_660' title='bbox 2253 4480 2322 4521; x_wconf 88' lang='lat' dir='ltr'><strong>ne</strong></span> <span class='ocrx_word' id='word_1_661' title='bbox 2351 4466 2528 4524; x_wconf 84' lang='lat' dir='ltr'><strong>dicam</strong></span> <span class='ocrx_word' id='word_1_662' title='bbox 2561 4467 2704 4524; x_wconf 75' lang='lat' dir='ltr'><strong>ftede</strong></span> <span class='ocrx_word' id='word_1_663' title='bbox 2729 4483 2826 4539; x_wconf 87' lang='lat' dir='ltr'><strong>per</strong></span> <span class='ocrx_word' id='word_1_664' title='bbox 2853 4465 2972 4546; x_wconf 73' lang='grc' dir='ltr'><strong>ὅρον</strong></span> <span class='ocrx_word' id='word_1_665' title='bbox 2997 4467 3161 4546; x_wconf 73' lang='grc' dir='ltr'>λύρας</span> <span class='ocrx_word' id='word_1_666' title='bbox 3187 4473 3467 4543; x_wconf 87' lang='lat' dir='ltr'><strong>quondam</strong></span> <span class='ocrx_word' id='word_1_667' title='bbox 3503 4474 3594 4531; x_wconf 88' lang='lat' dir='ltr'><strong>hic</strong></span> <span class='ocrx_word' id='word_1_668' title='bbox 3622 4476 3682 4530; x_wconf 89' lang='lat' dir='ltr'><strong>lit</strong></span> <span class='ocrx_word' id='word_1_669' title='bbox 3701 4491 3764 4534; x_wconf 77' lang='lat' dir='ltr'><strong>er</strong></span> 
     </span>
    </p>
   </div>
   <div class='ocr_carea' id='block_1_92' title="bbox 2165 4557 3763 4630">
    <p class='ocr_par' dir='ltr' id='par_1_92' title="bbox 2165 4557 3763 4630">
     <span class='ocr_line' id='line_1_93' title="bbox 2165 4557 3763 4630; baseline 0.008 -17"><span class='ocrx_word' id='word_1_670' title='bbox 2165 4557 2329 4614; x_wconf 89' lang='lat' dir='ltr'><strong>fuerit</strong></span> <span class='ocrx_word' id='word_1_671' title='bbox 2357 4561 2410 4614; x_wconf 89' lang='lat' dir='ltr'><strong>in</strong></span> <span class='ocrx_word' id='word_1_672' title='bbox 2434 4561 2610 4630; x_wconf 86' lang='lat' dir='ltr'><strong>capita</strong></span> <span class='ocrx_word' id='word_1_673' title='bbox 2637 4560 3127 4628; x_wconf 69' lang='lat' dir='ltr'><strong>dissectustadeo,</strong></span> <span class='ocrx_word' id='word_1_674' title='bbox 3159 4573 3221 4620; x_wconf 88' lang='lat' dir='ltr'><strong>ut</strong></span> <span class='ocrx_word' id='word_1_675' title='bbox 3255 4581 3364 4622; x_wconf 92' lang='lat' dir='ltr'><strong>non</strong></span> <span class='ocrx_word' id='word_1_676' title='bbox 3393 4566 3573 4622; x_wconf 88' lang='lat' dir='ltr'><strong>solum</strong></span> <span class='ocrx_word' id='word_1_677' title='bbox 3613 4569 3763 4626; x_wconf 90' lang='lat' dir='ltr'><strong>nullo</strong></span> 
     </span>
    </p>
   </div>
   <div class='ocr_carea' id='block_1_93' title="bbox 473 4620 3758 4732">
    <p class='ocr_par' dir='ltr' id='par_1_93' title="bbox 473 4620 3758 4732">
     <span class='ocr_line' id='line_1_94' title="bbox 473 4620 3758 4732; baseline 0.002 -23"><span class='ocrx_word' id='word_1_678' title='bbox 473 4651 813 4725; x_wconf 83' lang='lat' dir='ltr'><strong>suspiciones</strong></span> <span class='ocrx_word' id='word_1_679' title='bbox 840 4667 906 4708; x_wconf 87' lang='lat' dir='ltr'><strong>ac</strong></span> <span class='ocrx_word' id='word_1_680' title='bbox 929 4650 1236 4709; x_wconf 85' lang='lat' dir='ltr'><strong>calumnias</strong></span> <span class='ocrx_word' id='word_1_681' title='bbox 1283 4647 1605 4720; x_wconf 88' lang='lat' dir='ltr'><strong>depellenti)</strong></span> <span class='ocrx_word' id='word_1_682' title='bbox 1635 4664 1701 4704; x_wconf 87' lang='lat' dir='ltr'><strong>ea</strong></span> <span class='ocrx_word' id='word_1_683' title='bbox 1749 4649 2054 4719; x_wconf 76' lang='lat' dir='ltr'><strong>collegerit,</strong></span> <span class='ocrx_word' id='word_1_684' title='bbox 2085 4620 2143 4685; x_wconf 76' lang='lat' dir='ltr'><strong><em>D</em></strong></span> <span class='ocrx_word' id='word_1_685' title='bbox 2166 4649 2356 4708; x_wconf 86' lang='lat' dir='ltr'><strong>habito</strong></span> <span class='ocrx_word' id='word_1_686' title='bbox 2385 4661 2640 4722; x_wconf 88' lang='lat' dir='ltr'><strong>respectu</strong></span> <span class='ocrx_word' id='word_1_687' title='bbox 2677 4651 3024 4710; x_wconf 81' lang='lat' dir='ltr'><strong>diversarum</strong></span> <span class='ocrx_word' id='word_1_688' title='bbox 3053 4670 3235 4711; x_wconf 90' lang='lat' dir='ltr'><strong>rerum</strong></span> <span class='ocrx_word' id='word_1_689' title='bbox 3265 4665 3360 4712; x_wconf 89' lang='lat' dir='ltr'><strong>aut</strong></span> <span class='ocrx_word' id='word_1_690' title='bbox 3385 4657 3758 4732; x_wconf 87' lang='lat' dir='ltr'><strong>historiarum,</strong></span> 
     </span>
    </p>
   </div>
   <div class='ocr_carea' id='block_1_94' title="bbox 471 4744 2060 4821">
    <p class='ocr_par' dir='ltr' id='par_1_94' title="bbox 471 4744 2060 4821">
     <span class='ocr_line' id='line_1_95' title="bbox 471 4744 2060 4821; baseline -0.003 -15"><span class='ocrx_word' id='word_1_691' title='bbox 471 4749 767 4821; x_wconf 86' lang='lat' dir='ltr'><strong>sedulaque</strong></span> <span class='ocrx_word' id='word_1_692' title='bbox 791 4763 957 4818; x_wconf 85' lang='lat' dir='ltr'><strong>opera</strong></span> <span class='ocrx_word' id='word_1_693' title='bbox 986 4747 1056 4803; x_wconf 89' lang='lat' dir='ltr'><strong>ad</strong></span> <span class='ocrx_word' id='word_1_694' title='bbox 1083 4755 1333 4818; x_wconf 89' lang='lat' dir='ltr'><strong>posteros</strong></span> <span class='ocrx_word' id='word_1_695' title='bbox 1361 4744 1747 4812; x_wconf 88' lang='lat' dir='ltr'><strong>transmiserit,</strong></span> <span class='ocrx_word' id='word_1_696' title='bbox 1777 4760 1900 4816; x_wconf 67' lang='lat' dir='ltr'><strong>qum</strong></span> <span class='ocrx_word' id='word_1_697' title='bbox 1922 4745 2060 4801; x_wconf 89' lang='lat' dir='ltr'><strong>citra</strong></span> 
     </span>
    </p>
   </div>
   <div class='ocr_carea' id='block_1_95' title="bbox 469 4840 2064 4910">
    <p class='ocr_par' dir='ltr' id='par_1_95' title="bbox 469 4840 2064 4910">
     <span class='ocr_line' id='line_1_96' title="bbox 469 4840 2064 4910; baseline -0.002 -9"><span class='ocrx_word' id='word_1_698' title='bbox 469 4844 908 4901; x_wconf 80' lang='lat' dir='ltr'><strong>controversiam</strong></span> <span class='ocrx_word' id='word_1_699' title='bbox 938 4843 1008 4900; x_wconf 91' lang='lat' dir='ltr'><strong>ab</strong></span> <span class='ocrx_word' id='word_1_700' title='bbox 1058 4841 1205 4898; x_wconf 89' lang='lat' dir='ltr'><strong>omni</strong></span> <span class='ocrx_word' id='word_1_701' title='bbox 1235 4840 1432 4896; x_wconf 66' lang='lat' dir='ltr'><strong>adt-ctu</strong></span> <span class='ocrx_word' id='word_1_702' title='bbox 1461 4840 1805 4910; x_wconf 86' lang='lat' dir='ltr'><strong>vanitatequc</strong></span> <span class='ocrx_word' id='word_1_703' title='bbox 1847 4841 2064 4898; x_wconf 89' lang='lat' dir='ltr'><strong>seclusa</strong></span> 
     </span>
    </p>
   </div>
   <div class='ocr_carea' id='block_1_96' title="bbox 470 4935 2060 5011">
    <p class='ocr_par' dir='ltr' id='par_1_96' title="bbox 470 4935 2060 5011">
     <span class='ocr_line' id='line_1_97' title="bbox 470 4935 2060 5011; baseline 0.001 -20"><span class='ocrx_word' id='word_1_704' title='bbox 470 4953 697 5010; x_wconf 84' lang='lat' dir='ltr'><strong>prorsus</strong></span> <span class='ocrx_word' id='word_1_705' title='bbox 718 4947 883 5011; x_wconf 86' lang='lat' dir='ltr'><strong>atque</strong></span> <span class='ocrx_word' id='word_1_706' title='bbox 906 4936 1152 5010; x_wconf 82' lang='lat' dir='ltr'><strong>seiuncta</strong></span> <span class='ocrx_word' id='word_1_707' title='bbox 1183 4936 1498 4992; x_wconf 89' lang='lat' dir='ltr'><strong>viderentur</strong></span> <span class='ocrx_word' id='word_1_708' title='bbox 1521 4977 1537 5002; x_wconf 94' lang='lat'><strong>,</strong></span> <span class='ocrx_word' id='word_1_709' title='bbox 1569 4935 1828 4992; x_wconf 77' lang='lat' dir='ltr'><strong>adhibitis</strong></span> <span class='ocrx_word' id='word_1_710' title='bbox 1859 4937 2060 5006; x_wconf 88' lang='lat' dir='ltr'><strong>passim</strong></span> 
     </span>
    </p>
   </div>
   <div class='ocr_carea' id='block_1_97' title="bbox 467 5028 2066 5103">
    <p class='ocr_par' dir='ltr' id='par_1_97' title="bbox 467 5028 2066 5103">
     <span class='ocr_line' id='line_1_98' title="bbox 467 5028 2066 5103; baseline 0 -15"><span class='ocrx_word' id='word_1_711' title='bbox 467 5040 522 5088; x_wconf 84' lang='lat' dir='ltr'><strong>et</strong></span> <span class='ocrx_word' id='word_1_712' title='bbox 552 5031 605 5088; x_wconf 91' lang='lat' dir='ltr'><strong>in</strong></span> <span class='ocrx_word' id='word_1_713' title='bbox 648 5033 774 5090; x_wconf 86' lang='lat' dir='ltr'><strong>loco</strong></span> <span class='ocrx_word' id='word_1_714' title='bbox 820 5032 1043 5103; x_wconf 89' lang='lat' dir='ltr'><strong>optimis</strong></span> <span class='ocrx_word' id='word_1_715' title='bbox 1087 5029 1573 5100; x_wconf 82' lang='lat' dir='ltr'><strong>saluberrimisque</strong></span> <span class='ocrx_word' id='word_1_716' title='bbox 1617 5028 1912 5085; x_wconf 81' lang='lat' dir='ltr'><strong>Christiani</strong></span> <span class='ocrx_word' id='word_1_717' title='bbox 1940 5044 2066 5100; x_wconf 87' lang='lat' dir='ltr'><strong>pec-</strong></span> 
     </span>
    </p>
   </div>
   <div class='ocr_carea' id='block_1_98' title="bbox 471 5121 2058 5197">
    <p class='ocr_par' dir='ltr' id='par_1_98' title="bbox 471 5121 2058 5197">
     <span class='ocr_line' id='line_1_99' title="bbox 471 5121 2058 5197; baseline -0.001 -16"><span class='ocrx_word' id='word_1_718' title='bbox 471 5127 606 5182; x_wconf 84' lang='lat' dir='ltr'><strong>toris</strong></span> <span class='ocrx_word' id='word_1_719' title='bbox 627 5124 1018 5191; x_wconf 78' lang='lat' dir='ltr'><strong>condimentis,</strong></span> <span class='ocrx_word' id='word_1_720' title='bbox 1046 5139 1167 5197; x_wconf 80' lang='lat' dir='ltr'><strong>qua:</strong></span> <span class='ocrx_word' id='word_1_721' title='bbox 1195 5122 1344 5194; x_wconf 88' lang='lat' dir='ltr'><strong>pium</strong></span> <span class='ocrx_word' id='word_1_722' title='bbox 1387 5136 1454 5178; x_wconf 87' lang='lat' dir='ltr'><strong>ac</strong></span> <span class='ocrx_word' id='word_1_723' title='bbox 1482 5121 1766 5179; x_wconf 82' lang='lat' dir='ltr'><strong>curdatum</strong></span> <span class='ocrx_word' id='word_1_724' title='bbox 1797 5123 2058 5181; x_wconf 84' lang='lat' dir='ltr'><strong>lectorem</strong></span> 
     </span>
    </p>
   </div>
   <div class='ocr_carea' id='block_1_99' title="bbox 472 5213 2059 5290">
    <p class='ocr_par' dir='ltr' id='par_1_99' title="bbox 472 5213 2059 5290">
     <span class='ocr_line' id='line_1_100' title="bbox 472 5213 2059 5290; baseline -0.003 -15"><span class='ocrx_word' id='word_1_725' title='bbox 472 5235 579 5276; x_wconf 89' lang='lat' dir='ltr'><strong>non</strong></span> <span class='ocrx_word' id='word_1_726' title='bbox 609 5219 790 5276; x_wconf 83' lang='lat' dir='ltr'><strong>minus</strong></span> <span class='ocrx_word' id='word_1_727' title='bbox 840 5217 1109 5290; x_wconf 84' lang='lat' dir='ltr'><strong>profecto.</strong></span> <span class='ocrx_word' id='word_1_728' title='bbox 1139 5232 1300 5287; x_wconf 87' lang='lat' dir='ltr'><strong>quam</strong></span> <span class='ocrx_word' id='word_1_729' title='bbox 1333 5216 1467 5286; x_wconf 71' lang='lat' dir='ltr'><strong>ipsas</strong></span> <span class='ocrx_word' id='word_1_730' title='bbox 1497 5213 1741 5270; x_wconf 69' lang='lat' dir='ltr'><strong>historize</strong></span> <span class='ocrx_word' id='word_1_731' title='bbox 1769 5215 2059 5285; x_wconf 75' lang='lat' dir='ltr'><strong>iuvabunt.</strong></span> 
     </span>
    </p>
   </div>
   <div class='ocr_carea' id='block_1_100' title="bbox 470 5305 2062 5382">
    <p class='ocr_par' dir='ltr' id='par_1_100' title="bbox 470 5305 2062 5382">
     <span class='ocr_line' id='line_1_101' title="bbox 470 5305 2062 5382; baseline -0.002 -13"><span class='ocrx_word' id='word_1_732' title='bbox 470 5311 694 5369; x_wconf 75' lang='lat' dir='ltr'><strong>Accedit</strong></span> <span class='ocrx_word' id='word_1_733' title='bbox 725 5310 810 5367; x_wconf 86' lang='lat' dir='ltr'><strong>his</strong></span> <span class='ocrx_word' id='word_1_734' title='bbox 837 5327 1054 5382; x_wconf 70' lang='lat' dir='ltr'><strong>queque</strong></span> <span class='ocrx_word' id='word_1_735' title='bbox 1081 5310 1224 5382; x_wconf 88' lang='lat' dir='ltr'><strong>quod</strong></span> <span class='ocrx_word' id='word_1_736' title='bbox 1251 5309 1444 5380; x_wconf 88' lang='lat' dir='ltr'><strong>optimi</strong></span> <span class='ocrx_word' id='word_1_737' title='bbox 1470 5305 1633 5378; x_wconf 85' lang='lat' dir='ltr'><strong>hujus</strong></span> <span class='ocrx_word' id='word_1_738' title='bbox 1656 5308 1757 5363; x_wconf 89' lang='lat' dir='ltr'><strong>viri</strong></span> <span class='ocrx_word' id='word_1_739' title='bbox 1791 5309 2062 5367; x_wconf 78' lang='lat' dir='ltr'><strong>beneficio</strong></span> 
     </span>
    </p>
   </div>
   <div class='ocr_carea' id='block_1_101' title="bbox 472 5399 2064 5477">
    <p class='ocr_par' dir='ltr' id='par_1_101' title="bbox 472 5399 2064 5477">
     <span class='ocr_line' id='line_1_102' title="bbox 472 5399 2064 5477; baseline -0.003 -15"><span class='ocrx_word' id='word_1_740' title='bbox 472 5420 563 5462; x_wconf 85' lang='lat' dir='ltr'><strong>res</strong></span> <span class='ocrx_word' id='word_1_741' title='bbox 593 5405 836 5477; x_wconf 67' lang='lat' dir='ltr'><strong>profecto</strong></span> <span class='ocrx_word' id='word_1_742' title='bbox 889 5408 1184 5460; x_wconf 76' lang='lat' dir='ltr'><strong>innumera:</strong></span> <span class='ocrx_word' id='word_1_743' title='bbox 1237 5414 1295 5458; x_wconf 89' lang='lat' dir='ltr'><strong>et</strong></span> <span class='ocrx_word' id='word_1_744' title='bbox 1326 5399 1473 5457; x_wconf 89' lang='lat' dir='ltr'><strong>haud</strong></span> <span class='ocrx_word' id='word_1_745' title='bbox 1499 5415 1768 5472; x_wconf 86' lang='lat' dir='ltr'><strong>quaquam</strong></span> <span class='ocrx_word' id='word_1_746' title='bbox 1799 5418 2064 5473; x_wconf 83' lang='lat' dir='ltr'><strong>spernen-</strong></span> 
     </span>
    </p>
   </div>
   <div class='ocr_carea' id='block_1_102' title="bbox 481 5496 2065 5571">
    <p class='ocr_par' dir='ltr' id='par_1_102' title="bbox 481 5496 2065 5571">
     <span class='ocr_line' id='line_1_103' title="bbox 481 5496 2065 5571; baseline -0.002 -13"><span class='ocrx_word' id='word_1_747' title='bbox 481 5503 568 5558; x_wconf 69' lang='lat' dir='ltr'><strong>da:</strong></span> <span class='ocrx_word' id='word_1_748' title='bbox 595 5501 799 5558; x_wconf 88' lang='lat' dir='ltr'><strong>clarius</strong></span> <span class='ocrx_word' id='word_1_749' title='bbox 825 5501 983 5556; x_wconf 88' lang='lat' dir='ltr'><strong>nobis</strong></span> <span class='ocrx_word' id='word_1_750' title='bbox 1010 5499 1207 5556; x_wconf 90' lang='lat' dir='ltr'><strong>dentur</strong></span> <span class='ocrx_word' id='word_1_751' title='bbox 1237 5496 1509 5570; x_wconf 86' lang='lat' dir='ltr'><strong>pervideri</strong></span> <span class='ocrx_word' id='word_1_752' title='bbox 1542 5515 1557 5555; x_wconf 90' lang='lat'><strong>:</strong></span> <span class='ocrx_word' id='word_1_753' title='bbox 1583 5513 1810 5571; x_wconf 83' lang='lat' dir='ltr'><strong>quarunt</strong></span> <span class='ocrx_word' id='word_1_754' title='bbox 1854 5498 2065 5555; x_wconf 88' lang='lat' dir='ltr'><strong>scilicet</strong></span> 
     </span>
    </p>
   </div>
   <div class='ocr_carea' id='block_1_103' title="bbox 469 5589 2067 5666">
    <p class='ocr_par' dir='ltr' id='par_1_103' title="bbox 469 5589 2067 5666">
     <span class='ocr_line' id='line_1_104' title="bbox 469 5589 2067 5666; baseline -0.002 -16"><span class='ocrx_word' id='word_1_755' title='bbox 469 5593 700 5666; x_wconf 85' lang='lat' dir='ltr'><strong>perditis</strong></span> <span class='ocrx_word' id='word_1_756' title='bbox 727 5591 1040 5665; x_wconf 82' lang='lat' dir='ltr'><strong>archetypis</strong></span> <span class='ocrx_word' id='word_1_757' title='bbox 1065 5593 1154 5648; x_wconf 85' lang='lat' dir='ltr'><strong>vix</strong></span> <span class='ocrx_word' id='word_1_758' title='bbox 1179 5589 1310 5646; x_wconf 87' lang='lat' dir='ltr'><strong>alibi</strong></span> <span class='ocrx_word' id='word_1_759' title='bbox 1341 5590 1504 5646; x_wconf 89' lang='lat' dir='ltr'><strong>hodie</strong></span> <span class='ocrx_word' id='word_1_760' title='bbox 1535 5591 1825 5661; x_wconf 83' lang='lat' dir='ltr'><strong>vestigium</strong></span> <span class='ocrx_word' id='word_1_761' title='bbox 1874 5607 2067 5663; x_wconf 84' lang='lat' dir='ltr'><strong>super-</strong></span> 
     </span>
    </p>
   </div>
   <div class='ocr_carea' id='block_1_104' title="bbox 476 5683 2070 5759">
    <p class='ocr_par' dir='ltr' id='par_1_104' title="bbox 476 5683 2070 5759">
     <span class='ocr_line' id='line_1_105' title="bbox 476 5683 2070 5759; baseline -0.001 -16"><span class='ocrx_word' id='word_1_762' title='bbox 476 5695 583 5743; x_wconf 90' lang='lat' dir='ltr'><strong>est.</strong></span> <span class='ocrx_word' id='word_1_763' title='bbox 633 5686 788 5757; x_wconf 82' lang='lat' dir='ltr'><strong>Quod</strong></span> <span class='ocrx_word' id='word_1_764' title='bbox 817 5701 989 5759; x_wconf 68' lang='lat' dir='ltr'><strong>genus</strong></span> <span class='ocrx_word' id='word_1_765' title='bbox 1014 5694 1145 5741; x_wconf 88' lang='lat' dir='ltr'><strong>sunt</strong></span> <span class='ocrx_word' id='word_1_766' title='bbox 1168 5683 1340 5742; x_wconf 86' lang='lat' dir='ltr'><strong>multa</strong></span> <span class='ocrx_word' id='word_1_767' title='bbox 1378 5698 1505 5756; x_wconf 61' lang='lat' dir='ltr'><strong>quas</strong></span> <span class='ocrx_word' id='word_1_768' title='bbox 1544 5686 1750 5755; x_wconf 87' lang='lat' dir='ltr'><strong>optima</strong></span> <span class='ocrx_word' id='word_1_769' title='bbox 1779 5684 1885 5742; x_wconf 85' lang='lat' dir='ltr'><strong>fide</strong></span> <span class='ocrx_word' id='word_1_770' title='bbox 1914 5702 1980 5742; x_wconf 88' lang='lat' dir='ltr'><strong>ex</strong></span> <span class='ocrx_word' id='word_1_771' title='bbox 2007 5687 2070 5741; x_wconf 85' lang='lat' dir='ltr'><strong>fi-</strong></span> 
     </span>
    </p>
   </div>
   <div class='ocr_carea' id='block_1_105' title="bbox 476 5775 2065 5848">
    <p class='ocr_par' dir='ltr' id='par_1_105' title="bbox 476 5775 2065 5848">
     <span class='ocr_line' id='line_1_106' title="bbox 476 5775 2065 5848; baseline -0.001 -14"><span class='ocrx_word' id='word_1_772' title='bbox 476 5777 774 5835; x_wconf 85' lang='lat' dir='ltr'><strong>delissimis</strong></span> <span class='ocrx_word' id='word_1_773' title='bbox 798 5777 1037 5834; x_wconf 59' lang='lat' dir='ltr'><strong>Livianae</strong></span> <span class='ocrx_word' id='word_1_774' title='bbox 1067 5775 1349 5832; x_wconf 79' lang='lat' dir='ltr'><strong>industria:</strong></span> <span class='ocrx_word' id='word_1_775' title='bbox 1369 5776 1763 5843; x_wconf 86' lang='lat' dir='ltr'><strong>monumentis,</strong></span> <span class='ocrx_word' id='word_1_776' title='bbox 1797 5777 1909 5848; x_wconf 81' lang='lat' dir='ltr'><strong>jam</strong></span> <span class='ocrx_word' id='word_1_777' title='bbox 1933 5777 2065 5834; x_wconf 89' lang='lat' dir='ltr'><strong>olim</strong></span> 
     </span>
    </p>
   </div>
   <div class='ocr_carea' id='block_1_106' title="bbox 479 5869 2066 5945">
    <p class='ocr_par' dir='ltr' id='par_1_106' title="bbox 479 5869 2066 5945">
     <span class='ocr_line' id='line_1_107' title="bbox 479 5869 2066 5945; baseline 0.001 -18"><span class='ocrx_word' id='word_1_778' title='bbox 479 5872 675 5944; x_wconf 82' lang='lat' dir='ltr'><strong>injuria</strong></span> <span class='ocrx_word' id='word_1_779' title='bbox 722 5881 1023 5944; x_wconf 79' lang='lat' dir='ltr'><strong>temporum</strong></span> <span class='ocrx_word' id='word_1_780' title='bbox 1060 5885 1160 5929; x_wconf 85' lang='lat' dir='ltr'><strong>seu</strong></span> <span class='ocrx_word' id='word_1_781' title='bbox 1197 5869 1384 5945; x_wconf 88' lang='lat' dir='ltr'><strong>potius</strong></span> <span class='ocrx_word' id='word_1_782' title='bbox 1434 5870 1754 5942; x_wconf 72' lang='lat' dir='ltr'><strong>ignavorum</strong></span> <span class='ocrx_word' id='word_1_783' title='bbox 1785 5869 2066 5929; x_wconf 89' lang='lat' dir='ltr'><strong>hominum</strong></span> 
     </span>
    </p>
   </div>
   <div class='ocr_carea' id='block_1_107' title="bbox 2166 4745 3762 4819">
    <p class='ocr_par' dir='ltr' id='par_1_107' title="bbox 2166 4745 3762 4819">
     <span class='ocr_line' id='line_1_108' title="bbox 2166 4745 3762 4819; baseline 0.007 -21"><span class='ocrx_word' id='word_1_784' title='bbox 2166 4759 2354 4800; x_wconf 77' lang='lat' dir='ltr'><strong>vet-nm</strong></span> <span class='ocrx_word' id='word_1_785' title='bbox 2385 4759 2496 4801; x_wconf 92' lang='lat' dir='ltr'><strong>non</strong></span> <span class='ocrx_word' id='word_1_786' title='bbox 2528 4761 2651 4802; x_wconf 90' lang='lat' dir='ltr'><strong>raro</strong></span> <span class='ocrx_word' id='word_1_787' title='bbox 2682 4745 2736 4800; x_wconf 90' lang='lat' dir='ltr'><strong>in</strong></span> <span class='ocrx_word' id='word_1_788' title='bbox 2767 4747 2961 4803; x_wconf 88' lang='lat' dir='ltr'><strong>mediis</strong></span> <span class='ocrx_word' id='word_1_789' title='bbox 3001 4749 3276 4819; x_wconf 87' lang='lat' dir='ltr'><strong>periodis,</strong></span> <span class='ocrx_word' id='word_1_790' title='bbox 3308 4751 3475 4807; x_wconf 89' lang='lat' dir='ltr'><strong>immo</strong></span> <span class='ocrx_word' id='word_1_791' title='bbox 3503 4765 3762 4809; x_wconf 87' lang='lat' dir='ltr'><strong>sensuum</strong></span> 
     </span>
    </p>
   </div>
   <div class='ocr_carea' id='block_1_108' title="bbox 2168 4838 3765 4919">
    <p class='ocr_par' dir='ltr' id='par_1_108' title="bbox 2168 4838 3765 4919">
     <span class='ocr_line' id='line_1_109' title="bbox 2168 4838 3765 4919; baseline 0.009 -27"><span class='ocrx_word' id='word_1_792' title='bbox 2168 4838 2387 4894; x_wconf 81' lang='lat' dir='ltr'><strong>interim</strong></span> <span class='ocrx_word' id='word_1_793' title='bbox 2426 4839 2689 4897; x_wconf 86' lang='lat' dir='ltr'><strong>clausulis</strong></span> <span class='ocrx_word' id='word_1_794' title='bbox 2735 4843 3021 4898; x_wconf 86' lang='lat' dir='ltr'><strong>orationes</strong></span> <span class='ocrx_word' id='word_1_795' title='bbox 3048 4843 3362 4900; x_wconf 86' lang='lat' dir='ltr'><strong>divaricarit</strong></span> <span class='ocrx_word' id='word_1_796' title='bbox 3391 4854 3555 4916; x_wconf 89' lang='lat' dir='ltr'><strong>atque</strong></span> <span class='ocrx_word' id='word_1_797' title='bbox 3581 4852 3765 4919; x_wconf 75' lang='lat' dir='ltr'><strong>sejun-</strong></span> 
     </span>
    </p>
   </div>
   <div class='ocr_carea' id='block_1_109' title="bbox 2165 4935 3765 5011">
    <p class='ocr_par' dir='ltr' id='par_1_109' title="bbox 2165 4935 3765 5011">
     <span class='ocr_line' id='line_1_110' title="bbox 2165 4935 3765 5011; baseline 0.005 -22"><span class='ocrx_word' id='word_1_798' title='bbox 2165 4935 2330 5001; x_wconf 89' lang='lat' dir='ltr'><strong>xerit,</strong></span> <span class='ocrx_word' id='word_1_799' title='bbox 2370 4948 2698 5004; x_wconf 83' lang='lat' dir='ltr'><strong>rursumque</strong></span> <span class='ocrx_word' id='word_1_800' title='bbox 2742 4935 2832 4990; x_wconf 89' lang='lat' dir='ltr'><strong>ubi</strong></span> <span class='ocrx_word' id='word_1_801' title='bbox 2881 4937 3120 4993; x_wconf 92' lang='lat' dir='ltr'><strong>maxime</strong></span> <span class='ocrx_word' id='word_1_802' title='bbox 3169 4937 3518 5010; x_wconf 79' lang='lat' dir='ltr'><strong>disscpienda</strong></span> <span class='ocrx_word' id='word_1_803' title='bbox 3555 4941 3765 5011; x_wconf 75' lang='lat' dir='ltr'><strong>dis-jun-</strong></span> 
     </span>
    </p>
   </div>
   <div class='ocr_carea' id='block_1_110' title="bbox 2165 5025 3762 5104">
    <p class='ocr_par' dir='ltr' id='par_1_110' title="bbox 2165 5025 3762 5104">
     <span class='ocr_line' id='line_1_111' title="bbox 2165 5025 3762 5104; baseline 0.008 -23"><span class='ocrx_word' id='word_1_804' title='bbox 2165 5025 2414 5098; x_wconf 72' lang='lat' dir='ltr'><strong>gendavc</strong></span> <span class='ocrx_word' id='word_1_805' title='bbox 2459 5025 2705 5095; x_wconf 82' lang='lat' dir='ltr'><strong>fuerant,</strong></span> <span class='ocrx_word' id='word_1_806' title='bbox 2746 5029 3076 5086; x_wconf 87' lang='lat' dir='ltr'><strong>concluserit</strong></span> <span class='ocrx_word' id='word_1_807' title='bbox 3109 5045 3174 5086; x_wconf 86' lang='lat' dir='ltr'><strong>ac</strong></span> <span class='ocrx_word' id='word_1_808' title='bbox 3197 5033 3602 5104; x_wconf 75' lang='lat' dir='ltr'><strong>congltttinarit.</strong></span> <span class='ocrx_word' id='word_1_809' title='bbox 3628 5036 3762 5093; x_wconf 86' lang='lat' dir='ltr'><strong>Tum</strong></span> 
     </span>
    </p>
   </div>
   <div class='ocr_carea' id='block_1_111' title="bbox 2167 5119 3757 5200">
    <p class='ocr_par' dir='ltr' id='par_1_111' title="bbox 2167 5119 3757 5200">
     <span class='ocr_line' id='line_1_112' title="bbox 2167 5119 3757 5200; baseline 0.006 -26"><span class='ocrx_word' id='word_1_810' title='bbox 2167 5133 2330 5190; x_wconf 85' lang='lat' dir='ltr'><strong>quam</strong></span> <span class='ocrx_word' id='word_1_811' title='bbox 2370 5119 2577 5175; x_wconf 88' lang='lat' dir='ltr'><strong>insulsa</strong></span> <span class='ocrx_word' id='word_1_812' title='bbox 2600 5135 2792 5191; x_wconf 82' lang='lat' dir='ltr'><strong>qu-cso</strong></span> <span class='ocrx_word' id='word_1_813' title='bbox 2816 5129 2872 5176; x_wconf 91' lang='lat' dir='ltr'><strong>et</strong></span> <span class='ocrx_word' id='word_1_814' title='bbox 2900 5121 3082 5193; x_wconf 87' lang='lat' dir='ltr'><strong>inepta</strong></span> <span class='ocrx_word' id='word_1_815' title='bbox 3112 5123 3358 5194; x_wconf 81' lang='lat' dir='ltr'><strong>nihilque</strong></span> <span class='ocrx_word' id='word_1_816' title='bbox 3385 5124 3453 5182; x_wconf 90' lang='lat' dir='ltr'><strong>ad</strong></span> <span class='ocrx_word' id='word_1_817' title='bbox 3481 5141 3598 5184; x_wconf 88' lang='lat' dir='ltr'><strong>rem</strong></span> <span class='ocrx_word' id='word_1_818' title='bbox 3630 5143 3757 5200; x_wconf 88' lang='lat' dir='ltr'><strong>per-</strong></span> 
     </span>
    </p>
   </div>
   <div class='ocr_carea' id='block_1_112' title="bbox 2171 5215 3758 5295">
    <p class='ocr_par' dir='ltr' id='par_1_112' title="bbox 2171 5215 3758 5295">
     <span class='ocr_line' id='line_1_113' title="bbox 2171 5215 3758 5295; baseline 0.006 -24"><span class='ocrx_word' id='word_1_819' title='bbox 2171 5215 2398 5273; x_wconf 84' lang='lat' dir='ltr'><strong>tinentia</strong></span> <span class='ocrx_word' id='word_1_820' title='bbox 2423 5216 2702 5288; x_wconf 86' lang='lat' dir='ltr'><strong>adjecerat</strong></span> <span class='ocrx_word' id='word_1_821' title='bbox 2728 5220 3100 5288; x_wconf 79' lang='lat' dir='ltr'><strong>argumenta?</strong></span> <span class='ocrx_word' id='word_1_822' title='bbox 3131 5219 3417 5278; x_wconf 86' lang='lat' dir='ltr'><strong>Postremo</strong></span> <span class='ocrx_word' id='word_1_823' title='bbox 3444 5237 3610 5295; x_wconf 88' lang='lat' dir='ltr'><strong>quam</strong></span> <span class='ocrx_word' id='word_1_824' title='bbox 3642 5241 3758 5295; x_wconf 86' lang='lat' dir='ltr'><strong>per-</strong></span> 
     </span>
    </p>
   </div>
   <div class='ocr_carea' id='block_1_113' title="bbox 2169 5311 3763 5383">
    <p class='ocr_par' dir='ltr' id='par_1_113' title="bbox 2169 5311 3763 5383">
     <span class='ocr_line' id='line_1_114' title="bbox 2169 5311 3763 5383; baseline 0.006 -17"><span class='ocrx_word' id='word_1_825' title='bbox 2169 5326 2358 5383; x_wconf 91' lang='lat' dir='ltr'><strong>peram</strong></span> <span class='ocrx_word' id='word_1_826' title='bbox 2389 5327 2553 5382; x_wconf 90' lang='lat' dir='ltr'><strong>quam</strong></span> <span class='ocrx_word' id='word_1_827' title='bbox 2600 5311 2750 5366; x_wconf 85' lang='lat' dir='ltr'><strong>nullo</strong></span> <span class='ocrx_word' id='word_1_828' title='bbox 2798 5312 3005 5382; x_wconf 77' lang='lat' dir='ltr'><strong>judicio</strong></span> <span class='ocrx_word' id='word_1_829' title='bbox 3028 5312 3297 5372; x_wconf 85' lang='lat' dir='ltr'><strong>hactenus</strong></span> <span class='ocrx_word' id='word_1_830' title='bbox 3326 5315 3470 5373; x_wconf 89' lang='lat' dir='ltr'><strong>idem</strong></span> <span class='ocrx_word' id='word_1_831' title='bbox 3507 5317 3596 5374; x_wconf 89' lang='lat' dir='ltr'><strong>ltie</strong></span> <span class='ocrx_word' id='word_1_832' title='bbox 3629 5320 3763 5376; x_wconf 81' lang='lat' dir='ltr'><strong>liber</strong></span> 
     </span>
    </p>
   </div>
   <div class='ocr_carea' id='block_1_114' title="bbox 2171 5405 3758 5486">
    <p class='ocr_par' dir='ltr' id='par_1_114' title="bbox 2171 5405 3758 5486">
     <span class='ocr_line' id='line_1_115' title="bbox 2171 5405 3758 5486; baseline 0.007 -26"><span class='ocrx_word' id='word_1_833' title='bbox 2171 5405 2614 5461; x_wconf 82' lang='lat' dir='ltr'><strong>circumferretur</strong></span> <span class='ocrx_word' id='word_1_834' title='bbox 2635 5406 2957 5474; x_wconf 76' lang='lat' dir='ltr'><strong>diStiuctns,</strong></span> <span class='ocrx_word' id='word_1_835' title='bbox 2987 5411 3258 5465; x_wconf 88' lang='lat' dir='ltr'><strong>neminem</strong></span> <span class='ocrx_word' id='word_1_836' title='bbox 3292 5411 3463 5468; x_wconf 88' lang='lat' dir='ltr'><strong>credo</strong></span> <span class='ocrx_word' id='word_1_837' title='bbox 3486 5427 3638 5480; x_wconf 83' lang='lat' dir='ltr'><strong>esse,</strong></span> <span class='ocrx_word' id='word_1_838' title='bbox 3667 5414 3758 5486; x_wconf 76' lang='lat' dir='ltr'><strong>qui</strong></span> 
     </span>
    </p>
   </div>
   <div class='ocr_carea' id='block_1_115' title="bbox 2172 5499 3762 5578">
    <p class='ocr_par' dir='ltr' id='par_1_115' title="bbox 2172 5499 3762 5578">
     <span class='ocr_line' id='line_1_116' title="bbox 2172 5499 3762 5578; baseline 0.006 -22"><span class='ocrx_word' id='word_1_839' title='bbox 2172 5501 2337 5556; x_wconf 92' lang='lat' dir='ltr'><strong>modo</strong></span> <span class='ocrx_word' id='word_1_840' title='bbox 2364 5499 2580 5572; x_wconf 76' lang='lat' dir='ltr'><strong>legerit,</strong></span> <span class='ocrx_word' id='word_1_841' title='bbox 2615 5501 2710 5570; x_wconf 84' lang='lat' dir='ltr'><strong>qui</strong></span> <span class='ocrx_word' id='word_1_842' title='bbox 2763 5500 2996 5572; x_wconf 77' lang='lat' dir='ltr'><strong>ignoret.</strong></span> <span class='ocrx_word' id='word_1_843' title='bbox 3042 5504 3252 5570; x_wconf 76' lang='lat' dir='ltr'><strong>Quibus</strong></span> <span class='ocrx_word' id='word_1_844' title='bbox 3278 5506 3533 5563; x_wconf 83' lang='lat' dir='ltr'><strong>omnibus</strong></span> <span class='ocrx_word' id='word_1_845' title='bbox 3559 5507 3607 5563; x_wconf 88' lang='lat' dir='ltr'><strong>si</strong></span> <span class='ocrx_word' id='word_1_846' title='bbox 3635 5507 3762 5578; x_wconf 83' lang='lat' dir='ltr'><strong>quid</strong></span> 
     </span>
    </p>
   </div>
   <div class='ocr_carea' id='block_1_116' title="bbox 2171 5594 3765 5669">
    <p class='ocr_par' dir='ltr' id='par_1_116' title="bbox 2171 5594 3765 5669">
     <span class='ocr_line' id='line_1_117' title="bbox 2171 5594 3765 5669; baseline 0.008 -21"><span class='ocrx_word' id='word_1_847' title='bbox 2171 5603 2358 5650; x_wconf 89' lang='lat' dir='ltr'><strong>nostra</strong></span> <span class='ocrx_word' id='word_1_848' title='bbox 2387 5595 2565 5666; x_wconf 86' lang='lat' dir='ltr'><strong>opella</strong></span> <span class='ocrx_word' id='word_1_849' title='bbox 2592 5594 2782 5651; x_wconf 87' lang='lat' dir='ltr'><strong>sedula</strong></span> <span class='ocrx_word' id='word_1_850' title='bbox 2814 5595 2984 5667; x_wconf 74' lang='lat' dir='ltr'><strong>magis</strong></span> <span class='ocrx_word' id='word_1_851' title='bbox 3011 5613 3173 5669; x_wconf 82' lang='lat' dir='ltr'><strong>quam</strong></span> <span class='ocrx_word' id='word_1_852' title='bbox 3203 5599 3410 5658; x_wconf 85' lang='lat' dir='ltr'><strong>eflicaei</strong></span> <span class='ocrx_word' id='word_1_853' title='bbox 3440 5603 3765 5660; x_wconf 75' lang='lat' dir='ltr'><strong>subventum</strong></span> 
     </span>
    </p>
   </div>
   <div class='ocr_carea' id='block_1_117' title="bbox 2171 5686 3765 5766">
    <p class='ocr_par' dir='ltr' id='par_1_117' title="bbox 2171 5686 3765 5766">
     <span class='ocr_line' id='line_1_118' title="bbox 2171 5686 3765 5766; baseline 0.005 -23"><span class='ocrx_word' id='word_1_854' title='bbox 2171 5695 2276 5751; x_wconf 87' lang='lat' dir='ltr'><strong>est,</strong></span> <span class='ocrx_word' id='word_1_855' title='bbox 2306 5701 2427 5742; x_wconf 86' lang='lat' dir='ltr'><strong>cum</strong></span> <span class='ocrx_word' id='word_1_856' title='bbox 2461 5686 2691 5743; x_wconf 87' lang='lat' dir='ltr'><strong>studiosi</strong></span> <span class='ocrx_word' id='word_1_857' title='bbox 2716 5687 2879 5743; x_wconf 91' lang='lat' dir='ltr'><strong>velim</strong></span> <span class='ocrx_word' id='word_1_858' title='bbox 2909 5703 3104 5745; x_wconf 87' lang='lat' dir='ltr'><strong>omnes</strong></span> <span class='ocrx_word' id='word_1_859' title='bbox 3131 5695 3273 5760; x_wconf 70' lang='lat' dir='ltr'><strong>aequi</strong></span> <span class='ocrx_word' id='word_1_860' title='bbox 3300 5693 3536 5766; x_wconf 86' lang='lat' dir='ltr'><strong>bonique</strong></span> <span class='ocrx_word' id='word_1_861' title='bbox 3562 5709 3765 5752; x_wconf 86' lang='lat' dir='ltr'><strong>consu-</strong></span> 
     </span>
    </p>
   </div>
   <div class='ocr_carea' id='block_1_118' title="bbox 2174 5781 3765 5856">
    <p class='ocr_par' dir='ltr' id='par_1_118' title="bbox 2174 5781 3765 5856">
     <span class='ocr_line' id='line_1_119' title="bbox 2174 5781 3765 5856; baseline 0.006 -20"><span class='ocrx_word' id='word_1_862' title='bbox 2174 5781 2312 5849; x_wconf 86' lang='lat' dir='ltr'><strong>lant,</strong></span> <span class='ocrx_word' id='word_1_863' title='bbox 2345 5790 2460 5837; x_wconf 90' lang='lat' dir='ltr'><strong>tum</strong></span> <span class='ocrx_word' id='word_1_864' title='bbox 2505 5781 2762 5853; x_wconf 87' lang='lat' dir='ltr'><strong>quidquid</strong></span> <span class='ocrx_word' id='word_1_865' title='bbox 2793 5781 2896 5839; x_wconf 88' lang='lat' dir='ltr'><strong>hoc</strong></span> <span class='ocrx_word' id='word_1_866' title='bbox 2927 5784 3025 5837; x_wconf 82' lang='lat' dir='ltr'><strong>fuit</strong></span> <span class='ocrx_word' id='word_1_867' title='bbox 3058 5786 3257 5842; x_wconf 90' lang='lat' dir='ltr'><strong>laboris</strong></span> <span class='ocrx_word' id='word_1_868' title='bbox 3287 5787 3420 5856; x_wconf 88' lang='lat' dir='ltr'><strong>tibi,</strong></span> <span class='ocrx_word' id='word_1_869' title='bbox 3449 5787 3658 5846; x_wconf 65' lang='lat' dir='ltr'><strong>Prasul</strong></span> <span class='ocrx_word' id='word_1_870' title='bbox 3685 5790 3765 5845; x_wconf 84' lang='lat' dir='ltr'><strong>in-</strong></span> 
     </span>
    </p>
   </div>
   <div class='ocr_carea' id='block_1_119' title="bbox 2175 5873 3761 5956">
    <p class='ocr_par' dir='ltr' id='par_1_119' title="bbox 2175 5873 3761 5956">
     <span class='ocr_line' id='line_1_120' title="bbox 2175 5873 3761 5956; baseline 0.005 -26"><span class='ocrx_word' id='word_1_871' title='bbox 2175 5874 2489 5946; x_wconf 77' lang='lat' dir='ltr'><strong>tegerrime,</strong></span> <span class='ocrx_word' id='word_1_872' title='bbox 2532 5873 2792 5944; x_wconf 70' lang='lat' dir='ltr'><strong>dicatum,</strong></span> <span class='ocrx_word' id='word_1_873' title='bbox 2848 5890 2915 5933; x_wconf 87' lang='lat' dir='ltr'><strong>eo</strong></span> <span class='ocrx_word' id='word_1_874' title='bbox 2967 5877 3112 5934; x_wconf 86' lang='lat' dir='ltr'><strong>vultu</strong></span> <span class='ocrx_word' id='word_1_875' title='bbox 3161 5878 3456 5956; x_wconf 85' lang='lat' dir='ltr'><strong>animoque</strong></span> <span class='ocrx_word' id='word_1_876' title='bbox 3503 5880 3761 5955; x_wconf 85' lang='lat' dir='ltr'><strong>accipias,</strong></span> 
     </span>
    </p>
   </div>
  </div>
