4052 6436
322 247 431 310 669

1211 254 1452 317 νΑιιω
1488 256 1997 322 DEDICATIONES
2032 261 2121 322 ET
2159 261 2688 326 PREFATIONES.

3508 272 3617 329 050

316 380 430 435 quo
475 365 607 424 olim
648 364 946 426 Persarum
969 366 1184 428 illerex
1209 369 1541 429 Artaxerxes
1593 373 1911 448 pauperculi
1939 378 1988 439 Δ
2015 379 2264 435 veritatis
2302 382 2577 438 cancellos
2620 382 2692 437 ita
2731 381 2833 438 sibi
2865 379 3316 454 circumdedisse,
3368 398 3421 444 ut
3454 405 3614 449 extra

316 456 600 528 cujusdam
621 457 878 516 frivolum
896 460 1119 533 quidem
1146 460 1242 519 sed
1262 460 1495 535 simplex
1514 479 1737 537 munus,
1762 481 1916 523 nem-

316 565 387 622 pe
410 564 610 623 aquam
656 552 1001 626 complicatis
1052 554 1307 613 manibus
1333 572 1366 614 e
1392 559 1641 630 proximo
1692 557 1917 617 llumine

315 643 570 702 haustam
594 643 773 705 fertur
791 646 1127 722 suscepisse.
1154 650 1491 708 voluntatem
1515 666 1581 708 ac
1604 652 1769 711 animi
1793 668 1917 723 pro-

313 738 664 811 pensionem.
695 757 804 798 non
834 755 949 800 rem
976 742 1154 814 ipsam
1186 745 1542 817 permetiens.
1592 744 1787 806 Valeat
1808 745 1918 804 Re

312 830 558 890 verentia
587 841 679 892 tua
702 832 959 894 feliciter.
987 835 1236 896 Colonia:
1254 878 1273 907 ,
1295 837 1456 896 Auno
1484 839 1627 897 l526
1653 838 1786 911 ipsis
1812 839 1917 897 idi-

313 922 416 982 bus
438 923 615 983 Junii.

953 1019 1298 1082 EPISTOLA

426 1126 621 1171 mna.
661 1126 893 1173 ηιιιω
928 1129 1309 1174 IAICODUIAII
1343 1131 1416 1176 Δδ
1465 1130 1522 1176 υ.
1564 1132 1808 1176 ποιησει

962 1201 1303 1247 ωπιιιυιι.

308 1272 666 1344 Amplissimo
707 1277 1334 1353 oruatissipoqueyirg
1389 1278 1455 1338 Ι).
1492 1280 1685 1353 losum
1726 1279 1915 1340 Uur-

1799 1360 1917 1481 ait

379 1487 522 1564 Cliti.
554 1489 727 1564 Itoni.
746 1503 879 1564 iete.
900 1487 1264 1564 cancellario,
1287 1503 1518 1564 patrm
1544 1510 1667 1564 suo,
1704 1495 1913 1553 Fusa.

382 1509 522 1546 hltV.
554 1509 723 1549 ιοιι.
769 1509 879 1551 CIC.
900 1509 1264 1561 caucettarto,

382 1560 677 1621 hastatus
712 1562 1150 1623 Isscouusaaus
1181 1562 1244 1623 8.

380 1679 521 1737 Cum
546 1694 777 1750 omnes.
821 1683 919 1756 qui
964 1695 1057 1741 res
1083 1696 1115 1739 a
1146 1697 1209 1742 se
1246 1684 1337 1742 vel
1370 1680 1624 1744 inventas
1652 1687 1911 1759 primum,

2018 471 2144 529 illos
2171 490 2467 546 numquam
2497 477 2605 531 sint
2646 477 2873 548 egressi,
2926 478 3072 534 nulla
3110 481 3310 551 gratia,
3361 483 3507 538 nulla
3537 484 3617 540 si-

2017 566 2248 623 multate
2277 568 2334 624 in
2365 569 2664 625 scribendo
2687 571 2799 626 sint
2829 573 3085 642 permoti.
3119 572 3275 642 Quod
3301 576 3521 648 quidem
3556 588 3618 635 ut

2015 659 2087 716 de
2127 658 2297 716 Paulo
2348 659 2542 717 Orosio
2581 661 2637 717 in
2685 660 2789 719 hoc
2832 672 3080 735 tempore
3127 666 3372 737 pluribus
3434 670 3616 726 verbis

2015 750 2237 824 planum
2266 752 2486 820 faciam,
2512 754 2884 811 necessarium
2911 770 3036 812 esse
3066 771 3175 813 non
3214 756 3454 814 arbitror
3478 777 3490 815 :
3516 761 3615 817 sed

2016 857 2080 900 ea
2100 858 2224 917 qua:
2249 842 2639 901 adolescentes
2665 842 2735 901 de
2761 844 2865 901 hoc
2894 857 3082 903 nostro
3106 859 3331 905 auctore
3359 849 3503 907 scire
3532 851 3614 907 la-

1914 965 1920 971 ο
2015 935 2312 1002 burabunt,
2334 934 2561 992 minime
2589 935 3027 1007 praetermittam.
3058 937 3181 995 Vita
3198 939 3318 1011 ejus
3339 941 3610 1014 descripta

2016 1028 2258 1087 breviter
2280 1044 2314 1087 a
2340 1028 2631 1088 Gennadio
2658 1029 2713 1089 in
2742 1031 3006 1105 Catalogo
3031 1032 3329 1092 Illustrium
3358 1036 3612 1096 Virorum

2014 1128 2197 1179 exstat
2230 1138 2245 1176 :
2282 1136 2407 1194 qua:
2443 1123 2609 1180 etiam
2651 1123 2707 1179 in
2745 1124 2967 1197 scriptis
3002 1128 3410 1199 exemplaribus
3453 1130 3614 1189 initio

2015 1213 2273 1272 Historia
2314 1216 2613 1285 invenitur,
2645 1218 2793 1274 sicut
2817 1232 2850 1275 a
2893 1218 3053 1276 nobis
3077 1229 3165 1278 est
3208 1222 3375 1281 edita.
3409 1222 3537 1281 Fuit
3564 1228 3616 1283 is

2015 1305 2386 1378 Christianus,
2420 1306 2477 1364 in
2510 1306 2767 1380 llispania
2797 1318 2961 1367 natus
2988 1320 3047 1367 et
3070 1312 3361 1385 educatus,
3392 1314 3489 1372 sed
3527 1315 3614 1374 tli-

2014 1397 2203 1457 scendi
2229 1399 2484 1471 cupidus,
2520 1414 2653 1457 suos
2682 1400 3026 1473 patriamque
3064 1404 3322 1475 reliquit;
3356 1414 3523 1479 atque
3553 1417 3614 1464 ut

2014 1505 2104 1560 ea,
2126 1504 2250 1561 qua:
2276 1491 2331 1547 in
2358 1490 2628 1564 religione
2644 1492 2937 1550 enodatius
2963 1495 3106 1554 scire
3135 1498 3416 1569 cupiebat,
3451 1499 3612 1571 plane

2013 1591 2393 1655 cognosceret,
2436 1583 2491 1640 in
2529 1582 2771 1640 Africam
2811 1585 2881 1642 ad
2913 1585 3197 1644 Aurelium
3242 1587 3612 1660 Augustinum

2016 1673 2251 1747 trajecit.
2266 1673 2393 1731 Fuit
2413 1674 2520 1733 hoc
2540 1676 2686 1732 circa
2708 1689 2912 1734 annum
2933 1677 3138 1735 Christi
3159 1678 3285 1739 400.
3309 1679 3447 1737 Cum
3469 1684 3611 1753 apud

306 1770 393 1826 rei
423 1769 907 1833 deindg'exculug
944 1787 1010 1830 ac
1052 1773 1359 1833 ίηιηιηιεε
1390 1776 1592 1835 liuet};
1618 1778 1909 1851 οοηείεηι-
1938 1767 1986 1832 Β
2013 1764 2374 1838 Augustinum
2402 1775 2573 1836 esset,
2604 1768 2881 1826 consuluit
2906 1785 3032 1827 eum
3058 1771 3129 1828 de
3154 1771 3611 1845 Priscillianistis,

305 1872 469 1933 runt,
499 1861 644 1924 bene
667 1864 738 1923 de
767 1867 1092 1939 posteritate
1117 1876 1251 1925 sunt
1278 1870 1496 1941 meriti,
1526 1872 1611 1927 vir
1635 1872 1912 1942 amplissi-

306 1972 399 2015 tue
429 1975 444 2013 :
501 1968 618 2019 tum
671 1959 815 2019 haud
868 1963 989 2019 scio
1016 1978 1086 2021 an
1112 1963 1213 2021 ulli
1244 1964 1469 2033 melius,
1500 1979 1661 2036 quam
1692 1967 1783 2036 qui
1816 1981 1908 2023 res

301 2063 490 2125 gestas
529 2053 777 2114 historia
819 2055 1175 2129 mandarunt,
1217 2058 1608 2130 memoriaeque
1641 2074 1909 2132 propaga-

304 2152 456 2200 runt.
486 2144 667 2218 Magni
698 2144 859 2216 ﬁunt,
883 2155 946 2205 ut
967 2149 1167 2205 merito
1195 2147 1315 2207 fieri
1354 2148 1579 2219 debent,
1608 2165 1735 2222 qua:
1780 2165 1910 2223 gra-

302 2237 515 2297 vissimi
540 2239 645 2298 viri
664 2240 947 2308 Socrates,
975 2241 1159 2311 Plato,
1187 2240 1532 2309 Aristoteles,
1561 2241 1764 2314 aliique
1786 2241 1909 2312 phi-

301 2330 519 2404 Iosephi
552 2330 625 2391 de
662 2332 972 2407 appetenda
1001 2334 1227 2403 virtute,
1262 2334 1715 2408 aspernandaque
1742 2335 1904 2391 vitio-

300 2426 465 2484 sitate
491 2425 695 2487 litteris
735 2425 1102 2499 prodiderunt
1130 2444 1148 2484 :
1179 2442 1305 2500 qua:
1351 2436 1531 2485 tamen
1561 2427 1901 2498 Herodotus,

299 2515 683 2592 Thucydides.
719 2516 1133 2590 Theopompus,
1177 2516 1454 2588 Ephorus,
1497 2528 1553 2575 et
1579 2520 1767 2577 caeteri
1791 2516 1903 2575 his-

300 2609 461 2667 torici
483 2609 837 2667 monimentis
859 2609 1138 2667 annalium
1180 2612 1597 2683 consignarunt,
1631 2609 1900 2683 majorem

296 2698 409 2758 vim
431 2700 503 2758 ad
533 2717 627 2760 res
680 2701 973 2774 praclaras
999 2702 1315 2772 sectandas,
1352 2705 1768 2777 contrariasque
1804 2704 1902 2761 de-

294 2793 580 2853 clinandas
628 2795 854 2860 habere.
900 2810 1070 2853 nemo
1107 2796 1361 2864 inficias,
1390 2796 1608 2869 opinor,
1651 2796 1772 2855 ibit.
1815 2796 1902 2855 illi

293 2888 444 2946 enim
470 2887 605 2961 quid
630 2904 794 2962 agere
820 2888 1072 2948 homines
1095 2889 1360 2953 debeant.
1404 2890 1462 2947 hi
1485 2890 1611 2963 quid
1635 2890 1900 2962 praeclare

294 2985 535 3057 egerint,
554 2982 758 3042 docent
783 3002 801 3042 :
830 2984 909 3041 illi
934 2984 1005 3042 de
1031 2984 1261 3042 colenda
1283 2983 1521 3058 justitia,
1554 2983 1896 3052 lenitudine,

295 3076 658 3152 temperantia
683 3078 855 3136 multa
881 3087 1162 3151 praecepta
1191 3078 1499 3145 dederunt;
1528 3077 1606 3149 bi,
1639 3077 1763 3150 quis
1775 3075 1898 3149 jus-

2013 1865 2073 1915 et
2095 1858 2164 1913 de
2188 1855 2512 1929 quibusdam
2532 1856 2782 1930 Origcnis
2801 1860 3072 1917 sensibus.
3097 1861 3197 1919 Cui
3220 1865 3611 1924 consultationi

2011 1950 2106 2008 ille
2146 1950 2433 2023 respondit
2474 1950 2639 2019 libro,
2675 1951 2769 2023 Qui
2808 1962 2991 2010 exstat
3020 1953 3089 2011 ad
3118 1954 3375 2013 Orosium
3415 1970 3611 2016 contra

2009 2041 2451 2100 Priscillianistas
2471 2050 2528 2099 et
2547 2042 2901 2115 Origenistas.
2933 2046 3159 2118 Capitur
3189 2048 3404 2106 interim
3434 2050 3611 2109 Roma

2008 2149 2041 2191 a
2067 2135 2375 2219 Gothorum
2405 2150 2533 2208 rege
2565 2137 2809 2205 Alarico,
2842 2148 2897 2194 et
2926 2154 3178 2211 magnam
3222 2141 3453 2199 Romani
3497 2145 3613 2200 cla-

2006 2227 2134 2287 dem
2168 2230 2455 2302 aecipiunt
2486 2246 2502 2284 :
2542 2244 2873 2302 causamque
2903 2232 3088 2290 hostes
3127 2234 3451 2292 Christiana:
3480 2239 3609 2294 reli-

2006 2320 2189 2391 gionis
2209 2320 2265 2376 in
2286 2336 2407 2378 eam
2432 2322 2759 2390 conferunt;
2789 2323 3049 2383 advrrsu;
3077 2325 3200 2382 illos
3228 2339 3340 2384 tum
3369 2329 3602 2387 Orosius

2008 2412 2303 2484 Augustini
2327 2412 2486 2485 jussu
2508 2412 2610 2471 hos
2637 2426 2848 2486 septem
2880 2417 3050 2474 libros
3078 2420 3440 2478 Historiarum
3474 2438 3610 2482 con-

2005 2506 2247 2579 scripsit.
2276 2506 2351 2563 De
2368 2506 2567 2579 quibus
2592 2508 2844 2565 Gelasius
2866 2511 3077 2581 primus
3102 2526 3227 2570 cum
3259 2530 3365 2570 Lxx
3393 2517 3609 2588 episco-

2004 2599 2091 2673 pis
2108 2601 2438 2658 sententiam
2461 2601 2607 2669 tulit,
2638 2601 2866 2673 ejusque
2886 2604 3095 2662 decreti
3117 2607 3282 2663 verba
3308 2617 3440 2664 sunt
3464 2608 3607 2667 hinc:

2007 2693 2289 2759 Orosium,
2329 2694 2497 2750 virum
2538 2695 2984 2767 eruditissimum,
3030 2698 3432 2771 collaudantur,
3479 2707 3606 2774 quia

2003 2788 2155 2844 valde
2177 2788 2473 2845 necessaria
2500 2788 2747 2845 adversus
2774 2806 3102 2863 paganorum
3126 2793 3424 2851 calumnias
3452 2788 3601 2853 ordi-

2002 2882 2166 2951 navit,
2208 2882 2445 2954 miraque
2484 2882 2730 2940 brevitate
2762 2885 3047 2942 contexuit.
3079 2885 3369 2959 Augustini
3396 2889 3599 2948 deinde

1999 2976 2266 3046 consilio,
2308 2976 2513 3048 utipse
2541 2976 2609 3033 ad
2641 2977 2907 3036 Evodium
2933 2979 3145 3049 scribit,
3177 2981 3403 3039 Orosius
3435 2984 3598 3039 Beth-

2000 3070 2237 3128 leemum
2272 3071 2342 3126 ad
2373 3069 2567 3128 Divum
2598 3071 2992 3145 Hieronymum
3020 3073 3299 3145 profectus
3336 3085 3440 3146 est,
3471 3094 3597 3135 cum

294 3178 382 3239 te,
412 3170 661 3240 fortiter,
689 3169 983 3229 moderate
1011 3171 1251 3239 vixerit,
1273 3171 1677 3229 demonstrant.
1713 3169 1901 3244 Neque
1923 3155 1973 3222 C
2004 3165 2109 3222 hac
2137 3166 2255 3237 ejus
2280 3164 2807 3224 commendatione:
2846 3166 2982 3224 Ecce
3011 3169 3146 3223 venit
3175 3171 3245 3224 ad
3272 3186 3353 3224 me
3384 3172 3600 3243 religio-

291 3278 427 3322 vero
454 3262 551 3336 qui
572 3263 642 3320 ad
672 3261 942 3336 justitiam
973 3262 1304 3332 hortabitur,
1334 3262 1459 3335 plus
1498 3262 1780 3319 Socratica
1812 3277 1902 3319 ra-

291 3361 466 3430 tione,
518 3374 684 3431 quam
722 3358 1005 3428 Aristidis,
1049 3356 1314 3425 Fabricii,
1350 3366 1409 3414 et
1444 3356 1681 3414 aliorum
1727 3355 1901 3412 docn-

292 3454 495 3511 mcntis
520 3449 750 3510 efﬁciet.
783 3448 955 3508 flecte
986 3449 1153 3523 igitur
1180 3449 1454 3506 Antonius
1500 3449 1644 3522 apud
1672 3449 1899 3505 Cicero-

291 3560 418 3602 nem
447 3543 737 3602 historiam
765 3541 881 3601 suis
919 3542 1177 3600 laudibus
1218 3555 1536 3611 exornans,
1581 3556 1703 3599 eam
1737 3554 1899 3598 asot-

291 3654 469 3697 s'rssu
504 3654 643 3696 τηε
690 3637 976 3706 nominat;
1028 3649 1224 3708 estque
1251 3650 1444 3705 magna
1488 3634 1660 3707 gratia
1713 3648 1896 3691 rerum

290 3740 570 3804 gestarum
598 3730 965 3804 scriptoribus
991 3727 1272 3797 habenda,
1298 3728 1391 3800 qui
1426 3742 1530 3785 suo
1557 3726 1740 3784 studio
1763 3724 1897 3784 effe-

290 3834 527 3897 cerunt,
563 3832 629 3884 ut
656 3824 829 3884 rebus
874 3822 1177 3899 pra-teritis
1213 3820 1637 3895 cognoscendis,
1671 3819 1804 3892 quid
1841 3818 1896 3877 in

295 3917 409 3977 vita
456 3916 741 3978 hominum
775 3915 1032 3975 laudetur
1062 3923 1162 3972 aut
1202 3914 1568 3988 vituperetur,
1597 3912 1727 3985 quid
1770 3926 1899 3985 pro-

292 4011 461 4072 betur
478 4020 578 4069 aut
600 4008 865 4080 oleudat,
905 4018 1182 4082 tamqmm
1211 4008 1267 4065 in
1281 4005 1510 4079 speculo
1532 4008 1895 4062 intueremur.

292 4104 638 4179 Quamquam
653 4118 765 4163 nou
782 4102 978 4161 eodem
996 4102 1120 4159 loco
1128 4115 1343 4169 omnes,
1359 4100 1451 4173 qui
1476 4098 1740 4157 historias
1766 4096 1897 4155 scri-

294 4208 547 4274 pserunt,
576 4197 882 4267 habendus.
901 4194 1338 4272 nequeeamdem
1364 4194 1655 4251 utilitatem
1677 4206 1747 4248 ex
1773 4205 1893 4248 om-

294 4295 448 4353 nium
490 4292 713 4351 illorum
760 4291 989 4361 scriptis
1035 4288 1487 4362 exspectandam,
1521 4299 1684 4343 nemo
1712 4300 1894 4343 rerum

293 4390 438 4448 adeo
451 4389 696 4463 ignarus,
709 4396 804 4444 aut
823 4402 853 4444 a
869 4386 1072 4444 litteris
1087 4386 1162 4440 ita
1178 4383 1389 4440 alienus
1411 4390 1519 4450 est,
1550 4381 1640 4452 qui
1662 4377 1894 4437 neseiat.

293 4482 405 4542 Sed
427 4497 555 4541 eum
576 4496 769 4540 eorum
791 4480 883 4537 alii
909 4493 1093 4536 rerum
1109 4477 1414 4549 priscarum
1436 4470 1777 4540 narratione,
1800 4485 1895 4526 au-

2000 3276 2094 3315 sus
2110 3259 2336 3331 juvenis,
2360 3258 2619 3316 catholica
2646 3275 2772 3331 pace
2793 3260 2983 3331 frater,
3014 3270 3171 3317 artata
3202 3264 3365 3329 ﬁlius,
3400 3266 3597 3319 (sonore

2000 3351 2384 3423 comprcsbytcr
2412 3358 2607 3420 noster,
2651 3350 2896 3419 Orosius,
2946 3352 3069 3425 uigil
3110 3354 3336 3425 ingenio,
3383 3368 3599 3426 paratus

1996 3430 2227 3515 eloquio,
2259 3446 2491 3518 ﬂagrans
2512 3444 2709 3512 studio,
2738 3446 2867 3500 utile
2889 3462 2978 3500 vas
3004 3447 3056 3501 in
3078 3447 3231 3502 domo
3261 3448 3470 3505 Domini
3489 3468 3599 3507 esse

1998 3537 2321 3607 desiderans,
2345 3535 2417 3591 ad
2440 3537 2754 3609 refellendas
2777 3539 2940 3609 falsas
2961 3540 3377 3611 perniciosasquc
3403 3542 3600 3598 doctri-

1999 3644 2116 3696 nas,
2139 3642 2254 3699 qntz
2277 3628 2480 3683 animus
2516 3625 2871 3699 Hispanorum
2910 3630 3073 3684 ntulto
3114 3631 3399 3701 infelicius,
3438 3651 3595 3704 quam

2000 3740 2221 3795 corpora
2244 3722 2547 3779 barbaricus
2573 3723 2784 3796 gladius
2808 3723 3164 3792 trucidarunt,
3205 3733 3317 3782 etc.
3351 3725 3473 3783 Non
3501 3729 3591 3786 hic

1997 3818 2468 3885 commemorabo,
2514 3833 2676 3889 quam
2706 3831 2876 3890 stupe,
2913 3834 3186 3891 quamque
3227 3819 3460 3877 libenter
3492 3822 3594 3878 ho-

1999 3910 2177 3968 mines
2202 3909 2427 3981 eruditi,
2460 3910 2621 3982 hujus
2644 3909 2931 3981 scriptoris
2961 3912 3290 3970 auctoritate
3335 3924 3394 3970 et
3438 3918 3593 3973 testi-

1998 4002 2187 4062 monio
2208 4011 2455 4073 utantur,
2477 4017 2641 4076 quam
2672 4003 2967 4058 multarum
3008 4019 3193 4060 rerum
3219 4007 3483 4063 memoria
3534 4008 3587 4064 in

1996 4094 2198 4152 Orosio
2229 4103 2440 4163 exstet;
2478 4111 2601 4168 qua:
2636 4093 2785 4166 apud
2827 4095 2970 4152 alios
3001 4109 3124 4165 post
3161 4104 3368 4153 tantam
3420 4098 3589 4172 Livii,

1997 4186 2194 4254 Taciti,
2228 4193 2394 4258 atque
2418 4185 2651 4242 aliorum
2680 4185 3068 4243 historicorum
3092 4188 3363 4258 jaCturam
3390 4190 3592 4250 factam

1998 4295 2110 4338 non
2141 4278 2510 4337 inveniantur.
2546 4278 2662 4337 Hoc
2698 4279 2845 4347 dico,
2882 4279 3179 4338 dolendum
3224 4281 3410 4353 fuisse,
3453 4289 3588 4341 tanti

1997 4375 2105 4433 viri
2132 4384 2243 4432 tam
2271 4373 2607 4431 fructuosam
2637 4372 2928 4431 historiam
2954 4373 3093 4432 adeo
3122 4376 3383 4433 mendose
3408 4378 3593 4436 hacte-

2000 4483 2102 4525 nus
2130 4468 2185 4525 in
2208 4466 2461 4524 manibus
2484 4468 2720 4524 versari.
2752 4467 3075 4525 Ccntulerat
3094 4482 3214 4525 cam
3240 4484 3363 4525 cum
3383 4471 3592 4543 aliquot

295 4570 1314 4649 restantumqnasireluptatequadam
1330 4564 1889 4642 perfundere,verbo-
1921 4549 1976 4613 D
1999 4558 2389 4633 manuscriptis
2437 4558 2839 4631 exemplaribus
2877 4567 3006 4616 ante
3052 4574 3228 4615 annos
3268 4562 3339 4617 33$
3380 4561 3586 4618 Gerar-

293 4684 526 4742 ruutque
546 4667 824 4727 illecebris
846 4674 1073 4738 captare
1099 4663 1397 4730 voluerint,
1425 4660 1519 4718 alii
1546 4674 1637 4718 res
1672 4658 1894 4731 sapien-

294 4771 406 4833 ter,
448 4766 620 4837 juste,
666 4760 781 4837 pie,
810 4758 1052 4826 leniter,
1096 4755 1487 4828 moderateque
1526 4760 1733 4824 gestas,
1780 4753 1893 4811 sint

293 4853 583 4931 splendida
600 4860 659 4912 et
684 4850 886 4911 illustri
911 4850 1164 4910 oratione
1183 4848 1457 4923 persecuti
1487 4865 1501 4904 :
1524 4846 1617 4904 alii
1642 4845 1893 4920 neglecto

296 4944 604 5007 verborum
628 4952 831 5003 ornatu
849 4958 964 5013 res,
1004 4943 1170 5001 utiles
1200 4941 1327 5001 illas
1353 4938 1598 5014 quidem,
1629 4940 1727 4997 sed
1767 4953 1895 4997 ora.

292 5039 466 5101 tinnis
484 5037 781 5098 luminibus
808 5053 923 5096 non
953 5036 1264 5095 illustratas
1290 5033 1675 5109 proposuerint
1703 5052 1720 5090 :
1755 5033 1895 5092 deli-

294 5131 461 5207 ιωόὶ
486 5138 621 5189 sunt
650 5129 922 5200 imprimis
948 5126 1212 5201 omnique
1230 5126 1415 5186 studio
1442 5127 1771 5198 evolvendi,
1798 5126 1893 5199 qui

297 5240 410 5286 nou
453 5221 621 5282 modo
656 5221 899 5296 linguam
940 5219 1229 5288 excolere,
1270 5233 1461 5277 verum
1486 5220 1654 5277 etiam
1705 5226 1897 5289 peetus

298 5317 663 5391 plurimam
696 5323 758 5372 et
782 5314 1145 5370 maximarum
1186 5325 1375 5369 rerum
1416 5311 1578 5381 copia
1619 5310 1897 5368 instruere

300 5418 552 5485 possunt.
571 5406 729 5481 Quod
756 5404 807 5465 si
830 5414 1015 5465 tamen
1046 5419 1145 5462 eos
1175 5419 1286 5463 non
1312 5418 1695 5476 aspernamur,
1721 5418 1751 5459 a
1773 5402 1896 5474 qui-

299 5504 405 5563 bus
433 5511 635 5577 prater
660 5500 957 5559 verborum
985 5507 1239 5557 ornatum
1269 5496 1408 5555 nihil
1437 5498 1666 5553 omnino
1693 5511 1897 5570 suppe-

299 5598 527 5667 ditatur,
558 5605 711 5654 certe
728 5594 888 5652 valde
906 5592 1043 5651 lauti
1068 5602 1221 5661 sunt,
1245 5594 1339 5665 qui
1358 5591 1557 5649 abillis
1571 5590 1895 5661 abhorrent,

300 5692 396 5764 qui
426 5691 579 5750 brevi
597 5688 946 5762 simplicique
968 5686 1223 5743 oratione
1243 5701 1333 5741 res
1354 5686 1670 5758 cognitione
1690 5684 1899 5757 dignis-

302 5782 469 5846 sinms
494 5778 1067 5855 comprehenderunt,
1109 5777 1415 5848 prmscrtim
1444 5777 1491 5836 si
1518 5785 1755 5850 constet,
1801 5791 1898 5839 eos

747 5873 1029 5940 Panos.
1082 5867 1328 5935 XXXI.

1997 4654 2103 4712 dus
2131 4651 2424 4724 Bolsuinge
2462 4669 2477 4708 :
2524 4651 2794 4709 laboravit
2835 4651 3038 4709 deinde
3083 4654 3138 4710 in
3174 4659 3365 4710 eadem
3402 4671 3591 4711 emcn-

1998 4747 2179 4807 danda
2208 4746 2434 4805 doctiss.
2466 4747 2554 4804 vir
2592 4748 2836 4804 Joannes
2863 4747 3135 4804 Cmsarius
3162 4767 3178 4805 :
3206 4750 3303 4806 sed
3344 4752 3589 4822 profecto

1998 4850 2378 4907 necesse'est,
2423 4850 2483 4897 ut
2523 4840 2606 4896 vel
2637 4854 2826 4896 eorum
2854 4842 3185 4912 exemplaria
3231 4858 3341 4899 non
3386 4844 3590 4900 fuerint

1996 4931 2296 5004 diligenter
2327 4932 2462 4988 satis
2500 4931 2799 5002 descripta.
2839 4933 2927 4988 vel
2958 4932 3059 5004 ipsi
3104 4948 3295 5004 parum
3332 4946 3589 4993 accurato

1996 5040 2139 5097 opus
2180 5022 2598 5097 perspexerint,
2644 5033 2724 5080 tot
2757 5024 2956 5081 menda
2993 5025 3183 5081 relicta
3222 5026 3294 5082 ab
3341 5029 3452 5084 illis
3489 5030 3589 5085 dc—

1997 5114 2291 5191 prebeudi,
2318 5124 2607 5189 postquam
2633 5130 2825 5173 eorum
2853 5116 3026 5173 libros
3052 5132 3177 5173 cum
3202 5118 3376 5174 tribus
3398 5134 3589 5175 manu-

1995 5210 2220 5283 scriptis
2261 5209 2519 5268 cunferre
2551 5210 2717 5281 cmpi.
2751 5209 2938 5280 Neque
2962 5225 3096 5266 vero
3132 5211 3268 5265 satis
3299 5211 3464 5267 habui
3495 5230 3593 5269 re-

1998 5312 2174 5362 tustos
2200 5302 2372 5359 libros
2400 5302 2469 5358 ad
2500 5301 2661 5374 hujus
2692 5311 2800 5358 tam
2824 5302 3103 5373 praeclara:
3125 5300 3371 5360 historia:
3402 5320 3591 5361 emen-

1998 5394 2278 5452 dationem
2307 5392 2576 5451 advocare
2601 5410 2617 5449 :
2644 5392 2741 5450 sed
2762 5409 2886 5449 cum
2911 5393 3263 5465 jampridem,
3293 5397 3591 5454 multorum

2000 5488 2320 5546 Graecorum
2346 5497 2405 5544 et
2430 5486 2750 5543 Latinorum
2780 5496 3064 5544 auctorum
3097 5488 3419 5556 collatione,
3442 5490 3592 5547 didi-

2000 5581 2225 5649 cissem,
2270 5582 2421 5652 ipsos
2468 5579 2642 5637 libros
2687 5580 2926 5650 scriptos
2971 5580 3154 5636 multis
3190 5596 3340 5651 serpe
3380 5584 3594 5639 mendis

2002 5673 2236 5731 frenatos
2268 5687 2414 5739 esse,
2444 5671 2708 5737 conduxi,
2738 5681 2795 5729 et
2820 5675 2974 5744 quasi
3007 5675 3306 5730 convocavi
3340 5674 3393 5728 in
3425 5690 3590 5729 unum

2006 5768 2183 5829 locum
2212 5780 2431 5840 omnes,
2459 5777 2597 5842 quos
2626 5763 2696 5825 de
2721 5761 2809 5827 bis
2836 5766 3020 5831 rebus,
3054 5781 3192 5837 quas
3218 5765 3442 5826 Orosius
3466 5765 3593 5828 atti-
