4052 6440
432 313 535 376 651

1466 300 1741 362 PAULUS
1776 298 2070 359 OROSiUS
2105 296 2638 359 CHHONULOGUS.

3624 275 3759 335 652

436 430 537 502 git,
560 425 847 496 scripsisse
867 420 1071 496 aliquid
1099 419 1249 492 potui
1271 419 1573 477 recordari.
1596 418 1697 488 Qui
1724 424 1906 472 autem
1934 414 2033 481 illi,
2063 418 2109 478 Α
2137 416 2281 502 Ante
2306 418 2435 473 lit-et
2462 406 3187 502 populiftterit93392}:

440 534 497 582 et
526 532 657 596 quot
689 520 915 584 fuerint,
949 533 1017 575 ex
1047 513 1510 573 Annotationibus
1554 510 1763 569 nostris
1807 523 2035 581 appare-

441 620 524 676 bit
550 632 564 669 :
596 616 651 672 in
682 614 884 686 quibus
914 626 1021 668 non
1054 620 1261 666 tantum
1300 606 1443 664 banc
1470 605 1769 664 editionem
1807 601 1996 658 fulcire
2016 641 2034 667 ,

440 712 538 769 sed
564 719 619 767 ct
648 708 945 766 Historiam
975 706 1282 762 Romanam
1317 703 1599 757 illustrare
1621 715 1744 755 sum
1771 707 2032 753 conatus:

441 816 502 863 ut
522 805 923 867 adolescentes,
954 801 1049 873 qui
1076 804 1341 869 cuperent
1378 811 1468 864 ea,
1498 809 1624 867 qua:
1652 790 1884 849 Orosius
1905 791 2034 847 bre-

440 901 579 956 viter
603 897 922 967 complexus
948 902 1054 958 est,
1088 891 1304 963 plenius
1331 901 1691 959 cognoscere,
1722 885 1825 941 hac
1851 892 2035 939 nostra

441 992 816 1048 admonitione
845 986 1093 1043 instructi
1123 984 1353 1047 scirent,
1399 979 1544 1037 unde
1581 979 1675 1036 illa
1724 988 1909 1032 essent
1938 990 2036 1045 pc-

441 1086 626 1149 tentla,
651 1093 956 1152 eorumque
983 1078 1218 1137 lectione
1246 1076 1394 1132 sitim
1424 1088 1580 1131 suam
1608 1072 1913 1141 explerent.
1942 1072 2040 1124 At-

436 1195 546 1249 que
576 1176 681 1233 hoc
722 1174 942 1246 quidem
991 1186 1097 1242 ego
1134 1185 1333 1241 magno
1366 1174 1563 1224 conatu
1593 1164 1881 1234 studioque
1904 1165 1991 1233 egi
2019 1177 2034 1215 :

443 1270 571 1342 quid
607 1284 738 1325 vero
770 1267 873 1323 sim
913 1271 1270 1327 consecutus,
1310 1261 1547 1318 aliorum
1585 1258 1792 1329 judicio
1842 1257 2038 1314 lubens

440 1362 725 1435 permitto;
752 1359 811 1415 In
838 1360 1039 1429 quibus
1060 1372 1202 1412 unus
1227 1368 1305 1421 tti,
1331 1353 1567 1410 Patrone
1592 1350 1949 1421 amplissime,
1977 1364 2040 1405 es

449 1456 585 1513 mihi
627 1455 803 1509 instar
831 1451 1098 1507 omnium.
1128 1448 1242 1503 Tua
1272 1444 1409 1503 mibi
1447 1442 1857 1510 benevolentia,
1887 1453 2039 1497 tuum

447 1549 712 1622 judicium
740 1547 937 1603 harum
978 1543 1284 1613 vigiliarum
1313 1542 1522 1597 fructus
1549 1539 1656 1596 erit
1702 1537 2037 1593 uberrimus.

448 1640 625 1700 Habui
662 1638 921 1710 equidem
960 1635 1016 1691 iu
1062 1633 1225 1704 hujus
1262 1632 1471 1689 laboris
1509 1646 1615 1688 non
1646 1628 1812 1685 modo
1857 1642 2045 1684 susce-

448 1736 657 1806 ptione,
686 1745 875 1787 verum
914 1730 1079 1784 etiam
1124 1726 1408 1782 molitione
1436 1739 1499 1779 ac
1543 1721 1909 1793 perfectione,
1939 1736 2042 1791 pu-

2210 489 2327 544 Non
2360 475 2765 544 tam'en'exutus
2792 481 3044 537 sordibus
3072 481 3190 551 ipse
3216 475 3340 551 fuit,

2135 559 2243 618 Sed
2283 562 2446 617 veluti
2476 557 2677 614 malum
2702 549 3215 624 roseoplcrumquc
3244 549 3456 624 colore,

2210 632 2435 687 Brachia
2460 629 2604 699 quod
2634 626 2825 683 matris
2850 620 3059 699 deserit
3084 620 3210 699 ante
3237 620 3405 699 diem.

2135 705 2253 772 Qua
2275 688 2528 771 coquitur
2550 699 2756 756 Phoebo
2783 697 2930 772 cutis
2950 696 3108 772 alium
3129 690 3331 763 linquit
3351 688 3657 772 honorem,

2209 767 2417 830 Caetera
2449 786 2576 839 pars
2614 772 2781 825 veteri
2813 770 2971 840 plena
3005 767 3191 840 vigore
3218 771 3441 819 manet:

2139 846 2233 905 Sic
2254 848 2376 903 hinc
2406 838 2656 902 Orosinm
2684 838 2884 897 multus
2913 838 3242 895 labefecerat
3265 848 3448 901 error,

2212 917 2364 974 Illinc
2401 931 2432 973 a
2460 913 2689 971 maculis
2714 911 3090 967 semircfertns
3113 915 3252 965 erat.

2141 988 2222 1046 En
2256 989 2350 1044 tibi
2385 1002 2525 1042 nunc
2556 983 2736 1055 ρομίιο
2767 985 2946 1038 labum
2975 980 3251 1055 squalore,
3273 978 3515 1051 situque,

2214 1059 2452 1116 Fabricii
2484 1052 2643 1113 docto
2668 1056 2812 1111 fetus
2842 1056 3049 1111 honore
3075 1052 3246 1108 venit.

2138 1132 2194 1187 Si
2226 1140 2459 1196 possunt
2486 1127 2714 1185 Veteres
2742 1126 2976 1196 aliquem
3002 1124 3273 1181 meruisse
3299 1120 3588 1190 favorem,

2263 1147 2459 1188 essunt.
2493 1147 2714 1185 veteres
2742 1147 2976 1196 altqttcnt
3002 1147 3273 1181 meruisse
3299 1147 3460 1179 IIVUI'I

2211 1147 2313 1271 6m
2347 1210 2526 1258 tamen
2548 1197 2792 1255 historize
2823 1200 3039 1271 vincula
3064 1210 3210 1271 smpc
3239 1198 3460 1251 levant:

2140 1267 2258 1332 Non
2291 1275 2471 1345 placet
2497 1272 2725 1345 0ro_s_in_s
2750 1271 2879 1345 linia
2903 1269 3013 1345 jam
3035 1267 3257 1323 vindice
3281 1280 3461 1345 rasus,

2211 1334 2313 1413 Qui
2334 1360 2432 1400 sua
2461 1359 2561 1415 pro
2578 1334 3041 1415 Cbristojor'titer
3068 1352 3216 1393 arma
3249 1334 3410 1415 tulit?

2142 1411 2276 1475 Nam
2305 1411 2478 1473 simul
2495 1429 2560 1472 ac
2584 1412 2784 1470 ﬂueret
2809 1411 3057 1470 Romana
3083 1412 3326 1481 potentia
3352 1417 3537 1476 retro,

2215 1489 2483 1559 Plebsque
2510 1486 2637 1559 mali
2659 1482 2947 1559 Chrisnttn
2969 1483 3177 1559 diceret
3205 1495 3329 1559 esse
3360 1488 3555 1556 caput,

2140 1559 2342 1618 Texuit
2367 1553 2595 1615 annales
2619 1572 2650 1612 a
2679 1558 2854 1627 primo
2875 1554 3090 1627 semine
3113 1553 3332 1627 mundi,

2215 1633 2446 1702 Semper
2473 1624 2694 1685 humum
2716 1636 3029 1702 monstrans
3044 1624 3295 1702 cladibus
3314 1637 3438 1681 esse
3459 1635 3700 1696 gravem
3730 1636 3751 1678 :

2145 1706 2223 1762 Ac
2254 1711 2316 1759 ut
2342 1696 2573 1759 dilueret
2601 1700 2785 1757 stolidi
2817 1698 3098 1756 mendacia
3120 1696 3288 1767 vulgi,

2219 1774 2352 1843 Quae
2379 1771 2583 1830 Christi
2613 1781 2861 1843 poterant
2891 1765 3254 1843 obtenebrare
3273 1765 3463 1843 iubar,

450 1830 647 1884 lilicam
667 1823 971 1896 jttventutis
994 1821 1279 1876 utilitatem
1311 1818 1445 1875 milii
1476 1818 1836 1890 pretiositam,
1863 1813 1961 1872 sed
1989 1815 2043 1871 in
2076 1812 2125 1873 B

451 1934 506 1978 te
551 1921 724 1993 ipsum
773 1916 935 1973 simul
980 1929 1106 1970 cum
1152 1914 1352 1974 Oresio
1395 1927 1620 1983 operam
1670 1910 1885 1976 darem,
1917 1925 2040 1965 cum

451 2025 603 2081 grata
636 2011 866 2082 quadam
910 2006 1307 2065 beneficiorum
1338 2014 1553 2061 tuorum
1591 2005 1643 2058 in
1665 2018 1755 2059 me
1786 2003 2043 2059 recorda-

449 2108 601 2160 tione
626 2100 889 2174 spectavi,
912 2115 1012 2156 nec
1034 2098 1085 2153 id
1108 2100 1226 2154 sine
1248 2112 1407 2152 causa
1434 2114 1448 2151 :
1472 2096 1527 2152 Si
1551 2095 1696 2152 enim
1718 2097 1877 2152 abeo
1903 2104 2043 2151 tem-

453 2212 606 2268 porc,
648 2210 756 2267 quo
798 2208 884 2249 me
916 2192 1147 2263 primum
1199 2191 1518 2260 complexus
1556 2203 1639 2256 es,
1676 2187 1772 2242 tibi
1818 2189 1999 2243 omnia
2027 2228 2042 2254 ,

451 2307 571 2360 qua:
593 2303 622 2343 a
649 2304 737 2343 me
762 2287 1260 2357 proﬁciscerentur,
1292 2284 1481 2338 deberi
1506 2282 1696 2348 statui,
1718 2293 1923 2353 quanto
1951 2296 2047 2337 cu-

452 2383 708 2440 mulatior
746 2395 895 2436 nunc
932 2394 999 2435 ea
1043 2378 1300 2433 voluntas
1342 2391 1463 2433 esse
1503 2376 1690 2444 debet,
1757 2386 2044 2448 postquam

449 2477 620 2531 lilium
651 2488 830 2530 meum
855 2488 885 2527 a
910 2479 1261 2526 sacrosancto
1285 2468 1611 2540 baptismate
1632 2468 1911 2539 suscipere
1937 2483 2049 2523 ma-

447 2567 594 2623 xima
622 2565 1023 2621 benevolentia:
1049 2560 1453 2632 signiﬁcatione
1480 2560 1741 2616 voluisti?
1767 2559 1920 2629 Quod
1954 2576 2050 2616 nc-

450 2654 808 2715 cessitudinis
828 2654 1126 2718 vinculum.
1153 2652 1374 2723 quando
1395 2649 1682 2707 Justiniani
1707 2650 2050 2721 imperatoris

450 2751 739 2809 sanctione
764 2747 1126 2804 arctissimum
1150 2745 1402 2815 habetur,
1424 2760 1528 2817 ego
1554 2745 1651 2801 illo
1671 2745 2047 2814 gravissimum

452 2860 597 2903 onus
657 2841 1021 2900 observantiae
1069 2839 1200 2895 mibi
1261 2837 1575 2910 impositum
1617 2848 1820 2894 statuo.
1878 2837 2051 2909 Cujus

450 2948 649 2995 testem
675 2933 931 2992 Oret-ium
964 2931 1066 2989 hoc
1098 2940 1348 3003 tempore
1374 2930 1441 2986 ad
1472 2941 1525 2986 te
1555 2930 1757 2985 mitto:
1797 2944 1959 2998 quem
1993 2929 2049 2985 in

454 3040 548 3087 tuo
574 3029 792 3085 nomine
820 3026 1018 3083 merito
1040 3040 1305 3096 apparere
1330 3023 1606 3093 existimo,
1648 3021 1797 3094 quod
1832 3032 1910 3088 tu,
1942 3024 2038 3093 qtti

459 3137 733 3180 summam
762 3121 921 3176 istam
953 3118 1318 3191 prudentiam,
1354 3133 1460 3189 qua
1490 3116 1543 3172 in
1576 3115 1846 3173 altissimo
1872 3116 2054 3186 digni-

2217 1915 2448 1972 Rutnula
2476 1915 2844 1973 Christiadunt
2870 1922 3085 1985 sceptra
3116 1913 3294 1985 virere
3323 1910 3450 1985 title.

2145 1989 2283 2047 Hinc
2311 2004 2413 2044 nos
2438 1987 2531 2060 qui
2562 1987 2792 2059 tegimur
2816 1982 2982 2060 densa
3005 1998 3108 2042 cett
3137 1983 3280 2060 nube
3304 1982 3556 2037 dolorum
3573 2021 3592 2050 ,

2220 2054 2534 2130 Semper'ct
2561 2054 2818 2113 mriininis
2844 2056 2999 2111 turba
3026 2054 3239 2126 sepulta
3269 2070 3479 2130 sumtis,

2149 2131 2206 2188 In
2232 2125 2511 2187 Christum
2545 2130 2777 2202 fugimus
2801 2143 2999 2202 causas
3019 2125 3275 2202 torquere
3300 2125 3594 2202 malorum,

2220 2203 2491 2259 Disciinus
2516 2215 2574 2259 et
2600 2199 2784 2257 clades
2812 2200 2977 2265 ferre,
3001 2199 3209 2265 subire,
3245 2199 3375 2267 pati.

2149 2273 2294 2344 Ergo
2317 2290 2450 2342 cape
2481 2275 2732 2329 Orosinni
2759 2270 2879 2327 vitii
2906 2271 2975 2327 de
3005 2270 3227 2340 pulvere
3253 2280 3488 2342 raptum,

2219 2347 2275 2401 Si
2303 2355 2355 2403 te
2381 2361 2540 2417 parva
2565 2345 2639 2400 tui
2672 2353 2895 2417 tangere
2914 2357 3042 2417 cura
3071 2351 3275 2417 potest.

2150 2417 2267 2473 Non
2300 2411 2469 2471 vatius
2492 2418 2666 2487 pariet
2694 2411 2791 2471 tibi
2824 2414 2983 2487 taedia
3015 2428 3197 2487 sermo
3239 2411 3491 2485 legendi,

2222 2488 2435 2559 Eloqnii
2465 2486 2639 2544 currit
2658 2488 2826 2559 gratia
2859 2486 2978 2559 viva
3002 2486 3108 2539 sui.

2148 2558 2266 2616 Non
2294 2554 2356 2615 te
2374 2554 2691 2615 mundorum
2719 2558 2829 2628 jam
2860 2558 3014 2612 triste
3048 2554 3348 2611 morabitur
3374 2569 3592 2627 agmen,

2220 2631 2459 2697 Quorum
2493 2630 2726 2688 Fabricii
2754 2643 2978 2684 munere
3011 2628 3188 2695 prodit
3211 2642 3405 2696 egens.

2148 2699 2208 2758 Si
2233 2718 2337 2773 qua
2365 2701 2700 2773 videbuntur
2730 2703 2890 2773 cacis
2920 2702 3169 2773 immersa
3194 2699 3458 2767 tenebris,

2220 2771 2354 2840 Quze
2380 2773 2570 2843 nequit
2597 2772 2797 2843 ingenii
2825 2781 3019 2843 captus
3055 2771 3195 2843 inire
3219 2773 3294 2824 ttti
3321 2787 3337 2824 :

2150 2843 2283 2900 Haec
2318 2845 2413 2899 tibi

2225 2910 2551 2971 Francisch
2579 2914 2773 2971 scltulii
2805 2915 2955 2970 clara
2986 2913 3165 2969 nitore
3187 2910 3338 2968 facit.

2154 2984 2210 3042 In
2230 2988 2434 3061 quibus
2462 2996 2527 3061 ut
2545 2988 2794 3054 sequitur
2824 2997 3069 3061 veterum
3100 2986 3436 3061 monimenta
3456 2988 3704 3048 virorum
3727 3034 3747 3061 ,

2225 3056 2319 3115 Sic
2344 3058 2468 3113 loca
2495 3058 2563 3114 de
2592 3072 2777 3114 rerum
2809 3056 2994 3112 nubila
3027 3063 3186 3111 nocte
3215 3058 3401 3115 trahit.

2155 3125 2268 3202 Cur:
2297 3131 2392 3184 tibi
2425 3132 2472 3184 si
2501 3132 2709 3202 possint
2742 3129 2903 3202 huius
2943 3125 3212 3196 placuisse
3239 3129 3481 3201 latuit-ea,

2504 2841 2749 2917 ytnna'sii
2764 2845 2859 2917 plus
2892 2841 3055 2917 illustt
3070 2841 3258 2917 iseima
3274 2842 3457 2917 nostri

461 3215 590 3273 tatis
616 3214 789 3286 gradu
821 3210 1052 3283 positus,
1085 3208 1273 3279 patria:
1320 3207 1702 3280 tranquillitati
1741 3208 1881 3265 bene
1920 3222 2053 3266 con-
2078 3196 2126 3261 C
2155 3270 2197 3286 Δ
2227 3196 2519 3284 Etscnsus
2555 3202 2777 3286 dempto
2804 3196 3168 3286 ﬂammavere
3194 3209 3352 3286 tuos:

459 3310 598 3366 aulis
624 3318 678 3364 et
701 3304 984 3377 prmsides,
1018 3313 1069 3359 te
1094 3301 1455 3359 Historiarum
1486 3299 1802 3371 cognitione
1825 3316 1855 3355 a
1880 3300 2055 3373 prima

463 3410 627 3457 aetate
668 3398 978 3463 inclinasse,
1024 3394 1249 3461 aluisse,
1297 3392 1548 3459 auxisse,
1593 3407 1660 3448 ac
1690 3391 2050 3449 confirmasse

466 3491 784 3558 meministi,
827 3506 895 3546 ne
923 3504 1066 3545 nunc
1097 3486 1339 3559 quidem,
1390 3501 1515 3543 cum
1556 3501 1653 3556 per
1692 3484 2054 3557 gravissimas

460 3588 618 3657 Reip.
642 3584 1031 3654 occupationes
1057 3581 1207 3647 licet,
1233 3580 1617 3638 historicorum
1648 3579 1939 3636 lectionem
1969 3594 2055 3636 tc—

456 3682 649 3752 fugere
674 3672 1043 3735 consuevisti;
1071 3672 1216 3743 quod
1243 3688 1368 3730 cum
1404 3690 1510 3728 non
1536 3672 1927 3745 cognoscendi,
1956 3673 2054 3730 sed

462 3769 738 3830 recolendi
770 3767 941 3841 gratia
986 3766 1178 3833 facias,
1229 3767 1367 3823 nulli
1396 3766 1737 3823 commodius
1768 3768 2054 3838 leguntur,

459 3879 624 3937 quam
665 3862 757 3935 qui
785 3864 836 3918 ἐν
857 3863 1074 3935 ἐπιτομῇ
1104 3875 1193 3915 res
1220 3866 1402 3928 gestas
1429 3848 1704 3915 ciarorum
1729 3856 1971 3915 virorum
1994 3875 2059 3914 ac

466 3955 789 4027 populorum
820 3952 1183 4021 scripserunt.
1218 3948 1276 4005 id
1307 3964 1439 4006 vero
1457 3966 1577 4006 cum
1606 3950 1833 4007 Orosius
1850 3951 2061 4023 gravis-

464 4050 727 4104 simorum
752 4045 992 4101 virorum
1019 4043 1333 4099 testimonio
1354 4056 1565 4098 summa
1593 4042 1698 4099 fide
1720 4046 2057 4113 praestiterit,

466 4155 607 4212 opus
635 4154 759 4193 esse
790 4153 894 4192 non
931 4135 1196 4201 arbitror,
1230 4144 1291 4190 ut
1328 4136 1431 4192 hoc
1461 4135 1709 4207 pluribus
1754 4134 1942 4192 verbis
1972 4136 2061 4192 hic

467 4232 841 4289 demonstrem
875 4248 887 4283 :
923 4242 1024 4284 nec
1061 4227 1274 4294 dubito,
1317 4228 1447 4299 quin
1490 4228 1585 4285 tibi
1625 4228 1757 4285 satis
1783 4243 2062 4287 commeo.

467 4325 631 4382 datus
659 4325 733 4380 sit
757 4324 825 4393 is,
858 4322 949 4394 qui
976 4320 1268 4378 Historiam
1307 4321 1376 4377 ab
1403 4321 1559 4378 initio
1588 4322 1775 4379 mundi
1802 4337 2059 4394 exorsus,

465 4418 533 4474 ad
575 4430 670 4471 sua
704 4425 949 4487 tempora
979 4430 1076 4486 per
1106 4414 1348 4486 quinque
1396 4415 1567 4472 millia
1594 4431 1865 4474 annorum
1898 4433 2060 4489 supra

468 4527 534 4567 nc
564 4510 675 4567 fere
706 4510 933 4567 deduxit
963 4526 977 4562 :
1006 4508 1223 4565 conlido
1257 4510 1419 4565 etiam
1450 4519 1503 4566 te
1528 4520 1777 4567 nostrum
1811 4512 2059 4569 laborem

2152 3270 2331 3330 Orosii
2364 3288 2573 3342 sumas,
2616 3272 2791 3342 lector
2812 3271 3080 3336 studiose,
3113 3269 3359 3342 libellos,

2224 3343 2372 3412 Quos
2402 3342 2510 3400 fert
2534 3340 2625 3401 hic
2650 3340 2833 3400 studio
2861 3342 3209 3416 gratillcante
3236 3340 3355 3400 tibi.

2776 3475 3135 3548 ertsroca,

2153 3609 2280 3652 an.
2313 3605 2590 3652 κυττυδ
2618 3610 2887 3653 ΔΠΒΕΒΡ.
2926 3609 2971 3652 Β.
3016 3611 3057 3652 Ι.
3096 3608 3275 3655 νιετιο
3297 3611 3564 3668 σιοιικο.
3592 3614 3752 3658 rno-

2333 3682 2542 3726 ωηο
2567 3683 2810 3726 cessata:
2835 3683 3151 3735 AGNPI'INS.
3182 3683 3235 3728 ut
3260 3684 3421 3739 usus,
3446 3686 3573 3733 sat.

2221 3781 2330 3851 Qui
2359 3782 2430 3840 de
2460 3782 2687 3855 legenda
2714 3783 2967 3853 historia,
2992 3783 3277 3842 hominum
3307 3785 3436 3843 vita;
3464 3786 3628 3860 longe
3648 3786 3755 3844 Iti-

2156 3874 2389 3943 lisainia,
2413 3885 2601 3947 utpote
2623 3890 2833 3933 morum
2859 3877 3138 3946 magistra,
3162 3886 3433 3951 praecepta
3464 3889 3753 3951 pauentum

2152 3969 2438 4026 memoria:
2459 3970 2827 4040 tradiderunt,
2852 3971 2885 4026 ii
2912 3970 3032 4029 fere
3050 3971 3121 4027 ab
3140 3971 3400 4042 epitomis
3419 3979 3590 4044 atque
3610 3988 3758 4029 cont.

2158 4061 2373 4133 pendiis
2398 4062 2769 4120 inchoandum
2790 4077 2932 4132 esse,
2957 4063 3299 4120 commodius
3327 4064 3575 4122 arbitrati
3604 4073 3755 4133 sunt,

2157 4153 2575 4228 ducendamque
2617 4166 2848 4214 censent
2901 4155 3141 4225 initium,
3188 4156 3272 4213 vel
3314 4170 3347 4214 a
3390 4155 3457 4215 ι..
3504 4155 3671 4216 Floro
3701 4159 3755 4214 in

2159 4248 2317 4304 Hom.
2350 4248 2612 4317 Historia,
2644 4251 2731 4307 vel
2770 4264 2803 4305 a
2828 4250 3100 4321 scriptore
3127 4249 3196 4308 de
3238 4250 3383 4309 Viris
3410 4250 3753 4319 illustribus;

2165 4342 2249 4397 vel
2280 4341 2519 4412 denique
2558 4342 2613 4399 in
2657 4341 2849 4401 Gmca
2895 4342 3202 4415 Latinaque
3245 4342 3479 4401 historia
3523 4344 3599 4401 ab
3648 4345 3754 4403 huc

2165 4432 2339 4491 Paulo
2371 4434 2563 4492 Oresio
2601 4437 2996 4510 auspicandum
3034 4437 3375 4509 existimant,
3415 4441 3761 4513 gradumque

2165 4530 2422 4598 paulatim
2452 4529 2758 4588 faciendum
2785 4532 2855 4588 ad
2877 4545 3060 4590 vastos
3085 4532 3212 4591 illos
3242 4533 3562 4599 historicos,
3591 4536 3763 4608 tnajoo

468 4605 902 4679 approbaturum
931 4622 943 4657 :
977 4603 1146 4671 unde,
1183 4614 1241 4659 ut
1283 4603 1607 4699 Timanthes
1636 4606 2062 4699 Agamemnonis
2088 4583 2142 4643 D
3070 4583 3759 4698 ’

468 4700 739 4766 dolorem,
778 4699 859 4754 sic
900 4712 1003 4752 nos
1041 4711 1288 4753 amorem
1317 4704 1374 4752 et
1397 4697 1807 4755 observantiam
1839 4713 1967 4769 erga
2011 4709 2068 4756 te

471 4800 713 4847 nostram
759 4789 1137 4846 :estimattdam
1187 4788 1570 4861 relinquimus.
1616 4788 1896 4860 Christum
1935 4792 2061 4859 Opt.

472 4888 522 4944 Μ
543 4906 617 4942 ut.
659 4901 972 4957 precamur,
1017 4892 1077 4940 ut
1107 4892 1160 4940 tc
1184 4885 1398 4954 patrita,
1447 4883 1710 4955 nobisque
1733 4884 1826 4941 diu
1857 4885 2065 4941 incolu-

474 4995 616 5036 mem
639 4986 951 5034 conservet.
974 4974 1126 5045 Vale,
1160 4984 1389 5046 patrone
1417 4973 1550 5031 mibi
1581 4974 1635 5033 in
1663 4976 1855 5047 primis
1876 4977 2065 5036 observ

466 5072 661 5129 vande.
705 5068 1103 5143 Dusseldorpii,
1154 5070 1420 5141 postridie
1467 5070 1591 5128 idus
1630 5070 1789 5129 Hart.
1824 5074 1984 5131 Anno
2028 5088 2059 5131 a

466 5161 689 5223 Christo
711 5174 843 5221 nato
865 5162 1027 5220 l56t.

999 5253 1094 5310 AD
1133 5251 1527 5324 ιεοτοιιειί,

706 5361 974 5406 PROLOGUS
995 5361 1146 5405 ιοΑισ.
1180 5362 1490 5409 λυΒΕΙΟΙΒΙ
1514 5362 1798 5409 usurum.

467 5463 527 5521 Si
544 5461 702 5537 juvat
727 5462 1221 5537 catt-emascriptis
1246 5461 1316 5519 ab
1341 5463 1560 5537 origine
1585 5465 1777 5525 mundi

539 5533 760 5590 l'lenius
787 5534 1052 5602 historiis,
1086 5533 1259 5592 lector
1284 5533 1483 5602 amice,
1512 5537 1615 5592 frui
1641 5553 1660 5595 :

462 5604 602 5685 Quid
632 5607 791 5660 nimis
821 5604 876 5659 in
912 5604 1164 5685 veterum
1193 5607 1436 5685 mutilata
1468 5608 2013 5685 volttminapcntles,

532 5678 666 5743 Quae
698 5684 970 5747 nequeunt
997 5676 1107 5731 ulla
1139 5686 1294 5747 parte
1320 5676 1507 5734 levare
1533 5678 1775 5737 famem?

465 5746 557 5821 En
579 5748 719 5801 ri-tlit
746 5746 1194 5821 0r_osittstenues
1222 5752 1458 5821 emissus
1490 5752 1542 5804 itt
1566 5766 1758 5821 auras,

545 5820 772 5877 Lumine
805 5817 1081 5877 Ftaucisci
1111 5820 1479 5891 splendidiore
1506 5822 1708 5883 nitens.

2164 4718 2485 4792 Dionysium
2507 4720 3006 4795 Halimrnasseum,
3031 4723 3407 4792 Plutarchum.
3428 4724 3759 4797 Appianum,

2166 4812 2417 4876 Dionem.
2446 4813 2751 4886 Polybium,
2784 4830 2848 4871 ac
2866 4826 3120 4874 caterua.
3158 4817 3237 4873 De
3262 4818 3534 4891 Epitomis
3566 4819 3632 4876 ι.
3660 4821 3760 4878 ιο.

2165 4903 2300 4961 lium
2343 4904 2596 4974 Florum,
2640 4908 2754 4965 sive
2790 4906 2838 4964 is
2867 4906 2931 4965 ιι.
2970 4908 3164 4965 Annaei
3210 4907 3441 4967 Scaea
3476 4909 3637 4969 labor
3675 4920 3764 4969 est

2168 4996 2260 5069 (ut
2291 4996 2522 5055 Vinetus
2548 5007 2796 5069 putat,et
2816 4998 3155 5058 membrana:
3176 5015 3377 5059 nomen
3400 5002 3534 5059 illud
3559 5002 3762 5074 praef»

2166 5089 2341 5163 runt),
2371 5090 2661 5148 doctorum
2683 5090 2964 5149 hominum
2980 5092 3364 5150 commentarii
3393 5076 3762 5160 illustrarunt.

2162 5182 2393 5242 Joannis
2418 5183 2709 5250 (iamet-tis,
2743 5183 2878 5242 Elia:
2914 5184 3115 5254 Vineti,
3142 5184 3232 5243 ιο.
3264 5186 3474 5253 Stadii,
3505 5185 3763 5256 Crateri.

2167 5274 2460 5348 Electaqtte
2484 5274 2627 5332 Jttsti
2675 5274 2846 5346 Lipsii
2877 5274 2944 5333 V.
2971 5275 3037 5333 (Ξ.
3080 5275 3143 5334 1η
3185 5286 3463 5335 auctorem
3506 5278 3577 5337 de
3620 5277 3765 5337 Viris

2168 5369 2484 5427 lllustribua
2509 5370 2663 5428 urbis
2702 5370 2924 5441 Romae,
2977 5380 3272 5446 utcumque
3323 5382 3583 5432 notarunt
3630 5374 3763 5431 olim

2166 5462 2484 5520 Dominictti
2524 5462 2903 5531 Hadtanmtts,
2944 5462 3232 5537 Philippus
3259 5464 3601 5525 Puncberius
3625 5477 3685 5523 et
3709 5466 3764 5523 iu

2158 5552 2454 5611 Germania
2494 5552 2873 5628 Lycostbenes
2911 5572 2927 5613 :
2970 5570 3075 5614 nos
3102 5557 3341 5630 denique
3368 5558 3530 5615 Cora.
3572 5558 3766 5633 Nepoti

2159 5660 2380 5703 manum
2422 5644 2759 5717 addidimus,
2802 5647 3076 5706 voluimus
3109 5650 3331 5723 quidem
3372 5658 3559 5719 certe.
3601 5652 3765 5707 ador-

2159 5738 2363 5797 nanda.
2399 5737 2460 5796 In
2493 5738 2739 5795 Orodem
2780 5756 2934 5810 vero,
2967 5757 3131 5814 quem
3153 5742 3266 5813 jam
3292 5753 3550 5815 quartum
3577 5752 3673 5800 aut
3699 5759 3765 5800 eo

2158 5831 2413 5905 amplius,
2441 5832 2644 5905 optime
2670 5832 2924 5909 Chaline,
2955 5836 3063 5895 tuls
3089 5837 3237 5912 typis
3264 5837 3541 5899 excudere
3568 5853 3760 5914 paras,
