4052 6440
528 223 635 283 655
1558 213 1829 275 PAULUS
1863 210 2162 272 OllOSlUS
2195 207 2613 270 CIIRONOLOG
2622 205 2729 269 US.
3720 196 3825 257 656

528 352 593 398 ιιι
614 347 906 413 propterea
936 335 1115 395 nullus
1139 350 1208 395 ea
1233 335 1463 394 laudatis
1494 336 1767 408 episcopis
1787 341 1982 392 auctor
2003 333 2120 391 lue-
2144 336 2198 400 Α
2221 333 2317 390 iret
2361 332 2596 387 hortatus
2639 345 2775 386 sunt.
2820 327 2990 401 quue
3033 324 3162 384 alibi
3203 329 3475 397 praeterea
3525 318 3733 387 trudit,
3759 319 3832 375 ad

530 438 605 492 rit
657 432 932 490 Africanae
995 429 1458 503 peregrinationis
1511 429 1733 496 Orosii;
1781 429 1983 500 quippe
2028 427 2122 499 qui
2228 427 2491 486 Evodium
2521 426 2844 498 episcopum
2868 422 3116 480 scribens
3144 419 3244 494 (ἱ).
3273 417 3592 490 Augustino
3620 427 3834 472 moret-

524 529 640 584 sine
666 525 963 592 voluntate,
994 525 1104 580 sine
1123 525 1450 591 necessitate,
1479 523 1592 579 sine
1628 538 1903 589 consensu,
1940 520 2006 576 de
2027 535 2125 593 pa-
2224 523 2396 594 gessit
2419 519 2674 588 Orosius;
2705 518 2800 590 qui
2828 526 3117 590 propterea
3140 515 3211 571 de
3241 527 3345 570 suo
3371 511 3622 569 adventu
3647 507 3705 565 in
3736 507 3839 564 Pa-

529 622 632 676 tria
674 635 944 692 egressus,
988 617 1195 675 occulta
1221 619 1452 690 quadam
1487 618 1539 672 oi
1578 627 1726 672 actus
1754 616 1881 672 illuc
1928 612 2122 682 fuerit,

530 709 991 785 quemadmodum
1046 725 1174 766 eum
1224 709 1536 781 loquentem
1579 707 1744 764 modo
1794 704 2121 762 audivimus.

532 806 723 876 Neque
745 817 878 859 vero
905 802 1032 859 huic
1057 800 1342 858 Drusianae
1371 799 1665 859 assertioui
1705 815 1767 856 ea
1795 798 2013 855 obstare
2042 798 2126 852 vi-

533 903 755 969 dentur,
783 914 908 974 quae
935 899 1054 971 ipse
1084 898 1213 955 alibi
1254 907 1437 952 narrat
1464 893 1542 967 (a)
1572 893 1643 951 de
1666 892 2046 964 persecutione
2069 890 2125 946 in

536 995 657 1053 solo
685 993 863 1067 patrio
893 1010 922 1048 a
951 991 1201 1048 barbaris
1229 990 1334 1046 sibi
1364 990 1533 1056 illata,
1563 1005 1671 1060 quo
1694 995 1943 1058 tempore
1969 985 2128 1042 nimi-

534 1107 658 1148 rum
705 1088 867 1147 Gothi
917 1102 983 1144 ac
1041 1086 1207 1144 Suevi
1248 1084 1536 1157 Hispanias
1577 1085 1897 1139 invaserant
1927 1097 1944 1138 :
1973 1078 2130 1151 cujus

535 1185 773 1257 proinde
813 1181 1212 1254 persecutionis
1265 1176 1603 1236 declinanda:
1649 1191 1850 1242 causa,
1897 1171 2131 1245 quadam

547 1277 850 1335 necessitate
869 1275 1184 1347 compulsus
1213 1272 1317 1327 sibi
1343 1272 1463 1342 iuga
1483 1267 1875 1326 consulendum
1893 1266 2130 1323 duxerit.

536 1375 674 1432 Nam
696 1371 1097 1445 persecutionis
1123 1368 1343 1441 quidem
1386 1364 1682 1421 barbarica:
1706 1361 1760 1418 vi
1789 1360 2041 1426 adactus,
2062 1372 2131 1413 ex

538 1466 818 1539 Hispaniis
877 1465 1073 1538 pedem
1127 1463 1340 1519 retulit.
1388 1459 1588 1516 Verum
1640 1455 1746 1512 alio
1795 1451 2135 1511 contendere

535 1577 701 1633 quam
733 1561 791 1617 in
812 1575 939 1617 oras
964 1556 1270 1626 Africanas,
1309 1556 1524 1627 integro
1546 1552 1732 1608 animo
1761 1549 2015 1606 aclibero
2037 1562 2137 1621 po-

541 1655 758 1721 luisset,
792 1652 886 1709 ubi
918 1653 1088 1710 tutius
1117 1652 1283 1706 vitam
1317 1648 1546 1705 duceret
1576 1664 1589 1700 :
1622 1644 1868 1716 adeoque
1903 1644 2020 1699 sine
2045 1657 2141 1697 ne-

2227 619 2493 675 ltestinam
2513 615 2682 674 verba
2699 614 2930 680 faciens,
2955 613 3073 668 bare
3096 607 3263 679 δήια)
3288 627 3302 663 :
3323 605 3583 663 [solebatis
3602 604 3662 660 in
3681 600 3842 658 Beth-

2227 710 2413 777 lclteus,
2446 711 2674 766 traditus
2697 726 2729 762 a
2759 717 2909 780 patre
2923 705 3242 778 Augustino,
3261 712 3318 756 ut
3340 700 3587 755 timorem
3613 696 3838 753 Domini

2227 805 2499 871 discerem,
2511 802 2692 858 sedem
2709 800 2777 856 ad
2787 799 2941 874 pedes
2951 795 3286 868 Hieronymi.
3300 792 3443 850 llinc
3461 806 3638 864 porro
3655 789 3727 846 ad
3741 792 3845 846 Aa-

2227 899 2505 971 gustinum
2529 895 2837 952 rescribens
2857 893 3094 964 ipsemet
3111 885 3565 958 Hieronymus“)
3599 901 3614 936 :
3656 880 3846 938 Vinus

2231 991 2606 1054 honorabilent.
2628 987 2830 1059 lnquit,
2857 987 3073 1058 fratrem
3100 999 3294 1046 meum,
3322 979 3493 1051 ﬁliani
3512 976 3849 1052 dignationis

2233 1095 2354 1155 tua,
2389 1082 2636 1139 Orosiunt
2661 1080 3034 1154 presbyterum,
3060 1087 3107 1132 et
3148 1074 3230 1130 sui
3260 1073 3444 1129 merito
3469 1081 3520 1128 et
3550 1080 3601 1126 te
3617 1067 3854 1142 fatente

2231 1177 2458 1248 suscepi.
2484 1171 2740 1245 Acceptis
2769 1173 2950 1242 itaque
2976 1169 3049 1227 ab
3064 1167 3371 1240 Augustino
3390 1164 3607 1221 duabus
3625 1160 3858 1234 episto-

2232 1269 2302 1324 lis
2328 1266 2401 1324 ad
2423 1266 2816 1338 Hieronymum
2835 1274 3006 1319 verno
3028 1269 3276 1331 tempore
3294 1256 3426 1314 anui
3444 1252 3556 1313 415
3584 1253 3860 1323 scriptis,

2236 1358 2485 1433 Hippone
2519 1357 2748 1414 solverit
2783 1354 2971 1412 statim
3011 1350 3244 1410 Orosius
3281 1356 3342 1406 et
3383 1349 3439 1406 in
3489 1345 3861 1404 Paluatinas-

2233 1453 2542 1529 perrexerit
2571 1470 2587 1509 :
2635 1451 2750 1508 illic
2775 1450 2924 1508 enim
2953 1462 3078 1505 eum
3102 1446 3220 1520 jam
3252 1443 3429 1518 egisse
3463 1456 3659 1500 mense
3696 1436 3868 1498 Iulio

2235 1558 2474 1608 exeunte
2517 1546 2762 1621 ejusdem
2806 1546 2934 1603 anni
2974 1544 3083 1600 “5
3112 1557 3180 1601 ex
3229 1557 3356 1599 mox
3391 1537 3644 1596 dicendis
3693 1551 3866 1593 cossi-

2237 1657 2324 1714 ρει
2339 1651 2451 1698 tum
2482 1640 2594 1696 lict.

539 1745 799 1812 cessitate,
823 1753 882 1801 ut
909 1743 1029 1815 ipse
1059 1743 1135 1798 ait
1167 1759 1182 1795 :
1213 1755 1279 1796 ac
1307 1739 1481 1796 libens
1513 1753 1580 1793 co
1609 1736 1828 1791 demum
1871 1732 2132 1804 confugit.
2163 1735 2216 1797 B
2309 1738 2520 1794 Interea
2548 1734 2677 1790 dum
2703 1731 2844 1804 apud
2878 1730 3276 1804 Hieronymum
3299 1727 3688 1784 diversaretur
3709 1722 3866 1782 Oro—

543 1839 658 1907 Qua
696 1839 764 1894 de
790 1853 851 1894 re
873 1837 1049 1908 ipsum
1079 1835 1363 1891 audiamus
1394 1833 1470 1905 (b)
1499 1849 1513 1886 :
1545 1829 1679 1886 Milli
1699 1839 1891 1894 autem,
1928 1826 2136 1898 inquit,

543 1934 718 2005 prima
736 1933 1124 2002 qualiscumque
1151 1937 1322 1984 motus
1344 1925 1733 1997 perturbatione.
1756 1922 2000 1994 fugienti,
2019 1921 2144 1993 quia

548 2029 612 2083 de
637 2025 976 2098 confugiendi
1004 2026 1229 2082 statione
1267 2038 1474 2088 securo,
1503 2019 1695 2092 ubique
1725 2018 1896 2088 patria
1913 2059 1927 2082 ,
1955 2016 2143 2086 ubique

545 2123 630 2176 lea:
653 2129 701 2176 et
727 2120 913 2193 religio
958 2134 1073 2174 mea
1107 2128 1180 2173 est
1209 2133 1230 2172 :
1260 2131 1396 2171 nunc
1423 2129 1504 2169 me
1541 2112 1726 2184 Africa
1762 2120 1870 2168 tant
1924 2109 2145 2166 libenter

550 2215 767 2288 excepit,
796 2229 956 2284 quam
975 2211 1300 2282 conﬁdenter
1321 2209 1512 2265 accessi
1536 2225 1555 2264 .'
1579 2223 1718 2262 nunc
1747 2222 1828 2260 tne
1844 2250 1860 2274 ,
1892 2205 2103 2276 inquam
2124 2243 2140 2268 ,

547 2307 848 2380 istaAfrica
875 2306 1076 2379 excepit
1102 2321 1233 2376 pace
1259 2303 1523 2374 simplici,
1563 2300 1685 2356 sinu
1734 2299 1983 2371 proprio,
2019 2301 2145 2369 jure

545 2400 827 2458 communi.
863 2400 931 2456 Et
973 2399 1208 2470 reliqua,
1242 2396 1404 2470 digna
1451 2410 1585 2452 sane
1612 2409 1736 2467 qua:
1779 2393 1919 2466 apud
1966 2391 2144 2466 ipsum

546 2503 828 2549 auctorem
864 2490 1237 2563 perlegantur.

621 2585 862 2642 Primum
886 2582 1067 2639 Orosii
1094 2582 1378 2653 appulsum
1413 2581 1464 2636 in
1487 2579 1727 2636 Africam
1759 2578 1877 2634 sive
1907 2587 2028 2648 post
2052 2576 2148 2632 ini-

564 2683 699 2738 tium
714 2680 839 2736 anui
858 2676 990 2747 415,
1007 2676 1124 2733 sive
1153 2687 1276 2732 ante
1303 2675 1543 2732 medium
1569 2671 1816 2745 ejusdem
1839 2671 2149 2742 auniligeno

551 2773 681 2830 dum
701 2788 824 2828 cum
845 2771 975 2828 viris
1005 2770 1184 2827 doctis
1205 2769 1280 2842 (c)
1309 2770 1555 2824 ducimus
1575 2785 1588 2820 :
1607 2781 1763 2824 secus
1780 2777 1949 2837 atque
1971 2766 2148 2820 visum

549 2865 768 2924 Norisio
790 2864 873 2939 (ά)
899 2865 1124 2936 ejusque
1146 2859 1746 2933 assectatoriPagio(r),
1765 2873 1995 2931 quorum
2019 2857 2150 2914 utri-

551 2979 659 3036 que
679 2961 1026 3036 pracedeute
1047 2974 1192 3018 anno
1221 2959 1325 3017 414
1347 2956 1400 3014 id
1429 2958 1748 3028 contigisse,
1767 2964 2011 3012 statuere
2031 2953 2151 3025 pla-

553 3059 687 3113 cuit.
704 3055 951 3127 Hippone
965 3055 1147 3125 itaque
1161 3052 1303 3124 apud
1318 3050 1672 3122 Augustinum
1690 3048 1894 3120 degens
1904 3047 2149 3114 Orosius,

2241 1829 2388 1895 sius,
2435 1835 2738 1897 cunctaque
2767 1823 2837 1881 ibi
2870 1832 3190 1879 enarrasset
3214 1835 3342 1893 qua:
3369 1816 3711 1890 Carthagine
3758 1817 3870 1871 ad«

2242 1935 2436 1977 versus
2463 1918 2790 1990 Pelagianos
2812 1923 3033 1988 peracta
3062 1913 3320 1980 fuerant;
3352 1910 3439 1969 bis
3457 1911 3662 1967 auditis
3689 1908 3873 1967 Joan-

2243 2029 2343 2071 nes
2369 2012 2898 2086 ilierosolymitanus
2926 2011 3077 2082 quia
3119 2008 3340 2080 Pelagio
3370 2006 3487 2065 illic
3531 2006 3736 2063 itidem
3769 2005 3872 2062 dc-

2243 2120 2406 2183 gente
2432 2108 2718 2178 ἀπορίης,
2750 2120 2876 2162 eum
2896 2104 3061 2160 veluti
3085 2101 3450 2159 orthodoxnm
3473 2099 3868 2167 existimabat,

2246 2217 2362 2260 rem
2405 2214 2571 2273 agere
2613 2197 2820 2268 iudicio
2863 2193 3154 2252 decrevit:
3196 2190 3511 2264 indictaque
3553 2199 3867 2262 propterea

2243 2296 2450 2352 urbana
2463 2290 2698 2365 synodo,
2715 2288 2783 2345 ad
2806 2304 2930 2346 eam
2948 2287 3207 2345 Orosium
3226 2284 3446 2342 accivit.
3461 2283 3565 2365 Qui
3584 2281 3871 2354 deinceps

2245 2389 2453 2446 dolosis
2483 2361 2930 2443 adversariorum
2984 2379 3200 2439 artibus
3245 2361 3542 2451 tamquam.
3579 2376 3870 2435 bat-etim

2247 2478 2534 2552 pravitatis
2563 2484 2809 2533 assertor
2835 2480 3090 2542 notatus,
3125 2471 3326 2527 librum
3359 2468 3710 2542 postmodum
3740 2467 3868 2524 edi-

2247 2572 2331 2628 dit
2356 2569 2780 2642 apologoticum,
2815 2566 2907 2622 ubi
2937 2565 3022 2621 sui
3048 2563 3424 2620 delensionem
3453 2560 3700 2632 pluribus
3717 2575 3864 2634 pro-

2247 2674 2504 2734 secutus,
2546 2678 2716 2718 tutum
2747 2661 3049 2718 insectatur
3077 2657 3384 2730 Pelagium.
3413 2655 3664 2727 Longum
3705 2665 3869 2725 esset

2249 2757 2330 2815 ire
2359 2771 2460 2830 per
2483 2754 2731 2824 singula.
2777 2766 2900 2826 qua:
2945 2749 3039 2807 illo
3079 2747 3137 2808 in
3172 2760 3450 2806 conventu
3497 2755 3654 2819 gesta
3685 2745 3870 2804 fuisse

2250 2849 2639 2922 perhibentur.
2677 2846 2756 2904 Ea
2804 2857 3042 2917 namque
3075 2841 3248 2899 satius
3286 2840 3451 2899 luerit
3497 2838 3754 2899 ediscere
3795 2855 3870 2896 ex

2251 2945 2372 3016 ipso
2397 2941 2639 2999 auctoris
2670 2938 2845 2997 nostri
2873 2937 3254 3009 Apologctico,
3277 2950 3438 3008 quem
3462 2933 3602 2991 intra
3628 2933 3868 2992 estlibe-

2253 3052 2397 3094 mus.
2418 3034 2640 3094 [nterim
2654 3047 2789 3090 vero
2804 3047 2968 3088 unum
2989 3029 3293 3087 alterumve
3309 3044 3408 3101 pro
3434 3027 3668 3084 instituti
3683 3028 3868 3085 nostri

553 3121 844 3222 postquam
873 3148 958 3204 sui
989 3121 1213 3204 causam
1239 3121 1448 3202 itineris
1476 3153 1663 3200 sancto
1684 3140 1894 3198 doctori
1923 3155 2152 3214 sugges-
2176 3128 2225 3195 C
2255 3130 2467 3188 ratione
2494 3127 2788 3185 advertere
2817 3133 3186 3197 opportunum
3211 3122 3482 3178 ducimus.
3517 3121 3590 3178 Et
3616 3121 3867 3192 primum

556 3244 746 3308 sisset,
768 3241 946 3299 eidem
969 3239 1314 3311 postmodum
1329 3235 1776 3295 Consultationem
1800 3249 1898 3290 seu
1914 3231 2155 3290 Commo-

554 3339 809 3394 nitorium
858 3335 1055 3394 obtulit
1109 3334 1177 3390 de
1195 3349 1373 3390 errore
1424 3328 1957 3388 Priscillianistarunt
1999 3337 2155 3400 atque

562 3428 978 3503 Origenistarunt
998 3470 1013 3494 ,
1048 3425 1118 3482 ab
1145 3438 1213 3482 eo
1241 3423 1410 3482 enixe
1435 3430 1627 3492 petens
1653 3418 1755 3492 (ι’),
1794 3429 1848 3474 ut
1875 3419 2156 3492 perspectis

558 3526 798 3582 omnibus
825 3524 1016 3580 morbis
1040 3521 1351 3578 medicinam
1367 3517 1618 3573 adhibere
1643 3516 1931 3588 festinaret.
1949 3514 2155 3570 Annuit

561 3624 758 3681 Oresio
801 3620 1174 3691 Augustinus;
1223 3616 1452 3687 ejusque
1482 3610 1878 3669 Consultatiuni
1927 3623 2153 3680 respon-

557 3718 732 3785 dens,
763 3714 962 3771 librum
1002 3711 1181 3769 eidem
1213 3707 1490 3779 inscripsit
1525 3705 1625 3779 (9).
1655 3703 1951 3773 Utriusque
1974 3701 2155 3772 operis

561 3809 732 3866 semel
754 3809 1063 3876 iterumque
1091 3803 1570 3860 meminitsanctus
1600 3805 1754 3869 pater
1776 3795 1872 3869 (It).
1902 3792 2158 3863 Quando-

557 3901 778 3973 quidem
807 3914 938 3955 vero
978 3897 1122 3953 inter
1147 3893 1325 3952 Orosii
1356 3893 1686 3961 interrogata
1714 3897 1769 3944 et
1797 3886 1926 3944 illud
1958 3900 2154 3943 cense-

557 3993 719 4048 batur
759 3993 823 4047 de
860 3990 1061 4062 origine
1090 3989 1319 4054 animat;
1351 3983 1416 4039 ad
1450 3982 1586 4038 banc
1633 3980 2006 4036 difﬁcillimam
2051 3977 2159 4033 sol-

558 4086 794 4141 vendam
829 4082 1186 4155 quaesuonem
1217 4081 1479 4148 imparem
1519 4089 1579 4130 se
1628 4073 1908 4145 professus
1934 4079 2160 4127 sanctus

561 4177 937 4248 Augustinus,
998 4172 1378 4243 presbyterum
1439 4175 1686 4222 nostrum
1739 4164 2035 4234 Hispanum
2090 4160 2157 4218 ad

561 4270 949 4341 Hieronymum
972 4265 1256 4320 doctorem
1288 4261 1582 4318 [rissimum
1620 4257 2004 4314 remittendum
2028 4271 2160 4313 cen-

563 4364 705 4427 suit,
748 4377 873 4417 cum
903 4359 1111 4414 duabus
1153 4357 1298 4412 inter
1326 4365 1524 4410 caetera
1566 4351 1814 4424 epistolis
1848 4351 2028 4407 eidem
2076 4350 2161 4407 in-

565 4455 805 4526 scriptis,
830 4452 884 4508 iu
907 4467 1137 4525 quarum
1169 4450 1350 4521 priore
1365 4448 1466 4503 sub
1489 4446 1696 4502 initium
1712 4445 1828 4502 lucc
1858 4444 2022 4499 habet
2048 4446 2114 4515 (ἱ)
2141 4462 2156 4502 :

565 4548 738 4604 Docui
772 4546 1031 4603 hominem
1068 4538 1371 4617 (Orosium)
1401 4541 1539 4612 quod
1573 4540 1753 4610 potui:
1803 4539 1944 4610 quod
1985 4546 2157 4593 autem

2253 3223 2472 3296 quidem
2516 3221 2866 3279 statuendum
2899 3219 3151 3286 videtur,
3195 3217 3479 3290 pertinere
3521 3227 3868 3275 conventum

2252 3315 2404 3373 illum
2451 3311 3012 3385 llierosolyntitanum
3073 3308 3144 3364 ad
3189 3323 3392 3365 astutum
3435 3309 3571 3377 H5,
3621 3323 3738 3380 quo
3788 3323 3866 3366 ex

2253 3412 2440 3470 Africa
2460 3427 2629 3468 verna
2678 3419 3007 3483 tempestate
3039 3409 3326 3466 discedens
3355 3409 3624 3477 Orosius,
3667 3410 3725 3466 iu
3757 3409 3871 3466 Pa—

2254 3505 2519 3562 lxestinam
2547 3504 2849 3570 contendit,
2879 3510 2941 3559 ut
2960 3502 3215 3573 superius
3240 3501 3500 3558 vidimus.
3531 3501 3688 3559 Diem
3723 3516 3870 3559 vero

2254 3613 2363 3669 quo
2392 3605 2699 3667 conventus
2722 3597 2868 3652 idem
2888 3604 3113 3651 coactus
3141 3603 3248 3662 est,
3292 3594 3462 3651 fuisse
3487 3593 3562 3651 28
3581 3593 3753 3662 Julii,
3783 3609 3865 3652 ex

2255 3692 2493 3762 ipsumet
2537 3689 2733 3746 Orosio
2760 3688 3066 3746 erudimur.
3109 3686 3339 3745 Constat
3383 3688 3686 3762 6111111011),
3730 3704 3866 3747 eum

2253 3793 2368 3858 post
2399 3784 2512 3839 dies
2535 3783 2887 3857 quadraginta
2914 3793 2966 3837 et
2994 3790 3191 3853 septeni
3226 3780 3299 3836 ab
3339 3779 3530 3837 habito
3555 3789 3866 3849 conventu,

2256 3877 2688 3949 Hierosolymam
2717 3874 2950 3932 rediisse
2981 3874 3153 3945 primo
3197 3871 3567 3929 Essewniorunt
3602 3873 3690 3929 die
3719 3890 3738 3928 :
3767 3875 3866 3945 qui

2255 3970 2498 4040 quidem,
2521 3969 2644 4026 dies
2663 3979 2778 4025 erat
2809 3969 2876 4025 l5
2901 3968 3245 4038 Septembris
3264 4009 3280 4031 ,
3301 3977 3364 4020 ut
3397 3966 3563 4021 tradit
3588 3965 3869 4038 Nicepho—

2257 4077 2351 4117 rus
2377 4063 2482 4135 (tt),
2513 4061 2904 4141 τρισκαιδικὰτη
2930 4061 2974 4119 δ’
2994 4059 3054 4122 ἦν
3093 4061 3436 4137 Σεπτεμϐρίου
3477 4062 3636 4134 μηνός
3667 4077 3683 4117 :
3715 4063 3865 4131 quod

2258 4160 2426 4234 probe
2450 4159 2832 4214 animadvertit
2870 4157 3121 4212 Valesius
3148 4156 3251 4228 (ο),
3286 4171 3351 4211 ac
3385 4167 3505 4226 post
3536 4170 3664 4211 eum
3689 4155 3866 4213 Tillc-

2258 4255 2498 4311 montius
2514 4251 2824 4323 (p).Verum
2849 4250 3096 4305 Norisius
3118 4247 3218 4320 (q),
3250 4249 3586 4304 Benedicuni
3618 4248 3714 4320 (τ),
3739 4249 3868 4304 Val-

2261 4347 2456 4402 larsius
2500 4343 2574 4418 (s)
2605 4342 2810 4414 aliique
2838 4342 2907 4397 ab
2940 4344 3238 4413 interprete
3291 4341 3476 4412 Longo
3514 4341 3731 4412 decepti
3771 4345 3866 4414 qui

2261 4443 2410 4499 aliud
2425 4457 2590 4513 agens
2604 4440 2895 4512 Nicepltori
2927 4440 3092 4497 verba
3118 4439 3377 4506 reddidit,
3404 4438 3533 4494 Erat
3556 4440 3602 4493 is
3629 4439 3866 4492 decimus

2184 4517 2238 4581 D
2260 4550 2475 4611 quartus
2506 4537 2691 4592 mensis
2717 4535 3035 4608 Septembris
3058 4536 3189 4604 dies,
3222 4535 3452 4606 primum
3478 4533 3865 4590 Encauniorum

561 4661 667 4700 non
692 4642 860 4714 potui,
891 4640 1027 4697 unde
1043 4639 1247 4694 discere
1267 4645 1438 4708 posset
1458 4632 1732 4700 admonui,
1763 4642 1917 4704 atque
1945 4642 2001 4686 nt
2025 4631 2095 4686 ad
2115 4640 2164 4685 te
2260 4632 2406 4690 diem
2437 4634 2490 4688 in
2525 4632 2588 4688 M
2624 4629 2965 4702 Septembris
2994 4628 3254 4688 incidisse
3286 4639 3569 4686 asserunt.
3601 4627 3863 4685 Erratum

638 4829 714 4898 (a)
756 4829 907 4898 Oros.
932 4819 1204 4898 llis_t._lib.
1237 4833 1312 4883 ut,
1347 4831 1464 4898 cap.
1493 4814 1586 4871 20.

637 4889 714 4971 (ti)
754 4899 839 4971 ld.
871 4896 1002 4971 ibid.
1035 4893 1142 4971 Iib._
1163 4908 1217 4957 ν,
1244 4903 1363 4959 cap.
1395 4889 1452 4971 ξ.

633 4955 708 5042 (αἱ
747 4970 861 5042 BR.
917 4955 1371 5042 Allatouitgtont.
1418 4959 1637 5042 Xmopp.
1674 4956 1972 5042 Aug-pag.-
2025 4955 2154 5022 165,

561 5027 708 5112 post.
735 5041 855 5095 ιιιεειι
887 5037 1157 5112 tuan";
1181 5033 1414 5112 opsoni.
1452 5030 1551 5086 lib.
1585 5027 1628 5094 i,
1659 5043 1783 5099 cap.
1806 5029 1863 5096 1,
1891 5029 1919 5099 §
1947 5027 2002 5095 t,
2026 5044 2153 5100 pag.

559 5105 665 5170 863
693 5124 826 5167 tom.
856 5111 921 5166 ιν
953 5123 1079 5178 opp.
1112 5105 1294 5178 Naris.

631 5183 930 5310 (tl)lNOJ‘ls.
953 5169 1089 5235 Il'ist.
1108 5176 1296 5246 Pelag.
1325 5173 1422 5230 lib.
1446 5188 1485 5241 t,
1504 5187 1625 5243 cap.
1648 5171 1707 5238 ϐ,
1730 5186 1782 5243 p.
1809 5169 2155 5243 685eq.opp.

631 5272 699 5310 111.
745 5296 756 5308 .

565 5265 699 5311 tom.
717 5265 756 5310 Ι.

628 5327 705 5395 (e)
749 5324 904 5395 Pagi.
939 5321 1006 5395 ad
1033 5335 1162 5395 ann.
1184 5318 1312 5395 H4,
1394 5316 1450 5371 6.

638 5385 722 5469 Π)
764 5385 920 5450 Oros.
948 5392 1194 5449 Consult.
1233 5385 1476 5469 ῥεια.
1502 5385 1532 5457 §
1560 5387 1618 5469 ξε

752 5469 1206 5542 .juq.Iopp._tom.
1236 5458 1376 5524 Vlll,
1406 5456 1528 5542 pag}
1557 5456 1683 5513 611.

633 5528 714 5613 Ut)
756 5528 1031 5613 ldllibiﬂ'tt
1060 5528 1436 5613 Retract_._eap.
1457 5529 1688 5613 54,-opp.
1710 5528 2041 5613 maritimas.
2062 5529 2154 5597 57,

561 5602 706 5674 et‘in'
728 5613 892 5678 epist.
922 5608 1047 5674 169,
1082 5622 1230 5660 num.
1268 5604 1355 5668 15,
1382 5612 1512 5678 toni.
1547 5602 1586 5656 ll
1620 5615 1742 5678 pag.
1777 5602 1902 5657 ($08.

631 5685 696 5756 (i)
735 5671 871 5751 A'ng.
901 5671 1075 5756 etsist.
1096 5678 1224 5756 196,
1256 5674 1492 5756 uttm._%,
1525 5673 1882 5756 tttm.“l_lupag.
1915 5671 2043 5731 584.

748 5746 838 5809 id:
867 5751 1026 5826 Epist.
1057 5748 1182 5820 166,
1212 5763 1360 5806 1111111.
1395 5746 1484 5815 15,
1515 5760 1634 5817 pag.
1667 5747 1793 5804 608.

2333 4812 2414 4881 (Is)
2450 4811 2612 4884 Oros.
2639 4810 2869 4882 Apolog.
2903 4809 3012 4884 §3.

2439 4883 2663 4967 Hieron.
2691 4880 2870 4955 epist.
2901 4880 3028 4952 151,
3061 4897 3211 4939 num.
3243 4896 3284 4952 1,
3314 4896 3443 4956 opp.
3473 4891 3608 4940 tom.
3645 4880 3692 4952 Ι,
3738 4896 3862 4956 pag.

2265 4956 2426 5020 1036,
2441 4956 2573 5010 edit.
2607 4955 2810 5010 Veron.

2335 5027 2434 5099 (111)
2465 5028 2635 5099 pros.
2657 5025 2945 5099 Apologj
2978 5027 3034 5082 7.

2264 5096 2857 5226 mglegcghéggatt.‘
2891 5096 3035 5155 Iiist.
3082 5096 3224 5156 ccci.
3269 5096 3371 5155 lib.
3400 5112 3495 5156 vtn
3529 5138 3545 5166 ,
3591 5111 3714 5170 cap.
3747 5099 3861 5168 50,

2287 5186 2400 5226 om.
2431 5185 2474 5232 1,
2506 5185 2631 5241 pag.
2657 5185 2787 5226 ouo.

2335 5240 2414 5324 (ο)
2455 5242 2635 5324 Kal-es.
2668 5240 2742 5324 ad
2768 5239 2969 5296 Euseb.
2989 5238 3112 5324 _Vit.
3151 5239 3345 5324 Ciuis}:
3368 5239 3465 5297 lib.
3505 5254 3736 5324 "Lean.
3765 5241 3858 5300 ιϐ.

2333 5312 2419 5385 (ρ’)
2455 5312 2860 5385 παθημμθηι.
2887 5314 3024 5385 ccci.
3056 5323 3189 5385 tot».
3219 5312 3372 5380 XIII,
3399 5326 3525 5382 pag.
3552 5312 3680 5367 668.

2335 5383 2636 5460 (q}_l_Voris.
2672 5383 2808 5438 llist.
2837 5383 3021 5453 Pelag.
3056 5383 3154 5441 lib.
3184 5399 3226 5453 t,
3256 5398 3378 5456 cap.
3412 5385 3469 5451 7,
3499 5399 3629 5454 opp.
3658 5394 3790 5442 tom.
3818 5384 3864 5455 1,

2582 5528 2635 5582 iu
2666 5525 2912 5610 Append.
3037 5534 3170 5581 tom.
3199 5524 3268 5610 _X
3293 5526 3429 5610 Aug.
3465 5526 3716 5610 pag._7_i_,
3747 5539 3858 5610 not.

2334 5597 2404 5673 (ι)
2445 5599 2672 5673 Vallars.
2700 5600 2765 5673 ad
2789 5614 2916 5667 opp.
2943 5599 3163 5673 Hieron.
3197 5607 3327 5651 tom.
3356 5597 3575 5673 ll._pag.
3601 5599 3733 5668 573,
3762 5601 3864 5657 sub

2263 5668 2357 5731 lin.
2385 5668 2444 5733 et
2469 5682 2601 5730 tom.
2631 5668 2671 5740 Ι,
2705 5669 2756 5727 iu
2790 5685 3004 5728 recens.
3047 5669 3209 5742 epist.
3237 5683 3385 5726 nutu.
3418 5668 3541 5728 155.
