4150 6492
203 313 312 375 777

1264 314 1740 380 HISTORIARUM
1777 316 1986 380 LIBER
2025 316 2090 379 II.
2129 320 2285 379 CAP.
2327 317 2467 376 XIV.
3396 319 3503 379 778

202 431 439 505 populus
489 431 837 492 necessitatis
887 430 1177 490 atrocitate
1218 434 1376 507 122
1414 442 1697 506 permotus
1744 447 1797 494 et
1826 444 1878 502 Α
1905 452 2121 509 semper
2150 435 2332 493 nutrix
2360 443 2713 508 tyrannorum
2758 431 2874 490 luit.
2913 435 3070 506 Smpe
3100 437 3260 492 etiam
3292 442 3504 508 captiva

204 526 445 599 periculo
491 526 765 585 libertatis
812 524 1143 596 admonitus,
1189 538 1431 584 montem
1470 530 1798 585 Aventinum

200 622 493 693 occupavit
535 631 798 678 armatus.
853 620 966 679 Nec
1020 620 1162 678 tueri
1210 621 1516 680 libertatem
1558 625 1725 681 armis
1758 626 1801 659 "

199 716 441 786 destitit,
462 718 567 774 nisi
607 727 890 790 postquam
919 732 980 774 se
1008 715 1413 787 coniuratorum
1470 722 1801 792 conspiratio

201 810 338 882 ipsis
383 826 603 884 quoque
651 810 950 868 honoribus
987 809 1279 868 abdicavit.
1322 809 1504 868 'l'ertia
1531 822 1589 870 et
1610 813 1800 885 quinta

202 911 327 975 post
372 903 731 961 centesimam
778 901 825 936 "
866 902 1200 976 olympiade,
1240 918 1338 974 per
1362 911 1538 961 totum
1566 902 1680 962 fere
1703 920 1803 962 an-

202 1012 331 1054 num
360 1007 474 1054 tam
501 996 716 1065 crebri,
767 1003 988 1068 tamque
1013 996 1178 1052 etiam
1204 1010 1402 1068 graves
1432 997 1485 1052 in
1516 996 1666 1053 Italia
1691 1007 1801 1054 ter-

197 1098 461 1147 minatus
505 1088 747 1157 fuerunt,
812 1097 873 1145 ut
908 1090 980 1146 de
1022 1086 1330 1146 innumeris
1361 1090 1801 1161 quassationibus

198 1199 263 1240 ac
309 1184 485 1241 ruinis
531 1182 785 1241 villarum
831 1182 1272 1256 Oppidorumque
1294 1182 1338 1215 “
1367 1182 1597 1240 assiduis
1626 1183 1800 1241 Roma

197 1276 403 1334 nuntiis
442 1275 784 1349 fatigaretur.
832 1275 1039 1334 Deinde
1056 1276 1107 1353 3'
1129 1275 1201 1333 ita
1238 1275 1387 1349 iugis
1418 1276 1464 1309 ’⁸
1494 1287 1551 1333 et
1597 1277 1797 1335 torrida

196 1368 417 1427 siccitas
455 1368 581 1439 luit,
623 1381 683 1427 ut
716 1371 1006 1443 praesentis
1028 1380 1157 1427 tunc
1201 1369 1474 1443 futurique
1490 1371 1620 1428 anni
1646 1386 1799 1443 spem

196 1464 485 1537 gignendis
523 1474 690 1523 terra:
714 1463 984 1523 fructibus
1015 1466 1059 1498 "
1084 1464 1398 1537 abnegarit.
1430 1467 1476 1499 “
1498 1465 1801 1538 Iisdemque

198 1558 556 1631 temporibus,
613 1560 656 1594 ¹⁹
704 1574 826 1616 cum
854 1558 1146 1616 Fidenates
1188 1559 1397 1626 hostes,
1437 1562 1800 1619 maximorum

201 1654 362 1728 123
388 1654 719 1712 auxiliorum
748 1671 912 1713 manu
939 1657 1208 1728 stipante,
1234 1656 1508 1715 terribiles
1536 1657 1800 1716 Romanis

194 1749 414 1805 arcibus
434 1748 815 1818 imminerent,
846 1758 893 1792 ιο
918 1749 1207 1818 Emilius,
1258 1750 1477 1807 tertium
1520 1750 1795 1820 dictator,

1903 549 2219 598 servorum,
2267 548 2496 603 quorum
2538 531 2696 601 primi
2728 533 2981 586 carnibus
3010 532 3330 597 hominum,
3382 551 3501 589 me-

1900 627 1977 685 dii
2028 627 2394 695 cruciatibus,
2444 625 2706 697 postremi
2756 627 3021 682 mortibus
3073 629 3434 698 pascebantur
3486 648 3501 683 :

1901 733 2132 793 excepto
2159 739 2255 790 eo,
2289 720 2435 793 quod
2465 722 2712 777 externis
2742 721 2897 777 bellis
2940 729 3032 776 aut
3082 723 3267 793 prmda
3334 723 3501 780 habe-

1904 814 2092 881 batur,
2144 822 2235 869 aut
2262 814 2567 884 prannium.
2595 813 2617 845 ³
2665 812 2822 881 llam,
2876 823 2933 868 ut
2965 830 3129 886 quam
3175 815 3502 891 brevissime

1899 908 2209 977 absolvam,
2238 908 2482 980 requiem
2528 908 2829 976 malorum,
2887 908 2993 963 nisi
3048 924 3220 973 nunc,
3278 909 3499 966 nescit:

1900 1002 2068 1058 immo
2088 1045 2104 1067 ,
2128 993 2189 1057 ut
2216 999 2239 1032 ⁸
2265 1000 2569 1057 evidentius
2604 1000 2951 1057 diversitates
2981 1009 3288 1073 temporum
3319 1003 3504 1058 decla-

1899 1103 2125 1160 rentur,
2156 1094 2297 1150 sicut
2325 1104 2486 1150 antea
2514 1093 2600 1149 vel
2648 1092 2937 1149 intestinos
2983 1094 3065 1148 vel
3112 1103 3367 1150 externos
3421 1103 3507 1150 tu-

1900 1189 2107 1245 multus
2134 1203 2390 1260 pcrpessa
2436 1196 2519 1245 est
2564 1188 2707 1243 inter
2743 1203 2936 1243 omnes
2972 1187 3087 1243 sola
3128 1203 3380 1259 semper,
3430 1189 3506 1244 ita

1901 1298 2044 1339 nunc
2091 1296 2161 1338 ex
2207 1280 2457 1337 omnibus
2506 1282 2621 1337 sola
2661 1282 2682 1313 ⁵
2734 1296 3028 1352 numquam
3093 1284 3316 1353 patitur.
3367 1283 3505 1340 Nam

1900 1376 2066 1435 etiam
2100 1374 2300 1451 124(
2326 1383 2385 1431 ut
2401 1375 2593 1432 sileam
2614 1376 2686 1432 de
2706 1376 3063 1432 diuturnitate
3088 1377 3171 1432 vel
3194 1378 3340 1433 illius
3361 1378 3507 1434 cala-

1900 1469 2139 1539 mitatis,
2164 1484 2268 1541 qua
2290 1483 2480 1540 pressa
2502 1478 2607 1539 est,
2638 1470 2725 1525 vel
2764 1469 2925 1525 istius
2969 1484 3000 1524 e
3029 1470 3311 1525 contrario
3331 1512 3348 1537 ,
3398 1486 3508 1543 qua

1901 1560 2130 1632 fruitur,
2162 1561 2351 1636 pacis)
2400 1562 2565 1619 Alma
2606 1564 2753 1633 ipsa,
2784 1577 2906 1633 qua:
2949 1571 3078 1617 tunc
3121 1578 3243 1618 cum
3293 1562 3511 1619 excidio

1900 1655 2122 1712 urbium
2142 1664 2303 1727 atque
2319 1669 2572 1725 agrorum
2584 1655 2799 1711 crebris
2816 1654 3197 1724 eruptionibus
3219 1654 3480 1709 arstuabat
3493 1695 3508 1717 ,

1901 1773 2049 1815 nunc
2088 1765 2297 1814 tantum
2344 1758 2567 1814 innoxia
2601 1758 2785 1827 specie
2813 1757 2882 1812 ad
2913 1758 3316 1827 praeteritorum
3345 1758 3507 1814 ﬁdem

194 1857 446 1915 magnam
470 1843 598 1900 mali
622 1844 821 1902 molem
847 1845 981 1915 ipsis
1007 1843 1230 1903 Fidenis
1254 1842 1342 1900 vix
1363 1845 1537 1916 captis
1564 1844 1791 1917 depulit,

1900 1860 2089 1916 fumat.
2114 1859 2284 1930 Igitur
2311 1866 2372 1914 ut
2400 1857 2815 1929 prmtermittam
2845 1858 3061 1913 interim
3112 1858 3183 1914 de
3228 1860 3507 1928 tyrannis,

191 1947 249 1994 et
272 1937 485 1995 sanavit
519 1953 533 1993 :
574 1947 618 1980 ει
674 1946 825 1995 tanta
857 1939 914 1996 in
956 1938 1087 2010 ipsis
1134 1946 1256 1995 erat
1283 1940 1552 1995 malorum
1588 1940 1801 1997 animo-

192 2045 424 2105 rumque
454 2034 737 2090 contentio
760 2078 773 2101 ,
807 2041 869 2089 ut
914 2032 1004 2089 vel
1033 2038 1080 2069 “
1121 2030 1451 2089 domesticas
1480 2033 1665 2090 clades
1706 2050 1799 2089 su-

191 2126 411 2196 perfusa
464 2126 767 2184 forinsecus
821 2125 966 2195 bella
1018 2124 1399 2182 oblitterarent
1450 2143 1466 2181 :
1524 2126 1643 2193 vel,
1676 2136 1801 2197 post

190 2216 390 2275 damna
412 2216 681 2275 bellorum
699 2261 716 2286 ,
751 2218 1002 2276 inducias
1024 2219 1299 2275 relaxatus
1328 2217 1561 2275 diversa:
1589 2227 1796 2290 pestes,

190 2312 334 2371 caelo
406 2322 660 2386 terraque
715 2313 1210 2385 excandescentes,
1279 2314 1595 2372 incessabili
1658 2315 1797 2374 inlc-

190 2405 432 2465 statione
459 2416 898 2480 corrumperent.

790 2544 1021 2605 CAPUT
1058 2546 1203 2604 XIV.

370 2659 454 2718 De
479 2660 680 2719 Sicilia:
702 2659 920 2735 imperio
936 2702 953 2729 ,
984 2659 1235 2733 rebusque
1260 2660 1317 2716 in
1344 2676 1407 2716 ea
1436 2661 1611 2732 gestis.

263 2780 281 2813 '
305 2777 533 2851 Sicilia,
561 2781 583 2813 '
609 2778 680 2837 ab
708 2778 866 2837 initio
890 2777 1065 2853 patria
1105 2776 1405 2851 Cyclopum
1424 2820 1442 2847 ,
1470 2787 1527 2836 et
1552 2787 1671 2850 post
1702 2792 1798 2836 eos

1898 1975 2132 2035 quorum
2163 1974 2292 2016 mox
2319 1958 2411 2030 qui
2441 1957 2543 2013 I'uit
2570 1959 2592 1989 ⁸
2622 1958 2771 2014 ultor
2788 1997 2806 2025 ,
2832 1972 3118 2013 successor
3142 1957 3368 2013 ell'ectus
3388 1967 3507 2024 est;

1900 2063 2083 2121 medio
2131 2070 2410 2131 tempore,
2456 2057 2561 2113 hoc
2606 2066 2724 2123 est,
2772 2072 2916 2112 anno
2970 2058 3036 2111 ab
3085 2056 3234 2113 Urbe
3285 2058 3509 2115 condita

1900 2178 2173 2231 cccxxxv,
2203 2176 2330 2219 cum
2357 2159 2589 2231 Rhegini
2620 2156 2760 2229 apud
2782 2157 3025 2213 Siciliam
3057 2158 3325 2213 discordia
3355 2159 3509 2214 labo-

1899 2272 2119 2330 rarent,
2148 2262 2443 2332 civitasque
2471 2274 2567 2331 per
2590 2258 2612 2291 "
2638 2258 3031 2314 dissensionem
3063 2258 3238 2313 divisa
3266 2259 3321 2313 in
3370 2260 3505 2315 duas

1899 2375 2085 2438 partes
2112 2371 2288 2431 esset,
2339 2375 2464 2432 pars
2496 2375 2601 2416 una
2655 2369 2948 2416 veteranos
2977 2358 3048 2412 ab
3079 2357 3299 2413 Himera
3320 2401 3336 2427 ,
3366 2359 3506 2416 urbe

1905 2466 2140 2532 Siciliae,
2166 2465 2224 2521 in
2252 2463 2520 2520 auxilium
2562 2462 2796 2517 vocavit.
2831 2461 3001 2517 Porro
3031 2461 3137 2526 illi,
3174 2462 3343 2530 pulsis
3373 2463 3513 2518 civi-

1906 2578 2017 2627 tate
2040 2569 2274 2641 primum
2304 2565 2412 2634 his,
2444 2574 2629 2621 contra
2657 2579 2794 2635 quos
2823 2563 3277 2633 implorabantur,
3311 2564 3508 2621 deinde

1906 2690 2035 2731 mox
2064 2673 2223 2730 cmsis
2252 2671 2414 2729 etiam
2439 2670 2580 2736 illis,
2608 2667 2805 2741 quibus
2825 2668 2890 2723 ad
2910 2666 3283 2725 auxiliandum
3303 2683 3507 2727 conve-

1905 2788 2119 2844 nerant,
2139 2776 2331 2833 urbem
2357 2789 2479 2833 cum
2493 2772 2814 2843 coniugibus
2833 2780 2889 2828 et
2903 2770 3088 2829 liberis
3112 2774 3387 2831 sociorum
3408 2789 3503 2834 oc-

1472 2933 1929 2993 IIAVERCAMPI
1970 2934 2207 2993 NOTAE.

647 3089 877 3133 BA'I'IOLO
922 3088 1205 3132 οειιιιιιυε
1240 3087 1339 3130 CA-

735 3162 907 3204 LlS'l‘IO
944 3161 1106 3202 οοιυυ
1118 3162 1148 3201 ι
1190 3160 1259 3201 ετ

777 3234 954 3274 PATER
991 3232 1060 3273 ετ
1098 3232 1197 3272 SIBI

767 3304 924 3347 νινυε
959 3302 1243 3345 νομεκυυυ

708 3376 938 3419 ευηινιτ
985 3376 1051 3415 ετ
1089 3375 1185 3415 SUB
1225 3374 1316 3415 Αςο

779 3448 865 3489 οιΑ
904 3446 1209 3489 υιυιωνιτ.

185 3570 397 3630 Mulieri
425 3569 553 3629 huic
573 3614 590 3641 ,
622 3580 681 3627 ut
710 3577 766 3625 et
797 3568 1032 3641 liliosuo
1054 3566 1204 3641 Attio
1233 3563 1566 3631 Probatioln,
1600 3562 1790 3620 Ceria-

187 3647 296 3701 lius
320 3637 584 3708 Calistio,
628 3642 774 3698 illius
802 3640 1024 3712 coniux,
1072 3637 1234 3707 huius
1257 3644 1442 3712 pater,
1466 3651 1787 3712 mentrmeuo

186 3726 303 3772 tam
344 3714 480 3772 illud
529 3706 727 3781 erexit,
773 3712 825 3768 in
872 3706 983 3782 quo
1012 3706 1357 3782 'uxoreniex
1391 3706 1790 3782 tritiniapietate

192 3788 416 3859 impiam
447 3786 649 3842 factam
679 3779 849 3840 dolet.
892 3779 982 3838 λιι
1005 3781 1198 3859 _innuit
1230 3780 1385 3859 illam_
1409 3779 1689 3859 transiisse
1718 3781 1785 3834 ad

186 3849 626 3916 Christianorum
683 3864 920 3919 sectam,
987 3852 1114 3908 dum
1161 3849 1479 3906 earumdem
1530 3850 1786 3920 probatus

183 3945 373 3987 mores
420 3930 711 4001 amplexa._
738 3926 845 3982 hoc
884 3940 995 3981 uno
1022 3930 1325 4001 peccasset,
1344 3921 1500 4001 quod
1532 3920 1661 3987 illis,
1679 3923 1783 4001 _qui

181 4002 336 4071 impii
367 3993 547 4058 vocari
578 3999 852 4072 solebant,
870 4010 1007 4072 sese
1032 3993 1368 4072 addixisset?
1392 3996 1497 4055 An,
1528 3995 1783 4072 quoniam

183 4065 303 4145 tilio
348 4073 512 4145 simul
558 4065 973 4145 scriptunrluit
1008 4065 1366 4145 epitaphium,
1414 4065 1608 4145 mortis
1636 4066 1782 4145 eius-

176 4144 306 4202 dem
354 4143 452 4199 lilii
497 4135 1128 4211 causa'exstititpictate
1159 4135 1356 4202 nimia,
1407 4150 1528 4207 qua:
1559 4136 1781 4191 invitam

179 4214 485 4273 reddiderit
524 4212 743 4285 impiam
764 4211 791 4267 1

256 4289 349 4343 12.
393 4276 624 4343 θεαὲιὶί.
675 4283 849 4357 Lugd.
896 4282 1037 4340 Batt.
1094 4290 1205 4338 tres
1246 4285 1304 4335 et
1340 4276 1480 4335 Coll.
1509 4277 1776 4349 Gronov.,

178 4358 433 4416 destituit.

256 4433 346 4487 l5.
390 4427 717 4502 Olympiade.
754 4426 921 4502 ‘Flor.
969 4438 1085 4502 sec.
1141 4432 1197 4502 et
1237 4429 1389 4502 tert,,
1441 4421 1608 4492 Ultr.,
1637 4420 1777 4479 Coll.

178 4502 426 4560 Gronov.
458 4494 623 4571 atque
649 4498 921 4571 Peritum,
965 4494 1350 4571 Olympiadem.

255 4575 347 4631 14.
391 4564 557 4629 Roma
584 4571 779 4626 nuntiis
826 4564 1154 4643 fatigaretur.
1190 4565 1410 4643 Natalis
1433 4572 1586 4643 recte
1611 4574 1695 4643 est
1725 4564 1778 4620 in

179 4645 588 4716 manuscriptis,
637 4657 738 4716 pro
764 4637 873 4714 quo
901 4637 1063 4716 vulgo
1090 4637 1352 4716 mendose
1391 4639 1541 4716 intus
1559 4637 1776 4716 legitur.

184 4718 374 4773 Livius
418 4707 610 4773 scribit
632 4707 719 4770 his
741 4707 1079 4785 temporibus
1122 4709 1191 4766 ll.
1214 4708 1495 4785 _Comelio,
1519 4708 1583 4764 L.
1616 4707 1779 4776 Papi-

181 4792 267 4846 rio
290 4801 437 4845 coss.
482 4786 690 4841 crebris
732 4782 968 4841 motibus
1012 4792 1171 4839 terra:
1212 4782 1264 4836 in
1307 4782 1453 4851 agris
1491 4788 1633 4835 tecta
1662 4796 1783 4834 cor-

182 4862 387 4927 ruisse,
412 4857 508 4915 sed
540 4856 592 4912 hi
622 4855 876 4927 consules
898 4854 1022 4927 aliis
1045 4854 1250 4910 cadunt
1273 4854 1332 4927 in
1358 4866 1559 4927 annum
1587 4865 1780 4927 secun-

182 4934 315 4989 dum
344 4922 669 5003 olympiadis
709 4927 801 4995 84,
847 4924 1085 4984 Diodoro
1110 4927 1162 4983 in
1204 4926 1421 4983 tertiqu
1456 4922 1781 4996 Olympiadis

182 5002 482 5133 8⁸⁷1ξῖιῖῗᾶ
521 5069 919 5145 iugis.__Vot_:etn
969 5070 1209 5141 priorem
1250 5077 1363 5126 tres
1406 5063 1576 5137 Lugd.
1632 5064 1777 5123 Batt.

182 5146 396 5211 delent,
447 5141 605 5200 ut'et'
618 5142 759 5201 Coll.
790 5141 1029 5199 Gronov.

261 5208 643 5292 16._'I_tajugis
685 5224 736 5292 et
1020 5214 1245 5292 siccitas.
1288 5208 1559 5292 genitale
1609 5208 1781 5292 pluri-

185 5280 672 5365 mum_laboi'aium
701 5283 901 5350 fuisse,
938 5283 1249 5365 ﬁgis-uel.
1281 5283 1483 5365 casso,
1512 5280 1577 5337 Τ.
1608 5282 1781 5365 Quin-

186 5360 304 5418 ctio
335 5361 558 5428 Penno,
597 5372 744 5416 coss.
773 5372 920 5412 anno
945 5357 1079 5425 327,
1108 5356 1294 5413 Livius
1321 5354 1445 5409 libr.
1485 5368 1537 5409 tv
1566 5354 1775 5409 scribit.

187 5432 359 5489 ana.

261 5505 353 5561 17.
395 5502 694 5574 Abnegarit.
736 5499 907 5574 Lugd.
953 5499 1095 5574 Batt.
1136 5508 1298 5574 tres.,
1337 5494 1613 5564 Perizon.,
1641 5495 1782 5553 Ultr.

187 5585 247 5633 et
272 5575 412 5632 Coll.
443 5571 687 5630 Gronov.
714 5582 773 5629 et
796 5571 887 5631 ed.
933 5573 1098 5642 Aug.,
1132 5571 1427 5642 ἀπέθανες,

264 5646 355 5703 I8.
397 5644 714 5711 Iisdemque.
745 5642 897 5702 lens
922 5637 1047 5699 cum
1072 5637 1349 5703 Ροεὶιοῐι..
1383 5638 1576 5695 lsdm.
1602 5637 1755 5709 Lugd
1773 5679 1791 5695 .

193 5718 337 5776 Batt.
387 5732 470 5787 pr.
501 5725 561 5772 et
585 5724 789 5787 quam,
821 5714 923 5770 His
943 5714 1185 5786 denique.
1212 5711 1615 5775 ,Ausiliatorum
1657 5725 1785 5766 tuo:

194 5804 299 5865 pro
322 5785 642 5845 Milionius
661 5785 833 5857 Lugd.
863 5786 987 5842 Bat.
1005 5785 1132 5842 tert.

274 5861 363 5920 I9.
402 5859 536 5916 Cum
561 5855 841 5917 Fidenates
869 5856 1059 5913 hostes.
1110 5856 1335 5930 Legitur
1353 5855 1519 5915 etiam
1550 5852 1787 5912 Fidenas

563 5948 841 6014 Panos”
886 5946 1007 6014 XX
1018 5943 1134 6013 XI.

1899 3071 2103 3150 ligatis:
2144 3071 2212 3126 de
2257 3085 2364 3141 quo
2414 3070 2700 3150 Eutropius
2750 3071 2896 3150 lib._t
2928 3088 3017 3150 _an.
3046 3075 3172 3131 515.
3215 3078 3282 3134 ab
3311 3080 3374 3135 U.
3406 3081 3498 3150 C.,

1900 3142 2217 3209 Fidenates,
2260 3151 2439 3196 contra
2494 3142 2754 3197 llonmnos
2798 3144 3187 3201 rebellaverant.
3233 3142 3501 3207 Auxilium

1899 3213 2212 3279 prwstabant
2241 3213 2324 3267 his
2361 3212 2617 3278 Veientes,
2649 3224 2696 3266 et
2726 3231 2817 3269 rex
2850 3215 3139 3272 Veientium
3168 3219 3499 3279 Tolumnius.

1897 3281 2297 3356 Qonjunxerunt
2335 3299 2389 3339 se
2432 3286 2496 3338 iis
2537 3295 2585 3338 et
2634 3284 2828 3341 Velm.
2882 3286 3041 3344 Plura
3071 3289 3259 3347 Livius
3295 3294 3391 3349 llb.
3423 3311 3499 3353 tv.

1817 3378 1866 3442 c
1898 3354 2066 3442 “31"

1968 3426 2057 3481 20.
2092 3424 2347 3482 /Emilius
2373 3428 2587 3483 tertium
2616 3426 2858 3484 dictator.
2905 3431 3067 3487 Mam.
3099 3431 3356 3489 JEmiIins
3385 3437 3497 3492 Ma-

1896 3497 2159 3553 mertinus
2190 3497 2425 3555 dictator
2470 3500 2703 3568 primum
2747 3517 2838 3556 an.
2867 3517 3056 3557 cccxvt
3107 3520 3227 3559 cum
3260 3506 3496 3563 Fidena-

1894 3569 2037 3642 tibus
2078 3569 2348 3642 acerrime
2375 3570 2683 3632 dimicavit,
2723 3582 2798 3642 et
2826 3575 3164 3642 triumphans
3204 3574 3256 3629 in
3292 3576 3493 3635 Urbem

1892 3640 2072 3695 rediit.
2127 3640 2274 3695 Idem
2320 3641 2553 3696 dictator
2607 3641 2855 3707 tertium,
2918 3640 3010 3699 an.
3066 3659 3314 3701 cccxxvtt
3365 3665 3493 3704 cum

1890 3709 2404 3791 Fidenatesiterum
2435 3712 2800 3791 rebellarent,
2852 3714 3085 3791 Eatenus
3131 3717 3318 3774 urbem
3347 3722 3496 3791 cepit

1887 3791 2049 3853 atque
2080 3782 2301 3837 excidit.
2334 3783 2459 3837 llaec
2489 3782 2604 3837 Liv.
2633 3783 2725 3837 lib.
2758 3800 2829 3839 tv.
2857 3784 3025 3841 ΡΑιιιι.

2089 3853 2277 3928 Tanta.
2305 3853 2649 3928 LugdBatt.
2682 3856 2823 3928 duo,
2852 3867 3113 3928 tantaque.

1956 3925 2047 3979 22.
2082 3923 2411 4001 Domesticos
2446 3926 2639 4001 clades.
2687 3925 2746 4001 In
2776 3923 3021 4001 vulgatis
3036 3941 3122 3985 est
3150 3932 3445 3989 domestice
3466 3976 3485 4001 ,

1886 4007 2131 4074 nostram
2157 3998 2467 4074 lectionem_
2487 4012 2553 4051 ex
2586 3997 2739 4053 libris
2770 3997 3007 4069 antiquis
3037 4013 3314 4074 acceptam
3345 3997 3487 4062 ἀνι-ὶέ

1883 4072 2023 4131 Osci;
2051 4070 2391 4134 comprobat.
2426 4067 2594 4123 FABR.

1955 4139 2085 4213 Cir.
2117 4138 2257 4213 XIV.
2284 4170 2355 4213 -έέ
2385 4140 2435 4193 1.
2465 4139 2652 4195 Sicilia
2672 4183 2687 4205 ,
2716 4142 2781 4213 ab
2809 4141 2977 4196 initio.
3011 4143 3141 4210 Qure
3173 4144 3276 4200 hoc
3311 4147 3490 4213 capite

1883 4212 1951 4266 ab
1990 4212 2185 4267 Oresio
2214 4212 2555 4281 explicantur
2574 4253 2587 4267 .
2614 4225 2680 4265 ea
2712 4212 2923 4279 plenius
2946 4230 2974 4266 a
3003 4216 3219 4270 Justino
3248 4234 3314 4272 ex
3345 4212 3485 4273 Tro-

1882 4298 1953 4353 go
1998 4294 2496 4339 commemorantur
2553 4282 2646 4336 lib.
2701 4298 2773 4338 tv.
2825 4284 3247 4352 Autiquissimos
3275 4304 3396 4344 esse
3424 4292 3484 4345 in

1884 4362 2040 4425 parte
2086 4353 2291 4409 Sicilia:
2333 4353 2593 4425 Cyclopas
2638 4353 2987 4427 Thucydides
3040 4357 3193 4414 initio
3284 4360 3380 4415 lib.
3431 4378 3483 4417 vr

1884 4425 2095 4481 scribit.
2130 4424 2298 4480 FABB.

1883 4427 2095 4481 scribit.
2130 4427 2298 4480 FABB.

1884 4568 1926 4624 Β
2035 4496 2110 4551 Ab
2140 4497 2308 4552 initio.
2342 4494 2505 4552 Initio
2543 4496 2632 4552 ed.
2666 4495 2806 4569 Aug'.
2835 4499 2913 4553 Ab
2951 4499 3103 4554 initio
3129 4516 3257 4570 pene
3306 4501 3481 4576 Lugd.

1928 4584 1958 4623 a
1990 4607 2005 4622 .
2039 4584 2118 4624 nr.

1928 4576 2005 4623 at.
2039 4584 2118 4623 [δι’.

2039 4584 2199 4695 pilare
2237 4650 2292 4694 ut
2348 4656 2530 4712 quam.
2565 4637 2726 4709 Here,
2758 4641 3005 4712 inquam,
3040 4651 3135 4712 ut,
3182 4652 3290 4701 etc.
3321 4686 3337 4713 ,
3387 4647 3480 4703 ed.

1936 4728 2026 4768 ua.

1811 4768 1861 4827 Ι)
2063 4781 2388 4860 Ευὶᾴςηιὶιω.
2425 4782 2615 4860 _Lngd.
2664 4783 2782 4839 Ilat.
2823 4800 2943 4855 pr.,
2999 4788 3283 4856 euidentia,
3329 4789 3485 4860 quasi

1883 4856 2082 4916 vellet.
2111 4854 2373 4910 euidentes
2401 4855 2743 4910 diversitates.
2825 4854 2835 4855 ί
3269 4854 3278 4856 ’
3346 4854 3363 4860 ”
3505 4915 3510 4918 _

1956 4927 2009 4982 5.
2058 4926 2377 4996 Numquam.
2408 4924 2627 4998 Addunt
2671 4927 2869 4998 patitur
2906 4928 3032 4983 edd.
3076 4937 3212 4985 vett.
3244 4937 3301 4986 et
3346 4946 3479 4987 mss.

1884 4998 2102 5070 quidam
2122 5038 2137 5063 ,
2166 4998 2262 5052 sed
2292 5002 2479 5070 contra
2503 4997 2720 5053 codices
2747 4999 3020 5070 meliores.

1955 5070 2013 5126 6.
2065 5070 2165 5136 Qui
2196 5070 2298 5138 fuit
2338 5068 2515 5135 ultor;
2559 5084 2821 5123 successor
2857 5069 3067 5138 e/Iectus
3113 5082 3206 5125 est.
3255 5072 3313 5128 Id
3353 5084 3435 5129 est
3463 5117 3480 5139 ,

1884 5141 1977 5212 qui
1998 5138 2219 5215 sustulit
2244 5149 2532 5211 tyrannum
2549 5179 2566 5205 ,
2590 5139 2930 5209 tyrannidem
2948 5150 3007 5215 _et
3030 5142 3145 5211 ipse
3172 5147 3479 5215 occupavit,

1884 5230 1986 5285 qua
2017 5228 2075 5265 re
2104 5212 2297 5285 factum
2326 5217 2400 5285 est
2420 5253 2437 5275 ,
2490 5222 2546 5265 ut
2576 5222 2823 5285 tyrannus
2852 5213 3077 5285 _quidem
3125 5212 3441 5269 occideretur
3461 5258 3477 5279 ,

1884 5281 1979 5357 sed
2003 5284 2305 5357 patria_non
2334 5281 2675 5357 liberaretur;
2705 5283 3153 5357 sicutiuluqnitur
3198 5285 3445 5340 Justinus
3464 5328 3481 5350 ,

1887 5354 1980 5410 ubi
2004 5352 2133 5426 'agit
2160 5352 2230 5409 de
2268 5355 2514 5426 tyrannis
2546 5354 2818 5426 lleracleze
2869 5355 2963 5407 lib.
2988 5352 3002 5354 “
3026 5371 3108 5426 sv:
3152 5369 3271 5426 cap.
3316 5357 3365 5410 5.
3407 5358 3482 5412 De

1887 5423 2094 5498 smne
2121 5423 2361 5498 tyrannis
2391 5423 2533 5479 idem
2565 5423 2658 5480 lib.
2684 5439 2737 5478 tv
2762 5440 2882 5498 cap.
2914 5426 2986 5482 2:
3018 5423 3238 5479 Cocalus
3269 5443 3483 5495 regnum

1884 5495 2077 5553 insula:
2104 5495 2409 5569 occupauit;
2454 5508 2566 5567 post
2596 5510 2745 5565 quem
2775 5496 2998 5567 singula:
3024 5498 3273 5569 civitates,
3299 5502 3355 5550 tu
3403 5508 3484 5569 ly-

1887 5584 2173 5624 ramrorstnt
2200 5568 2471 5640 imperium
2500 5576 2885 5635 concesserunt,
2917 5584 3131 5637 quorum
3162 5568 3308 5622 nulla
3351 5568 3485 5623 terra

1914 5640 2115 5695 'eracior
2144 5640 2267 5709 fuit.

1891 5646 2115 5711 feracior
2144 5646 2267 5709 fuit.

1966 5713 2017 5767 7.
2045 5710 2447 5766 Dissensionem.
2472 5709 2720 5781 Perizon.
2743 5754 2755 5777 ,
2785 5709 3123 5778 divisionem,
3154 5709 3325 5781 Lugd.
3368 5713 3486 5766 Bal.

1892 5791 2021 5838 tert.
2073 5790 2129 5836 ct
2167 5781 2305 5837 Coll.
2353 5783 2631 5849 Gronov.,
2686 5779 3083 5848 discasionmt,
3130 5779 3274 5837 Flor.
3332 5792 3490 5851 lert.,

1894 5853 2257 5911 discessiones.
