4150 6440
261 246 369 306 ’193

1300 242 1777 303 lllSTOlllARUSl
1816 240 2019 301 LIBER
2058 241 2121 299 ll.
2165 242 2319 299 C.\P.
2364 241 2504 301 XIX.

3459 237 3570 302 794

262 359 582 419 \‘eientibus
609 360 630 393 θ
660 358 914 432 patravit,
947 358 1220 421 exsilium,
1247 357 1442 414 ds-hioe
1469 358 1701 428 irruptio
1726 356 1853 414 Gal-
1878 368 1927 430 Α
1958 358 2226 429 reliquam
2268 358 2640 427 iuventutem,
2680 370 2841 426 quam
2882 364 3096 413 constat
3140 355 3228 411 vix
3271 356 3422 415 mille
3467 358 3567 415 ho-

260 458 485 520 lorum.
527 465 586 511 et
634 455 942 511 inccndiqu
987 453 1152 510 Urbis
1198 454 1546 524 insequitur:
1595 456 1679 509 cui
1712 454 1849 508 cladi

260 553 462 610 audeat
488 553 799 625 quisquam,
829 550 879 608 si
907 558 1119 623 potest,
1141 550 1354 623 aliquos
1378 559 1557 606 motus
1588 549 1853 621 temporis

257 646 423 717 huius
446 661 808 720 comparare:
847 645 1101 717 quamvis
1130 660 1239 701 non
1277 661 1433 718 .t-que
1472 646 1669 717 pendat
1714 658 1853 715 pra:-

256 742 405 798 tcriti
437 742 564 797 mali
592 740 833 797 fabulam
857 739 1145 811 przesentis
1174 738 1576 810 injurianitur
1599 738 1855 795 CalliSe-

257 849 469 903 nones,
511 834 649 891 duce
694 834 947 901 Brenno,
998 833 1243 889 exercitu
1289 831 1514 903 copioso
1541 841 1596 886 ct
1630 831 1853 886 robusto

161 956 167 961 ~
254 928 447 995 nimis,
467 941 594 985 eum
616 928 639 958 "
668 927 856 999 urbem
888 925 1132 991 Clusini,
1165 928 1187 959 ⁸
1218 940 1340 995 qua:
1372 939 1517 979 nunc
1540 923 1737 980 Tnscia
1768 923 1853 978 di-

251 1021 432 1085 citur,
473 1017 832 1085 obsiderent,
882 1017 1086 1088 legatos
1136 1016 1509 1072 Romanorum
1558 1016 1692 1087 (qui
1724 1026 1853 1072 tunc

251 1109 652 1181 componenda:
680 1110 823 1167 inter
842 1123 939 1166 eos
962 1110 1108 1179 pacis
1134 1109 1309 1180 gratia
1333 1107 1621 1179 venerant)
1656 1108 1708 1164 in
1735 1108 1852 1163 acie

255 1204 555 1261 adversum
598 1219 663 1261 se
711 1204 901 1261 videre
948 1215 1287 1275 pugnantes:
1339 1219 1444 1273 qua
1479 1203 1854 1273 indignatione

256 1296 497 1367 permoti
522 1337 539 1363 ,
576 1294 787 1354 Clusini
838 1296 1023 1369 oppidi
1066 1295 1223 1370 ιιι
1267 1293 1552 1351 obsidione
1594 1293 1850 1361 dimissa,

252 1389 389 1445 totis
429 1388 636 1448 viribus
680 1388 910 1445 Romam
977 1389 1336 1444 contendunt.
1383 1386 1492 1443 llos
1520 1390 1588 1443 ita
1633 1397 1854 1443 ruentes

248 1488 271 1520 °
305 1484 503 1541 Fabius
561 1499 687 1540 cum
734 1484 978 1541 exercitu
1025 1483 1212 1539 consul
1244 1482 1489 1552 excepit,
1538 1496 1639 1540 nec
1672 1490 1853 1537 tamen

253 1575 502 1644 obstitit,
546 1576 713 1631 immo
764 1575 943 1646 potius
986 1574 1202 1631 hostilis
1258 1574 1348 1630 ille
1403 1574 1659 1645 impetus,
1698 1574 1854 1643 quasi

252 1669 463 1726 aridam
497 1681 738 1742 segetem
785 1671 835 1706 ⁸ο
872 1668 1104 1726 succidit
1138 1713 1153 1737 ,
1211 1670 1401 1725 Stravit
1440 1678 1496 1726 ct
1537 1669 1768 1725 transiit.
1811 1668 1850 1701 "

1956 452 2162 505 tniuutu
2187 460 2312 507 tunc
2334 449 2519 516 fuisse,
2566 450 2619 505 in
2647 465 2775 507 arce
2801 451 3088 523 Capitolini
3117 449 3163 482 ’³
3190 452 3395 507 montis
3433 452 3561 507 lafi-

1957 551 2183 610 tantvm,
2216 540 2504 599 obsidione
2528 543 2860 598 cont-ludunt
2894 557 2906 596 :
2939 542 3118 614 ibique
3145 541 3391 599 infelices
3415 543 3544 600 reli-

1954 639 2127 709 quias,
2145 638 2304 699 tame,
2332 642 2503 705 peste,
2528 634 2927 706 drspcratioue,
2953 633 3243 692 formidine
3274 634 3319 669 ⁸⁸
3342 643 3549 705 terunt,

1955 731 2249 801 subigunt,
2274 727 2512 785 vendunt
2542 745 2557 782 :
2599 744 2721 784 nam
2750 729 2901 785 mille
2930 728 3082 783 libris
3117 729 3235 785 auri
3262 727 3559 785 discessio-

1956 826 2040 881 nis
2089 826 2322 897 pretium
2365 824 2758 895 paciscuntur:
2831 839 2939 879 non
2986 822 3130 894 quod
3173 824 3317 892 apud
3364 823 3554 880 Gallos

1957 918 2127 975 Rotita
2173 917 2322 988 parvi
2350 916 2585 973 nominis
2624 916 2822 981 luerit,
2852 915 2951 973 sed
2995 915 3142 987 quod
3167 914 3315 971 illam
3343 915 3422 973 sic
3439 918 3551 986 iam

1954 1021 2083 1067 ante
2116 1011 2462 1079 detrivcrint,
2496 1019 2556 1067 ut
2575 1010 2810 1080 amplius
2840 1017 2969 1065 tunc
2997 1008 3180 1065 valere
3202 1023 3311 1065 non
3342 1017 3555 1080 posset.

1959 1106 2300 1163 Exonutibus
2327 1103 2499 1162 Gallis
2520 1110 2865 1162 remanserat
2886 1102 2940 1159 in
2968 1101 3065 1159 illo
3097 1102 3370 1174 quondam
3394 1100 3558 1159 Urbis

1956 1198 2163 1253 ambitu
2213 1195 2530 1254 inlormium
2594 1196 2872 1252 ruinarum
2915 1196 3176 1253 obscena
3232 1194 3554 1268 congeries,

1958 1288 2004 1323 “
2029 1302 2083 1347 et
2114 1290 2352 1363 nudique
2376 1289 2635 1363 impedita
2664 1288 2986 1359 errantium,
3016 1299 3076 1346 ct
3102 1290 3246 1346 inter
3272 1304 3371 1346 sua
3402 1289 3555 1361 igne-

1956 1391 2132 1438 tormn
2152 1384 2376 1440 oll'ensac
2403 1383 2549 1439 vocis
2575 1382 2754 1455 imago
2781 1381 3409 1455 respondens,trepidos
3424 1397 3548 1439 sus-

1960 1477 2233 1548 pendebat
2251 1475 2489 1532 auditus.
2513 1474 2558 1507 "
2589 1475 2793 1531 llorror
2810 1476 3093 1547 quatiebat
3112 1476 3347 1544 animos,
3392 1474 3557 1531 silen-

1960 1570 2035 1626 tia
2065 1568 2179 1641 ipsa
2215 1570 2371 1645 152
2403 1568 2707 1627 terrebant.
2738 1570 2797 1625 Si
2828 1569 3046 1640 quidem
3078 1570 3307 1626 materia
3337 1568 3559 1644 pavoris

1957 1666 2097 1720 est”
2117 1664 2311 1721 raritas
2333 1669 2446 1735 ipsa
2470 1664 2618 1721 vocis
2644 1664 2697 1720 iu
2728 1665 3007 1733 spatiosis.
3030 1664 3073 1695 "'
3092 1664 3227 1719 llinc
3249 1664 3359 1721 illis
3381 1672 3558 1721 muta-

247 1762 508 1821 ‘l'estatur
536 1762 676 1818 hanc
700 1760 853 1819 Fabii
883 1762 1093 1818 cladem
1127 1761 1321 1818 ﬂuvius
1360 1762 1520 1827 Allia,
1548 1764 1694 1817 sicut
1722 1762 1852 1819 Cre-
1882 1773 1932 1836 Β
1959 1771 2017 1813 rc
2042 1756 2223 1823 sedes,
2253 1755 2404 1813 aliud
2433 1757 2679 1813 incolere
2703 1756 2997 1828 oppidum,
3023 1756 3199 1812 altero
3221 1757 3390 1814 etiam
3419 1771 3551 1812 cen-

250 1871 401 1912 ntcra
420 1854 731 1912 Fabiorum.
760 1855 878 1912 Non
902 1856 1049 1911 enim
1076 1855 1234 1912 facile
1255 1856 1450 1927 aliquis
1478 1853 1713 1912 similem
1741 1855 1844 1909 rui-

248 1964 375 2004 nam
396 1949 656 2005 Romana:
680 1948 882 2004 militia:
899 1958 1231 2015 recenseret,
1255 1947 1419 2003 etiam
1458 1949 1503 2001 si
1555 1945 1725 2003 Roma
1763 1946 1847 2002 in-

248 2060 417 2115 super
438 2043 657 2102 iacensa
682 2058 787 2099 non
803 2041 1412 2100 esset.PatcntcmGalli
1438 2041 1641 2100 Urbem
1681 2055 1846 2112 pene.

249 2145 431 2205 trant,
462 2136 736 2194 trucidant
767 2137 1005 2208 rigentes
1034 2136 1445 2191 simulacrorum
1474 2134 1636 2191 modo
1659 2136 1711 2189 in
1732 2136 1846 2191 suis

250 2231 296 2262 ⁸²
324 2228 546 2287 sedibus
573 2237 893 2287 senatores:
916 2244 1121 2301 eosque
1146 2227 1396 2283 inccndio
1419 2229 1704 2284 domorum
1732 2244 1846 2284 cre-

248 2330 451 2391 malos,
474 2320 629 2394 lapsu
648 2320 948 2379 culminum
970 2336 1192 2379 suorum
1211 2321 1503 2393 sepeliant.
1521 2320 1841 2378 Universam

1952 1853 2058 1907 seri
2078 1851 2298 1909 nomine
2335 1852 2636 1924 cogitatum
2655 1893 2669 1919 ,
2689 1851 2948 1922 placitum
2970 1859 3137 1923 atque
3159 1858 3425 1907 tentatum
3443 1859 3551 1907 est.

1955 1944 2033 2001 En
2064 1953 2313 2017 tempora
2341 1960 2577 2018 quorum
2598 1942 3008 2015 comparatione
3031 1944 3323 2015 prmsentia
3345 1944 3551 2015 ponde-

1952 2050 2144 2097 rantur
2168 2058 2182 2103 ;
2206 2042 2401 2110 quibus
2419 2041 2721 2098 recordatio
2737 2040 2972 2110 suspirat
2996 2057 3009 2095 :
3033 2055 3124 2107 cn,
3141 2054 3260 2109 qua:
3279 2039 3552 2095 incutiunt

1955 2135 1997 2169 ¹⁹
2013 2136 2079 2191 de
2100 2135 2296 2203 electa,
2317 2136 2401 2192 vel
2426 2136 2603 2206 potius
2624 2135 2694 2192 de
2722 2135 2963 2205 neglecta
2983 2132 3265 2205 religione,
3282 2135 3556 2204 pumilea-

1954 2233 2103 2285 tiam.
2134 2229 2181 2262 "
2203 2229 2411 2287 Revera
2446 2247 2605 2301 pares
2646 2240 2774 2288 sunt
2812 2244 2868 2291 et
2908 2232 3271 2290 conferuntur
3299 2232 3444 2288 inter
3488 2246 3553 2288 se

1952 2323 2036 2379 hac
2075 2323 2198 2381 dua:
2223 2327 2591 2399 captivitates,
2618 2326 2709 2387 illa
2736 2330 2778 2360 "
2808 2343 2904 2386 sex
2936 2327 3216 2386 mensibus
3245 2325 3553 2383 desmviens

1547 2456 2001 2516 llAVERCAMPl
2036 2459 2265 2518 NOT/E.

326 2569 385 2629 6.
424 2568 631 2628 Camilli
657 2570 920 2627 milium.
944 2568 1009 2626 Ν.
1042 2570 1238 2628 Furius
1266 2568 1551 2633 Camillus,
1583 2570 1672 2626 die
1697 2570 1839 2627 diem

254 2643 328 2699 ab
349 2644 413 2699 L.
442 2640 711 2711 Appuleio
752 2641 970 2698 trilnmo
1005 2642 1078 2707 pl.
1112 2642 1183 2699 ob
1213 2642 1453 2712 praedam
1490 2640 1842 2697 Veientanam

255 2716 442 2788 inique
469 2715 696 2788 divisam
724 2756 740 2779 ,
786 2714 839 2768 in
866 2714 1115 2788 exsilium
1147 2714 1281 2769 abiit
1301 2715 1489 2788 quinto
1521 2724 1843 2788 annopost-

256 2784 419 2913 qugn
460 2785 628 2913 ἔθεος
673 2793 917 2856 ceperat.
961 2786 1185 2852 Livius,
1224 2795 1279 2840 et
1306 2784 1632 2841 Plutarchus
1668 2786 1719 2840 iu
1743 2786 1843 2841 Ca-

256 2875 331 2913 nn
382 2876 433 2911 ιι.
509 2873 627 2913 aen.

256 2873 433 2915 lllllltl.
465 2873 627 2914 νἈΒΒ.

329 2932 382 2985 7.
428 2928 617 2985 Urbem
631 2928 826 2985 Clusini
853 2944 970 2998 qua
995 2944 1130 2982 nunc
1161 2927 1361 2984 Tuscia.
1382 2927 1677 2984 Orosiohic
1690 2944 1844 2983 suam

257 3001 548 3057 lectionem
568 3001 1149 3072 reddidimus.7Vcrum
1190 2998 1296 3072 hoc
1333 3000 1592 3072 oppidum
1634 3000 1705 3054 ab
1725 3001 1846 3055 aliis

255 3072 493 3132 Clusium
517 3116 533 3136 ,
565 3072 864 3143 Oppidanos
909 3071 1173 3139 Clusinos,
1204 3070 1316 3127 dici
1338 3070 1523 3126 notius
1545 3080 1654 3141 est,
1683 3087 1843 3143 quam

255 3158 316 3201 ut
343 3148 413 3200 sit
438 3143 863 3201 admouendum.
895 3143 1061 3198 Faue.
1100 3172 1169 3185 -
1194 3143 1518 3200 Membrana:
1546 3158 1680 3199 mea:
1723 3142 1843 3197 Clito

255 3218 393 3272 rium
424 3216 642 3280 habent,
671 3225 733 3271 ut
754 3226 811 3271 et
835 3215 962 3271 edd.
996 3211 1133 3271 Ven.
1167 3230 1288 3269 rum
1316 3213 1559 3281 principe
1581 3223 1641 3270 et
1666 3213 1840 3270 Paris.

255 3292 327 3343 Αι
359 3286 508 3342 Viue.
546 3287 751 3345 Bellov.
774 3288 872 3345 lib.
914 3302 990 3355 tv,
1012 3301 1134 3358 cap.
1183 3287 1276 3353 81,
1308 3283 1495 3342 Dusim
1521 3328 1536 3356 ,
1570 3303 1685 3354 qua:
1710 3302 1847 3341 nunc

256 3358 445 3417 Tuscia
465 3360 676 3415 dicitur.

326 3434 381 3486 8.
423 3430 553 3497 Quae
594 3446 731 3485 nunc
759 3429 949 3487 Tuscia
973 3430 1190 3486 dicitur.
1238 3430 1451 3486 Absttnt
1480 3446 1508 3484 a
1543 3428 1680 3485 Meo.
1714 3428 1842 3483 V’ui-
1866 3428 1912 3491 C

252 3503 366 3573 gati
390 3503 547 3568 olim,
578 3502 763 3568 Dusia,
795 3503 918 3573 cod.
942 3500 1212 3573 Lougob.,
1238 3500 1484 3559 Thuscia.
1516 3501 1667 3558 Flor.
1696 3514 1834 3569 sec.,

256 3572 384 3631 tert.
416 3574 616 3644 aliique
645 3588 803 3639 mss.,
830 3572 1040 3629 Tuscia.

334 3646 390 3703 9.
423 3642 621 3701 Fabius
651 3663 771 3701 cum
797 3647 1027 3702 exercitu
1057 3646 1259 3700 consul.
1284 3642 1469 3700 Nullus
1505 3643 1702 3699 Fabius
1741 3644 1842 3698 hoc

259 3727 504 3789 tempore
533 3718 721 3772 consul
756 3717 855 3772 luit
884 3735 896 3771 :
928 3717 1123 3789 sedeo
1150 3731 1315 3776 anno.
1344 3732 1453 3789 quo
1485 3714 1652 3789 llrnua
1682 3724 1839 3782 capta

254 3787 388 3856 est,
416 3799 527 3844 tres
554 3788 706 3844 Fabii
734 3790 952 3843 ‘tribuut
984 3787 1213 3842 militum
1254 3787 1530 3843 consolati
1579 3796 1843 3855 potestate

255 3860 470 3915 luerunt
494 3904 507 3922 ,
562 3860 743 3915 Livius
776 3862 847 3913 lih
887 3876 937 3920 v.
974 3860 1124 3915 Diod.
1162 3876 1272 3923 stv,
1303 3858 1627 3914 Plutarchus
1658 3859 1708 3911 in
1739 3858 1841 3912 Ca-

254 3932 427 3988 millo.
462 3932 627 3987 ann.
664 3961 735 3975 --
768 3931 878 3988 Vox
918 3935 1097 3985 consul
1126 3948 1154 3985 a
1187 3933 1355 3987 sciolo
1401 3931 1453 3984 in
1480 3932 1721 3998 margine
1752 3945 1846 3984 no-

251 4012 389 4070 tata,
433 4006 615 4059 lorsau
653 4003 705 4059 in
746 4012 952 4060 textum
984 4004 1202 4075 irrupit.
1237 4004 1538 4075 Ccrte_nou
1569 4005 1844 4075 Sll0_l0cn,

248 4084 313 4130 et
349 4075 534 4129 luxato
572 4077 857 4131 verborum
898 4072 1375 4145 ordioe'ponitur.
1404 4072 1560 4130 Unde
1588 4072 1847 4127 scribitur

252 4147 307 4201 in
340 4146 482 4207 Meo,
517 4146 702 4201 consul
732 4164 848 4200 cum
877 4148 1130 4201 exercitu.

327 4218 411 4273 10.
452 4217 724 4284 Succidit,
767 4221 950 4273 strauit
988 4228 1035 4272 ct
1062 4216 1290 4272 transiit.
1325 4216 1452 4271 Mss.
1487 4216 1658 4286 Lugd.
1704 4216 1846 4270 Ball.

252 4296 380 4343 terl.
440 4301 495 4345 et
532 4299 711 4358 quart.
754 4306 875 4343 cum
915 4287 1052 4344 Coll.
1096 4288 1336 4344 Gronov.
1376 4290 1639 4342 succi-adit
1669 4329 1682 4349 ,
1741 4299 1846 4342 etc.

254 4361 355 4413 Ed.
395 4364 531 4432 Aug.
586 4361 890 4432 succendit,
916 4360 1097 4432 stravit
1124 4370 1172 4415 et
1203 4361 1459 4432 transicit.
1493 4359 1563 4413 Et
1591 4361 1715 4432 quia
1744 4360 1853 4411 ari-

249 4434 373 4485 dam
397 4429 616 4505 srgetcm
641 4431 799 4500 dixit,
846 4430 1016 4486 videri
1045 4435 1227 4501 ιιοςεει
1259 4448 1364 4485 ηοιι
1396 4429 1850 4505 incommodam-

251 4506 385 4558 ctio.
442 4500 716 4574 Vulgatam
769 4510 947 4557 tamen
994 4500 1156 4573 quam
1210 4513 1391 4557 servat
1441 4518 1655 4573 quoque
1696 4500 1850 4555 Viuc.

249 4574 455 4629 Bcllov.
476 4575 729 4645 praefero,
759 4582 978 4646 propter
1005 4575 1083 4645 [id
1114 4574 1257 4647 quod
1297 4574 1541 4645 sequitur
1586 4574 1765 4628 strarit
1808 4583 1854 4629 et

246 4653 270 4702 ι
288 4648 475 4701 'ansiit.

326 4719 411 4772 Η.
447 4717 690 4772 Testatur
711 4718 846 4771 hanc
869 4715 1022 4772 Fabii
1053 4715 1273 4772 cladem.
1306 4714 1508 4771 Eodem
1540 4717 1626 4772 die
1659 4731 1857 4787 nempe

248 4805 322 4843 xv
356 4788 462 4843 kal.
494 4789 646 4845 Sext.
680 4798 907 4857 utraque
926 4789 1109 4845 clades
1142 4797 1364 4856 accepta
1389 4789 1516 4850 fuit;
1550 4789 1703 4855 isque
1738 4787 1853 4843 dies

246 4874 276 4911 a
332 4861 635 4930 posteriore
695 4860 938 4914 Alliensis
987 4861 1163 4915 dictus
1212 4869 1324 4922 est,
1375 4858 1566 4914 Livius
1605 4860 1699 4914 lib.
1753 4874 1844 4924 vt,

244 4931 453 5061 2min;
568 4930 824 4997 Camillo,
859 4930 1078 4987 Tacitus
1110 4930 1205 4986 lib.
1236 4944 1399 4997 xvttt,
1431 4929 1654 4988 Servius
1689 4931 1740 4985 in
1772 4946 1846 4986 vn

327 5020 408 5057 oet
454 5042 469 5056 .
539 5019 661 5058 seu.

327 5019 469 5058 "Clu.
497 5019 661 5058 ΓΔΕΒ.

321 5075 411 5129 12.
444 5074 692 5129 Sedibus.
726 5072 864 5129 Male
894 5073 1093 5128 milibus
1118 5088 1251 5128 mss.
1280 5085 1332 5128 et
1357 5073 1493 5128 editi
1524 5073 1767 5139 quidam.

319 5147 408 5200 15.
438 5145 772 5200 Latitaatcm.
797 5145 971 5210 Meus,
995 5144 1241 5200 l’crizon.
1276 5156 1333 5202 et
1354 5145 1524 5213 Lugd.
1551 5147 1670 5200 Bal.
1700 5159 1837 5211 δρα,

241 5218 486 5273 lateitlcm
496 5257 509 5270 .

327 5289 418 5343 Η.
452 5287 676 5344 Terunt.
722 5288 936 5358 Vulgati
970 5298 1195 5354 terrent,
1237 5288 1332 5341 sed
1364 5300 1556 5352 terunt,
1586 5287 1729 5357 quod
1772 5288 1836 5343 ad

239 5373 395 5415 oram
437 5361 490 5413 in
524 5360 798 5429 plerisque
837 5368 1078 5426 notatur,
1109 5370 1165 5416 et
1194 5358 1476 5415 meliorem
1517 5360 1682 5415 ellicit
1706 5376 1829 5411 ~cn-

240 5446 361 5485 Sum
382 5472 397 5494 ,
426 5430 647 5500 optimis
679 5438 841 5500 atque
873 5429 1265 5502 antiquissimis
1294 5447 1426 5485 ttiSs.
1461 5431 1702 5485 fulcitur.
1738 5432 1830 5486 Sic

237 5502 386 5558 enim
410 5512 587 5557 exstat
617 5502 669 5555 in
694 5502 866 5557 tribus
881 5502 1460 5569 Florctttinis,duohus
1493 5503 1661 5568 Lugd.
1700 5503 1791 5554 lin!
1814 5547 1826 5558 ,

238 5572 363 5629 Meo
402 5583 561 5641 atque
613 5572 863 5628 l’erizuu.
904 5585 956 5627 et
990 5576 1176 5644 primis
1214 5573 1407 5628 cdd.ut
1436 5584 1489 5629 et
1524 5574 1676 5627 Viue.
1714 5574 1827 5627 lict.

239 5645 626 5699 conﬁrmatur.

320 5716 403 5769 15.
426 5714 491 5768 Et
513 5716 738 5781 umlfqtto'
754 5732 843 5783 per
860 5718 1120 5785 impedita.
1144 5716 1461 5771 Lectionem
1483 5716 1650 5780 illatn,
1668 5731 1827 5784 quam

243 5785 331 5843 h'c
356 5786 634 5843 Cerardus
665 5785 958 5859 B-ilsuiugc
989 5790 1041 5844 in
1069 5788 1312 5858 margine
1341 5788 1588 5860 a~cripsit
1608 5830 1622 5857 ,
1650 5804 1749 5843 nos
1776 5788 1829 5843 in

1948 2573 2191 2648 antiquis
2221 2590 2329 2630 non
2364 2575 2704 2632 invenimus:
2750 2577 2845 2633 sed
2888 2575 3033 2648 quod
3073 2575 3127 2632 in
3166 2576 3275 2633 illis
3298 2577 3417 2633 sine
3443 2579 3553 2636 ulla

1950 2646 2253 2719 (inferentia
2277 2648 2495 2719 legitur,
2522 2656 2624 2704 uo's
2650 2648 2787 2702 bona
2814 2646 2919 2704 [ide
2938 2649 3354 2714 descripsimus.
3383 2650 3551 2707 Pana.

1948 2718 2080 2771 --lu
2112 2718 2356 2791 margine
2381 2718 2622 2786 Hittorp.
2640 2732 2697 2775 et
2718 2719 3096 2791 Bolsuing.ed.
3117 2723 3233 2775 lucc
3258 2723 3549 2777 ascribun-

1953 2796 2044 2841 tur
2068 2807 2081 2843 :
2110 2788 2177 2863 Et
2199 2788 2320 2844 ditm
2347 2807 2438 2859 per
2459 2792 2708 2863 impedita
2728 2788 3002 2849 miserunt
3022 2792 3303 2863 errabant,
3333 2802 3386 2848 et
3412 2793 3551 2848 intcr

1954 2876 2050 2914 sua
2072 2861 2298 2935 claustra
2320 2861 2586 2935 manentes
2605 2863 2727 2917 aliis
2757 2864 2924 2931 ignoti
2952 2873 3101 2918 erant
3120 2905 3135 2935 τ
3165 2862 3375 2935 illorum
3395 2864 3551 2935 plan-

1952 2932 2191 3003 gentium
2211 2948 2356 2987 voces
2386 2934 2612 2988 aliorum
2651 2936 2881 3000 trepidos
2902 2933 3290 3003 suspendebant
3312 2932 3543 2993 auditus.

2029 3004 2116 3079 ιβ.
2132 3002 2531 3079 μουσικωτιᾷ
2555 3004 2906 3079 Desumptum
2928 3002 3249 3076 es’Virgilio
3271 3005 3344 3064 de
3364 3016 3552 3079 strage

1952 3074 2101 3130 urbis
2130 3073 2437 3146 Troj;c,'lib.
2466 3073 2602 3133 En.
2635 3092 2699 3144 tt,
2730 3073 2860 3133 7⁷55.

2010 3175 2198 3228 Horror
2222 3181 2407 3242 ubique
2434 3180 2621 3229 animos
2640 3178 2784 3229 simul
2812 3179 2916 3241 ipsa
2938 3177 3134 3229 silentia
3162 3184 3378 3232 terrent.

1950 3283 2057 3339 Ed.
2100 3300 2186 3353 pr.
2218 3293 2278 3340 et
2322 3282 2566 3351 Venetae,
2620 3282 2849 3339 Horrore
2892 3300 2925 3356 (ι
2980 3299 3033 3338 a.
3083 3284 3392 3357 silentioque
3430 3291 3548 3358 ipso

1949 3360 2189 3411 terrebat.

2019 3430 2103 3484 17.
2140 3427 2349 3483 llaritas
2378 3428 2490 3499 ipsa
2517 3427 2654 3483 vocis
2684 3429 2736 3481 in
2767 3427 3033 3494 spatiosis.
3060 3426 3133 3482 Ita
3164 3426 3427 3497 scriptum
3460 3427 3548 3482 in-

1944 3501 2064 3553 vcui
2115 3500 2168 3553 in
2215 3499 2303 3553 ed.
2352 3503 2697 3571 August-ina,
2748 3515 2979 3569 eamque
3026 3499 3319 3571 lectionem
3372 3501 3545 3571 reris-

1946 3574 2137 3625 simam
2171 3586 2291 3624 esse
2315 3569 2459 3638 νηιοί
2500 3571 2632 3625 Nam
2653 3571 2852 3624 raritas
2884 3572 3033 3623 vocis
3066 3569 3350 3625 horrorem
3380 3570 3543 3635 facit,

1944 3643 2039 3697 sed
2094 3652 2254 3705 auget
2283 3646 2561 3697 horrorem
2581 3684 2596 3708 ,
2636 3643 2678 3695 si
2710 3643 2761 3695 in
2791 3643 2928 3696 locis
2956 3642 3149 3709 amplis
3169 3651 3225 3695 et
3254 3642 3536 3711 Spatiosis,

1946 3725 2000 3769 ut
2033 3726 2155 3767 erat
2186 3715 2355 3769 lionta
2400 3716 2611 3779 ,stiatis
2642 3714 2885 3768 :cdiliciis
2915 3712 3157 3766 tleSolata
3205 3721 3262 3767 et
3292 3714 3400 3768 late
3447 3728 3541 3782 pa-

1948 3796 2083 3844 tens.
2119 3797 2329 3839 vasutm
2362 3787 2431 3840 sit
2462 3785 2756 3838 silentium.
2792 3784 2931 3839 Editi
2961 3784 3296 3849 antiquiores
3329 3792 3540 3839 tantum

1950 3857 2152 3911 habent
2179 3859 2366 3911 raritas
2389 3860 2503 3925 ipsa
2532 3857 2692 3923 roris,
2724 3871 2896 3925 usque
2928 3855 2991 3909 ad
3028 3856 3397 3909 r‘aliricianas.
3436 3854 3539 3909 Fa-

1948 3930 2044 3983 brii
2068 3932 2148 3982 ius
2184 3931 2328 3982 cuitu
2365 3930 2550 3982 maluit
2594 3930 2740 3982 nulla
2772 3938 2950 3981 tamen
2998 3928 3179 3981 addita
3210 3940 3369 3987 uota,
3404 3928 3542 3981 rari-

1948 4010 2025 4052 tas
2055 4002 2166 4071 ipsa
2198 4001 2250 4053 in
2274 4001 2535 4068 spatiosis.
2558 3999 2689 4067 Qum
2710 4000 2898 4063 lectio,
2929 3997 3180 4071 quamvis
3204 3997 3376 4071 tribus
3402 4013 3534 4053 mss.

1952 4069 2299 4137 Florentinis,
2325 4072 2496 4141 Lugd.
2534 4072 2651 4125 Bat.
2705 4086 2787 4140 pr.
2834 4080 2892 4124 ut
2936 4082 2991 4124 et
3033 4070 3151 4124 Meo
3196 4080 3261 4141 et
3292 4069 3539 4124 Perizou.

1948 4145 2327 4207 cottlirmetur,
2377 4140 2720 4213 nequaquam
2767 4152 2948 4213 tamen
2982 4150 3207 4213 prastat
3235 4140 3460 4213 illigqua:
3485 4141 3540 4196 in

1950 4214 2187 4283 antiquis
2222 4216 2349 4271 edd.
2379 4226 2433 4269 et
2460 4211 2634 4268 nibus
2665 4212 3004 4284 LugdzBatt.
3040 4212 3257 4284 rt_t.‘.oll.
3292 4211 3539 4284 Gronov.

1953 4282 2225 4342 invenitur
2264 4290 2457 4341 raritas
2501 4282 2793 4355 ipsavocjs.
2824 4282 2993 4353 Cujus
3034 4282 3179 4355 enim
3224 4283 3304 4338 rei
3345 4285 3542 4355 raritas

1952 4358 2144 4412 Urosio
2184 4360 2249 4431 in
2292 4360 2551 4431 szlllQaiS
2597 4354 2951 4431 agnoscitur?
2980 4356 3026 4411 si
3072 4354 3402 4409 hominum?
3438 4369 3539 4410 eo-

1955 4445 2072 4484 rum
2106 4430 2251 4483 uulla
2299 4429 2504 4484 mentio
2553 4431 2606 4483 in
2658 4430 2724 4483 iis
2754 4444 2874 4497 qu:e
2924 4436 3357 4497 prtecesscrunt.
3406 4441 3541 4497 ergo

1955 4502 2123 4554 vocis.
2160 4504 2338 4569 Quare
2362 4501 2661 4570 amplector
2683 4500 2968 4570 lectionem
3003 4497 3125 4552 cod.
3159 4500 3387 4568 August.
3414 4511 3538 4553 cum

1957 4572 2101 4627 illam
2132 4568 2354 4643 insuper
2378 4568 2662 4626 conlirmct
2690 4585 2793 4625 ms.
2826 4568 3238 4643 Ultrajectinus.

2029 4645 2115 4697 18.
2140 4637 2276 4699 ΗΞηὲ
2300 4644 2403 4697 illis
2428 4652 2625 4697 mutare
2656 4640 3093 4712 sedesqluiclligit
3118 4639 3409 4694 consilium
3435 4637 3541 4695 mi-

1957 4713 2336 4786 grandchios
2367 4734 2379 4770 :
2412 4717 2479 4770 de
2509 4730 2616 4783 quo
2643 4715 2826 4769 Livius
2857 4712 2950 4767 lib.
2978 4728 3011 4766 ν
3031 4724 3298 4786 estremo.

2034 4785 2225 4843 ltl.De
2246 4787 2424 4841 electa.
2450 4781 2655 4842 Sensus
2686 4787 2773 4840 hic
2809 4794 2916 4849 est,
2953 4798 3023 4839 en
3068 4784 3249 4853 qualia
3293 4781 3403 4837 sint
3442 4781 3537 4837 illa

1878 4828 1934 4890 D
1960 4828 2711 4929 ...:.i.;.:.'.‘;;.;.;magis,
2741 4828 2797 4910 .1.
2810 4828 3231 4929 sanan“...
3577 4876 3580 4880 η

1952 4923 2170 5001 publice
2193 4923 2302 4984 sub'
2331 4928 2881 5001 imperatoribusgpiis
2912 4923 3535 5001 religionemCltristia-

1952 4995 2077 5056 nam
2108 5018 2256 5065 esse,
2285 4995 2470 5063 immo,
2501 5016 2625 5069 qua:
2668 4995 2848 5069 potius
2877 5012 2976 5053 vos
3013 4995 3384 5063 confundant,
3424 5004 3535 5052 tam

1948 5075 2041 5127 ditt
2069 5074 2316 5128 eamdem
2343 5072 2365 5125 l
2365 5073 2511 5127 uisse
2534 5071 2862 5142 neglectam,
2883 5079 2939 5124 et
2961 5074 3071 5122 tam
3087 5082 3215 5123 sero
3235 5075 3533 5139 receptam.

1950 5145 2050 5199 Εὐ.
2078 5160 2187 5213 pr.,
2215 5145 2430 5215 rcjccm,
2463 5143 2600 5208 Aug.
2619 5141 2838 5197 relicta.

2014 5206 2107 5271 :56.
2126 5206 2316 5269 κέυεὲιι
2344 5232 2500 5287 pares
2526 5206 2669 5287 sunt,
2714 5221 2820 5267 etc.
2852 5212 2988 5266 l‘uto
3011 5224 3135 5287 esse
3156 5206 3528 5287 scribendum,

1944 5285 2141 5341 licuerit
2166 5303 2315 5353 pares
2340 5282 2489 5351 Sunt,
2520 5284 2610 5339 sed
2660 5288 2999 5353 conferantur
3024 5282 3157 5335 inter
3182 5296 3256 5347 se,
3288 5290 3420 5353 οιοά
3451 5284 3534 5337 sic

1940 5352 2175 5412 minima
2207 5358 2506 5412 mutatione
2534 5371 2728 5410 scmus
2756 5352 2847 5425 qui
2881 5368 3022 5409 nunc
3051 5352 3535 5425 cgspitat,gclarus

1936 5439 1991 5484 et
2020 5428 2097 5483 rei
2120 5440 2281 5498 atque
2305 5428 2541 5482 orationi
2573 5435 2659 5481 est
2686 5421 3042 5498 conveniens.
3087 5421 3305 5485 Fateor,
3331 5422 3528 5498 inquit,

1935 5502 2092 5555 sicuti
2123 5492 2251 5555 olim
2276 5516 2307 5554 a
2340 5499 2532 5565 Gallis,
2557 5504 2636 5552 sic
2666 5512 2805 5552 nune
2825 5512 2851 5547 a
2883 5495 3073 5550 Gothis
3097 5503 3308 5560 captam
3331 5492 3528 5550 Urbi-nt

1935 5588 2076 5637 esse,
2103 5574 2194 5625 sed
2220 5573 2261 5625 si
2294 5570 2477 5626 clades
2499 5564 2736 5639 accepta:
2755 5567 3126 5631 conferantur,
3154 5564 3389 5619 immane
3426 5578 3533 5620 erit

1935 5645 2261 5707 discrimen,
2292 5650 2399 5696 etc.

2006 5717 2097 5768 il.
2120 5712 2147 5767 l
2156 5714 2227 5767 lla
2246 5704 2336 5766 res;
2359 5711 2614 5764 mensibus
2637 5710 2931 5764 (it’Stl’t‘lells.
2961 5705 3280 5761 Plutarchus
3301 5704 3527 5759 Romam

1934 5796 2149 5857 septem
2190 5786 2466 5843 mensibus
2506 5787 2558 5837 in
2607 5782 2885 5837 Gallorum
2921 5786 3187 5849 potestate
3215 5776 3400 5842 fuisse,
3432 5777 3515 5833 his
