4150 6462
591 212 701 273 8Ξ5
1998 196 2087 255 PA
2095 190 2208 254 UL!
2242 189 2469 251 OROSII
3775 179 3912 242 su

584 336 751 398 atque
775 323 986 397 argenti
1017 322 1153 379 nihil
1175 327 1453 390 repertum
1487 324 1584 373 :et
1609 328 1675 373 ea
1704 328 1795 372 res
1816 313 1996 386 primo
2022 311 2185 368 ﬁdem
2213 313 2266 376 Α
2292 306 2524 379 populos
2561 305 2615 362 in
2656 302 3108 398 spem‘libertatis
3135 299 3429 398 respirare
3466 312 3582 398 non
3592 298 3911 398 sinerent.

594 394 793 488 inopi-ac
845 394 1134 489 “Scythica:
1209 413 1381 469 dedit.
1434 410 1640 480 Viginti
1697 407 1869 463 millia
1922 405 2188 461 nobilium
2294 403 2560 459 Praeterea
2581 414 2780 470 magno
2796 396 3017 456 delectu
3032 396 3264 489 militum
3283 396 3373 453 lin
3396 394 3699 489 subsidium

591 487 858 580 equarum
884 487 1214 566 sufﬁciendo
1238 504 1430 578 generi
1475 505 1529 558 in
1559 501 1932 558 Macedoniam
1978 500 2147 554 missa
2173 514 2190 565 ;
2297 490 2694 564 dispositionis,
2727 508 2796 549 ex
2830 500 2943 548 tota
2970 490 3185 547 Griecia
3217 488 3428 557 habito,
3460 488 3691 545 ducenta
3719 487 3916 544 millia

590 605 691 660 scd
746 602 1043 659 revertenti
1095 598 1350 669 Philippo
1398 595 1627 652 Triballi
1673 595 1818 650 bello
1859 591 2106 656 obviant,
2134 592 2190 646 in
2292 586 2556 657 peditum,
2576 584 2955 656 etquindecim
2977 583 3152 638 millia
3170 581 3918 653 equitttm,ahsquecxerci-

606 710 716 766 quo
747 699 819 748 ita
864 693 1146 762 Philippus
1175 692 1228 745 in
1261 691 1471 744 femore
1506 688 1827 741 vulneratus
1864 692 1970 751 est,
2001 692 2065 739 ut
2094 698 2191 753 per
2296 676 2758 734 tu‘Macedonum
2776 673 3057 732 etinlinita
3071 672 3920 766 gentittm'barbarie,-Persica

594 762 802 859 corpus
827 788 946 856 ejus
973 798 1148 856 equus
1178 781 1606 840 interﬁceretur.
1631 788 1682 826 ιιι
1712 778 1850 834 Cum
1874 789 2070 834 omnes
2098 789 2194 832 oc-
2299 769 2638 842 expeditioni
2664 767 2822 842 177
2846 767 2903 823 in
2930 766 3116 824 Asiam
3138 767 3408 859 missurus
3426 762 3919 821 ittstrusiL‘Tres

592 883 766 937 cisum
793 886 1073 949 putarent,
1108 876 1164 931 in
1196 875 1378 945 fugam
1399 875 1568 939 versi,
1595 871 1835 942 praedam
1864 868 2190 925 amiserunt.

590 970 950 1042 Aliquantula
979 967 1178 1024 deinde
1208 980 1361 1022 mora
1386 963 1516 1020 dum
1535 959 1871 1019 convalescit
1888 974 1921 1014 a
1937 960 2191 1024 vulnere,

591 1066 650 1121 in
682 1078 815 1134 pace
850 1059 1183 1132 conquievit.
1221 1056 1420 1113 Statim
1450 1068 1586 1111 vero
1609 1063 1669 1108 ut
1695 1049 1994 1115 convaluit,
2023 1048 2194 1106 Athe-

592 1156 880 1211 niensibus
924 1152 1125 1209 bellum
1179 1150 1367 1207 intulit
1399 1148 1530 1218 :qui
1570 1148 1628 1203 in
1678 1151 1835 1200 tanto
1874 1142 2195 1199 discriminc

592 1246 761 1319 positi
797 1247 841 1284 ι’
862 1243 1174 1307 Thebanos,
1213 1240 1376 1314 176
1401 1237 1680 1311 quondam
1705 1237 1918 1301 hostes,
1950 1242 2081 1291 tunc
2103 1244 2194 1289 σοι

591 1339 710 1393 cios
735 1337 1054 1393 adsciscunt
1079 1350 1096 1389 :
1126 1334 1404 1404 totiusque
1431 1330 1657 1388 Gracia:
1688 1328 1937 1384 civitates
1964 1326 2195 1398 legatio-

593 1433 758 1489 nibus
785 1430 1034 1502 fatigant,
1065 1436 1126 1484 ut
1153 1439 1501 1485 communem
1546 1423 1761 1480 hostem
1813 1418 2197 1477 communibus

592 1526 805 1581 viribus
824 1529 1029 1593 petant.
1056 1520 1246 1591 itaque
1267 1518 1562 1588 aliquanta:
1576 1513 1745 1571 urbes
1766 1512 2195 1570 Atheniensibus

599 1631 724 1673 sese
751 1615 1114 1686 conjunsere,
1142 1611 1404 1684 quasdam
1430 1622 1568 1665 vero
1602 1608 1673 1662 ad
1707 1606 2021 1676 Philippum
2061 1603 2194 1662 belli

2292 862 2483 929 duces,
2515 863 2622 919 hoc
2649 874 2769 928 est,
2821 859 3277 925 Parmenionem,
3310 857 3608 929 Amyntam
3642 864 3701 913 ct
3734 860 3918 912 Atta-

2290 957 2403 1013 lum
2428 997 2444 1023 ,
2477 952 2888 1026 praemittendos
2920 954 2974 1010 in
3008 953 3229 1020 Persas,
3262 952 3417 1024 legit.
3439 951 3512 1008 Et
3538 952 3669 1008 dum
3702 964 3923 1022 supra-

2290 1048 2520 1120 scriptze
2544 1048 2720 1118 copia:
2748 1045 2819 1103 de
2842 1044 3055 1103 Graecia
3073 1045 3095 1078 ⁷
3116 1053 3545 1117 congregantur,
3574 1041 3919 1109 Alexandri,

2291 1138 2386 1211 qui
2432 1145 2553 1194 erat
2595 1136 2937 1209 Olympiadis
2983 1135 3177 1191 uxoris
3202 1149 3319 1191 sua:
3365 1135 3561 1204 frater,
3581 1142 3638 1190 et
3665 1142 3790 1204 post
3822 1133 3854 1166 ⁸
3882 1147 3925 1188 a

2291 1231 2514 1291 Sabinis
2537 1232 2595 1288 in
2622 1231 2862 1289 Lucania
2888 1237 3199 1303 prostratus
3215 1236 3327 1299 est,
3349 1242 3514 1301 quem
3532 1226 3686 1297 Epiri
3711 1240 3924 1298 regem

2295 1326 2371 1383 ob
2398 1324 2710 1383 mercedem
2734 1324 2916 1396 stupri
2942 1323 2997 1379 in
3022 1337 3148 1379 eum
3179 1322 3483 1394 perpetrati
3511 1320 3925 1387 constituerat,

2298 1418 2516 1490 nuptias
2562 1419 2615 1473 in
2660 1415 2970 1489 copulando
3012 1416 3066 1472 ei
3116 1414 3287 1471 ﬁliam
3338 1428 3493 1470 suam
3524 1410 3922 1484 Cleopatram,

2297 1516 2581 1573 celebrare
2608 1512 2860 1570 decrevit
2890 1530 2906 1567 :
2937 1511 3031 1584 qui
3057 1526 3185 1569 cum
3224 1509 3405 1582 pridie
3425 1524 3591 1581 quam
3615 1508 3929 1567 occidere-

2301 1617 2394 1665 tur
2439 1608 2808 1679 interrogatus
2854 1605 3087 1671 fuisset,
3132 1602 3257 1677 quis
3306 1599 3433 1660 linis
3473 1601 3687 1659 homini
3726 1601 3925 1672 magis

599 1719 779 1764 metus
815 1706 1000 1762 traxit.
1032 1705 1078 1736 ³⁸
1098 1704 1295 1759 Prtelio
1323 1701 1641 1767 commisso,
1670 1713 1796 1755 cum
1821 1696 2191 1755 Athenienses
2225 1688 2279 1753 Β
2304 1710 2453 1756 esset
2478 1698 2749 1770 optandus
2769 1738 2787 1765 ,
2836 1696 3189 1768 respondisse
3224 1694 3422 1764 fertur,
3453 1707 3584 1752 eum
3607 1707 3735 1751 esse
3762 1692 3929 1764 opti-

599 1801 764 1871 longe
805 1798 1001 1868 majori
1031 1810 1264 1852 numero
1306 1795 1544 1851 militum
1575 1801 1927 1864 pricstarenl,
1952 1788 2195 1847 assiduis

602 1898 789 1945 tamen
814 1889 972 1945 bellis
992 1887 1243 1943 indurata
1268 1884 1622 1940 Macedonum
1648 1881 1847 1939 virtute
1868 1886 2191 1938 vincuntur:

599 1998 759 2053 quam
807 1995 1041 2052 pugnam
1100 1980 1261 2050 longe
1299 1976 1559 2036 omnibus
1604 1973 1975 2031 anterioribus
2036 1973 2195 2030 bellis

604 2074 933 2129 atrociorem
980 2072 1173 2137 fuisse,
1202 2071 1319 2142 ipse
1355 2084 1540 2125 rerum
1590 2069 1769 2123 exitus
1803 2065 2016 2123 docuit.
2056 2064 2194 2123 Nam

597 2164 693 2220 hic
716 2165 837 2220 dies
861 2162 1005 2235 apud
1038 2162 1350 2218 universam
1387 2160 1657 2218 (insciam
1699 2157 1982 2230 acquisita:
2020 2157 2194 2215 domi-

594 2256 837 2313 nationis
863 2255 1121 2328 gloriam,
1157 2263 1217 2310 et
1253 2253 1642 2312 vetustissima:
1682 2250 1954 2309 libertatis
1992 2260 2196 2309 statum

596 2345 794 2403 ﬁnivit.

1187 2477 1417 2536 CAPUT
1465 2477 1607 2535 XIV.

727 2616 969 2689 Philippi
988 2616 1277 2674 crudelitas
1305 2618 1362 2671 in
1406 2615 1698 2685 Thebanos,
1722 2627 1770 2674 et
1798 2618 2061 2677 interitus.

672 2793 871 2850 Postea
917 2794 1202 2866 Philippus
1253 2796 1697 2853 cruentissimant
1743 2799 2030 2856 victoriam
2078 2801 2096 2832 ³
2139 2802 2195 2859 in

603 2884 898 2942 Thebanos
942 2896 1000 2943 et
1060 2887 1507 2945 Lacedmmonios
1563 2891 1810 2947 exercuit
1862 2911 1893 2967 εγ
1926 2893 2194 2964 siquidem

596 2978 876 3048 principes
898 2979 1179 3035 civitatum
1206 2980 1342 3036 alios
1359 2981 1539 3037 securi
1555 2984 1847 3051 percussit,
1871 2985 2009 3039 alios
2031 2984 2193 3042 inex-

2302 1807 2447 1846 mum
2473 1831 2490 1857 ,
2526 1788 2623 1860 qui
2651 1789 2773 1846 viro
2802 1790 2929 1844 lorti
2956 1830 2973 1855 ,
3024 1795 3151 1858 post
3178 1787 3445 1844 virtutum
3472 1798 3701 1842 suarum
3730 1787 3754 1820 ⁸
3775 1783 3925 1856 glo-

2298 1886 2438 1942 riam
2472 1885 2527 1941 in
2558 1898 2690 1955 pace
2726 1883 2972 1956 regnanti
2997 1923 3012 1948 ,
3056 1882 3179 1939 sine
3208 1876 3618 1937 conﬂictatione
3640 1878 3924 1951 corporis

2297 1989 2354 2035 et
2377 1979 2655 2036 dedecore
2672 1977 2877 2047 animi,
2910 1974 3129 2033 subitus
3152 1984 3212 2031 et
3229 1974 3403 2039 celer,
3446 1972 3731 2044 inopinato
3753 1971 3926 2027 [erro

2298 2069 2574 2142 potuisset
2600 2069 2873 2132 accidere,
2904 2065 3050 2138 quod
3082 2066 3188 2138 ipsi
3213 2080 3346 2122 mox
3371 2063 3420 2099 ⁸⁸
3441 2063 3658 2137 obtigit.
3689 2060 3807 2120 Nec
3836 2063 3921 2119 ab

2297 2161 2456 2219 iratis
2483 2161 2613 2228 diis,
2645 2176 2784 2232 quos
2808 2160 2957 2233 parvi
2994 2173 3214 2226 semper
3238 2155 3525 2228 ponderat,
3556 2170 3924 2227 quorumque

2300 2267 2449 2321 aras,
2492 2251 2695 2325 templa
2724 2261 2778 2309 et
2803 2251 3097 2307 simulacra
3125 2249 3477 2306 subverterat
3500 2291 3518 2317 ,
3545 2248 3682 2320 quin
3712 2247 3757 2280 “
3781 2246 3916 2306 ele-

2297 2346 2627 2414 ctissimam,
2654 2355 2716 2401 ut
2738 2346 2841 2418 ipsi
2864 2345 3181 2409 videbatur,
3204 2352 3439 2400 mortem
3475 2339 3914 2413 adipisceretur,

2301 2441 2477 2510 potuit
2509 2437 2779 2509 impediri.
2818 2435 2953 2491 Nam
2983 2434 3077 2492 die
3105 2434 3454 2505 nuptiarum,
3483 2445 3608 2487 cum
3642 2429 3713 2487 ad
3742 2429 3922 2488 ludos

2298 2529 2588 2601 magniﬁce
2623 2537 2919 2601 apparatos
2967 2527 3114 2583 inter
3151 2525 3292 2582 duos
3322 2523 3695 2587 Alexandros,
3726 2521 3915 2578 lilium

2298 2637 2704 2697 generumque,
2743 2620 3106 2678 contenderet
3134 2662 3152 2688 ,
3192 2634 3225 2674 a
3253 2617 3557 2683 Pausania,
3587 2614 3762 2672 nobili
3788 2614 3920 2671 Ma-

2299 2714 2574 2771 cedonum
2594 2712 2966 2782 adolescente,
2992 2712 3036 2745 η
3063 2711 3118 2767 in
3140 2710 3406 2783 angustiis
3426 2708 3546 2765 sine
3574 2706 3918 2765 custodibus

2298 2806 2731 2869 circumventus,
2754 2805 2971 2862 occisus
2990 2811 3097 2859 est.
3127 2803 3392 2859 Asserant
3419 2814 3565 2857 nunc
3595 2799 3911 2872 multisque

2305 2895 2425 2954 haec
2451 2896 2680 2953 vocibus
2714 2894 2978 2964 eierant,
3006 2895 3163 2966 quasi
3189 2895 3433 2952 virorum
3458 2892 3683 2949 fortium
3710 2892 3918 2949 laudes

2300 3004 2357 3048 et
2386 2990 2526 3047 facta
2561 2990 2738 3046 felicia
2756 3032 2773 3058 ,
2801 2988 3003 3059 quibus
3028 2989 3389 3046 amarissima:
3419 2986 3650 3044 aliorum
3671 2985 3914 3043 calami-

596 3069 781 3124 silium
809 3069 945 3140 egit,
979 3071 1001 3099 ³
1026 3084 1217 3127 omnes
1252 3072 1407 3128 bonis
1437 3072 1686 3143 privavit.
1718 3072 1909 3131 Polsos
1934 3075 2137 3132 dudum
2164 3093 2195 3133 a
2223 3070 2273 3135 C
2302 3092 2442 3142 tates
2470 3084 2526 3139 in
2552 3083 2743 3140 dulces
2773 3082 2985 3138 fabulas
3004 3083 3247 3148 cedunt,
3293 3082 3341 3137 si
3382 3090 3565 3137 Lumen
3593 3094 3907 3152 numquam

598 3160 829 3228 civibus,
862 3161 916 3216 in
946 3162 1175 3230 patriam
1221 3164 1462 3219 restituit
1496 3182 1508 3215 :
1544 3179 1616 3219 es
1672 3165 1868 3234 quibus
1922 3174 2194 3224 trecentos

597 3253 1033 3323 exsulesjudices
1048 3263 1403 3326 rectoresque
1428 3255 1697 3325 praefecit,
1719 3259 1811 3327 qui
1835 3269 1893 3314 ut
1908 3260 2193 3330 antiquum

596 3344 848 3403 dolorem
878 3361 1015 3403 nova
1054 3356 1323 3417 potestate
1353 3356 1631 3419 curarent,
1657 3364 1874 3420 pressos
1897 3349 2195 3412 infeliciter

2304 3176 2413 3247 ipsi
2443 3177 2669 3248 injurias
2688 3220 2704 3245 ,
2759 3177 2959 3246 quibus
2987 3175 3284 3247 aliquando
3324 3180 3616 3242 vexantur,
3646 3172 3691 3207 ¹³
3718 3174 3910 3230 relatu

2300 3270 2529 3325 tristiori
2558 3269 2865 3340 deplorant.
2918 3267 2976 3324 Si
3002 3282 3138 3324 vero
3163 3268 3233 3325 de
3264 3267 3501 3337 propriis
3532 3264 3905 3338 querimoniis

2299 3368 2512 3417 tantum
2560 3360 2700 3418 alios
2739 3359 3027 3418 audientes
3070 3359 3218 3417 aflici
3256 3360 3471 3428 volunt,
3497 3365 3759 3430 quantum
3790 3356 3907 3430 ipsi

1886 3534 2343 3601 HAVEBCAMPI
2378 3541 2612 3602 ΝΟΤΒ.

595 3736 834 3858 gentique
862 3731 1015 3788 nihil.
1050 3731 1175 3789 Mos
1205 3731 1355 3790 Meus
1384 3748 1505 3790 cum
1528 3734 1654 3793 edd.
1680 3734 2033 3808 quibusdam,
2058 3738 2189 3794 mis-

595 3824 655 3858 sa
678 3823 773 3858 snn
803 3848 815 3858 .

595 3824 655 3861 sa
678 3823 815 3862 sunt.

677 3878 764 3933 ti.
822 3875 953 3930 Cum
1001 3890 1196 3929 omnes.
1244 3875 1384 3931 Etld.
1421 3878 1693 3949 qttmdam,
1729 3894 1949 3949 cumque
1973 3896 2190 3946 onmes;
2236 3896 2241 3901 '

595 3948 851 4029 Venetia,
872 3961 1091 4016 cumque
1123 3962 1238 4001 eum
1260 3963 1467 4014 omnes;
1490 3948 1579 4005 ed.
1604 3952 1742 4019 Aug.
1773 3948 1921 4020 mox,
1956 3955 2192 4008 conversi

591 4034 697 4088 pro
720 4035 869 4088 versi.

670 4091 755 4161 12.
790 4087 1079 4161 Thebanos,
1112 4089 1376 4159 quondam
1408 4089 1602 4145 hostes.
1638 4091 2064 4147 Lucedwmonios
2095 4109 2192 4161 pro

600 4158 874 4232 :Iltcbanos
904 4158 1193 4232 manifesto
1224 4173 1411 4215 errore
1447 4163 1534 4217 hic
1564 4163 1861 4232 legebatur.
1896 4162 2028 4218 Nam
2054 4158 2177 4221 cum

596 4229 881 4297 Philippus
954 4231 1195 4305 Elateam
1257 4229 2033 4305 occupasset,'Athenienses,
2085 4236 2178 4305 qui

599 4310 848 4368 tempore
872 4299 1171 4375 exclusisti
1214 4299 1459 4375 reliqum
1500 4303 1681 4375 socios
1712 4305 1916 4375 legatos
1960 4299 2179 4362 mittere

594 4386 704 4425 non
730 4378 995 4439 poterant,
1026 4369 1315 4426 Thebanos
1338 4369 1745 4445 'DeAmnsthenis
1765 4369 2091 4445 eloquentia
2120 4378 2174 4432 in

593 4455 722 4497 suas
765 4449 1387 4514 pagespertraserunt.
1423 4443 1815 4501 DemoStbenes
1864 4443 1960 4514 pro
1989 4445 2173 4502 Ctesi-

588 4515 814 4635 phog‘te,
847 4510 1115 4567 Diodorus
1148 4511 1243 4567 lib.
1280 4528 1389 4581 xvt,
1413 4514 1733 4572 Plutarchus
1761 4517 1816 4572 in
1852 4510 2175 4576 Demosthe-

589 4599 681 4635 ne.
759 4597 878 4635 ABR.

589 4599 681 4640 ne.
714 4597 878 4636 ΓΔΕΒ.

652 4653 785 4728 .13.
808 4653 1005 4728 lirwlio
1047 4654 1341 4728 commisso.
1383 4655 1496 4710 Hoc
1528 4656 1787 4728 praelium
1828 4659 2180 4715 commissum

820 4723 1179 4847 (graminis,
1207 4725 1497 4792 Diodorus,
1527 4717 1871 4797 Plutarchus,
1898 4738 1953 4785 et
1979 4729 2181 4790 Strabo

617 4806 689 4845 ιι).
724 4809 798 4848 IX.
835 4806 1000 4849 ιηἈικ.

659 4862 789 4947 (lar.
819 4863 962 4947 Χιγ.
985 4896 1057 4907 -
1083 4867 1136 4921 i.
1176 4863 1540 4947 In.Tl_tebanos
1565 4877 1615 4923 et
1635 4867 2074 4947 Lacedwmonios.
2091 4871 2184 4928 Sic

597 4942 695 5014 est.
713 4937 887 5014 etiam
905 4937 1375 5014 in_manuscriptis
1408 4957 1421 4994 :
1447 4955 1571 5014 cunt
1596 4949 1777 5014 tamen
1802 4957 1905 4998 nec
1933 4941 2026 4996 alii
2051 4957 2178 4997 cru-

590 5004 831 5059 delitatis
873 5007 925 5059 in
948 5006 1513 5081 Lacedaemoniosct
1546 5011 1815 5081 lustinus,
1848 5028 2007 5081 quem
2045 5030 2177 5070 auc-

582 5083 762 5198 ;orcm
808 5077 1091 5146 sequitur,
1136 5088 1344 5135 tantum
1394 5077 2172 5142 Thebanorum’nieminerit.

610 5162 749 5198 -Αιειι,

610 5162 615 5182 ⁵
634 5162 749 5200 Αιειι.

628 5218 713 5295 “2.
737 5217 925 5295 Omnes
964 5220 1133 5295 bonis.
1164 5220 1344 5295 Editio
1357 5222 1612 5292 princeps
1628 5232 2171 5289 cteamsectttat,om-

583 5287 735 5369 nibus
767 5290 930 5369 bonis.
964 5290 1087 5344 Mox
1105 5291 1289 5369 pulsos
1315 5287 1514 5369 (ludunt
1534 5287 1564 5347 ἁ
1586 5296 1876 5350 ciuitatibus
1898 5298 1988 5352 cd.
2005 5287 2168 5369 Aug.,

581 5359 769 5434 pulsos
786 5362 990 5434 quidem
1008 5376 1046 5434 Aa
1066 5362 1260 5434 civibus
1286 5364 1373 5434 cd.
1406 5365 1678 5434 princeps.

651 5430 705 5504 ξ).
740 5427 807 5504 In
838 5430 1145 5504 subsidium.
1169 5432 1308 5504 _Cod.
1340 5427 1609 5504 Longol).,
1635 5438 1688 5491 in
1720 5439 1971 5492 subsidio.

610 5498 703 5575 vi.
754 5498 1112 5576 Macedonum.
1165 5502 1334 5576 Lugd.
1384 5498 1526 5560 linit.
1580 5518 1813 5576 quatuor
1858 5523 1980 5564 cum
2025 5507 2165 5566 Coll.

577 5567 811 5644 Gronov.
842 5582 896 5644 ut
920 5572 1007 5623 ed.
1034 5574 1194 5640 Aug,
1221 5575 1585 5631 Macedonico.

648 5639 697 5691 ii.
755 5638 1029 5695 Barbarie.
1088 5638 1213 5697 Mss.
1254 5647 1413 5701 iidem
1466 5659 1518 5702 et
1564 5650 1697 5715 Aug.
1742 5651 1852 5708 9d,.
1890 5650 2152 5707 barbaria.

564 5706 751 5765 Exstat
775 5725 988 5781 quoquc
1017 5714 1094 5769 sic
1123 5715 1176 5773 in
1210 5716 1355 5774 Flor.
1383 5735 1464 5789 pr.
1502 5727 1555 5775 ct
1584 5706 1692 5777 sec.
1722 5722 1811 5778 sed
1840 5706 1889 5777 in
1924 5737 2034 5778 sec.
2066 5706 2155 5779 re?

2298 3743 2534 3813 positum
2562 3743 2817 3798 barbarie.

2370 3814 2425 3869 6.
2467 3813 2595 3869 Tres
2635 3815 2827 3878 duces,
2869 3812 2966 3867 hoc
2987 3819 3062 3867 est
3098 3810 3512 3870 Parmenionem.
3548 3818 3652 3867 etc.
3687 3812 3899 3869 Diodo-

2298 3899 2390 3939 rus
2413 3894 2468 3939 et
2493 3886 2683 3941 l’letho
2708 3885 2846 3940 duos
2866 3884 3033 3939 duces
3059 3883 3370 3953 prmtnisstts
3393 3882 3665 3955 scribunt,
3694 3900 3904 3955 nempe

2300 3957 2530 4010 Attalum
2578 3967 2624 4012 et
2658 3956 3088 4022 Parmenionem;
3130 3956 3226 4023 qui
3275 3956 3343 4009 de
3389 3953 3619 4024 Philippi
3665 3953 3901 4014 interitu

2299 4028 2432 4082 satis
2455 4027 2645 4082 multa.
2679 4026 2844 4083 Fson.

2371 4097 2425 4151 7.
2467 4094 2879 4169 Congregnntnr.
2917 4096 3065 4169 _Edd.
3096 4096 3361 4169 princrps
3409 4105 3461 4151 ct
3517 4095 3737 4169 Yeneta:
3765 4115 3901 4155 cou-

2288 4166 2825 4240 gregarentur.'Mnx
2865 4166 3164 4223 Alexandro
3211 4177 3324 4224 tres
3365 4182 3498 4224 mss.
3534 4166 3705 4239 Lugd.
3736 4170 3897 4227 Batt.

2286 4238 2409 4294 Cum
2442 4238 2583 4295 Coll.
2614 4241 2853 4295 Gronov.
3100 4300 3107 4306 _

2354 4309 2409 4364 8.
2451 4311 2494 4363 Α
2520 4311 2735 4365 Sabinis
2764 4315 2816 4365 in
2852 4309 3083 4365 Lucania
3109 4318 3425 4381 prostratus.
3476 4309 3659 4381 Livius
3701 4325 3732 4364 a
3779 4312 3897 4369 LII-

2280 4394 2421 4435 cano
2449 4382 2635 4435 exsule
2658 4383 2898 4436 occisum
2927 4379 3121 4436 scribit
3144 4380 3412 4436 Gemisth.
3468 4379 3647 4443 διαϐάς
3670 4386 3721 4443 ἐς
3747 4392 3885 4441 ἰτα-

2280 4451 2735 4528 λίαν-Τᾳρεντὶνοις
2763 4454 2979 4528 βοηθῶν
3017 4451 3074 4507 ἒν
3101 4474 3203 4528 rut
3226 4454 3569 4528 μάχῃ-καλῶς
3598 4458 3892 4528 ἡγνισμέ-

2279 4544 2361 4584 νος
2384 4524 2726 4583 ἔτιλὲύτησεν.
2760 4524 3135 4594 Transgressus
3179 4524 3235 4577 in
3281 4524 3491 4577 Italiam
3535 4535 3589 4579 ut
3640 4524 3887 4581 Tarenti-

2207 4589 2261 4650 D
2284 4594 2366 4647 nis
2391 4610 2540 4677 opem
2564 4597 2722 4677 ferret
2748 4635 2775 4677 ,θ
2795 4589 3063 4677 iit-praelia
3088 4594 3314 4677 quodnon
3336 4639 3351 4663 ,
3392 4610 3512 4649 cum
3529 4607 3881 4677 strenue-rem

2282 4667 2536 4735 gessisset,
2564 4666 2820 4736 occubuit.
2852 4665 3016 4722 ΡΑοκ.
3046 4664 3116 4706 -ἐ
3143 4664 3242 4720 Ed.
3274 4666 3438 4736 Aug.,
3469 4682 3501 4718 α
3522 4664 3870 4736 Samnitibus,

2284 4736 2426 4806 quod
2454 4746 2509 4806 ct
2538 4736 2706 4791 voluit
2727 4735 2848 4791 cod.
2883 4737 3022 4793 Ultr.
3053 4736 3303 4792 scribens
3331 4754 3363 4790 a
3392 4735 3673 4793 Samnitis.

2358 4807 2413 4860 9.
2452 4804 2710 4861 Gloriam.
2742 4807 2874 4864 Mss.
2899 4807 3112 4872 optimi,
3134 4807 3392 4863 videlicet
3415 4818 3524 4862 tres
3549 4806 3880 4873 Florentini,

2286 4875 2439 4958 picus
2464 4887 2520 4958 et
2551 4878 2803 4933 Perizon.
2844 4878 3115 4958 exhibent.
3138 4877 3352 4948 glorias.
3404 4876 3509 4934 Vix
3536 4890 3718 4935 tamen
3748 4891 3885 4951 puto

2284 4947 2356 5001 ita
2389 4949 2459 5003 ab
2490 4947 2733 5006 Auctore
2753 4951 3017 5015 scriptum
3042 4947 3231 5005 fuisse.

2355 5018 2442 5076 10.
2515 5018 2728 5089 Obtigit.
2799 5020 3005 5076 Malunt
3063 5019 3167 5075 hoc
3227 5019 3389 5078 codd.
3454 5019 3652 5090 Long.,
3720 5018 3876 5077 Flor.

2285 5090 2667 5213 tertnlugd.
2717 5091 2837 5147 Bal.
2883 5106 3021 5161 sec.,
3073 5093 3223 5148 Meus
3269 5102 3325 5148 et
3351 5092 3630 5159 Perizon.,
3658 5093 3876 5164 contigit

2309 5175 2339 5213 Ε
2366 5178 2497 5213 tam.

2281 5174 2497 5230 reliqui.

2355 5232 2441 5304 Hi.
2486 5231 2886 5289 Elcclissimam.
2914 5233 3073 5298 Cum,
3103 5243 3300 5303 prtetcr
3327 5234 3416 5287 ed.
3460 5237 3693 5304 August.
3740 5252 3873 5291 mss.

2275 5309 2387 5357 tres
2418 5303 2588 5372 Lugd.
2637 5304 2798 5365 Ball...
2833 5306 2982 5361 Meus
3031 5315 3085 5360 et
3122 5306 3259 5360 Coll.
3292 5305 3531 5361 Gronov.
3559 5303 3659 5360 sic
3708 5308 3871 5364 cslti-

2280 5373 2403 5428 heat
2431 5377 2554 5430 cod.
2592 5374 2834 5445 Longnb.
2887 5376 2956 5430 ab
2998 5376 3197 5432 Orosio
3248 5376 3552 5446 proiectum
3591 5391 3715 5435 esse
3743 5380 3865 5436 exi-

2274 5446 2441 5517 SIinto
2461 5448 2711 5517 ,‘_vttlgati
2744 5447 3095 5501 lectissimum.

2350 5514 2539 5589 12.71n
2567 5514 2835 5589 angustiis.
2871 5520 3043 5581 Mens,
3107 5520 3159 5571 in
3208 5526 3449 5589 angusto.
3492 5515 3665 5587 Lugd.
3715 5520 3862 5575 liatt.

2273 5595 2408 5652 tres,
2444 5588 2578 5659 inter
2608 5591 2901 5659 angustias.
2936 5590 3057 5645 Mox
3092 5590 3259 5659 Lugd.
3295 5591 3415 5644 Bal.
3450 5604 3557 5657 pr.,
3590 5591 3866 5648 occiditur.

2340 5660 2427 5712 15.
2468 5658 2659 5715 Relatu
2692 5658 2935 5736 tristiori
2962 5662 3253 5732 deplorant.
3304 5660 3406 5718 Ed.
3442 5662 3699 5730 princeps
3725 5704 3741 5732 ,
3772 5665 3865 5719 deo

2265 5730 2487 5795 plorent.
