4150 6436
144 213 248 273 825

1176 216 1654 278 HISTORIARUM
1691 217 1897 277 LIBER
1933 216 2020 274 111.
2060 216 2216 276 CAP.
2257 213 2375 273 XV.

145 329 509 401 perpetiendo
535 339 872 398 senserunt,
922 332 1071 401 prius
1103 333 1203 401 ipsi
1237 351 1343 390 non
1385 337 1745 406 praesentibus
1773 338 1822 394 A
1850 333 1872 364 '
1900 346 2195 404 numquam
2225 338 2408 408 autem
2443 328 2591 399 capi,
2624 337 2717 384 aut
2747 328 2813 384 ad
2843 326 3181 385 deditionem
3209 326 3327 399 cogi
3351 343 3450 401 po-

147 425 449 495 przeterita,
477 425 523 457 ιδ
550 426 648 483 sed
697 426 866 497 gestis
908 436 1059 498 gesta
1100 440 1420 499 comparent
1451 450 1463 484 :
1505 432 1666 503 178
1694 439 1749 485 et

147 528 383 589 utraque
433 534 505 575 ex
533 522 725 576 auditu
751 563 768 588 ,
801 521 846 553 "
874 522 1020 578 velut
1045 524 1182 579 rcrti
1224 523 1529 580 alienorum
1558 526 1745 580 arbitri

145 610 418 679 judicent,
452 626 553 682 per
578 612 773 683 viginti
803 613 1045 684 quinque
1070 630 1246 670 annos
1277 617 1523 672 incendia
1550 617 1749 671 civita-

146 712 280 767 tum,
307 701 533 759 excidia
563 703 833 760 bellorum
856 748 872 771 ,
906 706 1281 776 subjectioncs
1312 708 1743 775 provinciarum,

142 793 323 851 cades
348 793 638 852 hominum
660 836 677 857 .
711 810 875 866 opum
909 797 1135 868 rapinas
1162 839 1178 863 ,
1212 798 1427 867 praedas
1456 814 1741 869 pecorum,

146 895 491 944 mortuorum
558 887 905 947 venditiones
954 891 1408 963 captivitatcsque
1468 893 1738 959 vivorum,

147 978 303 1038 Istius
330 981 487 1053 regis
511 981 557 1015 “
593 981 767 1049 fraus,
797 981 1002 1038 ferocia
1021 1022 1039 1050 ,
1068 993 1125 1038 et
1150 983 1467 1041 dominatus
1494 985 1741 1058 agitavit.

744 1134 974 1195 CAPUT
1018 1135 1130 1194 XV.

145 1267 411 1326 Samnites
448 1268 806 1325 Remorum
842 1271 1020 1341 copias
1056 1273 1285 1343 rapiunt.
1330 1274 1556 1330 Romani
1584 1277 1744 1332 iclum

391 1343 563 1411 [eius
587 1351 859 1413 rumpunt,
884 1343 1150 1399 Satricum
1180 1355 1502 1416 expugnant.

210 1521 544 1580 Sufﬁcerent
594 1522 696 1579 ista
746 1524 816 1579 ad
859 1524 1173 1595 exemplum
1203 1526 1548 1585 miseriarum
1595 1529 1744 1586 insi-

141 1623 311 1673 nuata
340 1615 628 1672 memoria:
648 1624 853 1672 nostrae
871 1625 1024 1687 gesta
1041 1633 1139 1687 per
1161 1617 1493 1689 Philippum,
1522 1622 1739 1679 etiamsi

1852 423 2023 479 tuisse
2073 424 2379 477 constabat.
2421 422 2500 475 lta
2529 420 2823 483 Samnites,
2857 420 3080 475 victoria
3114 420 3290 491 potiti,
3321 422 3445 478 uni-

1848 533 2064 574 versum
2096 518 2395 573 exercitum
2428 517 2731 571 Romanum
2761 517 2993 588 turpiter
3029 527 3244 587 captum
3275 517 3446 574 armis

1849 613 2009 667 etiam
2053 610 2502 679 vestimentisque
2532 608 2793 664 nudatum
2818 651 2834 675 ,
2866 618 3076 665 tantum
3107 611 3333 681 singulis
3364 611 3445 666 vi-

1850 704 2078 760 lioribus
2103 702 2458 773 Operimentis
2481 702 2551 757 ob
2591 702 2896 758 verecunda
2928 717 3221 773 corporum
3252 712 3443 775 tegen-

1847 798 1914 853 da
1943 798 2242 863 concessis,
2264 797 2367 852 sub
2399 796 2590 867 jugum
2618 796 2842 851 missum
2872 796 3201 867 servitioque
3220 798 3441 867 subjec-

1848 898 1985 953 tum,
2028 890 2250 961 lungum
2297 904 2460 959 agere
2503 904 2718 960 pompa:
2749 888 2995 945 ordinem
3041 898 3443 961 praeceperunt.

1847 980 2135 1038 Sescentis
2147 990 2326 1037 autem
2358 982 2630 1052 equitibus
2657 981 2921 1037 Romanis
2944 983 2997 1037 in
3023 982 3327 1038 obsidatum
3355 1000 3441 1040 re-

1845 1076 2038 1145 ceptis,
2056 1085 2314 1129 oneratos
2324 1072 2636 1144 ignominia,
2658 1075 2871 1130 caeteris
2887 1072 3050 1130 rebus
3062 1089 3283 1139 vacuos.
3301 1090 3437 1133 con-

1845 1167 1994 1221 sules
2007 1167 2353 1223 remiserunt.
2373 1166 2514 1235 Quid
2532 1167 2987 1239 decxaggeranda
3010 1168 3172 1240 hujus
3197 1170 3437 1227 l'oedissi-
3459 1224 3467 1233 ,

1845 1260 1919 1315 mi
1953 1259 2174 1316 foederis
2197 1258 2407 1314 macula
2419 1258 2604 1315 verbis
2620 1258 2884 1325 laborem,
2896 1261 2989 1331 qui
3014 1271 3195 1318 tacere
3213 1263 3439 1318 maluis.

1845 1369 1961 1409 sent
1989 1353 2012 1407 ?
2043 1352 2217 1408 Hodie
2262 1352 2412 1407 enim
2441 1351 2676 1408 Romani
2700 1360 2796 1408 aut
2830 1354 3054 1410 omnino
3094 1369 3203 1411 non
3232 1365 3436 1425 essent,

1843 1454 1939 1501 aut
1968 1444 2192 1501 Samnio
2231 1443 2550 1501 dominante
2596 1445 2887 1509 servirent,
2915 1446 2961 1501 si
2996 1445 3154 1502 fidem
3188 1446 3434 1515 fmderis,

1843 1555 2006 1608 quam
2033 1539 2135 1593 sibi
2182 1538 2392 1594 servari
2436 1553 2465 1593 a
2501 1536 2761 1606 subjectis
2790 1540 3018 1607 volunt,
3059 1540 3162 1609 ipsi
3205 1539 3441 1610 subjecti

1844 1632 2181 1688 Samnitibus
2208 1630 2606 1686 servavissent.
2634 1630 2943 1687 Posteriore
2969 1647 3115 1687 anno
3140 1633 3441 1705 inlringunt

138 1707 459 1765 Alexander
504 1708 561 1766 ei
608 1722 720 1766 non
756 1710 1119 1766 successisset
1164 1712 1218 1766 in
1268 1727 1521 1781 regnum.
1575 1714 1740 1785 Cujus
1770 1725 1820 1787 Β
1846 1724 2074 1779 lloinani
2107 1724 2373 1779 ﬁrmatam
2412 1738 2534 1778 cum
2565 1722 2902 1779 Samnitibus
2933 1725 3246 1795 pactionem
3267 1768 3284 1795 ,
3315 1740 3441 1783 eos-

143 1799 311 1869 bella,
341 1801 511 1858 immo
533 1801 639 1859 sub
665 1801 821 1873 cujus
842 1802 1001 1860 bellis
1026 1805 1214 1861 mundi
1242 1808 1387 1862 mala
1415 1808 1609 1864 ordine
1648 1826 1737 1866 se-

140 1894 362 1963 quentia
378 1894 658 1965 suspendo
675 1895 972 1968 paulisper,
998 1907 1056 1957 ut
1074 1898 1127 1954 in
1154 1899 1257 1956 hoc
1280 1900 1399 1957 loco
1416 1917 1518 1973 pro
1536 1918 1740 1960 conve-

140 1987 349 2044 nientia
364 1986 693 2059 temporum,
711 1989 951 2046 Romana
965 1991 1273 2062 subjiciam.
1293 1995 1305 2025 '
1322 1995 1480 2050 Anno
1502 1996 1573 2051 ab
1589 1995 1738 2053 Urbe

138 2082 361 2139 condita
402 2098 672 2141 ccccssvt
714 2082 987 2141 Caudinas
1032 2083 1275 2143 furculas
1318 2088 1453 2144 satis
1486 2089 1737 2147 celebres

136 2184 191 2231 et
219 2174 489 2242 famosas,
515 2177 744 2248 insignis
771 2177 1142 2233 Roinanorum
1175 2179 1301 2236 fecit
1328 2180 1571 2238 infamia.
1600 2182 1735 2238 Nam

143 2283 266 2325 cum
297 2269 593 2341 superiore
619 2271 763 2327 bello
776 2273 796 2304 ³
813 2271 995 2341 viginti
1014 2273 1183 2327 millia
1199 2273 1549 2342 Samnitium,
1568 2276 1737 2333 Fabio

140 2362 409 2433 magistro
440 2362 687 2432 equitum
721 2378 954 2432 pugnant
987 2375 1333 2434 conserente,
1379 2368 1734 2438 cecidissent,

136 2453 623 2524 circumspectiore
634 2468 767 2510 cura
789 2454 1063 2513 Samnites
1083 2470 1147 2511 ac
1164 2459 1334 2529 magis
1348 2460 1615 2515 instructo
1636 2477 1734 2532 ap-

139 2556 336 2616 paratu
358 2547 504 2617 apud
523 2544 800 2603 Caudinas
832 2547 1067 2605 furculas
1084 2551 1471 2619 consederunt,
1503 2553 1590 2607 ubi
1614 2569 1737 2610 cum

141 2642 303 2715 179
323 2641 345 2674 ³
386 2640 673 2698 Veturium
696 2651 752 2697 et
771 2641 1109 2699 Postumium
1136 2646 1412 2712 consules,
1439 2662 1739 2717 omnesque

136 2733 323 2804 copias
343 2732 716 2795 Romanorum
739 2733 1003 2806 angustiis
1026 2736 1268 2792 locorum
1291 2738 1571 2809 armisque
1591 2741 1741 2794 clau-

135 2826 360 2894 sissent,
393 2826 419 2859 δ
443 2825 696 2892 Pontius,
726 2827 839 2882 dux
859 2842 1074 2895 eorum,
1109 2829 1163 2883 in
1196 2837 1406 2885 tantum
1435 2830 1638 2887 abusus
1657 2842 1741 2887 est

136 2922 387 2977 victoria:
404 2920 723 2990 securitate,
747 2929 809 2977 ut
848 2919 1180 2978 Herennium
1212 2934 1421 2991 patrem
1453 2927 1741 2982 consulen-

135 3014 260 3073 dum
291 3026 549 3088 putaret,
578 3025 759 3074 utrum
800 3017 1075 3075 occideret
1117 3019 1358 3087 clausos,
1392 3036 1459 3075 an
1490 3031 1741 3092 parceret

1841 1831 1951 1888 que
1977 1818 2034 1872 in
2059 1816 2254 1873 bellum
2275 1825 2501 1887 cogunt,
2532 1816 2555 1847 ⁸
2581 1817 2727 1888 quod
2767 1817 3002 1891 Papyrio
3031 1821 3258 1877 consule
3302 1821 3438 1875 insi-

1838 1919 2016 1969 stente
2040 1912 2413 1980 commissum,
2445 1928 2667 1983 magnas
2692 1922 2902 1985 strages
2947 1914 3230 1986 utriusque
3256 1916 3441 1986 populi

1839 2005 2009 2060 dedit.
2038 2002 2283 2077 Cumque
2312 2004 2440 2060 hinc
2460 2004 2542 2060 ira
2564 2006 2806 2061 recentis
2828 2005 3084 2072 inlantize,
3119 2006 3246 2064 inde
3264 2007 3437 2080 gloria

1840 2097 2101 2168 proxima:
2126 2097 2369 2154 victoria:
2400 2110 2701 2169 pugnantes
2730 2101 2751 2131 ⁷
2794 2098 3186 2169 iustiinularet,
3220 2100 3437 2158 tandem

1842 2193 2071 2249 Romani
2100 2193 2451 2263 pertinaciter
2504 2193 2790 2249 moriendo
2821 2193 3105 2251 vicerunt:
3156 2210 3258 2251 nec
3296 2195 3437 2251 caedi

1842 2286 2047 2354 pariter
2070 2287 2154 2340 vel
2185 2286 2397 2342 caadere
2422 2285 2778 2354 destiterunt,
2810 2287 2914 2342 nisi
2952 2296 3237 2358 postquam
3277 2286 3435 2344 victis

1839 2373 2197 2439 Samnitibus,
2227 2375 2248 2406 ⁸
2274 2384 2330 2429 et
2366 2383 2526 2445 capto
2555 2373 2676 2429 duci
2718 2390 2931 2441 eorum,
2953 2375 3142 2446 jugum
3174 2390 3437 2446 reposue-

1839 2476 1987 2522 runt.
2027 2467 2185 2538 180
2214 2466 2360 2522 ldctn
2381 2467 2577 2523 deinde
2602 2466 2866 2538 Papyrius
2886 2467 3177 2534 Satricum,
3208 2470 3438 2537 expulso

1842 2560 1968 2615 inde
1998 2558 2297 2615 Samnitico
2329 2559 2611 2629 praesidio,
2643 2560 3003 2630 expugnavit,
3041 2572 3095 2616 et
3132 2561 3298 2631 cepit.
3338 2560 3438 2616 llic

1840 2662 2022 2706 autem
2046 2650 2311 2721 Papyrius
2341 2650 2480 2706 adeo
2510 2658 2639 2705 tunc
2658 2651 2797 2719 apud
2828 2649 3104 2707 Romanos
3129 2652 3437 2708 bellicosis-

1841 2744 2012 2799 simus
2038 2758 2104 2797 ac
2131 2741 2549 2799 strenuissimus
2591 2742 2916 2810 habebatur,
2947 2752 3004 2798 ut
3036 2758 3160 2799 cum
3199 2744 3438 2801 Alexan-

1841 2838 1938 2892 der
1966 2837 2190 2908 Magnus
2219 2836 2515 2906 diSponere
2542 2834 2823 2891 diceretur
2859 2836 2927 2892 ab
2955 2835 3178 2892 Oriente
3206 2837 3435 2893 descen-

1840 2933 1978 2988 dens
2006 2931 2255 2986 obtinere
2284 2928 2494 2983 viribus
2539 2928 2800 2995 Africam,
2832 2931 2852 2963 ⁸
2881 2939 3044 2998 atque
3074 2928 3201 2985 inde
3248 2930 3299 2984 in
3330 2929 3435 2985 Ita—

1843 3024 1971 3079 liam
2010 3020 2310 3087 trausvehi,
2335 3019 2567 3075 Romani
2595 3023 2736 3075 inter
2762 3030 2991 3075 caeteros
3024 3020 3194 3076 duces
3221 3031 3351 3077 tunc
3376 3023 3431 3077 in

134 3109 439 3180 subjugatis
467 3127 483 3166 :
517 3118 579 3165 ut
601 3110 753 3165 vivos
776 3119 956 3166 tamen
980 3110 1234 3167 dedecori
1262 3126 1592 3184 reservaret,
1624 3118 1735 3172 ele-
1760 3104 1807 3166 C
1842 3115 2117 3186 republica
2157 3130 2252 3169 sua
2288 3111 2554 3183 Optimos,
2606 3112 2748 3168 hunc
2786 3112 3121 3184 praecipuum
3150 3111 3268 3168 fore
3291 3154 3305 3177 ,
3338 3113 3433 3183 qui

134 3202 228 3272 git.
257 3201 544 3259 Romanos
568 3203 717 3259 enim
747 3212 904 3259 antea
936 3203 1239 3274 saepissime
1277 3204 1421 3261 vinci
1452 3216 1508 3263 et
1537 3209 1731 3279 occidi,

1839 3210 2134 3267 Alexandri
2163 3210 2423 3280 impetum
2456 3207 2728 3265 sustinere
2758 3216 2963 3277 posset,
3012 3208 3430 3265 meditarentur.

1420 3345 1879 3409 HAVERCAMPI
1921 3348 2154 3408 NOT/E.

203 3478 290 3535 ﬂ.
325 3476 447 3550 Sed
496 3478 652 3550 gestis
684 3486 825 3549 gesta
869 3488 1194 3550 comparent.
1242 3477 1300 3533 In
1336 3476 1478 3533 Coll.
1512 3478 1723 3535 Grono-

140 3549 293 3605 viana
323 3548 448 3605 hac
495 3548 568 3604 ita
615 3548 876 3618 leguntur
918 3548 1196 3617 multoque
1222 3551 1434 3604 auctius
1460 3552 1724 3607 exhiben-

136 3629 237 3688 tur,
265 3621 361 3676 scd
386 3621 547 3690 gestis
567 3631 735 3692 gestu.
790 3620 855 3673 Id
899 3629 973 3675 est
990 3665 1004 3689 ,
1032 3639 1138 3675 non
1163 3632 1460 3691 comparent
1489 3638 1723 3692 pra-scn-

134 3692 260 3746 t‘btts
288 3693 559 3761 prmwrita
593 3702 825 3763 tempora
863 3692 966 3758 his,
1001 3694 1091 3760 qui
1124 3707 1258 3745 nunc
1288 3694 1533 3762 injuriam
1561 3696 1723 3749 susti-

135 3773 267 3818 nent.
298 3762 411 3819 Sed
440 3764 575 3816 male
591 3762 732 3834 gesta
763 3764 1141 3829 prwteritorum
1184 3774 1481 3831 comparent
1522 3765 1577 3818 in
1600 3768 1724 3833 jure

134 3836 460 3900 pmmuiunt
486 3875 501 3897 ,
545 3833 604 3886 eti
622 3833 756 3887 bona
779 3835 1054 3904 prwsentia
1085 3834 1230 3887 bonis
1256 3835 1547 3899 praztcritis.
1590 3834 1721 3891 Ideo

133 3916 295 3959 autem
324 3906 610 3977 Vprtrterita
658 3905 961 3977 cainparari
994 3905 1329 3977 prwjmtibus
1372 3914 1546 3971 vetat,
1597 3907 1721 3977 quia

134 3976 413 4043 praeterita,
462 3977 508 4029 si
545 3977 743 4041 maiore
792 3974 1002 4028 miseria
1036 3974 1343 4040 aﬂ'ccerunt,
1376 3983 1567 4039 tamen,
1602 3974 1722 4030 cum

136 4063 230 4101 non
250 4047 377 4112 sint,
397 4048 598 4099 scriora
625 4055 954 4117 reputantur.
980 4046 1253 4117 pronuntia
1279 4054 1473 4117 autem,
1489 4048 1533 4099 si
1562 4064 1721 4112 parva

131 4118 476 4171 sollicitudine
500 4116 751 4186 aﬂiciuttt,
785 4118 1026 4189 graviora
1052 4116 1374 4189 sentiuntur.
1416 4116 1525 4171 Sed
1556 4117 1721 4174 facile

132 4200 354 4257 apparet
382 4201 507 4242 esse
532 4186 801 4258 glossam,
823 4202 986 4258 quam
1012 4188 1336 4253 ascripserit
1363 4186 1432 4252 is,
1468 4190 1557 4258 qui
1595 4203 1721 4245 sett-

131 4256 242 4315 sum
269 4256 571 4315 verborum
597 4257 777 4314 Orosii
806 4256 1090 4313 elucidare
1120 4259 1376 4311 voluerit.

200 4331 285 4385 l5.
336 4329 493 4385 Velut
534 4330 680 4384 certi.
735 4328 834 4383 Ed.
892 4332 1030 4399 Aug.
1079 4343 1203 4382 cum
1250 4342 1355 4381 ms.
1401 4327 1538 4385 Ultr.
1572 4330 1721 4385 delet

136 4403 273 4472 certi.
302 4401 493 4472 quue
539 4401 595 4455 in
641 4401 815 4455 tribus
842 4399 1002 4455 codd.
1049 4399 1384 4455 Florentinis
1414 4408 1511 4455 aut
1536 4401 1715 4472 Lugd.

137 4471 246 4526 Bai.
277 4471 525 4541 secundo
550 4480 798 4541 apparet.

199 4544 284 4598 ili.
324 4540 523 4614 Fraus,
552 4539 769 4614 ferocia.
800 4539 941 4597 Edd.
975 4540 1220 4614 Xenone,
1252 4540 1393 4607 fraus
1426 4540 1604 4608 effera.

144 4671 147 4674 ,
194 4616 328 4671 Car.
358 4612 478 4669 XV.
501 4611 572 4654 -ὲ
606 4614 660 4668 1.
699 4614 849 4667 Anno
880 4614 942 4666 ab
977 4611 1042 4668 U.
1078 4627 1429 4670 accccxxw.
1475 4614 1573 4668 llic
1621 4629 1717 4669 an-

134 4699 229 4741 nus
258 4688 311 4741 in
339 4684 664 4755 Capitolinis
691 4684 1006 4740 consulibus
1036 4694 1120 4739 cst
1148 4694 1271 4755 post
1297 4682 1499 4740 Urbem
1527 4686 1720 4742 condi-

134 4766 234 4811 tam
262 4754 568 4813 ccccsxxu.
600 4754 766 4811 Ἐλωί.

196 4828 248 4881 2.
298 4827 496 4897 Viginti
520 4823 685 4881 millia
716 4825 1031 4883 Samnitium
1054 4865 1083 4898 ,ξ
1101 4822 1269 4898 Fabio
1299 4827 1542 4896 magistro
1570 4827 1716 4898 cqui-

138 4905 256 4970 tsm.
301 4896 455 4955 Idem
485 4912 745 4970 numerus
772 4911 1040 4953 caesorum
1071 4896 1311 4970 hostium
1345 4909 1428 4970 est
1451 4899 1593 4970 apud
1610 4896 1715 4954 Li-

136 4968 269 5024 vium
302 4971 398 5026 lib.
430 4984 547 5035 vnt,
582 4968 671 5023 ubi
702 4967 821 5025 haec
849 4969 1030 5024 omnia
1069 4968 1205 5022 satis
1238 4967 1578 5038 copioscIQ.
1612 4969 1715 5024 Fa-

138 5038 248 5095 bius
268 5041 536 5096 Maximus
565 5038 853 5095 Rullianus
881 5083 895 5105 ,
936 5054 1098 5109 quem
1129 5039 1216 5092 ltic
1246 5037 1474 5110 Orosius
1505 5037 1714 5110 signiti-

134 5121 231 5175 cat,
258 5113 521 5181 magister
547 5111 927 5181 equitumgfuit
959 5109 1021 5164 L.
1044 5110 1261 5177 Papirio
1285 5109 1505 5165 Cursori
1539 5109 1712 5166 dicta-

136 5184 753 5253 tori,quartoannoaute_
778 5180 1074 5253 Caudinam
1103 5182 1481 5253 ignominiam.
1510 5183 1715 5237 Prester

134 5250 332 5309 Livium
374 5255 491 5320 iege
537 5251 850 5323 Eutropium
884 5252 1006 5307 libr.
1035 5250 1381 5317 tt,Valcrium
1410 5252 1549 5307 Max.
1585 5254 1707 5309 libr.

136 5338 188 5378 ιι.
216 5338 333 5378 can.
357 5330 416 5378 2.
442 5323 607 5378 FABR.

136 5338 188 5385 ιι,
216 5338 333 5385 cap.
357 5330 416 5379 2.
442 5325 607 5379 FABR.

317 5365 333 5379 .
400 5364 416 5378 .
442 5340 479 5378 ιη·
593 5364 607 5376 .

195 5340 641 5449 {ali’efuritiztnet
672 5392 1005 5447 Postumium
1039 5392 1299 5448 consules.
1342 5393 1407 5449 Τ.
1456 5394 1716 5451 Veturius

137 5474 185 5517 et
212 5463 303 5535 Sp.
339 5466 650 5521 Postumius
695 5467 889 5520 iterum
922 5466 1172 5520 consules
1205 5464 1457 5527 fuerunt,
1491 5468 1711 5535 quando

134 5534 263 5605 apud
283 5536 546 5593 Caudium
579 5536 721 5593 male
769 5546 1059 5604 pugnatum
1091 5545 1204 5598 est,
1241 5548 1289 5588 et
1337 5534 1578 5605 legiones
1608 5538 1712 5590 sub

132 5602 304 5675 iugum
328 5611 530 5663 missae.
554 5608 668 5662 Cic.
706 5608 799 5662 lib.
826 5602 882 5660 tit
915 5608 983 5661 de
1026 5607 1181 5662 Ollio.
1205 5648 1217 5667 ,
1251 5602 1434 5661 Livius
1478 5610 1564 5663 lib.
1622 5624 1671 5661 Vl
1696 5652 1709 5673 ,

139 5672 270 5731 Flor.
306 5680 400 5735 lib.
438 5696 475 5741 ι,
517 5694 639 5749 cap.
673 5678 760 5747 16,
794 5681 1018 5750 August.
1053 5679 1143 5735 ιιι).
1181 5693 1237 5734 ut
1280 5680 1347 5736 de
1382 5677 1546 5737 Civil.
1594 5672 1712 5748 Dei,

139 5760 242 5805 tuti.
272 5750 356 5805 17.
391 5750 557 5805 FABB.

136 5760 242 5818 cap.
272 5760 356 5805 Π.
392 5760 557 5806 r‘snn.

1899 3486 1955 3540 4.
2001 3480 2244 3545 Pontius,
2276 3480 2385 3534 dua:
2408 3494 2607 3534 eorum.
2657 3477 2785 3533 Haec
2810 3492 2876 3533 ex
2925 3478 3123 3533 Orosio
3150 3478 3426 3539 Diaconus

1829 3555 2090 3625 Eutmpio
2116 3551 2343 3609 addidit.
2370 3550 2541 3607 Fara.
2580 3581 2652 3592 —
2692 3550 2807 3605 Rea:
2831 3565 3012 3604 eorum
3034 3550 3087 3605 iu
3123 3552 3249 3606 cod.
3280 3551 3428 3608 Lon-

1864 3628 1952 3681 ob.

1992 3695 2290 3766 Numquam
2313 3702 2484 3766 autem
2524 3692 2659 3761 capi.
2691 3690 2861 3761 Lugd.
2899 3691 3018 3745 Bal.
3059 3702 3239 3763 quarl.
3277 3711 3431 3766 nam:

1826 3784 1983 3836 quam
2008 3764 2153 3833 capi.
2180 3767 2248 3822 At
2272 3764 2524 3836 se:;uttd.,
2559 3779 2851 3836 nutuquanr
2883 3771 3055 3836 tamen
3098 3766 3237 3830 capi.
3269 3764 3428 3833 Quod

1826 3833 1955 3894 mox
1986 3839 2252 3905 sequitur,
2285 3835 2533 3906 potuisse.
2562 3835 2719 3906 abest
2745 3848 2771 3885 a
2808 3833 2924 3886 Meo
2948 3834 3281 3906 ctl’crizon.

1898 3911 1952 3964 6.
1996 3904 2148 3973 Quod
2180 3904 2411 3975 Papyrio
2438 3904 2650 3957 consule
2674 3906 2964 3958 insistente.
2988 3905 3213 3959 Orosius
3236 3917 3290 3961 et
3315 3906 3426 3962 Ειι.

1826 3980 2035 4048 Impius
2064 3993 2161 4034 eos
2191 3989 2441 4031 aui-tores
2481 3986 2784 4048 sequuntur
2808 4016 2823 4039 ,
2862 3979 2952 4042 qui
2999 3991 3038 4048 a_
3076 3975 3138 4029 L.
3190 3976 3429 4047 Papyrio

1822 4044 2069 4109 consule,
2091 4064 2197 4103 non
2222 4048 2482 4117 magistro
2511 4044 2777 4114 equitum,
2796 4056 2991 4117 cotitra
3008 4044 3284 4103 Samnites
3308 4044 3423 4104 rem

1824 4123 1965 4176 bene
1991 4130 2197 4190 gestam
2233 4119 2572 4174 tradiderunt
2597 4134 2613 4173 :
2640 4130 2763 4171 nam
2790 4116 2861 4172 de
2890 4118 2994 4172 ltoc
3013 4118 3217 4189 ambigi
3241 4120 3426 4176 Livius

1824 4192 2033 4248 scribit.
2081 4190 2244 4245 FABR.

1897 4265 1949 4316 7.
1985 4260 2369 4316 Instimularet.
2403 4257 2637 4327 Quidam
2674 4274 2809 4313 mss.
2845 4268 2899 4315 et
2929 4260 3063 4313 edit.
3110 4261 3298 4330 legunt
3327 4262 3420 4315 sti-

1822 4336 2067 4399 mularet,
2116 4337 2257 4387 inter
2286 4347 2421 4401 quos
2464 4346 2594 4401 mss.
2629 4346 2751 4394 sec,
2780 4330 2947 4395 Lugd.
2983 4331 3098 4386 But.
3136 4331 3277 4386 Infra
3328 4333 3424 4387 lib.

1823 4421 1876 4460 Vl
1905 4420 2025 4473 cap.
2061 4406 2127 4459 18
2162 4404 2231 4459 de
2256 4400 2497 4467 Caesare,
2529 4400 2732 4473 Corpus
2774 4407 2888 4473 ejus
2926 4412 3133 4473 raptum
3163 4404 3385 4473 populus
3409 4446 3426 4469 ,

1823 4476 2004 4530 dolore.
2034 4475 2406 4537 instimulatus,
2441 4476 2493 4527 in
2524 4474 2637 4542 foro
2670 4473 2975 4543 fragmentis
3000 4473 3339 4528 tribunalium
3365 4491 3427 4528 ac

1820 4547 2185 4609 subselliorum
2227 4546 2496 4599 cremavit.
2542 4544 2649 4599 Sed
2677 4554 2729 4598 et
2760 4545 2926 4598 verbo
2956 4545 3286 4600 instimularc
3315 4545 3424 4601 uti-

1822 4628 1909 4675 tur
1933 4632 2148 4690 quetlue
2177 4615 2339 4672 Ovid.
2374 4616 2591 4671 Faster.
2624 4630 2709 4682 vt,
2738 4614 2842 4671 507
2876 4631 2890 4669 :

1739 4789 1795 4849 Β
1881 4802 2190 4855 Dlssimulata
2214 4800 2358 4849 deam
2381 4798 2546 4849 Latias
2569 4798 2799 4849 Saturnia
2822 4797 3036 4850 Bacchas

1943 4863 2218 4915 lnstimulat
2240 4863 2363 4914 lictis
2386 4864 2613 4913 insidiosa
2635 4862 2791 4911 sonis.

1819 5035 1925 5092 Pro
1954 5036 2179 5091 recentis
2210 5033 2442 5101 infamim
2464 5078 2478 5102 ,
2515 5047 2646 5088 mss.
2687 5040 2799 5088 tres
2828 5032 3001 5104 Lugd.
3035 5032 3180 5088 Batt.
3218 5031 3425 5089 habent

1820 5107 2159 5181 prtttcetletttis
2189 5107 2444 5181 infamiw.

1892 5182 1946 5234 8.
1985 5178 2049 5232 Et
2077 5188 2225 5246 captu
2246 5174 2393 5229 ituri.
2430 5176 2556 5230 llcec
2583 5183 2668 5229 est
2698 5176 2860 5229 lectio
2882 5175 3008 5230 cod.
3035 5175 3283 5244 Longob.
3311 5174 3427 5230 slve

1821 5250 1970 5305 Flor.
2026 5250 2209 5319 primi,
2262 5260 2427 5317 atque
2470 5252 2540 5301 ita
2588 5262 2803 5316 quoque
2850 5249 3143 5314 eorrigitur
3177 5248 3229 5299 iu
3275 5246 3424 5319 Flor.

1824 5336 1973 5384 sec.;
2029 5321 2263 5388 vulgati,
2312 5330 2463 5385 rapto
2494 5318 2642 5371 duce.
2698 5320 2823 5371 l'ost
2873 5328 3241 5385 reposuerunt,
3275 5318 3427 5371 addit

1824 5392 2080 5445 servitutis
2128 5406 2229 5446 "t5.
2284 5392 2574 5453 Pcrizou.,
2629 5397 2685 5442 et
2736 5404 2834 5457 pro
2860 5389 2999 5441 idem
3048 5389 3236 5443 deinde
3276 5390 3428 5443 Meus

1822 5464 2008 5517 scribit
2036 5462 2173 5514 idem
2198 5470 2267 5515 et.

1895 5536 1945 5585 ε).
1992 5536 2157 5602 ,ηὶτμμω
2180 5534 2315 5587 inde.
2347 5532 2447 5585 Ed.
2479 5534 2704 5595 August.
2745 5546 2806 5583 tu:
2829 5531 3035 5602 deinde.
3063 5529 3217 5597 Quod
3261 5531 3424 5598 paulo

1825 5613 1949 5659 ante
1983 5608 2257 5666 praecessit
2290 5622 2346 5656 ac
2386 5604 2771 5655 strvmtissimus
2813 5604 2863 5654 iu
2916 5601 3052 5655 Etld.
3093 5608 3315 5669 August.
3370 5610 3425 5654 et

1824 5677 2046 5730 Venetis
2072 5691 2177 5728 non
2202 5685 2403 5741 exstat,
2432 5686 2488 5729 ut
2512 5690 2608 5728 nec
2636 5673 2777 5741 apud
2800 5674 3051 5730 Vincunt.
3076 5671 3288 5728 Bellov.
3321 5674 3419 5727 lib.

1826 5764 1898 5805 γι.
1933 5762 2053 5816 cap.
2089 5748 2140 5800 7.
