4150 6450
627 267 739 328 839

2027 266 2231 331 PAULI
2271 266 2494 329 OllOSll

3821 271 3931 330 840

621 402 752 445 vero
798 386 938 457 apud
986 387 1358 459 Babyloniam,
1387 402 1514 445 cum
1555 388 1737 446 adhuc
1766 391 2087 462 sanguinem
2138 393 2213 447 si-
2239 391 2292 452 Α
2317 389 2532 458 utrique
2567 386 2860 444 infeliciter
2889 396 3050 444 notus
3077 385 3317 453 Oceano,
3349 394 3406 446 et
3434 395 3617 445 tamen
3647 395 3758 443 tam
3791 389 3919 444 vio-

628 482 790 549 tiens,
814 481 958 537 male
984 482 1246 553 castigata
1277 481 1558 548 aviditate,
1581 483 1815 538 ministri
1841 483 2056 540 insidiis
2083 485 2105 516 ⁸
2123 502 2214 543 ve-

626 588 830 629 nenum
855 581 1119 644 putasset,
1152 573 1382 630 interiit.
1411 574 1458 629 Ο
1477 574 1614 630 dura
1650 589 1805 630 mens
1833 577 2140 647 hominum,
2165 590 2221 635 et

625 683 723 724 eor
742 681 963 739 semper
983 665 1370 724 inhumanum!
1397 666 1514 740 Ego
1541 668 1658 738 ipse
1684 669 1778 740 qui
1806 669 1924 726 lucc
1951 685 2051 741 pro
2072 686 2221 728 asse-

624 760 796 817 renda
840 762 1087 816 omnium
1135 770 1439 833 temporum
1492 762 1514 794 ⁷
1567 761 1838 818 alternata
1902 763 2212 818 calamitate

633 870 953 927 percenseo,
987 856 1039 909 in
1076 855 1255 911 relatu
1288 855 1422 910 tanti
1451 855 1607 922 mali,
1637 870 1745 925 quo
1772 855 1861 911 vel
1894 867 2071 912 morte
2094 858 2211 927 ipsa

627 951 715 1008 vel
763 949 1056 1006 formidine
1104 950 1297 1006 mortis
1337 961 1563 1019 accepta
1608 957 1756 1006 totus
1787 954 2020 1006 mundus
2047 953 2219 1008 intre-

625 1046 792 1110 muit,
825 1043 1090 1114 numquid
1127 1043 1461 1116 illacrymavi
1501 1043 1715 1099 oculis?
1757 1045 2018 1115 numquid
2051 1047 2219 1102 corde

624 1137 919 1194 condoluitt
955 1136 1219 1204 numquid
1271 1137 1563 1193 revolvens
1613 1137 1754 1203 lucc,
1805 1147 2027 1209 propter
2064 1154 2220 1194 com-

637 1246 857 1285 munem
903 1227 1122 1285 vivendi
1175 1239 1403 1295 statum,
1437 1230 1705 1299 majorum
1765 1232 2015 1285 miserias
2063 1242 2217 1286 meas

625 1323 766 1379 feci?
792 1338 916 1379 cum
966 1333 1146 1379 tamen
1193 1323 1242 1377 si
1289 1323 1510 1392 quando
1555 1322 1624 1378 de
1668 1324 1879 1393 meipso
1925 1323 2130 1392 refero,
2162 1334 2221 1379 ut

626 1415 842 1486 ignotos
884 1414 1120 1485 primum
1165 1413 1432 1470 barbaros
1469 1413 1718 1480 viderim,
1747 1423 1809 1470 ut
1850 1413 2080 1471 infestos
2125 1416 2221 1470 de-

625 1509 964 1576 clinaverim,
987 1518 1045 1562 ut
1072 1507 1483 1564 dominantibus
1513 1508 1536 1540 ⁸
1556 1507 1866 1562 eblanditus
1896 1510 2023 1574 sim,
2050 1518 2110 1564 ut
2138 1509 2222 1562 lu-

627 1601 816 1658 lideles
871 1601 1244 1671 praecaverim,
1286 1608 1345 1654 ut
1390 1599 1712 1655 insidiantes
1759 1599 2209 1670 subterlugerim,

632 1703 909 1766 postremo
932 1704 987 1747 ut
1015 1703 1406 1764 persequentes
1442 1695 1494 1747 in
1527 1694 1688 1758 mari,
1721 1708 1784 1748 ae
1815 1694 2004 1748 saxis'
2028 1696 2213 1765 spicu—

2324 483 2482 539 lentae
2527 486 2866 541 necessitatis
2909 489 3196 554 memoria,
3227 488 3310 541 vel
3350 485 3632 542 oblivione
3669 484 3912 550 defecit,

2323 579 2407 635 vel
2453 578 2611 634 viluit
2638 586 2933 634 vetustate.
2964 578 3031 633 Et
3072 593 3173 634 nos
3221 589 3500 650 perpetua:
3548 578 3926 636 reeordationi

2325 670 2602 726 htcsnrum
2630 682 2906 740 putamus,
2923 671 3065 742 quod
3090 671 3320 741 plurima
3343 673 3496 728 orbis
3521 685 3910 744 partesecura,

2322 780 2491 821 unum
2543 767 2798 836 angulum
2849 764 3014 836 fugax
3059 767 3197 821 latro
3243 765 3466 822 violavit
3510 784 3524 821 :
3566 768 3724 838 quasi
3779 781 3919 822 vero

2324 855 2630 913 Gothorum
2656 869 2712 914 et
2731 857 3037 914 Suevorum
3067 873 3278 929 pacem,
3303 869 3364 913 ut
3397 873 3509 914 non
3545 859 3725 915 dicam
3754 873 3920 915 versa

2321 952 2442 1007 vice
2490 950 2657 1007 ludus
2709 961 2767 1007 et
2816 952 3094 1024 Assyrius,
3137 952 3235 1007 sed
3285 950 3453 1006 etiam
3492 951 3576 1006 vel
3629 952 3767 1022 ipse,
3825 951 3923 1022 qui

2329 1045 2542 1101 hostem
2590 1044 2814 1113 patitur,
2863 1044 3138 1116 llispanus
3195 1045 3458 1101 oraverit.
3493 1049 3534 1082 “
3574 1044 3646 1099 At
3693 1058 3825 1100 vero
3873 1044 3928 1098 si

2319 1140 2409 1195 illa
2464 1137 2764 1196 Alexandri
2818 1148 3069 1209 tempora
3129 1139 3398 1195 laudanda
3448 1139 3632 1210 potius
3691 1145 3923 1208 propter

2319 1233 2598 1296 virtutem,
2654 1247 2760 1301 qua
2811 1239 2958 1285 totus
3005 1232 3157 1287 orbis
3207 1233 3253 1263 ³⁸
3299 1232 3562 1288 obtentus
3608 1241 3721 1300 est,
3754 1245 3926 1302 quam

2320 1321 2636 1378 detestanda
2669 1331 2892 1393 propter
2923 1323 3163 1390 ruinam,
3193 1335 3302 1392 qua
3328 1331 3479 1378 totus
3511 1321 3666 1378 orbis
3691 1335 3929 1378 eversus

2319 1426 2425 1485 est,
2451 1417 2764 1488 iudicantur
2789 1437 2802 1471 :
2836 1417 3185 1472 invenientur
3209 1416 3255 1448 “
3287 1426 3345 1473 et
3370 1415 3544 1473 modo
3567 1414 3927 1487 plurimi,qui

2323 1510 2438 1563 htcc
2469 1507 2735 1563 laudanda
2757 1517 3038 1575 censeant,
3063 1507 3211 1578 quod
3234 1506 3402 1562 multa
3427 1507 3696 1575 vicerunt,
3727 1513 3784 1560 ct
3812 1507 3928 1561 mi-

2319 1602 2493 1656 serias
2532 1601 2763 1657 aliorum
2809 1600 3125 1656 felicitatem
3173 1615 3326 1656 suam
3375 1608 3654 1671 reputent.
3697 1596 3932 1656 Seddi-

2318 1704 2409 1752 cat
2445 1694 2492 1729 “
2514 1695 2801 1766 quisquam
2830 1713 2844 1750 :
2899 1694 2993 1751 Isti
3016 1694 3062 1726 “
3087 1693 3274 1750 hostes
3310 1693 3592 1750 Romaniut
3627 1701 3779 1748 sunt.
3807 1690 3928 1747 Re—

627 1789 806 1860 lisque
853 1796 1192 1860 appetentes,
1239 1789 1493 1844 manibus
1527 1787 1687 1860 19h.
1710 1788 1872 1843 etiam
1913 1804 2055 1859 pene
2096 1789 2206 1859 jam
2247 1805 2296 1868 Β
2321 1789 2710 1858 spondebitur:
2734 1789 2852 1844 Hoc
2888 1799 2943 1844 et
2979 1797 3110 1844 tunc
3140 1788 3239 1844 toti
3267 1785 3479 1844 Orienti
3508 1785 3580 1843 de
3604 1786 3928 1842 Alexandro

626 1879 1124 1952 apprehendentes,
1145 1882 1428 1950 repentina
1461 1882 1655 1936 nebula
1685 1882 2053 1938 circumfusus
2084 1899 2211 1940 eva-

627 1976 815 2040 serim,
849 1983 1080 2030 cunctos
1120 1975 1407 2030 audientes
1445 1990 1556 2040 me,
1589 1976 1642 2031 in
1672 1976 1944 2048 lacrymas
1971 1992 2214 2034 commo-

626 2072 745 2128 veri
784 2072 948 2129 velim
992 2084 1050 2128 et
1093 2072 1291 2129 tacitus
1342 2071 1410 2128 de
1460 2087 1568 2128 non
1611 2071 1923 2130 dntentibus
1974 2072 2214 2138 doleam.

626 2174 886 2236 reputans
910 2164 1170 2220 duritiem
1193 2179 1406 2230 eorum,
1437 2163 1555 2235 qui,
1585 2163 1730 2236 quod
1750 2180 1857 2220 non
1885 2165 2213 2235 sustinuere,

624 2272 736 2314 non
778 2259 1029 2313 credunt.
1061 2256 1107 2289 ⁸⁸
1139 2257 1410 2328 Hispanus
1433 2265 1488 2312 et
1523 2254 1766 2312 Marinus
1798 2256 1867 2312 ad
1895 2259 2215 2329 supplican-

623 2352 753 2408 dum
789 2351 1099 2408 Alexandro
1132 2350 1484 2422 Babyloniam
1523 2350 1680 2419 adiit,
1705 2359 2101 2422 cruentumque
2129 2351 2215 2406 ul-

625 2455 714 2500 tro
739 2445 1044 2510 dominum,
1076 2459 1147 2498 ne
1195 2444 1410 2498 hostem
1455 2445 1755 2514 exciperet,
1789 2457 1888 2513 per
1932 2446 2213 2516 Assyriam

617 2539 940 2610 Indiamque
979 2537 1230 2610 quaesivit
1273 2555 1287 2594 :
1338 2547 1607 2594 terrarum
1648 2543 1822 2595 metas
1868 2535 2106 2593 lustrans
2153 2548 2209 2594 et

2320 1880 2603 1936 videbatur
2632 1897 2647 1932 :
2675 1880 2919 1950 talesque
2939 1889 2993 1936 et
3023 1879 3254 1936 Romani
3283 1879 3407 1935 aliis
3431 1878 3535 1934 visi
3570 1878 3730 1951 195
3758 1888 3921 1943 sunt,

2319 1974 2448 2029 dum
2490 1973 2645 2029 bellis
2677 1973 2893 2044 quietos
2942 1974 3264 2044 ignotosque
3313 1971 3646 2042 petiverunt.
3689 1971 3798 2028 Sed
3839 1972 3925 2027 illi

2319 2065 2608 2138 acquirere
2628 2081 2816 2137 regna,
2835 2065 2924 2121 isti
2954 2074 3203 2123 evertere
3229 2063 3471 2121 student.
3493 2063 3762 2135 Separata
3781 2074 3927 2120 sunt

2322 2160 2495 2216 hostis
2523 2158 2758 2223 excidia,
2788 2168 2845 2215 et
2882 2158 3091 2229 judicia
3132 2160 3358 2215 victoris
3390 2175 3404 2214 :
3434 2158 3709 2230 siquidem
3744 2168 3803 2215 et
3837 2160 3925 2216 illi

2325 2253 2473 2323 prius
2495 2267 2591 2309 eos
2619 2252 2779 2309 bellis
2800 2251 3135 2321 afﬂixerunt,
3167 2265 3307 2324 quos
3337 2261 3527 2324 postea
3556 2253 3671 2309 suis
3694 2253 3919 2324 legibus

2322 2349 2645 2404 ordinarunt
2685 2365 2700 2402 :
2743 2355 2803 2403 et
2851 2345 2907 2402 hi
2951 2361 3098 2403 nunc
3129 2346 3175 2378 “
3205 2346 3476 2403 hostiliter
3522 2345 3744 2402 turbant
3789 2362 3924 2419 qua:

2321 2440 2488 2514 (quod
2508 2456 2616 2497 non
2644 2440 3139 2513 permiseritDcus)
3163 2441 3210 2496 si
3239 2439 3482 2497 edomita
3513 2442 3556 2473 "
3577 2440 3922 2509 obtinerent,

2319 2537 2427 2594 ritu
2473 2551 2571 2593 suo
2621 2549 2957 2610 componere
3004 2534 3352 2606 molirentur,
3393 2535 3615 2595 dicendi
3669 2537 3913 2608 posteris

1921 2715 2371 2777 llAVERCAllPl
2405 2717 2638 2778 ΝΟΤΛΕ.

694 2861 751 2920 6.
778 2859 910 2921 Cum
935 2875 1186 2919 uenenum
1206 2865 1454 2930 potauet,
1477 2853 1694 2930 interiit.
1724 2852 1970 2912 Justinus
1997 2864 2052 2911 et
2076 2854 2210 2930 Oro-

623 2937 740 2994 sius
780 2945 1078 3004 sequuntur
1099 2927 1217 3004 eos,
1249 2933 1338 2999 qui
1376 2928 1742 3004 Alexandrum
1775 2942 1987 3004 veneno
2013 2927 2206 3004 subla-

623 3019 738 3063 tum
779 2997 1140 3077 scripserunt.
1168 2997 1461 3077 Plutia-cbo
1502 3008 1558 3054 et
1583 3000 1816 3077 Arriano
1837 2997 1925 3077 hic
1951 3000 2202 3077 interitus

626 3095 736 3135 non
765 3069 1276 3148 placet,quositege.
1305 3071 1468 3127 Fara.
1494 3101 1564 3111 ——
1585 3070 1870 3148 Venenum
1903 3069 2209 3148 Alexandro

627 3141 802 3206 luisse
841 3141 1024 3203 datum
1067 3141 1244 3202 tabula
1293 3153 1397 3208 est,
1437 3158 1597 3211 quam
1627 3141 1877 3197 nonnulli
1913 3143 2209 3211 scriptorcs

627 3221 780 3276 varie
807 3229 1160 3276 exornarunt.
1191 3210 1511 3270 Plutarchus
1543 3213 1595 3267 in
1623 3215 1781 3269 Alex.
1803 3227 1858 3283 p.
1877 3210 1981 3267 707
2010 3210 2210 3279 liquido

630 3270 1257 3357 iii-demonstra’tnrque
1281 3284 1388 3340 ulla
1406 3286 1475 3341 de
1495 3299 1707 3340 veneno
1731 3270 1969 3357 suspicio
1981 3270 2211 3357 exstitit,
2242 3270 2288 3334 C

631 3363 942 3434 priusquam
990 3361 1128 3416 hanc
1173 3353 1522 3434 calumnianl
1558 3358 1879 3434 excogitavit
1925 3353 2205 3434 Olympias

630 3424 822 3488 contra
844 3435 1065 3488 domum
1097 3430 1368 3496 Antipatri
1400 3437 1453 3482 et
1483 3424 1792 3494 Cassandri,
1825 3442 1964 3498 quos
1996 3424 2208 3498 mulie-

630 3508 712 3561 hri
746 3506 1057 3573 impotentia
1085 3503 1298 3556 oderat.
1327 3499 1461 3554 Vide
1484 3515 1591 3573 non
1626 3515 1733 3552 uno
1766 3501 1815 3552 in
1843 3497 1978 3552 loco
2026 3497 2210 3552 llisto-

632 3582 766 3633 riam
789 3570 857 3630 dc
885 3577 1002 3631 Vita
1031 3573 1321 3629 Alexandri
1356 3587 1382 3622 a
1412 3570 1572 3624 nobis
1600 3580 1933 3624 contextam.

704 3651 756 3703 7.
794 3645 1059 3702 Altertiata
1086 3645 1397 3698 calamitate.
1431 3641 1570 3695 Cod.
1601 3642 1883 3702 Perizou.,
1909 3638 2215 3694 alternatim

633 3721 943 3775 calamitate.
993 3717 1164 3786 Lugd.
1211 3716 1352 3768 Batt.
1385 3723 1613 3783 quatuor
1657 3729 1782 3768 cum
1815 3713 1935 3768 Meo
1976 3722 2031 3766 et
2068 3710 2209 3765 Coll.

635 3794 900 3851 Gronov.,
929 3787 1211 3843 alternanti
1240 3787 1554 3840 calamitate.

706 3865 759 3917 8.
794 3860 1104 3916 Eblaudittts
1142 3860 1259 3911 sim.
1307 3855 1443 3910 Cod.
1497 3854 1737 3924 Longob.
1776 3863 1833 3909 et
1886 3853 2058 3922 Lugd.
2091 3851 2212 3906 Bat.

633 3943 843 4002 quart.,
874 3933 1140 3987 blanditus
1161 3945 1294 4002 sunt.
1320 3927 1436 3982 Non
1476 3936 1651 4002 muto.
1679 3942 1802 3980 nam
1846 3926 2216 4002 eblandiriest

634 3996 914 4060 blanditiis
935 4005 1137 4057 elicere
1163 4008 1220 4054 et
1251 4001 1563 4068 impetrare.
1595 3996 1788 4052 Cicero
1819 3999 1885 4051 ad
1920 3999 2081 4068 Attic.
2117 3996 2212 4068 Iih.

635 4079 839 4144 ult.ep.
861 4077 925 4130 l9
947 4092 957 4126 :
983 4071 1261 4144 Nunc,_nti
1286 4067 1487 4141 Cttpllo,
1518 4079 1604 4125 etc
1636 4114 1650 4138 ,
1684 4068 1918 4137 elabora,
1944 4067 2018 4122 rel
2045 4067 2216 4139 potius

633 4141 921 4208 eblandire.
950 4146 1122 4216 efﬁce,
1158 4141 1416 4216 Platonis,
1453 4149 1556 4196 etc.

707 4219 763 4276 9.
795 4210 1149 4289 Spicutisque.
1199 4214 1272 4267 lta
1322 4227 1513 4289 omnes
1564 4226 1697 4289 mss.
1725 4210 1941 4289 _ct_edd.
1986 4219 2213 4289 excepta

636 4281 866 4361 August.
916 4289 969 4344 in
1034 4281 1138 4355 qua
1188 4286 1525 4361 speratisque.
1575 4284 1736 4351 Quasi
1787 4281 2214 4361 de_i_nsidiis.cx

636 4352 854 4434 spe'cula
876 4352 1070 4434 sermo
1098 4352 1266 4417 esset,
1304 4356 1447 4423 quod
1487 4373 1591 4434 no_n
1633 4365 1791 4434 puto;
1831 4353 1996 4406 llahet
2026 4352 2215 4434 eadem

635 4424 726 4488 ed.
756 4433 1047 4486 aduitentes
1081 4446 1177 4499 pro
1207 4437 1520 4499 appetentes.
1552 4426 1723 4499 Lugd.
1755 4426 1873 4479 Bat.
1914 4424 2218 4499 quarumd-

635 4506 838 4568 detttes,
871 4504 964 4557 sed
1001 4493 1094 4570 pr:
1115 4510 1168 4554 et
1200 4493 1322 4554 terit.
1363 4498 1533 4566 Lugd.
1568 4493 1709 4552 lhtt.
1745 4495 2047 4570 Cmn__Co_ll.
2080 4493 2218 4570 Gro-

640 4593 766 4628 nov.
796 4565 1133 4628 attendentes.
1163 4571 1215 4625 In
1244 4572 1304 4622 iis
1336 4585 1455 4640 qua-
1483 4577 1783 4640 sequuntur
1817 4565 2218 4640 adluditad‘la-

2315 2865 2470 2926 gates
2500 2870 2716 2929 quoque
2753 2871 2821 2913 eo
2851 2864 3102 2929 tempore
3145 2856 3292 2913 visos
3334 2857 3502 2913 fuisse
3531 2857 3738 2928 antiqui
3777 2859 3926 2915 seri.

2317 2927 2833 3000 ptoresallirmant,
2863 2927 3028 2998 prout
3052 2930 3232 3000 colligi
3267 2938 3444 2998 potest
3473 2944 3541 2987 ex
3571 2927 3819 3000 Arriani,
3853 2947 3927 2987 eo

2315 3013 2475 3125 autem
2515 2998 2898 3063 indicavimus,
2947 3000 3092 3055 loco.
3144 2998 3327 3066 Quare
3371 3001 3536 3056 etiam
3581 2998 3924 3073 legationem

2369 3071 2680 3125 isuanorum
2710 3081 2764 3125 et
2791 3069 3095 3125 Gallorum-
3127 3073 3178 3125 id
3216 3083 3300 3125 est
3336 3071 3640 3125 Celtarum.
3686 3073 3924 3125 coniun-

2369 3071 2680 3143 ispanornm
2710 3081 2764 3126 et
2791 3069 3095 3140 Gallorum,
3127 3073 3178 3126 id
3216 3083 3300 3127 est
3336 3069 3661 3136 Celtarum;
3686 3073 3926 3143 conjun-

2316 3144 2393 3210 git
2435 3144 2552 3210 ipse
2600 3142 2832 3225 prasina
2887 3143 2985 3197 lib.
3030 3159 3107 3210 vt,
3135 3157 3188 3198 e.
3227 3143 3322 3210 2t,
3356 3153 3418 3200 ut
3446 3151 3599 3215 patet
3629 3159 3702 3200 ex
3728 3142 3924 3203 verbis

2321 3225 2484 3282 supra
2519 3231 2574 3268 ιι.
2597 3214 2632 3269 5
2664 3213 2865 3268 allatis.
3449 3213 3460 3215 ⁷

2322 3356 2352 3366 γ’
2393 3284 2481 3366 ll.
2513 3286 2726 3366 aituero
2775 3284 2971 3366 uitta.
3012 3284 3319 3342 Florentini
3359 3293 3497 3354 tres,
3527 3285 3649 3344 κω
3680 3300 3924 3346 consen-

2315 3358 2509 3422 tiente,
2544 3358 2606 3410 At
2641 3371 2761 3410 vero
2797 3358 2844 3409 si
2884 3358 3016 3411 stlta.

2390 3426 2477 3481 η.
2508 3425 2762 3482 Obteutus
2788 3436 2886 3482 est.
2903 3428 3053 3482 Meus
3080 3426 3205 3484 cod.
3226 3443 3350 3483 cum
3380 3427 3638 3485 Perizon.
3667 3438 3722 3485 et
3740 3430 3923 3488 tribus

2317 3497 2487 3566 Lugd.
2517 3499 2662 3581 ltatt.
2692 3507 2769 3553 est
2802 3500 2903 3553 hoc
2935 3498 2989 3554 in
3014 3499 3138 3556 loco
3160 3500 3330 3568 delet,
3344 3500 3470 3572 quia
3500 3502 3686 3558 statim
3714 3501 3919 3559 iterum

2314 3579 2548 3625 OCClll'l'll
2561 3610 2576 3624 .
3661 3598 3663 3600 ·

2390 3640 2573 3697 13.127
2615 3640 2769 3695 modo
2811 3639 3044 3708 plurimi.
3095 3639 3343 3708 Quatuor
3392 3640 3568 3711 Lugd.
3611 3642 3913 3699 Batt.cum

2314 3710 2432 3766 Cnt.
2449 3711 2665 3767 Gronov
2679 3755 2686 3763 .
2700 3754 2716 3776 ,
2733 3712 3014 3766 adtttodtttu
3029 3712 3262 3780 plurimi.
3288 3713 3397 3769 Sed
3419 3710 3640 3781 praestat
3667 3717 3918 3782 vulgata,

2316 3784 2438 3853 quia
2461 3786 2764 3853 przecessit,
2797 3783 2842 3836 si
2868 3783 2963 3837 illa
2984 3783 3276 3838 Alexandri
3301 3795 3572 3855 tempora,
3593 3795 3706 3842 etc.
3752 3783 3903 3842 Edit.

2319 3857 2544 3927 August.
2577 3864 2863 3927 utramque
2911 3855 3197 3912 lectionem
3225 3854 3452 3912 exhibet
3491 3858 3586 3927 ita,
3628 3856 3920 3912 admodum

2316 3925 2395 3981 vel
2428 3926 2582 3980 modo
2609 3926 2841 3994 plurimi.

2393 3997 2480 4052 14.
2515 3997 2823 4066 Quisquam.
2854 3996 2932 4053 Ita
2970 4009 3160 4054 omnes
3189 4012 3362 4057 mss.:
3390 3997 3489 4056 sed
3516 3998 3746 4072 vulgati,
3770 4003 3920 4073 quis-

2318 4084 2493 4138 quam.

2393 4139 2480 4195 15.
2524 4137 2714 4214 Hostes
2746 4138 3016 4214 Romaniae
3043 4149 3199 4214 sstut._
3221 4140 3454 4214 Scripsit
3483 4139 3913 4214 tticilt‘abricius,

2324 4209 2574 4264 Romanis
2619 4221 2775 4283 sunt,
2819 4212 3064 4283 territus,
3112 4209 3714 4283 Opinorpabsurditatc
3759 4209 3918 4272 vocis

2326 4283 2607 4336 ltontanite.
2630 4281 2740 4337 Sed
2783 4299 2905 4338 cum
2947 4281 3162 4338 Colon.
3207 4282 3349 4340 liber
3399 4286 3482 4340 sic
3531 4285 3748 4354 haheat,
3798 4301 3914 4344 non

2321 4355 2526 4427 veritus
2547 4367 2664 4408 sum
2685 4369 2781 4421 pro
2806 4354 3072 4410 Orosiauo
3094 4368 3423 4427 agtLoscere;
3455 4358 3754 4427 przrsertim
3776 4369 3905 4414 cum

2324 4423 2418 4478 lib.
2443 4428 2702 4502 vu‘etiam
2727 4429 2809 4480 sic
2833 4427 3083 4502 loquatur
3167 4424 3414 4502 Essetqtte
3436 4423 3490 4502 ut
3518 4427 3813 4502 rutgariter
3835 4430 3917 4485 to-

2321 4511 2477 4570 ίιιιαιη9
2514 4493 2729 4561 Gotltia,
2760 4493 3183 4570 quod'Romauia
3214 4493 3416 4566 fuisset.
3440 4493 3916 4570 Lauri—Optime

2324 4566 2567 4632 Lautius,
2600 4566 2829 4637 eamque
2861 4568 3152 4623 lectionem
3205 4570 3530 4625 contirmant
3583 4579 3696 4625 tres
3742 4566 3912 4628 codd.

636 4648 816 4702 bulam
867 4646 1207 4700 ll0tttf‘t‘lCaltt
1247 4645 1314 4721 de
1354 4637 1573 4707 niuea,
1598 4640 1920 4694 circumlusa
1970 4637 2162 4690 nebula
2188 4651 2214 4688 a
2248 4660 2298 4721 Β
2327 4639 2812 4721 ξδιοιηιιιὶιιὶλιιιιιρξ
2860 4639 3000 4721 inter
3042 4650 3130 4695 est
3156 4638 3392 4721 optimus
3419 4652 3476 4698 ct
3504 4642 3912 4700 vetustissimus

636 4721 743 4774 diis
769 4734 831 4771 ex
867 4717 1101 4771 hosﬁum
1132 4714 1381 4768 inanibus
1403 4723 1610 4776 erepto.

712 4790 802 4844 10.
837 4788 1102 4859 Hispanus
1139 4784 1434 4859 Maurinus.
1474 4783 1528 4836 ln
1577 4781 1774 4859 nostris
1827 4778 2212 4859 antiquisest.

642 4861 910 4931 Hispanus
938 4850 986 4911 et
1025 4858 1279 4912 marinus.
1312 4853 1776 4931 Fautt._--_Miror
1818 4868 1847 4904 a
1877 4850 2123 4931 Fabricio
2164 4851 2214 4903 in

642 4920 773 4987 mss.
801 4947 905 4985 non
939 4932 1210 4984 inventam
1257 4941 1439 4978 veram
1487 4925 1773 4980 lectionem
1808 4924 1890 4976 vel
1926 4923 1993 4975 ab
2020 4920 2215 4975 etulem

639 5005 994 5072 excogitatam
1028 5000 1219 5072 fuisse.
1264 4996 1399 5072 Quid
1433 4997 1575 5072 enim
1632 4993 1900 5072 Hispanus
1943 4990 2219 5072 Maurum:

641 5078 724 5128 vel
752 5063 1027 5127 ﬁurinus?
1051 5069 1286 5126 Omnino
1315 5067 1621 5138 legendum,
1649 5063 2103 5134 quemadmodum
2127 5078 2224 5116 cx-

640 5156 748 5200 stat
783 5147 834 5199 in
859 5145 947 5199 ed.
981 5145 1206 5212 AugusL
1233 5136 1522 5212 etinmssL
1543 5136 1714 5206 Lugd.
1747 5139 1890 5212 Batt.
1921 5145 2073 5212 pr..et
2093 5146 2214 5212 _ter-

644 5219 742 5279 tio,
775 5217 827 5268 in
859 5215 994 5279 Meo,
1023 5206 1302 5273 Peritum,
1327 5209 1462 5279 Coll.
1485 5207 1750 5274 Gronov.,
1783 5209 1954 5263 tribus
1984 5206 2216 5279 denique

643 5275 995 5349 Florentinis,
1021 5283 1070 5336 11
1077 5285 1288 5350 ispamts
1314 5289 1362 5333 et
1390 5278 1648 5342 Marinus,
1677 5280 1799 5335 licet
1824 5277 2067 5346 Longol).
2093 5275 2215 5331 cod.

642 5362 760 5414 sive
810 5358 958 5412 Flor.
1008 5355 1238 5423 primus,
1274 5353 1478 5405 scribat
1529 5350 1794 5405 Mor-enus.
1853 5351 2048 5423 Morini
2096 5356 2221 5423 apte

643 5446 768 5485 cum
807 5419 1060 5495 Hispanis
1086 5423 1512 5495 coniunguntur.
1547 5423 1756 5495 longius
1782 5425 1945 5478 etiam
1998 5421 2063 5495 ab
2092 5419 2220 5473 Asia

642 5500 840 5562 dissiti,
884 5492 973 5566 qui
1026 5496 1244 5550 extremi
1299 5494 1564 5547 hominum
1620 5493 1843 5566 Virgilio
1883 5492 2223 5564 appellantur

642 5572 739 5627 lib.
772 5569 897 5625 (En.
923 5583 1035 5632 \‘lll,
1063 5567 1164 5621 727
1192 5583 1204 5620 :

704 5670 1027 5733 Extremique
1051 5668 1302 5718 hominum
1327 5666 1500 5718 Morini
1527 5666 1840 5730 Rhenusque
1865 5667 2096 5718 bicornis.

640 5777 725 5844 Ad
750 5776 933 5839 Celtas
961 5773 1094 5834 olim
1134 5772 1192 5834 bi
1217 5774 1587 5853 pertinebant,
1618 5773 1802 5836 Celtas
1819 5791 1951 5838 vero
1975 5775 2120 5836 inter
2146 5774 2224 5837 le-

2323 4710 2747 4781 Longobardicis
2777 4712 2974 4764 litteris
2994 4710 3361 4781 conscriptus.

2395 4783 2482 4854 lli.
2526 4780 2799 4854 Ilos‘tiliter
2840 4783 3086 4854 turbant,
3139 4780 3253 4841 quae
3280 4782 3453 4854 (quod
3490 4799 3605 4854 non
3624 4785 3920 4851 permiserit

2324 4849 2491 4922 Dens)
2518 4852 2562 4904 si
2583 4851 2801 4906 edomita
2825 4853 3124 4906 obtinerent.
3153 4854 3227 4907 lta
3251 4849 3474 4908 omnino
3487 4853 3577 4909 hic
3595 4849 3752 4910 lucus
3774 4859 3917 4911 Orn-

2321 4925 2386 4977 sii
2415 4923 2672 4995 legendus
2701 4934 2864 4991 atque
2902 4924 3371 4995 interpungendus
3404 4935 3508 4980 est.
3561 4925 3915 4984 lntruserunt

2318 5011 2476 5063 regna
2507 4993 2727 5062 quidam
2756 4996 2808 5048 in
2839 5009 2972 5049 mss.
3003 5005 3059 5047 ct
3087 4993 3252 5050 editis
3280 4996 3547 5065 legentes,
3579 4997 3792 5052 turbant
3820 5017 3910 5055 re-

2321 5083 2443 5138 gna.
2485 5065 2690 5138 Verum
2737 5081 2913 5138 neque
2958 5076 3188 5138 vetusta:
3233 5067 3523 5138 editiones.
3557 5083 3734 5138 neque
3764 5085 3906 5127 mss.

2327 5136 2626 5209 Florentini
2653 5147 2785 5209 tres,
2814 5137 2986 5201 Meus,
3009 5136 3259 5194 Perizon.
3291 5148 3348 5192 et
3366 5137 3538 5209 Lugd.
3569 5136 3687 5195 Bat.
3718 5153 3905 5209 quart.

2320 5207 2624 5280 cumCotl.
2671 5206 2911 5263 Gronov.
2961 5222 3150 5280 voce_m
3205 5210 3362 5264 istam
3412 5206 3749 5280 agnoscunt.
3767 5211 3907 5268 Dein

2323 5295 2422 5348 pro
2451 5279 2612 5348 (quod
2637 5295 2740 5333 non
2763 5280 3050 5349 penniserit
3074 5277 3235 5348 Deus)
3264 5295 3386 5348 qua:
3417 5277 3581 5335 v'erba
3613 5284 3909 5348 parenthe-

2323 5364 2445 5405 seos
2470 5359 2595 5404 nota
2625 5351 2879 5424 distingui
2912 5367 2940 5403 a
2975 5350 3201 5420 reliquis
3227 5350 3451 5424 debent,
3483 5351 3689 5424 legunt,
3717 5354 3772 5406 in
3802 5372 3907 5424 quo

2327 5438 2429 5475 non
2458 5463 2473 5488 ,
2519 5431 2630 5494 etc.
2661 5464 2674 5487 ,
2727 5422 2971 5494 plerique
3006 5435 3151 5494 mss.
3205 5422 3458 5478 videlicet
3504 5423 3680 5494 Florr.
3732 5422 3909 5494 ιιι-,ιι

2327 5504 2453 5545 tert.
2506 5493 2651 5563 (nam
2704 5508 2814 5548 sec.
2858 5491 3050 5559 delet),
3098 5493 3272 5559 Meus,
3323 5493 3526 5562 Periz.,
3573 5491 3906 5557 Ultr..'Coll.

2329 5563 2572 5639 Gronov.
2601 5605 2616 5629 ,
2650 5564 2815 5633 Lugd.
2849 5564 2968 5617 Bal.
2997 5578 3109 5639 p_r.,
3142 5573 3293 5639 tert.,
3323 5575 3529 5632 quart.,
3562 5581 3688 5621 nam
3720 5567 3773 5620 in
3818 5582 3905 5639 pr.

2332 5635 2669 5710 desideratur
2718 5651 2822 5690 una
2872 5635 3113 5704 pagella,
3161 5635 3404 5710 adeoque
3436 5650 3568 5692 mss.
3599 5635 3908 5710 omnes,'ut

2329 5717 2386 5764 et
2411 5707 2502 5762 ed.
2536 5707 2846 5775 Angustana
2873 5724 2886 5759 :
2915 5720 3104 5760 omnes
3134 5707 3348 5762 vitiose.

2406 5778 2491 5838 l7.
2538 5777 2854 5839 Obtitterent.
2887 5777 2990 5836 Ed.
3021 5777 3163 5854 Aug.
3195 5779 3541 5847 Obtinuerittt.
