4150 6490
206 303 342 363 ’855
1223 308 1696 370 HISTORIARUM
1735 310 1945 369 LIBER
1982 311 2074 371 IV.
2127 310 2525 372 PREFATIO.
3432 318 3540 377 85L

230 423 449 481 ciditur.
476 422 858 497 Lysimachus,
883 438 1007 484 cum
1036 425 1083 459 "
1112 424 1379 485 Doricetis
1403 428 1546 501 regis
1567 430 1839 488 Thracum
1865 436 1915 494 Α
1942 428 2167 498 triginta
2195 438 2253 486 et
2277 438 2514 501 quatuor
2540 428 2840 488 Alexandri
2876 430 3129 499 ducibus,
3162 432 3269 490 soli
3296 432 3550 505 posside.

232 516 592 578 infestissimo
612 520 758 576 bello
774 530 1077 590 urgeretur,
1101 520 1363 578 adversus
1392 521 1727 580 Demetrium
1750 540 1847 597 pu-
1944 529 2087 585 rent,
2134 530 2190 577 et
2224 522 2645 591 angustissimos
2673 524 2972 580 senectutis
3008 538 3074 581 ac
3120 525 3247 581 vita:
3278 537 3392 580 suae
3433 535 3546 580 ter-

232 626 408 680 gnare
437 626 545 667 non
574 613 770 684 potuit.
788 612 1098 671 Demetrius
1116 624 1407 686 augmento
1430 614 1658 672 Graecia:
1684 626 1741 673 et
1761 627 1845 675 to-

234 705 346 761 tius
403 704 734 763 Macedoniae
786 706 982 776 elatus,
1017 708 1075 763 in
1103 708 1289 765 Asiam
1320 709 1557 766 transire
1582 709 1839 782 disponit.

234 798 563 855 Ptolemzeus
588 807 768 855 autem
790 806 847 854 ct
872 798 1131 856 Seleucus
1152 808 1208 856 et
1226 799 1603 875 Lysimachus.
1635 801 1847 875 experti

237 893 423 963 priore
475 892 797 961 certamine,
844 902 1061 964 quantm
1108 894 1256 951 vires
1284 904 1470 951 essent
1511 897 1839 969 concordiae,

237 983 608 1058 209iterum
624 985 669 1015 ⁶⁰
681 984 945 1041 societate
956 996 1109 1057 pacta
1119 985 1476 1058 adunatisque
1487 988 1840 1055 exercitibus,

237 1078 444 1135 bellum
472 1078 525 1132 in
545 1077 819 1149 Europam
846 1077 1183 1135 transierunt
1201 1078 1462 1136 adversus
1484 1079 1839 1139 Demetrium.

237 1171 285 1203 “
312 1169 408 1226 llis
433 1184 496 1227 se
519 1170 779 1227 comitem
807 1178 863 1227 et
890 1169 1018 1226 belli
1046 1169 1252 1227 socium
1282 1169 1532 1244 Pyrrhus
1567 1188 1664 1230 rex
1690 1172 1842 1246 Epiri

237 1258 442 1334 jungit,
472 1274 704 1333 sperans
731 1260 1067 1317 Demetrium
1082 1260 1399 1319 Macedonia
1429 1278 1588 1334 posse
1616 1263 1841 1338 depelli,

238 1355 285 1388 η
302 1370 403 1411 nec
424 1368 551 1426 spes
571 1354 773 1411 frustra
796 1354 927 1423 fuit;
955 1357 1156 1429 quippe
1180 1357 1424 1413 exercitu
1443 1356 1562 1427 ejus
1580 1370 1842 1431 corrupto

247 1446 482 1521 ipsoque
508 1447 564 1505 in
593 1448 774 1520 fugam
800 1457 957 1519 acto,
988 1465 1217 1521 regnum
1242 1450 1577 1508 Macedonia:
1600 1451 1843 1525 Pyrrhus

244 1541 476 1598 invasit.
501 1541 711 1599 Deinde
742 1540 1099 1614 Lysimachus
1127 1542 1173 1576 “
1198 1558 1459 1615 generum
1488 1559 1648 1601 suum
1679 1548 1839 1604 Anti-

243 1646 460 1707 patrum
485 1677 503 1703 ,
551 1636 895 1693 insidiantem
932 1635 1079 1705 sibi,
1124 1635 1400 1694 interfecit
1425 1683 1440 1707 ,
1484 1638 1531 1670 “
1556 1638 1840 1712 liliumque

1942 611 2121 668 minos
2150 626 2265 668 non
2291 611 2644 683 aspicientes,
2668 612 2715 647 ⁸⁸
2737 620 3002 685 angustos
3025 627 3153 672 esse
3180 615 3412 686 imperio
3437 629 3543 672 suo

1942 705 2111 761 totius
2155 703 2350 761 mundi
2397 704 2664 762 terminos
2707 704 3141 762 arbitrabantur.
3190 706 3249 762 ln
3289 721 3356 764 eo
3396 706 3545 765 bello

1941 794 2301 869 Lysimachus
2321 838 2337 865 ,
2373 796 2463 853 vel
2491 797 2710 855 amissis
2737 798 2826 855 vel
2854 797 3163 856 interfectis
3191 801 3357 872 210
3390 800 3547 871 prius

1942 896 2069 944 ante
2097 890 2240 945 hanc
2268 904 2503 959 pugnam
2531 888 2851 961 quindecim
2880 890 3070 947 liberis
3091 936 3108 962 ,
3153 890 3200 926 θ’
3228 901 3543 963 postremus

1941 981 2158 1038 occisus
2184 988 2285 1037 est.
2332 980 2425 1040 Sic
2454 980 2808 1053 Lysimachus
2836 982 2884 1014 "
2910 983 3114 1039 solutio
3138 996 3335 1054 pugna:
3364 982 3546 1040 Mace-
3598 1006 3601 1007 ν

1940 1071 2151 1129 donius
2192 1070 2314 1128 fuit.
2356 1071 2467 1129 Sed
2494 1088 2565 1130 ne
2586 1072 2857 1130 Seleucus
2881 1074 3104 1146 quidem
3133 1085 3282 1131 tanta
3310 1075 3548 1132 victoria

1939 1163 2165 1236 impune
2192 1164 2411 1220 laetatus
2434 1174 2520 1222 est
2546 1184 2558 1219 :
2590 1180 2714 1221 nam
2744 1180 2923 1238 neque
2952 1167 3072 1238 ipse
3099 1178 3223 1239 post
3246 1177 3460 1238 septem
3486 1176 3549 1224 et

1939 1254 2287 1327 septuaginta
2310 1270 2487 1312 annos
2507 1256 2745 1327 quietem
2782 1259 3050 1313 naturalis
3076 1259 3270 1315 mortis
3294 1256 3546 1315 invenit:

1938 1346 2037 1404 sed
2066 1355 2345 1404 extortam
2392 1348 2498 1403 sibi
2538 1346 2831 1404 infeliciter
2854 1348 3023 1405 vitam
3055 1348 3207 1405 velut
3253 1350 3547 1406 immatura

1942 1447 2119 1496 morte
2146 1440 2328 1496 ﬁnivit
2356 1457 2369 1493 :
2400 1440 2607 1511 quippe
2639 1440 2928 1497 insistente
2956 1441 3285 1509 Ptolemaeo,
3311 1442 3357 1475 '"
3387 1442 3549 1513 cujus

1938 1545 2183 1589 sororem
2202 1530 2560 1604 Lysimachus
2578 1532 2632 1588 in
2654 1533 3005 1589 matrimonio
3023 1532 3314 1605 habuerat,
3332 1533 3547 1590 insidiis

1938 1625 2346 1680 circumventus
2371 1634 2427 1680 et
2455 1625 2673 1681 occisus
2695 1633 2800 1680 est.
2821 1624 2950 1680 Haec
2973 1636 3101 1681 sunt
3118 1625 3265 1683 inter
3283 1636 3544 1696 parentes

240 1743 402 1785 suum
433 1728 791 1801 Agathoclem
829 1729 971 1784 ultra
1013 1730 1307 1784 humanum
1348 1745 1558 1787 morem
1609 1746 1839 1802 perosus
1942 1727 1998 1775 et
2021 1717 2186 1788 ﬁlios,
2217 1717 2417 1775 fratres
2435 1734 2499 1774 ac
2519 1720 2702 1774 socios
2721 1719 3215 1790 consanguinitatis
3235 1719 3545 1775 societatis-

239 1821 467 1876 occidit.
496 1820 707 1887 Quibus
733 1820 955 1892 quidem
983 1818 1177 1878 diebus
1204 1820 1251 1853 ⁵⁸
1279 1820 1620 1893 Lysimachia
1647 1822 1837 1880 civitas
1864 1827 1914 1891 Β
1940 1828 2047 1887 que
2063 1813 2412 1871 commercia.
2435 1812 2595 1868 Tanti
2616 1812 2757 1884 apud
2781 1813 2902 1867 illos
2923 1812 3105 1868 divina
3124 1820 3285 1883 atque
3308 1812 3544 1868 humana

239 1911 288 1943 “
315 1910 836 1967 formidolosissimo
866 1921 1179 1967 terrmtnotu
1207 1927 1423 1980 eversa,
1452 1928 1828 1986 oppressoque
1931 1909 2129 1981 religio
2156 1909 2514 1980 pendebatur.
2549 1907 2891 1964 Erubescant
2915 1924 3047 1964 sane
3068 1907 3137 1963 de
3158 1906 3544 1963 recordatione

238 2003 441 2076 populo
469 2017 594 2070 suo,
622 2002 843 2059 crudele
871 2003 1186 2075 sepulcrum
1219 2003 1342 2060 fuit.
1376 2004 1420 2037 ⁸⁷
1445 2005 1833 2079 Lysimachum
1936 2004 2369 2075 praeteritorum,
2400 2003 2492 2073 qui
2523 2018 2666 2058 nunc
2698 2003 3009 2058 interventu
3036 2001 3206 2057 solius
3235 1999 3545 2056 fideiChri-

240 2105 428 2152 autem
479 2094 716 2151 assiduis
755 2109 819 2150 se
868 2095 1175 2166 parricidiis
1221 2104 1600 2153 cruentantem
1644 2113 1835 2157 omnes
1936 2097 2133 2153 stiana:
2153 2111 2217 2151 ac
2234 2095 2416 2151 medio
2434 2095 2951 2165 tantumjurationis
2972 2093 3548 2162 sacramento,vivere

235 2185 377 2243 socii
403 2185 789 2254 deseruerunt,
820 2195 876 2240 et
906 2184 973 2240 ad
1000 2185 1293 2244 Seleucum
1321 2187 1676 2258 deficientes,
1712 2206 1835 2261 pro-

235 2294 370 2334 num
393 2277 508 2348 jam
532 2291 720 2349 regem
748 2278 1097 2335 aemulatione
1123 2278 1281 2350 regni
1310 2319 1326 2347 ,
1356 2287 1419 2335 ut
1441 2279 1644 2338 bellum
1675 2282 1839 2354 Lysi-

238 2371 440 2429 macho
457 2372 706 2441 inferret,
721 2371 925 2427 hortati
942 2382 1092 2428 sunt.
1112 2372 1219 2429 lles
1234 2372 1523 2430 fmdissimi
1540 2375 1841 2447 spectaculi

235 2476 380 2533 erat,
412 2467 552 2522 duos
578 2479 757 2536 reges,
783 2479 1015 2536 quorum
1042 2464 1397 2537 Lysimachus
1421 2480 1597 2523 annos
1619 2475 1839 2538 septua-

233 2560 391 2632 ginta
421 2568 480 2615 et
506 2563 742 2628 quatuor
769 2566 948 2624 natus,
981 2556 1248 2614 Seleucus
1272 2566 1455 2615 autem
1492 2559 1838 2631 septuaginta

236 2662 299 2709 et
326 2661 539 2724 septem
562 2690 579 2717 ,
625 2649 696 2706 de
721 2648 1019 2720 eripiendis
1042 2649 1365 2707 alterutrum
1393 2652 1574 2724 regnis
1603 2666 1836 2709 concur-

236 2761 367 2803 rere
393 2787 411 2813 ,
460 2744 517 2800 in
562 2742 682 2799 acie
727 2751 876 2799 stare
904 2788 919 2811 ,
970 2758 1123 2800 arma
1165 2759 1382 2817 gerere.
1427 2744 1689 2803 Ultimum
1731 2746 1837 2803 hoc

237 2838 462 2907 quidem
506 2838 711 2897 bellum
740 2838 1035 2897 Alexandri
1078 2838 1514 2903 commilitonum
1546 2838 1647 2895 luit
1673 2881 1689 2908 ,
1739 2839 1837 2895 sed

238 2932 392 3005 quod
431 2932 502 2989 ad
542 2933 854 3005 exemplum
887 2928 1140 2988 humana.-
1170 2933 1407 2989 miseriae
1450 2932 1611 2990 luerit
1656 2949 1839 2992 reser-

242 3035 430 3083 vatum
459 3043 477 3082 :
503 3028 702 3099 quippe
726 3042 851 3084 cum
875 3025 1066 3084 orbem
1095 3035 1387 3095 terrarum,
1417 3027 1701 3083 exstinctis
1723 3027 1835 3099 jam

1939 2207 2000 2249 se
2027 2206 2150 2247 cum
2180 2189 2434 2246 hoSIibus
2460 2229 2476 2258 ,
2524 2203 2628 2245 nec
2657 2189 2768 2260 pati
2797 2187 3019 2244 hostilia
3050 2188 3232 2243 sciunt
3276 2202 3292 2238 :
3343 2185 3543 2256 quibus

1943 2281 2407 2339 indubitatissimc
2433 2282 2721 2349 probatur,
2750 2279 2879 2351 quia
2903 2291 3011 2333 non
3042 2277 3186 2333 sicut
3213 2274 3294 2332 illi
3320 2284 3504 2343 antea,

2241 2382 2377 2435 Cassa
2391 2382 2675 2447 iungebant
2690 2379 2878 2433 hedera
2900 2392 3071 2444 porca,

1941 2494 2037 2550 sed
2060 2493 2182 2565 quia
2210 2506 2356 2547 nunc
2375 2490 2519 2546 inter
2534 2488 2809 2545 Barbaros
2830 2500 2896 2542 ac
2922 2485 3201 2542 Romanos
3217 2482 3539 2541 Creatorem

1937 2600 2006 2643 ac
2030 2583 2322 2642 Dominum
2346 2597 2504 2639 suum
2532 2586 2930 2643 contestantes,
2966 2586 3173 2631 tantam
3201 2574 3361 2631 [idem
3386 2572 3545 2629 adhi-

1939 2680 2052 2736 bita
2092 2679 2147 2735 in
2191 2682 2595 2733 sacramentum
2638 2681 2859 2729 servant
2895 2667 3192 2741 Evangelia
3221 2710 3237 2732 ,
3284 2678 3544 2737 quantam

1942 2781 2072 2827 tunc
2088 2786 2195 2827 nec
2215 2770 2360 2826 inter
2376 2773 2635 2838 parentes
2648 2779 2714 2821 ac
2728 2762 2876 2820 ﬁlios
2887 2761 3063 2832 potuit
3082 2772 3306 2815 servare
3324 2766 3514 2814 natura
3525 2796 3542 2813 .

1939 2863 2096 2922 Nunc
2119 2870 2301 2919 autem
2333 2859 2459 2916 linis
2483 2855 2826 2915 Macedonici
2855 2853 2984 2910 belli
3010 2894 3027 2919 ,
3071 2851 3196 2906 nnis
3224 2849 3387 2906 etiam
3414 2847 3540 2903 libri

1940 2957 2058 3024 ﬁat,
2072 2954 2377 3026 praesertim
2393 2965 2517 3007 cum
2533 2950 2645 3022 jam
2663 2947 2864 3005 abhinc
2874 2942 3072 3018 Pyrrhi
3090 2942 3234 3001 bella
3255 2941 3539 3013 incipiant,

1939 3056 1997 3103 et
2022 3060 2147 3103 mox
2167 3044 2373 3103 Punica
2393 3047 2823 3112 consequantur.

1530 3145 1981 3215 HAVERCAMPI
2017 3158 2247 3217 NOTAE.

318 3238 409 3321 $9.
442 3237 716 3321 Doritetis.
743 3237 874 3321 Dori
900 3245 986 3294 est
1014 3236 1076 3320 il!
1110 3235 1393 3321 ϐυοιιῑιθιξὶ
1448 3238 1622 3321 illam.
1689 3248 1836 3314 quod
1864 3251 1911 3316 C
1941 3254 2095 3309 ribus
2120 3260 2368 3309 coactum
2392 3249 2566 3305 tilium
2612 3247 2972 3321 Agathoclem
2995 3242 3546 3321 interfecissent“.

243 3310 337 3386 alii
380 3327 598 3386 quoque
634 3312 717 3386 in_
739 3312 1020 3386 suismss.
1061 3308 1413 3386 invenerunt.
1446 3309 1675 3386 Rectum
1706 3308 1839 3386 puto

245 3379 595 3438 Dromichetis
626 3380 752 3453 {sic
780 3382 924 3438 enim
949 3379 1250 3453 Pausanias
1278 3380 1419 3436 libro
1459 3384 1636 3453 primo
1666 3379 1844 3445 nomi-

247 3466 364 3510 nat.
404 3452 747 3530 _l’lutarc_hus
806 3466 1024 3530 quoque
1075 3452 1129 3505 in
1170 3450 1840 3530 Demetrio’opoptxatrou

246 3524 603 3597 mentionem
632 3523 783 3597 facit,
826 3521 904 3578 Vah
953 3537 1135 3597 eoque
1179 3521 1567 3593 Lysimachum
1594 3521 1841 3597 'captum

246 3596 419 3653 fuisse
440 3594 655 3661 scribit,
686 3605 742 3651 et
769 3594 1002 3649 humane
1026 3593 1281 3663 regisque
1308 3601 1619 3653 tractatum.
1647 3593 1721 3655 De
1747 3619 1847 3659 eo-

246 3670 376 3743 dem
407 3666 605 3743 Strabo
634 3665 770 3723 libro
790 3663 1239 3743 septimo.‘Ftna.
1268 3694 1340 3743 -_—-
1364 3666 1431 3720 Et
1471 3682 1574 3743 ego
1600 3686 1843 3743 _qnoque

248 3740 304 3794 in
334 3736 586 3794 erunibus
609 3751 743 3793 mss.
793 3734 974 3791 inveni
1032 3734 1159 3789 Dori
1186 3737 1346 3806 regis,
1390 3734 1535 3792 unde
1586 3734 1842 3802 Dor-iretis

249 3810 725 3885 natum_su_s_picor.
770 3808 972 3864 Verum
1017 3821 1217 3863 nomen
1254 3816 1340 3862 est
1369 3806 1745 3885 Dromiclietcs,
1785 3828 1845 3875 ut

250 3881 488 3939 asseruit
516 3880 817 3935 Fabricium.

322 3952 415 4010 60.
456 3951 721 4010 Societute
751 3961 925 4023 pacto.
967 3948 1045 4005 lta
1080 3956 1398 4023 constanter
1436 3952 1623 4023 legunt
1653 3972 1846 4014 omnes

250 4040 384 4081 mss.
414 4033 471 4079 ut
498 4032 555 4079 et
581 4022 675 4078 ed.
707 4026 851 4094 Aug.
892 4022 1077 4094 itaque
1115 4021 1240 4094 ejici
1280 4021 1443 4079 debet
1477 4021 1844 4085 adulterinum

248 4096 495 4152 societate
521 4094 681 4177 facta,
714 4092 859 4176 quod
889 4102 948 4150 et
962 4092 1195 4174 ,Lautius
1219 4106 1382 4162 supra
1415 4111 1563 4151 num.
1588 4097 1659 4154 47
1688 4101 1842 4156 vidit.

324 4168 414 4223 6i.
456 4164 638 4222 Huse
663 4176 920 4221 comitant.
963 4163 1096 4232 Qua:
1135 4163 1229 4218 hic
1273 4167 1346 4219 de
1382 4165 1595 4232 Pyrrho
1624 4171 1847 4227 Orosius

251 4237 481 4303 scribit,
513 4252 577 4293 ea
613 4235 941 4293 Plutarchus
971 4238 1023 4291 in
1055 4233 1201 4291 illius
1228 4233 1350 4291 Vita
1380 4233 1630 4307 pluribus
1660 4258 1849 4314 perse-

251 4310 453 4363 nnitnr.
480 4308 647 4363 Fasti.

290 4320 453 4365 nttnr.
481 4320 647 4365 non.

250 4329 453 4383 (ιιιιιιιῐ.
481 4329 647 4365 [ΔΒΗ.

326 4380 415 4436 62.
459 4378 573 4461 Nec
599 4395 717 4448 spes
744 4380 943 4461 frustra
970 4377 1093 4449 fuit.
1133 4374 1307 4434 Codd.
1334 4390 1391 4439 et
1418 4384 1547 4442 edd.
1580 4386 1801 4457 quidam
1826 4427 1845 4457 ,

250 4469 345 4509 nec
364 4469 487 4537 spes
520 4456 776 4521 frustrata
806 4454 929 4522 fuit.
1053 4519 1065 4532 ι
1599 4454 1613 4457 “
1826 4454 1837 4457 ⁷

323 4526 434 4605 66..
458 4521 731 4605 generum
754 4538 911 4605 suum
942 4520 1303 4605 Antipatrum,
1344 4525 1847 4605 Αηιίραρροῳιι-οῃε.

248 4594 437 4652 sandri
464 4594 636 4649 lilium
659 4592 932 4663 intelligit,
960 4592 1031 4648 de
1053 4607 1160 4663 quo
1183 4597 1343 4660 paulo
1366 4592 1493 4654 anté
1515 4600 1649 4656 dixi.
1680 4599 1844 4656 Fam,

2016 3324 2111 3380 65.
2152 3323 2495 3393 Lysimachia
2522 3316 2721 3393 ciuitas.
2757 3320 2911 3393 lianc
2925 3316 3318 3393 Lysimachus,
3350 3331 3549 3372 eversa

1942 3385 2340 3451 Cardianorum
2374 3392 2536 3459 urbe,
2591 3393 2646 3448 in
2690 3391 2880 3447 lsthmi
2923 3385 3144 3459 Thracii
3190 3385 3550 3459 Chersoneso

1942 3466 2286 3545 ροικὶίάςεειο
2320 3456 2793 3545 ιῖτιυβειπίίεειίιρτο
2817 3461 3020 3545 Prima-
3062 3456 3551 3545 ρεβέξιεὲυιεΐίειξ

1944 3538 2131 3593 Strab.
2157 3538 2298 3592 libro
2322 3536 2561 3590 decimo.
2594 3535 2673 3589 De
2702 3530 3014 3604 Lysimachi
3030 3539 3095 3604 _et
3123 3530 3342 3604 Seleuci
3374 3536 3553 3604 morte

1946 3611 2073 3683 lege;
2102 3605 2601 3683 Pausaniamlibro
2624 3597 2822 3683 primo.
2855 3601 3125 3683 Polybius
3140 3597 3551 3683 hbrgsccundo

1945 3667 2138 3735 scribit
2161 3681 2261 3733 hos
2291 3678 2565 3731 interiisse
2592 3667 2733 3730 circa
2763 3667 3231 3746 olympiada‘iﬁl.
3261 3667 3439 3746 FADR.

2018 3751 2109 3807 66.
2152 3746 2672 3803 Formidolosissimo
2700 3740 3018 3801 terrdmtotu.
3052 3740 3151 3799 Ed.
3175 3740 3319 3813 Aug.
3352 3742 3538 3810 formi-

1946 3824 2143 3877 dolosis
2173 3817 2570 3875 terraemotibus.

2018 3894 2106 3948 67.
2149 3888 2731 3964 Lysimachum‘autetn.
2759 3887 2890 3943 Mss.
2916 3883 3090 3955 Lugd.
3117 3883 3256 3939 Batt.
3288 3892 3401 3938 tres
3421 3898 3547 3939 cum

1946 3962 2086 4020 Coll.
2116 3960 2382 4029 Gronov.,
2415 3960 2724 4033 Lysimacho
2744 3969 2918 4014 autem
2940 3974 2993 4012 a.
3010 3975 3054 4013 δ.
3079 3974 3133 4026 p.
3156 3970 3207 4010 c.
3232 3970 3406 4010 omnes
3428 3970 3545 4010 eum

1945 4037 2075 4091 socii
2102 4038 2457 4091 deseruerunt.

2019 4108 2111 4163 68.
2151 4108 2412 4179 Angustos
2435 4119 2567 4165 esse,
2598 4112 2706 4179 etc.
2738 4101 2817 4158 Ita
2839 4100 3057 4179 reposui
3080 4114 3146 4153 ex
3169 4111 3301 4179 mss.
3328 4096 3552 4179 optimis

1946 4188 2003 4233 et
2020 4179 2144 4234 edd.
2168 4168 2332 4241 νάπη
2356 4184 2405 4230 et
2433 4175 2763 4247 angustiores
2790 4168 2939 4247 vulg.
2962 4169 3206 4228 Imitatur
3229 4168 3551 4227 iuvenalem

1948 4251 2016 4307 de
2044 4248 2355 4308 Alexandro
2380 4254 2487 4302 sat.
2508 4245 2607 4313 '10,
2638 4259 2784 4303 vers.
2823 4245 2927 4300 170
2957 4263 2971 4300 :

2046 4380 2146 4438 ‘Ac
2166 4383 2322 4436 veluti
2341 4383 2485 4445 Gyari
2505 4380 2718 4445 seupulis
2738 4390 2990 4445 parvaque
3016 4377 3230 4445 Seripho

2073 4448 2283 4511 distuat,
2311 4441 2531 4498 inclusus
2551 4441 2763 4508 angusto
2788 4441 2951 4493 limite
2974 4441 3161 4491 mundi.

2025 4596 2116 4653 69.
2158 4594 2483 4651 Postremus.
2514 4591 2687 4664 Lugd.
2711 4589 2856 4646 Batt.
2880 4596 3023 4656 tres,
3050 4593 3109 4644 et
3124 4584 3263 4643 Coll.
3282 4583 3549 4649 Granum,

322 4641 437 4744 ᾇῖιῖξ
456 4641 942 4744 ᾗξὶὶῖἆὶιιῇἆῖἑὶῗιὶἱῖι
964 4641 1342 4744 agitauit};
1364 4641 1702 4740 ignitae;
1722 4641 1851 4728 ’ἔξἶὸ
1878 4641 1929 4703 ί)
1954 4641 2233 4744 magna:

249 4748 309 4794 et
329 4736 542 4812 insidiis
558 4735 840 4812 Arsinoes,
859 4738 1044 4790 uxoris
1061 4735 1277 4812 quidem
1296 4735 1628 4812 Lysimachi,
1646 4747 1853 4800 sororis

252 4824 387 4866 vero
415 4807 712 4880 Lysandrae
735 4848 760 4880 ,_
798 4822 921 4874 qua:
955 4807 1410 4880 cutnAAgathoCle
1436 4824 1553 4869 erat
1576 4856 1591 4876 .
1614 4807 1850 4870 occisus

255 4882 391 4945 (irit,
424 4876 484 4933 ut
511 4878 706 4951 scribit
732 4878 1032 4951 Pausanias
1063 4876 1206 4951 libro
1236 4884 1431 4951 primo.
1474 4886 1670 4941 Strabo
1714 4885 1857 4943 libro

252 4952 471 5009 decimo
513 4950 674 5006 tertio
703 4951 777 5005 ait
806 4948 1191 5020 Lysimachum
1221 4948 1290 5009 ab
1329 4955 1589 5025 improbis
1618 4956 1855 5013 familia-

2030 4739 2124 4796 70.
2167 4737 2377 4794 Salutio
2404 4746 2623 4808 pugnat.
2673 4730 2862 4808 inepte
2901 4730 3160 4808 qttazsitns
3200 4728 3354 4798 lepos
3380 4741 3449 4783 ex
3479 4725 3557 4782 si-

1956 4810 2306 4882 gnificatione
2331 4800 2518 4863 Gr'mc'a
2546 4805 2782 4882 nor_nin_is
2808 4800 3141 4882 Lysimachi.
3288 4868 3303 4880 .
3420 4812 3425 4829 '-

2033 4883 2147 4960 71.-
2164 4880 2328 4960 Cujus
2358 4892 2586 4960 sororem
2614 4868 2979 4960 Lysimachus:
3025 4868 3326 4960 Ptolemaei
3348 4882 3507 4923 soror
3534 4906 3554 4936 ,

1960 4968 2100 5010 uxor
2129 4939 2459 5023 Lysimachi,
2490 4947 2590 5003 fuit
2608 4939 2908 5017 Ljsandra.
2936 4942 3253 5037 Pausanias.
3283 4939 3451 5003 Fann.

254 5035 3546 5068 ww...—

1232 5116 1712 5228 LIBER
1794 5116 1895 5247 Q
1910 5114 2226 5230 ΗΑΒ
2246 5109 2569 5275 rljUS.

1565 5296 2209 5327 _________.__._

617 5384 778 5457 211
836 5398 1459 5479 PMFATIO.

336 5572 354 5603 ⁸
389 5566 602 5627 Dixisse
628 5566 886 5641 Eneam,
921 5566 1175 5642 Virgilius
1204 5567 1394 5636 refert,
1422 5583 1546 5627 cum
1572 5571 1594 5602 ³
1622 5575 1745 5640 post
1767 5581 1862 5637 pe-

1966 5382 2139 5438 ricula
2164 5396 2264 5438 sua
2291 5393 2619 5452 suorumque
2638 5376 2922 5448 naufragia
2944 5375 3195 5435 residuos
3215 5389 3359 5448 mgre
3378 5374 3560 5432 socios

1962 5475 2259 5541 solaretur,

2092 5574 2275 5627 Forsan
2301 5584 2355 5626 et
2375 5574 2481 5626 hare
2501 5573 2620 5625 olim
2636 5571 2921 5623 meminisse
2939 5569 3148 5634 juvabit.

1552 5657 2004 5719 llAVERCAMPI
2037 5657 2270 5715 ΝΟΤᾸΞ.

340 5759 708 5834 Ριιφεητμ-
746 5757 1050 5834 i._Di_:c_isse
1087 5758 1370 5834 Aiacem;
1379 5758 1558 5816 Locus
1595 5766 1681 5816 εει
1717 5755 1864 5834 apud

268 5830 560 5907 Virgilium
591 5831 686 5892 lib.
716 5848 733 5891 ι
763 5830 984 5896 Eneid.
1014 5846 1140 5893 vers
1166 5831 1296 5890 207.
1329 5830 1496 5890 FABR.

2041 5754 2097 5809 9..
2144 5751 2272 5808 Post
2310 5755 2541 5824 pericula
2579 5770 2695 5809 sua.
2737 5749 2910 5808 Codd.
2954 5758 3066 5805 tres
3102 5763 3169 5804 ex
3206 5744 3380 5818 Lugd.
3422 5745 3567 5824 Ball.

1977 5840 2099 5885 cum
2128 5824 2267 5883 Coll.
2302 5815 2543 5885 Gronov.
2574 5824 2760 5886 delent
2798 5841 2913 5894 sua,
2938 5837 3066 5882 mox
3095 5829 3275 5880 autem
3294 5815 3401 5895 pro
3426 5815 3562 5883 rest-3
