4150 6450
609 293 719 356 859

2014 285 2221 346 PAULl
2258 284 2488 344 OROSll

3799 278 3912 339 860

612 413 785 472 odore
823 422 1019 484 graves
1037 450 1055 477 ,
1096 406 1243 466 mole
1270 404 1575 477 terribiles,
1604 412 1666 463 ut
1708 403 1899 463 videre
1942 402 2200 472 Romani,
2229 400 2282 465 Α
2308 401 2517 458 Etcum
2546 414 2578 457 a
2605 399 2770 458 sociis
2788 400 2834 434 ”
2861 399 3258 472 increparetur,
3284 412 3385 457 cur
3425 412 3489 455 se
3519 398 3726 455 victum
3761 396 3918 455 dicc-

618 522 763 564 novo
790 502 1064 578 pugnandi
1089 516 1291 576 genere
1333 497 1695 558 circumventi
1722 508 1780 555 et
1804 496 2011 565 territi,
2035 497 2213 566 'equis

616 600 857 657 maxime
883 596 1253 670 pavitantihus
1277 636 1294 663 ,
1324 593 1678 664 diﬂugerunt.
1707 590 1754 626 "
1776 589 1888 648 Sed
1919 599 2210 662 postquam

619 693 915 765 Iliuucius,
941 700 1153 763 quartae.
1182 689 1414 762 legionis
1441 687 1655 761 primus
1680 685 1959 753 hastatus,
1990 690 2215 755 proten-

618 795 729 843 tam
756 786 813 842 in
841 798 904 842 se
927 797 1147 841 manum
1174 779 1372 839 bellum
1396 779 1580 852 gladio
1600 777 1869 844 desecuit,
1893 784 1953 833 et
1988 781 2217 832 contur-

619 881 801 938 batum
848 877 1043 935 dolore
1078 875 1324 933 vulneris
1363 873 1541 930 averti
1583 871 1728 927 bello
1768 878 1933 941 atque
1976 868 2033 925 in
2082 882 2215 926 suos

620 974 820 1030 saevire
837 968 1126 1043 compulit,
1156 968 1384 1039 ejusque
1411 964 1777 1023 immoderato
1814 961 2063 1019 discursu
2096 974 2218 1032 per-

623 1063 833 1122 turbari
856 1078 923 1120 ac
951 1061 1271 1135 permisceri
1298 1075 1537 1132 coepere,
1567 1058 1691 1113 linis
1712 1071 1907 1129 pugna:
1934 1056 2100 1111 etiam
2122 1056 2217 1112 be-

622 1158 823 1215 nelicio
845 1157 1021 1216 noctis
1050 1154 1340 1226 impositus
1364 1162 1471 1210 est.
1514 1151 1700 1209 Victus
1744 1153 1915 1209 fuisse
1942 1150 2216 1207 Romanos

624 1254 802 1323 turpis
825 1251 947 1324 fuga
976 1250 1238 1323 prodidit,
1262 1262 1496 1321 quorum
1521 1257 1652 1304 tunc
1676 1246 1942 1303 cecidisse
1970 1244 2217 1302 referun-

624 1357 715 1404 tur
743 1347 787 1380 "
807 1345 1053 1420 peditum
1079 1341 1495 1416 quatuordecim
1522 1341 1695 1398 millia
1720 1340 2020 1412 octingenti
2048 1350 2103 1395 et
2126 1354 2219 1396 oc-

630 1439 837 1511 toginta
871 1456 884 1492 :
918 1438 964 1472 ¹⁶
992 1436 1138 1506 capti
1167 1435 1317 1492 mille
1342 1434 1573 1490 trecenti
1600 1440 1657 1487 et
1681 1432 1905 1488 decem:
1937 1432 1980 1465 υ
2007 1428 2219 1503 equites

625 1542 810 1591 autem
832 1533 963 1589 cesi
1009 1530 1228 1587 ducenti
1276 1527 1631 1600 quadraginta
1664 1526 1805 1592 duo,
1850 1525 1997 1595 capti
2046 1525 2222 1580 octin-

628 1625 775 1697 genti
801 1634 857 1682 et
876 1624 1008 1691 duo,
1034 1624 1187 1693 signa
1214 1621 1417 1677 amissa
1441 1618 1635 1691 viginti
1655 1619 1784 1673 duo.
1816 1618 1861 1649 ὀ
1882 1617 2015 1672 Nam
2044 1632 2219 1687 quan-

630 1729 721 1775 tus
750 1733 782 1775 e
811 1717 1032 1774 diverso
1060 1730 1323 1771 numerus
1361 1713 1637 1769 sociorum
1692 1710 1887 1782 Pyrrhi
1935 1710 2097 1767 fuerit
2126 1726 2222 1765 ex-

2314 506 2402 554 ret
2447 498 2540 570 qui
2586 497 2840 564 vicisset,
2888 494 3237 569 respondisse
3284 496 3512 554 fertur:
3559 494 3645 551 Ne
3684 512 3815 567 ego,
3865 494 3916 551 si

2314 591 2503 645 iterum
2542 590 2720 645 eodeni
2758 592 2912 646 modo
2956 590 3122 645 cicero
3146 630 3166 656 ,
3207 588 3322 645 sine
3341 590 3451 644 ullo
3492 589 3656 645 milite
3686 587 3918 661 Epirum

2315 694 2564 739 revertar.
2631 680 2843 739 Interea
2904 680 3183 739 Romanus
3252 680 3566 749 exercitus,
3619 690 3920 753 postquam

2315 774 2491 831 victus
2510 773 2651 830 clam
2678 773 2815 844 fugit
2841 787 2875 829 e
2902 771 3120 839 castris,
3145 770 3512 829 miserabilem
3538 771 3670 829 belli
3698 770 3919 829 cladem

2316 867 2657 939 gravioribus
2686 868 2948 924 monstris
2988 874 3203 922 auctam
3249 865 3759 936 accumulatamque
3787 879 3923 937 per-

2315 960 2509 1015 sensit.
2533 957 2671 1014 Nam
2706 958 3053 1029 pabulatores
3088 957 3229 1014 forte
3256 969 3613 1031 progressos,
3639 955 3789 1013 velut
3817 956 3925 1011 ho-

2316 1050 2459 1108 stilis
2484 1050 2732 1123 quaedam
2762 1050 2953 1105 oborta
2999 1057 3296 1120 tempestas
3320 1090 3337 1117 ,
3363 1064 3490 1106 cum
3532 1047 3783 1105 horribili
3811 1047 3926 1103 fra-

2318 1160 2452 1214 gore
2504 1144 2629 1201 coeli
2678 1152 3009 1212 correptos,
3077 1141 3214 1200 diris
3266 1140 3586 1199 fulminibus
3632 1140 3847 1198 exussit
3906 1155 3923 1195 :

2320 1233 2368 1269 “
2411 1236 2612 1308 quippe
2653 1234 2701 1268 “
2746 1235 2969 1305 triginta
3005 1241 3062 1289 et
3085 1241 3318 1305 quatuor
3360 1247 3551 1289 eorum
3580 1231 3723 1288 idem
3758 1230 3931 1289 turbo

2322 1326 2612 1398 prostravit
2637 1368 2654 1394 ,
2675 1324 2868 1397 viginti
2889 1334 2948 1382 et
2972 1323 3083 1381 duo
3105 1324 3413 1382 semineces
3431 1322 3610 1381 relicti
3628 1365 3647 1392 ,
3668 1323 3928 1395 jumenta

2318 1420 2627 1475 exanimata
2687 1430 2743 1476 et
2785 1428 2943 1488 capta
2981 1418 3029 1452 “
3072 1433 3236 1490 quam
3280 1416 3551 1489 plurima,
3601 1425 3662 1473 ut
3717 1417 3932 1474 merito

2318 1514 2617 1583 contigisse
2638 1513 2685 1544 ’⁷
2716 1526 2824 1567 non
2852 1511 3067 1583 signum
3098 1508 3425 1566 vastationis
3452 1507 3649 1565 futuras
3680 1507 3779 1565 sed
3826 1522 3930 1563 va-

2320 1606 2482 1661 statio
2502 1604 2618 1675 ipsa
2642 1604 2929 1661 referatur.
2953 1604 3000 1637 “
3014 1602 3267 1661 Secunda
3290 1602 3433 1659 inter
3451 1601 3719 1675 Pyrrhum
3737 1611 3791 1658 et
3815 1600 3933 1657 lto-

2321 1712 2510 1753 manos
2539 1697 2797 1753 consules
2830 1712 3007 1768 pugna
3030 1698 3076 1731 ⁶⁹
3106 1696 3160 1752 in
3187 1695 3402 1769 Apulia:
3424 1694 3623 1750 ﬁnibus
3654 1692 3800 1749 fuit:
3832 1692 3932 1750 ubi

632 1812 865 1870 stinctus
891 1852 905 1877 ,
936 1810 1215 1866 memoria:
1246 1806 1500 1863 traditum
1529 1821 1637 1859 non
1668 1813 1752 1859 cst
1783 1821 1794 1857 :
1828 1804 2063 1859 maxime
2093 1803 2215 1874 quia
2245 1791 2296 1853 B
2321 1794 2504 1851 clades
2537 1792 2670 1851 belli
2704 1794 2773 1849 ad
2799 1802 3087 1865 utrosque,
3115 1791 3212 1848 sed
3242 1792 3480 1848 maxime
3512 1790 3581 1845 ad
3620 1788 3923 1860 Pyrrhum,

628 1904 955 1975 scriptorum
984 1909 1231 1958 veterum
1258 1912 1378 1955 mos
1413 1905 1520 1963 est,
1546 1912 1614 1953 ex
1639 1911 1703 1951 ea
1736 1904 1887 1966 parte
1916 1911 2038 1964 quae
2068 1896 2219 1950 vice-

633 2000 727 2065 rit,
750 1996 1059 2053 occisorum
1084 2007 1193 2050 non
1219 2004 1652 2049 commemorare
1676 2002 1957 2044 numerum
1974 2029 1988 2055 ,
2013 2002 2082 2043 ne
2107 1987 2224 2042 vic-

634 2089 793 2145 torias
836 2086 1067 2159 gloriam
1113 2083 1388 2140 maculent
1425 2082 1619 2136 damna
1657 2080 1921 2137 victoris:
1956 2079 2058 2134 nisi
2087 2078 2226 2133 forte

634 2198 761 2239 cum
790 2181 931 2237 adeo
956 2177 1117 2251 pauci
1138 2177 1363 2241 cadunt,
1409 2184 1470 2231 ut
1494 2172 1911 2229 admirationem
1937 2181 2229 2228 terrorem-

636 2289 745 2341 que
769 2271 988 2330 virtutis
1014 2279 1207 2342 augeat
1238 2270 1484 2338 paucitas
1512 2266 1851 2338 perditorum
1876 2307 1891 2327 .
1926 2265 2069 2322 sicut
2097 2266 2141 2297 “
2172 2266 2226 2321 in

632 2368 795 2441 217
825 2366 997 2438 prima
1023 2361 1229 2421 Persici
1257 2362 1390 2419 belli
1411 2361 1802 2433 congressione
1821 2360 1963 2431 apud
1987 2360 2123 2416 Alex
2134 2374 2232 2415 an-

631 2462 791 2517 drum
808 2459 1056 2530 Iiagnum
1072 2456 1175 2514 fuit
1189 2474 1204 2513 :
1218 2456 1331 2524 cui,
1346 2457 1491 2514 inter
1514 2455 1904 2527 quadringenta
1929 2455 2045 2512 fere
2065 2456 2229 2512 millia

633 2552 873 2609 hostium
902 2550 1222 2613 interfecta,
1257 2562 1458 2605 novem
1491 2548 1871 2604 tantummodo
1907 2548 1960 2603 in
1986 2549 2230 2605 exercitu

632 2643 753 2712 ejus
782 2640 995 2714 pedites
1021 2639 1264 2698 defuisse
1304 2638 1633 2696 referuntur.
1666 2639 1774 2697 Sed
1811 2638 2054 2712 Pyrrhus
2085 2650 2232 2697 atro-

632 2737 853 2793 citatem
883 2733 1091 2803 cladis,
1119 2749 1283 2806 quam
1314 2732 1419 2791 hoc
1444 2734 1590 2790 bello
1618 2742 1952 2804 exceperat,
1980 2732 2088 2790 diis
2114 2732 2230 2790 suis

637 2828 1059 2898 hominibusque
1133 2836 1372 2885 testatus
1438 2834 1561 2889 est,
1628 2826 1857 2898 alligens
1903 2827 2123 2881 titulum
2180 2826 2235 2883 itt

638 2925 847 2997 templo
874 2924 1161 2982 Tarentini
1188 2922 1339 2982 lovis
1364 2963 1381 2992 ,
1416 2922 1472 2979 in
1504 2939 1614 2995 quo
1643 2927 1760 2980 lucc
1789 2922 2011 2994 scripsit
2041 2940 2059 2978 :

639 3129 736 3195 Qui
758 3135 875 3178 ante
894 3127 986 3195 hac
1007 3128 1054 3161 υ
1073 3128 1245 3195 invicti
1260 3126 1437 3195 favere
1458 3128 1569 3185 viri,
1595 3134 1742 3195 pater
1756 3130 1941 3195 ontime
1960 3129 2172 3195 Olympi,

641 3192 745 3242 llos
769 3204 867 3255 ego
892 3192 942 3242 in
967 3204 1135 3255 pugna
1158 3190 1270 3253 vici,
1294 3192 1551 3253 victusque
1571 3203 1682 3240 sum
1702 3192 1765 3241 ab
1790 3191 1961 3243 isdem.

2327 1888 2550 1943 victoria
2578 1888 2643 1941 ad
2685 1886 2963 1942 Romanos
3012 1883 3305 1942 concessit.
3334 1884 3467 1940 Nam
3498 1897 3620 1938 cum
3642 1882 3734 1938 diu
3761 1883 3937 1956 218

2324 1978 2523 2035 obnixe
2546 1979 2757 2035 cunctis
2784 1978 2837 2034 in
2873 1987 3114 2033 mutuam
3136 1976 3342 2033 caedem
3380 1972 3693 2041 ruentibus,
3723 1988 3933 2042 anceps

2327 2072 2459 2127 belli
2491 2070 2757 2143 penderet
2780 2080 3009 2127 eventus
3034 2111 3049 2134 ,
3076 2068 3322 2140 Pyrrhus
3348 2110 3362 2134 ,
3394 2064 3659 2123 transﬁxo
3703 2064 3940 2121 brachio

2328 2164 2576 2231 saucius,
2605 2164 2755 2233 prior
2781 2162 2949 2218 cessit
2987 2178 3018 2217 e
3047 2160 3254 2231 prmlio.
3288 2159 3398 2217 Sed
3426 2166 3485 2214 et
3532 2155 3817 2215 Fabricius
3846 2156 3933 2212 lc-

2329 2266 2488 2330 gatus
2524 2267 2651 2313 tunc
2690 2257 3004 2313 vulneratus
3047 2264 3152 2312 est.
3196 2254 3484 2325 Elephanti
3524 2253 3699 2325 prima
3747 2265 3934 2323 pugna

2333 2352 2647 2418 vulnerari,
2678 2361 2844 2420 atque
2880 2351 2939 2406 in
2980 2350 3160 2422 fugam
3186 2348 3307 2419 cogi
3341 2361 3502 2419 posse
3542 2344 3879 2417 deprehensi
3916 2359 3935 2401 :

2331 2444 2527 2502 deinde
2547 2443 2807 2515 subjectis
2839 2444 2981 2499 inter
3026 2442 3333 2513 posteriora
3372 2450 3437 2495 ac
3486 2436 3668 2493 mollia
3714 2436 3943 2508 ignibus

2332 2538 2588 2610 exagitati
2613 2578 2629 2606 ,
2657 2538 2911 2593 ardentes
2938 2537 3162 2607 insuper
3183 2532 3466 2590 machinas
3503 2530 3689 2587 furore
3716 2528 3945 2600 trepido

2334 2629 2787 2685 circumferentes
2809 2670 2825 2696 ,
2858 2628 3029 2685 exitio
3059 2627 3174 2683 suis
3214 2624 3387 2681 fuere.
3416 2621 3572 2679 Caesa
3611 2629 3743 2677 sunt
3770 2621 3827 2676 in
3869 2635 3943 2676 ea

2336 2738 2511 2794 pugna
2541 2723 2780 2793 quinque
2803 2721 2972 2777 millia
3000 2720 3366 2775 Romanorum
3395 2715 3500 2772 :de
3526 2714 3777 2773 exercitu
3797 2726 3944 2768 vero

2336 2814 2531 2887 Pyrrhi
2576 2814 2622 2847 '°
2653 2814 2837 2884 viginti
2885 2812 3055 2868 millia
3101 2818 3374 2882 prostrata
3396 2817 3545 2865 sunt.
3577 2807 3744 2879 Regis
3779 2805 3944 2877 signa
4025 2827 4029 2829 λ

2337 2912 2515 2967 ablata
2552 2908 2941 2981 quinquaginta
2986 2916 3043 2962 et
3068 2906 3207 2972 tria,
3253 2902 3623 2960 Romanorum
3679 2898 3945 2956 undecim

2338 3004 2537 3060 amissa
2578 3013 2705 3059 sunt
2737 3020 2753 3061 :
2798 3000 3071 3075 Pyrrhus,
3110 2998 3259 3055 bello
3298 2997 3535 3063 fractus,
3558 2994 3601 3027 ³¹
3642 2992 3950 3065 Agathocle

2352 3109 2569 3152 mortuo
2590 3110 2721 3166 rege
2772 3096 3120 3164 Syracusano
3138 3133 3154 3159 ,
3171 3090 3241 3147 ad
3268 3087 3480 3147 Siciliae
3503 3086 3808 3145 arcessitus
3837 3086 3950 3143 im-

2341 3187 2549 3259 perium
2565 3230 2581 3254 ,
2608 3187 2911 3260 Syracusas
2934 3183 3234 3243 concessit.
3712 3239 3735 3247 7.
3760 3194 3761 3197 ‘

1928 3363 2311 3422 HAVERCAM
2324 3364 2383 3421 Pl
2422 3363 2652 3423 NOTAE.

720 3520 807 3576 l6.
840 3515 950 3574 Sed
980 3523 1248 3586 postquam
1275 3515 1641 3572 Minucius.De
1668 3516 1771 3572 hoc
1800 3515 2024 3571 Florus:
2048 3516 2109 3571 Ο.
2135 3515 2239 3569 Μὶ-
2264 3517 2313 3581 C
2415 3517 2508 3573 24.

645 3593 853 3652 ttttcitts,
888 3599 1086 3656 quartae
1106 3588 1325 3657 legionis
1353 3587 1609 3652 hastatus,
1634 3590 1787 3642 unius
1811 3588 2117 3655 proboscide
2141 3589 2230 3642 ab-

648 3664 812 3718 scissa
839 3660 968 3713 mori
995 3674 1142 3731 posse
1170 3658 1371 3731 belluas
1398 3664 1711 3731 ostenderat.
1745 3660 1910 3715 FABR.

722 3732 807 3787 t7.
842 3729 1086 3784 Peditum
1117 3744 1205 3784 xtv
1235 3729 1421 3783 millia.
1454 3729 1550 3784 llic
1578 3745 1837 3785 numerus
1863 3738 1948 3784 est
1977 3732 2031 3784 in
2064 3730 2239 3784 omni-

650 3806 756 3859 bus
784 3800 1187 3870 manuscriptis.
1215 3798 1512 3871 Dionysius
1531 3802 1712 3865 tradit,
1749 3800 2120 3856 Romanorum
2150 3817 2242 3856 ce-

649 3875 849 3930 cidisse
878 3874 1035 3943 paulo
1062 3873 1243 3944 minus
1262 3886 1330 3927 xv
1351 3872 1613 3939 millibus,
1630 3872 2001 3944 Hieronymus
2029 3883 2240 3928 tantum

651 3942 1078 4014 septetugtnillia.
1111 3942 1277 3997 FABR.

728 4019 813 4071 l8.
844 4012 998 4084 Capti
1025 4029 1214 4069 βίαιοι.
1248 4014 1350 4069 ilic
1373 4029 1635 4070 numerus
1658 4015 1711 4069 in
1743 4030 1848 4069 uno
1869 4016 2245 4084 manuscripto

656 4089 867 4158 integer
910 4097 995 4158 est
1025 4103 1037 4138 :
1072 4087 1123 4139 in
1153 4087 1368 4141 caeteris
1408 4086 1650 4158 vulgaris
1690 4100 1953 4141 numerus
1988 4087 2246 4158 scriptus

653 4155 914 4224 estfcum
940 4156 1080 4210 alius
1107 4157 1478 4229 anteafnerit.
1513 4158 1807 4229 EutrOpius
1837 4158 1935 4221 ait,
1980 4155 2246 4229 Pyrrhum

656 4232 851 4302 cepisse
898 4229 1123 4282 Roman.
1178 4225 1323 4280 mille
1374 4225 1709 4302 octingentos.
1768 4226 1931 4283 Fasti.
1959 4225 2110 4283 -Ἰιι
2155 4229 2245 4284 ed.

658 4298 797 4369 Aug.
856 4308 1138 4368 captorum
1198 4313 1459 4355 numerus
1516 4298 1781 4355 delinitur
1854 4302 2251 4371 quatuordecint

661 4373 851 4426 millia.
886 4384 1215 4426 occecuxx.

734 4444 821 4497 19.
847 4440 1058 4511 Equites
1097 4450 1270 4494 autem
1300 4441 1418 4495 cmi
1459 4455 1659 4497 ccxut.
1708 4439 1766 4496 In
1821 4438 2105 4497 Gualtheri
2154 4441 2249 4496 lib.

661 4524 767 4582 est,
798 4527 1009 4569 ccxnvt.
1043 4511 1292 4568 Varietas
1318 4520 1442 4566 nata
1463 4522 1548 4568 est
1572 4528 1640 4568 ex
1668 4527 1733 4569 eo
1761 4513 1906 4581 quod
1940 4527 1977 4566 ιι
2012 4514 2063 4566 in
2090 4527 2123 4567 v
2146 4528 2254 4566 sm-

664 4601 734 4656 pe
762 4592 985 4656 coeunt,
1017 4583 1161 4637 sicut
1203 4593 1261 4637 et
1287 4592 1478 4656 contra
1512 4584 1628 4656 licri
1669 4584 1829 4656 solet.
1860 4583 2026 4656 Fann.
2054 4611 2123 4624 -—-
2147 4583 2256 4638 Nu-

666 4654 852 4712 incrus
878 4654 992 4721 ille,
1024 4669 1184 4722 quem
1215 4668 1281 4709 ex
1309 4668 1412 4709 ms.
1450 4654 1652 4710 iudicat
1667 4654 1973 4720 Fabricius,
2001 4654 2055 4711 in
2079 4656 2257 4710 omni-

663 4728 767 4783 bus
794 4742 935 4797 quos
957 4741 1058 4795 ego
1083 4726 1331 4781 consului
1365 4740 1496 4797 mss.
1531 4740 1747 4795 quoque
1779 4726 2074 4797 invenitur.

731 4796 827 4852 2οζ
864 4796 999 4849 Nam
1054 4805 1282 4867 quantus
1313 4815 1339 4851 c
1384 4796 1584 4850 diverso
1639 4812 1902 4850 numerus.
1960 4796 2256 4853 Numerum

666 4870 1058 4925 exstincturum
1088 4867 1364 4923 sociorum
1393 4867 1610 4938 Pyrrhi,
1659 4884 1817 4935 quem
1863 4866 2089 4923 Orosius
2136 4884 2248 4923 ine—

665 4944 852 4996 niorize
880 4941 1141 5011 traditum
1171 4952 1435 5011 noncssc
1451 4941 1551 5003 ait,
1578 4939 1867 5009 Dioiiysius
1892 4950 1950 5011 et
1985 4941 2251 5011 Hierony-

665 5028 789 5069 mus
812 5008 1169 5082 prodideruut
1197 5024 1214 5082 7:
1250 5010 1330 5064 illi
1363 5011 1506 5065 enim
1538 5008 1777 5063 tredecim
1806 5008 1996 5082 millia,
2029 5012 2115 5067 hic
2142 5008 2252 5066 non

664 5081 826 5150 plane
841 5091 1064 5152 quatuor
1090 5081 1408 5153 milliacmsa
1434 5084 1673 5153 scripsit,
1693 5090 1912 5153 auctore
1937 5081 2250 5139 Plutarcho.

665 5154 832 5210 Fann.
857 5151 929 5193 4-
958 5153 1087 5207 blss.
1115 5166 1307 5207 omnes
1335 5151 1947 5222 habent'commcndare,
1978 5155 2255 5225 aliquanto

669 5238 811 5296 post.
845 5240 943 5296 ρτο
972 5239 1389 5296 commemorare.

738 5296 829 5350 2|.
855 5294 922 5349 In
952 5298 1120 5366 prima
1148 5294 1345 5366 Persici
1386 5295 1529 5349 belli.
1573 5294 1651 5350 De
1678 5294 1779 5350 hoc
1828 5295 2067 5352 diximus
2116 5297 2260 5353 libro

671 5364 961 5435 superiore
986 5380 1109 5435 cap.
1142 5364 1232 5421 16.

734 5440 829 5511 22.
872 5436 1057 5511 Int'icti
1083 5438 1251 5511 furere
1270 5436 1386 5491 viri.
1417 5438 1639 5505 Versus,
1669 5438 1744 5492 uti
1766 5440 1817 5493 in
1844 5450 1990 5495 textu
2012 5441 2251 5511 reposui,

669 5509 889 5562 indubie
921 5509 1150 5563 Enniani
1188 5517 1348 5577 sunt,
1382 5511 1521 5564 male
1544 5513 1698 5579 prius
1721 5527 1843 5565 cum
1876 5509 2099 5577 reliquis
2127 5529 2260 5568 con-

671 5580 796 5653 l'usi.
828 5578 1028 5653 Favere
1048 5594 1227 5653 autem
1254 5595 1351 5650 pro
1375 5578 1868 5652 fuere.antiquum,
1893 5586 2071 5653 qualia
2094 5586 2260 5640 multa

672 5651 954 5732 eleganter
971 5651 1177 5732 in_suis
1197 5652 1501 5723 Spicilcgiis
1524 5653 1726 5709 Palinci
1742 5655 1825 5710 ius
1852 5651 2039 5711 uester
2060 5657 2264 5713 dnctis-

676 5722 813 5781 tiino
841 5723 1001 5777 eruit.
1033 5722 1201 5779 ωυτ.

742 5794 835 5853 25.
876 5793 1265 5868 lncrepm'etur.
1298 5796 1427 5857 Mss.
1464 5812 1676 5868 omnes,
1711 5800 2131 5874 inci-cpitai'ctur.

2274 4910 2329 4971 Ι)

2554 3518 2762 3591 Quippe
2792 3520 2861 3574 55
2885 3534 3089 3591 eorum.
3118 3516 3199 3572 ita
3229 3514 3439 3591 conjeci
3466 3513 3784 3591 legendum,
3807 3514 3952 3591 alio:

2345 3591 2475 3657 quin
2509 3584 2821 3645 ut'Or'u'sitts
2854 3590 3191 3659 intelligatur
3222 3584 3347 3645 lieri‘
3368 3602 3475 3642 nou
3505 3584 3706 3657 potuit.
3741 3584 3953 3640 Excusi

2343 3674 2397 3718 et
2423 3663 2637 3715 calamo
2656 3661 2864 3716 exarati
2884 3678 2899 3714 :
2922 3658 3097 3715 eorum
3124 3660 3262 3715 idem
3286 3660 3438 3714 turbo
3461 3659 3759 3729 prostrauit,
3783 3658 3953 3711 semi-

2347 3749 2493 3788 neces
2522 3733 2711 3787 relicti.
2759 3732 2931 3788 Laur.

2418 3806 2509 3858 25.
2550 3802 2794 3877 Triginta
2820 3814 2871 3857 et
2897 3811 3140 3874 quatuor.
3172 3802 3383 3877 Decem
3427 3814 3491 3854 ex
3536 3798 3867 3877 hisabsunt
3896 3800 3958 3858 in

2348 3876 2526 3931 tribus
2557 3870 2731 3945 Lugd.
2766 3870 2919 3929 Batti
2945 3889 3071 3929 cum
3100 3874 3229 3931 coll.
3258 3872 3503 3929 Gronov.
3537 3870 3647 3928 Sed
3679 3886 3812 3928 mss.
3863 3888 3961 3928 re-

2347 3948 2479 4018 liqui
2508 3962 2613 4001 xxx
2642 3957 2687 4000 et
2713 3963 2764 3999 tv
2791 3946 3053 4000 scribunt.

2419 4018 2512 4072 ~26.
2556 4020 2725 4083 Quam
2748 4018 2996 4086 plurima.
3031 4016 3182 4072 Meus
3207 4030 3328 4071 cum
3351 4024 3584 4086 quatuor
3608 4012 3779 4083 Lugd.
3802 4013 3963 4071 Batt.

2351 4099 2406 4145 et.
2432 4090 2574 4144 Coll.
2605 4089 2878 4151 Gronov.,
2901 4089 3268 4160 complurima.
3300 4086 3407 4143 Pro
3426 4097 3582 4159 capta
3604 4086 3746 4142 forte
3769 4086 3967 4157 legen-

2355 4162 2484 4217 dum
2513 4170 2782 4231 corrupta,
2816 4161 2898 4213 vel
2920 4168 3095 4231 rapta.

2423 4233 2515 4287 27.
2560 4227 2684 4285 Non
2714 4232 2924 4301 signum
2949 4227 3254 4285 vastationis
3276 4232 3491 4302 futura.
3524 4227 3796 4293 Perizon.,
3828 4244 3965 4284 con-

2357 4306 2529 4374 tigisse
2550 4303 2786 4375 uideatur
2810 4318 2912 4375 non
2930 4302 3239 4375 insignum,
3272 4312 3380 4358 etc.
3407 4302 3559 4375 Meus
3578 4316 3699 4355 cum
3723 4310 3966 4375 quatuor

2358 4371 2531 4444 Lugd.
2566 4373 2707 4429 Batt.
2740 4384 2796 4430 et
2824 4372 2966 4429 Coll.
3001 4371 3282 4441 Peneum,
3322 4373 3605 4447 contigisse
3638 4387 3746 4427 non
3784 4371 3842 4428 in
3879 4372 3963 4428 si-

2394 4462 2543 4511 num,
2574 4453 2683 4499 etc.

2359 4464 2543 4572 MSS?
2566 4464 2810 4571 ἓὲἓίιηάα
2829 4516 2964 4571 inter
2978 4514 3241 4587 Pyrrhum
3263 4524 3311 4571 et
3328 4512 3554 4587 Roman.
3569 4513 3820 4587 Secunda
3840 4512 3970 4587 haec

2398 4603 2536 4659 ugna
2568 4602 2691 4641 cum
2724 4587 2934 4659 Pyrrho
2963 4585 3254 4642 commissa
3295 4594 3381 4644 est
3404 4628 3449 4659 ,_
3471 4586 3531 4642 P.
3563 4585 3797 4659 Sulpitio
3822 4625 3840 4650 ,
3873 4585 3967 4659 _P.

2410 4656 2529 4715 ecio
2556 4659 2705 4714 Mure
2744 4656 2887 4714 c‘oss.
2919 4675 3061 4714 anno
3099 4673 3330 4713 cuuxiv
3351 4699 3368 4723 ,
3416 4656 3487 4714 de
3509 4672 3640 4728 Aqua
3662 4656 3964 4725 Eutropius

2360 4731 2458 4800 ait:
2484 4728 2633 4783 Missi
2662 4739 2780 4783 sunt
2803 4740 2982 4800 contra
3007 4730 3269 4800 Pyrrhum
3288 4730 3469 4783 ducem
3495 4726 3564 4800 ἕξ.
3615 4727 3879 4800 Sttlpitius
3909 4739 3967 4784 et

2362 4799 2555 4855 Decius
2580 4801 2839 4855 consules.
2868 4798 3161 4853 Certaniine
3189 4801 3487 4863 commisso,
3522 4798 3757 4870 Pyrrhus
3780 4799 3969 4855 vulne-

2364 4884 2506 4926 ratus
2537 4882 2635 4934 est,
2663 4872 2926 4938 elephanti
2950 4872 3250 4940 interfecti,
3284 4872 3467 4943 viginti
3496 4871 3665 4943 millia
3696 4886 3833 4943 egra
3863 4871 3972 4925 Ito-

2352 4947 2529 5008 stium,
2566 4953 2611 5013 et
2641 4958 2705 4995 ex
2740 4943 2987 4999 Rmnmn's
3017 4954 3212 5013 tantum
3235 4941 3466 5013 quinque
3486 4941 3674 4996 millia.
3707 4941 3878 4996 Fann.

2423 5016 2515 5088 ‘2‘).
2562 5012 2626 5067 In
2660 5015 2864 5088 Apulia-
2892 5016 3104 5088 ﬁnibus.
3133 5012 3372 5088 Pugnant
3425 5014 3771 5088 commissam
3838 5013 3971 5088 πιρί

2358 5085 2572 5143 ’Ἄσκλον
2597 5088 2787 5140 scribit
2818 5086 3142 5140 Plutarchus
3184 5088 3237 5139 in
3291 5084 3519 5157 Pyrrho,
3546 5093 3605 5157 et
3635 5084 3829 5157 Florus
3857 5084 3964 5149 ita,

2360 5157 2427 5285 ἕρ
2456 5157 2649 5225 Apulia
2674 5157 2858 5212 deinde
2888 5159 3028 5227 apud
3050 5157 3298 5213 Asculum
3316 5154 3498 5210 melius
3521 5155 3828 5210 dimicatum
3861 5164 3968 5210 est.

2410 5246 2533 5284 ΑΒΗ.

2410 5246 2533 5284 ΑΒΗ.

2434 5304 2524 5355 50.
2574 5299 2775 5371 Viginti
2800 5299 2989 5354 millia.
3037 5301 3095 5356 in
3129 5299 3373 5355 Floreat.
3400 5313 3522 5371 sec.
3551 5304 3822 5371 praeterea
3851 5296 3959 5351 tria

2365 5368 2752 5441 agnoscuniur,
2783 5372 2877 5426 sed
2904 5386 3005 5428 vox
3028 5371 3115 5425 illa
3140 5370 3587 5441 superscribitur.
3609 5369 3714 5423 Pro
3735 5368 3969 5439 quinque

2365 5440 2535 5497 millia
2563 5444 2649 5497 ed.
2688 5445 2863 5512 prima
2889 5484 2904 5508 ,
2947 5453 3001 5499 et
3044 5444 3193 5497 illam
3234 5452 3433 5500 secutae
3481 5440 3685 5496 habent
3722 5450 3959 5509 quatuor

2368 5516 2556 5569 millia.

2441 5588 2529 5639 51.
2573 5586 2859 5657 Agathocle
2889 5596 3113 5640 mortuo.
3149 5586 3280 5653 Quis
3304 5583 3392 5657 hic
3421 5582 3746 5657 Agathocles
3773 5581 3970 5657 luerit,

2371 5652 2673 5727 quibusque
2712 5658 2808 5713 \iis
2840 5658 2906 5711 ad
2939 5652 3525 5726 regnumasceuderi’t,
3558 5674 3589 5710 e
3613 5652 3831 5727 Diodori
3865 5652 3959 5727 Si:

2373 5723 2479 5804 culi
2520 5723 2618 5804 liii.
2651 5747 2741 5783 xm
2794 5723 3021 5785 aliunde
3050 5742 3350 5804 cognosces
3382 5747 3394 5784 τ
3426 5729 3495 5783 de
3522 5725 3719 5787 eodem
3761 5738 3885 5799 cap.
3930 5723 3971 5785 θ

2378 5802 2552 5875 plura.
2585 5802 2747 5860 Fasti.
