4150 6442
118 254 230 315 869

1203 250 1680 313 lllSTORIARUM
1716 249 1919 309 LIBER
1961 249 2056 309 ιν.
2095 250 2255 309 CAP.
2294 247 2382 307 Vl.

3311 252 3420 312 870

120 391 434 463 piditatem.
463 386 566 448 Cui
607 389 688 447 rei
714 384 1011 447 consilium
1046 386 1185 445 utile
1228 396 1378 444 ratus
1406 396 1515 455 est,
1548 396 1608 443 ut
1648 386 1725 443 si-
1751 388 1801 449 Α
1831 385 2005 442 bellas
2032 385 2289 456 scriptas,
2316 383 2361 417 ³³
2380 390 2438 440 et
2459 392 2579 454 post
2602 397 2726 441 cera
2745 384 3061 457 superlitas,
3084 389 3422 453 enuntiabat.

126 485 352 542 mutatis
381 485 562 540 unica:
600 482 728 540 lilia:
763 480 1008 554 nuptiis,
1047 494 1242 538 omnes
1272 487 1556 537 senatores
1591 494 1731 550 quo-

125 591 249 633 rum
278 574 607 647 dignitatem
633 574 682 607 “
700 574 1039 630 obstaturam
1072 572 1306 643 inceptis
1341 572 1455 626 suis
1492 571 1729 626 arbitra-

124 667 313 737 batur,
358 668 508 725 inter
555 666 752 739 pocula
796 680 1012 723 veneno
1057 672 1305 721 necaret.
1347 662 1481 731 Quae
1517 677 1607 718 res
1634 678 1729 732 per

126 760 417 818 ministros
442 759 681 835 prodita,
711 761 834 817 sine
860 759 1072 817 ultione
1098 758 1265 815 vitata
1295 766 1403 824 est,
1428 772 1500 814 ne
1530 758 1583 813 in
1611 757 1730 813 viro

126 854 176 890 ⁸⁹
207 862 319 909 tam
351 853 568 925 potenti
592 854 714 924 plus
738 852 942 926 negotii
970 853 1171 910 faceret
1192 866 1285 909 res
1304 852 1543 922 cognita,
1567 865 1728 923 quam

128 948 394 1019 cegitats.
427 947 545 1004 Hoc
588 947 826 1004 consilio
874 946 1063 1003 elusus
1095 947 1275 1014 Anno,
1308 946 1417 1001 alio
1452 945 1731 1000 machina-

127 1048 321 1096 mento
340 1038 554 1095 facinus
592 1038 814 1111 aggredi
846 1048 1027 1111 parat.
1051 1037 1287 1095 Servitia
1315 1036 1575 1105 concitat,
1612 1036 1732 1107 qui-

129 1131 236 1188 bus
264 1138 495 1202 repente
538 1132 818 1187 incautam
846 1130 1039 1187 urbem
1071 1130 1423 1201 opprimeret.
1454 1129 1562 1185 Sed
1604 1143 1727 1185 cum

128 1232 261 1281 ante
294 1232 558 1282 statutam
579 1224 744 1296 228
762 1222 1007 1279 «edibus
1034 1223 1177 1279 diem
1209 1220 1481 1292 proditum
1509 1236 1570 1277 se
1594 1236 1732 1291 pra:-

131 1325 476 1387 ventumque
506 1316 888 1383 intellexisset,
912 1316 1195 1372 castellum
1225 1314 1498 1386 quoddam
1531 1314 1577 1345 ’°
1605 1330 1731 1371 cum

128 1410 325 1482 viginti
356 1408 603 1467 millibus
629 1424 917 1465 servorum
945 1418 1187 1465 armatus
1212 1417 1461 1479 occupat.
1493 1408 1568 1465 lbi
1600 1409 1730 1464 dum

131 1502 298 1562 Afros
333 1518 630 1575 regemque
660 1502 976 1560 Maurorum
1004 1503 1271 1571 concitat,
1301 1508 1494 1573 captus
1519 1512 1603 1558 est
1628 1518 1644 1563 ;
1668 1517 1733 1557 ac

132 1599 315 1671 primo
338 1598 507 1670 virgis
527 1611 732 1664 cmsus,
753 1595 951 1652 deinde
977 1594 1191 1652 ell‘ossis
1213 1596 1389 1651 oculis
1409 1604 1464 1650 et
1486 1594 1733 1651 manibus

133 1691 500 1763 cruribusque
530 1690 743 1757 fractis,
779 1688 928 1747 velut
961 1703 991 1744 a
1024 1687 1252 1759 singulis
1284 1688 1542 1744 membris
1572 1703 1731 1757 pruna

1833 478 1993 535 Hunc
2020 490 2241 534 mortuo
2270 475 2587 533 Alexandro
2615 476 3000 549 Carthaginem
3031 495 3340 552 reversum,
3373 484 3421 516 “

1830 574 1983 641 quasi
2015 573 2203 629 urbem
2251 572 2367 643 regi
2414 572 2781 639 venditasset,
2814 588 2921 629 non
2966 575 3180 644 ingrato
3209 586 3418 633 tantum

1829 667 2015 721 animo
2066 663 2426 721 verumctiam
2489 664 2702 721 crudeli
2766 664 3001 737 invidia,
3062 680 3417 727 necaverunt.

1832 756 2044 814 Deinde
2082 771 2207 813 cum
2246 756 2491 827 assidua,
2542 771 2645 813 nec
2684 772 2941 828 umquam
2981 759 3115 816 satis
3162 776 3424 833 prospera

1830 849 2092 906 adversus
2112 848 2333 906 Siculos
2358 849 2498 905 bella
2521 858 2798 921 gererent.
2829 860 2885 907 et
2903 850 3204 922 Syracusas
3230 854 3422 912 urbem

1829 943 2032 1000 Sicilire
2048 954 2179 1000 tunc
2199 944 2641 1000 ﬂorentissimam
2669 943 2953 1002 obsidione
2978 946 3303 1017 cinxissent,
3326 963 3424 1021 per

1830 1034 2184 1107 Agathoclem
2210 1036 2414 1092 Sicilia:
2435 1050 2617 1108 regem
2644 1037 2780 1093 miro
2802 1037 3157 1097 circumventi
3183 1040 3421 1113 ingenio,

1832 1143 2005 1199 usque
2030 1128 2099 1184 ad
2128 1140 2371 1185 extrema
2414 1129 2814 1200 desperationis
2854 1130 2901 1163 ³⁵
2938 1130 3157 1191 adducti
3202 1143 3347 1189 sunt.
3377 1134 3425 1167 ³⁸
3501 1144 3523 1166 ο

1830 1219 2075 1292 Namque
2098 1223 2446 1293 Agathocles,
2470 1237 2593 1279 cum
2622 1222 2766 1293 apud
2792 1224 3095 1295 Syracusas
3119 1243 3149 1283 ει
3178 1227 3415 1286 Cartha-

1830 1313 2174 1383 giniensibus
2212 1314 2585 1382 obsideretur,
2624 1329 2691 1372 ac
2734 1333 2796 1373 se
2822 1333 3000 1391 neque
3042 1318 3190 1377 bello
3236 1336 3424 1392 parem

1834 1404 2102 1461 instructu
2128 1407 2436 1477 c0piarum,
2472 1422 2647 1479 neque
2673 1410 2840 1483 229
2869 1410 3177 1469 obsidionis
3211 1414 3425 1483 patien-

1837 1507 1943 1554 tem
1982 1498 2029 1530 ³τ
2055 1498 2448 1570 stipendiorum
2493 1500 2818 1567 sufﬁcientia
2860 1502 3102 1575 videret,
3131 1506 3269 1564 bene
3298 1522 3427 1580 pro-

1836 1590 1973 1659 viso,
1996 1604 2060 1647 ac
2082 1592 2277 1649 melius
2300 1593 2640 1650 dissimulato
2659 1596 2911 1665 consilio,
2943 1598 2997 1653 in
3022 1596 3261 1656 Africam
3291 1617 3419 1658 cum

1834 1684 2076 1739 exercitu
2108 1681 2154 1717 ⁸⁸
2181 1684 2398 1753 transit,
2435 1685 2508 1741 ibi
2536 1687 2671 1754 suis,
2716 1688 2842 1758 quid
2892 1691 3167 1760 moliatur,
3212 1694 3427 1763 aperit:

133 1785 473 1855 exigeretur,
500 1782 554 1838 in
582 1794 884 1853 conspectu
913 1782 1092 1851 populi
1126 1787 1351 1837 necatus
1385 1788 1488 1836 est.
1517 1778 1733 1849 Corpus
1760 1780 1808 1842 Β
1834 1772 2035 1831 deinde
2062 1775 2190 1848 quid
2223 1778 2362 1832 facto
2391 1792 2527 1848 Opus
2564 1778 2670 1845 sit,
2700 1780 2880 1835 docet.
2908 1781 3059 1837 lllico
3098 1784 3431 1843 unanimiter

137 1877 470 1935 verberibus
492 1874 535 1908 “
569 1875 813 1932 lacerum
849 1876 1001 1931 cruci
1032 1873 1308 1939 sumsum,
1354 1873 1451 1929 ﬁlii
1493 1873 1738 1944 cognati-

137 1986 252 2041 que
279 1982 475 2025 omnes
516 1966 789 2039 supplicio
820 1968 1004 2023 traditi
1028 1984 1042 2022 :
1066 1980 1136 2023 ne
1176 1965 1300 2038 quis
1336 1980 1462 2022 eum
1491 1964 1735 2035 ejusdem

134 2062 361 2118 familia:
390 2075 646 2132 umquam
690 2066 789 2116 aut
817 2059 1041 2124 imitari,
1087 2066 1183 2114 aut
1216 2058 1405 2115 ulcisci
1434 2056 1729 2114 meditare.

139 2164 245 2210 tur.
281 2154 411 2209 llzcc
455 2151 789 2222 temporibus
841 2149 1071 2223 Philippi
1100 2159 1249 2221 gesta
1289 2158 1436 2205 sunt.
1467 2147 1597 2205 Post
1623 2147 1740 2204 haec

138 2245 633 2317 Carthaginienses
656 2244 701 2277 ³¹
722 2259 847 2301 cum
874 2244 1077 2316 Tyrum
1108 2244 1298 2300 urbem
1328 2252 1609 2299 auctorem
1638 2244 1739 2299 ori-

137 2339 287 2411 ginis
314 2354 453 2405 suac,
484 2336 553 2395 ab
578 2337 893 2393 Alexandro
921 2336 1116 2409 Magno
1144 2346 1357 2406 captam
1386 2350 1741 2407 eversamque

137 2430 487 2499 didicissent,
522 2431 787 2488 timentes
818 2432 1111 2486 transitum
1138 2428 1255 2501 ejus
1293 2430 1348 2484 in
1384 2428 1626 2485 Africam
1657 2429 1741 2483 lu-

139 2536 351 2594 turum,
393 2524 726 2582 Amilcarem
758 2524 1075 2594 quemdam,
1108 2531 1473 2596 cognomento
1515 2520 1739 2579 Rhoda-

140 2633 300 2688 num,
346 2617 525 2674 virum
571 2616 823 2672 facundia
871 2616 1205 2688 solertiaquc
1252 2616 1623 2686 praecipuum,
1671 2614 1741 2671 ad

142 2707 582 2783 pcrscrutandos
621 2708 919 2765 Alexandri
950 2718 1103 2766 actus
1135 2709 1451 2765 direxerunt
1481 2727 1495 2765 :
1526 2709 1618 2780 qui
1646 2723 1744 2780 per

140 2806 565 2863 Parmenionem
612 2804 771 2877 quasi
811 2804 1088 2877 transfuga
1127 2812 1406 2874 exceptus,
1452 2801 1651 2859 dehinc
1685 2806 1738 2857 in

142 2900 396 2958 militiam
427 2898 570 2970 regis
598 2896 893 2966 admissus,
922 2899 1106 2955 omnia
1133 2896 1343 2954 civibus
1372 2896 1489 2953 suis
1528 2911 1628 2967 per
1654 2905 1738 2952 ta-

1838 1883 2009 1926 naves
2046 1872 2306 1941 primum,
2351 1871 2405 1926 in
2437 1872 2631 1943 quibus
2671 1889 2891 1945 venere,
2921 1875 2965 1910 ³ο
3008 1877 3327 1947 incendunt,
3360 1895 3430 1937 ne

1836 1976 1942 2031 qua
1967 1975 2095 2031 spes
2121 1960 2424 2033 refugiendi
2448 1964 2607 2020 foret.
2634 1964 2844 2023 Dehinc
2873 1982 2995 2023 cum
3017 1972 3197 2025 omnia
3227 1972 3281 2026 in
3308 1987 3430 2043 quas

1838 2054 2153 2124 direxisset,
2188 2068 2586 2126 prosterneret,
2621 2058 2779 2115 villas
2810 2062 3139 2133 castellaque
3169 2065 3430 2121 incende-

1841 2159 1953 2216 ret,
1995 2147 2044 2180 "
2088 2152 2375 2207 Annonem
2407 2150 2700 2221 quemdam
2748 2167 2872 2209 cum
2920 2152 3142 2225 triginta
3195 2156 3432 2213 millibus

1842 2243 2136 2300 Pcenon
2176 2242 2221 2276 “
2252 2243 2471 2301 obvium
2502 2244 2718 2313 habuit;
2752 2260 2912 2316 quem
2957 2246 3003 2280 “
3050 2264 3175 2303 eum
3220 2248 3434 2307 duobus

1846 2334 2087 2393 millibus
2110 2351 2335 2392 suorum
2376 2336 2671 2394 interfecit.
2697 2337 2817 2408 lpse
2838 2350 3021 2396 autem
3052 2340 3193 2397 duos
3223 2353 3432 2401 tantum

1848 2428 1903 2484 in
1947 2442 2013 2485 eo
2052 2427 2196 2484 bello
2226 2427 2479 2499 perdidit.
2512 2429 2627 2499 Qua
2659 2446 2832 2503 pugna
2869 2440 2927 2487 et
2953 2432 3208 2491 Afrorum
3238 2436 3435 2494 animis

1848 2518 2248 2577 incredibiliter
2268 2520 2474 2587 fractis,
2493 2532 2548 2578 et
2568 2536 2792 2578 suorum
2814 2524 2867 2579 in
2889 2526 3212 2583 immensum
3236 2529 3435 2597 auctis,

1848 2614 2013 2671 urbes
2040 2613 2374 2685 castellaque
2404 2626 2714 2685 expugnat,
2757 2620 2966 2688 prtedas
3009 2622 3255 2692 ingentes
3292 2624 3437 2695 agit,

1852 2706 2086 2761 hostium
2138 2707 2308 2761 multa
2354 2707 2522 2763 millia
2574 2705 2823 2765 trucidat.
2879 2708 3067 2769 Castra
3123 2712 3322 2770 deinde
3371 2715 3439 2771 ad

1841 2798 2089 2868 quintum
2118 2796 2353 2867 lapidem
2396 2813 2429 2853 a
2482 2797 2811 2869 Carthagine
2857 2803 3076 2871 statuit,
3132 2814 3192 2860 ut
3243 2806 3438 2861 damna

1842 2905 2026 2947 rerum
2056 2888 2591 2959 opulentissimarum
2623 2892 3089 2966 vastationemque
3109 2910 3363 2968 agrorum
3388 2908 3442 2954 et

1430 3007 1884 3067 HAVERCAMPI
1923 3004 2154 3063 ΝΟΤᾸΞ.

215 3108 313 3167 28.
357 3107 715 3167 Obslalttram.
755 3106 1094 3164 Contineant
1123 3106 1261 3163 hanc
1289 3106 1602 3179 lectionem,
1640 3119 1739 3176 pro
1766 3102 1815 3166 C
1868 3101 2117 3158 ultimum
2161 3101 2386 3159 verbum
2418 3100 2658 3175 reliquos
2701 3116 2834 3161 mss.
2870 3103 3087 3163 obsedit
3127 3121 3228 3179 pro
3262 3107 3443 3168 emat.

144 3196 255 3252 qua
277 3180 588 3236 obstitttrttnt
616 3183 669 3236 in
692 3179 1013 3252 quibusdam
1044 3179 1205 3234 codd.
1232 3188 1291 3252 et
1313 3175 1440 3233 edd.
1468 3185 1575 3252 est.
1606 3190 1738 3252 mss.

146 3248 405 3323 Longob.
451 3262 507 3308 et
546 3248 874 3308 vetustiores
903 3251 1019 3317 alii,
1050 3258 1111 3304 ut
1141 3259 1196 3306 et
1226 3249 1482 3323 iVincent.
1530 3248 1740 3303 Bellov.

149 3321 576 3394 lizec'exeerpsit
605 3323 701 3377 lib.
736 3337 814 3387 tv,
858 3336 978 3391 cap.
1016 3323 1108 3394 95.
1136 3321 1489 3394 Quinctilian.
1521 3334 1585 3384 rt,
1616 3332 1741 3394 cap.

155 3395 249 3464 12,
290 3391 682 3465 Yideo,inquit,
705 3394 1022 3465 quosdamin
1044 3393 1163 3465 ipso
1182 3393 1359 3465 statim
1381 3391 1557 3446 limine
1582 3392 1747 3446 obsta-

154 3463 304 3523 turos
327 3465 479 3536 mihi.
511 3463 633 3521 Mox
662 3463 997 3536 ceptisMeus
1022 3477 1120 3534 pro
1149 3463 1382 3536 inceptis.

223 3538 321 3594 29.
362 3535 498 3592 Tam
526 3532 741 3607 potenti.
780 3534 951 3591 Abest
971 3532 1076 3607 vox
1105 3532 1282 3607 prima
1308 3547 1341 3589 a
1370 3532 1656 3607 Vincentio
1686 3539 1745 3588 et

151 3624 187 3667 ι
212 3623 357 3689 ms_s._
384 3601 761 3689 Meo,'Pe_r_is.,
786 3608 962 3689 tribus
996 3601 1169 3689 [.ugil.
1202 3604 1367 3671 Batt.,
1395 3601 1539 3689 Coll.
1572 3603 1745 3661 Gron.

153 3689 214 3737 et
253 3679 561 3763 eddvett.
594 3678 825 3763 aliquot.
865 3677 923 3733 lu
970 3674 1244 3749 plerisque
1283 3693 1350 3733 ex
1395 3674 1586 3733 iisdem
1622 3689 1750 3733 mox

159 3756 505 3835 constitutam
529 3765 630 3833 pro
664 3756 936 3832 statutam.
1557 3819 1569 3829 .
1620 3818 1631 3830 .

159 3822 325 3903 __50.
366 3822 495 3903 cum
517 3832 697 3903 υιςιηιι
721 3818 973 3875 millibus.
996 3817 1055 3875 In
1077 3818 1166 3875 ed.
1188 3820 1323 3903 Aug:
1347 3834 1477 3875 xxtv
1498 3817 1748 3903 millibus.

159 3892 362 3951 Plures
405 3892 602 3949 deinde
633 3907 793 3957 mss.,
839 3905 1105 3963 seruorum
1132 3893 1347 3963 armatis
1374 3892 1670 3963 occupauit,
1696 3896 1755 3945 et

158 3966 245 4022 sic
273 3978 494 4036 quoque
521 3962 775 4021 Vincent.
805 3962 1227 4019 Bellovacensis.
1289 4032 1304 4046 υ
1370 4032 1383 4045 ο
1508 3962 1511 3963 ⁷

230 4038 325 4094 3i.
367 4035 645 4091 ιαεενιιιιι.
687 4033 827 4090 Edd.
851 4033 1099 4101 quaedam
1130 4048 1195 4089 ex
1225 4047 1436 4101 primis,
1468 4033 1756 4087 laceratum

230 4050 325 4094 δι.
367 4050 645 4091 lacerum.
687 4050 827 4090 nou.
888 4050 1099 4090 uacuam
1130 4050 1195 4089 ex
1225 4050 1436 4101 primis,
1468 4050 1756 4087 ιαεεναιυπι

158 4109 307 4190 cruci
344 4107 513 4178 [itum
541 4116 639 4178 est,
670 4113 809 4163 utet
841 4050 1096 4163 aincent.
1140 4105 1351 4162 Bellov.
1397 4104 1493 4176 qui
1534 4103 1758 4175 afﬁxam

163 4180 323 4252 legit.

239 4244 337 4307 32.
382 4248 511 4321 Cum
540 4247 732 4321 Tyrum
756 4248 975 4321 urbem.
997 4248 1076 4305 De
1094 4246 1243 4321 Tyri
1257 4246 1653 4321 expugnatione
1678 4244 1762 4300 di-

166 4328 321 4377 ctum
351 4320 494 4376 libro
532 4316 815 4391 superiore
859 4319 1037 4391 capite
1080 4316 1170 4374 16'.
1203 4316 1588 4391 Carthaginem
1615 4330 1762 4391 vero

164 4392 328 4465 'l‘yrii
368 4387 764 4465 condiderunt,
779 4387 995 4465 semper
1028 4401 1313 4465 parentum
1338 4387 1461 4447 loco
1498 4387 1653 4453 culti,
1682 4389 1765 4443 ait

168 4461 405 4535 Curtius
445 4463 582 4518 libro
615 4478 687 4517 tv.
722 4462 877 4519 Unde
908 4461 1351 4535 Diodorus__libro
1373 4476 1517 4535 xvn_1
1548 4475 1760 4535 ιαρχη·

166 4507 632 4612 ἔυζέἇὸῖτζῇἱωί
646 4507 1133 4609 έπῖοίδζξυῖνόςαι.
1148 4507 1689 4604 ’νῖτξιιῖιὲᾱῖηθῖῧῗζ

415 4666 546 4734 Urbs
566 4668 762 4734 antiqua
780 4666 894 4733 luit,
915 4666 1048 4734 Tyrii
1072 4672 1285 4722 tenuere
1304 4668 1485 4733 coloni,

418 4729 858 4796 CarthagoCFm.

238 4882 349 4965 33.7
375 4878 580 4965 Et‘post
596 4897 730 4965 fera
755 4883 1064 4965 snperlitas.
1102 4878 1416 4965 Calliditate
1448 4880 1639 4965 simili,
1660 4896 1768 4954 qua

174 4968 309 5082 nasxs
326 4952 569 5082 st’raditur
596 4954 917 5011 Demaratus
941 4953 1387 5011 Lacedaemonius
1408 4967 1556 5026 supr.
1582 4952 1765 5023 libftt,

174 5042 197 5082 ι
276 5065 291 5079 .
366 5064 380 5079 .

165 5041 291 5096 cap.
326 5041 380 5082 ιι.

256 5098 348 5154 54.
394 5094 583 5153 Urbem
607 5097 722 5167 regi
742 5096 1072 5153 uenditasset.
1111 5096 1205 5155 Sic
1228 5098 1328 5154 feci
1360 5112 1425 5153 ex
1455 5096 1765 5152 uindicasset

170 5175 231 5226 et
282 5169 627 5225 eatdicasset.
675 5169 863 5225 Simile
890 5180 975 5225 est
1004 5169 1147 5238 apud
1192 5168 1491 5232 Iustinum,
1537 5168 1626 5223 tibi
1660 5170 1763 5224 hoc

170 5241 399 5323 verbum
437 5247 755 5323 u_sn_rpa_tur,
785 5253 886 5323 pro
912 5240 1234 5323 uendidisset
1256 5256 1274 5294 :
1300 5256 1401 5323 nec
1424 5239 1611 5323 dubito
1634 5240 1763 5323 quin

168 5311 335 5368 etiam
361 5309 615 5382 probabit
640 5309 829 5367 lector.
864 5311 1272 5367 Luna—Male
1300 5312 1352 5365 in
1384 5310 1549 5367 editis
1576 5309 1757 5365 vendi-

170 5393 356 5449 casset,
388 5396 513 5437 nam
536 5382 622 5439 vel
643 5383 920 5438 indicasset
949 5384 1031 5437 vel
1056 5385 1366 5438 venditasset
1405 5382 1755 5438 scribendum

173 5462 278 5513 est.
312 5455 469 5510 Patet
497 5467 565 5509 ex
607 5456 749 5508 notis
782 5454 1062 5513 Bongarsii
1107 5466 1161 5509 et
1194 5454 1519 5510 Bernccccri
1562 5454 1627 5508 ad
1659 5452 1756 5509 lu-

174 5525 299 5581 stin.
325 5526 419 5581 lib.
446 5539 567 5587 xxt.
592 5539 712 5596 cap.
737 5526 791 5593 6,
817 5524 957 5580 unde
976 5524 1202 5596 Orosius
1222 5540 1313 5580 sua
1342 5526 1539 5589 hausit.
1557 5534 1759 5579 utrum-

176 5613 280 5668 que
301 5605 455 5653 recte
486 5596 614 5668 dici.
650 5594 749 5666 pro
776 5596 1020 5651 venalem
1047 5594 1260 5668 υσθυε.
1300 5596 1413 5668 Ego
1442 5598 1491 5650 in
1524 5604 1758 5668 quatuor

175 5666 331 5725 codd.
369 5666 542 5737 Lugd.
596 5668 737 5723 Batt.
770 5679 822 5723 et
851 5668 991 5723 Coll.
1041 5667 1280 5724 Gronov.
1312 5666 1589 5723 indicasset
1621 5667 1760 5722 scri-

180 5752 320 5811 pturn
351 5740 560 5797 inveni.
603 5739 708 5811 Sed
740 5739 827 5794 ed.
876 5739 1105 5809 August.
1150 5749 1435 5807 utramque
1471 5738 1758 5811 lectionem

178 5809 612 5887 teprmscntavit,
645 5810 814 5870 edens
837 5811 1121 5869 indicasset
1150 5811 1231 5870 vcl
1261 5811 1585 5883 vindicasset,
1614 5809 1759 5885 quod

1790 4498 1845 4560 D

1848 3182 2028 3229 lasset.

1919 3246 2011 3301 35.
2056 3245 2282 3301 Adducti
2306 3256 2446 3300 sunt.
2489 3242 2563 3299 ita
2595 3245 2739 3303 malo
2763 3261 2887 3305 cum
2912 3265 3045 3307 mss.
3069 3251 3324 3309 omnibus
3349 3265 3437 3310 at-

1845 3332 1955 3387 que
1992 3315 2119 3399 edd.
2150 3317 2406 3383 vetustis,
2453 3331 2617 3389 quam
2661 3316 2842 3373 adacti
2872 3332 3013 3391 sunt,
3068 3324 3211 3395 quod
3242 3324 3449 3383 habent

1850 3400 2211 3443 l'CCCllllOl'eS.

2040 3457 2302 3540 .Namqne
2328 3458 2653 3540 Agathocles.
2718 3460 2991 3540 Diodorus
3016 3463 3174 3522 initio
3211 3465 3336 3540 libri
3372 3485 3441 3525 xx

1858 3544 1887 3611 _a
1926 3530 2090 3611 Troia
2151 3530 2307 3600 capta
2353 3530 2524 3603 usque
2570 3532 2638 3587 ad
2679 3533 3069 3611 profegionem
3122 3539 3441 3611 Agathoclis

1854 3602 1910 3657 in
1945 3600 2179 3656 Africam
2209 3600 2457 3657 numerat
2483 3616 2659 3657 annos
2677 3603 2808 3660 885.
2840 3604 3009 3662 FABR.

1921 3671 2011 3728 37.
2052 3672 2442 3753 Stipendioram
2471 3674 2802 3745 sufﬁcientia.
2838 3676 2939 3732 Ed.
2962 3681 3217 3751 August.,
3243 3682 3444 3753 stipen-

1852 3744 2059 3798 diorum
2087 3743 2471 3812 sufﬁcientiam.

1925 3814 2017 3870 58.
2056 3812 2290 3886 :l‘ransit.
2321 3815 2459 3886 God.
2494 3814 2737 3885 Longob.
2768 3832 2891 3873 cum
2918 3818 3057 3886 Meo,
3091 3823 3320 3879 transiit.

1926 3885 2017 3942 39.
2046 3883 2357 3941 Incendttnt.
2378 3885 2603 3942 Plurimi
2618 3883 2690 3943 ex
2712 3902 2867 3954 mss.,
2884 3883 3224 3948 succendunt.
3243 3894 3446 3951 lustio.

1854 3956 1951 4036 lib.
1978 3972 2113 4036 xxii,
2130 3970 2249 4036 cap.
2272 3956 2328 4027 6,
2350 3958 2612 4013 universas
2635 3975 2806 4029 naves,
2831 3964 3176 4020 consentiente
3200 3968 3446 4036 exercita,

1853 4030 2060 4083 incendi
2090 4029 2250 4083 iubet.

1928 4048 2629 4182 isf'xgttzincm_quetndm
2655 4117 2773 4156 cum
2796 4104 3008 4182 triginta
3034 4104 3281 4182 millibus.
3322 4107 3450 4182 nam

1858 4171 2091 4243 quidem,
2112 4170 2184 4225 ita
2209 4170 2456 4228 Justinus
2494 4172 2632 4229 libro
2668 4187 2803 4243 χιιι.
2835 4170 2904 4231 Ᾰι
2937 4177 3202 4233 Diodorus
3228 4180 3441 4243 scrinii,

1862 4257 1971 4297 non
2014 4242 2191 4297 solum
2242 4246 2557 4308 Annonem,
2606 4242 2703 4299 setl
2748 4256 2805 4300 et
2857 4246 3210 4305 Bomilcarem
3259 4242 3447 4305 conm

1862 4312 2211 4396 Agathoclem
2244 4315 2466 4369 missum
2492 4329 2623 4400 “cum
2665 4316 2937 4400 exercitu,
2987 4322 3189 4400 ianque
3236 4322 3445 4393 pedites

1864 4400 1975 4440 non
2007 4387 2287 4455 pauciores
2336 4402 2402 4441 χι,
2433 4387 2693 4455 millibus,
2726 4388 2937 4455 equites
2977 4387 3155 4458 mille,
3196 4387 3452 4448 curruum

1866 4456 1975 4511 duo
2006 4455 2171 4532 millia
2216 4455 2439 4532 fuerint,
2477 4458 3033 4532 quibusAgathocles
3059 4464 3314 4532 opposuit
3346 4464 3456 4532 pri.

1872 4542 2016 4583 mum
2034 4525 2206 4582 lilium
2235 4540 2389 4582 suum
2415 4525 2815 4598 Archagathum
2838 4544 2960 4585 cum
2982 4525 3191 4588 duobus
3216 4525 3457 4591 millibus

1874 4599 2110 4672 peditum
2161 4607 2218 4654 et
2258 4600 2567 4672 quingentis
2596 4599 2793 4672 deinde
2837 4600 3305 4672 Syracusanorum
3348 4606 3451 4660 tria

1872 4668 2035 4746 millia
2064 4683 2115 4735 ι,
2134 4676 2253 4746 _t_um
2278 4668 2590 4726 Grmborum
2604 4670 2778 4746 millia
2803 4668 2927 4741 tria,
2940 4672 3283 4746 totidemque
3304 4678 3460 4733 Sam-

1873 4740 2087 4806 nitium,
2134 4739 2485 4795 Etruscorum
2513 4752 2565 4797 et
2596 4740 2897 4797 Gallorum.
2915 4739 3209 4802 'Cecidisse'
3231 4747 3371 4803 idem
3400 4748 3455 4803 in

1872 4810 2065 4888 prtelio
2102 4810 2451 4888 ait,__Craccos
2481 4811 2773 4888 ducentos,
2816 4813 3315 4888 Carthaginienses,
3349 4834 3456 4874 non

1870 4882 2101 5010 :IIPmplius
2128 4882 2291 4950 mille,
2320 4888 2536 4938 tametsi
2569 4883 2788 4954 quidam
2815 4901 2906 4940 sea:
2929 4882 3093 4942 millia
3116 4882 3458 4961 scripserint.

1917 4970 2037 5009 ABR.
3362 4992 3365 4995 γ

1917 4970 2037 5009 ABR.
3362 4992 3365 4995 ,

1939 5028 2031 5083 41.
2085 5023 2303 5080 Obviam
2332 5022 2533 5080 habuit.
2557 5025 2689 5081 Cod.
2726 5026 2993 5097 Longob.,
3027 5029 3227 5086 obviam
3255 5032 3457 5087 habuit.

1937 5097 2049 5169 ιιι
2079 5097 2209 5151 Cum
2238 5097 2437 5150 duobus
2467 5097 2718 5153 millibus.
2761 5098 2921 5167 Apud
2961 5101 3266 5169 Justinum,
3312 5104 3459 5161 unde

1866 5167 1985 5223 hmo
2022 5167 2325 5241 desumpta
2360 5177 2522 5241 sunt,
2554 5171 2656 5224 tria
2695 5169 2860 5224 millia
2890 5171 3140 5241 periisse
3180 5167 3454 5231 dicuntur.

1865 5241 2082 5311 Legitur
2100 5238 2241 5311 apud
2270 5238 2421 5311 illum
2455 5239 2545 5295 lib.
2572 5254 2840 5307 xstt,cap.
2871 5238 2927 5305 ϐξ
2957 5240 3066 5298 Sed
3097 5244 3281 5311 prclio
3319 5263 3460 5301 com-

1864 5310 2040 5388 misso,
2070 5310 2174 5388 duo
2204 5310 2268 5363 de
2297 5310 2512 5388 Siculis,
2544 5312 2646 5367 tria
2677 5310 2845 5388 millia
2884 5313 2947 5367 de
2983 5310 3163 5388 famis
3198 5332 3315 5388 cum
3346 5318 3458 5388 ipso

1864 5383 1997 5437 duce
2026 5381 2271 5455 cecidere.
2302 5380 2359 5455 id
2398 5395 2530 5455 vero
2553 5397 2775 5455 prorsus
2812 5383 3152 5449 incredibile.
3176 5386 3313 5443 duos
3343 5380 3463 5441 tan-

1865 5463 1998 5521 tum,
2030 5465 2123 5526 ut“
2144 5453 2252 5526 vult
2297 5450 2571 5526 Orosiusf
2591 5454 2660 5510 de
2704 5454 2946 5526 exercitu
2978 5454 3287 5526 Agathoelis
3317 5458 3463 5515 cet-io

1866 5526 2034 5597 disse.
2081 5522 2235 5597 Unde
2278 5522 2524 5593 suspicor
2561 5526 2703 5597 apud
2747 5522 3205 5583 lustinum'illud
3246 5528 3352 5583 duo
3392 5532 3460 5586 ad

1866 5595 2053 5661 millia,
2074 5594 2285 5669 jtidcm
2334 5603 2413 5660 ut,
2454 5594 2612 5669 quod
2649 5600 2911 5665 sequitur,
2952 5599 3071 5669 tria,
3118 5599 3459 5655 referendum

1868 5681 2009 5743 esse.
2066 5664 2261 5722 Clades
2305 5664 2504 5743 autem
2537 5667 2824 5743 Panorum
2875 5670 3033 5743 longe
3057 5664 3295 5743 igravior
3336 5670 3462 5737 iuit,

1869 5738 2011 5818 quod
2052 5753 2159 5792 non
2202 5737 2367 5818 modo
2394 5739 2570 5818 multo
2610 5740 2817 5815 plures,
2850 5740 2948 5799 sed
2975 5737 3031 5800 et
3059 5737 3234 5817 ipsum
3265 5742 3458 5807 ducem

1873 5817 2155 5867 Annonem
2187 5817 2492 5872 amiserint.
