4150 6438
618 238 726 296 879

2003 236 2208 296 PAULI
2251 237 2481 297 OROSII

3819 234 3932 296 880

615 354 754 412 viris
779 360 973 426 captus
999 358 1109 420 est,
1139 359 1219 420 et,
1266 351 1320 408 in
1356 357 1585 408 cateuas
1614 350 1917 421 coniectus,
1945 351 1967 382 ⁷
1993 351 2212 408 decimo
2238 360 2292 423 Α
2316 361 2400 409 ter
2421 356 2755 421 cruenteque
2787 350 2842 406 in
2891 347 3188 406 universos
3222 347 3364 422 egit,
3397 346 3542 419 quod
3571 346 3845 420 Regulum
3880 348 3930 381 "

616 446 840 503 demum
857 459 1001 501 anno
1020 444 1210 502 Punici
1228 443 1356 500 belli
1377 441 1613 501 nobilem
1634 442 1971 514 triumphum
1999 441 2221 499 Cartha-

623 538 970 610 giniensibus
992 537 1248 609 praebuit.
1267 539 1290 569 ⁸
1305 535 1654 608 Xanthippus
1669 579 1685 605 ,
1711 544 1823 592 tam
1845 535 2069 592 audacis
2090 535 2217 593 lacti

619 637 903 700 conscius,
948 647 1130 691 rerum
1176 632 1342 706 239
1378 630 1710 689 iustabiliutn
1755 631 2111 689 mutationem
2152 630 2220 686 ti-

617 739 810 790 mens,
846 723 996 781 illico
1038 739 1107 781 ex
1145 723 1326 780 Africa
1355 723 1612 796 migravit
1649 723 1703 779 in
1739 723 2025 780 Grmciam.
2049 722 2218 794 Igitur

618 816 883 874 .‘Emilius
903 816 1103 874 Paulus
1126 823 1186 873 et
1201 814 1425 874 Fulvius
1452 815 1699 872 Nobilior
1722 816 2005 884 consules,
2032 814 2218 870 audita

620 909 941 980 captivitate
968 906 1160 977 Reguli
1185 915 1244 962 et
1263 905 1423 964 clade
1445 905 1724 962 exercitus
1749 903 2008 972 Romani,
2041 914 2222 961 trans-

614 1005 696 1057 ire
711 1002 763 1055 in
783 997 1024 1056 Africam
1041 998 1065 1030 ⁹
1082 1012 1206 1064 cum
1224 998 1402 1054 classe
1425 1007 1665 1055 trecenta
1675 1013 1796 1053 rum
1818 997 2038 1053 navium
2053 997 2212 1068 jussi,

612 1095 870 1164 Clupeam
894 1099 1111 1165 petunt.
1150 1091 1227 1148 Eo
1251 1090 1544 1150 confestim
1565 1090 2047 1162 Carthaginienses
2091 1106 2216 1146 cum

616 1187 731 1258 pari
758 1184 939 1241 classe
964 1191 1256 1250 venerunt,
1297 1195 1401 1240 nec
1423 1181 1637 1238 differri
1666 1183 1844 1252 potuit
1871 1182 2068 1239 navale
2093 1196 2217 1238 cer-

613 1287 821 1335 tamen.
850 1275 1079 1333 Centum
1116 1283 1174 1331 et
1212 1283 1452 1345 quatuor
1477 1287 1646 1331 naves
1679 1271 2213 1345 Carthaginiensium

614 1373 911 1438 demersa,
942 1369 1161 1442 triginta
1197 1382 1322 1426 cum
1353 1367 1749 1441 pugnatoribus
1773 1377 1971 1439 capue,
2001 1367 2045 1400 “
2072 1381 2213 1438 prte-

625 1476 774 1522 terea
819 1463 1038 1535 triginta
1081 1461 1322 1533 quinque
1415 1460 1586 1517 millia
1629 1460 1860 1516 militum
1893 1460 1934 1492 "
1975 1475 2040 1516 ex
2082 1458 2218 1531 ipsis

613 1572 758 1617 caesa
787 1563 919 1613 sunt
945 1555 1315 1612 Romanorum
1367 1563 1550 1608 autem
1599 1569 1794 1609 novem
1849 1554 2080 1611 navibus
2119 1553 2215 1612 de-

616 1651 843 1723 pressis,
871 1648 1022 1704 mille
1048 1657 1269 1704 centum
1287 1647 1503 1720 periere
1524 1646 1748 1703 milites.
1776 1645 2045 1702 Consules
2069 1646 2210 1718 apud

2325 443 2558 501 libenter
2585 443 2897 515 suscepisse
2935 439 3272 510 dicerentur,
3319 438 3469 499 mille
3494 442 3708 513 argenti
3742 440 3930 499 talea-

2322 536 2416 606 tis,
2453 545 2511 592 et
2534 535 2726 608 viginti
2757 533 2999 591 millibus
3032 534 3199 590 boum
3230 533 3476 605 reliquus
3516 532 3930 591 contmnam.

2319 628 2602 699 Principes
2633 640 2813 684 autem
2844 626 3089 684 omnium
3118 627 3447 698 populorum
3479 625 3728 698 patibulo
3756 623 3931 698 250

2321 720 2547 778 suffixit.
2579 721 2624 753 “
2654 720 2839 778 'l'ertio
2869 735 3040 786 anno,
3070 719 3214 775 sicut
3255 733 3474 788 semper
3506 717 3810 774 indomitus
3843 718 3935 772 lu-

2321 829 2412 871 ror
2433 817 2543 870 cito
2570 814 2936 884 periculorum
2963 810 3326 878 obliviscitur,
3357 809 3629 867 Servilius
3654 809 3841 881 Cit-pio
3871 817 3934 866 et

2321 907 2679 977 Sempronius
2703 906 2908 962 Blmsus
2936 903 3214 971 consules,
3244 903 3288 935 "
3315 918 3441 960 cum
3478 902 3735 960 ducentis
3762 917 3931 959 sexao

2317 1000 2469 1072 ginta
2523 998 2753 1054 navibus
2812 999 2866 1054 in
2920 996 3159 1054 Africam
3207 997 3553 1068 transgressi,
3607 997 3930 1052 universam

2319 1104 2472 1148 oram
2507 1090 2856 1156 maritimam,
2882 1104 3006 1161 quas
3028 1088 3175 1144 circa
3201 1087 3397 1159 Syrtes
3409 1087 3576 1159 iacet,
3602 1087 3932 1160 depopulati

2317 1195 2445 1243 sunt
2475 1204 2490 1240 :
2515 1194 2678 1256 atque
2715 1185 2770 1240 in
2808 1184 3092 1255 superiora
3138 1184 3438 1254 progressi,
3463 1182 3644 1254 captis
3683 1183 3928 1239 eversis-

2281 1312 2289 1320 -
2315 1293 2424 1350 que
2449 1277 2767 1334 civitatibus
2797 1275 3070 1346 plurimis,
3092 1275 3383 1347 ingentem
3413 1274 3653 1347 praedam
3681 1275 3752 1332 ad
3775 1276 3928 1331 clas-

2314 1385 2432 1428 setn
2465 1370 2508 1404 "
2543 1370 2903 1427 devexerant.
2954 1368 3111 1438 Inde,
3144 1367 3187 1400 "
3213 1382 3343 1426 cum
3386 1367 3459 1425 ad
3497 1367 3714 1426 Italiam
3758 1367 3916 1426 redi-

2316 1473 2464 1530 rent,
2501 1463 2648 1520 circa
2677 1461 2917 1518 Palinuri
2942 1461 3398 1534 promontorium,
3428 1461 3574 1533 quod
3601 1476 3638 1520 a
3677 1458 3926 1519 Lucanis

2316 1550 2592 1612 mentibus
2621 1555 2676 1611 in
2705 1555 2874 1610 altum
2917 1553 3185 1622 excurrit,
3215 1552 3346 1610 illisi
3389 1552 3651 1624 seopulis,
3689 1561 3922 1610 centum

2314 1647 2703 1719 quinquaginta
2731 1661 2900 1702 naves
2940 1645 3246 1710 onerarias,
3279 1642 3628 1716 nobilemque
3673 1645 3923 1716 praedans

613 1742 874 1814 Clupeam
907 1748 1086 1796 castra
1129 1749 1451 1813 posuerunt.
1503 1740 1618 1796 Duo
1649 1739 1934 1808 Annones,
1978 1739 2212 1809 impera-
2243 1745 2292 1808 Β
2317 1739 2612 1798 crudeliter
2642 1741 2991 1812 acquisitam,
3031 1737 3328 1794 infeliciter
3356 1736 3732 1809 perdiderunt.
3770 1738 3923 1796 Vicit

613 1844 763 1891 tores
806 1833 1127 1900 Pomorum,
1170 1847 1240 1888 eo
1283 1847 1503 1889 rursum
1547 1847 1668 1888 cum
1711 1847 1910 1904 magno
1961 1831 2209 1889 exercitu

616 1936 1016 1992 convenerunt,
1067 1925 1368 1997 prtulioque
1423 1925 1744 1993 commisso,
1796 1939 1993 1980 novem
2042 1924 2208 1982 millia

616 2022 851 2080 militum
895 2019 1275 2092 perdiderunt.
1304 2018 1348 2050 ¹²
1370 2017 1479 2075 Sed
1524 2027 1579 2074 et
1606 2027 1735 2075 tunc
1761 2018 1904 2088 apud
1935 2018 2210 2075 Romanos

615 2130 914 2184 numquam
945 2111 1198 2169 diuturna
1232 2110 1469 2168 felicitas
1503 2117 1648 2177 erat,
1695 2121 1750 2168 et
1786 2109 2210 2183 qualescumque

615 2220 907 2265 successus
933 2204 1149 2278 magnis
1171 2205 1437 2261 continuo
1463 2204 1731 2260 malorum
1755 2204 1992 2261 molibus
2019 2203 2214 2261 obrue-

614 2303 842 2358 bantur.
890 2301 1025 2357 Cum
1080 2299 1320 2355 Romana
1375 2298 1570 2355 classis
1624 2296 1693 2352 ad
1743 2295 1953 2354 Italiam
2014 2297 2211 2368 praedis

613 2405 815 2451 onusta
871 2401 1171 2459 remearet,
1231 2389 1454 2447 infando
1500 2389 1784 2461 naufragio
1836 2405 2027 2446 eversa
2075 2398 2202 2448 est:

612 2489 662 2522 ⁸³
692 2503 818 2543 nam
860 2486 930 2543 de
975 2484 1236 2541 trecentis
1273 2483 1510 2538 navibus
1541 2484 1586 2513 “
1614 2481 1866 2539 ducentze
1908 2491 1965 2538 et
2013 2482 2204 2552 viginti

609 2582 912 2652 perierunt,
945 2577 1229 2649 octoginta
1261 2576 1348 2630 vix
1376 2575 1604 2646 abjeCtis
1645 2573 1911 2632 oneribus
1949 2575 2202 2632 liberata:

610 2678 759 2724 sunt.
793 2667 1058 2734 Amilcar,
1089 2665 1197 2721 dux
1235 2665 1551 2730 Pomorum,
1583 2680 1708 2720 cum
1733 2664 1976 2720 exercitu
2005 2666 2059 2720 in
2098 2665 2206 2722 Nu-

609 2762 832 2819 midiam
873 2758 1358 2830 llauritaniamquc
1397 2757 1622 2828 missus,
1657 2767 1946 2828 postquam
1994 2757 2208 2815 hostili-

2314 1831 2610 1904 aliquando
2648 1831 2788 1901 apud
2822 1831 3098 1888 Romanos
3136 1828 3599 1901 intprobissiutam
3642 1828 3922 1902 cupidita-

2313 1935 2421 1983 tem
2449 1922 2748 1983 enormitas
2774 1921 3120 1981 miseriarum
3149 1939 3163 1977 :
3189 1937 3315 1978 nam
3347 1920 3558 1992 Patres,
3581 1921 3781 1993 quibus
3795 1921 3919 1993 jam

2310 2018 2548 2074 nautica
2590 2017 2668 2074 rei
2701 2016 2755 2048 ὀ
2779 2026 3075 2088 pertaesum
3126 2022 3295 2080 esset,
3341 2014 3637 2072 decrevere
3679 2029 3749 2072 ne
3791 2029 3921 2071 arn-

2310 2110 2452 2181 plius
2481 2126 2649 2182 quam
2672 2110 2958 2185 sexaginta
3005 2107 3227 2164 navium
3274 2106 3468 2166 classis
3497 2107 3566 2165 ad
3605 2107 3921 2164 subsidium

2312 2203 2604 2260 haberetur
2632 2201 2820 2270 Italiae,
2867 2199 3011 2274 quod
3037 2197 3259 2273 quidem
3304 2198 3585 2258 decretum
3622 2199 3919 2268 continuo,

2308 2295 2486 2352 adacti
2536 2294 2803 2352 indomita
2850 2291 3170 2365 cupiditate,
3215 2302 3502 2364 ruperunt.
3546 2291 3591 2326 ³⁸
3635 2291 3919 2350 Praeterea

2309 2387 2466 2442 Cotta
2491 2388 2682 2444 consul
2713 2387 2766 2442 in
2793 2385 3034 2443 Siciliam
3064 2393 3458 2458 transgressus,
3482 2385 3735 2456 plurimis
3767 2399 3922 2455 prte—

2313 2479 2401 2537 liis
2428 2481 2721 2538 adversum
2754 2480 2955 2537 Poenos
2985 2488 3041 2536 et
3081 2479 3298 2536 Siculos
3341 2487 3487 2536 terra
3527 2479 3778 2551 marique
3805 2493 3916 2550 pu-

2311 2578 2520 2648 gnavit,
2552 2585 2609 2633 et
2640 2591 2739 2647 per
2771 2585 2940 2630 totam
2974 2573 3220 2630 Siciliam
3251 2574 3450 2645 partim
3488 2569 3757 2640 hostium,
3787 2585 3920 2645 par-

2312 2672 2410 2725 tim
2441 2671 2606 2726 etiam
2653 2669 2959 2738 sociorum,
2987 2672 3034 2704 ¹²
3064 2667 3373 2723 inhumatus
3418 2676 3638 2738 strages
3664 2663 3916 2739 reliquit.

2313 2762 2377 2822 ι..
2409 2760 2626 2821 ϐωεῑιίο
2671 2763 2909 2833 Metello,
2941 2763 2989 2796 "
3017 2761 3077 2818 C.
3126 2761 3292 2819 Furio
3338 2761 3524 2820 Pacilo
3563 2761 3913 2831 consulibus,

1894 2923 2348 2987 HAVERCAMPI
2387 2927 2613 2986 NOTAE.

606 3045 760 3120 gub.,
786 3045 900 3120 dum
927 3043 1141 3120 nobilis,
1170 3050 1226 3098 et
1253 3043 1334 3098 sic
1363 3040 1773 3120 plerique-mss.

2237 3073 2283 3137 ρ
2313 3049 2569 3137 “regem
2587 3046 2716 3137 πρξις
2737 3053 2844 3137 τεᾶς
2858 3043 3400 3137 τριακξσίαιςῠναυσὶν.
3428 3041 3735 3118 ὁγδοήκοντα
3763 3043 3918 3117 μόνον

679 3120 739 3196 ‘_l_._
772 3115 988 3196 pssime
1034 3112 1242 3196 demum
1292 3129 1455 3196 enim.
1503 3112 1992 3196 Decimus-anuus
2019 3113 2211 3196 Julius

2317 3112 2510 3196 συγξέη
2532 3112 2913 3196 ἕεριλειφϐἧναξ
2941 3119 3133 3196 axium.
3166 3113 3334 3196 Fallit.

613 3187 741 3244 belli
771 3189 870 3242 fuit
897 3194 1022 3256 post
1046 3188 1387 3240 consulatum
1419 3184 1610 3253 [leguli
1646 3192 1717 3256 get
1770 3183 1979 3250 Manlii,
2019 3183 2213 3241 Fulvio

608 3266 669 3315 et
697 3255 922 3314 Emilio
960 3271 1134 3322 coss.,
1164 3271 1272 3326 quo
1299 3271 1444 3311 anno
1490 3255 1758 3324 llegulum
1803 3267 2019 3326 captum
2064 3267 2214 3314 recte

610 3341 768 3400 putat
795 3328 1068 3400 Sigonius.
1101 3327 1236 3382 Nam
1268 3337 1324 3383 et
1363 3327 1645 3400 Appianus
1671 3327 1994 3400 de_captivis
2020 3343 2209 3398 agens,

612 3397 700 3458 Stati
745 3397 881 3475 per“
1141 3397 1727 3490 inquiund'arparn'yos
1754 3397 1984 3490 ᾎΞίλιος,
2015 3397 2214 3490 agam;

606 3467 847 3555 γηοξώς,
879 3472 1210 3554 dilectior-ru;
1240 3468 1321 3552 ita.
1342 3467 1534 3554 Cicero
1565 3467 1750 3525 tamen
1789 3471 1880 3526 lib.
1927 3486 1985 3526 ιιι
2029 3472 2099 3526 de
2118 3472 2214 3555 ρι-

613 3547 703 3600 tic.
737 3552 812 3622 tta
848 3549 1084 3622 scriba:
1117 3540 1197 3622 .
1223 3541 1418 3622 stultus
1447 3538 1704 3622 Regulus,
1747 3557 1866 3596 cum
1886 3541 2071 3622 ca_i_tsul
2111 3553 2211 3597 ite-

611 3631 734 3670 rum
757 3617 812 3669 in
842 3613 1019 3684 Africa
1039 3629 1104 3669 ea:
1135 3613 1338 3669 insidiis
1361 3623 1541 3684 captus
1570 3620 1722 3678 esset,
1750 3623 1860 3670 etc.
1936 3613 2106 3668 Fson.

684 3686 741 3741 8.
805 3683 1162 3750 Xanthippus,
1232 3692 1340 3739 tam
1377 3683 1614 3739 audacis.
1679 3684 1755 3740 De
1794 3687 1995 3747 causis,
2047 3701 2214 3754 quare

614 3755 962 3828 Xanthippus
989 3757 1174 3829 subito
1223 3772 1289 3812 ex
1341 3755 1524 3829 Africa
1565 3755 1904 3829 discesserit,
1960 3756 2213 3829 Polybius

613 3827 894 3896 legendus,
941 3835 999 3883 et
1025 3827 1324 3898 Appianus.
1379 3827 1546 3899 Fasti.
1575 3857 1644 3867 -
1684 3828 1991 3898 Polybium,
2051 3827 2213 3899 quem

613 3899 737 3956 vide
759 3901 857 3954 lib.
885 3915 925 3966 t,
956 3897 1085 3968 cap.
1111 3899 1182 3954 56
1209 3899 1459 3969 sequitur
1483 3897 1732 3968 Orosius,
1765 3897 1996 3955 Romani
2024 3897 2209 3968 aliam,

618 3979 680 4026 ut
701 3971 1014 4039 probrosam
1042 3971 1247 4034 Poenis,
1278 3971 1478 4041 passim
1501 3972 1676 4026 secuti
1704 3983 1832 4025 sunt
1857 3971 2210 4040 sententiam,

620 4057 786 4112 quam
813 4041 1061 4112 pluribus
1085 4041 1251 4097 refert
1279 4042 1514 4111 Appian.
1556 4042 1610 4096 in
1640 4042 1763 4098 ittit.
1788 4043 1857 4098 de
1901 4043 2016 4098 Bel.
2051 4043 2215 4098 Puni-

614 4127 706 4240 εἴ,
731 4111 1015 4241 εὲιὲἓθϐιέἰό
1035 4113 1216 4212 verbis
1256 4115 1601 4184 persequitur
1645 4113 1816 4172 Silius
1848 4115 2068 4172 Italicus
2113 4115 2212 4171 lib.

611 4199 700 4252 vt,
731 4199 879 4240 vers.
907 4199 1054 4241 usu:

677 4278 784 4344 ﬁec
801 4293 899 4330 non
918 4280 1193 4344 projectum
1214 4282 1385 4344 puppi,
1412 4278 1692 4344 frustraque
1713 4289 1964 4334 vocantem

678 4341 911 4407 ﬁumina,
933 4341 1503 4407 Amycleum’mcrgebat
1527 4341 1711 4407 perﬁda
1736 4354 1884 4407 ponto

679 4404 944 4471 llectgem
965 4417 1156 4471 manus,
1181 4413 1234 4454 et
1255 4404 1387 4471 feras
1408 4405 1518 4468 tibi,
1543 4404 1756 4469 Regule,
1775 4420 1947 4471 pmnas

678 4464 989 4529 Xanthippus
1008 4466 1148 4530 digni
1169 4467 1416 4530 pendebat
1438 4464 1713 4531 insequere
1737 4464 1884 4521 lethi.

683 4549 744 4606 9.
787 4547 916 4604 Cum
946 4550 1110 4605 classe
1137 4559 1486 4605 trecentarum
1514 4553 1744 4607 narium.
1773 4551 1920 4608 Idem
1953 4569 2212 4611 numerus

615 4629 713 4697 est
734 4623 788 4675 in
817 4620 1104 4697 £tt_lr0pi_0,
1149 4621 1410 4692 Polybius
1437 4639 1451 4677 :
1479 4624 1752 4697 τριακόσια
1794 4629 1878 4682 καὶ
1905 4632 2216 4688 πεντήκοντα

622 4693 788 4765 σκάφη
815 4692 996 4765 liabet.
1030 4692 1196 4748 FABR.

691 4761 776 4820 10.
823 4761 1104 4839 Patarea,
1134 4764 1352 4839 triginta
1371 4765 1598 4839 quinque
1625 4765 1810 4839 millia.
1840 4767 1898 4822 In
1931 4768 2214 4839 impressis

617 4833 864 4903 Eutropii
897 4835 1052 4888 libris
1091 4845 1177 4889 est
1207 4833 1706 4900 Quindecim'millia
1732 4837 1962 4893 hostium
1991 4833 2084 4894 aut
2126 4856 2212 4894 oc-

617 4904 862 4980 cidilaut
891 4905 1044 4976 cepit.
1077 4906 1182 4962 Sed
1211 4920 1334 4961 cum
1369 4908 1423 4961 in
1466 4916 1657 4963 nostro
1685 4911 2060 4980 manuscripto
2089 4909 2162 4966 sit
2194 4931 2206 4966 :

620 4990 655 5029 ν
674 4977 864 5053 millia,
892 4987 1363 5053 puto-numerum,
1387 4993 1498 5048 quo
1526 4980 1744 5052 triginta
1771 4977 2074 5053 signiﬁcata
2101 4983 2214 5040 fuc-

619 5055 774 5110 runt,
805 5047 1172 5104 intercidisse.
1213 5047 1384 5104 Fasn.

685 5119 776 5173 11.
822 5115 905 5172 Ex
933 5118 1079 5188 ipsis.
1135 5118 1301 5174 Abest
1331 5121 1436 5176 hoc
1481 5122 1532 5175 iu
1565 5130 1700 5179 vett.
1745 5122 1877 5180 edd.
1917 5133 2044 5180 ante
2083 5123 2210 5180 Bol-

615 5190 959 5264 suingianam
1010 5202 1064 5244 et
1103 5190 1341 5264 llittorp.
1389 5191 1446 5246 In
1490 5194 1687 5263 quibus
1716 5194 1849 5264 ipsis
1899 5197 2042 5252 male
2081 5212 2209 5253 mox

614 5260 945 5386 deqri’lte‘usis
975 5276 1073 5332 pro
1102 5263 1384 5333 depressis,
1423 5260 1568 5334 quod
1614 5266 1704 5321 ed.
1736 5260 1885 5338 'Aug.
1916 5285 2039 5323 cum
2069 5283 2204 5327 mss.

615 5347 683 5386 ex
713 5350 745 5385 η
789 5349 817 5386 e
851 5371 864 5382 .

615 5333 864 5386 exhibet.

686 5402 778 5456 12.
823 5402 930 5457 Sed
970 5413 1018 5456 ct
1045 5412 1188 5482 tunc.
1217 5404 1360 5482 μεθ.
1409 5420 1628 5482 omnes,
1672 5411 1763 5482 sed
1804 5421 1859 5463 ut
1889 5420 2034 5479 tunc,
2067 5421 2202 5480 etc.,

607 5487 803 5594 gerum
851 5483 963 5529 tum
994 5477 1173 5531 minor
1198 5477 1480 5532 distinctio
1510 5480 1635 5548 poni
1679 5480 1843 5538 debet
1871 5492 1992 5552 post
2019 5477 2205 5539 obrue;

643 5561 707 5594 απ
734 5561 818 5594 ur.

643 5551 818 5598 antur.

684 5615 771 5669 15.
838 5613 978 5668 Nam
1029 5617 1091 5670 de
1148 5622 1386 5692 trecentis
1432 5621 1666 5676 nauibus.
1717 5622 1946 5692 Eutrop.
2003 5626 2196 5689 aliter,

611 5683 780 5739 Tanta
812 5697 1090 5756 tempest/is
1116 5691 1233 5757 fuit,
1281 5702 1336 5743 ut
1381 5708 1443 5744 ex
1476 5692 1584 5748 465
1623 5695 1856 5757 naribus,
1889 5683 1961 5751 80
2001 5683 2200 5752 servari

609 5757 696 5811 νίιτ
739 5760 1017 5829 potuerint-
1052 5760 1143 5821 5ιο
1183 5770 1237 5820 et
1265 5761 1518 5835 Polybius
1545 5773 1644 5824 τῶν
1689 5769 1790 5849 γὰρ
1837 5769 2075 5836 ἐξήκοντα
2111 5773 2197 5837 τεᾳί

2389 3191 2478 3247 id.
2521 3185 2768 3245 Du'centae
2790 3197 2838 3242 et
2857 3185 3065 3259 viginti,
3083 3194 3190 3241 etc.
3216 3185 3385 3258 Lugd.
3406 3185 3548 3242 Ball.
3577 3199 3666 3256 pr.
3689 3194 3744 3240 et
3771 3193 3907 3241 ιρι-ι.

2317 3275 2438 3348 cum
2497 3259 2640 3317 Coll.
2692 3260 2958 3326 Gronov.,
3017 3273 3195 3316 ccxxx
3243 3260 3530 3330 perierunt,
3577 3259 3919 3331 septuaginta

2312 3341 2781 3460 mlite/libenter.
2814 3402 2985 3460 Abest
3008 3416 3038 3457 a
3060 3399 3272 3457 duobus
3299 3399 3475 3475 Lugd.
3505 3399 3649 3457 Batt.
3679 3408 3738 3458 et
3761 3399 3915 3459 Coll.

2506 3491 2558 3530 ν.

2315 3474 2503 3604 Grilli}?
2518 3546 2692 3604 Tertio
2713 3564 2870 3602 anno.
2897 3546 3123 3603 Orosius
3154 3544 3244 3601 hic
3265 3543 3402 3600 duos
3422 3558 3598 3602 annos
3627 3554 3913 3602 extremos

2316 3630 2697 3676 connumerat.
2735 3619 2864 3673 Nam
2907 3620 3050 3674 inter
3080 3617 3183 3673 hos
3209 3617 3462 3674 consules
3490 3631 3556 3673 ac
3590 3617 3914 3686 superiores

2319 3691 2569 3757 Paulum,
2615 3702 2669 3746 et
2695 3691 3055 3755 Nobiliorem,
3101 3703 3244 3745 unus
3283 3699 3488 3744 tantum
3529 3704 3705 3745 annus
3738 3688 3913 3746 inter-

2317 3761 2438 3819 fuit.
2475 3764 2550 3817 De
2591 3765 2758 3820 rebus
2786 3763 2856 3817 ab
2896 3761 2984 3818 his
3025 3776 3170 3816 coss.
3220 3762 3392 3832 gestis
3420 3761 3680 3831 Polybius
3715 3767 3773 3816 et
3803 3761 3888 3816 Eu

2319 3834 2656 3962 "$3133;
2675 3905 2940 3977 ducentis.
2958 3903 3052 3962 Sic
3072 3919 3274 3975 repone
3297 3919 3367 3961 ex
3395 3903 3520 3961 cod.
3546 3903 3777 3975 August.
3805 3919 3915 3977 pro

2321 3977 2580 4042 ducentis.
2613 3978 2755 4048 quod
2788 3978 2841 4033 itt
2869 3976 3096 4047 reliquis
3124 3985 3236 4033 est.

2390 4052 2480 4106 18.
2521 4046 2868 4106 Devexernnt.
2920 4046 3036 4121 Duo
3080 4064 3146 4104 ex
3193 4046 3363 4121 Lugd.
3414 4046 3559 4106 Batt.
3601 4062 3726 4105 cum
3762 4046 3908 4105 Coll.

2317 4119 2488 4179 Gron.
2519 4131 2575 4177 et
2603 4121 2692 4178 ed.
2723 4125 2887 4187 Aug.,
2915 4118 3258 4176 deduxerunt.

2390 4194 2479 4250 19.
2519 4191 2650 4250 Cum
2675 4195 2744 4247 ad
2778 4191 3015 4248 Italiam.
3041 4192 3137 4249 Ed.
3171 4194 3338 4265 Aug.,
3369 4206 3487 4247 cum
3525 4189 3743 4247 Italiam
3771 4192 3918 4248 redi-

2316 4275 2480 4394 mgll.
2523 4335 2811 4393 Perttesunt
2837 4345 2984 4392 esset.
3016 4335 3162 4391 Editi
3199 4350 3411 4404 omnes,
3437 4322 3647 4406 praeter
3674 4337 3910 4407 August.

2237 4444 2293 4505 D
2319 4409 3152 4505 ῗἮῖἷῨΡῩὲΡΞΕἾΡΞΞιυξ,Ε’πίξᾶίξίῗ
3165 4407 3355 4505 ίέἶῖίέἶθ
3382 4408 3905 4505 ἪῨΞΞἯἚἛΞΞ·

2317 4477 2856 4538 omnescimstanter
2900 4479 3155 4535 scribunt
3189 4489 3342 4544 esset,
3389 4477 3534 4549 quod
3571 4478 3642 4536 ab
3675 4478 3910 4546 Orosio,

2317 4553 2559 4622 ejusdem
2597 4554 2799 4610 saiculo
2829 4549 3129 4618 profectum
3164 4550 3402 4622 videtur.

2387 4625 2480 4679 21.
2522 4624 2782 4678 Prwterea
2804 4624 2952 4678 Cotta
2979 4621 3178 4678 consul.
3202 4621 3262 4678 C.
3302 4622 3554 4679 Aurelius
3581 4621 3739 4680 Cotta
3764 4635 3908 4678 cou-

2317 4697 2398 4750 sul
2427 4711 2551 4752 cum
2582 4697 2640 4752 P.
2671 4696 2906 4753 Servilio
2949 4695 3183 4750 Gemino
3211 4693 3314 4750 fuit
3356 4708 3499 4750 anno
3527 4694 3680 4749 urbis
3704 4709 3759 4749 ut
3798 4709 3916 4763 quo

2317 4783 2442 4822 eum
2473 4770 2544 4824 de
2587 4766 2768 4824 Pmnis
2817 4777 2873 4822 et
2918 4766 3123 4822 Siculis
3164 4766 3532 4836 triumphasse
3585 4764 3912 4836 Capitolinis

2315 4839 2516 4894 tabulis
2553 4850 2639 4893 est
2665 4839 2958 4908 proditum.
2993 4837 3160 4908 Fasti.

2383 4910 2477 4966 2-2.
2520 4905 2830 4981 Inhumatas
2869 4918 3091 4981 strages.
3141 4905 3378 4981 Vulgati,
3422 4908 3740 4981 inhumanas
3769 4922 3791 4981 ξ
3821 4909 3908 4964 in-

2316 4981 2549 5039 humane
2575 4993 2751 5038 certe.
2786 4978 3452 5045 I.sur.-‘—-Comprobatur
3480 4993 3547 5036 ea
3577 4979 3742 5036 lectio
3765 4978 3904 5036 Lau-

2313 5053 2372 5107 tii
2403 5069 2508 5110 non
2535 5055 2698 5108 modo
2728 5053 2798 5108 iis
2837 5067 2968 5108 mss.
3001 5067 3067 5108 ex
3096 5050 3376 5123 quibusin
3403 5051 3530 5123 edd.
3560 5049 3815 5123 reliquis,
3845 5061 3910 5106 ut

2313 5124 2458 5180 Iluls.
2484 5125 2714 5195 llittorp.
2745 5133 2802 5180 et
2829 5138 2983 5195 seqq.
3014 5121 3127 5180 fuit
3141 5121 3401 5195 reposita,
3429 5121 3604 5195 sedet
3631 5121 3901 5195 Florenti.

2312 5198 2492 5265 primo
2517 5208 2574 5252 et
2603 5193 2786 5262 tertio,
2821 5203 2877 5250 et
2905 5193 3029 5250 meo
3068 5194 3282 5265 codice,
3313 5201 3372 5265 ut
3398 5203 3455 5251 et
3481 5193 3574 5248 illo
3598 5194 3689 5264 qui
3718 5209 3900 5263 quon—

2309 5264 2435 5325 dam
2464 5266 2740 5323 Perizonii
2769 5267 2888 5321 fuit.
2916 5267 3062 5321 Flor.
3092 5282 3204 5323 sec.
3245 5264 3408 5320 habet
3439 5267 3740 5320 innumeras
3767 5275 3906 5321 stra-

2308 5356 2416 5408 ges.
2445 5337 2599 5394 Cotta
2627 5351 2762 5394 vero
2793 5338 3187 5408 proconsulare
3216 5337 3512 5406 imperium
3556 5351 3636 5408 eo,
3669 5352 3816 5392 anno
3845 5338 3900 5394 in

2307 5407 2490 5466 Sicilia
2523 5411 2782 5466 habuisse
2796 5407 3045 5464 ’videtur.
3085 5409 3196 5465 Vox
3232 5409 3388 5464 etiam
3428 5409 3484 5464 in
3515 5407 3730 5463 duobus
3762 5424 3898 5466 mss.

2309 5481 2484 5543 Lugd.
2518 5483 2658 5537 Batt.
2692 5495 2798 5536 nou
2830 5481 3116 5536 invenitur.

2373 5554 2468 5609 25.
2512 5551 2676 5608 Furio
2706 5551 2909 5606 Pacilo.
2949 5550 3182 5619 Pacilus,
3207 5565 3316 5608 non
3347 5549 3599 5606 Placidus
3628 5549 3780 5607 Furii
3807 5565 3896 5608 εον

2306 5639 2540 5694 gnomon
2573 5633 2658 5682 est
2690 5625 2741 5677 in
2775 5622 2948 5681 Fastis
2977 5624 3153 5695 Capit.
3188 5637 3430 5695 quorum
3455 5625 3770 5695 auctoritas
3800 5639 3904 5679 no-

2306 5698 2389 5770 ωε
2413 5695 2730 5770 gravissima
2761 5705 2864 5753 eat.
2909 5696 2985 5754 De
3013 5693 3076 5754 ro
3115 5712 3144 5753 a
3186 5693 3406 5752 Metello
3431 5705 3583 5770 gesta
3615 5693 3814 5768 Polyb.
3845 5705 3901 5754 et

2305 5768 2531 5844 Eutrop.
2566 5766 2735 5826 Fasti.
