4150 6510
547 279 660 340 895

1948 271 2154 332 PAULI
2193 271 2424 332 OROSll

3747 273 3858 336 896

551 396 835 465 plen-tento
869 390 1179 458 exercitus,
1211 389 1424 459 edicto,
1460 390 1613 448 velut
1641 389 1796 464 asylo
1831 389 2141 462 patefacto,
2169 399 2223 459 Α
2246 387 2522 446 miseriam
2539 387 2621 446 vel
2645 387 3551 462 miseramimproliitatem."Quis
3565 387 3760 448 credat
3785 403 3861 450 eo

551 486 808 543 homines
834 482 1163 556 quicumque
1188 483 1490 542 sceleribus
1506 497 1569 538 ac
1587 481 1792 540 debitis
1817 481 2039 540 obnoxii
2058 495 2150 539 cs-

556 587 698 644 sent,
731 573 1056 647 impunitate
1085 575 1376 646 promissa,
1399 574 1613 631 militia:
1631 574 1978 644 mancipavit,
2005 587 2148 646 quo-

554 685 673 725 rum
705 682 964 724 numerus
989 667 1032 700 “
1061 667 1127 723 ad
1167 681 1266 723 sex
1295 666 1466 724 millia
1493 665 1737 724 virorum
1767 666 1891 722 l’uii.
1921 666 2152 738 Campa—

555 765 640 820 nia
667 777 827 832 vero,
856 762 938 819 vel
961 762 1141 833 potius
1164 762 1341 818 omnis
1360 758 1536 827 Italia,
1555 759 1625 816 ad
1652 759 1975 818 Annibalem
2000 801 2017 828 .
2047 760 2148 816 do-

561 864 780 930 sperata
812 855 1026 925 penitus
1061 853 1294 910 Romani
1323 862 1503 911 status
1535 853 1904 926 reparatione.
1925 853 2146 910 deiecit.

560 949 690 1006 Post
719 948 824 1004 boc
852 949 1051 1006 Lucius
1079 948 1391 1006 Postumius
1420 957 1624 1021 praetor
1643 948 1928 1004 adversum
1952 946 1998 982 ”
2017 946 2148 1005 Cal-

566 1042 648 1096 lus
679 1056 919 1112 pugnare
949 1041 1166 1110 missus,
1191 1055 1315 1097 cum
1338 1039 1583 1097 exercitu
1604 1055 1780 1096 exesus
1808 1049 1915 1097 est.
1943 1038 2152 1096 Deinde

556 1135 887 1205 Sempronio
916 1135 1198 1204 Graccho,
1225 1134 1292 1205 Q.
1339 1132 1509 1191 Fabio
1533 1133 1768 1190 Maximo
1797 1133 2146 1200 consulibus.

555 1224 818 1284 Claudius
863 1225 1029 1299 258
1076 1226 1366 1283 Marcellus
1420 1239 1487 1281 ex
1544 1234 1776 1297 praitore
1826 1225 2152 1297 proconsule

556 1319 870 1390 designatus
902 1361 920 1385 ,
972 1317 1019 1350 “
1060 1317 1346 1376 Annibalis
1393 1320 1696 1376 exercitum
1746 1318 1934 1388 prmlio
1970 1317 2149 1384 ludit,

564 1411 884 1482 primusque
906 1419 1028 1482 post
1050 1420 1229 1467 tantas
1250 1410 1585 1482 Reipublicae
1614 1410 1798 1468 ruinas
1817 1425 1967 1482 spem
1994 1409 2147 1478 fecit,

566 1505 889 1562 Annibalem
917 1520 1080 1576 posse
1108 1506 1378 1577 superari.
1407 1505 1694 1577 Scipiones
1731 1515 1913 1562 autem
1945 1504 1999 1560 in
2027 1505 2153 1560 llis-

564 1599 724 1669 pania
754 1597 1135 1668 Asdrubalem,
1169 1600 1464 1655 Pcenorum
1497 1601 1908 1668 imperatorem,
1936 1597 2004 1652 ad
2049 1596 2153 1652 lia-

2255 491 2518 552 tempore,
2541 496 2649 554 quo
2676 483 2925 537 :erarium
2956 481 3380 554 populiliotnani
3403 497 3634 555 egenam
3657 482 3862 556 stipem

2252 574 2458 646 privata
2475 572 2762 630 collatione
2779 576 3054 644 poscebat,
3070 576 3118 608 ³³
3139 574 3296 630 miles
3319 575 3373 630 in
3391 576 3592 630 castris
3631 572 3860 631 neunisi

2253 676 2338 720 aut
2358 671 2596 735 pucruut
2607 679 2823 736 servus,
2839 660 3369 732 autscelcratus,aut
3386 664 3755 722 debitorctue
3772 664 3857 722 sic

2250 757 2468 829 quidem
2479 756 2528 789 ⁸⁸
2549 756 3014 813 numeroidoneus
3031 768 3173 825 erat,
3188 757 3643 814 senatusineuria
3669 756 3860 813 omnis

2252 865 2390 922 pene
2419 847 2655 906 novitiua
2679 849 2962 906 videbatur
2988 869 3000 907 :
3029 858 3310 922 postremo
3333 863 3460 907 cum
3488 849 3564 905 ita
3593 849 3856 906 imminu-

2253 945 2326 1000 tis
2350 943 2517 1018 259
2539 943 2832 1017 fractisque
2855 946 3108 1002 omnibus
3131 947 3182 980 "
3202 947 3610 1018 despcraretur,
3629 956 3693 1004 nt
3705 961 3847 1004 con-

2252 1037 2435 1093 silium
2483 1035 2554 1092 de
2594 1034 2951 1108 relinquenda
2997 1037 3149 1094 italia
3196 1041 3498 1107 subiretur,
3526 1039 3575 1072 "
3604 1053 3675 1097 eo
3707 1049 3856 1095 tem-

2253 1147 2385 1204 pore
2403 1174 2420 1202 ,
2466 1148 2590 1189 cum
2631 1145 2797 1188 unum
2825 1129 3186 1188 domesticum
3217 1131 3422 1190 bellum
3449 1175 3464 1201 ,
3489 1140 3552 1188 ut
3573 1131 3848 1200 diximus,

2251 1227 2300 1260 ⁸⁸
2332 1225 2460 1282 ferri
2483 1225 2636 1283 nullo
2664 1225 2826 1282 modo
2851 1235 3035 1296 posset
3063 1265 3080 1292 ,
3109 1227 3154 1260 ”
3179 1226 3286 1281 tria
3319 1226 3543 1298 insuper
3577 1235 3858 1284 transma-

2252 1317 2370 1374 rina
2417 1318 2561 1374 bella
2613 1315 2785 1374 fuisse
2830 1319 3126 1388 suscepta?
3167 1332 3338 1373 unum
3379 1319 3435 1374 in
3459 1317 3865 1376 lacedonia"

2252 1419 2440 1466 contra
2469 1407 2776 1480 Philippum
2808 1408 3248 1480 potentissimum
3272 1408 3616 1466 Macedonia:
3639 1423 3861 1483 regem.

2251 1503 2484 1559 alterum
2535 1505 2590 1560 in
2640 1503 2898 1574 Hispania
2945 1512 3139 1560 contra
3169 1503 3533 1560 Asdrubalem
3566 1503 3864 1562 Annibalis

2255 1594 2475 1650 fratrem
2500 1636 2516 1660 ,
2544 1595 2764 1651 tertium
2796 1595 2850 1650 in
2881 1594 3133 1652 Sardinia
3162 1604 3351 1651 contra
3387 1594 3594 1653 Sardos
3621 1604 3680 1654 et
3701 1596 3854 1654 alte-

561 1691 687 1747 liam
727 1691 1031 1748 exercitum
1070 1701 1516 1762 comparantem,
1556 1689 1600 1722 "
1641 1690 1964 1762 gravissimo
2007 1687 2154 1745 bello
2187 1759 2223 1762 _
2257 1702 2374 1741 rum
2403 1685 2761 1742 Asdrubalcm
2786 1726 2802 1753 ,
2846 1683 3381 1758 Carthaginiensium
3415 1686 3652 1744 ducem:
3683 1697 3854 1746 extra

561 1793 975 1856 oppresserunt.
1002 1781 1046 1815 “
1067 1759 1440 1855 Nam—triginta
1463 1759 1701 1854 quinque
1725 1783 1894 1838 millia
1922 1782 2155 1839 militum
2187 1759 2234 1820 Β
2261 1779 2364 1835 hoc
2393 1789 2644 1848 quartum
2670 1778 2984 1845 Annibalis,
3016 1795 3124 1850 quo
3147 1780 3202 1835 in
3229 1779 3381 1836 Italia
3411 1781 3817 1852 premebantur
3840 1799 3863 1840 :

561 1876 632 1932 de
651 1873 895 1932 exercitu
918 1875 1037 1946 ejus
1063 1876 1105 1909 ³⁷
1137 1875 1221 1931 vel
1250 1874 1401 1932 cmde
1427 1878 1514 1931 vel
1542 1876 1793 1947 captione
1820 1878 2154 1930 minuerunt.

559 1967 866 2024 Celtiberos
899 1966 1131 2034 milites,
1178 1968 1222 2000 "‘
1267 1983 1430 2039 quam
1468 1967 1696 2038 primam
1735 1977 2014 2024 externam
2042 1982 2154 2024 ma.

563 2075 689 2115 num
714 2059 942 2115 Romani
971 2058 1026 2114 in
1055 2058 1252 2114 castris
1275 2057 1482 2115 habere
1510 2071 1820 2127 cmperunt,
1846 2061 2023 2129 pretio
2048 2060 2154 2116 sol-

560 2150 817 2216 licitatos,
843 2148 913 2206 ab
933 2148 1172 2207 hostium
1193 2150 1461 2207 societate
1478 2149 1534 2206 in
1553 2160 1731 2207 castra
1745 2164 1840 2208 sua
1858 2152 2150 2209 duxerunt.

563 2243 606 2275 ³³
635 2241 992 2311 Sempronius
1033 2240 1312 2298 Gracchus
1355 2243 1716 2314 proconsule,
1766 2245 1812 2275 ’θ
1838 2247 1906 2300 ab
1937 2246 2152 2317 boSpite

557 2347 660 2389 suo
701 2333 924 2388 Lucano
961 2332 1192 2404 quodam
1234 2332 1291 2388 in
1334 2333 1564 2390 insidias
1601 2333 1858 2392 inductus
1885 2379 1901 2401 .
1938 2339 2151 2395 occisus

556 2435 660 2481 est.
684 2427 728 2458 ἰ
751 2424 1048 2482 Centenius
1077 2425 1302 2495 Penula,
1323 2429 1598 2496 centurio,
1622 2426 1844 2484 decerni
1875 2429 1980 2485 sibi
2006 2433 2151 2487 ultro

557 2517 761 2574 bellum
788 2515 1074 2574 adversum
1098 2518 1420 2574 Annibalem
1445 2518 1599 2590 petiit
1629 2536 1644 2574 :
1675 2535 1706 2574 a
1735 2537 1844 2592 quo
1872 2538 1996 2579 cum
2025 2535 2148 2582 octo

561 2608 805 2664 millibus
827 2609 1056 2664 militum
1077 2650 1091 2677 ,
1122 2624 1264 2681 quos
1291 2611 1337 2642 ²²
1365 2611 1418 2665 in
1447 2613 1623 2668 aciem
1652 2611 1944 2684 eduxerat,
1977 2633 2150 2675 etesus

553 2714 661 2760 est.
692 2703 823 2760 Post
860 2705 1004 2760 hunc
1031 2702 1133 2759 Cn.
1171 2703 1430 2774 Fulvius,
1474 2716 1708 2779 prator,
1772 2709 1842 2765 ab
1879 2711 2150 2770 Annibale

561 2796 760 2866 victus,
791 2799 994 2853 amisso
1022 2797 1298 2864 exercitu,
1330 2797 1418 2854 vix
1453 2801 1648 2856 evasit.
1693 2801 1866 2860 Pudet
1895 2804 2152 2862 recorda-

560 2893 747 2949 tionis.
788 2891 930 2960 Quid
979 2892 1124 2949 enim
1162 2891 1339 2948 dicam
1387 2892 1789 2964 improbitatem
1837 2899 2029 2970 magis,
2080 2916 2149 2956 an

559 2986 837 3045 miseriam
871 2986 1290 3045 Romanorum?
1323 2987 1490 3045 immo
1519 2988 1703 3044 verius
1732 2989 1817 3046 vel
1850 2991 2151 3064 improbam

2256 1882 2312 1928 et
2345 1883 2523 1928 tamen
2555 1871 2716 1928 fortis
2747 1873 2801 1926 in
2835 1873 3156 1928 alterutrum
3188 1871 3503 1944 desperatio
3527 1874 3584 1930 in
3627 1875 3864 1932 meliora

2261 1967 2532 2038 proiecit,
2593 1983 2714 2023 nam
2761 1969 2812 2022 in
2861 1967 2945 2023 bis
2997 1967 3253 2023 omnibus
3275 1967 3625 2040 desperando
3649 1985 3867 2042 pugna-

2256 2074 2384 2117 runt
2412 2105 2426 2128 ,
2472 2061 2758 2133 pugnando
2781 2063 3049 2118 vicerunt.
3104 2061 3182 2118 Ex
3212 2076 3320 2134 quo
3345 2061 3639 2120 evidenter
3667 2073 3866 2122 esten-

2255 2156 2424 2221 ditur,
2475 2172 2580 2212 non
2623 2165 2869 2227 tempora
2919 2167 3046 2212 tunc
3091 2155 3258 2214 fuisse
3285 2156 3666 2229 tranquilliora
3697 2158 3857 2229 otiis,

2255 2235 2352 2308 scd
2383 2250 2636 2308 homines
2665 2250 2902 2306 miseriis
2932 2249 3206 2306 fortiores.

2822 2364 3053 2424 CAPUT
3099 2364 3268 2422 XVII.

2258 2459 2511 2517 Claudius
2542 2459 2823 2515 Marcellus
2847 2460 3138 2530 Syracusas
3166 2458 3328 2530 capit.
3360 2456 3585 2514 Annibal
3602 2459 3676 2515 ad
3696 2459 3861 2518 Anio-

2329 2549 2446 2587 nem
2475 2531 2738 2586 Romanos
2769 2540 2942 2595 terret,
2967 2546 3060 2585 nec
3089 2529 3346 2584 obruendi
3369 2531 3522 2600 capia
3550 2531 3733 2586 datur.

2330 2624 2347 2654 ⁸
2379 2626 2537 2676 Auno
2566 2624 2634 2676 ab
2654 2620 2718 2678 Ui
2735 2621 2800 2676 be
2821 2621 3040 2676 condita
3064 2635 3247 2686 uxutt,
3273 2617 3531 2677 Claudius
3561 2622 3857 2680 Marcellus

2255 2714 2556 2787 Syracusas
2580 2756 2596 2780 ,
2636 2712 3106 2783 opulentissimam
3140 2713 3334 2771 urbem
3355 2711 3580 2782 Sicilire,
3609 2715 3859 2776 secunda

2255 2809 2659 2881 oppugnatione
2707 2811 2729 2841 '
2777 2809 2862 2862 vix
2911 2809 3089 2876 cepit,
3121 2823 3284 2879 quam
3311 2854 3325 2878 ,
3356 2824 3480 2864 cum
3496 2809 3609 2881 jam
3639 2809 3855 2880 pridem

2255 2903 2586 2969 obsedisset,
2617 2900 2961 2957 Archimedis
2989 2898 3324 2971 Syracusani
3345 2899 3512 2971 civis,
3537 2901 3856 2961 admirabili

2257 2997 2476 3068 ingenio
2505 2996 2718 3067 praediti
2746 3036 2760 3063 ,
2791 2994 3058 3051 machinis
3085 2993 3338 3066 repulsus
3363 3037 3378 3064 ,
3399 3009 3716 3068 expugnare
3739 3011 3857 3057 non

1841 3096 2288 3188 ilAVERCAMPl
2324 3130 2562 3190 now.

558 3246 753 3321 factum
792 3241 1044 3321 recolens.
1095 3238 1388 3321 Aliquanto
1418 3246 1544 3310 post
1567 3238 1695 3295 edd.
1739 3240 1990 3310 quadam
2020 3261 2139 3317 per-
2170 3246 2217 3309 C
2255 3245 2809 3321 nontinatﬁppint‘ttts
2849 3244 3125 3321 etuLivius
3156 3242 3496 3321 li_bro_xxv,_
3533 3243 3858 3321 ubi_liisto-

560 3315 716 3369 inissa
741 3353 757 3376 ,
784 3315 926 3368 male
955 3326 1052 3380 pro
1079 3315 1355 3381 promissa.

632 3384 720 3440 12.
751 3383 832 3437 Ad
855 3399 948 3437 sea:
974 3381 1141 3436 millia
1171 3383 1398 3436 uirorum
1426 3381 1552 3453 fuit.
1577 3381 1748 3451 Lugd.
1780 3382 1896 3439 Bal.
1929 3395 2056 3440 tert.
2091 3394 2148 3441 et

557 3457 699 3510 Coll.
732 3455 972 3512 Gronov.
1002 3454 1233 3508 uirorum
1262 3451 1468 3526 delent.
1519 3451 1626 3526 Ed.
1655 3457 1881 3526 August.
1901 3498 1916 3519 ,
1954 3467 2146 3526 septcm

559 3528 726 3583 millia
770 3527 997 3580 uirorum
1028 3536 1298 3579 numerat.
1327 3524 1442 3578 Mox
1470 3527 1521 3576 iu
1556 3525 1667 3579 illis
1694 3524 1919 3581 liommi
1942 3524 2105 3584 statur
2128 3567 2142 3592 ,

559 3610 719 3668 auget
749 3599 902 3668 Meus
923 3596 1088 3650 omnis
1115 3593 1352 3668 Romani
1365 3607 1548 3650 status.

633 3667 720 3725 i5.
754 3667 938 3722 Gallos
974 3669 1183 3721 missus.
1214 3667 1307 3721 Sic
1334 3667 1525 3722 Latine
1558 3678 1676 3721 erat
1705 3669 1759 3720 in
1799 3685 1930 3724 mss.
1967 3681 2149 3727 tamen

563 3741 810 3811 impressi
841 3738 1184 3811 addiderant,
1218 3753 1481 3811 pugnare,
1516 3743 1700 3793 nescio
1726 3755 1843 3795 cur.
1880 3742 2052 3798 Laur.
2080 3771 2154 3783 -—

561 3809 732 3867 lmine
775 3821 830 3865 et
859 3810 1047 3863 missus
1073 3819 1128 3862 et
1170 3824 1398 3880 pugnare
1439 3809 1492 3880 in
1521 3823 1649 3863 mss.
1697 3823 1896 3867 exstat.
1957 3812 2151 3867 Decem

560 3885 728 3948 enim,
747 3897 883 3950 quos
908 3895 1009 3948 ego
1028 3879 1297 3944 consului,
1322 3879 1560 3950 unanimi
1581 3897 1850 3935 consensu
1871 3882 2149 3948 exhibent,

560 3948 792 4026 pugnare
819 3955 1035 4026 missus,
1070 3951 1120 4026 id
1155 3959 1260 4015 est,
1287 3948 1354 4003 ad
1385 3953 1746 4026 pugnandum.
1778 3953 1962 4023 Neque
1998 3955 2156 4010 video

562 4021 658 4081 ἱ·υέ
688 4024 1041 4098 Graecisin-uin
1069 4023 1211 4098 hunc
1252 4021 1582 4098 mutaverint
1602 4024 1842 4079 editores
1872 4021 1924 4080 in
1941 4029 2121 4098 jussus
2140 4067 2154 4088 ,

563 4099 707 4164 quod
731 4094 872 4161 apud
902 4107 1092 4148 omnes
1123 4093 1384 4161 invenias,
1413 4102 1774 4162 prmterquam
1813 4099 1865 4151 in
1891 4093 2014 4153 edd.
2049 4099 2159 4166 pri-

563 4184 648 4222 tna
673 4179 728 4220 et
762 4170 1097 4234 Augustam.

636 4240 724 4292 Η.
759 4232 1027 4290 Annibalis
1052 4232 1341 4306 exercitum
1371 4235 1553 4304 proelio
1588 4235 1744 4306 fudit.
1778 4237 1892 4291 lloc
1915 4237 2160 4306 prndium

562 4327 590 4362 a
627 4309 878 4362 Marcello
912 4308 976 4360 ad
1021 4305 1215 4361 Nolam
1259 4305 1612 4360 commissum
1663 4307 1783 4363 luit.
1813 4305 2000 4364 Livius
2032 4309 2159 4365 libr.

566 4395 737 4446 13m,
773 4378 1091 4433 Plutarchus
1122 4381 1172 4430 in
1220 4377 1501 4432 Marcello.
1555 4377 1720 4432 Fann.

637 4452 724 4508 15.
759 4447 1077 4503 Gravissima
1106 4446 1240 4502 bello
1272 4459 1658 4519 Oppresserunt.
1685 4451 1814 4505 Post
1833 4450 1966 4506 bello
1995 4451 2167 4507 inter-

563 4531 696 4578 serit
729 4521 978 4576 Perizon.
1017 4518 1532 4590 supernatanLugd.
1561 4520 1698 4574 Bait.
1727 4533 1839 4577 tres
1862 4538 1986 4577 cum
2020 4522 2160 4578 Coll.

565 4599 807 4651 Crouov.
836 4593 1065 4662 primam
1083 4589 1364 4661 syllabam
1399 4589 1452 4644 iu
1482 4603 1847 4662 oppresserunt
1873 4594 2084 4649 delent.

637 4668 724 4722 l6.
761 4664 900 4736 Ναῃ
928 4664 1140 4736 triginta
1172 4663 1400 4736 quinque
1427 4661 1614 4717 millia.
1673 4662 1828 4720 llunc
1872 4680 2157 4721 numerum

565 4741 833 4807 expressit
857 4733 1398 4807 Eutropius.‘l.ivius
1419 4743 1630 4807 tantum
1655 4749 1906 4807 linguam
1929 4736 2036 4790 vim
2065 4740 2163 4791 lio-

569 4801 775 4864 ιιιίἰιιιηι
806 4801 1052 4863 octtisam'
1069 4803 1283 4860 scribit.
1331 4803 1406 4859 De
1434 4801 1727 4862 Celtiberis
1750 4801 1942 4862 Livius
1969 4807 2020 4862 in
2053 4807 2161 4864 line

568 4882 687 4937 libri
716 4897 859 4937 ιιιν.
890 4877 1058 4934 ιτηιι.

639 4955 727 5010 l7.
765 4950 863 5007 Vel
911 4951 1054 5006 crede
1093 4950 1177 5006 rel
1220 4949 1461 5020 captione
1507 4949 1825 5003 minuerunt.
1857 4947 1993 5004 Cod.
2046 4950 2162 5007 sive

570 5027 703 5082 edit.
737 5026 970 5094 August.
993 5022 1115 5077 hanc
1138 5030 1224 5076 est
1245 5021 1430 5091 lectio,
1460 5023 1537 5077 vel
1559 5021 1752 5075 credent
1776 5021 1853 5075 uel
1871 5021 2163 5092 captionem

569 5101 893 5154 invenerunt.

643 5171 731 5223 18.
782 5171 947 5234 Quam
978 5165 1222 5238 primam.
1256 5162 1428 5238 Lugd.
1477 5165 1618 5220 Batt.
1655 5173 1789 5228 tres,
1819 5180 1971 5238 quam
1995 5163 2160 5232 pluri-

574 5257 731 5302 mam,
759 5251 815 5293 ut
844 5251 894 5292 et
923 5235 1061 5293 Ultr.
1092 5240 1251 5292 male.
1285 5235 1424 5291 Edd.
1450 5245 1607 5303 vett.,
1650 5251 1769 5289 cum
1795 5237 2042 5306 primum,
2070 5251 2164 5292 ex-

577 5322 728 5378 cepta
760 5310 925 5364 nobili
958 5309 1050 5361 illa
1076 5309 1407 5378 Angustam.

651 5376 735 5437 10.
771 5379 1107 5448 Sempronius
1143 5376 1408 5432 Gracchus
1453 5376 1776 5446 proconsule.
1819 5377 2000 5434 Semel
2046 5391 2164 5433 mo-

579 5455 765 5510 nuisse
796 5452 927 5503 satis
963 5450 1062 5508 sit,
1099 5448 1344 5513 Lotinos,
1379 5460 1433 5504 et
1467 5450 1718 5503 (lrosium
1753 5452 1950 5517 passim
1988 5453 2164 5503 nomi-

581 5522 739 5577 nandi
785 5537 938 5584 czisn,
983 5518 1287 5589 proconsule
1319 5521 1523 5574 dixisse
1559 5537 1570 5571 :
1609 5519 1769 5588 idque
1811 5535 1943 5574 mss.
1979 5535 2170 5575 omnes

582 5594 717 5650 tueri
752 5610 765 5645 :
799 5603 854 5646 et
884 5591 954 5644 ita
986 5590 1403 5658 imprimenduin
1434 5606 1650 5646 censen.
1691 5592 1859 5646 Laur.
1900 5621 1966 5632 --
1992 5593 2172 5645 Semel

586 5663 860 5721 "tonuisse
903 5661 1136 5717 sufﬁciat
1169 5701 1184 5727 ,
1231 5663 1545 5718 conﬁrmari
1597 5662 1649 5717 id
1699 5671 1836 5718 nosti
1854 5662 1900 5718 is
1956 5677 2171 5732 qtioque

586 5753 715 5791 lllSS.

653 5810 744 5865 τευ.
778 5805 852 5860 Ab
874 5806 1074 5877 hospite
1093 5822 1187 5862 suo
1209 5803 1440 5863 Lucano.
1471 5806 1716 5865 Flavium
1739 5808 2011 5866 Lucanum
2032 5806 2173 5864 bene

2249 3323 2382 3374 riam
2416 3319 2482 3370 de
2504 3314 2792 3380 Centenio,
2823 3329 2878 3374 et
2909 3316 3097 3374 Fulvio
3125 3316 3291 3372 etiam
3318 3316 3586 3373 invenies.
3624 3314 3796 3375 Fasti.

2323 3393 2418 3447 ’21;
2446 3386 2720 3443 Centenius
2755 3388 2976 3444 Pcmtla.
3023 3387 3370 3443 Centurionis
3409 3385 3568 3454 huius
3601 3391 3860 3447 veterani

2257 3477 2443 3519 casum
2476 3471 2534 3514 et
2561 3460 2772 3515 cladem
2804 3458 3065 3516 describit
3088 3459 3272 3514 Livius
3301 3459 3395 3514 lib.
3427 3473 3566 3524 xxv,
3613 3473 3737 3530 eap.
3765 3462 3859 3518 19.

2322 3535 2416 3588 9.2.
2453 3529 2516 3584 In
2541 3533 2704 3586 aciem
2733 3530 3000 3586 eduxerat.
3029 3530 3121 3587 Sic
3141 3531 3400 3584 meliores
3418 3530 3603 3600 scripti
3624 3529 3860 3590 ct’editi.

2256 3606 2383 3663 Alii.
2418 3608 2471 3658 in
2500 3604 2662 3657 aciem
2692 3604 2946 3668 duxerat;
2972 3602 3094 3668 alii,
3125 3602 3180 3655 in
3205 3601 3318 3656 acie
3338 3605 3580 3657 duxerat.

2323 3679 2416 3733 25.
2451 3673 2578 3741 Quis
2605 3675 2801 3729 credat.
2835 3675 2933 3728 Ed.
2966 3675 3200 3744 August.
3228 3713 3243 3737 ,
3267 3671 3400 3738 Quis
3423 3672 3560 3727 enim
3582 3673 3786 3729 credat.

2326 3747 2417 3803 9.4.
2455 3744 2607 3800 Miles
2635 3747 2688 3798 in
2713 3745 2919 3816 castris.
2961 3743 3130 3816 Lugd.
3188 3743 3330 3816 Bait.
3365 3758 3447 3807 pr.
3477 3755 3532 3798 et
3569 3753 3700 3816 teri.
3727 3758 3858 3802 cum

2255 3818 2397 3873 Coll.
2445 3819 2722 3882 Granum,
2772 3815 2925 3872 Miles
2964 3817 3020 3870 in
3055 3814 3248 3869 castris
3292 3829 3396 3869 non
3435 3825 3590 3883 esset,
3624 3815 3724 3869 nisi
3768 3827 3870 3874 aut

2296 3907 2388 3945 uer
2408 3935 2422 3956 ,
2455 3899 2562 3944 etc.

2257 3909 2422 4017 pagg:
2452 3909 2679 4014 litium
2700 3960 2916 4014 idoneus
2945 3968 3076 4014 erat.
3100 3956 3310 4025 Religio
3333 3956 3471 4012 mihi
3500 3954 3602 4012 fuit
3635 3975 3664 4012 a
3691 3959 3862 4016 codd.

2262 4047 2395 4088 mss.
2427 4032 2730 4097 discedere,
2761 4035 2849 4101 qui
2874 4045 3064 4089 omnes
3093 4033 3174 4088 sic
3188 4029 3471 4096 exhibent,
3499 4043 3633 4093 non,
3663 4039 3726 4085 ut
3745 4032 3865 4087 edi-

2262 4106 2300 4160 ti
2329 4149 2343 4172 ,
2379 4120 2623 4158 numerus
2649 4104 2870 4157 idoneus
2897 4112 3032 4157 erat.

2331 4169 2426 4231 ‘26.
2473 4173 2854 4240 Desperarcmr.
2906 4173 3084 4238 Meus,
3118 4170 3490 4242 deaperabant,
3523 4169 3620 4228 sed
3653 4180 3766 4230 tres
3791 4190 3868 4232 cx

2262 4245 2434 4315 Lugd.
2466 4246 2605 4301 Batt.
2637 4261 2758 4300 cum
2786 4244 2983 4301 Collat.
3011 4245 3253 4300 Gronov.
3282 4285 3298 4309 ,
3343 4242 3470 4301 eod.
3517 4243 3777 4301 l’eriton.
3804 4254 3871 4304 et

2264 4319 2398 4372 edit.
2427 4319 2560 4382 Aug.
2593 4317 2803 4373 malunt
2823 4317 3212 4382 despcrabatur.

2337 4389 2428 4443 27.
2473 4386 2548 4442 Eo
2573 4398 2816 4459 temriare.
2841 4386 3011 4458 Lugd.
3037 4389 3178 4443 Bait.
3205 4402 3296 4459 pr.
3321 4392 3376 4441 et
3405 4395 3536 4441 tcrt.
3559 4399 3685 4442 cum
3720 4387 3866 4446 Coll.

2267 4461 2519 4530 Gronov.
2545 4458 2794 4528 repetunt
2817 4461 2923 4523 hic,
2947 4461 3064 4530 quis
3091 4458 3289 4530 credat.

2338 4532 2430 4588 28.
2476 4529 2626 4585 Ferri
2659 4531 2804 4586 nullo
2834 4528 2988 4586 modo
3010 4540 3200 4601 passet.
3229 4529 3362 4601 Mss.
3379 4537 3435 4584 et
3473 4528 3765 4585 meliorum
3794 4544 3867 4588 ex

2187 4638 2242 4700 ι)
2549 4602 2712 4684 rem
2733 4614 2837 4659 εδει-
2863 4602 2993 4700 Αεϋθ
3011 4598 3153 4700 lari
3285 4598 3580 4700 esse:
3597 4610 3809 4700 rarts.-

2333 4675 2424 4730 29.
2471 4673 2591 4728 Tria
2615 4675 2846 4744 insuper,
2876 4681 2984 4729 etc.
3025 4669 3177 4727 'Edd.
3217 4669 3470 4744 quasdam
3500 4687 3570 4728 ex
3597 4672 3870 4744 vetustio-

2266 4746 2442 4812 ribus,
2471 4745 2571 4800 tria
2603 4740 2813 4815 insuper
2835 4747 3182 4801 transmarina
3205 4740 3342 4815 bella
3359 4743 3478 4815 quis
3503 4741 3684 4798 credat
3702 4740 3870 4813 fuisse

2261 4816 2550 4889 suscepta?
2581 4813 2751 4889 lucri.
2778 4821 3090 4886 Augustana
3118 4828 3249 4872 vero
3273 4813 3493 4883 legitur,
3518 4816 3624 4869 tria
3650 4815 3870 4888 insuper

2265 4886 2614 4942 transittarina
2632 4886 2769 4942 bella
2797 4895 3030 4957 suscepta
3055 4895 3198 4957 sunt.

2337 4961 2424 5015 50.
2469 4957 2660 5030 Contra
2692 4955 3018 5030 Philippum.
3048 4956 3128 5030 De
3155 4971 3214 5014 re
3237 4964 3395 5027 gesta
3417 4969 3548 5012 cum
3579 4955 3860 5030 Philippo,

2265 5029 2601 5086 Maerdonim
2644 5044 2789 5100 rege,
2832 5027 3016 5084 Livius
3047 5028 3191 5100 libro
3231 5035 3443 5100 antiret
3473 5043 3626 5094 xxrv,
3664 5027 3869 5100 [Eutro-

2266 5105 2386 5170 pius
2429 5101 2565 5156 libro
2614 5097 2795 5156 tertio.
2849 5101 2927 5156 De
2970 5116 3030 5154 re
3076 5098 3132 5155 in
3157 5098 3405 5156 Sardinia
3434 5109 3625 5156 contra
3660 5097 3869 5158 Pierios

2267 5169 2577 5242 Sat-desque
2607 5186 2637 5225 a
2659 5171 2723 5227 'l'.
2757 5171 2956 5232 lianlio
2983 5180 3160 5242 gesta,
3185 5170 3370 5226 Livius
3395 5169 3490 5225 lib.
3523 5185 3655 5227 mn
3685 5182 3742 5230 et
3777 5171 3874 5228 Si-

2267 5245 2376 5299 lius
2409 5260 2502 5298 xu.
2535 5243 2698 5298 FABR.

2290 5262 2376 5299 llis
2409 5260 2502 5298 XII.
2535 5259 2698 5298 “ABR.

2339 5315 2468 5370 CAP.
2499 5313 2662 5370 XVll.
2689 5344 2756 5357 κ-
2782 5315 2831 5370 -Ι,
2861 5315 3008 5368 Anno
3035 5315 3099 5366 ab
3133 5313 3272 5370 Urbe
3301 5311 3533 5367 condita.
3564 5327 3756 5368 omit.
3794 5313 3870 5369 bi.

2271 5386 2554 5442 Marcellus
2578 5387 2764 5443 consul
2793 5403 2850 5443 ll!
2875 5400 3018 5442 anno
3047 5384 3209 5441 Urbis
3229 5399 3438 5441 nxxsrx
3466 5384 3708 5439 Siciliam
3732 5385 3871 5442 mis-

2271 5473 2362 5513 sus
2391 5459 2686 5525 Syracusas
2721 5457 2969 5514 obsedit.
3021 5457 3289 5526 tertioque
3337 5469 3486 5510 anno
3531 5462 3652 5526 post
3699 5471 3874 5522 expu-

2276 5529 2480 5602 gnavit.
2533 5528 2789 5602 Polybius
2830 5530 3109 5602 librari”,
3145 5525 3335 5602 Livius
3366 5541 3516 5591 utr,
3545 5525 3878 5584 Plutarchus

2280 5601 2333 5654 in
2362 5597 2647 5663 Marcello;
2665 5600 2856 5656 Cicero
2887 5600 2939 5654 in
2974 5599 3226 5654 Verrem.
3256 5597 3422 5652 FABll.

2347 5671 2403 5724 2.
2455 5671 2555 5724 Via;
2585 5673 2735 5741 cepit.
2760 5669 3040 5743 Reclesie
3067 5685 3225 5734 mss.,
3256 5668 3378 5726 cod.
3405 5670 3637 5743 August.
3662 5679 3719 5729 ct
3739 5668 3872 5728 edd.

2276 5741 2631 5800 Fabricianze.
2669 5743 2874 5814 Vulgati
2904 5741 3014 5811 alii,
3042 5743 3088 5798 vi
3114 5744 3264 5811 cepit.
