4150 6448
638 260 738 319 911

2033 255 2240 317 PAULI
2275 254 2506 316 OROSII

3832 240 3941 301 913

631 389 729 432 rex
765 371 1003 445 Egypti,
1051 380 1108 428 et
1156 372 1482 431 Ariarathes
1528 374 1911 449 Cappadoeim,
1958 374 2313 438 EumenesA
2409 371 2661 449 Nasicam
2683 367 3290 449 theatri_a!diﬁca_tio_nem
3322 363 3675 449 dissensisse;
3717 363 3940 423 Galbam

633 471 801 538 Asiae,
832 479 887 526 et
924 470 1244 526 Massauissa
1281 470 1549 528 Numidia:
1596 471 1835 528 luerunt.
1882 472 2141 529 Perseum
2181 478 2239 529 et

630 567 956 623 Macedonas
996 568 1170 623 secuti
1201 579 1328 623 sunt
1363 568 1604 626 Thraces
1625 584 1748 627 eum
1783 582 1913 639 rege
1954 567 2149 639 Cotye,
2181 574 2238 621 et

628 658 1024 716 universicum
1067 674 1198 730 rege
1226 660 1425 717 Gentio
1453 661 1640 733 Illyrii.
1698 661 1888 732 Itaque
1926 656 2235 715 advenienti

630 748 829 804 Crasso
880 749 1093 804 consuli
1134 750 1367 807 Perseus
1410 750 1693 807 occurrit:
1743 751 1788 783 "
1838 749 2239 818 eommissoque

630 841 846 911 prmlio,
881 841 1266 897 miserabiliter
1308 842 1433 898 victi
1463 841 1650 913 lugere
1696 842 1949 898 Romani.
1978 839 2236 911 Sequenti

630 946 811 1005 pugna
855 948 995 1003 pene
1026 935 1142 1004 pari
1186 934 1341 990 clade
1384 935 1557 1005 partis
1595 933 1876 1005 utriusque
1921 934 1977 989 in
2007 934 2235 988 hiberna

629 1025 938 1082 discessum
990 1034 1095 1082 est.
1156 1026 1367 1083 Deinde
1423 1028 1657 1083 Perseus
1707 1024 1995 1098 proﬂigato
2050 1023 2238 1079 multis

624 1118 834 1189 puellis
856 1120 1103 1175 exercitu
1143 1118 1391 1175 Romano
1440 1120 1496 1174 in
1528 1118 1802 1192 Illyricum
1844 1128 2235 1187 transgressus,

630 1209 679 1241 ³³
710 1211 1008 1268 Sulcanum
1036 1210 1297 1281 oppidum
1347 1210 1637 1267 defensum
1667 1225 1699 1266 a
1734 1208 2003 1281 praesidiis
2034 1206 2236 1263 Roma-

627 1301 715 1357 nis
746 1300 793 1333 ”
824 1301 1112 1373 pugnando
1139 1303 1305 1375 276
1327 1304 1501 1372 cepit:
1534 1302 1627 1358 ubi
1664 1315 1914 1373 magnam
1961 1299 2239 1355 Romano-

628 1406 754 1449 rum
782 1391 1162 1463 praesidiorum
1192 1392 1592 1448 multitudinem
1621 1392 1816 1462 partim
1847 1389 2079 1457 occidit,
2111 1403 2239 1460 par-

627 1482 726 1540 tim
750 1484 851 1541 sub
866 1498 1068 1540 corona
1088 1483 1356 1540 vendidit:
1379 1485 1569 1555 partim
1592 1498 1776 1540 secum
1801 1485 1852 1538 in
1867 1481 2236 1537 Macedoniam

630 1576 804 1633 duxit.
855 1576 1056 1633 Postea
1105 1592 1229 1634 cum
1275 1592 1343 1634 eo
1388 1576 1449 1632 L.
1496 1576 1744 1634 Almilius
1797 1574 1997 1630 Paulus
2044 1572 2236 1629 consul

635 1668 933 1739 dimicavit,
967 1679 1022 1726 et
1048 1669 1198 1725 vicit.
1246 1669 1292 1702 "
1324 1668 1455 1724 Nam
1480 1669 1670 1741 viginti
1719 1668 1884 1723 millia
1913 1664 2155 1737 peditum
2180 1665 2235 1720 in

2407 459 2596 518 parum
2624 441 2838 498 honeste
2863 440 3129 497 Lusitanis
3156 440 3486 513 imposuisse.

2411 583 2430 616 ⁸
2457 580 2615 638 Anno
2644 580 2709 637 ab
2740 579 2889 638 Urbe
2916 578 3136 635 condita
3166 593 3255 644 oc,
3278 576 3343 633 L.
3377 576 3595 635 Licinio
3628 575 3859 634 Lucullo
3888 585 3944 632 et

2340 676 2407 733 Α.
2438 676 2712 733 Postumio
2741 672 2941 732 Albino
2964 672 3304 741 consulibus,
3335 687 3460 729 cum
3491 686 3691 729 omnes
3740 670 3945 728 Roma-

2338 783 2438 826 nos
2468 769 2657 840 ingens
2713 765 3111 824 Celtiberorum
3159 777 3341 823 metus
3390 766 3710 832 invasisset,
3768 773 3827 820 et
3873 780 3946 823 ex

2338 860 2594 917 omnibus
2623 874 2731 915 non
2753 867 2922 929 esset,
2952 857 3044 929 qui
3083 857 3165 915 ire
3194 858 3250 914 in
3304 857 3623 931 Hispaniam
3665 857 3753 914 vel
3782 857 3950 913 miles

2336 955 2426 1010 vel
2456 952 2665 1024 legatus
2694 953 2945 1021 auderet,
2984 953 3006 984 ⁸
3032 952 3094 1008 P.
3143 948 3353 1024 Scipio,
3398 951 3494 1021 qui
3539 960 3734 1023 postea
3790 948 3945 1007 Alri-

2339 1058 2510 1100 canus
2534 1054 2619 1100 est
2648 1044 2850 1111 dictus,
2884 1041 3031 1098 ultro
3079 1056 3205 1099 sese
3262 1042 3622 1098 militaturum
3659 1042 3715 1097 in
3746 1040 3951 1113 Hispa-

2338 1134 2487 1192 niam
2540 1135 2776 1202 obtulit,
2828 1148 2953 1190 eum
3009 1142 3189 1191 tamen
3240 1134 3294 1191 in
3347 1133 3721 1191 Macedoniam
3791 1143 3949 1191 sorte

2339 1229 2500 1302 277
2562 1228 2677 1299 iam
2737 1227 3024 1299 deputatus
3078 1235 3246 1284 esset.
3308 1225 3495 1300 Itaque
3550 1226 3834 1301 protectus
3893 1226 3949 1283 in

2339 1320 2652 1389 Hispaniam
2697 1333 2922 1392 magnas
2973 1328 3187 1391 strages
3228 1320 3472 1392 gentium
3512 1318 3709 1387 dedit,
3736 1320 3949 1391 sapius

2340 1411 2363 1445 ³
2384 1412 2547 1468 etiam
2574 1411 2764 1467 militis
2783 1426 2945 1484 quam
2966 1410 3124 1471 ducis
3144 1425 3276 1471 usus
3301 1410 3508 1469 olticio.
3528 1410 3551 1443 ⁸
3566 1410 3704 1468 Nam
3734 1420 3791 1467 et
3818 1411 3952 1467 bar-

2338 1504 2532 1562 barum
2563 1514 2953 1577 provocantem
2978 1505 3335 1577 singulariter
3361 1520 3690 1579 congressus
3715 1505 3947 1564 occidit.

2342 1597 2365 1629 ⁸
2392 1597 2515 1653 Ser.
2537 1605 2719 1653 autem
2742 1596 2917 1653 Galba
2938 1606 3165 1669 prmtor,
3180 1612 3210 1651 a
3232 1596 3507 1655 Lusitanis
3529 1611 3728 1668 magno
3750 1597 3949 1669 prmlio

2342 1692 2519 1749 victus
2548 1700 2632 1748 est
2660 1708 2674 1746 :
2710 1692 3076 1763 universoque
3103 1692 3352 1749 exercitu
3381 1690 3591 1747 amisso
3617 1730 3633 1757 ,
3666 1691 3788 1763 ipse
3814 1705 3948 1747 cum

628 1780 696 1821 eo
737 1764 878 1821 bello
925 1764 1221 1821 interiecit.
1270 1764 1385 1820 Rex
1417 1779 1539 1819 cum
1596 1762 1839 1856 equitatu
1886 1759 2228 1856 subterfugit,
2261 1791 2310 1854 Β
2338 1783 2523 1856 paucis
2558 1784 2649 1838 νει
2683 1782 2904 1854 chpsus
2949 1759 3143 1841 οςωεη,
3195 1783 3218 1816 s
3265 1783 3474 1840 Eodem
3514 1759 3765 1854 ιεωρδη
3804 1797 3945 1839 cc“-

628 1855 728 1913 sed
754 1856 1021 1913 continuo
1062 1866 1253 1928 captus
1299 1868 1462 1928 atque
1509 1857 1562 1912 in
1619 1855 1896 1926 triumpho
1926 1870 2049 1910 cum
2110 1853 2235 1907 tiliis
2277 1853 2280 1854 ⁷
2336 1853 2492 1932 “res
2523 1853 2795 1932 meum",
2838 1875 3116 1949 lapideum
3159 1875 3217 1931 in
3244 1875 3393 1932 urbe
3420 1853 3667 1932 comm“
3708 1889 3954 1932 cem“,

627 1958 756 2004 ante
804 1963 1026 2003 currum
1056 1960 1213 2004 aetus
1260 1957 1345 2003 est
1378 1964 1392 2001 :
1424 1956 1480 2003 et
1529 1956 1653 2018 post
1694 1946 1741 1978 “
1770 1945 1914 2015 apud
1952 1944 2147 2000 Albam
2182 1944 2236 1999 in

626 2040 876 2097 custodia
898 2040 1118 2096 deiecit.
1145 2038 1319 2095 Filius
1339 2042 1457 2110 ejus
1477 2039 1665 2109 iunior
1690 2038 1951 2094 fabricam
1978 2036 2234 2092 a-rariam

625 2134 697 2188 ob
729 2131 1069 2188 tolerandam
1118 2131 1356 2201 inopiam
1386 2128 1578 2184 Romte
1633 2127 1845 2193 didicit,
1883 2126 2066 2196 ibique
2107 2140 2236 2181 con-

633 2235 886 2296 sumptus
908 2234 1013 2282 est.
1041 2224 1276 2281 Plurima
1305 2233 1570 2294 prmterea
1602 2232 1656 2279 et
1684 2222 1819 2276 satis
1848 2220 2085 2276 diversis
2111 2234 2237 2289 pro-

627 2323 886 2377 ventibus
912 2320 1050 2376 bella
1080 2321 1371 2375 multarum
1404 2319 1605 2390 ubique
1634 2319 1877 2390 gentium
1907 2327 2057 2389 gesta
2080 2328 2231 2388 sunt,

628 2428 751 2484 qua:
777 2412 1061 2469 brevitatis
1084 2427 1245 2468 causa
1276 2412 1622 2482 praetermisi.

1212 2524 1443 2582 CAPUT
1483 2525 1631 2581 XXI.

628 2617 929 2689 Scipionem
962 2617 1271 2690 Africanum
1301 2616 1614 2690 Hispaniam
1637 2628 1906 2687 vastasse;
1934 2618 2234 2690 Scipionem

2336 1974 2465 2024 runt
2488 1985 2504 2023 :
2531 1968 2674 2040 quod
2702 1982 2773 2024 ne
2800 1976 2925 2023 tunc
2957 1968 3135 2036 tieret,
3164 1966 3354 2039 Scipio
3381 1967 3575 2025 Nasica
3612 1967 3949 2040 gravissima

2338 2063 2584 2118 oratione
2617 2060 2876 2130 obstitit,
2921 2061 3149 2129 dicens,
3196 2062 3634 2119 inimicissimum
3667 2063 3777 2120 hoc
3826 2064 3949 2120 fore

2342 2152 2589 2210 bellatori
2618 2153 2818 2224 populo
2847 2153 2916 2208 ad
2950 2153 3296 2210 nutriendam
3323 2154 3611 2223 desidiam,
3629 2156 3651 2188 '
3674 2155 3949 2212 lascivia-

2341 2264 2448 2320 que
2477 2257 2847 2304 commentum
2881 2266 2895 2303 :
2928 2246 3175 2318 adeoque
3200 2248 3370 2304 movit
3395 2256 3642 2305 senatum
3669 2289 3686 2316 ,
3740 2257 3807 2304 ut
3834 2262 3944 2305 non

2342 2342 2518 2398 solum
2553 2340 2709 2397 I'eltdi
2742 2339 2925 2395 omnia
2949 2341 3162 2396 theatro
3189 2348 3503 2410 comparata
3530 2340 3799 2411 jusserit,
3844 2340 3943 2396 sed

2340 2434 2505 2491 etiam
2537 2431 2796 2489 subsellia
2834 2432 2976 2488 ludis
3004 2431 3128 2500 poni
3158 2430 3524 2503 prohibuerit.
3566 2432 3943 2501 Quamobrem

2339 2525 2639 2597 intelligant
2683 2526 2852 2580 nostri
2896 2525 3137 2597 (quibus
3185 2524 3447 2597 quidquid
3497 2536 3652 2582 extra
3692 2526 3948 2581 oblecta-

2340 2628 2583 2676 mentum
2614 2616 2858 2676 libidinis
2876 2619 3140 2691 occurrit,
3167 2618 3397 2678 otl‘ensio
3418 2618 3554 2692 est),
3584 2628 3815 2694 propter
3837 2619 3947 2677 hoc

1911 2817 2362 2877 IIAVEIICAHPI
2400 2818 2629 2878 NOTAE.

699 2987 796 3047 52.
825 2986 1209 3054 Commissoque
1228 2980 1431 3051 prwlio,
1461 2979 1825 3054 miserabiliter
1851 2981 1992 3054 victi.
2021 2981 2099 3054 De
2126 2982 2231 3039 hoc

628 3060 823 3132 prmlio
851 3059 1033 3113 Livius
1064 3050 1191 3132 libr.
1225 3050 1359 3132 seu;
1391 3061 1447 3132 et
1471 3050 1831 3132 Plutarch._in
1863 3053 2227 3132 Apophtegm,

628 3124 738 3190 ita:
770 3132 981 3191 Πόπλιος
1027 3129 1242 3198 Λικίνιος
1268 3124 1467 3198 baratri»;
1488 3196 1495 3198 Α
1514 3127 1803 3198 στρατηγὸς
1828 3163 1850 3198 ,γ
1875 3126 2102 3198 ἡττηθεὶς
2127 3127 2231 3181 ὑπὸ

628 3204 977 3281 Περσέωςᾼτοῦ
991 3195 1294 3281 ’Μσξξεξὸνων
1306 3196 1555 3281 ,βαςιλέος
1582 3193 1909 3281 ξπποριαχξᾳ.
1922 3193 2233 3281 ἑιςχιλίους

636 3264 965 3331 ὀκὲακοσίονς
980 3269 1224 3333 artiﬁciis,
1239 3264 1358 3325 τοῦς
1371 3269 1460 3337 μὲν
1480 3264 1756 3327 πεσόντας.
1773 3264 1896 3327 imi;
1914 3264 1971 3337 δὲ
1994 3264 2230 3331 ἁλῦντας,

635 3346 692 3400 id
720 3355 824 3407 est,
851 3341 917 3395 Ρ.
948 3340 1180 3393 Licinius
1200 3352 1303 3407 cos.
1336 3336 1636 3406 imperator,
1659 3340 1819 3389 uictus
1841 3353 1874 3388 a
1897 3336 2087 3390 Perseo
2115 3337 2234 3390 Ma-

2340 2980 2674 3065 !Iispanieis,
2698 2990 2755 3037 et
2776 2990 2967 3065 auctor
2985 2980 3055 3039 de
3077 2980 3223 3065 Viris
3234 2980 3570 3065 illustribus.
3600 2980 3657 3065 In
3681 2979 3942 3065 Epilogus

2340 3053 2562 3109 Liviana
2583 3054 2747 3119 vulgo
2770 3054 2933 3118 male,
2967 3063 3133 3125 capta:
3161 3056 3304 3109 urbis
3326 3096 3343 3121 ,
3376 3064 3438 3125 et
3462 3054 3518 3109 in
3546 3053 3783 3111 vetustis
3803 3096 3822 3124 ,
3857 3057 3941 3110 in-

2342 3136 2580 3194 terceptae
2610 3125 2803 3195 legitur
2824 3164 2841 3191 ,
2873 3140 2994 3193 pro,
3026 3124 3340 3179 lntercatite.
3372 3124 3541 3180 Pana.

2414 3197 2468 3250 5.
2511 3195 2632 3266 Ser.
2663 3194 2836 3250 autem
2865 3194 3052 3251 Galba.
3087 3195 3184 3251 llic
3209 3207 3293 3252 est
3333 3195 3455 3252 Scr.
3494 3194 3702 3266 Sulpic.
3736 3195 3939 3263 Galba,

2341 3266 2412 3322 de
2431 3282 2539 3339 quo
2560 3265 2792 3339 Appian.
2818 3276 2874 3323 et
2893 3268 3259 3339 Suetoniusin
3282 3266 3475 3339 Galba.
3501 3265 3717 3339 Sergius
3738 3265 3939 3333 Galba,

2345 3353 2443 3408 pro
2472 3337 2703 3403 Servius,
2736 3338 2822 3393 hic
2845 3348 3006 3393 antea
3038 3337 3300 3393 mendose
3328 3336 3623 3408 legebatur.
3649 3336 3825 3408 Ελιιι.

638 3406 892 3470 cedonum
909 3426 1048 3483 rege,
1077 3409 1181 3483 duo
1213 3406 1531 3483 milliaoccc
1558 3407 1758 3473 amisit,
1786 3421 2007 3476 quorum
2028 3407 2121 3461 alii
2148 3423 2230 3461 ce-
2258 3406 2307 3472 C
2348 3406 2357 3408 ⁷
2405 3409 2460 3463 6.
2504 3410 2705 3463 Eodem
2732 3417 2964 3483 tempore
2994 3423 3251 3465 censores.
3298 3406 3519 3464 chac
3549 3424 3609 3464 re
3647 3407 3767 3480 lege
3801 3410 3940 3483 Epi-

637 3488 895 3547 ciderunt,
918 3475 1010 3536 alii
1027 3480 1169 3549 capti
1187 3487 1323 3533 sunt.
1349 3475 1514 3549 FABVR.

710 3558 800 3610 55.
818 3547 1105 3610 Sulcanum
1123 3550 1393 3621 oppidum.
1425 3548 1737 3621 Sulcauunt,
1763 3556 1849 3604 est
1877 3548 1930 3605 in
1952 3547 2234 3621 Gualtheri

644 3626 813 3690 libro,
847 3624 1028 3679 Livius
1056 3618 1201 3676 libro
1246 3634 1374 3676 xLItt
1422 3618 1616 3673 scribit
1669 3618 1930 3675 Uscanam
1972 3636 2001 3674 a
2032 3620 2235 3675 Perseo

638 3707 877 3767 captam,
909 3695 1092 3767 ibique
1121 3691 1451 3767 praesidium“
1478 3690 1779 3767 Romanum
1817 3692 1869 3767 in
1902 3691 2049 3767 illius
2078 3701 2236 3767 pote-

636 3760 835 3823 statem
863 3760 1094 3820 venisse.
1126 3760 1288 3817 FABR.
1315 3790 1386 3802 —
1415 3760 1717 3833 Sulcamum
1746 3762 1941 3833 legitur
1968 3762 2021 3816 in
2049 3760 2226 3817 tribus

641 3839 844 3902 Florr.;
876 3836 930 3891 in
954 3835 1072 3891 Meo
1098 3840 1155 3889 et
1184 3834 1393 3888 duobus
1422 3831 1593 3902 Lugd.
1627 3831 2159 3898 Batt.,'Sulcanium.

712 3911 801 3964 54.
828 3906 1071 3978 Pugnare
1082 3904 1235 3978 cepit.
1250 3902 1367 3958 Non
1389 3903 1550 3978 dubia
1573 3905 1888 3978 conjectura
1903 3918 1979 3978 es
2001 3918 2235 3978 pugnare

640 3982 813 4053 erepit,
845 3972 987 4049 quod
1015 3976 1068 4031 in
1090 3972 1277 4053 (loton.
1310 3984 1368 4053 et
1392 3973 1608 4053 _Veneto
1634 3986 1773 4053 erat,
1819 3972 2103 4053 Fabricius
2130 3990 2232 4044 po-

639 4044 1161 4118 sueratfpugnaudo
1189 4046 1360 4118 ⁸ςςρὶι.
1392 4044 1565 4118 Laur.
1589 4045 1755 4118 ε-Ει
1784 4059 1915 4099 mss.
1948 4046 2028 4118 sic
2075 4059 2234 4115 repoo

640 4123 750 4178 suit
776 4115 1080 4183 Fabricius,
1104 4117 1156 4171 in
1188 4115 1296 4171 illis
1324 4120 1467 4170 enim
1498 4116 1694 4185 legitur
1713 4115 2016 4186 pugnando.

716 4192 807 4248 55.
844 4189 979 4244 Nam
1006 4190 1199 4260 viginta
1247 4185 1415 4260 millia
1441 4183 1905 4260 peditum.'Ct'esa,
1936 4186 2113 4260 inquit
2136 4185 2233 4242 Li-

638 4264 761 4317 vius
787 4262 913 4317 libr.
946 4256 1088 4322 xciv,
1119 4259 1187 4312 ad
1215 4274 1287 4312 xx
1316 4256 1486 4310 millia
1518 4258 1783 4311 hominum
1831 4266 1973 4313 sunt.
2025 4256 2237 4312 Plutar-

638 4334 796 4399 chus,
815 4335 1043 4407 h'yovrat
1067 4331 1199 4405 ὑπὲρ
1230 4328 1538 4407 δισμξδρίους
1562 4328 2014 4407 πενταησχιλξιρυς
2044 4331 2241 4386 ἀποθα-

638 4397 931 4473 νεῖνίεωξα
958 4397 1253 4473 referuulur
1280 4397 1453 4453 millia
1476 4397 1859 4473 usv‘atnptiu’s.
1904 4397 2069 4473 Enn.

714 4469 804 4532 56.
834 4474 986 4544 Apud
1014 4469 1199 4544 Albam
1224 4474 1277 4524 in
1297 4470 1559 4544 custodia.
1588 4469 2236 4544 Perseusprimumapud

639 4546 836 4603 Albam
863 4539 916 4599 in
945 4543 1250 4598 custodiam
1278 4542 1459 4606 datus,
1484 4551 1670 4609 postea
1702 4539 1907 4594 Atlmilii
1937 4539 2087 4595 Pauli
2106 4539 2235 4596 sen-

642 4620 810 4672 tentia
842 4625 1125 4684 exemptus
1163 4629 1194 4668 e
1220 4626 1603 4684 carcere,cum
1623 4611 1827 4684 decem
1868 4625 2044 4684 annos
2072 4613 2237 4667 mise-

639 4703 758 4744 ram
802 4690 966 4741 vitam
991 4682 1229 4755 egisset,
1271 4694 1516 4755 mortuus
1544 4682 1682 4755 luit,
1736 4689 1961 4737 auctore
1998 4682 2238 4755 Diodoro

642 4758 829 4815 Siculo
852 4758 991 4812 libro
1016 4752 1173 4810 im.
1189 4754 1429 4810 Velleius
1450 4752 1639 4807 scribit
1664 4754 1917 4805 Perseum
1942 4753 2237 4823 quadrien-

638 4832 733 4884 nio
764 4840 882 4884 post
900 4828 953 4882 in
973 4827 1140 4881 libera
1174 4826 1420 4879 custodia
1451 4826 1602 4877 Alba:
1626 4822 2145 4878 decessisse.’an.
2165 4854 2234 4865 -

640 4899 721 4955 De
749 4893 952 4961 Gentii,
984 4898 1291 4966 Illyriorum
1324 4896 1489 4966 regis,
1510 4893 1927 4966 ipsius‘Persei,
1957 4893 2234 4966 filiorum-

639 4986 746 5039 que
766 4970 882 5039 ejus
910 4962 1073 5037 atque
1112 4962 1628 5039 universaz'dnmus
1679 4962 1821 5030 l‘ato,
1882 4964 1997 5034 lege
2054 4963 2231 5039 Vitam

638 5035 848 5109 Persei,
899 5040 953 5094 in
987 5035 1253 5095 extremo
1285 5036 1533 5091 Historiae
1579 5044 1783 5090 nostra:
1835 5050 2024 5105 regqu
2054 5035 2236 5094 Mace-

638 5111 839 5168 douim.

712 5180 841 5237 Car.
864 5178 1009 5236 XXI.
1040 5207 1111 5222 --
1132 5179 1181 5233 I.
1216 5176 1364 5232 Anno
1386 5176 1449 5230 ab
1475 5175 1613 5231 Urbe
1640 5176 1846 5232 condita
1866 5192 1952 5233 ac.
1984 5176 2120 5232 Aliis
2144 5178 2235 5235 hic

636 5267 814 5308 anuus
839 5262 923 5307 cst
949 5266 1075 5307 non.
1108 5248 1284 5321 Orosii
1314 5250 1489 5303 locum
1517 5246 1660 5303 hunc
1687 5249 1958 5304 Diaconos
1981 5247 2235 5321 Eutropii

637 5324 879 5379 historice
902 5322 1151 5385 inseruit.
1201 5318 1368 5374 Fiunt.

705 5395 763 5449 2.
800 5391 867 5446 P.
900 5392 1097 5462 Scipio.
1149 5390 1224 5445 De
1256 5393 1357 5443 hac
1399 5388 1669 5460 Scipionis
1716 5389 1996 5447 Emiliani
2034 5391 2228 5450 militia

633 5465 757 5535 lege
784 5462 1395 5535 EpitomainLivianam
1423 5463 1564 5535 libro
1588 5477 1775 5517 XLVIII.
1810 5463 1973 5518 FABB.

707 5532 764 5591 ὅ.
810 5535 982 5605 Etiam
1010 5534 1213 5605 militis.
1248 5533 1382 5586 Edd.
1410 5532 1658 5601 quaedam
1685 5543 1841 5602 vett.,
1875 5545 1980 5589 tam
2013 5535 2220 5605 militis,

633 5615 767 5671 ete.,
802 5604 898 5674 sed
927 5603 1227 5674 elegantius
1249 5604 1539 5658 omittitur.

704 5677 760 5728 4.
803 5673 948 5729 Nam
982 5673 1028 5728 ct
1070 5675 1351 5728 barbarum
1381 5683 1763 5743 provocantem.
1813 5676 1925 5733 Iloc
1973 5676 2029 5733 in
2072 5677 2218 5735 obsi-

628 5746 795 5806 dione
830 5744 1127 5805 intercutitv
1158 5745 1342 5822 oppidi
1375 5749 1575 5805 tactum
1618 5746 1806 5805 scribit
1846 5749 2124 5824 Appimus
2162 5751 2216 5810 in

2336 3486 2535 3535 tamam
2561 3494 2749 3535 sum.
2798 3478 2967 3535 FABB.

2406 3552 2460 3607 7.
2526 3550 2877 3621 Lasciviazque
2922 3560 3299 3621 commentum.
3340 3547 3421 3604 Ita
3476 3548 3698 3620 quidem
3753 3550 3941 3608 edidit

2338 3619 2617 3678 Fabricius
2646 3665 2662 3689 ,
2714 3619 2934 3677 secutus
2975 3632 3107 3678 vett.
3137 3620 3395 3691 quasdem
3435 3619 3602 3687 edd.;
3650 3621 3750 3677 sed
3790 3638 3934 3679 mss.

2337 3691 2635 3747 Florentini
2658 3706 2845 3748 omnes
2874 3736 2891 3760 ,
2941 3701 2998 3747 ut
3035 3701 3092 3748 et
3117 3691 3289 3760 Lugd.
3320 3692 3460 3746 Batt.
3490 3700 3615 3762 tert.
3646 3701 3707 3748 et
3733 3705 3926 3762 quart.

2336 3764 2534 3832 quibus
2582 3762 2851 3835 accedunt
2892 3762 3041 3818 Meus
3082 3773 3139 3819 et
3189 3762 3437 3835 Perizon.
3467 3805 3483 3835 ,
3534 3760 3935 3835 Lascisiamqtte

2334 3831 2703 3888 commentum.
2730 3833 2852 3903 Quo
2878 3849 3041 3890 sensu
3065 3835 3211 3889 dixit
3228 3834 3420 3889 Nasica
3445 3831 3722 3888 theatrum
3743 3831 3937 3892 inimi-

2334 3905 2612 3960 eis~imum
2656 3919 2779 3960 esse
2802 3914 3166 3960 commentum
3196 3904 3263 3959 ad
3294 3903 3636 3959 nutriendam
3660 3904 3932 3963 desidiam

2336 3974 2750 4046 lasciviamque.
2777 3974 2914 4030 Edd.
2942 3976 3128 4044 prima:
3152 3987 3207 4030 et
3233 3978 3541 4044 Augustana
3562 3991 3683 4030 cum
3700 3974 3933 4033 Venetis

2338 4046 2465 4101 huic
2518 4046 2739 4118 lectioni
2789 4060 3004 4118 quoque
3049 4046 3653 4118 astipulantur._Aliam
3699 4047 3932 4118 insuper

2336 4117 2647 4186 suppeditat
2672 4116 2841 4186 Lugd.
2872 4117 3014 4172 Batt.
3047 4132 3131 4187 pr.
3163 4116 3415 4173 videlicet
3440 4116 3603 4183 hanc,
3627 4118 3698 4173 ad
3722 4116 3933 4175 denun-

2336 4187 2569 4241 tiandam
2597 4187 2873 4255 desidiam,
2905 4189 3229 4257 lasciviteque
3253 4196 3625 4245 commntum.
3653 4187 3789 4257 Qum
3824 4206 3930 4247 nec

2339 4258 2454 4328 ipsa
2498 4273 2700 4314 venere
2744 4274 2841 4314 sua
2892 4268 3063 4313 caret.
3111 4258 3405 4315 Theatrum
3460 4259 3697 4314 lascivia:
3747 4262 3927 4317 veluti

2336 4340 2702 4385 commentum
2750 4329 3117 4386 consideravit
3162 4345 3375 4400 quoque
3424 4328 3796 4385 Tertullianus
3856 4335 3928 4390 de

2337 4401 2669 4469 Spectaculis
2697 4400 2835 4472 libro
2865 4416 2986 4469 cap.
3019 4404 3122 4455 10:
3158 4403 3401 4455 Censores
3427 4417 3565 4472 saepe
3594 4406 3926 4458 renascentia

2338 4473 2562 4525 maxime
2586 4472 2783 4524 theatra
2800 4471 3154 4536 destruebant,
3180 4473 3408 4525 moribus
3430 4471 3774 4541 consulentes,
3796 4491 3929 4543 quo-

2338 4559 2453 4613 rum
2480 4544 2675 4597 scilicet
2698 4544 2985 4613 periculum
3016 4544 3194 4613 ingens
3227 4544 3293 4597 de
3325 4543 3538 4597 lascivia
3563 4542 3924 4613 providebant.

2340 4611 2610 4668 Desidiam
2648 4611 2842 4668 afferre
2872 4611 3121 4668 bellatori
3163 4614 3361 4683 pot)qu
3399 4611 3590 4669 sedere
3625 4614 3677 4667 iu
3706 4614 3925 4673 theatro

2341 4688 2544 4738 notavit
2572 4699 2789 4754 quoque
2822 4683 2937 4739 Val.
2965 4683 3104 4755 Max.
3134 4702 3195 4750 II,
3219 4685 3311 4751 IV,
3332 4684 3403 4741 2:
3428 4686 3591 4755 Atque
3614 4685 3744 4740 adeo
3768 4689 3832 4740 δ.
3857 4686 3920 4745 C.

2341 4766 2549 4828 cautum
2574 4763 2650 4810 est
2674 4798 2689 4821 ,
2721 4772 2783 4828 ne
2801 4757 2919 4825 quis
2944 4757 3006 4828 in,
3027 4754 3165 4810 Urbe
3183 4796 3200 4824 ,
3228 4754 3511 4828 propitiare
3529 4770 3717 4828 passus
3743 4759 3921 4824 mille,

2335 4827 2579 4881 subsellia
2608 4827 2875 4894 posuisse,
2920 4827 3160 4881 sedensue
3189 4827 3339 4881 ludos
3362 4836 3595 4895 spectare
3628 4827 3815 4891 uellet,
3862 4840 3923 4884 ut

2338 4898 2531 4950 scilicet
2578 4898 2869 4970 remissioni
2911 4900 3201 4953 animorum
3230 4902 3424 4970 juncta
3473 4897 3662 4970 standi,
3694 4901 3920 4955 virilitas

2375 4970 2546 5039 ropria
2570 4966 2820 5023 Romana:
2855 4970 3024 5038 gentis
3060 4980 3180 5023 nota
3215 4966 3363 5024 esset.
3409 4969 3484 5024 De
3511 4968 3621 5039 hoc,
3642 4968 3917 5039 Scipionis

2385 5038 2543 5094 mea:
2583 5040 2723 5094 iacto
2750 5052 2983 5109 egerunt
3018 5048 3281 5110 prteterea
3320 5039 3557 5096 Velleius
3596 5038 3917 5097 Paterculus

2338 5110 2432 5163 lib.
2458 5125 2495 5172 I.
2526 5124 2644 5179 cap.
2683 5111 2749 5165 15
2772 5151 2787 5175 ,
2816 5110 3048 5180 Appian.
3081 5110 3213 5167 Bell.
3242 5110 3361 5166 Civ.
3394 5111 3487 5165 lib.
3512 5125 3551 5176 ι,
3587 5124 3641 5180 p.
3669 5112 3795 5176 567,
3823 5112 3917 5167 Li-

2336 5182 2459 5235 vius
2486 5180 2632 5251 Epit.
2666 5195 2857 5241 XLVIII.
2905 5192 2961 5238 et
2992 5182 3167 5238 Orosii
3200 5180 3455 5251 Magister
3480 5180 3816 5251 Augustinus
3843 5185 3915 5240 de

2336 5252 2561 5307 Civitate
2586 5251 2708 5319 Dei,
2736 5251 2830 5308 lib.
2850 5266 2893 5319 ι,
2921 5268 3041 5323 cap.
3071 5254 3104 5309 6
3130 5270 3141 5307 :
3174 5252 3366 5307 Nasica
3391 5253 3627 5322 pomifer.
3654 5256 3914 5309 maximus

2336 5338 2540 5379 caveam
2570 5324 2757 5378 theatri
2784 5334 3018 5378 senatum
3057 5333 3348 5379 construere
3387 5324 3679 5378 molientem
3706 5340 3913 5392 compe-

2329 5396 2503 5461 scuit,
2552 5396 2942 5466 persuasitque,
2993 5413 3055 5451 nc
3089 5394 3327 5450 Gnarum
3373 5395 3635 5451 luxuriam
3683 5398 3925 5452 virilibus

2329 5468 2516 5537 patria:
2555 5466 2782 5539 moribus
2820 5478 3117 5537 paterentur
3156 5467 3439 5539 obrepere;
3480 5474 3531 5522 et
3574 5466 3629 5519 id
3668 5468 3813 5539 egit,
3854 5479 3911 5521 ut

2327 5536 2533 5592 Senatus
2559 5536 2839 5603 subsellia,
2873 5540 3060 5608 quibus
3089 5539 3157 5593 ad
3190 5538 3372 5591 horam
3407 5539 3661 5609 congestis
3686 5536 3738 5593 in
3763 5538 3911 5592 ludo-

2324 5625 2441 5686 rum
2465 5610 2761 5686 spectaculo
2927 5610 3048 5666 olim
3078 5610 3156 5666 uti
3183 5612 3364 5667 civitas
3385 5619 3606 5686 mperat
3626 5652 3642 5684 ,
3671 5609 3909 5684 deinceps

2318 5679 2613 5754 prohiberet
2641 5679 2857 5755 apponi.
