4150 6440
173 300 277 357 913
1201 299 1684 360 UlSTOBlABUM
1722 299 1931 363 LIBER
1966 301 2059 359 Ν.
2098 300 2257 361 CAP.
2298 300 2465 360 XXII.

171 415 315 485 quod
349 427 411 473 se
452 414 789 475 inﬁrmiores
814 431 936 474 esse
964 415 1214 475 hostibus
1240 417 1354 473 suis
1382 417 1487 489 ipsi
1527 416 1774 473 sentiunt
1796 420 1854 481 Α
2349 418 2514 491 279
2549 416 2781 477 CAPUT
2820 416 2992 476 XXII.

171 518 226 563 et
267 508 512 566 fatentur
538 550 556 579 ,
610 509 823 567 theatra
854 499 1180 578 incusanda,
1209 525 1319 567 non
1348 518 1590 581 tempera
1624 529 1638 566 :
1670 526 1763 568 nec

1872 530 1955 586 De
1978 532 2131 587 tertio
2159 530 2293 585 bello
2322 529 2549 587 Punico.
2572 531 2825 589 Consules
2854 535 2923 589 ad
2948 534 3226 589 delendam
3253 532 3476 590 Cartha-

171 599 665 669 hlasphemandum
692 602 863 659 Deum
894 618 1107 670 verum,
1140 606 1232 674 qui
1258 617 1428 673 usque
1446 603 1514 657 ad
1538 616 1681 658 nunc
1708 616 1771 659 ea
1944 603 2119 677 ginem
2166 606 2429 673 profectos
2451 644 2466 671 ,
2518 606 2724 676 fugatas
2768 606 2951 677 fuisse.
2998 604 3219 662 Interim
3259 606 3327 662 de
3368 609 3475 662 situ

171 692 451 763 prohibet,
483 691 587 750 sed
616 692 1009 750 abominandos
1031 693 1168 750 deos
1192 692 1277 751 vel
1307 692 1585 749 daemones
1616 707 1766 762 suos,
1946 674 2198 745 εἰπεάεηιθ

3370 304 3480 363 θιι

170 785 259 855 qui
279 784 383 839 ista
405 784 702 855 petierunt,
730 784 1001 857 profundo
1022 785 1240 858 quidem
1263 786 1396 842 satis
1418 785 1773 857 malignitatis

170 888 285 931 sua
307 886 657 947 argumento,
689 878 798 933 tale
823 877 1152 934 sacriﬁcium
1180 878 1511 949 ﬂagitantes,
1534 894 1642 949 quo
1663 892 1772 934 non

169 968 340 1040 278
367 968 545 1042 magis
576 968 700 1025 fuso
726 984 925 1026 cruore
959 969 1264 1041 pecudum,
1295 986 1458 1041 quam
1490 970 1773 1042 proﬂigata

170 1062 372 1116 virtute
388 1059 674 1115 hominum
702 1070 1074 1132 pascerentur.
1097 1062 1231 1115 Nam
1254 1063 1445 1131 utique
1468 1068 1595 1116 tunc
1622 1063 1645 1093 ⁸
1668 1076 1772 1118 nec

172 1153 381 1219 hostes,
414 1167 519 1209 nec
550 1150 743 1217 fames,
774 1167 876 1208 nec
898 1150 1098 1219 morbi,
1132 1167 1233 1207 nec
1255 1151 1497 1222 prodigia
1518 1150 1768 1217 deerant,

170 1245 338 1302 immo
368 1253 503 1301 tunc
529 1244 760 1315 plurima
790 1251 969 1313 erant,
996 1242 1092 1299 sed
1127 1242 1340 1299 theatra
1369 1259 1477 1298 non
1505 1253 1687 1312 erant,
1714 1245 1771 1298 in

167 1335 394 1405 quibus,
423 1334 568 1407 quod
600 1332 922 1391 incredibile
946 1334 1097 1391 dictu
1128 1341 1235 1402 est,
1267 1334 1334 1389 ad
1354 1349 1505 1390 aram
1539 1334 1771 1391 luxuria:

165 1428 185 1459 ο
214 1427 479 1481 virtutum
528 1425 765 1481 victimae
812 1423 1175 1482 trucidantur.
1225 1424 1770 1497 Carthaginiensibus

164 1517 466 1589 aliquando
500 1519 673 1573 visum
705 1526 820 1578 est.
853 1517 1105 1574 homines
1128 1518 1413 1575 immolare
1438 1560 1455 1585 ,
1499 1518 1596 1574 sed
1628 1518 1771 1575 male

1943 788 2106 845 Anno
2125 789 2194 847 ab
2215 790 2361 848 Urbe
2383 791 2596 849 condita
2619 807 2746 859 ncu,
2771 792 2836 848 L.
2859 792 3165 849 Censorino
3184 800 3239 848 et
3260 792 3332 847 Μ.
3361 791 3476 848 Ma-

1874 881 2009 938 nilio
2037 882 2375 951 consulibus,
2399 885 2415 915 ¹
2443 886 2660 940 tertium
2687 884 2951 940 Punicum
2987 883 3191 942 bellum
3220 894 3473 941 exortum

1873 980 1979 1032 est.
2007 974 2170 1046 Igitur
2194 990 2319 1031 cum
2348 986 2572 1032 senatus
2597 976 2885 1033 delendam
2924 977 3309 1047 Carthaginem
3339 991 3474 1031 cen-

1873 1068 2091 1135 suisset,
2118 1066 2349 1140 profecti
2380 1069 2433 1124 in
2460 1068 2695 1126 Africam
2725 1070 3015 1139 consules,
3044 1082 3101 1126 et
3130 1070 3316 1142 Scipio
3344 1077 3475 1125 tunc

1874 1161 2125 1216 tribunus
2154 1160 2409 1227 militum,
2447 1176 2617 1232 prope
2658 1161 2871 1219 Uticam
2906 1164 2927 1194 '
2961 1163 3185 1234 majoris
3230 1160 3475 1221 Africani

1871 1259 2051 1305 castra
2107 1259 2415 1307 tenuerunt.
2465 1252 2543 1307 ibi
2591 1250 3135 1324 Carthaginiensibus
3187 1256 3469 1321 evocatis,

1865 1342 2142 1414 jussisquc
2183 1353 2244 1399 ut
2277 1358 2427 1399 arma
2459 1356 2515 1401 et
2541 1361 2708 1403 naves
2738 1347 3042 1416 traderent,
3078 1361 3179 1404 nec
3219 1349 3468 1413 moratis,

1872 1444 2019 1493 tanta
2048 1436 2131 1492 vis
2154 1452 2433 1493 armorum
2463 1450 2692 1509 repente
2730 1440 2932 1497 tradita
2957 1452 3063 1507 est,
3085 1450 3145 1498 ut
3171 1442 3333 1499 facile
3355 1451 3471 1497 tota

1870 1543 1939 1586 ex
1966 1529 2053 1584 his
2080 1528 2261 1585 Africa
2294 1531 2565 1599 potuisset
2591 1533 2813 1586 armari.
2845 1533 2955 1589 Sed
2985 1533 3472 1604 Carthaginienses

162 1618 504 1682 praesumpta
528 1611 814 1680 persuasio
842 1609 1000 1667 brevi
1024 1610 1391 1681 pratermissa
1430 1619 1513 1666 est
1540 1652 1555 1676 ,
1591 1624 1623 1664 a
1659 1608 1763 1666 Βο·

1872 1632 2155 1691 postquam
2196 1636 2346 1676 arma
2390 1623 2761 1692 tradiderunt,
2805 1635 2861 1680 et
2888 1625 3081 1681 relicta
3109 1627 3244 1682 urbe
3268 1626 3290 1657 ⁸
3318 1641 3475 1682 rece-

165 1705 348 1761 manis
375 1718 511 1762 vero
537 1714 789 1762 exactum
816 1712 923 1771 est,
949 1714 1011 1760 ut
1036 1705 1366 1776 semetipsos
1389 1704 1433 1737 "
1470 1704 1763 1775 perditioni

1869 1714 2001 1770 dere
2032 1714 2224 1784 procul
2262 1728 2293 1768 a
2323 1713 2461 1769 mari
2493 1712 2515 1743 ⁸
2543 1714 2734 1771 decem
2777 1715 3019 1773 millibus
3047 1732 3301 1788 passuum
3328 1716 3473 1787 jussi

170 1797 581 1867 impenderent.
605 1798 647 1831 ²¹
671 1796 894 1854 Factum
916 1809 1023 1866 est,
1048 1797 1130 1864 lit,
1157 1806 1397 1867 amatur,
1422 1809 1476 1855 et
1496 1798 1765 1854 clamatur
1793 1792 1843 1856 B
1868 1814 1997 1862 sunt
2015 1848 2031 1873 ,
2080 1805 2325 1862 dolorem
2368 1805 2437 1861 ad
2478 1807 2913 1879 desperationem
2961 1810 3342 1878 contulerunt,
3374 1818 3471 1864 aut

160 1906 217 1949 ut
253 1892 351 1949 tiat
372 1908 393 1948 :
423 1892 516 1965 qui
549 1907 649 1964 pro
677 1892 963 1949 mactanda
986 1895 1169 1965 gregis
1188 1892 1276 1949 sui
1298 1892 1507 1963 pecude
1536 1891 1768 1948 fortasse
1868 1897 2144 1956 defensuri
2192 1899 2493 1965 civitatem,
2533 1911 2628 1956 aut
2654 1916 2777 1957 eum
2808 1903 2923 1973 ipsa
2968 1919 3069 1976 per
3100 1904 3273 1976 ipsam
3311 1920 3473 1974 sepe-

160 1985 581 2043 oﬂenderentur
608 2028 624 2053 ,
676 2000 773 2057 pro
804 1984 1186 2042 interficienda
1216 1983 1400 2040 cordis
1438 1984 1524 2039 sui
1564 1986 1764 2041 virtute

160 2078 457 2135 lauetur:
488 2078 621 2149 quin
652 2078 832 2149 potius
859 2076 1067 2134 Nasicae
1092 2076 1452 2144 erubescant,
1486 2076 1576 2148 qui
1605 2075 1765 2132 Chri-

160 2171 360 2228 stianis
419 2169 864 2242 exprobrandam
912 2177 1107 2241 putant
1154 2187 1169 2223 :
1216 2178 1275 2226 et
1318 2182 1427 2225 non
1496 2168 1656 2225 nobis
1692 2169 1762 2225 de

162 2262 417 2318 hostibus
441 2304 458 2329 ,
496 2276 637 2333 quos
680 2277 900 2332 semper
940 2261 1289 2329 habuerunt,
1324 2263 1367 2294 “
1397 2260 1492 2317 sed
1527 2261 1647 2328 illi,
1692 2262 1762 2317 de

159 2356 416 2421 theatro,
468 2354 615 2425 quod
650 2353 840 2408 haberi
886 2352 1284 2424 prohibuerat,
1328 2363 1756 2422 conquerantur.

166 2446 207 2479 ¹³
256 2447 438 2519 Igitur
474 2446 527 2502 in
572 2444 834 2515 Hispania
864 2443 986 2501 Ser.
1030 2443 1202 2500 Galba
1236 2454 1435 2514 praeter
1471 2444 1762 2500 Lusitanos

166 2543 309 2597 citra
330 2540 542 2612 Tagum
568 2538 772 2596 nomen
803 2538 1110 2595 habitantes
1130 2579 1146 2605 ,
1188 2552 1312 2594 cum
1340 2538 1677 2594 voluntarios
1707 2539 1763 2594 in

156 2635 496 2692 deditionem
519 2634 840 2707 recepisset,
860 2646 959 2703 per
976 2632 1158 2688 scelus
1179 2630 1481 2687 interfecit:
1499 2631 1761 2689 simulans

159 2729 308 2785 enim
339 2726 411 2786 de
435 2725 741 2783 commodis
765 2740 954 2782 eorum
983 2740 1045 2782 se
1072 2735 1321 2781 acturum
1347 2723 1489 2791 fore,
1522 2726 1763 2781 circum-

156 2818 361 2892 positis
388 2818 657 2877 militibus
693 2828 924 2875 cunctos
958 2818 1199 2874 inermes
1239 2817 1592 2888 incautosque
1636 2831 1765 2886 pro-

156 2912 361 2968 stravit
386 2928 400 2965 :
431 2925 552 2983 qua:
579 2925 668 2966 res
698 2918 888 2981 postea
914 2907 1182 2965 universae
1218 2905 1497 2977 Hispania:
1525 2917 1752 2978 propter

154 3005 536 3065 Romanorum
562 3002 871 3078 perﬁdiam,
896 3016 1062 3060 causa
1092 3000 1313 3058 maximi
1345 3000 1608 3058 tumultus
1636 2998 1759 3057 fuit.

1871 1994 2079 2051 licndi:
2109 1993 2383 2064 ducesque
2428 1994 2534 2050 sibi
2579 1994 2719 2050 duos
2755 1996 3083 2053 Asdrubales
3112 2004 3463 2054 creaverunt.

1870 2086 1892 2118 ⁸
1924 2087 2087 2140 Arata
2115 2085 2349 2152 primum
2391 2084 2570 2142 facere
2594 2086 2865 2157 aggressi,
2896 2088 3022 2143 atris
3065 2086 3308 2159 ferrique
3334 2089 3461 2144 iuo-

1868 2178 2036 2250 piam,
2069 2178 2185 2232 auri
2231 2178 2554 2248 argentique
2594 2178 2835 2234 metallis
2879 2179 3290 2250 suppleverunt.
3322 2178 3468 2235 Con-

1866 2272 2015 2325 sules
2043 2285 2364 2341 Oppugnare
2393 2269 2774 2341 Carthaginem
2805 2278 3071 2337 statuunt,
3094 2272 3116 2301 ⁸
3139 2270 3295 2343 cuius
3324 2271 3464 2327 situs

1862 2358 2038 2415 fuisse
2068 2358 2376 2429 hujusmodi
2418 2360 2619 2415 dicitur
2647 2377 2662 2414 :
2695 2362 2714 2392 τ
2746 2361 2947 2431 Viginti
2993 2361 3163 2416 millia
3206 2376 3464 2432 passuum

1866 2467 2023 2507 muro
2068 2451 2346 2523 amplexa,
2395 2460 2512 2506 tota
2562 2467 2700 2521 pene
2744 2454 2909 2526 280
2952 2454 3088 2509 mari
3118 2455 3461 2526 cingebatur,

1863 2531 2069 2615 absque
2113 2543 2378 2611 faucibus,
2406 2559 2529 2614 qua:
2559 2545 2735 2601 tribus
2765 2546 3006 2601 millibus
3043 2561 3299 2618 passuum
3331 2563 3460 2619 ape—

1864 2637 2165 2694 riebantur.
2216 2637 2265 2694 Is
2317 2637 2471 2694 locus
2518 2654 2734 2693 murum
2794 2639 3015 2710 triginta
3071 2639 3239 2710 pedes
3290 2639 3462 2696 latum

1866 2728 2076 2795 habuit,
2116 2742 2255 2784 saxo
2304 2729 2591 2799 quadrato,
2645 2730 2697 2784 in
2749 2730 3094 2786 altitudinem
3145 2732 3462 2789 cubitorum

1863 2820 2243 2892 quadraginta.
2276 2818 2411 2890 Arx,
2437 2822 2523 2876 cui
2555 2821 2737 2892 Byrsa:
2767 2836 2965 2878 nomen
2996 2832 3133 2889 erat,
3164 2825 3324 2895 paulo
3345 2839 3463 2880 am-

1863 2913 2007 2983 plius
2056 2926 2218 2983 quam
2265 2911 2374 2968 duo
2422 2913 2592 2968 millia
2646 2928 2903 2984 passuum
2953 2916 3192 2972 tenebat.
3237 2917 3313 2973 Es
3354 2934 3464 2973 una

1864 3009 2019 3073 parte
2046 3016 2232 3059 murus
2251 3004 2560 3060 communis
2581 3010 2702 3061 erat
2720 3003 2877 3062 urbis
2900 3014 2958 3063 et
2976 3004 3160 3078 Byrsae
3184 3006 3464 3066 inminens

1432 3177 1878 3236 ilAVERCAMPl
1912 3178 2142 3238 NOTIE.

231 3326 292 3382 8.
333 3323 447 3380 Nec
475 3324 667 3379 hostes.
693 3319 830 3377 Cod.
864 3319 1133 3390 Longob.,
1164 3333 1258 3374 nec
1276 3316 1463 3372 hostis.

230 3398 288 3454 9.
338 3395 606 3452 Virtutum
647 3394 887 3449 victim.
939 3384 1076 3449 Edd.
1120 3384 1430 3464 ’AuguStan.
1459 3427 1476 3455 ,
1531 3384 1761 3442 Virtutes

159 3469 435 3526 hominum
458 3468 676 3521 uictima
714 3464 1070 3519 trucidantur.

236 3541 331 3597 10.
372 3537 667 3595 Perditioni
693 3536 1053 3609 inpenderant.
1083 3531 1248 3590 Addit
1267 3532 1495 3604 August.
1526 3531 1590 3586 ob
1614 3529 1765 3585 tltea-

370 3679 597 3736 Factum
640 3688 757 3745 est,
798 3678 901 3746 ﬁt,
945 3684 1188 3739 eruatur,
1225 3681 1335 3746 etc.
1387 3672 1637 3731 Difﬁcilis
1677 3678 1765 3728 est

163 3754 319 3810 locus
338 3795 357 3821 ,
389 3767 552 3822 quem
580 3753 672 3826 vi;
698 3745 832 3806 satis
867 3745 1028 3826 capio
1054 3788 1071 3817 ,
1105 3745 1257 3826 quod
1304 3746 1447 3826 idem
1491 3761 1613 3826 cum
1640 3785 1657 3811 ,
1706 3750 1766 3826 ut

166 3835 326 3893 puto,
342 3819 751 3893 interpretibus
767 3820 1049 3885 acciderit,
1073 3821 1221 3874 sicco
1243 3819 1382 3893 pede
1404 3819 1758 3893 transierunt.

170 3886 460 3952 Editiones
488 3886 705 3950 veteres
744 3907 969 3956 omnes,
1013 3886 1588 3960 excepta'Augustana
1616 3928 1631 3951 ,
1665 3886 1765 3960 ha-

166 3970 326 4032 bent,
356 3965 582 4021 Factum
608 3980 718 4021 esse
745 3965 822 4020 sic
848 3967 1098 4032 (atteritur,
1128 3956 1178 4015 et
1206 3956 1436 4015 clamant
1464 3968 1521 4013 ut
1548 3959 1661 4032 ﬁat.
1692 3956 1765 4011 Et

168 4041 250 4095 sic
290 4030 741 4110 quoqueilegitur
782 4030 1023 4110 itrlflor.
1072 4032 1253 4110 tertio.
1306 4032 1491 4110 tneque
1533 4030 1761 4110 multum

166 4112 282 4166 abit
307 4098 441 4165 inde
472 4098 845 4180 Ultrﬂcgcns,
877 4103 1100 4159 Factum
1125 4103 1155 4157 ἐ
1180 4102 1326 4175 (sic)
1357 4098 1549 4173 fatetur
1571 4109 1633 4180 et.
1653 4098 1765 4154 cla-

170 4193 344 4237 matur
369 4190 427 4236 ut
456 4179 570 4249 ﬁat.
604 4170 777 4249 ιυᾷιι.
810 4170 955 4233 Batt.
981 4191 1089 4247 pr.,
1121 4170 1245 4249 tert.
1273 4170 1329 4230 et
1353 4170 1580 4249 quartus
1613 4170 1761 4243 (nam

167 4245 608 4323 secundus'legit
634 4291 665 4323 ,_
688 4245 921 4323 Factum
966 4245 1042 4302 est
1065 4287 1086 4323 ._
1124 4246 1316 4323 fatetur
1344 4256 1394 4323 et
1423 4245 1680 4298 clamatur
1707 4249 1764 4295 ut

169 4326 318 4394 ﬂat),
353 4316 606 4394 unacu'm
629 4321 769 4378 (loli.
797 4319 1039 4394 Gronov.
1071 4317 1213 4373 hanc
1242 4316 1533 4394 lectionem
1561 4327 1763 4394 suppe-

170 4385 354 4451 ditant
381 4436 394 4459 ,
424 4391 650 4448 Factum
675 4401 750 4447 est
771 4437 786 4461 ,
814 4393 888 4446 sic
914 4389 1122 4461 canitur
1140 4433 1157 4458 ,
1194 4398 1243 4442 et
1264 4386 1539 4461 clamatur,
1567 4393 1620 4439 ut
1644 4385 1761 4455 ﬁat.

175 4455 535 4523 Verum'cod.
557 4455 803 4535 Langob.
841 4455 1150 4535 sive_Flor.’
1176 4475 1282 4530 pr.,
1309 4468 1371 4535 ut
1396 4470 1450 4515 et
1477 4455 1630 4511 Flor.
1671 4470 1762 4511 se-

171 4538 388 4593 cundus
414 4538 574 4607 plane
600 4530 884 4602 scribunt,
930 4531 1152 4607 Factum
1177 4542 1250 4585 est
1275 4571 1291 4595 ,
1313 4530 1429 4607 ﬁt,
1477 4536 1698 4607 amatur
1712 4535 1766 4581 et

169 4598 431 4664 c'amatui
458 4617 514 4664 ut
541 4608 636 4677 ﬁat
663 4652 678 4677 ,
728 4606 830 4661 nisi
857 4598 1002 4677 quod
1031 4610 1235 4657 amatus
1283 4598 1353 4657 sit
1399 4603 1453 4657 in
1497 4598 1761 4677 secundo.

174 4680 333 4736 Unde
366 4689 514 4749 patet
540 4670 847 4734 Fabricium
875 4670 1162 4749 lectionem
1188 4687 1342 4730 suam
1371 4684 1598 4749 ex_ms_s.
1630 4670 1763 4724 hau-

172 4756 335 4807 sisse.
367 4742 560 4824 'Codes
602 4763 758 4807 meus
801 4757 858 4802 et
889 4746 1140 4803 l’erizon.
1187 4753 1352 4824 atque
1396 4742 1486 4824 ed.
1532 4742 1759 4821 August.

171 4825 421 4878 etrtnium
447 4822 683 4892 optima,
723 4830 781 4877 ut
807 4833 1005 4892 saepe,
1025 4831 1159 4892 cum
1187 4815 1517 4892 Florentinis
1545 4815 1763 4892 conspi-

171 4901 337 4961 rant,
387 4904 445 4951 et
468 4882 721 4965 eamdem
768 4890 857 4965 hic
892 4882 1154 4965 exhibent
1196 4887 1511 4965 lec_tion_em.
1553 4882 1762 4965 Sensus

169 4954 466 5022 \‘erborum
492 4964 583 5020 hic
609 4977 733 5020 esse
764 4960 998 5017 videtur.
1031 4959 1239 5027 Sedere
1277 4956 1333 5013 iu
1366 4957 1577 5012 theatro
1603 4964 1659 5009 et
1686 4954 1759 5027 ibi

170 5036 492 5107 persedere,
526 5034 669 5107 sicut
691 5033 824 5089 olim
847 5042 927 5107 est
954 5030 1155 5107 factum
1174 5024 1257 5085 ‘sic
1276 5041 1493 5107 quoque
1514 5024 1756 5107 nuncii}.

170 5097 376 5164 Amant
420 5097 605 5163 miseri
646 5106 785 5160 hanc
810 5103 1027 5159 virtutis
1053 5101 1231 5158 labem
1259 5097 1493 5169 {atque
1522 5097 1759 5152 assiduis

169 5178 502 5236 clamoribus
523 5174 846 5251 efﬂagitant,
874 5180 932 5229 ut
946 5174 1046 5251 ﬁat
1071 5173 1292 5251 iterum,
1321 5170 1759 5251 id_est.spect.are

172 5250 331 5305 ludos
353 5251 460 5307 sibi
490 5241 690 5321 stepqu
720 5247 899 5321 liceat.
946 5245 1120 5321 Tata}
1157 5250 1339 5321 autem
1371 5241 1467 5321 hic
1476 5241 1759 5321 insaniam

171 5321 257 5376 sui
290 5319 556 5391 temporis
572 5310 1265 5392 'circa‘theatralesnludos,
1299 5310 1761 5392 non‘dissimilem

169 5383 500 5449 circensium
530 5388 778 5452 vanitati,
809 5388 878 5465 de
905 5401 1008 5456 qua
1037 5385 1178 5465 ιιι.)
1199 5426 1216 5454 ,
1244 5400 1369 5465 (κιρἶ
1397 5383 1432 5439 6
1450 5425 1475 5465 ,.
1490 5383 1715 5465 scripsit
1744 5398 1757 5434 :

172 5466 314 5519 Adeo
340 5472 520 5517 autem
541 5475 698 5532 paruo
719 5455 946 5532 quodam
969 5466 1018 5511 et
1051 5457 1150 5532 levi
1175 5467 1316 5511 motu
1340 5455 1615 5532 _lta_rsitasse_
1642 5468 1764 5532 erga

167 5552 221 5587 se
236 5549 521 5606 parumper
541 5524 970 5606 consuetudinem
988 5528 1313 5606 voluptatum
1332 5524 1765 5606 indubitatissimc

170 5597 488 5660 centesimus
516 5612 615 5668 est,
644 5613 702 5657 ut
729 5603 887 5656 libere
907 5597 1283 5662 conclamaret,
1315 5599 1359 5651 si
1384 5597 1629 5668 reciperet
1656 5597 1763 5647 cir-

169 5693 303 5741 cum,
334 5673 470 5730 nihil
495 5664 611 5729 esse
624 5673 721 5728 sibi
743 5674 937 5743 factum
954 5686 973 5725 :
994 5669 1094 5724 hac
1115 5670 1371 5743 est,_nt'hil
1393 5664 1554 5743 egisse
1576 5664 1758 5719 Romae

171 5740 461 5802 Carnorum
508 5759 655 5802 enses
676 5784 693 5813 ,
740 5740 786 5801 si
829 5743 1139 5800 concedatur
1182 5740 1435 5799 Romanis
1458 5779 1478 5810 ,
1527 5745 1758 5809 spectare

168 5818 414 5875 circenses
444 5856 459 5871 .

1787 3313 1837 3380 C
1938 3314 2029 3389 4g.
2072 3314 2184 3389 Sed
2210 3314 2313 3389 illi.
2344 3314 2512 3389 Addit
2539 3316 2630 3372 ed.
2663 3318 2918 3389 Aug.,_id
2946 3327 3021 3373 est
3051 3317 3283 3373 Nasicae.

1947 3386 2246 3460 l5.‘lgitur
2289 3388 2343 3441 in
2374 3386 2639 3460 Hispania
2669 3386 2794 3460 ser.
2830 3387 3019 3445 Galba.
3076 3390 3225 3445 lianc
3270 3404 3385 3446 rem
3430 3406 3464 3448 a

1868 3456 2555 3529 Lucullo’gestamscribit
2584 3458 2869 3529 Appianus
2910 3478 2923 3514 :
2974 3460 3070 3516 sed
3112 3476 3235 3516 cum
3263 3460 3464 3519 Oresio

1865 3527 1996 3584 facit
2019 3527 2214 3585 Cicero
2249 3530 2303 3584 in
2347 3528 2548 3596 Bruto,
2579 3527 2876 3586 suetonius
2905 3530 2960 3586 in
2988 3531 3160 3590 Galba
3185 3540 3241 3588 et
3270 3530 3456 3588 Valer.

1865 3599 2012 3655 Max.
2042 3600 2135 3655 lib.
2160 3615 2236 3659 ιι.
2267 3614 2319 3656 c.
2346 3602 2404 3656 6.
2432 3598 2601 3657 Faue.

1937 3671 2063 3725 CAP.
2110 3670 2276 3726 XXII.
2304 3671 2459 3725 -1.
2493 3670 2729 3726 Tertium
2781 3669 3045 3726 Punicum
3088 3672 3300 3727 bellum.
3345 3671 3460 3729 Hoc

1866 3742 2061 3796 bellum
2096 3743 2395 3812 exponitur
2426 3742 2477 3795 in
2508 3740 2757 3809 Epitoma
2786 3742 3007 3798 Liviaua
3033 3743 3128 3797 lib.
3164 3758 3314 3805 ms,
3339 3760 3370 3798 ι.
3403 3752 3458 3799 et

1867 3829 1940 3868 Li.
1984 3812 2251 3867 Scribitur
2281 3815 2348 3867 ab
2382 3812 2629 3883 Appiano
2661 3814 2713 3866 in
2744 3814 2965 3883 Libyca,
3011 3829 3039 3867 a
3083 3813 3376 3869 Plutarcho
3402 3816 3457 3869 in

1866 3887 2091 4011 garoue,
2120 3886 2188 3939 ab
2219 3883 2478 3955 Eutropio
2518 3882 2611 3939 lib.
2647 3898 2726 3950 tv,
2759 3898 2788 3938 a
2818 3882 2980 3939 Floro
3015 3885 3111 3939 lib.
3139 3899 3177 3939 ll
3206 3898 3327 3954 cap.
3361 3883 3455 3939 15.

1912 3972 2031 4010 ann.

1912 3972 2031 4010 ABR.

1935 4028 1989 4081 2.
2024 4024 2247 4098 Majoris
2269 4025 2505 4098 Africani
2529 4035 2722 4098 castra.
2743 4025 2931 4081 Castra
2951 4022 3458 4098 Cornelianaintel-

1865 4097 2002 4167 ligit,
2032 4096 2324 4167 de'quibus
2350 4097 2534 4152 Caesar
2566 4097 2662 4151 lib.
2690 4112 2725 4151 ιι
2754 4098 3057 4153 Comment.
3088 4097 3157 4152 de
3186 4096 3331 4154 bello
3369 4097 3450 4152 ci-

1864 4170 1978 4232 vili,
1999 4178 2055 4224 et
2084 4167 2331 4223 Lucanus
2357 4168 2448 4223 lib.
2481 4183 2556 4224 tv.
2582 4167 2749 4225 Fuit.

1937 4242 1991 4295 ’5.
2033 4238 2309 4295 lieeedere.
2347 4238 2479 4293 Edd.
2515 4241 2762 4308 quaedam
2793 4255 2861 4294 ex
2884 4247 3044 4306 vett.,
3066 4239 3324 4295 secedere.

1935 4309 1999 4383 4.
2036 4310 2225 4366 L‘ecetn
2261 4309 2508 4383 millibus
2556 4327 2823 4383 passuum.
2877 4326 3015 4383 uss
3066 4311 3239 4383 stadia
3286 4309 3452 4366 hibet

1866 4382 2099 4453 Appian.
2129 4381 2274 4452 quod
2306 4382 2432 4437 huic
2458 4380 2690 4453 numero
2721 4380 3034 4452 respondet.
3068 4380 3235 4437 Faue.

1938 4454 1993 4509 5.
2034 4451 2487 4524 Armaprirnum.
2536 4451 2857 4524 Siciomnes
2902 4467 3065 4516 mss.;
3110 4467 3356 4523 armaque
3401 4451 3458 4507 in

1866 4521 2060 4594 angg.
2097 4521 2266 4579 Paulo
2304 4536 2429 4579 ante
2456 4523 2598 4579 Coll.
2626 4523 2822 4587 Gron.,
2851 4533 2900 4577 et
2935 4539 3027 4595 per
3051 4525 3238 4595 ipsam.

1938 4596 1993 4668 li.
2031 4595 2197 4668 Cujus
2221 4596 2381 4668 situs.
2412 4594 2591 4668 M_eus,
2622 4598 2774 4668 cujus
2803 4594 3091 4668 situsltunc
3120 4596 3454 4668 [uisse,__c_tc.

1939 4667 1994 4721 7.
2031 4663 2230 4737 Viginti
2253 4664 2437 4737 millia.
2458 4664 2516 4719 ln
2539 4663 2764 4737 vetustis
2785 4666 2984 4737 nostris
3003 4676 3106 4737 est,
3123 4663 3242 4719 sxu
3264 4663 3455 4717 millia.

1788 4703 1841 4763 ι)
1864 4703 3456 4809 Ap}.'ia}.l?£"ih"335%;1523;;'iiiiii‘iﬁiiiéfliiiirﬁé

1864 4802 2174 4870 descripsit,
2206 4806 2299 4877 qui
2348 4802 2636 4879 in'ptjmis
2671 4808 2929 4879 legendus
2950 4802 3039 4879 ξιξ
3081 4806 3244 4879 rebus
3289 4802 3455 4861 tertio

1862 4879 2009 4936 bello
2038 4878 2245 4934 Punico
2266 4878 2452 4950 gestis.
2488 4876 2926 4933 Faune-'Prout
2945 4876 3229 4950 Fabricius
3255 4890 3456 4950 nume-

1862 4966 1985 5007 rum
2018 4946 2370 5021 passuum‘in
2415 4950 2527 5004 suis
2570 4965 2701 5005 mss.
2752 4950 2978 5014 invenit,
3030 4949 3121 5021 ita”
3150 4950 3204 5002 in
3244 4946 3453 5002 nostris

1861 5021 2046 5077 itidem
2097 5020 2391 5089 reperitur;
2445 5021 2795 5092 natnﬂviginti
2839 5020 3161 5092 duogmtllia
3206 5034 3453 5092 passuum

1840 5094 2108 5149 .scrilmnt
2152 5106 2248 5147 sex
2301 5094 2521 5161 Optimi,
2567 5088 2808 5146 Floreat.
2862 5089 3076 5145 scilicet
3104 5088 3246 5155 tres,
3276 5088 3453 5161 Meus,

1867 5164 2041 5221 Periz.
2074 5172 2132 5219 et
2158 5158 2476 5233 Lugt‘aBat.
2509 5177 2645 5228 scc.;
2693 5162 2876 5232 viginti
2904 5161 3008 5215 duo
3037 5161 3266 5214 millibus
3293 5158 3458 5233 habet

1867 5235 2039 5304 Lugd.
2074 5235 2191 5290 Bat.
2222 5228 2397 5303 quart.
2427 5234 2535 5289 Sed
2580 5250 2661 5301 pr.
2698 5228 2840 5288 inter
2882 5234 3001 5304 illos
3043 5247 3167 5286 cum
3212 5228 3371 5285 tertio
3397 5239 3456 5304 ct

1869 5300 2011 5363 Coll.
2037 5300 2276 5363 Gronov.
2304 5306 2522 5375 triginta
2539 5300 2705 5358 millia
2730 5304 2815 5359 vel
2845 5302 3098 5369 millibus,
3122 5311 3282 5375 prout
3308 5300 3454 5375 etin

1871 5378 1961 5432 etl.
1986 5379 2217 5448 August.
2246 5369 2534 5448 reperitur.
2564 5376 2747 5431 Notari
2782 5376 2832 5429 id
2862 5374 3069 5435 debuit,
3102 5369 3237 5448 quia
3256 5369 3456 5440 Appia-

1873 5464 2008 5527 nus,
2042 5442 2097 5503 in
2122 5442 2337 5503 caeteris
2363 5447 2627 5527 diligens,
2661 5461 2767 5501 non
2792 5458 3050 5527 expresse
3076 5442 3292 5527 scribit;
3322 5450 3456 5527 quot

1872 5521 2042 5575 millia
2100 5533 2354 5589 passuum
2406 5511 2681 5590 Carthago
2738 5511 2909 5572 muris
2964 5511 3448 5590 sintplexa_ltlet‘it.

1870 5591 2085 5664 Prteler
2100 5581 2426 5664 'Appianutn
2449 5581 2831 5664 “describunt
2850 5581 3093 5664 quoque
3109 5581 3453 5664 Carthaginis

1866 5664 2015 5719 urbis
2044 5653 2423 5733 situm-Polyb.
2449 5658 2543 5716 lib.
2570 5674 2587 5716 ι
2613 5673 2735 5731 cap.
2763 5653 2937 5728 ’ἰδίει
2955 5656 3151 5714 Strabo
3181 5653 3274 5709 lib.
3295 5666 3450 5719 svnt,

1863 5753 1914 5811 p.
1948 5735 2074 5793 ὅτε.
