4150 6440
226 270 338 332 91⁸1

1346 274 1821 336 ιιιετοιιιιιιυιι
1857 275 2062 335 LlBER
2104 276 2165 332 Υ.
2207 275 2364 333 CAP.
2404 276 2449 336 Ι.

3427 278 3536 337 9l8

232 384 291 441 in
316 376 601 457 pulverem
632 385 994 455 comminuto,
1025 388 1510 460 septingentesimo
1544 397 1667 460 post
1690 404 1833 446 anno
1861 394 1911 457 Α
1939 388 1997 446 in
2025 390 2330 462 languidam
2360 391 2644 458 segnitiem
2668 393 2967 449 securitate
3007 404 3168 465 atque
3210 395 3322 451 otio
3352 395 3535 453 solve-

243 493 412 550 quam
436 478 654 535 condita
682 490 822 536 erat.
846 479 1131 536 Multitudo
1159 480 1339 537 omnis
1359 480 1723 553 captivorum,
1749 497 1838 537 cx-

228 573 411 643 ccptis
436 573 625 644 paucis
650 573 1014 646 principibus,
1035 571 1361 630 venumdata
1384 582 1485 629 est.
1504 573 1524 605 τ
1541 571 1618 628 lta
1638 580 1837 645 quarto

236 680 404 734 quam
434 664 735 738 inemptum
766 663 872 721 fuit
896 681 1061 733 anno,
1091 664 1293 722 bellum
1317 664 1579 722 Punicum
1611 663 1833 721 tertium

232 759 581 815 terminatum
596 766 703 817 est.
718 757 824 816 Sed
845 758 972 814 mihi
989 758 1783 832 quamlibetstudioseqnmrcnt
1794 757 1829 826 i,

212 890 215 893 -
243 860 626 907 verumtamen
652 850 859 909 homini
893 850 1147 907 tardioris
1169 852 1390 922 ingenii,
1420 865 1688 922 nusquam
1710 864 1833 906 om-

238 941 375 999 nino
404 956 571 999 causa
597 943 727 1000 belli
753 943 940 1000 Punici
969 944 1137 1011 tertii,
1170 957 1331 1016 quam
1372 943 1424 999 in
1457 952 1666 998 tantum
1695 942 1832 998 Car-

238 1037 407 1113 thago
435 1035 778 1102 accenderit,
807 1047 865 1093 ιιι
881 1037 1032 1110 juste
1060 1036 1239 1094 everti
1268 1035 1684 1099 decerneretur,
1713 1034 1833 1092 elu-

230 1130 335 1190 sit.
364 1129 615 1204 llludque
637 1147 728 1189 me
757 1131 845 1188 vel
878 1129 1116 1189 maxime
1145 1136 1348 1198 movet,
1377 1128 1524 1199 quod
1554 1127 1602 1185 si
1633 1128 1704 1184 ita
1723 1171 1740 1199 ,
1769 1136 1830 1184 ut

226 1227 284 1284 in
314 1227 690 1303 superioribus
716 1226 878 1285 bellis
905 1225 1131 1284 evidens
1174 1225 1230 1282 in
1256 1234 1636 1300 assurgentem
1663 1237 1827 1280 causa

225 1326 287 1374 et
328 1317 492 1376 dolor
516 1317 874 1386 accendebat,
902 1316 1309 1375 consultatione
1352 1333 1465 1375 non
1507 1329 1649 1386 opus
1677 1322 1820 1372 erat.

1938 492 2110 546 retur,
2140 481 2470 536 incolumem
2494 481 2883 555 Carthaginem
2911 489 3075 541 statui
3096 501 3195 542 suo
3220 491 3534 555 permitten-

1936 575 2061 635 dam
2090 590 2213 631 esse
2243 586 2532 633 censerent
2563 595 2574 631 :
2608 592 2831 633 causam
2877 594 2984 634 non
3025 594 3092 635 cx
3127 581 3322 650 injuria
3361 582 3533 638 liltlt‘S'

1936 669 2171 726 sontium
2200 669 2753 740 Carthaginiensium,
2785 671 2879 726 sed
2908 686 2980 727 ex
3016 672 3382 727 inconsumtia
3414 685 3530 727 tor-

1936 764 2274 835 pesceutium
2310 762 2677 818 llomanorum
2721 774 2895 819 ortam
2928 764 3169 820 invenio.
3216 766 3372 832 Quod
3405 783 3529 822 cum

1920 854 2009 912 ita
2032 853 2125 920 sit,
2158 871 2256 911 cur
2278 853 2611 911 Christianis
2645 856 2984 925 temporibus
3013 856 3284 922 imputant
3306 858 3532 914 hebeta-

1930 948 2139 1005 tioncm
2171 962 2233 1003 ac
2275 947 2580 1020 rubiginem
2626 963 2802 1015 suam,
2835 963 2939 1021 qua
2973 948 3106 1005 foris
3140 950 3338 1016 crassi,
3384 950 3533 1006 intus

1932 1045 2082 1102 exesi
2112 1046 2279 1101 sunt?
2320 1046 2411 1115 qui
2442 1059 2609 1117 porro
2643 1052 2771 1101 ante
2815 1054 3114 1102 sexcentos
3151 1046 3268 1102 fere
3310 1062 3484 1102 annos
3513 1091 3527 1117 ,

1928 1138 2072 1196 sicut
2114 1140 2197 1194 sui
2225 1138 2390 1213 283
2414 1137 2710 1211 prudentes
2737 1139 3099 1211 timentesque
3134 1141 3525 1209 prmdixerant,

1929 1240 2107 1289 cotem
2133 1231 2281 1288 illam
2307 1247 2558 1303 magnam
2584 1231 2897 1304 splendoris
2915 1243 2972 1289 et
2994 1233 3262 1290 acuminis
3287 1236 3371 1291 sui
3389 1233 3522 1292 Car-

1938 1324 2219 1399 thaginem
2264 1326 2638 1398 perdiderunt.
2689 1324 2878 1397 Itaque
2927 1326 3087 1384 linem
3137 1327 3403 1384 volumini
3450 1328 3532 1384 fa-

226 1415 303 1468 At
325 1426 464 1470 vero
489 1412 514 1445 ⁸
549 1426 675 1469 cum
701 1410 796 1467 alii
825 1409 1194 1468 Romanorum
1236 1419 1461 1486 propter
1496 1417 1811 1482 perpetuam

1925 1416 2092 1487 ciam,
2121 1433 2189 1475 ne
2226 1417 2454 1474 forsitan
2484 1417 2801 1475 collidendo
2832 1418 3233 1490 vehementius,
3278 1420 3529 1479 discussa

224 1501 419 1560 Roma
445 1504 797 1563 securitatem
835 1504 1126 1562 delendam
1160 1518 1286 1562 esse
1313 1502 1694 1570 decernerem.
1726 1502 1825 1559 alii
1926 1509 1994 1566 ad
2023 1519 2241 1580 tempus
2263 1509 2537 1578 rubigine,
2567 1510 2659 1565 ubi
2684 1509 3055 1567 necessarium
3078 1525 3307 1567 acumen
3328 1512 3533 1569 elicere

220 1610 357 1654 vero
390 1606 614 1672 propter
645 1605 967 1671 perpetuam
1022 1595 1283 1653 Romani:
1339 1595 1557 1652 Virtutis
1594 1609 1808 1665 curam,
1925 1615 2035 1658 non
2080 1616 2326 1673 possum,
2356 1616 2758 1673 supervacuam
2801 1600 3154 1674 asperitatem
3195 1602 3471 1660 inveniam
3506 1621 3523 1664 :

219 1694 244 1728 ⁸
271 1706 402 1766 qua
437 1689 545 1757 sibi
581 1706 800 1765 semper
824 1706 890 1748 ex
919 1689 1229 1762 suspicione
1267 1688 1481 1746 temnite
1522 1689 1672 1746 urbis
1715 1690 1821 1746 im-
1924 1708 2251 1766 quamquam
2287 1691 2599 1751 obviantem
2643 1691 2995 1765 asperitatem
3037 1709 3380 1765 nequaquam
3426 1711 3524 1752 es-

221 1785 513 1861 pentleret,
534 1801 606 1846 ne
629 1786 787 1861 vigor
802 1784 1086 1843 Romanus
1109 1783 1268 1843 bellis
1282 1798 1502 1857 semper
1521 1782 1823 1854 exercitus,
1854 1778 1905 1841 B
1929 1800 2307 1859 pavescerem,
2335 1783 2381 1842 si
2412 1784 2696 1843 interioris
2725 1798 2877 1857 spem
2902 1783 3175 1844 acuminis
3203 1784 3528 1843 invenirem.

1509 1919 1602 1977 HA
1614 1916 1962 1979 VERCAMPI
2000 1919 2235 1979 ΝΟΤΕ.

287 2048 345 2105 ’1.
386 2044 476 2103 ιω
499 2053 906 2121 σιπῑομηιιριιι.
944 2041 1048 2114 Qui
1089 2042 1231 2121 banc
1256 2039 1613 2104 locutionem.
1645 2055 1808 2113 quam

1911 2040 2117 2114 ulceris
2143 2038 2328 2114 latere
2365 2048 2515 2112 poto.
2542 2038 2692 2114 ,Nam
2732 2054 2835 2110 pro
2874 2055 2997 2113 qute
3021 2039 3144 2114 eod.
3179 2040 3426 2114 Longob.
3458 2048 3520 2099 et

209 2133 411 2175 omnes
434 2113 568 2176 mis.
598 2113 841 2174 melioris
868 2113 1010 2173 notae
1040 2113 1385 2182 conﬁrmant,
1411 2126 1521 2183 non
1550 2121 1810 2183 putarunt

1911 2113 2003 2168 alii
2028 2112 2310 2177 meliores,
2331 2123 2465 2169 utet
2485 2112 2610 2167 edd.
2636 2119 2866 2168 vetustte
2884 2112 3077 2168 emes
3101 2112 3516 2181 liabent'quatn.

208 2194 501 2257 usitatam,
524 2197 807 2247 mutarunt
820 2203 976 2259 quam
1000 2186 1058 2241 in
1085 2192 1375 2259 postquam,
1393 2191 1453 2241 ut
1478 2182 1678 2259 factum
1709 2182 1813 2242 fuit

214 2255 515 2335 inaliqnot
534 2276 600 2335 es
631 2255 973 2335 vetusticdd.
993 2272 1016 2335 ί
1034 2255 1130 2313 sed
1156 2255 1297 2335 Aug.
1321 2269 1427 2311 ms.
1439 2255 1567 2310 cod.
1593 2263 1806 2335 secuta,

208 2331 356 2390 nihil
385 2324 636 2390 mutavit.
670 2331 773 2387 Pro
794 2329 1107 2386 venumdata
1128 2324 1282 2382 multi
1307 2342 1439 2381 mss.
1462 2336 1520 2381 ct
1539 2324 1668 2382 edd.
1692 2341 1809 2380 aen.

208 2404 327 2460 dita
349 2404 585 2470 malunt,
613 2412 667 2458 ttt
698 2411 753 2458 ct
776 2411 1001 2470 ereptum
1027 2413 1126 2471 pro
1149 2399 1451 2471 inemptum.

280 2476 337 2532 8.
379 2474 514 2531 Cum
541 2466 639 2530 alii
666 2466 881 2547 propter
915 2466 1221 2547 perpetuam
1249 2466 1434 2523 Roma:
1457 2467 1807 2547 securitatem.

207 2547 385 2619 Itilius
432 2539 723 2620 sententia:
765 2539 959 2620 auctor
994 2539 1054 2620 et
1090 2540 1507 2620 prineepserat
1537 2539 1810 2620 ll._t3aﬂm,

204 2608 506 2691 contrariae
530 2615 750 2691 Nasica,
778 2614 970 2691 Livius
998 2608 1274 2681 libfxus,
1306 2610 1592 2667 Plutarch.
1627 2610 1681 2665 in
1705 2608 1811 2665 Ca.

204 2699 341 2763 tone
370 2686 797 2763 majore._l_i'asn.
931 2686 935 2691 ’
996 2762 1001 2763 ί
1108 2751 1131 2763 _
1294 2751 1345 2763 η
1420 2751 1475 2763 ,,
1638 2749 1673 2763 ,,

276 2762 335 2818 9.
378 2750 517 2830 Qa'c
550 2759 654 2817 sibi
688 2772 912 2833 semper,
952 2762 1066 2815 etc.
1108 2751 1167 2812 In
1198 2751 1381 2811 verbis
1420 2751 1573 2811 hisce
1600 2750 1810 2824 aliquid

1912 2182 2066 2258 blolti
2092 2197 2312 2254 quoque
2332 2198 2399 2258 es
2423 2182 2620 2258 iisdem
2640 2181 3021 2258 impenderent,
3048 2199 3147 2252 pro
3172 2185 3517 2258 impenderet.

1917 2253 2072 2310 Unde
2098 2253 2385 2326 locnm‘sic
2407 2254 2646 2326 corrigo,
2668 2253 2828 2326 quam
2853 2253 2973 2318 sibi,
3002 2262 3134 2319 etc.,
3164 2253 3521 2325 intenderent;

1912 2328 2171 2380 virtutem
2204 2323 2443 2392 seilicct,
2473 2323 2633 2395 cujus
2657 2323 2992 2381 contrarium
3022 2326 3320 2381 intendetur
3344 2323 3526 2382 socor-

1913 2395 2005 2468 ttia
2034 2395 2282 2451 occurrit
2309 2399 2455 2468 apud
2486 2396 2735 2468 Tacitum
2778 2395 2979 2468 Annal.
3003 2395 3098 2455 lib.
3138 2411 3201 2463 tt.
3237 2412 3362 2466 cap.
3403 2395 3514 2468 .39:

1915 2467 2239 2539 Languescet
2260 2466 2457 2538 alioqui
2486 2467 2776 2534 industria;
2798 2466 3101 2522 intendetur
3123 2468 3388 2539 socordia.
3417 2466 3513 2523 Iu-

1914 2541 2124 2609 teudere
2168 2540 2255 2592 hic
2286 2554 2387 2609 pro
2422 2553 2651 2609 augere,
2682 2552 3030 2609 promovere,
3074 2541 3329 2595 sumitur.
3358 2538 3520 2594 Simi-

1925 2611 2051 2682 liter
2076 2608 2302 2682 Orosius
2329 2608 2618 2680 supra’lib.
2648 2608 2729 2677 ut,
2762 2623 2817 2682 ι).
2844 2609 2985 2667 M9:
3010 2610 3328 2682 Susceptum
3358 2627 3517 2682 nego-

1915 2681 2047 2737 tium
2077 2680 2282 2755 duplici
2302 2697 2429 2736 cura
2456 2680 2777 2737 intendebat.

1204 2998 1689 3112 LIBER
1766 2997 2511 3130 QUINTUS.

626 3322 795 3402 335
819 3321 1050 3383 eaeor
1093 3319 1378 3381 estnon.

210 3487 576 3544 Ramnetum
636 3499 733 3556 per
790 3482 1016 3556 aliorum
1080 3479 1263 3556 clades
1318 3478 1627 3556 felicitatem
1691 3477 1811 3549 plus

271 3559 455 3615 damni
478 3552 913 3629 quomeomutodi
933 3568 1105 3609 arcum
1129 3552 1383 3618 traxisxe;
1414 3552 1538 3606 item
1564 3565 1664 3606 sua
1681 3560 1812 3605 tent-

273 3647 404 3703 poro
432 3626 697 3701 prioribus
721 3626 949 3699 potiora.

271 3786 401 3843 Scio
450 3782 763 3855 aliquautos
826 3788 949 3854 post
989 3779 1112 3836 haec
1169 3776 1440 3849 deinceps
1494 3774 1809 3850 permoveri

204 3893 391 3950 posse,
420 3875 570 3948 quod
590 3874 835 3933 victoria:
870 3874 1128 3929 ltomanae
1157 3870 1446 3928 multarum
1471 3870 1717 3944 gentium
1749 3878 1808 3926 et

194 3973 485 4029 civitatum
516 3979 701 4040 strage
738 3968 755 4001 ⁸
786 3965 1146 4024 crebrescunt
1180 3981 1194 4019 :
1238 3978 1402 4034 quam
1434 3962 1481 4019 si
1509 3961 1806 4032 diligenter

195 4067 220 4098 ⁸
252 4062 571 4130 attendant,
618 4061 745 4131 plus
771 4057 956 4116 damni
985 4056 1265 4113 invenient
1293 4054 1564 4111 accidisse
1592 4096 1605 4121 ,
1639 4068 1802 4125 quam

191 4152 498 4222 commodi,
522 4165 697 4226 neque
722 4144 868 4210 enim
899 4148 1338 4222 parvipcndenda
1367 4156 1500 4204 sunt
1526 4155 1610 4205 tet
1653 4146 1800 4206 bella

199 4248 456 4314 servilia,
485 4244 739 4313 socialia,
769 4244 970 4308 civilia,
999 4240 1373 4314 fugitivorum,
1397 4242 1669 4298 nullorum
1697 4241 1800 4298 uti-

191 4357 305 4414 que
346 4343 654 4408 fructuum,
711 4346 771 4396 et
824 4352 1143 4411 magnarum
1190 4349 1369 4396 tamen
1424 4338 1796 4395 miseriarum.

192 4434 219 4467 ³
249 4434 359 4492 Sed
385 4433 680 4503 conniveo,
701 4441 780 4502 ut,
803 4431 1260 4505 quemadmodum
1283 4431 1495 4501 volunt,
1527 4432 1602 4488 ita
1628 4431 1797 4489 fuisse

1834 3315 1884 3382 (ζ
1911 3325 2103 3389 gentes
2132 3316 2295 3392 285
2330 3318 2675 3389 agebantur?
2708 3318 2919 3392 Quibus
2946 3319 3187 3379 breviter
3217 3321 3512 3394 responde-

1913 3409 2082 3476 bitur,
2112 3420 2169 3467 et
2197 3413 2346 3482 ipsos
2373 3411 2443 3469 de
2471 3412 2811 3484 temporibus
2837 3412 3014 3470 solere
3042 3415 3260 3470 causari
3278 3454 3295 3479 ,
3326 3423 3381 3471 ct
3407 3428 3510 3472 nos

1912 3517 2012 3575 pro
2053 3502 2247 3561 iisdem
2286 3504 2625 3576 temporibus
2664 3505 2966 3562 instituisse
2992 3520 3301 3563 sermonem
3332 3523 3345 3559 :
3378 3520 3503 3578 qua}

1911 3603 2155 3666 tempora
2182 3609 2286 3650 non
2311 3594 2403 3650 uni
2427 3605 2633 3651 tantum
2659 3597 2777 3652 urbi
2802 3596 3082 3664 attributa,
3106 3597 3200 3652 sed
3231 3596 3355 3652 orbi
3379 3597 3503 3654 uni-

1910 3701 2075 3743 verso
2111 3696 2329 3743 constat
2372 3701 2495 3745 esse
2524 3687 2863 3745 communia.
2902 3686 3051 3744 Ecce
3078 3702 3242 3759 quam
3273 3687 3505 3744 feliciter

1909 3779 2081 3836 Roma
2114 3780 2302 3844 vincit,
2335 3788 2446 3836 tam
2474 3779 2773 3839 infeliciter
2799 3780 3067 3853 quidquid
3096 3790 3246 3837 extra
3275 3779 3505 3838 Romam

1906 3883 2025 3943 est,
2056 3872 2313 3930 vincitur.
2339 3872 2538 3940 Quanti
2571 3874 2735 3945 igitur
2758 3873 3050 3946 pandenda
3079 3881 3165 3930 est
3206 3882 3358 3945 gutta
3385 3871 3506 3929 haec

1907 3964 2193 4022 lnltoriosa:
2215 3965 2512 4031 felicitatis,
2538 3967 2627 4022 cui
2652 3966 2947 4023 assribitur
2962 3967 3125 4022 unius
3149 3965 3301 4022 urbis
3325 3965 3502 4021 beati-

1908 4058 2039 4116 tudo
2065 4060 2116 4114 in
2146 4066 2293 4115 tanta
2321 4059 2463 4115 mole
2493 4058 2860 4127 infelicitatis,
2894 4075 2989 4131 per
3018 4075 3180 4132 quam
3208 4061 3385 4132 agitur
3416 4069 3497 4116 to-

1908 4153 2016 4208 tius
2043 4154 2193 4208 orbis
2217 4152 2478 4209 eversio?
2504 4153 2615 4210 Aut
2636 4153 2681 4208 si
2710 4152 2836 4209 ideo
2857 4151 3037 4210 felicia
3069 4161 3346 4224 putantur,
3371 4152 3497 4225 quia

1905 4245 2067 4301 unius
2087 4245 2325 4301 civitatis
2348 4260 2483 4317 opes
2507 4255 2683 4302 auctte
2710 4255 2858 4311 sunt,
2891 4260 2990 4302 cur
3016 4260 3123 4301 non
3155 4246 3338 4316 potius
3362 4244 3383 4277 "
3417 4248 3502 4301 in-

1903 4337 2219 4396 felicissima
2255 4339 2606 4411 iudicentur,
2636 4340 2837 4413 quibus
2866 4339 3164 4397 miserabili
3191 4339 3500 4397 vastatione

1903 4434 2193 4490 multarum
2218 4433 2242 4466 ⁸
2265 4448 2330 4489 ac
2354 4434 2496 4491 bene
2535 4434 2912 4491 institutarum
2952 4432 3200 4505 gentium
3225 4434 3499 4505 potentis-

192 4527 223 4560 δ
248 4526 530 4596 videatur,
574 4525 718 4583 unde
758 4525 1003 4583 arbitror
1037 4540 1160 4582 esse
1185 4524 1432 4584 dicturos
1462 4542 1477 4580 :
1516 4526 1539 4559 ⁸
1583 4524 1793 4597 Ecquid
1900 4527 2039 4581 sima
2062 4540 2228 4600 regna
2267 4525 2622 4583 ceciderunt?
2650 4526 2733 4583 An
2760 4526 2904 4585 forte
2933 4527 3081 4583 aliud
3107 4538 3237 4585 tunc
3262 4527 3496 4585 Cartha-

194 4619 287 4676 lais
325 4618 664 4691 temporibus
703 4618 938 4688 beatius,
986 4618 1183 4691 quibus
1215 4620 1460 4675 continui
1510 4617 1794 4691 triumphi,

193 4712 449 4771 celebres
477 4714 763 4780 victoriae;
794 4712 993 4768 divites
1022 4711 1220 4784 praede
1242 4753 1259 4781 ,
1287 4712 1497 4770 nobiles
1526 4729 1737 4786 pompa:
1761 4759 1777 4785 ,

1899 4621 2014 4693 gini
2040 4621 2347 4688 videbatur,
2387 4634 2511 4677 cum
2542 4633 2667 4693 post
2709 4635 2885 4678 annos
2920 4629 3143 4679 centum
3172 4630 3231 4678 et
3274 4622 3489 4692 viginti,

1888 4714 2086 4785 quibus
2124 4714 2291 4772 modo
2330 4715 2598 4773 bellorum
2644 4714 2850 4784 clades,
2897 4713 3063 4771 modo
3104 4716 3255 4786 pacis
3304 4716 3497 4772 condi-

194 4807 577 4880 magni‘ante
604 4820 824 4864 currum
872 4820 1069 4879 rcges,
1110 4815 1167 4863 et
1195 4806 1357 4880 longo
1402 4806 1599 4864 ordine
1627 4808 1784 4865 victa:
1889 4810 2069 4867 tiones
2120 4810 2543 4882 perhorrescens
2576 4850 2591 4878 ,
2641 4812 2665 4845 '
2717 4824 2866 4867 nunc
2913 4808 3110 4868 rebelli
3156 4809 3484 4878 intentione,

1482 4967 1934 5029 llAVERCAMPl
1976 4971 2205 5030 NOTE.

267 5088 401 5145 Car.
434 5086 479 5146 1.
507 5086 651 5145 —l.
674 5084 1030 5144 Crebrescunt.
1059 5084 1160 5143 Ed.
1188 5085 1356 5157 Aug.,
1390 5094 1679 5157 crererunt.

1967 5086 2021 5143 5.
2046 5084 2252 5158 Ecquid
2277 5084 2358 5141 his
2386 5086 2719 5158 temporibus.
2770 5086 2903 5143 Mss.
2935 5087 3142 5156 passim
3188 5100 3383 5145 omnes
3401 5130 3417 5155 ,
3445 5097 3495 5145 et

265 5160 325 5217 2.
353 5157 879 5258 Αέιειιάαλιιι..[,ιιει1.
907 5157 1046 5214 Batt.
1076 5156 1313 5229 quatuor
1338 5172 1461 5214 cum
1490 5157 1627 5213 Coll.
1651 5156 1789 5215 ϐιο-
1815 5195 1873 5258 D
1894 5158 2024 5258 quid
2052 5156 2484 5258 niitemporibus
2501 5175 2521 5225 ;
2547 5158 2829 5258 Pegifon”
2850 5158 2981 5258 istis
3010 5158 3349 5230 temporibus.

199 5248 355 5294 nov.,
385 5233 708 5303 appendant.

266 5305 322 5362 3.
348 5298 469 5360 Sed
488 5304 753 5359 conniveo.
778 5315 915 5358 mss.
945 5298 1062 5358 fere
1087 5315 1278 5358 omnes
1298 5300 1528 5358 cohibeo.
1557 5298 1615 5356 In
1638 5298 1788 5355 Flor.

203 5391 284 5447 pr.
314 5375 431 5431 haec
457 5374 662 5446 pagella
686 5374 865 5447 lacera
887 5384 992 5439 est,
1018 5374 1070 5429 in
1094 5389 1210 5447 sec.
1233 5372 1489 5447 Scribitnr
1513 5371 1787 5438 conhibeo,

198 5444 292 5528 sed
325 5444 547 5528 puncto
572 5447 673 5528 sub
708 5444 891 5528 littera
934 5461 967 5499 ιι
1003 5446 1202 5528 posito,
1238 5446 1393 5528 quasi
1415 5458 1537 5528 quae
1566 5457 1790 5528 supera-

195 5518 421 5576 bundet.
468 5515 836 5573 Contirmatur
864 5531 994 5572 vero
1022 5517 1147 5572 hinc
1181 5515 1491 5572 emendatio
1523 5524 1705 5571 nostra
1736 5515 1788 5569 in

1967 5232 2020 5286 6.
2047 5231 2183 5286 Ante
2201 5244 2591 5303 cukrrumrrcges.
2617 5230 2755 5286 Edd.
2779 5239 2939 5296 vett.,
2960 5241 3085 5284 ante
3106 5246 3292 5285 currus
3321 5248 3490 5303 reges.

1896 5300 2134 5373 llittorp.
2168 5309 2224 5373 et
2252 5300 2563 5373 Bolsuing.,
2583 5316 2732 5373 stupe
2756 5317 2920 5373 reges.

1966 5374 2019 5427 7.
2051 5370 2444 5440 Infelicissima.
2478 5370 2701 5428 Addunt
2726 5370 2959 5443 tempora
2987 5370 3160 5444 Lugd.
3194 5372 3338 5429 Ball.
3371 5383 3485 5430 tres

1895 5458 2020 5500 cum
2042 5444 2175 5500 Coll.
2202 5444 2441 5501 Gronov.

1967 5518 2021 5572 8.
2054 5516 2129 5570 Ac
2154 5516 2281 5571 bene
2307 5516 2667 5587 institutarum
2702 5516 2951 5587 gentium.
2986 5514 3233 5571 Perizon.
3266 5530 3326 5569 ac
3358 5530 3487 5584 pene

195 5590 417 5647 l’rtelat.
444 5588 542 5644 lilt.
572 5603 652 5654 tv,
684 5602 873 5657 supra,
899 5601 952 5658 p.
988 5586 1095 5643 2ίὲ
1122 5606 1134 5641 :
1166 5587 1293 5643 Non
1319 5596 1489 5643 tamen
1514 5586 1790 5654 conniveo,
1895 5588 2222 5658 inﬁnitarum
2247 5588 2495 5658 gentium.
2527 5585 2643 5642 Non
2670 5585 2975 5643 invenuste.

192 5671 249 5718 ut
271 5665 433 5733 etiarn
455 5668 698 5733 asserunt
712 5660 1067 5733 comparando
1091 5659 1355 5733 graviora.

260 5735 317 5789 4.
359 5730 645 5787 Videntur.
680 5726 852 5803 Lugd.
884 5731 1025 5789 Batt.
1054 5726 1277 5800 omnes,
1308 5730 1606 5788 videantur.
1641 5726 1788 5801 llos,

192 5804 358 5874 fuisse
388 5804 646 5872 dicturos,
675 5803 928 5861 Pertzon.

1968 5663 2021 5715 ll.
2068 5657 2224 5713 Nunc
2250 5657 2439 5713 rebelli
2479 5660 2779 5723 intentione,
2811 5667 2917 5714 etc.
2958 5657 3175 5723 Nescio,
3207 5658 3481 5728 quomodo

1899 5730 2149 5787 Fabricio
2175 5729 2387 5799 placere
2404 5729 2649 5801 potuerit
2680 5731 2840 5785 lectio
2866 5770 2880 5796 ,
2912 5744 3072 5801 quam
3115 5729 3486 5801 praeeuntibus

1896 5802 2022 5859 cdd.
2058 5801 2296 5871 llittorp.
2320 5809 2376 5858 et
2396 5800 2674 5873 Bolsoing.
2697 5810 2915 5859 secutus
2934 5800 3031 5858 est
3059 5807 3222 5873 atque
3252 5800 3480 5870 recepit,
