4150 6446
580 293 691 354 9Ξ7

1984 281 2119 342 PAU
2134 282 2201 343 Li
2235 280 2467 343 OROSLI

3767 277 3886 337 928

571 407 816 466 reducta:
841 401 1089 461 sanitatis
1129 399 1357 473 gloriam
1405 396 1795 456 vindicassent.
1839 394 1921 452 ita
1971 396 2171 453 misera
2197 406 2251 468 Α
2275 402 2458 465 capto,
2485 396 2529 431 ⁸·
2553 390 2818 450 Diodotus
2837 391 3056 464 quidam
3079 406 3203 449 cum
3245 390 3563 449 Alexandro
3607 389 3746 458 ﬁlio,
3792 405 3895 446 re—

578 503 625 537 “
647 512 705 559 et
730 501 797 556 ad
826 497 1111 568 sacrilegia
1141 494 1285 554 male
1307 493 1559 565 religiosa
1588 492 1803 559 civitas,
1851 490 2171 559 mendaciis,

2278 501 2445 558 gnum
2474 487 2596 557 ejus
2625 495 2683 543 et
2706 486 2915 557 regium
2944 501 3142 542 nomen
3174 488 3459 557 usurpavit
3491 503 3504 539 :
3535 485 3631 557 qni
3686 492 3889 555 postea

578 594 772 664 quibus
806 591 1024 647 liberari
1061 604 1173 644 non
1217 595 1455 658 poterat,
1484 585 1795 642 ludebatur.
1817 585 1864 618 “
1883 583 2051 655 Igitur
2078 581 2180 637 Fa—
2280 580 2456 649 ipsum
2488 576 2859 634 Alexandrum
2884 577 3077 642 ﬁlium,
3102 593 3265 645 quem
3294 576 3619 648 participem
3652 574 3896 647 periculi

579 688 703 743 bius
726 685 919 741 consul
946 690 1135 739 contra
1161 680 1452 739 Lusitanos
1474 687 1531 736 ct
1552 677 1859 734 Viriathum
1887 676 2178 745 dimicans,

2283 670 2336 726 in
2368 670 2720 741 pervadendo
2742 686 2909 741 regno
2935 671 3305 742 liabucrat,ne
3333 670 3389 726 in
3421 668 3726 727 obtinendo
3752 684 3891 726 cono

580 780 628 811 ²⁶
655 778 905 835 Baceiam
935 774 1215 847 oppidum,
1244 773 1387 846 quod
1430 772 1708 828 Viriathus
1743 770 2049 837 obsidebat,
2079 770 2177 826 de-
2281 773 2488 821 sortem
2520 763 2767 834 haberet,
2796 764 3016 821 occidit.

582 872 757 943 pulsis
781 870 1052 933 hostibus,
1083 867 1355 932 liberavit,
1382 875 1440 921 et
1468 866 1521 920 in
1548 863 1881 920 deditionem
1910 879 2032 919 cum
2065 864 2182 933 plu-

580 962 737 1019 rimis
763 961 889 1019 aliis
915 960 1155 1017 castellis
1185 958 1412 1029 recepit.
1445 956 1597 1014 Fecit
1626 955 1839 1012 facinus
1865 956 2027 1011 etiam
2054 956 2181 1012 ulti-

584 1056 685 1111 mis
718 1054 964 1111 barbaris
988 1052 1247 1125 Scythia,
1290 1066 1396 1108 non
1424 1051 1604 1107 dicam
1651 1050 1912 1107 Romana:
1959 1050 2080 1105 ﬁdei
2127 1058 2185 1107 et

585 1145 965 1213 moderationi,
991 1144 1348 1202 exsecrabile.
1376 1144 1422 1176 ³⁷
1447 1142 1770 1214 Quiugentis
1799 1142 1948 1199 enim
1982 1142 2186 1212 princi—

588 1239 743 1309 pibus
756 1253 969 1305 eorum,
985 1253 1122 1307 quos
1139 1236 1398 1293 societate
1418 1236 1695 1303 invitatos,
1715 1235 1879 1309 295
1898 1234 2185 1292 deditionis

587 1333 706 1402 jure
725 1339 1060 1402 susceperat,
1086 1345 1279 1386 manus
1290 1329 1554 1400 pmidit.
1574 1330 1621 1362 "
1633 1329 1945 1398 Pompeius,
1960 1344 2188 1400 sequen-

592 1426 659 1479 tis
675 1424 799 1478 anni
812 1423 1025 1483 consul.
1040 1422 1174 1480 lines
1183 1419 1628 1477 Numantinorum
1651 1420 1947 1493 ingressus,
1970 1431 2191 1491 accepta

592 1517 823 1571 ntaxima
869 1514 1028 1571 clade
1072 1514 1343 1581 discessit,
1396 1529 1504 1569 non
1550 1517 1727 1569 solum
1772 1515 2014 1570 exercitu
2054 1529 2192 1583 pene

592 1607 741 1662 omni
792 1606 1103 1676 proﬂigato,
1152 1621 1343 1661 verum
1395 1604 1557 1661 etiam
1609 1605 1861 1675 plurimis
1905 1605 2190 1673 nobilium,

592 1704 639 1737 ὐ
662 1700 759 1773 qui
788 1700 839 1757 ei
864 1701 1072 1757 militiae
1099 1700 1344 1767 aderant,
1376 1699 1737 1769 interemptis.
1782 1697 2057 1755 Viriathus
2091 1713 2191 1753 au-

2354 856 2491 915 ”M.
2544 855 2770 913 Emilio
2817 855 3046 927 Lepido,
3086 854 3149 913 ὓ.
3184 854 3422 913 Hostilio
3447 854 3711 912 Mancino
3738 869 3895 912 coss.

2286 950 2531 1024 prodigia
2552 966 2854 1023 apparuere
2899 951 3065 1024 396
3112 951 3349 1019 diversa,
3397 960 3454 1007 et
3507 958 3778 1021 quantum
3835 948 3895 1004 in

2286 1044 2417 1114 ipsis
2440 1045 2637 1110 fuit,ex
2660 1056 2813 1100 more
2833 1057 3023 1100 curata
3047 1052 3209 1109 sunt;
3232 1043 3327 1100 sed
3350 1058 3457 1100 non
3473 1058 3697 1114 semper
3720 1057 3907 1099 aucu-

2290 1133 2573 1204 patoribus
2593 1145 2884 1191 eventuum
2912 1146 2970 1191 et
2996 1135 3358 1192 structoribus
3389 1134 3734 1191 fallaciarum
3762 1149 3904 1189 aru-

2288 1226 2549 1295 spicibus,
2564 1227 2858 1297 opportuni
2882 1241 3041 1283 casus
3060 1227 3451 1297 suffragantur.
3474 1225 3723 1296 Namque
3738 1223 3907 1280 lan-

2290 1317 2444 1373 cions
2465 1318 2676 1383 consul,
2695 1325 2741 1359 ιι
2758 1328 3041 1390 postquam
3064 1334 3095 1373 a
3121 1317 3347 1389 Popillio
3371 1318 3512 1389 apud
3539 1316 3906 1373 Numantiam

2291 1410 2534 1480 suscepit
2559 1410 2879 1478 exercitum,
2933 1407 3072 1465 adeo
3117 1408 3412 1465 infeliciter
3459 1409 3647 1477 pra-lia
3698 1420 3910 1465 cuncta

2292 1500 2480 1571 gessit,
2511 1510 2675 1571 atque
2722 1500 2777 1555 in
2817 1501 2869 1557 id
2906 1516 3160 1571 suprema
3187 1500 3573 1572 desperatione
3600 1500 3913 1574 perductus

2293 1602 2401 1659 est,
2426 1600 2487 1646 nt
2514 1592 2947 1662 uturpissimum
2971 1591 3154 1650 fmdus
3180 1608 3305 1649 cum
3333 1591 3685 1649 Numantinis
3714 1594 3913 1649 tacere

2295 1694 2623 1755 cogeretur;
2652 1686 2901 1753 quamvis
2929 1694 2983 1741 et
3004 1684 3295 1756 Pompeius
3310 1684 3425 1756 jam
3446 1684 3599 1740 aliud
3630 1698 3790 1757 neque
3814 1683 3906 1740 in-

595 1801 729 1859 tem,
772 1807 895 1848 cum
943 1806 1040 1861 per
1080 1790 1490 1862 qnatuordecim
1514 1805 1688 1845 annos
1726 1788 2003 1847 Romanos
2032 1791 2198 1847 duces

2308 1779 2443 1834 tame
2473 1776 2650 1835 ftedus
2670 1793 2796 1833 enm
2824 1777 3017 1835 iisdem
3044 1776 3390 1833 Numantinis
3408 1777 3573 1847 paulo
3596 1786 3728 1833 ante
3748 1776 3919 1847 pepi-

594 1897 755 1959 atque
782 1886 1052 1943 exercitus
1078 1886 1446 1957 protrivisset,
1494 1884 1708 1941 insidiis
1755 1900 1979 1940 suorum
2033 1887 2202 1941 inter-

598 1984 772 2039 fectus
799 1990 924 2037 est:
959 1981 1013 2035 in
1046 1979 1149 2035 hoc
1179 1978 1296 2034 solo
1323 1978 1583 2033 Romanis
1626 1978 1769 2032 circa
1817 1991 1941 2032 eum
1988 1976 2203 2031 fortiter

600 2074 907 2146 agentibus,
959 2073 1104 2143 quod
1152 2084 1506 2142 percussores
1541 2069 1662 2140 ejus
1696 2070 1946 2140 indignos
1975 2070 2202 2138 prmmio

597 2166 929 2237 iudicarunt.
952 2165 1023 2220 At
1042 2180 1144 2236 ego
1164 2180 1271 2219 non
1294 2164 1456 2220 modo
1476 2177 1641 2230 nunc,
1665 2178 1851 2219 verum
1873 2164 2035 2220 etiam
2058 2177 2203 2233 sarpe

603 2260 931 2316 intertexere
954 2257 1195 2313 Orientis
1227 2257 1319 2312 illa
1342 2256 1395 2292 ³ο
1436 2255 1827 2312 inextricabilia
1871 2256 2008 2311 bella
2047 2264 2203 2326 pote-

604 2368 745 2418 ram,
774 2365 894 2422 quae
915 2364 1039 2405 raro
1066 2363 1320 2417 umquam
1340 2347 1443 2403 nisi
1473 2346 1773 2404 sceleribus
1795 2356 1889 2402 aut
1912 2346 2201 2417 incipiunt,

603 2456 700 2501 aut
719 2443 1110 2501 terminantur:
1139 2442 1236 2499 sed
1261 2442 1651 2511 Romanorum,
1682 2458 1805 2500 cum
1830 2443 2025 2514 quibus
2047 2444 2204 2501 nobis

608 2538 751 2594 actio
778 2548 887 2602 est,
915 2546 1058 2591 tanta
1089 2545 1237 2602 sunt,
1261 2545 1319 2591 ut
1339 2535 1464 2605 jure
1494 2534 1840 2591 lastidiantur
1868 2535 2067 2592 aliena.

682 2630 724 2663 ³⁸
756 2629 1093 2685 Mithridates
1124 2637 1254 2684 tunc
1275 2627 1569 2699 siquidem,
1594 2642 1686 2686 rex
1714 2627 2061 2694 Parthorum,
2081 2643 2206 2684 sex-

610 2735 696 2781 tus
732 2723 803 2779 ab
829 2724 1053 2789 Arsace,
1103 2723 1250 2779 victo
1294 2721 1573 2778 Demetrio
1623 2723 1918 2793 praefecto,
1974 2721 2207 2793 Babylo-

611 2816 755 2874 niam
778 2815 967 2873 urbem
998 2812 1246 2886 ﬁnesque
1271 2813 1395 2885 ejus
1431 2813 1720 2869 universos
1768 2812 1945 2869 victor
1983 2812 2203 2867 invasit.

608 2908 814 2966 Omnes
842 2916 1108 2979 praterea
1134 2913 1329 2979 gentes
1376 2921 1500 2977 qua:
1548 2905 1692 2961 inter
1743 2904 2049 2977 Hydaspem
2098 2904 2206 2959 llu-

610 3002 762 3057 vium
805 3008 863 3057 et
902 2999 1095 3056 Indum
1138 2996 1350 3070 jaceat,
1377 2997 1609 3069 subegit.
1642 2997 1723 3053 Ad
1752 2997 1958 3054 Indiam
1989 3012 2208 3068 quoque

609 3100 897 3150 cruentum
919 3092 1165 3149 extendit
1188 3090 1503 3162 imperium,
1540 3091 1869 3148 Demetrium
1908 3092 2087 3162 ipsum
2117 3106 2207 3146 sc-

2302 1872 2487 1940 gisset.
2519 1870 2753 1927 Senatus
2784 1874 2830 1907 ³⁸
2857 1870 3082 1926 dissolvi
3112 1869 3308 1936 lmdus,
3339 1878 3398 1928 et
3420 1869 3731 1926 Mancinum
3776 1868 3915 1925 dedi

2303 1964 2646 2019 Numantinis
2674 1962 2952 2032 prmeepit,
2978 1961 3092 2033 qui,
3122 1959 3325 2017 nudato
3366 1974 3621 2032 corpore,
3655 1961 3700 1993 "'
3728 1960 3918 2015 mani-

2305 2059 2405 2113 bus
2434 2065 2556 2128 post
2581 2065 2792 2127 tergum
2824 2056 3107 2121 revinctis,
3137 2062 3267 2111 ante
3307 2064 3494 2125 portas
3538 2052 3915 2111 Numantino-

2305 2166 2423 2205 rnm
2451 2151 2753 2219 expositus,
2780 2149 2960 2219 ibique
2990 2163 3163 2218 usque
3189 2147 3243 2203 in
3290 2155 3506 2204 noctem
3564 2161 3823 2212 manens,
3879 2162 3915 2202 a

2303 2242 2416 2297 suis
2444 2241 2718 2307 desertus,
2750 2240 2819 2297 ab
2845 2240 3093 2295 bostibns
3117 2248 3297 2295 autem
3340 2255 3447 2295 non
3478 2246 3792 2312 susceptus,
3829 2239 3915 2295 la-

2304 2333 2599 2405 crymabile
2624 2336 2870 2404 utrisque
2894 2331 3263 2404 spectaculum
3295 2332 3549 2404 praebuit.

2941 2466 3170 2525 CAPUT
3213 2466 3275 2524 V.

2310 2563 2481 2631 Quam
2507 2563 2699 2625 iniuste
2727 2560 2951 2616 Romani
2978 2559 3282 2631 Mancinum
3320 2559 3667 2617 Numantinis
3687 2560 3916 2617 dedide-

2376 2636 2499 2689 rint.
2532 2631 2611 2685 De
2639 2631 2792 2687 Bruti
2820 2634 2874 2686 in
2904 2630 3165 2686 Gallwcos
3192 2643 3389 2703 strage,
3436 2631 3628 2704 Lepidi
3673 2650 3708 2687 α
3772 2631 3916 2689 Vac-

2380 2705 2496 2761 rttis
2522 2705 2689 2759 clade.

2381 2820 2698 2874 Exclamare
2721 2816 2823 2871 hoc
2845 2816 2965 2872 loco
2992 2814 3177 2871 dolor'
3205 2813 3390 2887 exigit.
3417 2814 3532 2872 Cur
3561 2816 3697 2871 falso
3721 2814 3910 2883 Vobis,

2309 2912 2560 2978 Romani,
2585 2926 2776 2980 magna
2813 2908 2903 2964 illa
2934 2910 3151 2963 nomina
3179 2908 3200 2939 ¹
3222 2908 3468 2979 justitiae,
3499 2908 3648 2977 ﬁdei,
3689 2910 3917 2965 fortitu-

2309 3004 2452 3061 dinis
2479 3013 2535 3060 et
2566 3001 2953 3057 misericordia:
2986 3000 3308 3057 vindicatis?
3340 3003 3383 3056 Α
3414 3000 3759 3058 Numantinis
3789 3002 3919 3059 haec

2310 3112 2491 3152 verius
2523 3095 2731 3150 discite.
2758 3092 3094 3149 Fortitudioe
3122 3107 3261 3164 epus
3283 3091 3417 3148 fuit?
3435 3092 3726 3165 pugnando
3754 3095 3917 3151 vice-

610 3187 793 3247 cundo
838 3185 944 3245 sibi
989 3185 1135 3244 bello
1178 3193 1584 3255 occurrentem,
1624 3186 1756 3243 vicit
1778 3195 1834 3242 et
1865 3184 2013 3257 cepit
2049 3202 2063 3240 :
2094 3197 2203 3258 quo
2231 3178 2280 3245 C
2310 3194 2457 3243 runt.
2490 3184 2655 3242 Fides
2682 3183 3039 3255 exigebatur?
3059 3183 3349 3241 credentes
3374 3184 3470 3241 alii
3491 3183 3798 3243 secundum
3827 3201 3918 3257 se,

1892 3385 2344 3447 HAVERCAMPI
2381 3387 2617 3446 NOTE.

679 3529 773 3585 24.
804 3526 871 3584 Et
910 3530 979 3583 ad
1018 3526 1317 3597 sacrilegia,
1358 3532 1463 3581 etc.
1502 3524 1672 3597 Lugd.
1716 3524 1857 3582 Bait.
1905 3531 2210 3597 tres,cum

611 3601 754 3661 Coll.
785 3600 1050 3663 Granum,
1082 3596 1168 3653 Ita
1196 3595 1385 3652 misera
1412 3606 1458 3651 et
1486 3596 1763 3667 sacrilega,
1796 3596 1930 3649 male
1967 3595 2213 3667 religiosa

612 3674 813 3728 civitas.
842 3670 977 3725 Cod.
1011 3671 1147 3741 Aug.
1176 3683 1395 3740 quoque
1433 3667 1515 3724 sic
1557 3667 1709 3737 legit,
1758 3676 1920 3738 atque
1969 3668 2209 3737 insuper,

612 3756 661 3799 et
689 3742 837 3813 male,
854 3740 1115 3813 religiosa:
1129 3740 1329 3794 civitas.

683 3814 775 3868 25.
809 3808 979 3884 Igitur
1006 3810 1202 3884 Fabius
1228 3827 1335 3865 cos.
1386 3809 1463 3863 De
1490 3808 1662 3884 _Fabii
1697 3808 2003 3884 _Serviliani
2050 3809 2213 3866 rebus

612 3888 782 3958 gestis
811 3879 1001 3958 contra
1036 3883 1335 3958 Viriathum
1365 3881 1670 3958 Appianus.
1695 3879 1859 3935 Fasti.

684 3957 776 4012 ΞΘ.
808 3956 1071 4010 Bacriam.
1102 3954 1231 4009 Mss.
1278 3967 1470 4009 omnes
1514 3949 1779 4015 Bucciam,
1828 3951 1929 4007 nisi
1971 3953 2117 4023 quod
2158 3953 2212 4008 in

620 4030 739 4084 Meo
767 4029 833 4081 sit
861 4026 1111 4080 Barcina.

687 4100 778 4153 ‘27.
814 4098 1119 4165 Quingentis
1146 4097 1280 4150 enim
1303 4094 1643 4165 principibus.
1679 4092 1755 4146 De
1791 4091 1891 4147 liae
1932 4093 2084 4165 lf‘abii
2122 4108 2207 4149 sc-

618 4164 849 4226 veritate
878 4164 1120 4224 Valerius
1150 4164 1427 4223 Manlib.
1468 4181 1528 4235 ιι,
1569 4180 1689 4235 cap.
1721 4165 1786 4230 2,
1827 4175 1883 4221 et
1923 4164 2215 4221 Frontinus

622 4244 761 4298 libro
792 4257 861 4296 tv.
895 4240 1062 4295 FABR.

692 4314 781 4369 28.
821 4312 1099 4395 Pompeius
1121 4311 1377 4399 sequentis
1407 4306 1532 4362 anni
1561 4305 1753 4373 cos.Q.
1783 4305 2069 4399 Pompeius
2100 4323 2213 4390 eos.

621 4401 742 4440 cuin
774 4387 872 4441 Cn.
907 4377 1137 4437 servilia
1166 4377 1422 4450 Caepione
1449 4393 1595 4450 anno
1619 4392 1783 4450 nexu,
1816 4393 1845 4430 a
1873 4377 2217 4433 Numantinis

623 4458 819 4521 victus,
870 4449 1312 4524 pacemwturpcm
1360 4452 1507 4524 fecit,
1547 4449 1731 4524 Livius
1777 4450 1912 4503 libro
1942 4464 2055 4515 LIV,
2094 4450 2216 4505 Vel-

624 4528 761 4583 leius
795 4519 930 4582 libro
959 4541 1020 4590 ιι,
1052 4523 1343 4593 Eutropius
1384 4523 1647 4593 unisque
1687 4519 1915 4593 Romam
1960 4536 2221 4593 reversus

624 4600 962 4666 deprecando
988 4611 1201 4665 pinnam
1224 4590 1429 4666 elfugit,
1453 4592 1645 4648 Cicero
1672 4590 1742 4645 de
1764 4590 1926 4666 Ollio.
1945 4608 2024 4666 ut.
2050 4592 2217 4666 Finit.

694 4664 786 4723 2!).
823 4669 925 4735 Qui
947 4664 997 4721 ei
1019 4667 1240 4721 militiw.
1272 4664 1355 4720 lta'
1380 4678 1572 4735 omnes
1597 4676 1730 4735 mss.
1759 4664 1991 4735 et_edd.
2023 4664 2220 4718 melio-

625 4758 748 4806 res;
788 4733 1066 4793 mutarunt
1090 4739 1143 4793 in
1184 4740 1296 4809 ejus
1322 4734 1527 4790 militia:
1555 4735 1646 4805 qui
1683 4733 2016 4790 locutionem
2060 4737 2221 4791 istaut

632 4830 737 4868 non
772 4811 1183 4866 intellexerunt.

698 4886 787 4939 50.
823 4881 1234 4937 lnertricabilia.
1260 4880 1433 4945 Meus,
1459 4877 1815 4933 cxsecrabilia.

698 4958 787 5013 51.
818 4953 1145 5009 Mithridates
1187 4962 1305 5006 tunc
1329 4952 1605 5022 siquidem.
1636 4950 1847 5022 Degltoc
1879 4950 1999 5021 lege
2047 4950 2218 5007 Justi-

630 5046 758 5085 num
792 5028 928 5081 libro
954 5038 1064 5079 xu.
1099 5024 1259 5079 Plura
1296 5020 1512 5077 fuerunt
1542 5022 1683 5090 apud
1713 5020 1923 5077 Livium
1946 5020 2095 5079 libro
2121 5039 2217 5091 ιιι,

630 5112 687 5157 ut
706 5116 772 5155 ex
803 5099 1048 5165 Epitonta
1078 5093 1447 5165 cognoscitur.
1476 5094 1639 5149 FADR.

698 5171 789 5227 5-2..
841 5164 1103 5223 Diodotus
1139 5164 1375 5238 quidam.
1405 5237 1412 5238 ί
1437 5166 1686 5238 Diodotus
1726 5173 1809 5219 est
1836 5164 1922 5238 iu
1964 5167 2221 5222 omnibus

628 5254 766 5298 vett.
820 5256 918 5311 pro
947 5256 1054 5309 quo
1084 5236 1799 5311 inintpicssis,_TIteodotus
1824 5236 2031 5311 legitur_._
2064 5239 2223 5307 Sigo-

632 5315 750 5369 nius
778 5307 1077 5383 quoqnein
1097 5307 1258 5364 vett.‘
1279 5308 1451 5383 libris,
1481 5308 1745 5376 Epitomze
1790 5307 1888 5374 ut,
1913 5325 1944 5361 a
1997 5307 2222 5383 ρίοάυιο

629 5379 878 5455 quodam,
911 5382 1015 5455 legi
1037 5380 1596 5455 testatur.‘Appia_nus
1626 5393 1846 5455 quoque
1888 5384 1947 5455 in
1995 5379 2217 5455 Syriaca

632 5450 883 5510 eumdem
908 5451 1138 5508 Διόδοτον
1161 5451 1423 5505 nominat.
1459 5450 1622 5505 Fasti.
1648 5479 1717 5490 -—
1738 5450 1989 5506 Graviter
2018 5450 2106 5506 liie
2134 5467 2222 5507 cr-

635 5538 718 5580 rat
742 5527 989 5588 Orosius,
1021 5538 1196 5592 neque
1226 5522 1420 5593 duceni
1450 5537 1608 5575 suum
1633 5521 1910 5576 Iustinum
1941 5524 2213 5593 sequitur.

639 5600 686 5652 ls
707 5600 775 5653 de
801 5595 1035 5650 Diodoto
1065 5594 1187 5657 hoc,
1212 5594 1326 5647 sive
1356 5592 1671 5662 'l‘ryphoue,
1719 5592 1771 5647 id
1818 5593 1961 5647 enim
2018 5592 2214 5650 nomen

636 5684 757 5723 cum
790 5666 1023 5736 imperio
1046 5664 1447 5736 assumpsit,ita
1476 5666 1661 5719 scribit
1691 5666 1781 5718 lib.
1809 5680 2125 5735 χχχι-μίξιν.
2157 5682 2171 5721 t
2201 5686 2211 5720 :

636 5734 941 5792 Interim-in
967 5737 1124 5806 Syria
1174 5734 1403 5806 Trypho,
1452 5737 1540 5805 qui
1582 5752 1635 5789 se
1672 5744 1891 5790 lutei-em
1940 5736 2213 5802 Antiocho,

640 5810 891 5865 Demetrii
916 5809 1168 5880 privigno,
1193 5807 1433 5862 substitui
1464 5823 1494 5861 ιι
1518 5807 1709 5879 populo
1759 5808 2097 5879 laboraverat,
2132 5825 2190 5862 os

2246 4845 2299 4906 D

2315 3528 2422 3581 (iso
2450 3524 2680 3599 pupillo,
2705 3541 2921 3599 regnum
2946 3524 3120 3598 Syria:
3142 3528 3362 3582 invadit.
3393 3525 3608 3583 Occidit
3636 3525 3921 3599 A'l‘rypbon

2318 3597 2581 3667 pupillum
2606 3597 2779 3653 suum‘
2794 3597 3125 3653 Antiochum
3157 3608 3368 3654 sextum
3398 3597 3698 3654 Alexandri
3732 3599 3925 3656 'l'lieoc

2317 3672 2522 3739 pateris
2554 3669 2745 3724 lilium.
2778 3668 2826 3724 ls
2855 3670 3155 3724 Antiochus
3186 3672 3410 3738 insuper
3460 3668 3760 3725 Alexandri
3820 3687 3924 3725 no-

2317 3756 2445 3794 nten
2478 3740 2733 3795 habuisse
2764 3741 3003 3807 videtur,
3032 3757 3099 3794 ex
3136 3741 3408 3810 Appiano,
3442 3740 3585 3795 libro
3645 3742 3715 3795 de
3768 3741 3922 3797 Bell.

2315 3811 2462 3881 Syr.,
2493 3828 2545 3879 p.
2575 3812 2699 3878 £39.,
2726 3812 2814 3864 ubi
2838 3812 3061 3879 Trypho
3091 3811 3292 3866 dicitur
3319 3811 3586 3866 occidisse
3612 3810 3819 3868 παιδίον
3845 3824 3925 3870 ’Λ-

2314 3882 2581 3957 λέξανόρᾳν
2629 3884 2682 3947 ἐξ
2710 3881 3140 3957 Ἀλεξάνδρον-ταῦ
3170 3884 3318 3957 noenu
3346 3886 3441 3957 uati
3460 3893 3553 3944 τῆς
3599 3883 3923 3957 “robustior:

2317 3953 2601 4030 Θνγαθρῥς,
2654 3953 2942 4030 puerulum
2979 3953 3357 4030 Alexandrum,
3402 3956 3697 4030 ᾼΙεραηιίνί
3744 3953 3926 4009 Nothi

2322 4024 2514 4095 (id'es't
2534 4024 2916 4093 'l‘lieOpatoris,
2946 4026 3031 4078 cui
3067 4037 3359 4092 prepterca
3402 4024 3565 4079 Bella:
3609 4040 3923 4093 cognomen

2318 4098 2462 4165 erat)
2489 4112 2553 4149 ea:
2580 4096 2692 4164 [ilia
2723 4095 3018 4150 Ptolemmi.
3048 4095 3235 4165 Neque
3259 4098 3437 4166 potuit
3464 4110 3588 4149 esse
3631 4096 3923 4166 privignus

2321 4168 2603 4233 Demetrii,
2636 4176 2693 4220 ut
2717 4168 2909 4221 scribit
2952 4166 3223 4234 Justinus,
3274 4168 3405 4235 quia
3458 4168 3762 4221 decennern
3821 4184 3925 4237 per

2322 4238 2583 4302 medicos,
2613 4239 2702 4307 qui
2733 4237 3009 4305 ﬁngebant.
3033 4238 3245 4294 calculo
3275 4238 3529 4294 laborare
3551 4238 3919 4308 Antiochum,

2321 4308 2524 4363 occidit
2554 4319 2717 4363 tutor.
2749 4308 2880 4364 Vide
2910 4309 3053 4377 Epit.
3079 4309 3209 4364 Livii
3240 4325 3325 4364 LV.

2394 4381 2483 4435 3'5.
2537 4378 2613 4433 Μ.
2666 4378 2889 4433 .Emilio
2914 4379 3137 4449 Lepido,
3168 4380 3228 4435 C.
3262 4378 3514 4435 Hostilio.
3546 4378 3816 4437 Consules
3862 4380 3920 4435 hi

2321 4452 2541 4536 fuerunt
2567 4467 2709 4506 anno
2732 4452 2800 4536 ab
2832 4451 3215 4536 Urbeeondita
3242 4467 3421 4536 ικιιιίζ
3471 4449 3729 4536 Prodigia
3783 4468 3917 4522 qua:

2324 4530 2757 4593 tutucvenertmt
2776 4522 3001 4593 exponit
3021 4526 3357 4593 Ubseqnens.
3380 4521 3544 4577 FADR.

2394 4592 2483 4649 54,
2517 4593 2800 4660 Postquam
2829 4592 2861 4647 ἁ
2890 4594 3142 4663 Popillio.
3176 4592 3413 4659 Popillio
3442 4603 3595 4652 recte
3613 4606 3702 4652 est
3731 4597 3786 4651 in
3820 4613 3919 4654 ve-

2325 4673 2507 4732 tustt.,
2542 4665 2687 4720 unde
2724 4664 2813 4719 (liii
2864 4663 3152 4731 Pompilio,
3195 4665 3289 4721 alii
3345 4664 3598 4735 Pompeio
3647 4668 3920 4724 fecerunt.

2325 4736 2396 4791 Μ.
2430 4736 2661 4806 Popillio
2686 4735 2896 4792 Latnati
2918 4736 3221 4806 superioris
3264 4737 3395 4792 anni
3445 4738 3660 4794 consuli
3714 4740 3923 4795 Manci-

2327 4824 2454 4862 num
2484 4809 2548 4933 ἓξ]
2576 4808 2921 4863 Numantiam
2951 4808 3303 4878 successisse,
3325 4806 3494 4863 tradit
3522 4810 3691 4865 etiam
3714 4813 3923 4882 Appia-

2327 4894 2450 4933 "US.
2528 4896 2650 4933 ABR.
2941 4904 2945 4913 '

2326 4894 2650 4935 nus.raan.
2941 4904 2945 4913 '

2394 4949 2897 5023 δὸττιιτρὶιιὶηιαηι
2916 4950 3106 5021 finitus.
3143 4950 3221 5006 De
3247 4949 3351 5007 hoc
3380 4950 3587 5008 fmdere
3608 4967 3635 5005 a
3661 4952 3922 5009 Mancino

2322 5038 2446 5079 cum
2490 5022 2835 5079 Numantinis
2859 5023 3004 5078 facto
3029 5066 3045 5084 ,
3074 5038 3292 5095 omnes.
3323 5024 3405 5079 Tu
3429 5024 3550 5095 lege
3594 5023 3921 5082 Ciceronem

2321 5095 2419 5152 lib.
2472 5112 2527 5149 ιιι
2559 5095 2626 5152 de
2654 5098 2881 5153 Ofﬁciis.
2930 5096 3095 5152 Fasti.
3128 5122 3199 5135 —-
3222 5094 3576 5168 Sequitur’in
3610 5098 3702 5168 ed.
3725 5102 3868 5168 Aug.
3905 5137 3921 5162 ,

2322 5184 2620 5238 semperque
2671 5170 2907 5226 Romano
2943 5169 3141 5222 nomini
3190 5167 3630 5238 exprobrandam.
3690 5167 3750 5224 In
3798 5167 3924 5225 aliis

2326 5254 2501 5306 neque
2529 5240 2653 5295 edd.
2684 5254 2861 5311 neque
2885 5253 3015 5295 mss.
3049 5240 3391 5310 idgoccurrit.

2397 5312 2484 5363 Fati.
2518 5308 2926 5367 Dissolcifbiss.
2958 5308 3163 5381 aliquot
3189 5324 3312 5366 cum
3339 5308 3467 5365 cdd.
3496 5316 3630 5381 vett.
3658 5310 3918 5365 dissolvit.

2398 5382 2489 5437 57.
2524 5381 2788 5439 Manibus.
2820 5382 2969 5438 Flor.
3006 5379 3089 5451 pr.
3120 5390 3176 5438 et.
3202 5390 3353 5449 tert.,
3376 5394 3498 5436 cum
3533 5379 3697 5445 Ultr.,
3728 5381 3925 5438 Meoct

2326 5454 2599 5521 Pet'ilon.,
2656 5466 2818 5525 alq'ic
2861 5454 3035 5521 Lugd.
3066 5455 3186 5525 But.
3220 5467 3357 5514 sec.,
3411 5454 3771 5525 manibusque.
3820 5453 3919 5508 Ed.

2325 5529 2541 5595 Auget
2564 5538 2673 5583 tres
2705 5522 2835 5581 niss.
2862 5526 3029 5595 Lugd.
3061 5524 3231 5592 Batt.,
3284 5539 3406 5579 cum
3455 5522 3597 5581 Coll.
3647 5524 3919 5592 Gronov"

2327 5598 2561 5669 tironibus
2588 5614 2807 5669 quoque.

2396 5667 2527 5723 Car.
2557 5667 2622 5724 γ’.
2646 5699 2713 5709 -
2742 5670 2789 5723 ι.
2825 5668 3020 5737 Exigit.
3056 5667 3329 5731 Perizon.,
3355 5678 3525 5737 coget.

2324 5743 2449 5879 mea.
2482 5737 2736 5811 Justisiaz,
2764 5741 2911 5811 ﬁdei.
2943 5738 3076 5796 Edd.
3110 5747 3244 5797 vett.
3274 5737 3545 5812 quaedam,
3591 5737 3822 5812 justitia
3862 5754 3920 5795 ac

2368 5832 2379 5860 t
2403 5826 2469 5867 cl.

2368 5811 2469 5867 «lci.
