4150 6454
159 289 268 347 990
1235 291 1716 355 HISTORIARUM
1752 293 1960 357 LIBER
1999 296 2067 355 ν.
2104 296 2262 357 CAP.
2305 297 2400 356 Vl.
3363 302 3473 361 950

161 421 300 480 quos
328 405 618 465 occiderea
645 415 961 480 potueram,
982 418 1143 480 pacto
1171 410 1377 470 foedere
1414 413 1759 472 dimiserunt.
1788 415 1841 477 Α
1866 414 2055 484 cistis,
2090 415 2132 447 ³³
2164 424 2224 471 ut
2249 430 2351 471 nec
2378 413 2514 471 civis
2541 413 2792 471 consulat
2812 415 3203 473 convenienter
3225 416 3469 489 ingratis,

161 498 375 556 Iustitia
394 501 673 571 probanda
694 503 1019 578 εει-ιιιῖ297
1038 505 1449 575 ριόδπνίιιθληι
1474 509 1556 565 vel
1576 510 1771 565 tacitus
1875 519 1976 562 nec
2010 505 2184 563 hostis
2208 505 2440 563 ﬁdeliter
2482 507 2670 562 credat
2696 506 2894 564 infidis.
2944 506 3162 565 Interea
3194 508 3242 545 ⁸⁸
3272 508 3472 566 Brutus

162 599 406 657 senatus,
432 605 560 645 cum
587 590 752 649 iidem
784 592 1095 651 Numantini
1126 611 1225 666 per
1254 596 1465 668 legatos
1492 614 1625 654 suos
1675 608 1769 655 aut
1872 597 1926 653 in
1958 598 2215 654 ulteriore
2244 598 2521 669 Hispania,
2560 600 2840 671 sexaginta
2874 602 3039 657 millia
3079 601 3465 670 Gallmcornm,

162 679 482 737 inviolatam
513 696 702 753 pacem
753 684 949 755 solam,
994 694 1089 741 aut
1118 700 1310 744 omnes
1353 704 1492 760 quos
1541 691 1768 761 pignore

164 776 313 848 pacis
342 786 573 848 accepto
601 778 755 835 vivos
786 778 1132 849 dimiserant,
1154 782 1540 852 reposcebant.
1560 781 1769 839 Miseri-

162 870 350 927 cordia
378 872 743 931 examinanda
781 875 1146 933 videbatur?“
1175 878 1308 933 satis
1334 877 1644 935 documenti
1673 878 1771 935 de-

164 964 364 1020 derunt
394 965 481 1023 vel
509 968 808 1024 emittenda
832 968 900 1023 ad
932 968 1098 1025 vitam
1124 969 1402 1026 inimicum
1432 972 1763 1039 exercitum,

164 1056 249 1114 vel
274 1056 342 1114 ad
375 1073 595 1129 pinnam
621 1075 728 1116 non
755 1060 1069 1133 recipiendo
1106 1063 1438 1120 Mancinum.
1482 1065 1767 1121 Mancinus

170 1166 242 1208 ne
272 1167 409 1225 rogo
454 1153 741 1211 dedendos
787 1154 907 1223 fuit,
932 1157 1025 1228 qui
1055 1157 1182 1214 victi
1231 1158 1502 1214 exercitus
1557 1158 1769 1229 impen-

163 1246 388 1303 dentem
422 1249 866 1316 trucidationem,
917 1259 1184 1320 pra'tento
1230 1251 1467 1307 umbone
1494 1252 1636 1322 pacti
1664 1250 1769 1309 lte-

161 1338 315 1397 deris
342 1338 589 1412 dispulit,
620 1341 711 1414 qni
736 1346 756 1377 ⁸
785 1342 1155 1414 periclitantes
1184 1346 1377 1414 patria:
1404 1343 1555 1399 vires
1576 1344 1628 1398 in
1652 1357 1766 1400 me-

160 1432 298 1489 liora
326 1442 574 1506 temmra
603 1436 944 1492 reservavit?
988 1436 1097 1493 Aut
1146 1437 1194 1493 si
1241 1436 1525 1507 displicuit
1586 1436 1763 1494 lmdns

158 1528 309 1598 quod
341 1537 557 1599 pactum
584 1538 690 1598 est,
715 1545 816 1585 cur
836 1530 999 1588 miles
1024 1530 1127 1587 boc
1156 1533 1384 1603 pignore
1427 1532 1762 1603 redemptus,

158 1627 257 1675 aut
282 1634 409 1676 cum
432 1631 828 1689 reverteretur,
857 1632 1114 1693 receptus
1141 1633 1247 1693 est,
1270 1632 1364 1680 aut
1389 1638 1513 1680 cum
1544 1636 1763 1694 repete-

157 1721 338 1779 retur,
368 1712 614 1771 rcdditus
642 1731 749 1770 non
771 1716 892 1772 est?
912 1717 1021 1771 Aut
1045 1716 1091 1771 si
1119 1716 1327 1788 placuit
1347 1716 1548 1773 servati
1573 1716 1763 1773 militis

1870 688 1963 760 qui
1994 690 2271 747 Lusitanis
2294 689 2339 722 ¹⁸
2368 690 2570 746 auxilio
2597 700 2883 758 venerant,
2918 695 3222 765 asperrimo
3242 696 3389 752 bello
3414 704 3471 752 et

1870 780 2095 849 difﬁcili,
2127 782 2369 854 quamvis
2398 784 2641 839 incautos
2661 784 3135 854 circumvenisset,
3167 788 3467 859 oppressit.

1868 872 2109 940 Quorum
2132 874 2185 929 in
2216 890 2283 930 eo
2308 874 2498 945 przelio
2524 875 2913 948 quinquaginta
2939 878 3112 934 millia
3134 882 3342 948 occisa,
3373 896 3469 936 sex

1870 966 2034 1021 millia
2060 975 2213 1036 capta
2244 967 2574 1036 referuntur,
2605 971 2759 1038 pauci
2792 969 2916 1042 luga
2946 979 3261 1027 evaserunt.
3300 971 3361 1027 In
3385 972 3467 1029 ci-

1871 1060 2074 1115 teriore
2105 1059 2363 1132 Hispania
2404 1059 2642 1132 Lepidus
2695 1063 3024 1132 proconsule
3075 1063 3332 1120 Vaccteos
3388 1064 3473 1120 in-

1868 1153 2083 1208 noxiam
2104 1163 2319 1223 gentem
2355 1162 2409 1209 et
2436 1154 2760 1223 supplicem,
2790 1155 2836 1188 ¹⁶
2860 1156 3025 1211 etiam
3055 1165 3247 1213 senatu
3272 1156 3464 1228 prohi-

1878 1243 2066 1313 bente,
2098 1246 2450 1316 pertinaciter
2473 1260 2784 1318 expugnare
2809 1250 3059 1304 tentavit.
3086 1248 3194 1306 Sed
3225 1264 3349 1306 mox
3376 1266 3471 1307 ac-

1866 1344 2022 1407 cepta
2065 1337 2221 1393 clade
2262 1340 2580 1409 gravissima
2628 1339 2892 1410 improba:
2936 1339 3251 1410 pertinacia
3280 1356 3470 1414 pinnas

1867 1427 1988 1483 luit.
2020 1428 2129 1485 Sex
2174 1430 2343 1485 millia
2384 1429 2586 1503 quippe
2615 1429 2983 1487 Romanorum
3016 1433 3073 1490 in
3121 1433 3228 1490 hoc
3268 1432 3473 1505 injuste

1865 1518 2008 1576 bello
2049 1519 2351 1593 justissime
2390 1537 2531 1580 caesa
2582 1531 2749 1580 sunt:
2797 1524 3018 1598 reliqui,
3064 1526 3217 1583 exuti
3248 1531 3468 1599 castris,

1864 1615 2033 1670 armis
2060 1616 2223 1670 etiam
2247 1615 2494 1687 perditis,
2539 1629 2851 1676 evaserunt.
2897 1618 3015 1679 Nec
3058 1621 3242 1679 minus
3288 1627 3467 1696 turpis

1868 1708 1910 1740 "
1938 1708 2057 1765 lucc
2074 1708 2177 1765 sub
2205 1708 2414 1782 Lepido
2444 1710 2651 1782 clades,
2678 1729 2842 1783 quam
2886 1716 2989 1771 sub
3043 1716 3297 1775 Mancino
3344 1718 3464 1775 luit.

154 1804 573 1877 ς,ηιιίεκευηιψιθ
605 1807 868 1877 provisio,
896 1823 999 1864 cur
1056 1808 1356 1877 Mancinus,
1387 1809 1482 1880 qui
1513 1807 1617 1865 ιιοο
1662 1823 1757 1880 pe-
1788 1833 1838 1896 Β
1867 1800 1910 1838 ¹⁸
1938 1800 2013 1855 ita
2038 1816 2183 1896 nunc
2201 1802 2306 1859 sibi
2327 1802 2445 1896 bare
2470 1815 2715 1878 tempora
2735 1806 2853 1862 loco
2871 1806 3147 1866 lel.citatis
3167 1810 3464 1881 ascribant,

156 1897 316 1969 pigit,
350 1899 501 1955 solus
522 1902 543 1935 τ
568 1898 784 1955 deditus
815 1899 951 1956 fuit?

230 1994 253 2026 ⁸
299 1992 485 2065 Nuper
526 1992 724 2063 Varro,
765 2002 826 2050 ut
865 2010 1215 2068 pr.epropera
1265 2010 1440 2068 pugna
1491 1994 1742 2067 iniretur,

154 2087 420 2158 collegam
451 2085 680 2143 Paulum
703 2087 1074 2145 obluctantem
1115 2089 1353 2160 impulit,
1388 2088 1751 2159 trepidantem

153 2177 522 2248 pmcipitavit
548 2177 875 2247 exercitum,
906 2178 1152 2237 infelices
1190 2179 1401 2250 copias,
1447 2180 1589 2251 apud
1619 2180 1759 2236 inla-

156 2284 274 2325 mes
322 2270 449 2325 illas
497 2271 760 2326 Romanis
806 2272 1054 2329 cladibus
1094 2271 1329 2343 Cannas,
1360 2289 1465 2330 non
1496 2274 1764 2346 disposuit

151 2362 467 2429 certamini,
495 2362 518 2393 ’
547 2362 645 2418 sed
666 2363 924 2434 opposuit
957 2364 1156 2425 morti:
1184 2367 1304 2435 plus
1333 2380 1498 2437 quam
1529 2366 1762 2437 quadra-

153 2453 305 2522 ginta
337 2453 509 2509 millia
553 2454 628 2509 ibi
659 2454 890 2510 militum
921 2454 1292 2513 Romanorum
1326 2458 1442 2513 sola
1472 2458 1762 2529 impatien-

155 2546 228 2601 tia
257 2560 381 2616 sua,
414 2546 483 2602 de
510 2561 617 2617 qua
644 2547 748 2603 sibi
784 2549 1073 2605 victoriam
1123 2549 1235 2621 jam
1281 2550 1485 2606 dudum
1529 2551 1761 2607 Annibal

153 2639 546 2710 praesumebat,
575 2641 782 2698 amisit.
813 2641 1033 2714 Collega
1063 2646 1230 2699 etiam
1274 2644 1442 2700 Paulo
1474 2643 1607 2717 (quo
1644 2653 1764 2700 tan-

154 2733 279 2789 dem
304 2733 484 2807 viro?)
518 2734 757 2806 perdito,
788 2738 1088 2794 novissime
1109 2738 1164 2793 in
1203 2738 1408 2796 Urbem
1446 2754 1587 2810 pene
1614 2740 1763 2795 solus

148 2824 639 2898 impudentissime
662 2829 843 2886 redire
864 2846 1028 2888 ausus
1046 2840 1152 2900 est,
1186 2834 1497 2904 meruitque
1525 2848 1638 2890 sum
1665 2835 1767 2891 im-

156 2921 435 2992 pudentia!
461 2923 766 2993 prmrnium.
799 2925 843 2960 ’°
872 2924 1004 2980 Nam
1028 2925 1221 2997 gratiae
1247 2926 1318 2994 ei,
1340 2928 1485 2999 quod
1506 2927 1573 2982 de
1598 2942 1761 3000 repu-

155 3014 299 3070 blica
337 3028 447 3070 non
489 3015 857 3086 desperasset,
894 3033 1055 3087 quam
1087 3030 1266 3075 tamen
1296 3021 1410 3092 ipse
1439 3019 1764 3077 feceratde-

156 3114 461 3175 speratam,
491 3106 705 3177 publice
730 3107 785 3162 in
807 3118 1000 3165 senatu
1032 3120 1170 3166 acte
1204 3121 1348 3165 sunt.
1380 3110 1552 3167 Porro
1578 3121 1761 3168 autem

1862 1901 1923 1948 ut
1946 1907 2053 1951 non
2075 1893 2305 1952 dixerim
2331 1894 2578 1968 Hispani,
2599 1908 2678 1955 tot
2699 1898 2897 1970 pulsati
2927 1899 3246 1975 fatigatique
3274 1903 3460 1971 bellis,

1862 1983 1958 2040 sed
1990 1986 2074 2041 vel
2107 1987 2206 2059 ipsi
2256 1987 2450 2045 saltem
2484 1987 2735 2061 Romani,
2788 2001 2896 2047 tam
2936 1994 3217 2050 continuis
3255 1996 3470 2053 subacti

1861 2077 2125 2145 cladibus,
2179 2079 2448 2152 tetiesqne
2491 2083 2733 2153 superati
2771 2100 2786 2139 :
2844 2092 2901 2139 ut
2953 2100 3062 2142 non
3100 2086 3465 2159 exprobrem,

1862 2178 1994 2242 quot
2041 2182 2303 2237 primores
2348 2187 2563 2242 eorum,
2610 2184 2744 2247 quot
2774 2176 2958 2250 legati,
3011 2188 3147 2249 quot
3188 2182 3466 2249 consules,

1860 2273 1998 2333 quot
2028 2263 2292 2335 legiones,
2333 2266 2631 2339 quantique
2665 2269 2939 2326 exercitus
2981 2272 3291 2344 consumpti
3333 2273 3467 2329 sint.

1863 2357 1999 2412 illud
2031 2357 2207 2413 solum
2246 2360 2491 2429 revolvo,
2526 2370 2726 2432 quanta
2757 2363 2925 2420 fuerit
2961 2365 3173 2421 timoris
3198 2369 3462 2425 amentia.

1864 2447 2020 2505 Miles
2049 2448 2330 2508 Romanus
2353 2453 2659 2519 hebetatus,
2692 2463 2752 2510 ut
2775 2456 2887 2526 jam
2917 2473 2983 2513 nc
3015 2459 3081 2513 ad
3108 2461 3462 2530 experimen-

1866 2549 1979 2596 tum
2023 2543 2237 2613 quidem
2294 2544 2423 2601 belli
2468 2546 2729 2604 coltibere
2782 2548 3000 2621 pedem,
3051 2562 3144 2607 aut
3172 2551 3469 2610 obfirmare

1862 2635 2101 2690 animum
2128 2647 2345 2708 posset:
2373 2638 2468 2695 sed
2499 2655 2624 2696 mox
2661 2653 2958 2715 conspecto
2989 2642 3231 2717 Hispano
3254 2647 3469 2720 specia-

1866 2724 1992 2782 liter
2023 2726 2204 2797 lioste,
2233 2727 2550 2801 diﬂ’ugiens,
2588 2733 2730 2788 vinci
2756 2748 2816 2790 se
2846 2750 2985 2804 pene
3012 2738 3168 2808 prius
3196 2739 3471 2808 crederet,

1866 2834 2032 2890 quam
2061 2820 2259 2877 videri.
2302 2822 2424 2889 Quo
2464 2834 2787 2896 argumento
2814 2836 2982 2898 patet,
3018 2830 3158 2899 apud
3204 2843 3470 2903 utrosque

1864 2912 2061 2969 misera
2092 2913 2184 2969 illa
2220 2923 2464 2987 tempora
2502 2917 2767 2988 judicata,
2798 2933 2923 2975 cum
2952 2922 3116 2993 299
3141 2931 3195 2979 et
3218 2923 3465 2996 llispani,

1864 3005 1969 3059 etsi
1997 3005 2216 3062 vincere
2258 3016 2531 3077 poterant,
2576 3008 2730 3065 inviti
2773 3020 2952 3067 tamen
3002 3014 3319 3073 desererent
3359 3020 3470 3074 otia

1863 3112 1963 3154 sua
1990 3098 2193 3166 dulcia,
2224 3107 2281 3156 et
2323 3099 2464 3156 bella
2494 3108 2720 3158 externa
2768 3102 3089 3176 tolerarent,
3139 3122 3194 3165 et
3236 3110 3471 3170 Romani

156 3195 467 3264 Mancinus,
492 3200 608 3267 qui,
635 3210 783 3255 sorte
828 3200 1019 3256 bellica
1065 3202 1500 3257 circumventum
1547 3204 1759 3258 exerci-
1788 3208 1835 3273 ο
1865 3202 2065 3266 quanto
2093 3194 2460 3264 ἱπψυάθηιίυε
2509 3195 2706 3253 alieni:
2750 3196 2920 3269 quieti
2964 3214 3087 3258 sese
3136 3204 3467 3278 ingererent,

158 3298 275 3345 tum
306 3304 376 3346 ne
413 3290 690 3361 perderet,
723 3290 1011 3359 laboravit,
1042 3294 1112 3349 ab
1157 3295 1350 3351 eodem
1382 3305 1575 3351 senatu
1606 3295 1763 3352 dedi-

162 3383 314 3439 tione
357 3384 647 3441 damnatus
674 3395 780 3441 est.
816 3387 856 3418 “
902 3387 1051 3453 Scio,
1104 3386 1363 3445 Romanis
1412 3398 1469 3445 et
1522 3389 1651 3444 illud
1708 3391 1762 3445 in

160 3471 420 3531 Varrone
454 3474 753 3546 displicuit,
800 3478 895 3533 sed
949 3478 1116 3550 298
1166 3481 1399 3550 tempori
1436 3494 1761 3536 concessum

160 3576 247 3622 εει
279 3584 295 3620 :
321 3577 380 3622 et
411 3567 464 3622 in
492 3566 599 3623 hoc
626 3566 875 3625 Mancino
904 3568 1130 3639 placuit,
1173 3571 1269 3626 sed
1298 3570 1597 3627 secundum
1628 3582 1767 3628 tem-

162 3672 266 3728 pus
302 3668 695 3732 przesumptum
724 3669 809 3718 est
837 3678 855 3716 :
894 3662 938 3695 ι’
966 3672 1133 3734 atque
1156 3662 1282 3719 ideo
1307 3662 1377 3719 ab
1401 3663 1557 3721 initio
1586 3665 1766 3735 perfe-

1864 3296 2017 3343 tanto
2038 3287 2248 3357 turpius
2272 3289 2638 3345 vincerentur.

2474 3402 2707 3462 CAPUT
2749 3403 2836 3461 Vl.

1873 3494 1950 3550 De
1984 3504 2273 3550 monstroso
2302 3511 2462 3565 puero
2502 3494 2684 3552 Romae
2720 3509 2842 3553 nato
2869 3539 2885 3565 ,
2928 3501 2994 3556 de
3037 3498 3219 3560 λΕιηω
3256 3518 3467 3565 aucto-

2200 3568 2370 3633 lione,
2399 3578 2445 3622 et
2477 3566 2611 3623 bello
2636 3571 2813 3623 servili
2846 3572 2901 3625 in
2931 3572 3141 3630 Sicilia.

1946 3662 1962 3694 ¹
1984 3660 2123 3718 Sex.
2152 3658 2346 3717 Fulvio
2377 3659 2598 3731 Flacco,
2626 3662 2695 3731 Q.
2716 3662 3012 3735 Calpurnio
3041 3667 3241 3729 Pisone
3264 3686 3465 3731 consu-

1470 3754 1918 3815 HAVERCAHPI
1956 3752 2190 3811 ΝΟΤᾸΕ.

232 3871 293 3928 3.
327 3868 636 3943 Bormam.
688 3869 827 3928 Edd.
870 3872 1031 3943 Λεία..
1063 3880 1362 3942 potuerunt.

230 3943 293 3999 4.
343 3942 497 3998 Eam.
546 3942 675 3999 Mss.
718 3952 832 3999 tres
857 3941 1032 4015 Lugd.
1059 3941 1225 4013 Batt.,
1272 3957 1396 3998 cum
1434 3941 1575 4001 Coll.
1621 3943 1765 4000 Gro-

159 4028 319 4081 nov.,
340 4031 457 4070 eam
475 4015 657 4069 etiam.

233 4087 289 4140 5.
333 4086 479 4158 Satis
503 4087 815 4158 documenti.
870 4084 979 4158 Ed.
1004 4086 1170 4157 Aug.,
1201 4099 1324 4141 cum
1370 4086 1547 4143 tribus
1587 4086 1761 4158 Lugd.

159 4157 311 4214 Batt.
342 4167 399 4213 et
424 4156 566 4211 Coll.
592 4156 862 4220 Gronov.,
884 4157 1032 4212 addit
1057 4156 1330 4210 indicium.

232 4227 292 4301 6.
336 4228 723 4301 Erriclitantes.
773 4229 874 4301 Ed.
904 4228 1068 4298 Aug.,
1108 4227 1475 4301 pericmantis.

234 4300 293 4353 7.
334 4299 551 4354 Deditus
579 4300 721 4372 fuit?
762 4300 898 4372 l'ost
929 4300 1044 4354 haec
1071 4299 1235 4354 verba
1269 4301 1321 4356 in
1345 4300 1434 4372 ed.
1468 4302 1608 4372 Aug.
1638 4301 1769 4358 laci-

162 4372 252 4428 nia
296 4374 545 4438 sequitur
573 4370 830 4427 tredecim
862 4371 1147 4437 linearum,
1185 4386 1306 4441 quze
1347 4370 1634 4427 infeliciter
1664 4374 1769 4427 ibi-

161 4446 292 4500 dem
321 4442 542 4515 aliunde
565 4458 630 4497 ex
658 4442 852 4496 Ot'nsio
905 4443 1139 4510 irrepsit.
1187 4442 1409 4512 incipit,
1445 4442 1767 4515 Quamquam

160 4516 319 4580 inter,
350 4522 406 4568 ct
450 4514 587 4576 linit,
622 4515 787 4584 potuit
814 4528 1015 4567 servare
1038 4525 1249 4568 natura.

234 4586 291 4639 8.
332 4584 519 4667 Nuper
555 4584 746 4667 Yarro.
804 4584 955 4640 Bello
990 4584 1206 4666 .l'unico
1247 4584 1513 4667 secundo,
1561 4586 1656 4641 sed
1694 4585 1765 4642 de

1870 3870 2070 3947 iisdem
2092 3882 2239 3947 mss.
2254 3877 2308 3925 et
2333 3868 2663 3947 editionibtts
2693 3870 2921 3929 Romani
2949 3892 3047 3947 pro
3094 3877 3349 3938 Romanis
3394 3886 3471 3942 le-

1867 3954 2014 4019 gant,
2057 3941 2109 3994 in
2131 3940 2325 4019 quibus
2353 3942 2736 4013 Ultrajectinus
2760 3940 2976 4018 quoque
3005 3950 3199 4019 codex,
3229 3957 3335 4009 scio
3359 3940 3468 4013 Ro-

1868 4014 2032 4080 niani,
2061 4013 2217 4068 nauci
2249 4026 2355 4066 non
2393 4020 2495 4068 est.

1943 4084 2031 4163 ig.
2073 4085 2241 4163 atque
2268 4083 2402 4163 ideo.
2436 4083 2599 4163 Fo_rte
2619 4085 2924 4163 legendum,
2956 4109 3099 4163 teque
3121 4095 3261 4153 ideo.

1943 4155 2034 4236 15.
2077 4151 2268 4236 Uine?
2295 4156 2444 4210 civis.
2497 4151 2725 4236 Proptc'r
2752 4151 2981 4218 Mancini
3010 4151 3342 4236 exemplum,
3376 4186 3469 4229 ve-

1869 4225 2084 4282 rebitur
2110 4225 2620 4309 similem__patriie'
2644 4243 2907 4309 praestare
2962 4225 3247 4309 utilitatem
3296 4225 3462 4309 civis;

1876 4308 2097 4374 propter
2137 4295 2805 4374 _Nttmantinorum,‘ullis
2853 4306 3005 4374 pacis
3062 4295 3466 4371 conditionibe

1874 4373 2105 4424 credere
2135 4367 2324 4423 hostis.

1947 4432 2279 4512 11η-Βηιηιδ
2323 4440 2377 4493 in
2408 4440 2671 4496 ulteriore.
2724 4443 2786 4499 D.
2827 4446 3024 4505 Junius
3052 4448 3251 4508 Brutus
3278 4457 3469 4512 consul

1872 4524 2017 4592 anno
2040 4508 2202 4594 lll‘rbi‘s
2223 4525 2383 4593 ncxv,
2414 4513 2640 4567 sortitus
2671 4514 2981 4594 llispaniam
3003 4508 3467 4594 Διι[ιρι-ξυνεξιὶιίξάιξί

1869 4584 2026 4665 victis
2054 4579 2316 4665 aetheris,
2340 4595 2659 4665 cognomen.
2681 4579 2808 4665 inde
2843 4590 3063 4665 meruit,
3093 4579 3397 4665 Appianus
3410 4579 3466 4656 in

161 4650 442 4734 Cannensi
464 4656 631 4734 clade
660 4657 798 4712 libro
816 4655 1127 4728 superiore,
1154 4656 1334 4726 capite
1361 4657 1574 4713 decimo
1606 4667 1763 4714 sexto
1791 4720 1839 4734 _
1869 4650 2325 4734 Lberica._§trabo
2358 4651 2498 4734 libro
2538 4654 2720 4734 tertio,
2750 4657 2933 4734 Livius
2984 4650 3234 4718 libro'iv
3266 4650 3465 4734 arisi;

162 4730 371 4783 dictum
407 4736 514 4782 est.
590 4725 755 4783 Frisii.

238 4800 292 4854 9.
320 4796 447 4872 _Sed
488 4800 727 4872 oppositi:
767 4797 945 4855 morti.
992 4797 1074 4854 Ex
1126 4797 1432 4856 imitatione
1471 4797 1767 4872 Virgiliana

164 4872 262 4927 lib.
294 4867 426 4926 En.
467 4867 566 4939 ιί,⁷
587 4869 692 4926 126
716 4887 730 4925 :

520 5020 536 5035 .
575 5021 588 5036 .
627 5020 641 5035 .
681 5022 693 5034 .
730 4983 1015 5048 Tectusque
1040 4991 1238 5036 recusat

264 5047 488 5098 Prodere
513 5059 634 5099 vom
656 5059 747 5099 sua
771 5047 1067 5111 quemquam
1092 5055 1179 5097 aut
1201 5057 1454 5111 opponere
1478 5048 1640 5097 morti.

245 5155 334 5210 1ο.
377 5152 521 5229 Natu
562 5155 743 5229 gratim
789 5155 857 5210 ei.
901 5152 1422 5229 Varroniredeunti
1472 5152 1769 5229 in_Urbem

167 5229 373 5299 gratias
396 5242 427 5280 a
455 5225 663 5299 genitu
686 5235 837 5283 actas
884 5226 1073 5299 scribit
1102 5226 1289 5299 Livius
1328 5225 1467 5280 libro
1507 5225 1770 5299 vigesimo

168 5294 433 5356 secundo.
471 5294 719 5354 Valerius
743 5300 885 5353 libro
916 5297 1080 5352 tertio
1107 5341 1122 5366 ,
1147 5298 1326 5367 capite
1350 5294 1767 5366 quartoIFasn.

246 5372 334 5425 11.
394 5368 541 5433 Scio,
572 5369 847 5434 Romanis,
894 5379 1002 5423 etc.
1053 5369 1177 5424 Haec
1208 5379 1290 5423 est
1339 5369 1500 5422 lectio
1539 5370 1773 5437 Optimo-

171 5457 296 5499 rum
329 5455 463 5495 mss.
497 5439 652 5509 Nam,
685 5442 759 5495 ita
791 5444 942 5495 clare
969 5440 1229 5496 exhibent
1254 5439 1403 5494 Meus
1423 5448 1478 5492 et
1506 5450 1614 5495 tres
1648 5437 1772 5493 Flo-

172 5514 401 5578 rentin‘r,
437 5511 577 5583 inter
605 5527 744 5583 quos
781 5511 905 5583 cod.
938 5511 1186 5581 Longob.
1217 5510 1659 5583 scribensrsocio,
1698 5509 1774 5583 la:

171 5588 278 5640 cile
327 5582 593 5648 ostendit,
627 5581 752 5637 scio
794 5582 995 5638 ibidem
1049 5585 1251 5639 debere
1302 5582 1512 5650 reponi.
1569 5581 1774 5650 Vulgati

172 5655 331 5711 codd.
361 5654 566 5709 habent
600 5653 671 5706 sic
724 5654 968 5719 liontani,
998 5654 1095 5709 sed
1129 5663 1324 5723 printer
1361 5655 1592 5724 August.
1642 5651 1778 5707 nulli

175 5725 275 5784 nisi
304 5726 676 5789 recentiores;
726 5740 850 5779 nam
895 5725 1133 5791 Venetae,
1185 5724 1431 5779 Parisina
1489 5732 1544 5779 et
1600 5724 1773 5792 prima

172 5804 279 5862 scio
299 5810 521 5873 quoque
551 5795 827 5855 exhibent.
872 5796 1026 5867 Quod
1071 5810 1200 5857 vero
1231 5809 1370 5854 unus
1395 5803 1489 5853 aut
1535 5794 1672 5856 alter
1702 5808 1773 5855 ex

1789 4720 1845 4783 D
1871 4721 2067 4804 Florus
2096 4722 2235 4804 libro
2266 4725 2528 4791 secundo,
2568 4720 2746 4797 capite
2792 4731 3006 4787 decimo
3039 4720 3292 4804 septimo.
3341 4720 3467 4796 vel:

1872 4794 2012 4849 lcius
2044 4808 2104 4849 tt.
2181 4793 2347 4850 FABB.

1944 4865 2034 4921 15.
2091 4864 2323 4943 Auaili‘o.
2372 4865 2544 4943 Lugd.
2572 4863 2712 4943 Batt.
2737 4884 2946 4943 omnes,
2979 4890 3107 4932 eum
3147 4875 3285 4933 Coll.
3321 4880 3461 4938 Gro-

1878 4950 2007 4991 nov.
2036 4945 2092 4993 et
2119 4937 2209 4991 ed.
2234 4936 2397 5007 Aug,
2429 4936 2484 4993 iit
2508 4941 2785 4995 auxilium.
2932 4936 2943 4943 ⁷
3340 4936 3364 4987 ⁷.

1946 5008 2035 5094 iii:
2060 5007 2255 5094 dit-inm
2295 5009 2493 5092 senatu
2524 5012 2839 5094 prohibente.
2894 5014 3069 5094 Cinna
3098 5027 3154 5074 et
3181 5019 3461 5094 Cmcilitts,

1873 5078 2035 5148 legati
2060 5079 2113 5133 in
2141 5078 2451 5152 Hispaniam
2474 5084 2540 5135 ad
2568 5080 2829 5152 Lepidum
2856 5088 3031 5151 missi,
3064 5078 3370 5151 attulerunt
3399 5078 3459 5152 Si

1872 5151 2444 5237 quocavcbatnr‘:
2489 5167 2557 5209 ne
2588 5153 2824 5224 Lepidus
2856 5156 3110 5217 Vaceatos
3138 5163 3286 5221 bello
3312 5151 3464 5237 pete.

1875 5233 1978 5278 ret.
2006 5223 2301 5293 Appianus.
2376 5222 2541 5279 FABR.

1951 5291 2066 5372 17.;
2089 5291 2232 5372 Hice
2256 5294 2352 5348 sub
2379 5293 2597 5372 Lepido.
2622 5295 2687 5372 in
2709 5298 2938 5372 vulgatis
2960 5300 3178 5372 legitur,
3232 5305 3325 5360 sub
3352 5307 3469 5362 Mr-

1878 5364 2105 5440 tgllo._ln
2138 5365 2381 5440 Epitotna
2412 5364 2495 5422 Lit
2522 5370 2592 5423 ita
2622 5364 2826 5440 legitur:
2850 5388 2863 5423 ε
2888 5364 3145 5429 Dissimili
3166 5364 3351 5432 eventu
3381 5379 3461 5436 Μ.

1873 5436 1947 5521 41'
1954 5437 2126 5523 "illius
2157 5436 2386 5521 Lepidus
2413 5455 2619 5523 procos.
2661 5436 2903 5523 adversus
2945 5440 3183 5500 Vacerra:
3214 5465 3466 5523 seiuges-

1873 5510 1962 5575 sit,
1995 5508 2290 5580 clademque
2316 5508 2533 5564 tintilem
2566 5508 2903 5566 Numantina:
2929 5531 3112 5579 passus
3144 5529 3242 5571 est.
3292 5508 3457 5578 Ιολῖοκ.

1948 5580 2039 5656 1-8.
2080 5577 2172 5656 Ito
2200 5577 2353 5656 nunc.
2403 5580 2542 5656 EAdd.
2569 5577 2994 5656 qu:edgatii__vett.,
3026 5603 3187 5656 quare
3214 5606 3368 5646 nunc.

1949 5650 2079 5705 CAP.
2112 5650 2196 5731 V_L
2231 5681 2300 5731 τ-
2332 5652 2383 5705 1.
2419 5650 2544 5708 Sex.
2580 5652 2768 5731 Fulvio
2797 5650 3122 5725 Fltrcco,'Q.
3154 5659 3462 5731 Calpurnio.

1887 5721 1954 5779 Hi
1974 5721 2221 5777 consules
2246 5721 2460 5777 luerunt
2476 5738 2621 5779 anno
2642 5723 2804 5781 Urbis
2829 5721 3335 5786 pennatam-itm
3359 5735 3465 5789 0b-

1881 5808 2116 5869 sequens
2135 5809 2359 5866 puerum
2385 5792 2539 5853 illum
2558 5806 2743 5856 natum
2771 5812 2881 5857 non
2904 5797 2986 5858 bis
3011 5800 3354 5868 consulibus,
3369 5806 3465 5864 sed
