4290 6474
753 317 863 376 945

2157 312 2368 373 PAULI
2402 313 2634 374 OROSII
2659 343 2662 347 -

3936 310 4026 370 ιιι

749 431 932 489 Africa
971 429 1184 488 restitui
1221 429 1371 502 jussa
1397 474 1412 499 ,
1441 429 1700 504 vigesimo
1743 440 1800 489 ct
1840 431 2079 489 secundo
2125 431 2419 497 demumA
2448 430 2775 503 Capitolium
2824 430 2916 488 ubi
2960 429 3158 503 concio
3207 429 3534 503 agitabatur,
3593 427 3848 487 ascendit
3896 446 3910 486 :
3962 430 4025 487 ibi

749 538 914 594 anno,
944 538 1106 596 quam
1130 522 1306 580 fuerat
1331 539 1542 590 eversa,
1573 525 1816 582 deductis
1841 527 2039 581 civium
2070 525 2346 582 Romano-

747 634 868 674 rum
893 616 1130 683 familiis,
1159 633 1278 688 qua:
1300 632 1421 672 eam
1443 618 1764 687 incolerent,
1794 621 2039 674 restituta
2064 625 2118 672 et
2142 617 2347 688 repleta

747 723 831 769 est
856 754 870 778 ,
919 726 1114 784 magno
1160 721 1284 767 ante
1325 712 1572 782 prodigio
1609 712 1970 783 prsccedeate.
2002 710 2177 766 ³Νίιιιι
2221 724 2346 766 cum

746 819 1029 862 mensorcs
1081 803 1148 859 ad
1208 803 1548 859 limitandum
1601 803 2105 872 Carthaginiensem
2154 816 2345 872 agrum

746 897 928 963 missi,
960 896 1179 968 stipites
1204 937 1218 962 ,
1253 897 1608 952 turminorum
1641 895 1847 952 indices
1868 894 2003 950 ﬁsos
2027 939 2042 964 ,
2072 893 2096 924 ‘
2126 905 2284 950 nocte
2313 910 2344 950 a

745 989 888 1056 lupis
933 987 1184 1043 revulsos
1223 986 1534 1054 mordicus,
1564 1001 1924 1058 corrososque
1969 985 2341 1057 reperissent,

745 1081 1077 1152 aliquamdiu
1109 1079 1422 1135 haesitatum
1445 1089 1528 1137 est
1549 1125 1563 1150 ,
1595 1089 1774 1136 utrum
1805 1079 2064 1135 Romana:
2105 1078 2224 1150 paci
2251 1094 2346 1134 ex-

748 1173 960 1243 pediret
983 1213 999 1240 ,
1038 1169 1421 1244 Carthaginem
1466 1171 1771 1229 reformari.
1805 1171 1826 1203 '
1862 1172 2064 1228 Eo-lem
2093 1185 2237 1227 anno
2278 1169 2341 1226 G.

746 1265 1045 1330 Gracchus,
1066 1265 1298 1321 Gracchi
1323 1265 1486 1330 illius,
1507 1266 1595 1335 qui
1619 1265 1730 1333 jam
1753 1265 1966 1319 occisus
1993 1263 2045 1318 in
2075 1263 2344 1320 seditione

742 1359 942 1425 fuerat,
969 1357 1158 1423 frater,
1190 1356 1436 1412 tribunus
1467 1355 1638 1428 plebis
1669 1371 1765 1426 per
1788 1355 2072 1411 tumultum
2102 1363 2338 1424 creatus,

745 1465 937 1520 magna
979 1449 1296 1520 reipublica:
1342 1447 1606 1520 pernicies
1657 1447 1776 1503 fuit.
1830 1448 1964 1503 Nam
2019 1461 2141 1503 cum
2195 1460 2342 1516 saepe

745 1544 1004 1612 populum
1027 1541 1329 1597 Romanum
1352 1541 1725 1612 largitionibus
1750 1540 2139 1611 promissisque
2160 1537 2341 1595 nimiis

741 1636 797 1690 in
831 1634 1214 1692 acerbissimas
1261 1634 1557 1690 seditiones
1603 1633 1624 1666 ⁸
1671 1632 2062 1698 excitavisset,
2102 1632 2340 1689 maxime

743 1729 765 1761 ⁷
799 1730 934 1799 legis
961 1727 1190 1799 agrariae
1218 1741 1378 1783 causa
1404 1739 1432 1792 ,‘
1457 1741 1557 1797 pro
1579 1741 1681 1796 qua
1713 1725 1879 1781 etiam
1907 1723 2076 1780 frater
2102 1724 2222 1794 ejus
2249 1721 2335 1778 Ti.

2451 527 2689 582 maximo
2734 526 2964 582 tumultu
2988 527 3224 581 excitato
3246 566 3260 591 ,
3291 527 3313 558 ³
3341 523 3561 595 quidam
3609 537 3796 593 prreco
3815 537 3848 579 a
3875 521 4026 580 Grac-

2450 617 2642 674 chanis
2682 617 2998 673 interfectus
3018 656 3034 684 ,
3065 617 3214 673 velut
3242 617 3459 688 signum
3491 613 3625 672 belli
3658 615 3782 671 fuit.
3815 613 4026 671 Flaccus

2449 709 2658 765 duobus
2681 709 2806 766 filiis
2834 710 3059 765 armatis
3085 711 3327 776 cinctus,
3351 707 3654 767 comitante
3679 708 3845 764 etiam
3876 706 4031 763 Grac-

2447 802 2554 859 cho
2588 811 2768 874 togata
2793 845 2809 868 ,
2839 802 3168 875 brevemque
3196 801 3435 874 gladium
3468 803 3572 858 sub
3600 801 3830 858 sinistra
3855 799 4030 856 occul-

2449 903 2635 961 tante,
2682 895 2929 964 quamvis
2969 903 3026 949 et
3071 908 3374 965 prtcconem
3418 894 3616 950 frustra
3646 893 4030 965 praemisisset.

2446 987 2537 1058 qui
2578 999 2767 1042 servos
2809 986 2878 1042 ad
2925 987 3230 1044 libertatem
3263 995 3520 1049 vocaret,
3555 987 3600 1019 ¹⁶
3629 980 3856 1043 Janiu'tn
3909 994 4034 1045 tam-

2445 1093 2608 1151 quam
2638 1094 2821 1137 arcem
2867 1079 3150 1153 occupavit
3183 1098 3196 1135 :
3230 1081 3272 1112 “
3315 1088 3504 1136 contra
3538 1081 3582 1114 η
3614 1080 3680 1136 D.
3729 1079 3934 1136 Brutus
3957 1079 4033 1134 vir

2445 1172 2748 1229 coiisularis
2781 1166 2826 1206 ¹³
2847 1191 2876 1227 a
2904 1175 3058 1228 (llivo
3088 1172 3331 1230 Publicio
3357 1189 3482 1229 cum
3510 1173 3720 1244 ingenti
3739 1173 4032 1230 certamine

2445 1264 2628 1320 irruit.
2689 1264 2764 1320 lbi
2814 1264 3046 1322 Flaccus
3101 1267 3195 1322 diu
3241 1264 3677 1324 obstinatissime
3720 1267 4033 1332 dimicavit;

2444 1356 2721 1415 Gracchus
2747 1399 2762 1423 ,
2794 1371 3078 1431 vatquam
3110 1359 3163 1416 in
3201 1359 3464 1432 templum
3496 1359 3760 1417 Minervae
3795 1375 4035 1418 necesse.

2442 1459 2565 1515 rat,
2613 1449 2793 1521 gladio
2830 1451 3147 1509 incumbere
3177 1452 3408 1518 volens,
3456 1453 3504 1486 ιδ
3553 1452 3875 1511 interventu
3927 1453 4037 1510 Lre-

2441 1543 2567 1598 torii
2591 1553 2833 1598 retentus
2859 1550 2963 1599 est.
2989 1543 3180 1615 itaque
3221 1543 3386 1618 317
3418 1559 3542 1600 cum
3579 1543 3673 1602 diu
3701 1560 3910 1616 auceps
3932 1544 4038 1600 bt-l‘

2442 1635 2553 1692 lum
2609 1635 2908 1706 agitaretur
2935 1681 2950 1704 ,
2993 1636 3036 1669 η
3067 1635 3282 1692 tandem
3336 1636 3648 1709 sagittarii,
3696 1638 3742 1672 “
3788 1638 3858 1693 ab
3917 1634 4040 1706 ορε-

2441 1729 2555 1784 mio
2615 1729 2816 1794 missi,
2882 1738 3192 1786 consertam
3247 1727 3650 1786 multitudinem
3694 1729 4040 1786 disturbare-

738 1817 1018 1876 Graccltus
1049 1819 1231 1874 fuerat
1259 1819 1500 1886 occisus,
1529 1818 1694 1890 316
1722 1815 1936 1873 tandem
1960 1831 1990 1869 a
2017 1816 2294 1872 tribunatu
2319 1860 2335 1885 ,
2373 1827 2415 1887 Β
2442 1831 2590 1878 runt.
2642 1821 2760 1879 Duo
2808 1822 2989 1880 Flacci
3034 1833 3189 1896 pater
3246 1823 3498 1896 illiusque
3546 1838 3670 1880 cum
3727 1839 3828 1896 per
3868 1825 4038 1880 a-dvm

739 1915 762 1943 "
791 1915 1022 1971 Minucio
1066 1928 1386 1971 successore
1411 1955 1428 1980 ,
1470 1914 1728 1970 decessit.
1773 1911 2037 1968 Minucius
2078 1910 2328 1967 tribunus

738 2007 934 2078 plebis,
965 2023 1085 2062 cum
1117 2009 1356 2063 maxima
1380 2022 1445 2065 ex
1472 2016 1627 2076 parte
1648 2007 1953 2063 decessoris
1982 2007 2064 2062 sui
2093 2005 2329 2063 Gracchi

734 2109 937 2156 statuta
995 2101 1393 2167 convulsisset,
1445 2100 1704 2172 legesque
1753 2099 2114 2171 abrogasset,
2167 2097 2332 2156 Caius

735 2191 1016 2252 Gracchus
1043 2209 1166 2252 cum
1189 2193 1379 2252 Fulvio
1401 2193 1596 2252 Flacco
1613 2190 1819 2267 ingenti
1840 2192 2070 2265 stipatus
2087 2191 2329 2263 agmine,

2433 1913 2601 1972 Lunae
2657 1916 2701 1949 "
2753 1916 2807 1971 in
2855 1916 3116 1986 privatam
3158 1915 3380 1973 domum
3427 1915 3822 1982 desiluissent,
3875 1917 4040 1974 fores-

2435 2024 2540 2082 quc
2596 2009 2958 2080 obiecissent,
2992 2010 3226 2068 rescisso
3259 2011 3479 2067 cratitio
3524 2010 3729 2080 pariete
3753 2049 3772 2078 ,
3801 2009 4036 2067 confossi

2434 2111 2582 2158 sunt.
2632 2103 2677 2135 "
2729 2101 3025 2171 Gracchus,
3048 2103 3091 2137 ¹⁹
3120 2101 3213 2158 diu
3241 2118 3338 2174 pro
3366 2118 3426 2160 se
3452 2102 3644 2159 amicis
3675 2103 4039 2175 pugnantibus

2437 2208 2502 2251 ac
2528 2195 2903 2267 pereuntibus,
2931 2210 3076 2268 aegre
3102 2195 3170 2252 ad
3197 2205 3418 2270 pontem
3449 2195 3738 2255 sublicium
3763 2197 4035 2269 pervenit:

2029 2435 2481 2497 IIAVERCAIIPI
2516 2437 2749 2498 NOTA'J.

739 2632 940 2688 bunum
970 2627 1142 2696 plebis
1191 2624 1527 2696 rogationem
1574 2623 1641 2680 ad
1699 2623 1954 2694 populum
1999 2620 2070 2680 de
2109 2623 2325 2696 colonia

735 2695 1118 2772 Carthaginem
1157 2695 1471 2772 deducenda
1503 2697 1792 2764 pertulisse
1812 2737 1828 2763 ,
1858 2704 2049 2752 auctor
2075 2706 2161 2752 est
2199 2695 2325 2753 t’lu-

738 2768 966 2831 tarchus
988 2775 1040 2826 iu
1069 2768 1349 2827 Gracchis.
1387 2768 1556 2824 FABR.

808 2847 862 2902 5.
897 2841 1037 2898 Nam
1058 2858 1172 2897 cum
1195 2856 1474 2912 measures.
1508 2841 1586 2896 De
1621 2840 1725 2896 hoc
1767 2838 2018 2912 prodigio
2045 2838 2325 2910 Appianus

731 2925 788 2975 et
818 2916 1163 2971 Plutarchus.
1199 2911 1364 2968 FABR.

805 2986 862 3042 4.
900 2985 1295 3055 Nocte.Vulgg.
1315 2989 1363 3037 et
1392 2990 1564 3050 nocte,
1589 2981 1686 3040 sed
1717 2996 1850 3040 mss.
1883 2981 2322 3056 coniunctionem

733 3074 843 3116 non
871 3064 1188 3123 agnoscunt.

808 3131 860 3186 5.
893 3122 1091 3186 Eodem
1117 3142 1253 3182 anno
1274 3123 1335 3181 C.
1365 3124 1654 3181 Gracchus.
1685 3125 1746 3182 C.
1774 3124 2129 3196 Sempronius
2156 3122 2325 3182 Grac-

733 3201 874 3258 chus
905 3202 1236 3256 tribunatum
1280 3197 1458 3268 plebis
1487 3212 1584 3266 pcr
1618 3197 1899 3252 biennium
1944 3197 2318 3268 continuavit,

735 3283 796 3328 ut
834 3275 1138 3327 notavimus
1186 3271 1238 3325 in
1284 3278 1606 3339 argumento
1634 3269 1896 3324 orationis
1925 3268 1994 3324 de
2024 3267 2323 3339 provinciis

737 3359 880 3410 cos.,
913 3357 1088 3413 eoque
1129 3338 1376 3413 tempore
1411 3339 1611 3413 multas
1643 3342 1787 3412 leges
1821 3339 1982 3413 tulit,
2013 3340 2093 3413 de
2126 3338 2322 3413 quibus

732 3409 1033 3484 Appianus,
1066 3410 1410 3480 Plutarchus,
1443 3410 1649 3479 Livius,
1675 3409 1941 3468 Asconius
1966 3418 2023 3468 et
2051 3409 2315 3466 Velleius.

735 3486 906 3544 Fsan.

803 3559 860 3616 6.
894 3555 1253 3614 Excitavisset.
1287 3554 1566 3624 Perizon.,
1589 3555 1888 3621 excivisset;
1921 3552 2049 3611 edd.
2075 3551 2318 3625 quidam,

731 3630 1028 3685 excitasset.

807 3703 861 3757 7.
908 3700 1059 3773 Legis
1099 3700 1320 3774 agraria:
1367 3714 1544 3774 causa.
1593 3697 1864 3774 Omittunt
1910 3708 2320 3774 nonnumquam

735 3772 916 3828 Latini
947 3769 1152 3829 vocent'
1182 3787 1339 3826 causa
1371 3769 1458 3825 vel
1505 3771 1677 3840 gratia
1725 3770 1775 3824 in
1826 3769 2120 3839 generandi
2168 3781 2320 3840 casu,

732 3854 896 3916 prout
929 3852 1074 3916 patet
1112 3858 1177 3900 ex
1215 3840 1480 3916 exemplis
1506 3837 1765 3916 'veterum
1794 3837 2212 3916 e_t_auctori_ta_te
2237 3837 2322 3892 vi-

731 3909 1252 3982 rorum-doctorum,
1277 3929 1306 3966 n
1337 3909 1423 3968 ιδ.
1454 3912 1749 3967 Arntzenio
1770 3909 2016 3982 adductis
2030 3909 2109 3982 _ad
2140 3909 2323 3982 Victo.

734 4003 850 4043 rem
884 4003 1004 4060 pag.
1053 3987 1124 4060 55
1155 4003 1168 4039 :
1212 3980 1381 4060 quare
1413 3982 1556 4060 idem
1586 3982 1754 4060 V.__D.
1786 3983 1874 4038 hic
1916 3980 2211 4060 ab__0rosio
2253 3994 2320 4060 es

733 4051 1442 4114 mss.'atictorimte'abesse
1471 4054 1604 4108 vult.
1637 4053 1755 4109 Non
1783 4051 2241 4116 contradicerem,
2274 4052 2322 4106 si

734 4131 980 4200 pluribus
1005 4131 1088 4184 vel
1122 4127 1440 4200 melioribus
1479 4125 1792 4200 adjuvarem
1833 4138 1965 4200 mss.
1995 4122 2167 4192 Nunc,
2193 4138 2320 4200 cum

734 4194 842 4257 uno
870 4202 1075 4258 nitatur
1095 4198 1238 4256 Ultr.
1267 4198 1510 4253 omnium
1542 4194 1802 4265 pessimo,
1836 4194 1965 4250 etin
1993 4209 2102 4263 quo
2128 4196 2319 4250 crebra

733 4273 1023 4328 admodum
1051 4270 1441 4325 vocabulorum
1487 4267 1740 4330 omissio,
1773 4267 2035 4338 sylvaque
2071 4281 2317 4321 errorum

734 4355 836 4405 est.
869 4361 988 4401 cum
1018 4343 1244 4411 reliquis
1277 4353 1408 4394 mss.
1450 4339 1704 4394 omnibus
1733 4353 1895 4411 posse
1920 4338 2139 4411 retineri
2170 4346 2318 4411 puto.

805 4421 858 4471 8.
902 4409 1154 4470 Minucio
1178 4426 1490 4467 successore.
1540 4411 1693 4464 Ilunc
1715 4409 1966 4464 videntur
2003 4409 2223 4478 collega!
2264 4409 2319 4463 in

733 4487 960 4544 Gracchi
995 4489 1170 4542 locum
1204 4481 1502 4553 subjecisse
1529 4522 1544 4545 ,
1575 4494 1704 4535 cum
1733 4480 1824 4536 ille
1853 4480 2101 4549 plurimis
2123 4479 2318 4553 suffra-

730 4561 836 4627 giis
866 4559 1107 4613 tribunus
1147 4551 1318 4627 plebis
1356 4553 1574 4627 tertium
1611 4561 1832 4627 _cr_ea_tt_ts
1862 4561 2011 4627 esset
2033 4592 2048 4616 ,
2099 4566 2208 4620 quo
2249 4551 2317 4606 de

730 4621 1009 4686 Plutarch.
1038 4621 1261 4682 Minucii
1283 4624 1441 4694 hujus
1461 4622 1711 4694 meminit
1731 4621 1927 4678 Florus
1954 4621 2051 4694 lib.
2081 4637 2158 4687 ιιι,
2194 4637 2315 4692 cap.

730 4703 820 4757 15.
866 4705 1074 4757 Auctor
1117 4699 1184 4754 de
1218 4691 1368 4753 Viris
1399 4694 1604 4750 Illustr.
1648 4691 1940 4748 Minucium
1984 4692 2184 4764 Rufum
2222 4691 2320 4751 no-

730 4775 920 4829 minat.
951 4772 1119 4827 ann.

2342 3447 2392 3514 C

2432 2623 2593 2680 codd.
2637 2639 2771 2681 mss.
2821 2623 3066 2682 Florent.
3117 2633 3246 2683 tert.
3295 2634 3352 2684 et
3395 2626 3652 2685 Perison.
3706 2628 3992 2685 meliorem
4017 2674 4032 2696 ,

2431 2710 2595 2772 quam
2640 2712 2761 2768 qua:
2817 2698 3025 2772 inaliis
3069 2705 3234 2772 atque
3267 2700 3671 2772 posterioribus
3707 2700 4034 2772 quibusdam

2432 2768 2559 2843 edd.
2590 2766 2706 2843 est,
2738 2766 2974 2843 publica.
2999 2770 3046 2824 A
3075 2768 3331 2843 Publiciis
3368 2773 3514 2843 enim
3554 2766 3752 2843 tiomcn
3799 2773 4029 2843 accepit.

2432 2837 2606 2911 Varro
2651 2841 2719 2895 de
2768 2839 3014 2911 LL._lib.
3056 2856 3131 2903 tv,
3173 2857 3228 2911 p.
3270 2841 3342 2896 58
3376 2860 3387 2894 τ
3421 2841 3597 2897 Clivus
3648 2837 4032 2898 Publicius-ab

2429 2909 2666 2983 gdilibus
2686 2911 2852 2983 plebis
2881 2909 3151 2970 Publiciis.
3177 2909 3275 2982 qui
3301 2929 3419 2983 eam
3445 2913 3651 2981 publice
3671 2915 4031 2983 cdiﬁcarunt.

2429 2978 2656 3058 Fratres
2676 2981 2894 3058 fuerunt
2918 3026 2932 3049 ,
2957 2991 3097 3058 teste
3127 2978 3291 3058 Festo
3309 3025 3328 3050 ,
3357 2978 3633 3058 Publicius
3662 2978 3832 3058 cliens
3852 2987 4036 3058 appel-

2425 3052 2583 3124 latnr,
2615 3055 2901 3124 quemgduo
2945 3053 3154 3124 fratres,
3198 3054 3265 3111 ιι.
3306 3065 3357 3110 et
3380 3054 3455 3110 ΙΙ.
3482 3055 3712 3112 Publicii
3749 3052 3993 3113 Malleoli
4018 3100 4032 3122 ,

2423 3123 2602 3180 aediles
2629 3123 2842 3180 curules
2867 3166 2880 3190 .
2929 3123 3183 3196 pecuariis
3229 3127 3584 3182 condemnatis
3608 3169 3624 3192 ,
3655 3144 3723 3184 ex
3761 3131 3992 3194 pecunia
4018 3171 4033 3194 ,

2459 3211 2578 3248 uam
2603 3207 2846 3264 ceperunt
2865 3241 2881 3264 ,
2915 3199 3210 3252 ιιιιιηὲρηιηι
3229 3240 3244 3263 ,
3276 3208 3333 3252 ut
3364 3201 3420 3252 in
3449 3199 3762 3254 Auentinum
3785 3200 4033 3256 vehicula

2479 3265 2582 3343 etin
2603 3269 2774 3343 ινειῄτε
2792 3267 3223 3343 ροεεεηιηρρθιο
3243 3269 3547 3327 Publicium
3568 3283 3787 3343 quoque
3801 3274 4034 3331 vocavit

2423 3337 2644 3395 Ovidius
2673 3337 2889 3395 Faster.
2921 3355 2976 3395 v.
3013 3339 3121 3397 295
3155 3359 3170 3396 :

2550 3515 2711 3586 Parte
2723 3515 2887 3568 locant
2907 3517 3044 3586 clivi,
3068 3519 3299 3586 qui_tunc
3321 3525 3432 3586 erat
3453 3520 3604 3572 ardua
3627 3532 3800 3586 rupes,

2617 3579 2748 3631 Utile
2769 3593 2901 3631 nunc
2917 3581 3014 3632 iter
3031 3579 3132 3646 est,
3154 3581 3529 3649 Publiciumque
3552 3579 3746 3637 vocant.

2495 3767 2586 3823 N.
2630 3767 2926 3825 Interamna
2995 3769 3223 3827 Lwtorii.
3277 3771 3491 3829 Laztorii
3535 3774 3884 3832 restituimus
3961 3793 4030 3836 ev

2421 3840 2631 3916 optimo
2661 3841 2802 3916 libro
2826 3841 3127 3916 Gualtheri,
3153 3859 3252 3912 pro
3275 3859 3383 3916 quo
3401 3846 3455 3901 in
3483 3847 3700 3902 caeteris
3729 3848 4033 3916 mendose,

2424 3911 2650 3991 Lictoris
2671 3911 2886 3983 legitur.
2913 3911 3313 3991 (_)rigogerrori_s_
3335 3916 3460 3974 inde
3474 3918 3643 3991 venit,
3665 3919 3810 3991 quod
3833 3911 4028 3991 vulgo,

2418 3982 2746 4060 Laetorium,
2788 3999 2887 4060 pro
2919 3982 3140 4060 Laterio
3185 3987 3450 4060 scribunt.
3484 3982 3645 4060 Atili
3685 3982 3904 4060 optimo
3933 3982 4034 4048 illo

2423 4053 2565 4133 libro
2590 4070 2696 4133 non
2730 4053 2894 4110 modo
2919 4057 3048 4133 llic,
3083 4057 3268 4133 verum
3285 4059 3631 4133 etiaminfra
3660 4053 3839 4129 capite
3874 4064 4034 4133 vige-

2421 4125 2564 4181 simo
2597 4127 2771 4195 primo
2795 4136 2880 4181 est
2907 4125 3164 4182 Lanarius
3187 4169 3203 4193 ,
3249 4129 3339 4185 ubi
3368 4131 3439 4184 ita
3472 4130 3578 4188 hoc
3608 4125 3808 4189 nomen
3853 4125 4031 4191 scribi

2423 4195 2627 4273 debere
2656 4198 3028 4254 ostendemus.
3069 4199 3143 4273 ln_
3160 4199 3435 4273 Plutarchi
3465 4201 3588 4258 loco
3611 4243 3627 4270 ,
3661 4220 3822 4273 quem
3859 4209 4032 4262 modo

2421 4266 2745 4322 adduximus
2770 4311 2786 4348 ε
2815 4273 3064 4348 Λιπεςδνίου
3085 4312 3101 4338 ,
3131 4270 3270 4348 haud
3299 4271 3462 4348 t_lubie
3487 4266 3765 4348 corrupte.
3798 4277 4026 4348 legitur,

2421 4342 2866 4418 ιιι-(ιλιιιι-ωρῖιιυἶ
2891 4341 3160 4418 Numqui
3183 4343 3255 4397 ibi
3290 4343 3605 4418 Pomponius
3632 4341 3679 4398 et
3708 4341 3987 4406 Licinii”
4011 4341 4027 4416 ζ

2424 4409 2560 4492 ab
2589 4409 2810 4467 auctore
2833 4409 3082 4492 de_Viri_s'
3103 4409 3483 4492 lllustrihus'et
3513 4415 3730 4492 \[alerio
3755 4409 4026 4492 Magium;

2421 4481 2560 4536 libro
2589 4492 2784 4552 quarto
2810 4484 2986 4551 capite
3027 4486 3076 4552 7,
3111 4483 3428 4550 Pomponius
3456 4499 3502 4542 et
3532 4485 3788 4544 Lmtorins
3819 4481 4028 4548 ἁίειιιιί

2421 4560 2528 4626 tur.
2558 4555 2640 4626 pe
2673 4554 2973 4626 Pomponii,
2994 4556 3192 4624 equitis
3215 4557 3464 4626 Romani,
3491 4557 3597 4616 title
3621 4558 3677 4616 in
3703 4560 4024 4621 Gracchum

2420 4623 2539 4694 lege
2558 4623 2924 4681 Paterculum.
2954 4623 3116 4682 Faba.

2496 4693 2583 4769 15.
2623 4694 2856 4769 Tandem
2897 4699 3178 4767 sagittarii.
3209 4700 3424 4766 Τοξόται
3444 4709 3648 4769 Κρῆτες,
3674 4701 4024 4763 Plutarchus.

2492 4766 2581 4840 ili.
2625 4768 2698 4840 Ab
2730 4766 2972 4836 Opimio.
2994 4769 3094 4824 Ed.
3126 4773 3283 4840 Aug.,
3323 4771 3399 4826 Ab
3429 4766 3641 4840 opim
3672 4777 3903 4831 consule.

801 4845 858 4899 9.
903 4842 1128 4908 Quidam
1195 4855 1346 4895 rtem.
1399 4836 1590 4891 Atilius
1630 4849 1809 4904 praeco
1845 4834 2046 4908 Opimii
2075 4835 2312 4893 consulis
2341 4844 2392 4904 1)
2489 4849 2495 4870 ι

801 4925 814 4965 l.
855 4916 909 4965 in
954 4914 1092 4965 libro
1137 4859 1207 4965 «re
1251 4909 1393 4964 Viris
1440 4909 1779 4965 lllustrihus.
1820 4911 1911 4965 (tui
1952 4923 1984 4962 a
2021 4908 2309 4962 Plutarcho
2413 4931 2495 4965 ante

2341 4844 2392 4904 D
2489 4838 2576 4926 l7:
2618 4839 2685 4895 In
2731 4834 2955 4924 domant
2988 4834 3394 4926 privatam.'_'[-:;
3441 4834 3780 4928 ἐργαστῇριον
3826 4847 4021 4928 ἀνδρὸς

2413 4931 2694 4965 σννωοιιιου.
2729 4928 2789 4965 ιη
2809 4911 3075 4965 ofﬁcinam
3101 4914 3325 4965 hominis
3350 4919 3479 4965 noti-
3512 4918 3804 4965 Annianus.
3842 4919 3994 4965 an

729 4925 814 4969 est
855 4916 909 4970 in
954 4914 1092 4970 libro
1137 4908 1207 4965 de
1251 4909 1393 4964 Viris
1440 4909 1779 4973 lllustrihus,
1820 4911 1911 4977 qui
1952 4923 1984 4962 a
2021 4908 2309 4962 Plutarcho

727 4987 964 5060 Ὀπιμίῳ
983 4985 1243 5060 ὐῃηρέτης
1266 4989 1468 5060 suis»ch
1487 4978 2100 5060 ’Avrmtoinominatur,
2127 4979 2181 5060 in
2203 4982 2314 5047 Ap-

725 5049 872 5129 piani
910 5057 1061 5129 libris
1094 5049 1247 5110 idem
1278 5052 1524 5112 Ἀττὶλιος
1549 5049 2094 5129 et‘Avt-iltogdicitur.
2139 5049 2304 5129 Facti.

799 5131 888 5190 10.
918 5126 1137 5181 lanium
1171 5133 1431 5193 tamquam
1471 5136 1660 5176 arcem.
1700 5120 1830 5178 lla-c
1863 5123 1934 5176 ita
1964 5123 2216 5192 leguntur
2249 5122 2304 5176 in

728 5199 1007 5255 veteribus
1059 5196 1213 5251 libris
1265 5193 1541 5248 omnibus.
1597 5193 1926 5248 Aventinum
1981 5201 2303 5262 occupatum

724 5285 916 5327 omnes
961 5268 1247 5332 scribunt,
1274 5279 1507 5335 eumque
1540 5263 1961 5335 intelligendum
2011 5263 2299 5334 ostendit,

723 5342 869 5412 quod
893 5339 1141 5412 sequitur
1159 5337 1237 5412 Ade
1259 5335 1402 5412 clivo
1424 5334 1641 5401 publico
1662 5377 1677 5404 ,
1719 5350 1819 5405 per
1846 5349 2006 5406 quem
2038 5338 2090 5391 in
2122 5335 2304 5392 Aven-

722 5405 893 5469 tinum
921 5405 1333 5466 ascendebatur.
1350 5405 1514 5462 liena.

796 5483 884 5538 tl.
925 5481 1116 5536 Contra
1142 5478 1214 5533 Β.
1244 5477 1456 5532 Brutus.
1486 5477 1668 5533 Invitis
1693 5477 1940 5533 omnibus
1968 5493 2100 5534 mss.
2131 5486 2187 5535 et
2206 5495 2302 5536 ve-

725 5563 871 5609 tante
896 5566 1110 5624 quoque
1137 5551 1224 5607 ed.
1259 5553 1397 5620 Aug.
1423 5550 1716 5624 repositpm
1746 5549 1796 5603 in
1822 5551 2030 5606 cunctis
2055 5551 2180 5606 edd.
2210 5567 2300 5624 re-

723 5627 881 5694 liquis
914 5618 1046 5691 l'uit',
1085 5629 1266 5677 contra
1312 5618 1578 5694 quem_D._
1604 5618 1825 5684 Brutus,
1857 5631 1987 5690 etc.,
2019 5624 2171 5693 quasi
2213 5623 2300 5679 hic

724 5692 903 5752 contra
927 5711 1032 5748 non
1062 5694 1419 5760 signiﬁcaret.
1443 5692 1509 5745 ab
1536 5692 1701 5746 altera
1747 5703 1916 5760 parte.

790 5767 876 5820 12,
916 5766 983 5818 D.
1015 5765 1228 5819 Brutus.
1267 5763 1340 5815 De
1368 5779 1476 5832 quo
1504 5776 1664 5832 Supra
1694 5765 1870 5833 capite
1897 5765 2106 5832 quinto.
2133 5765 2298 5822 FABR.

791 5837 881 5893 13.
907 5836 948 5889 Α
970 5836 1101 5892 clivo
1122 5834 1382 5892 Publicio.
1404 5833 1636 5892 Servaut
1656 5834 1794 5892 hanc
1813 5838 2134 5906 scripturam
2160 5839 2301 5895 inter

2413 4914 2694 4987 γνωρίμου,
2729 4912 2789 4965 in
2809 4911 3075 4980 ofﬁcinam
3101 4913 3325 4969 hominis
3350 4911 3480 4981 noti;
3504 4911 3804 4987 'Appiauus.
3842 4911 4016 4976 Fsisn'.

2489 4984 2575 5037 18.
2618 4980 2884 5036 Gracchus
2931 4983 3023 5037 ditt
3070 4999 3166 5049 pro
3191 5000 3268 5038 se.
3302 4987 3579 5049 Appianus
3608 4991 3896 5049 :I‘pa'tx-loc
3924 4992 4016 5049 διὰ

2489 5001 2575 5037 ιδ.
2618 5001 2884 5036 uraccuns
2931 5001 3023 5037 am
3070 5001 3166 5056 pro
3191 5001 3268 5038 se.
3302 5001 3579 5056 Appianus
3608 5001 3896 5066 ἓΓρὰκχος
3924 5001 4021 5050 διὰ

2414 5061 2506 5144 τῇς
2525 5053 2722 5118 ξυλίνης
2749 5055 3045 5144 γεφιξρςιςβς
3069 5057 3129 5111 τὸ
3147 5059 3308 5143 stipant
3330 5063 3426 5114 τοῦ
3443 5068 3682 5132 ποταμοῦ
3705 5070 4020 5151 καταφυγὼν

2413 5143 2486 5184 εις
2511 5121 2665 5186 ἄλσος
2693 5147 2743 5182 τι
2764 5127 2856 5189 μ.εο
2912 5147 3022 5188 suo:
3044 5128 3372 5189 θεραποντος.
3421 5131 3636 5189 {amiare
3665 5141 3740 5188 τῶ
3765 5133 4021 5189 daemon

2414 5145 2490 5210 τις
2511 5145 2665 5186 amo;-
2693 5147 2743 5182 τι
2764 5145 2856 5195 μευ
2912 5147 3022 5188 svo:
3044 5145 3372 5202 υεραποντος,
3421 5145 3636 5203 νπεσχι
3665 5145 3740 5204 τῷ
3765 5145 4021 5211 δράκοντι

2414 5194 2598 5277 (I'Aorte
2609 5212 2721 5277 ’ρνο
2748 5197 3044 5277 θεράποντι)
3063 5205 3156 5260 τήν
3181 5204 3930 5277 σφαγήν-Ψαλαμϐανᾲιξνος.
3956 5210 4018 5264 id

2410 5275 2494 5320 est
2515 5283 2551 5350 ,ε
2603 5265 2870 5350 Gracchus
2909 5285 3000 5338 per
3024 5265 3244 5350 pontem
3286 5265 3557 5327 iablicium
3587 5265 3732 5331 lrans
3756 5265 4016 5333 Tiberim

2408 5338 2712 5412 confugiens
2737 5340 2790 5412 in
2820 5340 2992 5394 lucum
3015 5343 3289 5412 quemdam
3312 5359 3429 5398 cum
3458 5361 3565 5400 uno
3591 5363 3755 5411 servo,
3787 5363 3904 5403 cum
3937 5352 4018 5406 ibi

2399 5411 2517 5481 jam
2556 5411 3093 5488 comprehenderet-nr,
3130 5415 3374 5488 cervicem
3394 5431 3562 5488 _servo
3600 5419 3840 5488 prabuit.
3888 5423 4014 5476 Au-

2406 5489 2526 5548 ctor
2554 5481 2622 5536 de
2657 5482 2796 5536 Viris
2821 5483 3122 5538 illustribus
3164 5484 3339 5539 lucum
3386 5481 3781 5545 Furinar'vocat
3810 5509 3823 5546 :
3858 5489 4012 5548 forte

2408 5547 2723 5639 "Furiarum;
2740 5569 2860 5639 nam
2883 5554 3225 5639 Plutarchus,
3254 5555 3679 5639 icpogﬁltaocsév
3700 5547 4006 5639 Ϊβριννύὼιρξ

2406 5623 2640 5706 Servum
2673 5625 3093 5706 Velleius,et_is
3132 5630 3221 5696 qui
3249 5623 3319 5706 de
3345 5629 3488 5706 Viris
3518 5623 3822 5706 lllustribt'ts
3860 5637 4009 5691 seri.

2406 5695 2533 5768 psit,
2583 5693 2854 5768 Euporum
2891 5693 3206 5764 nominaut,
3253 5699 3574 5758 Plutarchus
3620 5703 4006 5766 Philocratem.

2405 5765 2548 5833 Lege
2591 5765 2859 5823 Valerium
2891 5769 2984 5825 lib.
3011 5784 3087 5835 vr,
3115 5784 3168 5825 c.
3200 5770 3254 5825 8.
3285 5769 3451 5827 FABR.

2478 5836 2566 5895 t9.
2607 5837 2732 5895 Din.
2764 5839 2935 5897 Abest
2977 5854 3007 5896 a
3037 5841 3358 5913 quibusdam
3402 5857 3536 5902 mss.
3565 5853 3624 5904 et
3647 5846 3777 5906 cdd.
