4290 6438
667 225 774 286 9-57

2062 208 2266 270 PAULI
2304 203 2535 264 OROSII

3871 195 3985 256 958

667 345 756 400 nis
788 357 975 415 parum
1009 356 1131 399 esse
1164 340 1514 412 intelligeret,
1557 337 1721 394 alium
1749 334 2046 407 compactis
2077 331 2253 387 tintri-
2278 333 2332 392 Α
2359 328 2361 379 ζ

2283 333 2332 392 Α
2359 324 2593 394 Micipsa:
2637 318 2992 378 Numidarum
3043 319 3192 392 regis
3243 316 3556 391 adoptivus,
3616 314 3642 350 ³
3682 311 3977 415 laresque

668 438 770 492 ltus
815 437 1138 504 catenisque
1183 449 1518 498 connexum,
1557 427 1963 502 “superstratis
2010 426 2270 484 contixis-

668 544 775 595 quc
824 529 1024 584 tabulis
1068 526 1090 558 "'
1119 527 1397 583 instruxit.
1439 525 1459 556 ⁷
1498 526 1766 580 Gonscrta
1821 537 2024 592 pugna,
2069 529 2126 574 ct
2174 517 2265 572 ditt

668 623 908 693 graviter
936 623 1161 691 agitata,
1196 620 1327 675 victi
1371 618 1535 684 Galli,
1582 617 1948 684 conversique
1975 614 2026 668 in
2063 614 2265 682 fugam,

669 713 798 770 dum
830 715 1063 786 quisque
1098 714 1204 770 sibi
1239 714 1412 778 timet,
1460 710 1805 767 coacervatis
1837 704 2145 764 inconsulte
2167 719 2266 775 ag-

668 805 973 873 minibus,8
994 814 1050 861 ct
1081 819 1433 878 praepropero
1461 804 1691 859 transitu
1726 800 1906 873 pontis
1935 799 2150 855 vincula
2179 813 2269 853 ru-

672 908 894 971 perunt,
923 913 988 956 ac
1019 913 1144 953 mox
1167 913 1289 954 cum
1321 898 1456 968 ipsis
1481 896 1734 953 lintribus
1755 891 1923 951 mersi
1948 900 2096 948 sunt.
2125 889 2271 946 Cett-

674 1000 786 1048 tutn
815 991 1093 1060 octoginta
1123 989 1294 1047 millia
1333 997 1668 1044 armatorum
1711 987 1763 1042 in
1793 984 2040 1042 exercitu
2083 981 2269 1039 Bituiti

674 1083 844 1139 fuisse
881 1083 1193 1150 traduntur,
1232 1096 1303 1139 ex
1340 1078 1579 1153 quibus”
1601 1089 1831 1137 centum
1876 1073 2269 1149 quinquaginta

667 1177 844 1233 millia
878 1177 966 1231 vel
997 1190 1138 1232 emsa
1171 1174 1258 1232 vel
1293 1190 1470 1232 mersa
1504 1181 1650 1230 sunt.
1685 1172 1729 1206 ³⁸
1758 1172 1824 1242 ρ.
1855 1172 2090 1228 Marcius
2130 1185 2268 1228 con-

671 1271 758 1327 sul
789 1271 1072 1327 Gallorum
1113 1278 1336 1342 getttem
1369 1269 1410 1304 ⁸¹
1441 1269 1544 1327 sub
1591 1267 1778 1326 radice
1809 1267 2028 1337 Alpium
2075 1266 2266 1333 sitam,

675 1363 821 1419 bello
867 1378 1162 1434 aggresms
1207 1371 1294 1418 est
1327 1379 1340 1415 :
1372 1365 1462 1432 qui
1511 1377 1636 1419 cum
1687 1377 1749 1418 se
1793 1359 2050 1421 Romanis
2091 1359 2269 1432 cupiis

681 1458 1075 1527 rircumseptos
1105 1455 1372 1523 viderent,
1404 1454 1660 1525 belloque
1700 1453 1935 1524 impares
1965 1452 2082 1508 fore
2102 1451 2268 1513 intelo

675 1549 933 1618 ligerent,
974 1547 1178 1604 occisis
1215 1546 1541 1619 conjugibus
1584 1559 1649 1602 ac
1679 1544 1889 1609 liberis,
1938 1542 1993 1598 in
2023 1542 2269 1600 ﬂammas

678 1657 803 1699 sese
834 1641 1205 1712 proiecerunt.
1237 1638 1343 1708 Qui
1370 1654 1500 1697 vero
1530 1637 2043 1710 prteocenpantibus
2070 1636 2272 1693 Roma-

2369 421 2512 475 inter
2540 416 2820 473 naturales
2839 414 2956 486 ejus
2980 413 3121 470 filios
3150 412 3356 481 factus,
3390 411 3627 483 primum
3656 406 3983 466 coluerech

2368 528 2529 583 suos,
2576 512 2628 566 id
2676 521 2790 576 est,
2829 508 3197 580 Hiempsalem
3244 509 3480 572 occidit,
3520 507 3542 539 ⁸
3583 504 3984 568 Adherbalem,

2368 606 2514 662 bello
2558 606 2803 671 victum,
2853 603 3037 660 Africa
3087 602 3318 673 expulit.
3369 601 3722 672 Calpurnium
3781 597 3986 654 deinde

2367 702 2652 758 consulem
2681 698 2972 756 adversum
3017 712 3079 755 se
3120 698 3373 763 missum,
3417 696 3649 768 pecunia
3687 694 3982 764 eorrupit,

2367 803 2530 867 atque
2551 793 2619 850 ad
2642 791 2990 863 turpissimos
3008 791 3357 849 conditiones
3375 789 3528 863 pacis
3548 788 3800 846 adduxit.
3827 787 3983 844 Prm-

2371 897 2518 945 terea
2545 903 2669 946 eum
2702 887 2927 944 Romam
2957 887 3075 960 ipse
3110 886 3133 920 '
3162 886 3425 955 venisset,
3448 884 3712 943 omnibus
3737 882 3980 954 pecunia

2368 993 2463 1038 aut
2505 983 2809 1054 corruptis,
2841 989 2938 1038 aut
2978 980 3282 1051 attentatis,
3325 977 3629 1038 seditiones
3671 977 3995 1034 dissensio-

2369 1092 2578 1148 nesque
2601 1073 2920 1147 permiscuit
2942 1091 2957 1129 :
2980 1074 3004 1107 ⁸
3029 1088 3338 1144 quamcum
3368 1071 3752 1144 egrederetur,
3784 1068 3986 1126 infami

2371 1169 2506 1226 satis
2555 1170 2762 1226 notavit
2802 1169 3020 1242 elogio,
3071 1168 3301 1226 dicens:
3331 1167 3380 1222 0
3425 1167 3607 1224 urbem
3649 1164 3894 1221 venale»:
3937 1172 3994 1220 et

2371 1272 2576 1320 mature
2612 1263 2925 1337 perituram,
2956 1261 3002 1318 si
3031 1271 3314 1334 emptorem
3344 1260 3596 1316 invenerit
3615 1259 3642 1314 .'
3669 1256 3994 1329 Iuchuenti

2371 1370 2519 1411 anno
2565 1354 2632 1411 Α.
2678 1355 3050 1422 Postumium,
3106 1353 3367 1409 Postumii
3420 1351 3670 1409 consulis
3716 1352 3994 1413 fratrem,

2371 1463 2534 1519 quem
2563 1447 2608 1503 is
2638 1449 2658 1479 "
2691 1447 3049 1518 quadraginta
3078 1447 3311 1502 millium
3335 1454 3684 1502 armatorum
3709 1443 3996 1501 exercitui

2370 1539 2720 1610 praefecerat,
2748 1539 2892 1611 apud
2920 1539 3199 1595 Calamam
3229 1582 3244 1605 ,
3277 1538 3468 1595 urbem
3503 1537 3778 1594 thesauris
3813 1539 4000 1610 regiis

2374 1635 2539 1709 322
2568 1635 2806 1691 conditis
2851 1634 3152 1690 inhiantem
3184 1633 3330 1690 bello
3374 1635 3690 1704 oppressit:
3722 1635 3748 1667 ⁸
3781 1622 3996 1702 cuique

681 1736 767 1790 nis
796 1734 1118 1806 peragendic
1152 1743 1280 1790 tunc
1311 1733 1501 1790 mortis
1533 1747 1646 1789 sua:
1673 1731 1886 1802 copiam
1933 1745 2038 1786 non
2070 1728 2277 1785 ltabuc-
2309 1726 2351 1787 Β
2383 1731 2522 1786 victo
2551 1729 3126 1800 iguominiosissimum
3158 1728 3335 1787 lendus
3363 1731 3386 1763 ⁸
3411 1727 3590 1800 exegit
3611 1770 3628 1793 ,
3661 1728 3992 1784 universam

683 1838 830 1895 rant,
855 1828 1108 1899 captique
1131 1825 1372 1895 fuerant,
1395 1826 1485 1880 alii
1510 1825 1679 1890 ferro,
1709 1823 1802 1879 alii
1831 1821 2150 1892 suspendio,
2178 1821 2272 1877 alii

674 1922 945 1992 abnegato
972 1919 1094 1977 cibo
1121 1933 1249 1977 sese
1287 1923 1788 1989 consumpserunt:
1835 1917 2128 1985 nullusque
2153 1929 2270 1969 om-

672 2013 802 2067 nino
826 2011 910 2066 Vel
942 2011 1208 2083 parvulus
1228 2009 1523 2082 superfuit,
1559 2008 1602 2042 "
1629 2008 1724 2081 qui
1766 2009 2047 2065 servitutis
2083 2006 2271 2064 condi-

616 2091 621 2096 ’
673 2104 882 2161 tionem
911 2104 1037 2160 vitae
1061 2118 1251 2164 amore
1284 2102 1571 2159 toleraret.

1177 2239 1337 2313 321
1370 2237 1598 2296 CAPUT
1636 2236 1758 2295 xv.

671 2353 751 2411 De
780 2353 916 2410 bello
938 2352 1361 2424 Jugurtltinotin
1390 2370 1491 2424 qua
1523 2351 1747 2407 Romani
1771 2352 1909 2407 varie
1933 2367 2048 2407 cum
2073 2349 2272 2424 Jugur-

977 2423 1070 2480 tfta
1099 2441 1219 2500 rrge
1256 2423 1609 2479 Numidarum
1640 2432 1964 2496 pugnarunt.

749 2567 767 2597 ¹
797 2565 956 2621 Anno
1003 2566 1072 2621 ab
1122 2563 1267 2623 Urbe
1320 2564 1534 2620 condita
1587 2579 1850 2630 ucxxxrx,
1906 2562 1967 2622 Ρ.
2014 2559 2270 2634 Scipione

676 2659 872 2717 Nasica
897 2667 951 2715 et
977 2659 1036 2716 L.
1062 2659 1364 2730 Calpurnio
1397 2658 1577 2714 Bestia
1619 2652 1955 2729 consulibus,
1990 2657 2270 2730 Jugurtha:

670 2753 1027 2810 Numidarum
1050 2754 1164 2825 regi
1195 2753 1399 2810 bellum
1425 2768 1694 2810 consensu
1721 2753 1902 2824 populi
1927 2753 2154 2808 Romani
2185 2768 2273 2809 se-

670 2856 831 2903 natus
859 2846 1072 2902 indixit.
1089 2847 1197 2903 Sed
1220 2862 1324 2918 ego
1349 2846 1419 2904 de
1439 2845 1704 2920 Jugurtha
1726 2847 1936 2906 ordinis
1959 2855 2168 2904 tantum
2190 2848 2272 2904 lo-

669 2955 760 3009 eo,
791 2949 846 2996 et
879 2953 1040 3002 causa
1068 2939 1636 3007 commemorationis,
1667 2939 1907 3007 breviter
1937 2941 2272 3012 perstrinxe-

671 3035 775 3090 rim
808 3077 824 3101 ,
881 3035 1002 3104 quia
1035 3044 1092 3090 ut
1138 3035 1207 3090 de
1246 3042 1436 3090 natura
1470 3033 1589 3105 ejus
1632 3034 1783 3090 varia
1823 3044 1984 3103 atque
2013 3033 2272 3101 intolera-

2325 1875 2342 1882 _.
2374 1839 2515 1896 pene
2544 1823 2784 1880 Africam
2812 1821 3132 1901 aRomanis
3170 1821 3544 1890 deftcientcm,
3584 1821 3628 1856 ¹⁰
3667 1836 3842 1892 regno
3883 1835 3996 1877 suo

2369 1917 2570 1988 junxit.
2615 1915 2809 1972 Postea
2852 1923 3035 1973 tamen
3065 1912 3267 1973 Metelli
3295 1914 3540 1972 consulis
3583 1915 3902 1984 integritate
3936 1922 3998 1968 et

2373 2007 2664 2079 disciplina
2705 2007 3007 2071 coercitus,
3052 2005 3268 2062 duobus
3312 2008 3478 2062 etiam
3523 2004 3730 2078 prastiis
3781 2005 3994 2068 victus,

2371 2100 2504 2156 vidit
2535 2108 2804 2171 prtescnte
2822 2115 2884 2156 se
2911 2108 2967 2156 et
2994 2099 3200 2155 vastati
3243 2097 3550 2155 Numidiam
3597 2112 3754 2153 suam
3780 2107 3837 2152 et
3860 2111 3982 2153 rr-u

2372 2207 2536 2264 posse
2564 2191 2779 2249 defendi
2806 2211 2822 2248 :
2852 2208 2882 2247 a
2913 2207 3023 2264 quo
3043 2191 3110 2247 ad
3134 2191 3466 2248 deditionem
3489 2198 3735 2255 coactus,
3752 2198 3989 2246 trecen-

2372 2297 2456 2343 tos
2479 2285 2699 2345 obsides
2723 2284 2896 2352 dedit,
2950 2285 3282 2341 frumentum
3309 2294 3475 2355 atque
3517 2283 3656 2337 alios
3704 2296 3994 2339 commea-

2373 2390 2460 2438 tus
2515 2381 2926 2453 persoluturum
2971 2395 3096 2438 scse
3136 2379 3461 2450 spopondit,
3495 2378 3535 2410 ¹¹
3569 2377 3674 2433 tria
3719 2375 3992 2449 perfuga-

2373 2490 2495 2530 rum
2536 2475 2768 2546 amplius
2798 2472 2966 2530 millia
2994 2471 3249 2529 reddidit.
3305 2469 3443 2526 Exiu
3471 2484 3597 2525 eam
3646 2471 3691 2501 "
3732 2470 3986 2525 incertm

2386 2566 2442 2622 in
2475 2581 2606 2639 paco
2636 2564 2914 2638 improbos
2935 2580 3042 2621 non
3067 2564 3110 2597 "
3130 2564 3408 2619 cohiberet
3428 2575 3714 2626 excursus,
3735 2561 3801 2616 C.
3821 2560 3989 2618 Marii

2372 2661 2643 2724 consulis,
2675 2676 2782 2716 non
2819 2659 3028 2716 minore
3059 2673 3196 2730 peuc
3221 2673 3385 2730 quam
3418 2657 3537 2728 ipse
3565 2654 3833 2727 praeditus
3864 2666 3990 2712 erat

2370 2755 2593 2819 astutia,
2634 2752 3008 2824 Romanisque
3044 2751 3257 2808 viribus
3302 2748 3510 2807 fractus
3551 2757 3638 2804 est
3680 2763 3698 2804 :
3738 2749 3992 2805 maxime

2373 2859 2657 2921 postquam
2714 2847 2915 2903 Marius
2963 2845 3155 2902 urbem
3203 2843 3248 2877 “
3295 2843 3561 2914 Capsam,
3623 2843 3694 2898 ab
3743 2843 3990 2901 llercule

2374 2942 2632 3000 Plttnniec
2657 2939 2740 3013 (ut
2759 2939 2968 3014 ferunt)
2994 2937 3288 3006 conditam,
3308 2936 3474 3008 regiis
3495 2935 3539 2969 “
3559 2945 3688 2993 tunc
3705 2935 3990 2994 thesauris

2373 3034 2860 3103 confertissimam,
2885 3031 3013 3089 dolo
3042 3029 3406 3087 circumvenit
3429 3039 3485 3086 ct
3509 3029 3672 3101 cepit.
3708 3028 3987 3088 Difﬁdens

673 3128 791 3195 lllll,
814 3126 891 3183 ita
914 3126 1064 3184 etde
1090 3127 1253 3183 rebus
1274 3136 1381 3182 tam
1403 3126 1611 3193 dolose,
1637 3142 1798 3198 quam
1821 3136 2044 3184 strenue
2070 3129 2260 3198 gestis,
2292 3124 2340 3192 C
2368 3129 2565 3185 deinde
2583 3127 2629 3162 “
2651 3127 2885 3199 propriis
2916 3127 3076 3184 rebus
3091 3136 3147 3184 et
3167 3125 3375 3181 viribus
3396 3123 3659 3195 Jugurtha
3681 3167 3698 3193 ,
3739 3125 3989 3182 societa-

676 3233 900 3294 proptcr
922 3225 1162 3293 opimam
1192 3222 1522 3294 scriptorunt
1555 3221 1908 3279 luculentiam
1938 3223 1960 3254 ³
1989 3221 2124 3277 satis
2150 3221 2267 3279 suf-

676 3314 868 3373 ﬁciens
916 3315 1060 3387 apud
1107 3329 1298 3386 omnes
1345 3314 1539 3375 notitia
1588 3323 1691 3372 est.
1747 3313 1916 3387 igitur
1964 3314 2263 3386 ‘Jugurtlta,

2373 3231 2482 3279 tem
2502 3236 2624 3278 cum
2655 3218 2871 3278 Boccho
2892 3219 3202 3276 Maurorum
3227 3233 3354 3289 rege
3385 3216 3538 3287 fecit,
3553 3217 3710 3288 cujus
3731 3218 3990 3290 equitatu

2370 3315 2426 3374 in
2439 3315 2762 3373 immensum
2779 3324 2992 3385 auctus,
3008 3313 3308 3372 Iarianum
3319 3312 3616 3371 exercitum
3629 3311 3994 3372 creberrimis

1968 3429 2424 3489 HAVERCAMPI
2461 3430 2696 3488 ΝΟΤΛΕ.

747 3549 804 3622 5.
845 3547 1215 3622 Superstratis.
1241 3550 1410 3616 Meus,
1447 3549 1795 3622 superductis.

747 3621 802 3677 6.
847 3620 1122 3678 Instruxit.
1167 3623 1335 3684 Meus,
1389 3620 1701 3679 construxit.
1749 3620 2003 3679 l’erizou.
2057 3628 2114 3676 et
2153 3620 2263 3677 duo

674 3693 970 3755 Florentt..
999 3695 1205 3748 struxit.
1243 3693 1349 3748 Sed
1378 3692 1646 3760 Longula,
1680 3694 1949 3747 instruxit.

747 3764 802 3819 7.
842 3765 1094 3820 Conserta
1115 3782 1310 3836 pugna.
1337 3765 1742 3836 l‘ugnatuutrt-st
1765 3768 1902 3836 apud
1929 3763 2126 3818 ﬂumen
2154 3763 2265 3818 l-a-

677 3852 792 3892 rtm
817 3835 1121 3892 ante'diem'
1149 3835 1200 3891 vt
1245 3835 1317 3893 id.
1360 3836 1587 3908 August.
1633 3835 1840 3892 Plinius
1872 3835 2014 3892 libro
2047 3851 2146 3904 vlt,
2181 3851 2271 3892 ca-

677 3910 790 3962 nite
809 3906 899 3962 50.
927 3907 1090 3962 FABR.

715 3910 790 3963 ite
809 3907 899 3962 50.
927 3907 1090 3964 Fxnu.

674 3925 790 3981 ptte
809 3925 899 3962 ou.
927 3925 1090 3964 una.

747 3982 800 4036 8.
843 3978 912 4034 Et
943 3997 1274 4049 prwpropcro
1314 3980 1562 4037 transitu.
1591 3980 1750 4035 Deest
1776 3979 2088 4050 coniunctio
2126 3989 2172 4032 rt
2202 3979 2255 4033 itt

676 4051 766 4108 ed.
798 4055 933 4124 Aug.
969 4067 1064 4120 pro
1104 4054 1344 4107 trmtsitu.
1371 4051 1545 4124 Lugd.
1577 4051 1695 4105 Bal.
1740 4066 1825 4122 pr.
1857 4053 2049 4106 scribit
2079 4067 2256 4106 censu.

2435 3551 2490 3606 5.
2542 3550 2796 3607 chisset.
2831 3551 2959 3607 Mss.
2991 3551 3180 3621 iidem,
3211 3553 3546 3623 pert-ruisset.

2438 3627 2490 3697 ρ.
2538 3624 2725 3697 Quum.
2762 3623 2864 3680 Ed.
2899 3623 3157 3697 Attgust.,
3178 3640 3283 3697 qua
3302 3639 3425 3679 cum
3445 3625 3800 3697 egrederetur.

2441 3695 2503 3766 7.7
2526 3694 2892 3761 Quadraginta
2915 3694 3166 3750 millium.
3197 3694 3290 3766 Sic
3312 3694 3529 3766 repositi
3553 3712 3624 3752 ex
3652 3711 3823 3752 mss.:
3850 3713 3988 3754 nam

2367 3765 2510 3836 quod
2536 3771 2586 3820 tu
2628 3766 2806 3836 vulgg.
2833 3775 2938 3838 est,
2963 3765 3316 3838 quadraginta
3341 3766 3594 3833 millibus,
3625 3768 3853 3826 tolerari
3888 3788 3990 3827 rte-

2368 3840 2482 3908 quit
2513 3845 2736 3910 propter
2756 3837 2990 3910 similem
3017 3837 3228 3900 casum,
3249 3838 3342 3907 qui
3367 3841 3616 3910 sequitur
3637 3842 3927 3896 exercitui.

2444 3910 2497 3982 8.
2515 3907 2522 3908 ⁷
2540 3907 2730 3976 Cuique
2755 3909 2912 3965 victo.
2940 3908 3081 3982 Puto
3109 3924 3234 3965 esse
3257 3907 3609 3982 scribendum
3641 3911 3793 3982 riqre
3816 3913 3987 3978 uicto,

2367 3981 2453 4035 vel
2483 3982 2570 4034 cui
2597 3997 2797 4048 quoque
2821 3982 2974 4035 ricta.
2993 3981 3180 4036 Deleta
3208 3981 3424 4050 capulo.
3449 3982 3670 4038 Veneta:
3701 3981 3827 4039 edd.
3854 4003 3988 4041 euut

2365 4056 2532 4126 prima
2578 4053 2812 4126 malunt,
2846 4057 2928 4106 cui
2957 4054 3252 4126 victo._l’r_o
3295 4055 3574 4126 oppressit,
3607 4055 3701 4109 ed.
3732 4053 3982 4126 August.

747 4125 802 4177 9.
841 4121 1058 4178 centum
1087 4141 1118 4180 ι.
1156 4124 1345 4196 millia.
1392 4121 1489 4178 llic
1533 4138 1810 4196 numerus
1838 4131 1931 4196 est,
1966 4125 2018 4178 in
2053 4124 2261 4196 nostris
2362 4121 2415 4178 et
2445 4123 2614 4196 Lugd.
2640 4124 2755 4177 Btt.
2784 4133 2932 4196 tert.,
2960 4139 3085 4179 cum
3108 4122 3230 4179 Coll
3279 4121 3914 4196 Grimor.,compres£it.

679 4195 1059 4264 Mannscriptis
1082 4195 1359 4251 omnibus.
1391 4196 1577 4250 Livius
1600 4196 1678 4248 ait
1701 4209 1765 4248 ex
1793 4195 1977 4250 Bituiti
2013 4193 2260 4264 exercitu

680 4281 820 4320 eatsa
849 4263 1019 4338 millia
1051 4267 1331 4323 hominum
1357 4283 1484 4322 cxx.
1515 4267 1795 4336 Appianus
1825 4281 2042 4338 quoque
2070 4263 2264 4322 δώδεκα

678 4337 933 4415 animalia;
961 4339 1091 4415 edit.
1123 4339 1290 4415 Eum.

2437 4197 2492 4251 9.
2537 4193 2746 4265 Exegit.
2780 4195 3056 4261 Pcrizoa.,
3085 4197 3327 4250 extorsit.

2571 4265 2752 4342 l_lrgno
2778 4283 2874 4342 suo
2903 4269 3094 4337 iunxit.
3127 4267 3425 4342 Ed._Aug..
3445 4283 3611 4342 regno
3640 4267 3953 4342 subjuua'it.

2442 4335 3062 4412 aLHTriaLperfugarum
3092 4339 3314 4412 amplius
3341 4335 3530 4412 millia:
3567 4341 3642 4395 Ita
3673 4335 3801 4412 cod.
3833 4341 3978 4401 Lou-

751 4407 838 4464 ἆυ.
883 4410 947 4478 ρ.
997 4409 1230 4466 Marcius
1269 4410 1472 4464 consul.
1517 4408 1583 4474 ρ.
1634 4408 1872 4463 Marcius
1917 4407 2029 4480 Rea;
2075 4407 2261 4462 consul
2292 4412 2345 4474 Ι)
2367 4408 2495 4480 gob.
2524 4408 2630 4480 sed
2661 4408 2753 4480 alii
2785 4407 2888 4463 tria
2917 4409 3144 4480 amplius
3178 4407 3356 4465 'miliirt
3395 4411 3477 4467 vel
3509 4412 3611 4467 tria
3643 4411 3813 4470 millia
3856 4433 3982 4473 mrt-

677 4495 800 4534 rum
841 4481 912 4536 Μ.
945 4483 1138 4537 Porcio
1168 4482 1376 4538 Catone
1415 4481 1516 4536 fuit
1559 4497 1704 4536 anno
1733 4496 1961 4538 ccxxxv.
2017 4479 2096 4536 De
2134 4494 2194 4534 re
2230 4493 2262 4534 a

682 4550 885 4606 Marcio
911 4565 1074 4622 gesta,
1104 4555 1287 4610 Livius
1317 4554 1413 4610 lit).
1449 4569 1578 4608 uit.
1611 4553 1776 4608 Faue.

752 4626 840 4678 Η.
882 4625 992 4678 Sub
1012 4628 1212 4681 radice.
1241 4625 1408 4690 Meus,
1442 4627 1536 4680 sub
1558 4625 1847 4680 ratltrilms.

749 4695 838 4768 l2.
881 4695 985 4763 Qui
1029 4700 1315 4762 servitutis,
1357 4711 1482 4768 etc.
1523 4696 1814 4764 Pcrizou.,
1860 4695 1953 4768 qui
1999 4693 2264 4750 seruitutis

679 4767 976 4827 conditione,
1000 4769 1156 4824 vitam
1177 4785 1211 4824 α
1233 4781 1394 4824 morte
1423 4767 1687 4824 liberauit.

746 4837 877 4894 Car.
908 4838 1102 4895 XV.-—
1124 4843 1174 4896 ‘l.
1205 4841 1357 4895 Auno
1382 4839 1446 4894 ab
1487 4837 1614 4895 Urb.
1644 4837 1800 4894 cond.
1844 4853 2101 4896 ncxxxtx.
2128 4835 2268 4894 Aliis

670 4919 757 4965 est
784 4925 959 4966 annus
987 4912 1074 4966 ltic
1101 4928 1298 4969 nescit.
1331 4910 1539 4968 Bellum
1558 4909 1963 4982 Iugurthinum,
1997 4926 2061 4966 es
2087 4910 2266 4967 Sallu-

675 4981 781 5036 stio
809 4993 995 5037 notum
1023 4997 1128 5040 est.
1171 4983 1420 5054 Legenda
1451 4981 1697 5053 Epitoma
1744 4982 1963 5054 Liviana
2008 4997 2129 5037 thv
2158 4996 2264 5054 una

674 5068 796 5108 cum
818 5055 1190 5120 sequentibus.
1218 5052 1274 5110 ιι]
1307 5052 1508 5110 Oresio
1530 5054 1776 5108 invenies
1807 5053 2052 5122 quoniam
2078 5069 2109 5108 a
2140 5052 2266 5110 Sal-

671 5125 834 5179 lustio
863 5141 969 5179 nott
1009 5127 1081 5180 ita
1123 5140 1404 5195 expressa.
1441 5124 1604 5182 FABR.
1633 5125 1780 5181 --ln
1819 5126 1992 5195 Lugd.
2027 5125 2167 5181 Batt.
2212 5124 2264 5178 in

677 5205 803 5252 tert.
833 5197 1077 5266 quidem,
1111 5208 1252 5252 utet
1279 5195 1421 5252 Coll.
1456 5197 1720 5263 Gronov.,
1768 5213 1991 5254 ncxxxn
2034 5197 2264 5267 legitur;

677 5279 732 5320 at
760 5268 812 5321 iu
844 5283 956 5339 sec.
989 5281 1203 5339 quarto,
1239 5269 1482 5323 Pcrizou.
1515 5278 1570 5323 ct
1598 5269 1738 5337 Meo,
1771 5285 1968 5325 uxxxv.

745 5339 802 5391 ‘2.
836 5338 978 5413 satis
1005 5338 1291 5413 sufﬁgicns.
1327 5341 1423 5413 Ed.
1468 5341 1724 5413 August,
1768 5341 2122 5413 satisfaciens.
2161 5340 2268 5397 Pro

679 5410 1080 5481 praetr-inmerita
1114 5409 1257 5467 Flor.
1293 5427 1374 5481 pr.
1410 5411 1570 5468 habet
1598 5409 1914 5468 striurcriml
1947 5412 2068 5468 Mox
2097 5414 2151 5469 itt
2191 5414 2266 5467 ita

677 5479 725 5532 et
750 5479 1184 5542 coniunctionem
1216 5493 1263 5536 et
1285 5479 1429 5538 delet
1453 5481 1598 5538 Flor.
1633 5500 1746 5539 see.

675 5619 691 5674 Ι
730 5553 797 5676 ιδ.
819 5549 1120 5691 Ῑῖωὲῗξᾳιιε.
1140 5553 1288 5613 Meus
1303 5553 1562 5627 lacerasque
1578 5556 1859 5623 institutas,
1883 5554 2024 5612 idem
2044 5558 2154 5629 ejus
2171 5554 2266 5613 dc-

696 5637 725 5676 e
769 5636 838 5675 an
867 5637 895 5674 e
985 5641 1081 5679 tos.

696 5631 751 5676 et
769 5631 895 5675 ante
924 5631 1081 5679 ﬁlios.

743 5693 802 5748 4.
842 5693 1202 5771 Adherbalem.
1231 5699 1366 5761 Tres
1390 5696 1560 5770 Lugd.
1597 5699 1763 5771 Both,
1789 5716 1911 5759 cum
1941 5699 2082 5758 Coli.
2115 5699 2260 5757 Gro-

671 5777 824 5830 nov.,
861 5763 1228 5826 lla-'lcrlmlem.

2369 4479 2529 4552 ptius.
2562 4479 2696 4536 Cod.
2734 4479 3012 4551 Perizou.,
3046 4482 3146 4536 tria
3192 4492 3238 4538 rt
3275 4483 3502 4557 amplius
3527 4483 3698 4538 millia
3727 4489 3986 4563 perfuga-

2369 4569 2534 4711 rmlg.
2575 4623 2814 4713 lnc‘erms
2841 4624 2894 4678 in
2942 4623 3223 4713 pacein.
3253 4623 3484 4713 august.
3537 4625 3700 4713 habet
3733 4645 3983 4713 νει-θρίω

2367 4697 2424 4752 iu
2453 4712 2579 4767 pace
2601 4695 2688 4752 vel
2715 4711 2913 4766 pacem.
2946 4697 3054 4754 Sed
3081 4695 3366 4768 Jugurtha!
3389 4713 3494 4771 pax
3524 4698 3650 4755 data
3681 4716 3790 4756 non
3831 4695 3934 4761 l'uit
3958 4748 3974 4771 ,

2368 4769 2584 4824 Metello
2612 4775 2793 4824 autem
2825 4767 3009 4824 statim
3039 4770 3304 4826 successit
3340 4768 3565 4827 Marius.
3590 4773 3662 4827 At
3700 4770 3973 4833 Jugurtha

2368 4789 2584 4824 alerent)
2612 4789 2793 4824 antem
2825 4789 3009 4824 statim
3039 4789 3304 4826 successu
3340 4789 3565 4827 alantis.
3590 4789 3662 4827 tu
3700 4789 3973 4844 Jugurtha

2368 4842 2481 4918 suis
2507 4838 2716 4918 artibus
2735 4855 2766 4896 a
2797 4837 3014 4918 Metello
3033 4841 3255 4918 petitus,
3287 4843 3814 4918 qttamvis,_lraditis
3846 4863 3974 4918 per-

2369 4912 2532 4984 fugis,
2567 4912 2828 4984 Itactenus
2859 4911 3124 4983 imperata
3147 4910 3388 4984 fecisset,
3414 4913 3614 4970 dillldit
3643 4921 3827 4976 tamen
3846 4910 3980 4978 ’πιθα

2371 4983 2476 5038 rito
2499 4983 2779 5039 Romanis.

2445 5056 2532 5127 15.
2570 5053 2804 5127 Cohibet.
2833 5053 3005 5127 Lugd.
3037 5056 3181 5112 Batt.
3215 5063 3352 5122 tres,
3381 5070 3507 5112 cum
3542 5057 3682 5115 Coll.
3713 5059 3968 5122 Gronov.

2369 5126 2627 5252 ytbtrilrts
2667 5125 2962 5196 FlorenttI,
2991 5127 3072 5184 sic
3099 5128 3344 5186 scribere
3367 5129 3580 5200 jubenl.
3617 5129 3813 5205 Vulgo,
3841 5153 3972 5208 pro-

2389 5217 2422 5253 ll
2460 5216 2544 5254 ere
2574 5239 2586 5252 .

2411 5239 2816 5353 :vlfll'bapsant,
2851 5270 2918 5353 ab
2965 5269 3486 5353 Littrcule__l_‘hmuice.
3509 5271 3780 5353 ‘Ilercules
3809 5276 3972 5352 Libys

2369 5341 2564 5430 dicitur
2591 5341 2939 5430 a_S‘allttstio;
2971 5342 3170 5430 Strabo
3313 5344 3414 5400 ull.
3457 5346 3634 5418 Κάψαν
3658 5349 3717 5405 τὸ
3743 5341 3972 5428 70%;»;-

2369 5415 2535 5491 ).&.z_tpv
2559 5423 2651 5491 1:16
2679 5415 2975 5491 Ἰουγούρθα
3003 5426 3177 5491 vocat.
3213 5415 3379 5491 Faue.

2371 5485 2740 5615 GrziibTuttc.
2790 5485 2964 5548 Abest
3013 5503 3041 5542 a
3089 5489 3261 5545 tribus
3313 5487 3486 5562 Lugd.
3541 5490 3682 5548 llatt.
3731 5499 3789 5550 et
3821 5493 3963 5551 Coll.

2490 5575 2516 5611 fl
2562 5574 2612 5610 ν.

2443 5629 2531 5713 lli.
2575 5628 2812 5705 Propriis
2835 5631 3007 5691 rebus.
3036 5631 3250 5707 Vuigg.,
3284 5639 3334 5691 et
3358 5636 3584 5708 propriis
3619 5637 3797 5710 rebus,
3829 5648 3963 5713 ctc.,

2371 5701 2467 5760 sed
2497 5701 2695 5762 contra
2713 5718 2845 5762 mss.
