4290 6450
659 209 762 269 951

2057 211 2267 274 PAULI
2300 215 2532 280 OROSII

3858 219 3967 279 952

660 327 772 395 pho
798 334 920 381 ante
944 322 1105 398 325
1125 336 1347 381 currum
1372 336 1494 382 cum
1526 322 1741 384 duobus
1777 323 1904 383 liliis
1927 325 2043 384 suis
2074 336 2250 395 actus,
2278 330 2335 394 Δ
2356 334 2567 402 consul,
2601 332 2658 391 iu
2684 331 2861 392 Gallia
2884 331 3183 405 Tigurinus
3202 373 3220 401 ,
3248 331 3296 367 "
3322 345 3498 406 usque
3525 330 3810 392 Oceanum
3836 347 3968 406 per-

662 421 709 452 ³³
730 429 783 475 ει
805 435 927 474 mox
943 421 995 473 in
1013 432 1237 475 carcere
1251 418 1621 490 strangulatus
1638 428 1741 476 est.
1775 418 1822 452 “
1839 419 2040 477 Iisdem
2061 420 2257 477 diebus

660 515 956 569 obscenum
990 512 1292 583 prodigium
1331 524 1397 566 ac
1433 511 1593 568 triste
1614 511 1790 570 visum
1817 520 1921 568 cst.
1959 511 2007 546 ³⁵
2030 512 2096 569 L.
2125 511 2263 581 εἰει-ν

658 611 802 679 vius,
838 622 1007 678 eques
1033 607 1331 675 Romanus,
1350 622 1475 663 cum
1488 622 1659 664 uxore
1685 616 1743 664 et
1764 607 1897 676 lilia,
1920 608 1969 642 ³⁸
1987 608 2057 666 de
2084 609 2259 666 Roma

659 707 715 759 in
749 702 999 773 Apuliam
1050 700 1299 765 rediens,
1330 710 1660 773 tempestate
1689 710 2007 773 correptus,
2042 717 2168 760 cum
2197 702 2263 759 ll-

660 799 789 855 liam
822 802 1230 854 consternatam
1258 793 1507 861 videret,
1530 803 1592 852 ut
1616 794 1780 853 citius
1808 795 2156 867 propioribus
2180 805 2261 855 tc-

660 892 767 946 ctis
822 887 1213 953 succederent,
1255 886 1463 942 relictis
1504 886 1773 943 vehiculis
1827 886 1885 919 "
1920 885 2262 959 arreptisque

659 984 838 1053 equis,
866 980 1031 1036 filiam
1064 979 1352 1050 virginem,
1384 992 1528 1049 equo
1554 978 1913 1048 insidentem,
1943 978 1998 1034 in
2023 977 2261 1036 medium

660 1088 855 1145 agmen
887 1071 1121 1141 accepit.
1144 1069 1191 1103 ³⁸
1215 1069 1405 1147 Puella
1434 1070 1696 1126 continuo
1726 1070 1835 1126 ictu
1862 1068 2108 1127 fulminis
2136 1085 2262 1127 exa-

662 1169 870 1224 nimata
898 1174 1005 1223 est.
1039 1164 1146 1220 Sed
1176 1163 1433 1219 omnibus
1462 1164 1585 1219 sine
1619 1163 1857 1219 scissura
1891 1161 2069 1233 aliqua
2098 1162 2265 1220 vesti-

666 1260 874 1318 mentis
899 1257 1192 1327 ademptis,
1220 1269 1287 1311 ac
1309 1254 1540 1326 pectoris
1565 1254 1873 1326 pedumque
1900 1254 2127 1311 vinculis
2148 1254 2262 1311 dis-

669 1350 899 1417 solutis,
939 1346 1233 1404 monilibus
1268 1345 1431 1402 etiam
1462 1345 1785 1416 aunulisque
1812 1344 2106 1415 discussis,
2140 1344 2264 1417 ipso

666 1457 885 1514 quoque
910 1455 1144 1511 corpore
1184 1438 1362 1495 illazso
1381 1479 1398 1507 ,
1429 1438 1534 1494 nisi
1565 1438 1711 1509 quod
1740 1438 2041 1495 obscenum
2067 1439 2123 1496 in
2149 1455 2270 1497 mo-

665 1538 793 1592 dum
819 1536 987 1601 nuda,
1012 1544 1070 1591 ct
1090 1533 1271 1604 lingua
1292 1531 1571 1603 paululum
1596 1531 2020 1603 essertajacuit,
2038 1532 2269 1604 “equus

2359 437 2580 485 secutus
2596 470 2612 497 ,
2639 442 2967 499 rursumque
2986 426 3059 484 ab
3070 426 3278 485 eisdem
3300 427 3515 485 insidiis
3527 428 3966 498 circumventus,

2359 522 2575 595 occisus
2603 530 2711 578 est.
2741 519 2792 555 “
2815 520 3020 578 Lucius
3051 534 3274 593 quoque
3312 521 3459 589 Piso,
3496 521 3585 580 vir
3619 523 3967 591 consularis,

2358 613 2570 685 legatus
2588 611 2766 669 Cassii
2796 612 3063 681 consulis,
3092 611 3138 646 "
3158 612 3500 671 interfectus.
3516 613 3565 648 ⁸⁸
3576 614 3638 671 C.
3672 614 3966 687 Popillius,

2358 702 2501 760 alter
2526 704 2772 777 legatus,
2799 716 2869 760 ne
2906 702 3126 760 residua
3162 703 3441 760 exercitus
3480 705 3706 774 portio,
3742 720 3875 776 qua:
3918 706 3976 761 in

2361 801 2539 852 castra
2587 793 2945 867 confugerat,
2976 794 3288 863 deleretur,
3326 794 3553 853 obsides
3578 804 3639 852 et
3677 794 3978 854 dimidiam

2362 900 2572 961 partem
2600 904 2787 946 rerum
2823 888 3068 944 omnium
3095 887 3380 960 Tigurinls
3405 888 3730 959 turpissimo
3760 888 3981 946 fodere

2362 980 2536 1047 dedit,
2567 981 2658 1052 qui
2689 979 2917 1036 Romam
2950 992 3210 1036 reversus
3228 1021 3247 1047 ,
3278 994 3310 1036 a
3336 978 3514 1036 Caelio
3544 979 3767 1036 tribuno
3794 979 3982 1051 plebis

2362 1074 2457 1131 die
2494 1074 2662 1141 dicta,
2710 1086 2781 1129 eo
2822 1072 2969 1143 quod
3025 1072 3305 1143 Tigurinis
3347 1071 3571 1129 obsides
3618 1072 3891 1139 dederat,
3924 1074 3980 1128 in

2364 1165 2620 1223 exsilium
2652 1162 2909 1236 profugit,
2937 1162 2983 1198 δ’
3010 1162 3199 1234 Cit-pio
3234 1154 3601 1234 proconsule,
3636 1172 3803 1235 capta
3842 1162 3985 1219 urbe

2366 1257 2688 1323 Gallorum;
2719 1255 2809 1313 cui
2840 1268 3043 1312 nomen
3078 1263 3166 1311 est
3202 1253 3440 1322 Tolosa,
3475 1254 3525 1288 ⁸⁸
3561 1262 3784 1312 centum
3829 1255 3985 1312 mille

2367 1350 2549 1422 pondo
2596 1349 2741 1414 auri,
2770 1355 2831 1404 et
2855 1347 3070 1420 argenti
3102 1357 3328 1403 centum
3367 1356 3428 1405 et
3471 1346 3664 1405 decem
3712 1346 3916 1414 mille.
3950 1360 3986 1404 c

2369 1443 2575 1513 templo
2603 1440 2872 1512 Apollinis
2908 1438 3131 1496 sustulit
3159 1438 3345 1510 :quud
3385 1454 3512 1496 cum
3534 1438 3606 1495 ad
3632 1437 3943 1495 lassiliam
3964 1478 3985 1504 ,

2368 1535 2596 1591 amicam
2625 1532 2832 1604 popqu
2857 1531 3103 1588 Romano
3138 1530 3333 1586 urbem
3354 1570 3374 1597 ,
3401 1545 3529 1587 cum
3557 1529 3843 1603 pmidiis
3871 1528 3985 1586 tli-

664 1641 883 1698 qnoquc
922 1627 1069 1696 ipse,
1109 1639 1218 1695 quo
1264 1622 1520 1679 utebatur
1541 1662 1561 1689 ,
1591 1622 1639 1655 δ’
1674 1626 1928 1679 straturis
1950 1664 1965 1689 ,
2009 1623 2179 1682 frenis
2214 1634 2271 1681 et
2368 1627 2563 1694 sisset.
2595 1625 2900 1684 interfectis
2928 1625 3070 1682 clam
3102 1624 3287 1698 (sicut
3310 1622 3535 1696 quidam
3558 1622 3987 1697 coulestantur)

667 1717 904 1788 cingulis
947 1713 1231 1770 dissolutis
1282 1713 1488 1784 passim
1538 1726 1605 1769 ac
1651 1712 1953 1783 dispersis,
1991 1713 2267 1772 exanimis
2292 1719 2344 1782 Β
2368 1718 2567 1791 quibus
2599 1733 2666 1775 ea
2697 1716 3058 1775 custodienda
3085 1727 3145 1774 et
3182 1714 3534 1788 pervebeuda
3578 1716 3980 1783 commiserat,

668 1808 865 1881 procul
883 1806 1078 1875 jacuit.
1110 1802 1291 1860 Parvo
1322 1814 1445 1874 post
1471 1802 1639 1859 hoc“
1672 1804 1977 1862 intercessu
2010 1807 2272 1876 temporis
2367 1820 2564 1867 cuncta
2602 1823 2704 1881 per
2752 1808 2938 1865 scelus
2989 1807 3203 1864 furatus
3252 1805 3425 1864 fuisse
3471 1813 3729 1863 narratur
3768 1825 3787 1864 :
3832 1805 3983 1863 unde

669 1902 714 1935 δ’
745 1900 811 1957 L.
844 1899 1103 1955 Veturius
1121 1938 1136 1964 ,
1165 1912 1338 1968 eques
1356 1895 1658 1968 Romanus,
1686 1897 1960 1954 IEmiliam
1975 1898 2143 1973 326
2162 1900 2273 1955 vir-

668 1997 852 2068 ginem
877 1992 1148 2049 Vestalem
1180 1989 1387 2047 furtivo
1426 1999 1615 2062 stupro
1647 1991 1859 2061 polluit.
1882 1990 1932 2023 “
1964 1992 2104 2047 Duas
2132 2007 2271 2062 prte-

673 2099 824 2144 terca
850 2086 1087 2156 virgines
1122 2082 1367 2139 Vestales
1393 2082 1585 2140 eadem
1621 2082 1844 2140 Emilia
1873 2083 1941 2140 ad
1981 2084 2274 2156 participa-

668 2181 873 2234 tionem
901 2174 1097 2231 incesti
1123 2173 1443 2230 sollicitatus
1464 2216 1481 2243 ,
1509 2174 1999 2231 contubernalibus
2025 2174 2109 2231 sui
2138 2189 2269 2232 cor-

673 2268 915 2340 ruptoris
959 2266 1212 2337 exposuit
1250 2280 1317 2321 ac
1353 2264 1596 2322 tradidit.
1640 2264 1848 2322 indicio
1897 2281 1997 2337 per
2046 2281 2265 2324 servum

672 2360 841 2427 facto,
872 2356 1199 2429 supplicium
1235 2355 1308 2413 de
1339 2355 1595 2412 omnibus
1622 2365 1899 2428 sumptum
1935 2366 2038 2413 est.
2069 2356 2267 2415 Iisdem

672 2464 940 2525 praeterea
983 2450 1296 2523 Jugurtbini
1340 2449 1473 2509 belli
1500 2450 1837 2523 temporibus
1867 2450 1915 2483 “
1947 2451 2012 2509 L.
2047 2450 2269 2509 Cassius

2366 1903 2534 1961 etiam
2563 1914 2756 1974 magna
2781 1900 3021 1973 questio
3048 1898 3387 1972 postilena
3414 1898 3461 1933 ⁸⁸
3489 1907 3612 1956 acta
3636 1907 3750 1958 est.

2855 2033 3018 2108 337
3057 2029 3285 2091 eaeor
3323 2030 3471 2089 xvr.

2375 2175 2456 2234 De
2502 2176 2636 2231 bello
2682 2173 3039 2231 Romanorum
3084 2170 3337 2226 adversus
3381 2166 3640 2235 Cimbros,
3684 2167 3978 2236 Teutonos,

2444 2246 2679 2318 aliasque
2724 2254 2902 2318 gentes
2930 2250 3078 2318 gesto
3101 2242 3141 2318 Δξ’
3170 2240 3259 2318 ubi
3291 2250 3356 2318 et
3381 2240 3536 2318 uarie
3570 2241 3838 2313 utrimque
3882 2257 3985 2313 pu-

2442 2310 2678 2391 gnarunt,
2708 2310 2799 2373 εἶά
2824 2310 2984 2371 Marii
3020 2312 3285 2369 industria
3310 2310 3537 2368 Romani
3557 2310 3899 2382 superarunt}

2447 2453 2465 2486 ι
2493 2452 2653 2509 Anno
2679 2451 2750 2508 ab
2769 2449 2920 2508 Urbe
2956 2446 3174 2506 condita
3203 2461 3412 2516 aestu,
3438 2443 3505 2504 C.
3528 2447 3551 2479 ⁸
3577 2444 3819 2504 Haulius
3844 2461 3980 2505 cou-

1960 2563 2415 2623 IIAVERCAMPI
2450 2564 2687 2625 NOTE.

750 2683 843 2740 53.
876 2681 947 2736 Et
977 2697 1101 2737 mox
1133 2681 1191 2736 in
1214 2696 1439 2753 carcere.
1468 2680 1923 2753 Conjunctionem
1953 2688 2002 2734 et
2030 2696 2099 2753 ex
2129 2695 2262 2753 mss.

681 2754 971 2820 omnibus,
999 2754 1328 2824 astipulante
1356 2752 1444 2808 ed.
1488 2751 1627 2822 Aug.
1652 2752 2019 2824 reposuimus.
2052 2752 2110 2807 In
2140 2751 2269 2821 ﬁliis

684 2826 794 2881 suis
823 2822 1193 2895 posteriorem
1213 2838 1401 2895 vocem
1430 2824 1676 2895 quasdam
1703 2822 2062 2895 edd._4delent.

752 2892 844 2950 34.
880 2893 1073 2948 Iisdem
1094 2894 1271 2947 diebus
1314 2892 1589 2949 obscenum
1624 2895 1775 2962 prod.
1818 2892 1935 2950 Hoc
1963 2892 2273 2963 prodigium

678 2965 919 3021 triennio
956 2975 1091 3035 ante
1154 2964 1356 3020 bellum
1411 2964 1794 3035 Jugurtbinum
1855 2965 2070 3029 evenit,
2126 2965 2270 3019 Man.

680 3037 855 3093 Acilio
876 3034 1068 3101 Balbo,
1105 3035 1165 3090 C.
1198 3034 1395 3090 Porcio
1420 3034 1626 3092 Catone
1650 3050 1794 3091 coss.
1826 3049 1971 3090 anno
1996 3050 2235 3090 ncxxxtx
2254 3076 2272 3103 ,

686 3116 749 3164 ut
768 3107 960 3176 scribit
985 3105 1325 3176 Obsequens.
1360 3106 1529 3161 Fssu.

754 3180 845 3234 55.
879 3175 943 3230 L.
976 3175 1230 3242 Heluius,
1267 3192 1420 3245 eques
1465 3178 1755 3233 Romanus.
1799 3176 1974 3247 Vulgo
2012 3176 2277 3233 mendose

686 3256 879 3319 contra
901 3248 1142 3319 omnium
1161 3256 1414 3319 veterum
1445 3248 1704 3319 librorum
1737 3253 2115 3304 auctoritatem
2144 3248 2279 3319 legi-

689 3331 799 3385 tur,
827 3318 893 3372 L.
933 3315 1139 3388 Elius.
1186 3316 1389 3373 Eadem
1422 3320 1616 3388 injuria
1648 3318 1843 3375 Helvio
1875 3320 2015 3374 facta
2044 3326 2165 3388 erat
2201 3315 2277 3374 ab

692 3390 847 3444 Αέιὶο
877 3387 1015 3457 apud
1062 3388 1272 3443 Livium
1322 3389 1421 3443 lib.
1458 3387 1631 3453 sxxii,
1681 3405 1840 3459 quam
1887 3387 2162 3457 Sigonius,
2196 3392 2279 3444 vir

691 3460 992 3516 acerrimus
1014 3460 1066 3513 iu
1091 3460 1398 3527 liujusmodi
1425 3462 1684 3516 monstris
1703 3460 2079 3525 conficiendis,
2104 3460 2279 3515 vindi-

2371 2680 2578 2737 Scribit
2599 2678 2824 2734 Burrum
2848 2676 3121 2735 incestum
3145 2689 3271 2733 cum
3292 2672 3517 2730 [Eruitur
3542 2675 3733 2732 vestali
3754 2676 3975 2733 fecisse.

2370 2751 2438 2808 Τ.
2462 2750 2699 2807 Betutius
2724 2749 2941 2815 Barrus,
2976 2746 3287 2820 Ascalonita,
3308 2746 3416 2803 illis
3436 2747 3782 2819 temporibus
3805 2764 3979 2820 agito-

2371 2825 2544 2880 scitur
2574 2837 2607 2876 a
2634 2821 2899 2877 Cicerone
2924 2820 2979 2875 in
3006 2818 3197 2875 Bruto.
3218 2816 3389 2874 ann.

2445 2894 2537 2949 43.
2573 2892 2717 2947 Duas
2738 2898 2991 2965 prieterea
3024 2888 3288 2965 uirgines._
3308 2888 3567 2965 Liciniam
3596 2886 3977 2965 etullareianr,

2377 2965 2656 3020 Plutarch.
2695 2959 2751 3020 εί
2775 2963 2896 3019 Liv.
2926 2961 3024 3017 lib.
3062 2959 3225 3026 Laut,
3260 2960 3463 3016 Ascon.
3507 2960 3564 3016 iu
3601 2959 3973 3019 Milonianam.

2378 3036 2545 3092 ΕΔΜ.

2448 3106 2539 3162 44.
2574 3103 2638 3159 ι..
2660 3103 2875 3159 Cassius
2902 3101 3106 3158 consul.
3132 3098 3355 3157 Cassius
3379 3101 3571 3157 consul
3600 3116 3725 3158 cum
3753 3103 3822 3160 ο.
3858 3104 3981 3161 lla-

2377 3177 2463 3232 rio
2487 3190 2631 3232 anno
2658 3189 2851 3230 nomn
2883 3174 2937 3229 in
2968 3172 3145 3244 Gallia
3187 3188 3219 3227 a
3245 3172 3532 3244 r'l‘igurinis
3580 3174 3797 3230 occisus
3839 3174 3974 3244 fuit,

2378 3248 2501 3304 Liv.
2535 3248 2627 3303 lib.
2657 3261 2759 3302 uv
2778 3287 2793 3313 ,
2819 3244 3007 3300 Caesar
3043 3243 3141 3301 lib.
3169 3257 3187 3299 ι
3220 3243 3291 3299 de
3312 3243 3460 3299 bello
3478 3244 3706 3299 Gallico.
3732 3244 3919 3304 Faus.‘

2454 3318 2549 3375 45.
2599 3318 2773 3388 Usque
2817 3315 3109 3388 Oceanum.
3159 3314 3258 3388 Sic
3299 3324 3489 3388 amant
3544 3330 3679 3371 mss.
3731 3318 3981 3376 melioris

2381 3399 2526 3447 notua
2552 3384 2765 3443 omnes.
2788 3387 2979 3457 Vulgo,
3011 3402 3171 3457 usque
3188 3384 3258 3438 ad
3291 3384 3575 3457 Occurrunt.

2452 3460 2546 3515 46.
2576 3459 2765 3513 Lucius
2782 3455 2986 3529 quoilue
3007 3455 3155 3529 Piso.
3188 3458 3334 3529 Arus
3355 3455 3655 3529 LLPisouis
3674 3455 3977 3527 Casauiui,

691 3500 992 3586 animi"
1012 3500 1398 3599 anagnia:
1422 3500 1686 3600 ὗὲὖὶίἷέῖἰέ
1704 3500 2280 3601 ”ἱ>ἳὶἱῖῥὲἑὲιέ’”ὶιεὶιὶῖιὲε
2308 3500 2354 3564 C
2388 3500 2849 3599 ίηίιῖἱρῖἶῖἓῖἑιὶέῖ
2868 3500 3160 3601 Ciceronis
3176 3500 3566 3601 ιιι-διίοῗιιίιὶὶῖ

691 3604 889 3657 vitioso
927 3601 1110 3672 priore
1152 3602 1373 3655 nomine
1418 3603 1633 3672 legitur.
1670 3601 1917 3656 Helvium
1956 3612 2103 3657 recte
2142 3603 2285 3656 hunc

694 3671 969 3727 nominari
997 3672 1160 3726 etiam
1189 3685 1255 3726 ex
1285 3671 1689 3739 Qumsttouibus
1710 3672 1971 3726 Romanis
2009 3672 2283 3726 Plutarchi

692 3744 1042 3811 cognoscitur
1074 3758 1086 3795 :
1119 3740 1212 3795 ubi
1237 3744 1387 3813 virgo
1406 3742 1522 3797 haec
1546 3742 1769 3797 fulmine
1799 3744 2085 3798 icta‘E).6ia
2112 3747 2285 3796 nomi-

696 3818 883 3867 natur.
914 3814 1179 3866 Diaconus
1217 3813 1319 3867 Itoc
1350 3815 1650 3883 prodigium
1680 3829 1804 3869 cum
1844 3814 2128 3883 Ciceronis
2160 3828 2209 3867 οι
2229 3822 2283 3868 ιιι

695 3885 1004 3953 conjungit,
1056 3884 1250 3947 credo,
1297 3885 1442 3953 quod
1488 3882 1642 3954 virgo
1693 3886 1780 3937 illa
1812 3882 2046 3946 Helaira.
2096 3886 2285 3938 matris

804 3954 1234 4030 'l‘ull_ii,_geutilis
1257 3965 1431 4030 esset;
1460 3971 1565 4023 qua
1596 3957 1663 4030 de
1691 3970 1748 4008 re
1780 3957 1931 4023 plura
1960 3956 2204 4030 disertim
2232 3956 2285 4010 in

700 4024 965 4079 Ciceronis
1008 4023 1142 4087 Vita,
1191 4039 1354 4093 quam
1378 4026 1490 4095 jam
1527 4026 1892 4094 publicassem
1937 4026 2287 4080 uisieotetn-

701 4111 836 4165 pore
858 4097 987 4148 Sub.
1014 4096 1245 4165 Corradi
1278 4095 1537 4163 Egnatius
1567 4095 1758 4150 fuisset
1784 4096 1980 4149 editus.
2012 4096 2177 4150 FABll.

772 4168 859 4220 '56.
896 4164 1189 4237 Deilloma.
1218 4164 1437 4222 Rectius
1456 4167 1608 4221 dicas
1638 4166 1809 4221 Itonia
1844 4166 1897 4219 in
1930 4168 2175 4237 Apuliam
2200 4183 2286 4221 re-

700 4237 868 4303 diens,
904 4247 961 4291 ut
982 4236 1181 4291 habent
1214 4237 1403 4307 Vulgg.
1427 4239 1535 4293 Sed
1566 4252 1687 4291 cum
1721 4252 1853 4307 mss.
1885 4237 1952 4291 ad
1980 4236 2146 4291 unum
2171 4254 2289 4292 um-

702 4322 835 4371 nes,
883 4308 1213 4376 astipulante
1255 4306 1635 4378 ed.August.,
1672 4306 1963 4374 praeferant
2004 4309 2068 4362 de
2096 4308 2287 4375 Roma,

702 4380 986 4432 immutare
1013 4378 1301 4434 lectionem
1327 4381 1604 4449 antiquam
1638 4378 1809 4431 nolui.

772 4452 862 4503 57.
886 4449 1214 4520 Arreptisque
1236 4452 1399 4520 equis.
1429 4446 1563 4506 Tres
1595 4450 1765 4519 Lugd.
1813 4449 1956 4505 Batt.
1992 4464 2117 4505 cum
2144 4446 2287 4507 Coll.

700 4518 941 4574 Gronov.
973 4518 1224 4589 correptis
1254 4518 1418 4590 equis.

774 4592 864 4644 38.
894 4590 1103 4662 lfuella.
1143 4591 1278 4645 Edd.
1300 4591 1545 4660 quiedam
1573 4590 1751 4662 puella
1780 4606 1920 4653 vero.
1948 4600 2136 4647 contra
2158 4608 2286 4648 mss.

775 4661 863 4717 39.
892 4660 1072 4730 Equus
1094 4676 1316 4732 quoque,
1348 4673 1455 4717 etc.
1482 4662 1538 4715 lu
1565 4660 1683 4717 Meo
1704 4669 1863 4731 atque
1881 4662 2128 4717 Pcrizon.
2162 4665 2294 4734 legi-

704 4742 813 4799 tur,
833 4749 994 4806 equus
1009 4748 1240 4806 quoque,
1271 4749 1371 4802 quo
1392 4734 1501 4799 ipse
1531 4736 1792 4797 utebatur,
1818 4734 1968 4804 quasi
1997 4736 2063 4787 ad
2094 4750 2292 4806 equum

703 4804 876 4873 patris
925 4805 1098 4857 llelvii
1149 4805 1251 4860 lioc
1283 4806 1619 4875 pertineret,
1655 4807 1801 4875 quod
1840 4820 1948 4861 non
2000 4804 2160 4875 puto.
2187 4807 2293 4861 Ed.

704 4880 843 4943 Aug.
870 4875 979 4943 ‘pse
998 4874 1165 4931 delet.

774 4952 863 5005 ιιι).
898 4949 1176 5004 Straturis.
1217 4947 1390 5018 Lugd.
1425 4948 1567 5003 Batt.
1617 4957 1848 5016 quatuor
1890 4957 1946 5004 et
1986 4948 2127 5006 Ultr.
2165 4964 2287 5006 cum

704 5020 847 5075 Coll.
871 5020 1139 5089 Gronov.,
1167 5022 1442 5075 stratoriis.
1470 5018 1527 5075 lu
1551 5020 1801 5075 Perizou.
1834 5034 1960 5075 mox
1990 5021 2176 5092 procul
2196 5024 2292 5079 de-

700 5095 995 5150 sidcratur.

774 5164 865 5219 41.
897 5163 1211 5219 Intercessu.
1242 5161 1489 5217 Perizon.
1510 5170 1567 5216 et
1593 5162 1714 5218 edd.
1736 5164 2289 5233 qumdamintewallo,

704 5252 826 5304 qua:
858 5237 1043 5304 glossa
1068 5244 1176 5301 est,
1208 5248 1335 5288 nam
1362 5234 1416 5289 in
1445 5235 1692 5290 Pcrizon.
1726 5236 1942 5290 additur
1971 5236 2191 5307 insuper
2213 5237 2293 5290 in-

706 5318 951 5360 ιετεεεςςιι.

778 5376 867 5457 ιβ.
998 5373 1267 5457 Veturius.
1309 5379 1570 5457 ἰξουτέτως
1599 5379 1859 5457 Βᾲρεαρος
1897 5378 2203 5457 nominatur
2241 5378 2295 5433 in

706 5450 859 5505 libris
892 5446 1199 5519 Plittarclti,
1250 5449 1345 5519 sed
1392 5465 1493 5518 ego
1544 5446 1779 5505 inalt'ent'
1818 5458 1999 5519 legere
2038 5449 2296 5512 Baro-Srio;

706 5520 914 5596 Βάρῤσς.
931 5518 1081 5596 “Nam
1118 5516 1448 5596 Porpliyrio,
1484 5521 1753 5592 interpres
1796 5516 2031 5588 Horatii,
2071 5524 2123 5576 in
2164 5521 2296 5595 illud

713 5586 897 5661 Satyr.
925 5586 959 5640 6
990 5586 1085 5641 lib.
1120 5604 1135 5640 t
1162 5589 1487 5645 Sermonqu
1515 5609 1528 5645 :
1628 5586 1644 5592 ’
2018 5586 2025 5588 ⁷
2166 5589 2172 5595 ’

834 5684 899 5754 yt
918 5687 956 5732 si
982 5686 1064 5747 qui
1083 5690 1294 5754 regi-olet
1315 5699 1412 5748 quo
1435 5687 1604 5743 morbo
1623 5685 1833 5754 Barrus,
1858 5686 2028 5754 haberi

832 5746 899 5807 Et
912 5760 967 5799 Cu
974 5746 1073 5814 piat
1097 5746 1345 5799 lbruiosus‘
1362 5764 1372 5799 :
1818 5746 1828 5754 '
2018 5746 2023 5757 ‘

2455 3597 2547 3655 47.
2579 3600 2907 3669 Interfectus.
2938 3597 3165 3669 Plurimi
3192 3614 3257 3669 ex
3280 3613 3422 3669 tuss.
3450 3599 3655 3655 addunt
3676 3608 3775 3656 est.

2455 3671 2547 3726 48.
2579 3672 2640 3725 (3.
2666 3667 2950 3741 Popillius.
2978 3668 3150 3740 Vulgo
3178 3667 3244 3736 Ω.
3279 3668 3500 3741 Publius
3526 3670 3579 3724 in
3608 3686 3742 3727 mss.
3773 3685 3829 3729 et
3850 3671 3981 3728 cdd.

2384 3753 2582 3809 exstat,
2614 3736 2953 3809 licet'plures
2978 3754 3047 3794 ex
3087 3736 3224 3794 inss.
3269 3736 3367 3794 Cai
3404 3755 3718 3808 praenomen
3762 3746 3979 3799 malint.

2385 3814 2525 3870 Aule
2553 3826 2727 3867 annos
2748 3813 2960 3880 aliquot
2973 3810 3379 3866 emendavituus
3402 3814 3504 3866 hoc
3526 3811 3704 3868 Orosii
3720 3814 3901 3871 locum
3928 3815 3980 3868 in

2385 3883 2791 3956 Cutmncntariu
2829 3892 3018 3956 nostro
3066 3881 3133 3935 ad
3170 3880 3690 3956 Tlicsaur._llorcll.
3731 3900 3786 3956 p.
3837 3885 3981 3942 I04:

2386 3956 2531 4009 clare
2563 3955 2707 4009 enim
2754 3953 3042 4021 Pupillium
3093 3952 3391 4020 appellavit
3429 3953 3622 4011 Cicero
3673 3952 3769 4010 lib.
3819 3973 3880 4013 ιιι
3913 3958 3981 4011 ile

2388 4026 2578 4092 Legib.
2610 4040 2731 4091 cap.
2756 4020 2864 4078 16’:
2888 4020 3043 4077 Dedit
3070 4023 3190 4075 liuic
3214 4039 3421 4094 quoque
3440 4025 3647 4094 judicio
3677 4026 3872 4081 (item;
3904 4039 3983 4081 tuo

2386 4096 2594 4162 bellant,
2627 4096 2893 4168 doluitque
2919 4095 3089 4168 quoad
3121 4092 3413 4168 uirit._§ed
3438 4092 3491 4148 ul
3520 4096 3831 4168 opprimeret
3862 4097 3980 4154 σω-

2388 4168 2491 4239 lius
2519 4166 2829 4239 Popillium,
2858 4165 3029 4219 nocuit
3054 4173 3101 4239 et
3125 4164 3440 4239 reipublicae.

2459 4235 3528 4329 49-..Creij’frtff’et'lf-.9;_§?f'i!i:'§
3556 4238 3979 4329 ἑπιίειροηξιι

2390 4326 2514 4368 cum
2554 4309 2793 4365 Serrano
2830 4306 2930 4362 fuit
2963 4320 3114 4378 anno,
3136 4321 3352 4378 ncvatt
3372 4349 3385 4371 ,
3416 4322 3527 4378 quo
3553 4310 3627 4365 Il.
3659 4306 3872 4366 Tullius
3896 4312 3981 4365 tli-

2391 4396 2520 4439 cem
2550 4381 2737 4447 Arpini
2766 4388 2853 4433 est
2881 4388 3058 4434 natus.
3081 4376 3286 4433 Cellius
3313 4378 3407 4433 lib.
3436 4376 3531 4445 ἰν,
3552 4396 3671 4448 cap.
3699 4381 3792 4438 28.
3810 4381 3977 4438 Fara.

2463 4454 2554 4508 50.
2584 4451 2800 4507 Centum
2850 4448 3209 4520 millepondo
3249 4449 3389 4503 auri.
3414 4449 3557 4520 Lege
3592 4454 3877 4509 Erasmum
3923 4454 3978 4508 in

2392 4526 2680 4588 Proverb.,
2703 4522 2903 4579 Aurum
2922 4518 3075 4574 habet
3102 4517 3439 4576 Tolosanum.
3469 4517 3636 4580 Faue.

2463 4594 2553 4652 5f.
2582 4595 2711 4648 Acta
2728 4601 2824 4647 est.
2855 4590 3168 4664 Lugd.Bat.
3197 4606 3318 4661 pr.,
3347 4592 3525 4649 habita
3550 4604 3664 4663 est;
3691 4594 3940 4655 Perizon.
3960 4635 3977 4664 ,

2463 4669 2587 4721 itala
2604 4675 2700 4720 est.

2391 4685 2587 4741 agitata
2604 4685 2700 4720 εει.

2468 4738 2597 4795 Car.
2646 4734 2789 4792 XVI.
2818 4765 2888 4777 ——
2919 4736 2974 4791 1.
3026 4734 3176 4790 Anno
3218 4736 3283 4791 ab
3334 4734 3476 4794 Urbe
3522 4737 3733 4794 condita
3771 4753 3971 4797 nerui.

2396 4810 2534 4868 Aliis
2571 4809 2657 4865 liic
2684 4822 2861 4863 annus
2888 4817 2973 4861 est
2999 4808 3071 4862 ab
3104 4806 3245 4864 Urbe
3272 4809 3493 4864 condita
3522 4824 3775 4868 nerunt.
3812 4812 3892 4868 De
3920 4826 3977 4865 re

2321 4879 2370 4938 D
2394 4892 2544 4952 gesta
2574 4895 2698 4935 cum
2742 4878 2980 4952 Cimbris
3004 4894 3033 4930 ιι
3061 4878 3281 4952 blaiiilio
3312 4888 3371 4936 et
3406 4879 3662 4950 Caepione
3690 4884 3975 4940 Sallustius

2395 4950 2463 5009 dc
2515 4953 2657 5010 bello
2709 4950 3063 5021 Jugurtliino,
3116 4950 3301 5008 Livius
3355 4953 3493 5007 libro
3549 4967 3729 5020 Lavit,
3781 4954 3973 5009 Florus

2393 5026 2490 5153 ξι).
2542 5040 2598 5080 ιιι
2644 5027 2826 5094 capite
2853 5024 2909 5090 3,
2953 5022 3246 5093 Eutropius
3290 5024 3388 5081 lib.
3419 5040 3453 5079 ν
3486 5027 3722 5086 Velleius
3765 5042 3821 5088 et
3864 5032 3972 5088 alii.

2438 5113 2558 5152 sua.

2438 5113 2558 5152 ABR.

2462 5170 2518 5225 2.
2556 5168 2620 5244 ς.
2653 5168 2903 5244 Manilius
2944 5167 3124 5244 consul
3160 5180 3207 5244 et
3241 5170 3309 5238 ρ.
3336 5169 3520 5244 Crepio
3542 5173 3866 5242 proconsule.
3899 5176 3970 5231 lla

2394 5240 2512 5296 lucc
2555 5242 2609 5297 in
2652 5241 2855 5296 nostiis
2890 5242 3291 5312 escutplarilius
3337 5240 3558 5311 scriptis
3602 5247 3855 5301 omnibus
3898 5249 3971 5301 lc-

2398 5322 2616 5383 guntur,
2652 5314 2754 5367 nisi
2787 5312 2928 5383 quin!
2962 5311 3326 5379 pro’Mnnilio,
3349 5329 3508 5383 quem
3534 5314 3818 5373 Gualtltcri
3843 5319 3973 5373 liber

2401 5382 2667 5453 agnoscit,
2707 5384 2799 5438 alii
2840 5382 3098 5437 Manlium
3147 5382 3379 5445 habent,
3419 5385 3671 5440 Manilius
3705 5389 3805 5441 lioe
3832 5404 3970 5443 anno

2402 5458 2589 5511 consul
2621 5467 2765 5512 erat;
2808 5456 3011 5523 Czi'pio,
3043 5455 3132 5524 qui
3163 5471 3307 5509 anno
3334 5456 3617 5524 superiore
3642 5460 3833 5513 onnSul
3863 5461 3969 5513 fuc-

2406 5535 2507 5594 rat,
2543 5528 2654 5595 join
2711 5536 2999 5596 prorogato
3034 5526 3262 5596 imperio
3309 5527 3597 5591 proconsul
3633 5540 3767 5583 crat.
3814 5530 3969 5586 Recte

2404 5600 2566 5666 igitur
2610 5599 2863 5668 Sigonius
2913 5598 2966 5651 iu
3012 5597 3228 5651 Liviano
3285 5597 3531 5667 Epitoiuzi
3588 5600 3967 5655 restituitzdb

2402 5672 2586 5727 iisdem
2613 5670 2841 5725 hostibus
2974 5668 3226 5743 Manilius
3251 5671 3454 5743 consul,
3486 5680 3532 5722 et
3651 5668 3828 5743 (Impia
3856 5689 3969 5743 pl‘l)‘

2406 5746 2588 5799 consul
2616 5744 2732 5799 victi
2762 5740 2960 5817 pra’lt'o,
2991 5742 3271 5813 castrisque
3294 5740 3424 5797 binis
3453 5742 3594 5799 exuti
3625 5752 3761 5798 sunt.
3796 5740 3864 5804 ιιι
3882 5758 3972 5801 ιιο-
