4290 6444
673 251 780 310 939

2079 245 2288 306 PAULI
2323 244 2554 306 OROSll

3867 235 3984 296 960

671 363 838 437 334
860 363 1174 422 auctoribus
1201 371 1367 420 tanta:
1399 362 1686 422 seditionis
1731 363 1954 432 occisis,
1980 363 2140 436 quies
2170 375 2240 431 po
2290 362 2338 422 Α
2368 357 2762 429 frangerentur,
2792 371 2957 415 cruor
2979 372 3009 413 e
3039 355 3234 414 mediis
3257 353 3510 426 panibus,
3539 351 3695 426 quasi
3723 365 3756 408 e
3777 349 3974 406 vulne-

674 460 802 526 pnlo
823 459 942 514 fuit.
971 457 1126 514 Tunc
1153 458 1291 514 Cato
1312 466 1476 530 atque
1505 457 1799 529 Pompeius
1831 459 2173 530 rogationem
2203 456 2273 512 de

677 553 859 608 reditu
885 552 1087 610 Metelli
1117 552 1387 610 Numidici
1411 554 1578 609 totius
1598 551 1760 610 Urbis
1799 551 1997 623 gaudio
2023 550 2270 623 promul-

674 652 873 713 garunt
905 663 918 698 :
955 645 999 676 “‘
1025 660 1148 716 qua:
1182 661 1252 702 ne
1298 644 1660 716 perferretur,
1710 643 1867 701 Marii
1913 641 2181 708 consulis,
2219 649 2275 697 et

685 738 856 808 Furii,
890 738 1093 794 tribuni
1141 737 1336 809 plebis,
1399 737 1722 794 factionibus
1766 740 2128 792 intercessum
2166 742 2267 788 cst.

683 833 725 864 ’⁸
779 831 1020 887 Rutilius
1071 847 1308 903 quoque,
1364 833 1448 886 vir
1497 830 1918 902 integerrimus,
1961 827 2099 884 adeo
2148 826 2272 882 ﬁdei

680 936 844 995 atque
867 925 1195 982 innocentia:
1233 926 1540 980 constantia
1577 938 1708 980 usus
1737 933 1844 989 εει,
1875 933 1931 976 ιιι
1959 920 2052 976 die
2074 919 2178 974 sibi
2206 919 2276 973 ab

680 1018 1090 1074 accusatoribus
1132 1017 1298 1083 dicta,
1354 1033 1524 1088 usque
1567 1017 1638 1072 ad
1676 1016 2046 1086 cognitionem
2099 1027 2275 1082 neque

681 1108 938 1177 capillum
967 1109 1260 1164 barbamve
1284 1108 1617 1178 promiserit,
1662 1122 1840 1177 neque
1869 1104 2090 1161 sordida
2119 1115 2274 1160 veste

685 1203 948 1258 humilive
975 1200 1164 1258 habitu
1210 1201 1597 1272 suifragatores
1643 1199 1977 1264 conciliarit,
2025 1197 2276 1252 inimicos

682 1294 1052 1366 permulserit,
1096 1293 1307 1363 iudices
1336 1295 1682 1362 temperarit,
1713 1292 2015 1348 orationem
2057 1303 2278 1360 quoque

680 1406 710 1442 a
741 1399 974 1458 przctore
992 1402 1309 1443 concessam
1339 1385 1510 1442 nihilo
1536 1384 1948 1441 submissiorem
1969 1396 2129 1453 quam
2153 1381 2274 1434 aui-

687 1497 834 1536 mum
861 1481 1126 1536 habuerit.
1153 1478 1286 1536 Cum
1305 1479 1964 1548 evidentioppugnaretur
1981 1474 2275 1541 calumnia,

683 1585 736 1628 ct
765 1573 1034 1643 opinione
1054 1571 1321 1628 bonorum
1370 1569 1609 1626 omnium
1633 1571 1754 1639 jure
1775 1565 2142 1623 absolvendus
2176 1581 2276 1634 pu-

688 1674 919 1731 taretur,
961 1665 1198 1734 periurio
1237 1663 1480 1734 judicum
1509 1662 1905 1718 condemnatus
1945 1668 2065 1715 est:
2097 1657 2144 1690 ’θ
2188 1657 2275 1728 qui

2375 453 2529 506 ribus
2569 466 2858 522 corporum
2891 449 3066 505 ﬂuxit.
3106 451 3371 506 Prattcrca
3413 464 3507 518 per
3537 455 3750 520 septem
3789 443 3972 500 conti-

2378 558 2515 599 nuos
2545 543 2663 599 dies
2689 545 2900 614 grando
2926 542 3186 615 lapidum,
3219 542 3480 598 immixtis
3506 540 3671 596 etiam
3706 545 3980 593 testatum

2370 620 2720 707 fragmentis,
2764 645 2967 692 terram
2998 636 3266 694 latissime
3307 635 3635 691 verberavit.
3669 633 3726 687 lu
3756 630 3979 688 Samni-

2376 729 2518 784 tibus
2542 731 2847 786 vastissimo
2875 730 3027 786 hiatu
3057 739 3220 803 terrm
3247 773 3261 794 ,
3315 731 3531 785 ﬂamina
3573 728 3822 799 prorupit
3851 766 3866 790 ,
3916 735 3972 780 et

2380 837 2546 891 tlSquc
2596 822 2648 876 in
2691 821 2892 878 crnlum
2925 821 3146 878 extendi
3181 822 3295 875 visa
3327 829 3434 877 est.
3480 818 3807 890 Complures
3839 831 3980 886 prat-

2379 925 2525 971 tcrea
2556 914 2607 969 in
2639 915 2837 971 itinere
2862 915 3054 971 videre
3076 914 3304 970 Itomaui
3323 914 3546 986 globum
3567 912 3771 968 coloris
3796 908 3974 978 aurci,

2375 1007 2517 1062 curio
2544 1006 2614 1060 ad
2641 1017 2837 1062 terram
2862 1005 3100 1073 devolvi,
3132 1007 3506 1077 maioremque
3527 1003 3761 1069 factum,
3788 1017 3982 1057 rursus

2375 1115 2406 1154 a
2456 1111 2599 1156 terra
2652 1104 2704 1156 in
2752 1101 2987 1157 sublime
3033 1099 3102 1154 ad
3147 1100 3426 1155 Orientem
3472 1099 3645 1155 solem
3687 1095 3871 1162 ferri,
3918 1108 3985 1149 ac

2379 1192 2752 1263 magnitudine
2788 1207 2887 1249 sua
2933 1194 3111 1262 ipsum
3153 1191 3328 1247 solem
3366 1189 3662 1248 obtexisse.
3696 1190 3720 1222 ⁸
3772 1188 3986 1243 Drusus

2381 1289 2545 1342 tamis
2572 1287 2726 1342 malis
2755 1287 2948 1342 anxius
2973 1327 2990 1351 ,
3033 1285 3180 1342 domi
3209 1299 3322 1340 sua:
3348 1323 3363 1347 ,
3395 1285 3602 1340 incerto
3627 1282 3855 1354 quidem
3885 1296 3986 1335 au-

2375 1387 2551 1444 ctore,
2583 1377 2899 1436 interfectus
2924 1387 3025 1432 est.
3056 1377 3222 1450 336
3250 1375 3413 1447 Igitur
3439 1375 3715 1440 Picentes,
3745 1373 3981 1440 Vestini,

2377 1470 2559 1537 Marsi,
2591 1470 2822 1543 Pcligni,
2854 1469 3145 1525 Marrucini
3172 1511 3187 1535 ,
3219 1465 3527 1534 Samnites,
3576 1466 3817 1533 Lucani,
3847 1479 3982 1522 cum

2379 1565 2554 1622 adhuc
2600 1567 2864 1622 occultam
2937 1563 3302 1620 defectionem
3369 1560 3812 1626 meditarentur,
3846 1559 3868 1591 ⁷
3915 1557 3984 1614 C.

2384 1661 2672 1717 Servilium
2703 1667 2990 1731 praetorem
3020 1699 3036 1724 ,
3070 1657 3304 1728 legatum
3335 1655 3405 1711 ad
3433 1669 3494 1711 se
3523 1654 3753 1709 missum
3781 1695 3799 1720 ,
3835 1650 3989 1721 apud

679 1757 968 1828 Smyrnam
998 1756 1392 1827 commigrans,
1437 1757 1743 1812 litterarum
1793 1752 1992 1810 studiis
2034 1751 2274 1808 intentus
2303 1762 2350 1822 Β
2379 1757 2635 1813 Asculum
2688 1754 3048 1821 occiderunt,
3103 1751 3397 1820 statimque
3457 1747 3643 1803 clausa
3697 1745 3930 1801 civitate
3960 1785 3980 1812 ,

684 1850 991 1907 consenuit.

1150 1960 1313 2034 335
1351 1956 1580 2017 CAPUT
1616 1957 1804 2015 xvnt.

688 2094 765 2149 De
796 2093 929 2150 bello
967 2094 1150 2150 sociali
1163 2136 1195 2167 λ
1239 2111 1345 2165 quo
1371 2091 1548 2167 Italici
1580 2095 1766 2167 pepuli
1791 2110 1827 2167 ᾳ
1867 2092 2118 2167 Romanis
2148 2095 2281 2167 deﬁ-

825 2167 1014 2221 cientes
1035 2163 1374 2221 rebellarunt.
1407 2163 1545 2219 Item
1571 2163 1638 2219 de
1653 2163 1923 2236 prodigiis
1947 2168 2130 2224 variis.

761 2304 776 2335 ⁸
812 2303 972 2358 Anno
996 2302 1068 2359 ab
1088 2301 1238 2359 Urbe
1267 2299 1488 2357 condita
1518 2314 1701 2366 ncux,
1732 2299 1861 2357 Sex.
1891 2299 2034 2358 Julio
2063 2300 2278 2361 Caesare

684 2404 743 2451 et
771 2395 833 2448 L.
865 2393 1068 2450 Marcio
1094 2391 1348 2463 Philippo
1369 2393 1687 2448 consulibus
1709 2433 1728 2458 ,
1783 2391 2059 2449 intestinis
2099 2396 2278 2452 causis

691 2485 896 2541 sociale
924 2485 1124 2540 bellum
1149 2485 1172 2516 ³
1200 2489 1308 2539 tota
1341 2484 1638 2541 commovit
1667 2481 1818 2539 Italia
1844 2525 1859 2546 ,
1891 2485 2158 2556 siquidcm
2193 2487 2282 2542 Li-

694 2582 813 2636 vius
845 2579 1048 2635 Drusus
1072 2622 1088 2646 ,
1139 2577 1384 2635 tribunus
1415 2575 1589 2646 plebis
1617 2617 1631 2643 ,
1683 2576 1901 2633 Latinos
1945 2594 2134 2634 omnes
2183 2595 2281 2652 spe

691 2670 956 2750 libertatis
984 2671 1231 2735 illectos,
1262 2669 1284 2700 ³
1308 2683 1432 2725 cum
1461 2669 1658 2738 placita
1683 2669 1903 2738 explere
1933 2684 2040 2726 non
2075 2685 2276 2740 posset,

689 2765 743 2821 in
770 2778 921 2819 arma
943 2761 1218 2819 excitavit.
1247 2760 1270 2793 ⁵
1297 2761 1376 2818 Eo
1404 2763 1674 2828 accessit,
1708 2771 1769 2818 ut
1795 2775 2046 2818 mtestam
2076 2763 2275 2821 Urbem

689 2856 711 2884 ³
745 2856 986 2926 prodigia
1010 2855 1130 2912 dira
1161 2861 1454 2910 terrerent.
1479 2853 1612 2908 Nam
1643 2854 1744 2909 sub
1773 2871 1891 2909 ortu
1925 2856 2056 2912 solis
2084 2857 2276 2925 globus

687 2948 829 3019 ignis
853 2963 884 3003 a
915 2947 1136 3018 regione
1173 2945 1560 3016 septentriOnis
1600 2959 1723 3001 cum
1753 2948 1988 3002 maxime
2018 2950 2141 3004 ειεΙί
2173 2949 2275 3004 fra-

686 3056 817 3114 gore
836 3041 1079 3098 emicuit.
1093 3038 1251 3111 Apud
1274 3039 1552 3095 Arretinos
1572 3052 1696 3093 eum
1717 3053 1884 3110 panes
1908 3055 2002 3109 per
2025 3041 2274 3097 convivia

2387 1864 2580 1904 mnues
2604 1848 2752 1905 cives
2782 1846 3060 1903 Romanos
3090 1845 3113 1876 ³
3155 1843 3354 1898 indicta
3385 1838 3536 1896 crede
3569 1829 3986 1910 jugulaverunt.

2384 1941 2658 1998 Continuo
2684 1940 3080 1995 atrocissimam
3107 1935 3400 2007 perniciem
3421 1937 3444 1969 '
3467 1932 3816 1988 infamissima
3845 1945 3993 2001 prte-

2383 2049 2600 2090 cesscre
2627 2031 2890 2103 prodigia.
2908 2032 3148 2100 Namque
3165 2029 3407 2084 omnium
3426 2041 3686 2099 generum
3701 2024 3989 2090 animalia,

2385 2140 2505 2194 qua:
2551 2139 2742 2178 manus
2774 2123 3055 2177 hominum
3089 2118 3287 2175 blande
3329 2118 3579 2189 perpeti,
3629 2125 3795 2185 atque
3843 2117 3991 2173 inter

2385 2216 2629 2271 homines
2652 2214 2837 2270 vivere
2865 2212 3025 2269 solita
3051 2221 3226 2277 erant,
3247 2209 3452 2266 relictis
3477 2208 3711 2265 stabulis
3736 2209 3989 2279 pascuis-

2379 2324 2519 2378 que,
2549 2323 2673 2364 cum
2716 2309 2931 2370 balatu,
2965 2305 3176 2361 hinnitu
3201 2345 3217 2370 ,
3275 2304 3588 2374 mugituque
3637 2301 3986 2368 miserabili,

2381 2403 2448 2457 ad
2471 2403 2657 2474 sylvas
2679 2409 2998 2470 montesque
3021 2398 3297 2469 fugerunt.
3318 2395 3496 2452 Canes
3522 2410 3757 2468 quoque,
3785 2395 3830 2427 ⁸⁸
3849 2410 3991 2467 quo-

2381 2511 2500 2551 rum
2547 2503 2758 2550 natura:
2797 2503 2878 2548 est
2911 2503 3066 2547 extra
3098 2491 3349 2547 homines
3390 2503 3512 2544 esse
3544 2503 3653 2544 non
3681 2503 3873 2558 posse,
3905 2487 3988 2544 la-

2381 2588 2634 2643 crimosis
2678 2586 2972 2641 ululatibus
3015 2585 3132 2656 vagi
3179 2584 3432 2654 luporum
3474 2583 3581 2637 ritu
3625 2581 3985 2638 obcrrarnnt.

2384 2678 2554 2749 Igitur
2595 2678 2690 2734 Cn.
2723 2676 3014 2746 Pompeios
3056 2683 3262 2748 pra-tor
3301 2688 3426 2730 cum
3469 2672 3785 2729 Picentibus
3818 2672 3986 2744 jussu

2384 2779 2605 2823 senatus
2647 2768 2847 2824 bellum
2880 2768 3086 2835 gessit,
3118 2775 3173 2821 et
3209 2765 3384 2821 victus
3413 2773 3530 2831 est;
3565 2773 3847 2835 postquam
3877 2764 3985 2821 sibi

2383 2860 2656 2916 Samnites
2681 2860 2720 2890 ¹¹
2758 2858 2979 2926 ἰδιιιςίιιιιι
3019 2857 3266 2913 Mutilum
3296 2859 3682 2928 imperatorem
3711 2856 3984 2926 prtufece—

2385 2960 2525 3020 rant,
2553 2951 2713 3005 Marsi
2735 2959 2914 3004 autem
2941 2952 3403 3019 Agamemnonem
3427 2946 3811 3017 arcbipiratam
3841 2964 3989 3018 pne-

2383 3053 2725 3114 optavcrant.
2746 3044 2787 3075 ¹¹
2809 3043 2984 3099 Julius
3004 3043 3209 3107 Caesar,
3231 3039 3552 3097 Samnitium
3576 3055 3751 3111 pugna
3773 3033 3978 3110 victus,

1960 3157 2411 3216 IIAVERCAMPI
2451 3160 2681 3216 NOTAE.

693 3272 997 3348 Macerinus
1035 3270 1310 3348 tribunus“
1328 3268 1557 3348 militum
1581 3269 1885 3348 consulari
1915 3280 2180 3348 potestate
2207 3275 2269 3328 Δ.
2302 3274 2347 3336 C
2381 3289 2533 3348 nom,
2560 3273 2815 3348 placitum
2843 3290 3159 3348 expugnare.
3190 3276 3338 3348 Puto,
3353 3273 3640 3348 legendum
3669 3290 3814 3343 esse,
3847 3293 3974 3334 cum

695 3347 760 3401 U.
790 3343 852 3398 ϐ.
885 3357 1240 3399 cccurxvm.
1270 3339 1493 3396 Frustra
1525 3339 1688 3410 igitur
1717 3341 1769 3394 iu
1801 3341 1973 3397 tribus
2002 3341 2272 3398 Florentt.

693 3416 949 3473 scribitur
978 3414 1039 3466 L.
1073 3410 1352 3483 Giganius.
1537 3482 1542 3483 γ
1975 3429 1978 3432 ·

767 3487 858 3542 I8.
892 3486 1023 3550 Qua'
1048 3500 1112 3537 ne
1134 3482 1469 3555 perferretur.
1500 3482 1627 3537 Mss.
1656 3496 1884 3555 numero
1907 3485 2113 3552 plures,
2144 3487 2283 3555 quod

699 3574 764 3610 ne
819 3557 1172 3624 perﬁceretur.
1224 3553 1487 3607 Florentt.
1540 3563 1650 3607 tres
1707 3554 1930 3623 propius
1971 3555 2041 3610 ad
2098 3553 2282 3611 veram

695 3629 1005 3690 lectionem,
1035 3641 1151 3694 qua:
1171 3639 1235 3678 uc
1279 3625 1624 3695 perﬁceretur.

771 3699 859 3754 I9.
890 3693 1140 3760 Rutilius,
1196 3693 1286 3748 uir»
1301 3695 1679 3764 integerrimus.
1714 3693 1777 3748 P.
1809 3694 2042 3751 Rutilius
2089 3697 2281 3765 Rufus,

692 3776 782 3834 qui
812 3785 920 3824 cos.
959 3768 1057 3822 fuit
1079 3783 1167 3820 an.
1201 3781 1453 3830 novum,
1485 3782 1606 3821 cum
1640 3766 1730 3820 illo
1762 3781 1924 3820 nemo
1950 3782 2121 3836 neque
2149 3770 2288 3823 intc-

692 3846 845 3910 grior
874 3849 1018 3894 esset
1046 3839 1098 3891 in
1128 3839 1371 3910 civitate,
1395 3853 1571 3910 neque
1601 3837 1859 3910 sanctior,
1884 3840 2284 3907 conspiratione

696 3907 1101 3977 publicanorum
1121 3909 1336 3978 (quibus
1354 3907 1484 3960 nihil
1503 3908 1726 3976 agereiu
1754 3910 1875 3961 Asia
1897 3911 2165 3973 provincia
2191 3927 2285 3966 sua

697 3999 728 4052 ιι
765 3979 1042 4047 riniSt-rat)
1073 3981 1125 4033 in
1151 3979 1410 4052 judicium
1444 3989 1684 4052 vocatus,
1715 3979 1991 4052 Socratem
2026 3983 2285 4047 imitatus,

697 4049 896 4107 nemini
927 4050 1439 4120 sumdicarevoluit.
1459 4049 1554 4104 sed
1586 4064 1654 4103 ne
1683 4051 1924 4104 ornatius
1950 4053 2167 4117 quidem
2195 4063 2288 4108 aut

697 4124 916 4177 liberius
933 4121 1264 4176 causaindici
1284 4135 1456 4182 suam,
1471 4134 1628 4186 quam
1644 4121 1872 4188 simplex
1895 4123 2033 4174 ra'io
2053 4124 2289 4178 veritatis

696 4195 919 4248 ferebat.
951 4193 1094 4259 Lege
1119 4191 1436 4264 Ciceronem
1464 4189 1739 4264 ltbrzttle
1765 4192 1914 4244 Orat.
1947 4201 2002 4246 ct
2024 4194 2075 4246 in
2103 4193 2284 4264 llrttto,

703 4267 877 4320 νάιοι.
905 4265 994 4317 lib.
1022 4276 1230 4330 vr,rap.
1260 4261 1317 4324 d,
1341 4260 1540 4316 Ascon.
1571 4261 1831 4316 Velleium
1861 4273 1916 4315 et
1936 4265 2089 4316 alios.
2120 4260 2284 4320 lt‘sun.

767 4337 856 4390 ‘20.
889 4335 992 4402 Qui
1033 4335 1310 4404 Smyrnam
1360 4332 1728 4403 commigraus.
1765 4333 1900 4388 Ilittc
1931 4333 2091 4392 Ovid.
2134 4335 2231 4391 lib.
2270 4352 2288 4392 ι

703 4405 771 4462 dc
793 4406 968 4462 Ponto
997 4423 1012 4458 :

886 4517 947 4568 Et
970 4517 1436 4582 gravemagnanimi
1459 4515 1608 4582 robur
1631 4497 1813 4582 mirare
1837 4517 2006 4582 Rutili,

941 4579 1049 4630 Non
1066 4581 1140 4628 usi
1167 4579 1357 4627 reditus
1379 4579 1655 4630 conditione
1671 4581 1792 4641 dati,

881 4644 1086 4706 Smyrna
1111 4642 1264 4692 virum
1287 4642 1464 4704 tenuit,
1489 4649 1588 4692 etc.

701 4751 960 4825 Rutilium
982 4764 1112 4803 vero
1137 4763 1262 4825 cum
1295 4747 1541 4825 Sm’yrnte
1571 4749 1871 4825 exsulat-et,
1904 4751 2144 4809 civitatis
2170 4756 2288 4825 ejus

699 4839 871 4878 civem
923 4823 1123 4876 factum
1155 4819 1341 4883 luisse.
1375 4818 1567 4876 Cicero
1609 4837 1705 4889 pro
1745 4823 1913 4877 Balbo
1952 4834 2140 4882 auctor
2179 4818 2280 4887 est.

701 4895 864 4949 Faun.

773 4968 900 5019 Car.
935 4979 1091 5018 xvm.
1117 4993 1188 5008 -ι
1217 4963 1270 5016 I.
1312 4960 1465 5016 Anno
1510 4964 1574 5017 ab
1608 4962 1736 5018 Urb.
1787 4967 1942 5019 cond.
1992 4984 2178 5024 ncux.
2225 4971 2284 5027 In

704 5037 880 5111 Fastis
906 5034 1081 5111 Capit.
1110 5035 1197 5089 hic
1217 5049 1390 5111 annos
1411 5044 1492 5087 est
1515 5037 1582 5111 ab
1613 5035 1742 5111 Urb.
1761 5038 1938 5111 _cond.
1968 5056 2146 5095 noun
2175 5057 2283 5111 quo

707 5109 782 5162 Μ.
811 5106 985 5178 Lit-ius
1008 5103 1212 5178 Drusus
1232 5103 1585 5172 'l'ribuuuspl.
1616 5105 1938 5161 seditionem
1963 5103 2280 5178 commtn'it,

704 5197 807 5248 qua
836 5179 902 5232 ac
928 5177 1108 5231 Lit-ins.
1138 5177 1382 5248 tiluuxt
1408 5218 1423 5242 ,
1460 5178 1692 5245 Appian.
1729 5177 1822 5233 lib.
1859 5193 1913 5240 I.
1965 5180 2155 5236 Florus
2190 5177 2284 5245 lib.

706 5267 802 5315 ιιι,
851 5266 969 5319 cap.
1008 5249 1072 5303 I7
1101 5288 1115 5313 ,
1169 5247 1406 5302 Velleius
1446 5249 1584 5302 libro
1622 5263 1681 5303 Il.
1736 5249 1878 5318 Lege
1908 5250 2283 5312 Praefationem

705 5320 982 5381 Ciceronis
1009 5319 1064 5372 in
1092 5321 1310 5373 tertium
1342 5319 1410 5372 de
1435 5321 1685 5375 Oratore.
1730 5319 1895 5377 Fasn.

777 5393 832 5444 *2.
878 5390 1007 5445 Τοῖα
1037 5394 1307 5446 commovit
1331 5390 1512 5446 Italia.
1548 5392 1674 5447 M-s.
1704 5397 1918 5463 quidam
1948 5406 2001 5452 et
2030 5397 2154 5454 edd.
2187 5403 2287 5457 mi-

706 5482 805 5522 nus
833 5476 998 5527 recte,
1033 5475 1191 5518 totum
1218 5466 1484 5518 commovit
1515 5463 1745 5521 Italiam.

781 5538 836 5589 ὅ.
877 5537 1005 5612 (.‘tmt
1035 5537 1226 5607 placita
1253 5539 1456 5606 explere
1488 5547 1805 5612 tto:_t_po.<sct.
1826 5537 2104 5612 Florentt.
2138 5553 2245 5602 tres
2266 5587 2282 5612 ,

715 5625 827 5664 cunt
858 5607 1051 5676 plac-ito
1074 5650 1088 5670 ,
1132 5616 1186 5661 et
1220 5612 1296 5661 sic
1326 5622 1538 5676 quoque
1565 5607 1711 5662 Mens
1740 5610 1910 5664 codex
1944 5623 1994 5668 et
2024 5613 2148 5670 cdd.
2176 5607 2281 5671 γε.

714 5691 873 5737 notio.
901 5679 1160 5732 Placitum
1189 5680 1394 5748 explere
1425 5679 1591 5745 Lugd.
1620 5679 1757 5734 B‘lll.
1793 5684 2084 5748 see.,Ultr.
2111 5696 2160 5741 et
2191 5689 2280 5745 ed.

729 5757 960 5826 lugeat;
990 5751 1085 5808 sed
1112 5762 1221 5808 tres
1251 5750 1445 5826 reliqui
1473 5749 1640 5825 Lugd.
1671 5752 1812 5810 Batt.
1838 5769 1961 5813 cum
1986 5757 2121 5816 Coll.
2147 5760 2284 5818 Gro-

2393 3345 2622 3420 polticita
2651 3343 2857 3420 capiere
2880 3343 3002 3420 [ποθί
3021 3357 3210 3420 posset.
3245 3343 3496 3420 Epitoine
3534 3347 3652 3403 Liv.
3672 3349 3777 3420 lib.
3803 3363 3943 3404 uxr
3964 3391 3980 3416 ,

2385 3418 2454 3490 tle
2477 3416 2668 3490 eodem
2697 3416 2851 3490 Livio
2880 3415 3055 3473 Druso
3086 3436 3098 3469 :
3147 3415 3278 3472 Cum
3296 3415 3489 3473 deinde
3513 3419 3771 3490 promissa
3811 3415 3985 3478 sociis

2391 3487 2840 3560 ciuitaspratstari
2865 3504 2966 3560 non
2995 3499 3188 3560 posset.

2461 3557 2517 3611 4.
2548 3557 2628 3612 Eo
2652 3560 2884 3614 accessit.
2915 3557 3177 3626 Ita'tnss.;
3209 3558 3478 3632 quoﬁedd.
3511 3568 3665 3627 vett.;
3700 3559 3978 3633 Pcrizon.,

2387 3645 2565 3695 eoque.

2458 3702 2512 3754 5.
2558 3697 2804 3772 Prodigia
2831 3702 2971 3754 dira.
3023 3700 3097 3754 Do
3137 3699 3222 3756 his
3269 3700 3532 3772 prodigiis
3574 3701 3750 3772 Julius
3795 3702 3978 3760 Obse-

2390 3783 2583 3839 quens.
2611 3769 2802 3825 Cicero
2835 3787 3050 3840 quoque
3079 3772 3204 3826 libr.
3233 3789 3245 3826 I
3274 3769 3345 3826 de
3377 3769 3609 3826 Divimt.
3644 3769 3811 3828 refert
3843 3790 3984 3828 nou-

2390 3843 2534 3896 nulla
2572 3843 2837 3912 prodigia,
2873 3857 2995 3912 qua:
3024 3842 3259 3898 Sisenna
3291 3843 3447 3899 initio
3480 3843 3609 3900 belli
3640 3844 3852 3900 Marsici
3886 3863 3983 3904 cx-

2390 3924 2660 3979 pnsucrat.
2697 3911 2858 3967 Faue.

2462 3985 2516 4038 6.
2561 3984 2764 4037 Drusus
2814 3985 2966 4038 tantis
3013 3985 3163 4039 malis
3213 3985 3418 4039 anxius.
3475 3984 3682 4041 Drusus
3733 3985 3785 4038 itt
3830 3987 3979 4044 atrio

2392 4054 2588 4108 domus
2615 4071 2726 4110 sua:
2749 4056 2966 4108 cultello
2995 4070 3303 4124 percussus,
3335 4056 3424 4124 qui
3451 4057 3651 4110 al'lixus
3676 4053 3830 4126 lateri
3856 4062 3979 4126 ejus

2397 4126 2618 4181 relictus
2656 4136 2738 4179 cst
2764 4165 2778 4187 ,
2821 4128 2959 4180 intra
2993 4141 3188 4194 paucas
3215 4128 3374 4180 ἥκῃς
3401 4126 3674 4190 decessit,
3710 4125 3973 4184 Velleius.

2389 4196 2594 4251 Seneca
2621 4195 2918 4269 deABrevit.
2943 4200 3070 4250 vita!
3098 4201 3192 4262 ait,
3225 4199 3372 4251 illum
3417 4200 3627 4251 uulnere
3651 4215 3744 4269 per
3768 4200 3976 4268 inquom

2390 4277 2598 4336 accepto
2624 4267 2948 4336 collapsum,
2979 4269 3160 4338 aliquo
3185 4269 3482 4333 dubitante,
3511 4283 3580 4323 an
3605 4267 3752 4323 mors
3775 4267 3980 4324 velun-

2393 4341 2528 4392 taria
2555 4349 2698 4393 esset
2725 4339 2777 4392 in
2809 4339 2922 4404 illo,
2952 4355 3019 4393 an
3048 4342 3388 4408 tempestiva.
3417 4340 3559 4410 Lego
3583 4349 3843 4410 prtntcrea
3869 4341 3983 4396 Pli-

2392 4411 2540 4538 tlt‘lllm
2573 4411 2664 4466 lib.
2699 4425 2883 4475 sunt,
2909 4424 3030 4481 cap.
3053 4411 3109 4477 9,
3125 4420 3182 4466 et
3206 4409 3590 4468 Auctoremde
3610 4409 3754 4468 Viris
3773 4413 3978 4469 Illustr.

2439 4497 2562 4537 sua.

2439 4497 2562 4537 ABR.

2465 4554 2518 4609 7.
2557 4551 2620 4624 VC.
2649 4552 2948 4624 Seruiliam.
2978 4550 3039 4608 C.
3083 4553 3318 4609 Seruium
3345 4593 3360 4618 ,
3391 4554 3550 4624 vulgo
3580 4552 3842 4610 mendose
3873 4554 3975 4610 Ita-

2317 4655 2374 4717 ι)
2396 4622 2698 4717 remitte:
2730 4622 3980 4717 “ﬁm‘i‘fEJJIE'E"lleii_§F!:.Y9"°i‘i:.¥il_il's

2396 4693 2488 4751 lib.
2540 4711 2720 4768 bim,
2772 4693 2836 4760 ρ.
2889 4695 3166 4752 Servilium
3201 4696 3603 4768 proconsulem;
3655 4697 3980 4768 Appianus,

2395 4767 2686 4842 Erpoui'zitou
2699 4769 2979 4842 ἀνθύπατον
2998 4776 3183 4842 vocat.
3203 4767 3378 4823 ilium.

2466 4843 2521 4895 8.
2566 4837 2772 4892 ludicra
2800 4841 2960 4893 crede.
2996 4839 3036 4891 l.
3063 4855 3114 4895 e.
3140 4840 3313 4906 jussu,
3340 4853 3460 4908 qua:
3479 4839 3670 4894 crebra
3700 4839 3845 4907 apud
3876 4855 3972 4895 au-

2397 4921 2577 4966 ctores
2619 4909 2774 4980 hujus
2807 4909 2964 4980 verbi
2993 4911 3316 4980 signiﬁcatio
3340 4919 3443 4966 est.
3483 4909 3636 4976 Quod
3658 4926 3878 4976 moneo,
3905 4927 3975 4967 ne

2393 4982 2517 5048 quis
2543 4996 2663 5034 cum
2695 4978 3072 5052 Freinshemio
3119 4981 3186 5035 ad
3225 4981 3371 5038 Flori
3403 4981 3499 5036 lib.
3537 4996 3640 5049 ιιι,
3690 4995 3815 5052 cap.
3862 4983 3930 5040 18
3955 5022 3972 5051 ,

2395 5060 2564 5106 tentet
2594 5060 2802 5107 mutare
2826 5052 2878 5104 in
2911 5051 3144 5123 indigna.

2465 5123 2518 5178 9.
2561 5123 2932 5193 Infuntissinta.
2968 5122 3138 5187 Meus,
3168 5122 3546 5192 infandissima.

2463 5198 2546 5249 10.
2593 5197 2821 5259 Quorum
2852 5203 3048 5264 natura:
3073 5207 3165 5251 est.
3200 5196 3273 5249 Ita
3304 5211 3568 5264 reponere
3587 5194 3778 5264 jubent
3797 5193 3964 5252 codd.

2391 5280 2522 5320 mss.
2551 5267 2821 5337 meliores.
2859 5263 3071 5337 Yulgg.,
3100 5283 3320 5337 quorum
3347 5263 3532 5320 natura
3557 5263 3653 5322 est.

2465 5338 2550 5390 ll.
2591 5336 2814 5408 Pupium
2847 5335 3120 5391 Mutilum.
3165 5335 3366 5400 Papius
3416 5337 3651 5392 Mutilius
3698 5345 3785 5392 est
3829 5337 3974 5408 apud

2389 5407 2686 5469 Velleium‘,
2721 5409 2816 5462 sed
2845 5407 3120 5473 Appianus
3157 5409 3306 5464 Pais-tt
3341 5410 3531 5465 Πάπιον
3573 5409 3783 5466 Μότιλον
3809 5449 3825 5473 ,
3871 5424 3970 5462 n0-

2389 5481 2588 5550 tninat;
2630 5478 2784 5533 Diod.
2817 5480 2867 5533 in
2896 5482 3179 5550 Excerptis
3210 5483 3301 5535 lib.
3329 5495 3532 5548 xxxvii,
3560 5481 3710 5536 Γοιῖὀν
3735 5485 3971 5536 ’Δπώνιον

2385 5549 2626 5608 Μότύὶον.
2661 5550 2829 5606 Fan.

2463 5622 2546 5676 ω.
2588 5619 2764 5676 Julius
2795 5623 2984 5680 Ctrsar.
3018 5621 3080 5676 L.
3113 5621 3287 5678 Julius
3317 5621 3490 5679 Cwsor
3521 5635 3679 5694 ρος..
3729 5637 3828 5694 pro
3857 5636 3961 5691 quo

2389 5694 2664 5824 Appiam?
2715 5694 2838 5751 Sex.
2884 5694 3140 5753 (λυσαν-(ιη
3178 5695 3356 5756 habet.
3413 5694 3547 5752 Vide
3599 5693 3811 5754 Livium
3864 5695 3966 5758 lib.

2391 5781 2576 5824 sum.
2651 5781 2772 5824 sua.

2391 5781 2576 5825 LXXIII.
2607 5781 2638 5824 1‘
2651 5781 2772 5829 ABR.
