  <div class='ocr_page' id='page_1' title='image "/cluster/home/n/w/nwhite01/storage/ocr_20150623/31/umn.319510024773250/491.png"; bbox 0 0 4290 6442; ppageno 0'>
   <div class='ocr_carea' id='block_1_1' title="bbox 710 264 816 322">
    <p class='ocr_par' dir='ltr' id='par_1_1' title="bbox 710 264 816 322">
     <span class='ocr_line' id='line_1_1' title="bbox 710 264 816 322; baseline 0.009 -1"><span class='ocrx_word' id='word_1_1' title='bbox 710 264 816 322; x_wconf 79' lang='lat'><strong>967</strong></span> 
     </span>
    </p>
   </div>
   <div class='ocr_carea' id='block_1_2' title="bbox 2043 268 2526 330">
    <p class='ocr_par' dir='ltr' id='par_1_2' title="bbox 2043 268 2526 330">
     <span class='ocr_line' id='line_1_2' title="bbox 2043 268 2526 330; baseline 0.008 -4"><span class='ocrx_word' id='word_1_2' title='bbox 2043 268 2246 328; x_wconf 75' lang='lat' dir='ltr'><strong>PAULI</strong></span> <span class='ocrx_word' id='word_1_3' title='bbox 2295 269 2526 330; x_wconf 83' lang='lat' dir='ltr'><strong>OROSll</strong></span> 
     </span>
    </p>
   </div>
   <div class='ocr_carea' id='block_1_3' title="bbox 3893 268 4006 331">
    <p class='ocr_par' dir='ltr' id='par_1_3' title="bbox 3893 268 4006 331">
     <span class='ocr_line' id='line_1_3' title="bbox 3893 268 4006 331; baseline -0.009 0"><span class='ocrx_word' id='word_1_4' title='bbox 3893 268 4006 331; x_wconf 67' lang='lat' dir='ltr'><strong>ora</strong></span> 
     </span>
    </p>
   </div>
   <div class='ocr_carea' id='block_1_4' title="bbox 708 373 4006 460">
    <p class='ocr_par' dir='ltr' id='par_1_4' title="bbox 708 373 4006 460">
     <span class='ocr_line' id='line_1_4' title="bbox 708 373 4006 460; baseline 0.003 -25"><span class='ocrx_word' id='word_1_5' title='bbox 708 377 910 435; x_wconf 88' lang='lat' dir='ltr'><strong>bellum</strong></span> <span class='ocrx_word' id='word_1_6' title='bbox 943 373 1224 447; x_wconf 78' lang='lat' dir='ltr'><strong>excitavit,</strong></span> <span class='ocrx_word' id='word_1_7' title='bbox 1255 378 1400 451; x_wconf 90' lang='lat' dir='ltr'><strong>quod</strong></span> <span class='ocrx_word' id='word_1_8' title='bbox 1443 393 1540 452; x_wconf 88' lang='lat' dir='ltr'><strong>per</strong></span> <span class='ocrx_word' id='word_1_9' title='bbox 1580 379 1782 436; x_wconf 86' lang='lat' dir='ltr'><strong>multos</strong></span> <span class='ocrx_word' id='word_1_10' title='bbox 1829 395 2002 438; x_wconf 87' lang='lat' dir='ltr'><strong>annos</strong></span> <span class='ocrx_word' id='word_1_11' title='bbox 2040 385 2292 439; x_wconf 74' lang='lat' dir='ltr'><strong>maximis</strong></span> <span class='ocrx_word' id='word_1_12' title='bbox 2319 388 2372 447; x_wconf 83' lang='grc' dir='ltr'>Α</span> <span class='ocrx_word' id='word_1_13' title='bbox 2397 386 2562 441; x_wconf 83' lang='lat' dir='ltr'><strong>etiam</strong></span> <span class='ocrx_word' id='word_1_14' title='bbox 2593 399 2714 442; x_wconf 92' lang='lat' dir='ltr'><strong>cum</strong></span> <span class='ocrx_word' id='word_1_15' title='bbox 2738 386 2936 444; x_wconf 89' lang='lat' dir='ltr'><strong>belluis</strong></span> <span class='ocrx_word' id='word_1_16' title='bbox 2971 387 3144 458; x_wconf 85' lang='lat' dir='ltr'><strong>pietas</strong></span> <span class='ocrx_word' id='word_1_17' title='bbox 3175 395 3228 445; x_wconf 90' lang='lat' dir='ltr'><strong>et</strong></span> <span class='ocrx_word' id='word_1_18' title='bbox 3255 388 3565 446; x_wconf 75' lang='lat' dir='ltr'><strong>reverentia</strong></span> <span class='ocrx_word' id='word_1_19' title='bbox 3593 395 3828 460; x_wconf 76' lang='lat' dir='ltr'><strong>naturae,</strong></span> <span class='ocrx_word' id='word_1_20' title='bbox 3856 389 4006 460; x_wconf 88' lang='lat' dir='ltr'><strong>quod</strong></span> 
     </span>
    </p>
   </div>
   <div class='ocr_carea' id='block_1_5' title="bbox 705 467 2298 531">
    <p class='ocr_par' dir='ltr' id='par_1_5' title="bbox 705 467 2298 531">
     <span class='ocr_line' id='line_1_5' title="bbox 705 467 2298 531; baseline 0.004 -7"><span class='ocrx_word' id='word_1_21' title='bbox 705 467 1078 525; x_wconf 80' lang='lat' dir='ltr'><strong>Romanorum</strong></span> <span class='ocrx_word' id='word_1_22' title='bbox 1104 469 1352 526; x_wconf 78' lang='lat' dir='ltr'><strong>cladibus</strong></span> <span class='ocrx_word' id='word_1_23' title='bbox 1393 473 1578 528; x_wconf 80' lang='lat' dir='ltr'><strong>traxit.</strong></span> <span class='ocrx_word' id='word_1_24' title='bbox 1609 473 1818 529; x_wconf 67' lang='lat' dir='ltr'><strong>Cetera</strong></span> <span class='ocrx_word' id='word_1_25' title='bbox 1855 488 1987 527; x_wconf 86' lang='lat' dir='ltr'><strong>vero</strong></span> <span class='ocrx_word' id='word_1_26' title='bbox 2024 477 2298 531; x_wconf 81' lang='lat' dir='ltr'><strong>exercitus</strong></span> 
     </span>
    </p>
   </div>
   <div class='ocr_carea' id='block_1_6' title="bbox 708 562 2304 635">
    <p class='ocr_par' dir='ltr' id='par_1_6' title="bbox 708 562 2304 635">
     <span class='ocr_line' id='line_1_6' title="bbox 708 562 2304 635; baseline 0.003 -22"><span class='ocrx_word' id='word_1_27' title='bbox 708 562 887 635; x_wconf 86' lang='lat' dir='ltr'><strong>portio</strong></span> <span class='ocrx_word' id='word_1_28' title='bbox 922 563 1148 619; x_wconf 93' lang='lat' dir='ltr'><strong>Cinnam</strong></span> <span class='ocrx_word' id='word_1_29' title='bbox 1176 573 1364 620; x_wconf 88' lang='lat' dir='ltr'><strong>secuta</strong></span> <span class='ocrx_word' id='word_1_30' title='bbox 1393 573 1498 619; x_wconf 89' lang='lat' dir='ltr'><strong>est.</strong></span> <span class='ocrx_word' id='word_1_31' title='bbox 1551 567 1720 620; x_wconf 81' lang='lat' dir='ltr'><strong>Porro</strong></span> <span class='ocrx_word' id='word_1_32' title='bbox 1765 577 1944 621; x_wconf 86' lang='lat' dir='ltr'><strong>autem</strong></span> <span class='ocrx_word' id='word_1_33' title='bbox 1991 563 2093 621; x_wconf 89' lang='lat' dir='ltr'><strong>Cn.</strong></span> <span class='ocrx_word' id='word_1_34' title='bbox 2143 566 2304 621; x_wconf 82' lang='lat' dir='ltr'><strong>l‘om-</strong></span> 
     </span>
    </p>
   </div>
   <div class='ocr_carea' id='block_1_7' title="bbox 707 656 2297 727">
    <p class='ocr_par' dir='ltr' id='par_1_7' title="bbox 707 656 2297 727">
     <span class='ocr_line' id='line_1_7' title="bbox 707 656 2297 727; baseline 0.001 -16"><span class='ocrx_word' id='word_1_35' title='bbox 707 656 887 726; x_wconf 84' lang='lat' dir='ltr'><strong>peius,</strong></span> <span class='ocrx_word' id='word_1_36' title='bbox 917 656 1009 727; x_wconf 79' lang='lat' dir='ltr'><strong>qui</strong></span> <span class='ocrx_word' id='word_1_37' title='bbox 1036 671 1067 710; x_wconf 89' lang='lat' dir='ltr'><strong>a</strong></span> <span class='ocrx_word' id='word_1_38' title='bbox 1093 668 1285 713; x_wconf 86' lang='lat' dir='ltr'><strong>senatu</strong></span> <span class='ocrx_word' id='word_1_39' title='bbox 1307 672 1432 713; x_wconf 91' lang='lat' dir='ltr'><strong>cum</strong></span> <span class='ocrx_word' id='word_1_40' title='bbox 1473 658 1723 713; x_wconf 77' lang='lat' dir='ltr'><strong>exercitu</strong></span> <span class='ocrx_word' id='word_1_41' title='bbox 1752 659 2072 726; x_wconf 74' lang='lat' dir='ltr'><strong>arcessitus,</strong></span> <span class='ocrx_word' id='word_1_42' title='bbox 2104 669 2160 714; x_wconf 89' lang='lat' dir='ltr'><strong>ut</strong></span> <span class='ocrx_word' id='word_1_43' title='bbox 2190 661 2297 714; x_wconf 87' lang='lat' dir='ltr'><strong>rci-</strong></span> 
     </span>
    </p>
   </div>
   <div class='ocr_carea' id='block_1_8' title="bbox 709 746 2296 818">
    <p class='ocr_par' dir='ltr' id='par_1_8' title="bbox 709 746 2296 818">
     <span class='ocr_line' id='line_1_8' title="bbox 709 746 2296 818; baseline 0.003 -16"><span class='ocrx_word' id='word_1_44' title='bbox 709 747 934 817; x_wconf 71' lang='lat' dir='ltr'><strong>publica:</strong></span> <span class='ocrx_word' id='word_1_45' title='bbox 981 746 1364 818; x_wconf 75' lang='lat' dir='ltr'><strong>opitularetur,</strong></span> <span class='ocrx_word' id='word_1_46' title='bbox 1417 760 1470 804; x_wconf 89' lang='lat' dir='ltr'><strong>et</strong></span> <span class='ocrx_word' id='word_1_47' title='bbox 1511 749 1601 805; x_wconf 90' lang='lat' dir='ltr'><strong>diu</strong></span> <span class='ocrx_word' id='word_1_48' title='bbox 1641 765 1767 806; x_wconf 84' lang='lat' dir='ltr'><strong>sese</strong></span> <span class='ocrx_word' id='word_1_49' title='bbox 1805 767 2068 806; x_wconf 82' lang='lat' dir='ltr'><strong>novarum</strong></span> <span class='ocrx_word' id='word_1_50' title='bbox 2118 768 2296 807; x_wconf 87' lang='lat' dir='ltr'><strong>rerum</strong></span> 
     </span>
    </p>
   </div>
   <div class='ocr_carea' id='block_1_9' title="bbox 709 841 2298 915">
    <p class='ocr_par' dir='ltr' id='par_1_9' title="bbox 709 841 2298 915">
     <span class='ocr_line' id='line_1_9' title="bbox 709 841 2298 915; baseline 0.003 -20"><span class='ocrx_word' id='word_1_51' title='bbox 709 841 1072 910; x_wconf 72' lang='lat' dir='ltr'><strong>aucupatimc</strong></span> <span class='ocrx_word' id='word_1_52' title='bbox 1119 843 1502 912; x_wconf 78' lang='lat' dir='ltr'><strong>suSpenderat,</strong></span> <span class='ocrx_word' id='word_1_53' title='bbox 1547 855 1895 915; x_wconf 75' lang='lat' dir='ltr'><strong>contemptus</strong></span> <span class='ocrx_word' id='word_1_54' title='bbox 1941 861 1968 899; x_wconf 91' lang='lat' dir='ltr'><strong>a</strong></span> <span class='ocrx_word' id='word_1_55' title='bbox 2016 845 2183 901; x_wconf 81' lang='lat' dir='ltr'><strong>Mario</strong></span> <span class='ocrx_word' id='word_1_56' title='bbox 2215 848 2298 900; x_wconf 74' lang='lat' dir='ltr'><strong>vel</strong></span> 
     </span>
    </p>
   </div>
   <div class='ocr_carea' id='block_1_10' title="bbox 709 928 2300 1001">
    <p class='ocr_par' dir='ltr' id='par_1_10' title="bbox 709 928 2300 1001">
     <span class='ocr_line' id='line_1_10' title="bbox 709 928 2300 1001; baseline 0.003 -15"><span class='ocrx_word' id='word_1_57' title='bbox 709 928 905 997; x_wconf 81' lang='lat' dir='ltr'><strong>Cinna,</strong></span> <span class='ocrx_word' id='word_1_58' title='bbox 933 933 999 986; x_wconf 88' lang='lat' dir='ltr'><strong>ad</strong></span> <span class='ocrx_word' id='word_1_59' title='bbox 1028 933 1331 1000; x_wconf 84' lang='lat' dir='ltr'><strong>Octavium,</strong></span> <span class='ocrx_word' id='word_1_60' title='bbox 1360 935 1591 991; x_wconf 88' lang='lat' dir='ltr'><strong>alterum</strong></span> <span class='ocrx_word' id='word_1_61' title='bbox 1625 937 1926 1001; x_wconf 73' lang='lat' dir='ltr'><strong>tonsulem,</strong></span> <span class='ocrx_word' id='word_1_62' title='bbox 1956 949 2078 991; x_wconf 88' lang='lat' dir='ltr'><strong>sese</strong></span> <span class='ocrx_word' id='word_1_63' title='bbox 2107 949 2300 992; x_wconf 70' lang='lat' dir='ltr'><strong>clintu-</strong></span> 
     </span>
    </p>
   </div>
   <div class='ocr_carea' id='block_1_11' title="bbox 711 1022 2300 1102">
    <p class='ocr_par' dir='ltr' id='par_1_11' title="bbox 711 1022 2300 1102">
     <span class='ocr_line' id='line_1_11' title="bbox 711 1022 2300 1102; baseline 0.004 -23"><span class='ocrx_word' id='word_1_64' title='bbox 711 1022 796 1092; x_wconf 90' lang='lat' dir='ltr'><strong>lit,</strong></span> <span class='ocrx_word' id='word_1_65' title='bbox 822 1034 880 1080; x_wconf 90' lang='lat' dir='ltr'><strong>et</strong></span> <span class='ocrx_word' id='word_1_66' title='bbox 899 1040 1022 1080; x_wconf 78' lang='lat' dir='ltr'><strong>mox</strong></span> <span class='ocrx_word' id='word_1_67' title='bbox 1041 1042 1162 1082; x_wconf 90' lang='lat' dir='ltr'><strong>cum</strong></span> <span class='ocrx_word' id='word_1_68' title='bbox 1190 1025 1436 1084; x_wconf 88' lang='lat' dir='ltr'><strong>Sertorio</strong></span> <span class='ocrx_word' id='word_1_69' title='bbox 1466 1028 1731 1084; x_wconf 82' lang='lat' dir='ltr'><strong>conflixit.</strong></span> <span class='ocrx_word' id='word_1_70' title='bbox 1769 1030 2042 1086; x_wconf 75' lang='lat' dir='ltr'><strong>Infelicem</strong></span> <span class='ocrx_word' id='word_1_71' title='bbox 2069 1046 2300 1102; x_wconf 80' lang='lat' dir='ltr'><strong>pugnam</strong></span> 
     </span>
    </p>
   </div>
   <div class='ocr_carea' id='block_1_12' title="bbox 710 1117 2303 1196">
    <p class='ocr_par' dir='ltr' id='par_1_12' title="bbox 710 1117 2303 1196">
     <span class='ocr_line' id='line_1_12' title="bbox 710 1117 2303 1196; baseline 0.003 -21"><span class='ocrx_word' id='word_1_72' title='bbox 710 1117 1049 1176; x_wconf 80' lang='lat' dir='ltr'><strong>interventus</strong></span> <span class='ocrx_word' id='word_1_73' title='bbox 1095 1123 1270 1176; x_wconf 90' lang='lat' dir='ltr'><strong>noctis</strong></span> <span class='ocrx_word' id='word_1_74' title='bbox 1309 1121 1548 1178; x_wconf 86' lang='lat' dir='ltr'><strong>diremit.</strong></span> <span class='ocrx_word' id='word_1_75' title='bbox 1592 1123 1638 1155; x_wconf 76' lang='grc' dir='ltr'><strong>⁸ο</strong></span> <span class='ocrx_word' id='word_1_76' title='bbox 1671 1123 1928 1180; x_wconf 72' lang='lat' dir='ltr'><strong>Sescenti</strong></span> <span class='ocrx_word' id='word_1_77' title='bbox 1972 1141 2036 1179; x_wconf 80' lang='lat' dir='ltr'><strong>ex</strong></span> <span class='ocrx_word' id='word_1_78' title='bbox 2077 1135 2303 1196; x_wconf 88' lang='lat' dir='ltr'><strong>utraque</strong></span> 
     </span>
    </p>
   </div>
   <div class='ocr_carea' id='block_1_13' title="bbox 712 1196 2301 1283">
    <p class='ocr_par' dir='ltr' id='par_1_13' title="bbox 712 1196 2301 1283">
     <span class='ocr_line' id='line_1_13' title="bbox 712 1196 2301 1283; baseline 0.003 -15"><span class='ocrx_word' id='word_1_79' title='bbox 712 1196 871 1283; x_wconf 71' lang='lat' dir='ltr'><strong>parte</strong></span> <span class='ocrx_word' id='word_1_80' title='bbox 898 1214 1099 1269; x_wconf 86' lang='lat' dir='ltr'><strong>milites</strong></span> <span class='ocrx_word' id='word_1_81' title='bbox 1120 1214 1373 1270; x_wconf 85' lang='lat' dir='ltr'><strong>trucidati</strong></span> <span class='ocrx_word' id='word_1_82' title='bbox 1403 1225 1550 1271; x_wconf 83' lang='lat' dir='ltr'><strong>sunt.</strong></span> <span class='ocrx_word' id='word_1_83' title='bbox 1595 1216 1822 1271; x_wconf 84' lang='lat' dir='ltr'><strong>Postera</strong></span> <span class='ocrx_word' id='word_1_84' title='bbox 1849 1225 2027 1272; x_wconf 89' lang='lat' dir='ltr'><strong>autem</strong></span> <span class='ocrx_word' id='word_1_85' title='bbox 2062 1217 2151 1272; x_wconf 91' lang='lat' dir='ltr'><strong>die</strong></span> <span class='ocrx_word' id='word_1_86' title='bbox 2180 1233 2301 1272; x_wconf 89' lang='lat' dir='ltr'><strong>cunt</strong></span> 
     </span>
    </p>
   </div>
   <div class='ocr_carea' id='block_1_14' title="bbox 715 1307 2298 1382">
    <p class='ocr_par' dir='ltr' id='par_1_14' title="bbox 715 1307 2298 1382">
     <span class='ocr_line' id='line_1_14' title="bbox 715 1307 2298 1382; baseline 0.002 -21"><span class='ocrx_word' id='word_1_87' title='bbox 715 1307 1022 1378; x_wconf 74' lang='lat' dir='ltr'><strong>permixtim</strong></span> <span class='ocrx_word' id='word_1_88' title='bbox 1052 1322 1287 1378; x_wconf 85' lang='lat' dir='ltr'><strong>corpora</strong></span> <span class='ocrx_word' id='word_1_89' title='bbox 1335 1309 1402 1364; x_wconf 92' lang='lat' dir='ltr'><strong>ad</strong></span> <span class='ocrx_word' id='word_1_90' title='bbox 1443 1310 1776 1382; x_wconf 87' lang='lat' dir='ltr'><strong>sepulturam</strong></span> <span class='ocrx_word' id='word_1_91' title='bbox 1817 1310 2298 1377; x_wconf 75' lang='lat' dir='ltr'><strong>discernerentur,</strong></span> 
     </span>
    </p>
   </div>
   <div class='ocr_carea' id='block_1_15' title="bbox 713 1401 2300 1474">
    <p class='ocr_par' dir='ltr' id='par_1_15' title="bbox 713 1401 2300 1474">
     <span class='ocr_line' id='line_1_15' title="bbox 713 1401 2300 1474; baseline 0.004 -20"><span class='ocrx_word' id='word_1_92' title='bbox 713 1401 872 1457; x_wconf 85' lang='lat' dir='ltr'><strong>miles</strong></span> <span class='ocrx_word' id='word_1_93' title='bbox 901 1401 1270 1472; x_wconf 87' lang='lat' dir='ltr'><strong>Pompeianus</strong></span> <span class='ocrx_word' id='word_1_94' title='bbox 1295 1402 1339 1434; x_wconf 81' lang='lat'>&quot;</span> <span class='ocrx_word' id='word_1_95' title='bbox 1373 1401 1562 1458; x_wconf 80' lang='lat' dir='ltr'><strong>fratris</strong></span> <span class='ocrx_word' id='word_1_96' title='bbox 1591 1404 1696 1470; x_wconf 91' lang='lat' dir='ltr'><strong>sui,</strong></span> <span class='ocrx_word' id='word_1_97' title='bbox 1737 1419 1896 1474; x_wconf 91' lang='lat' dir='ltr'><strong>quem</strong></span> <span class='ocrx_word' id='word_1_98' title='bbox 1929 1403 2046 1472; x_wconf 82' lang='lat' dir='ltr'><strong>ipse</strong></span> <span class='ocrx_word' id='word_1_99' title='bbox 2074 1402 2300 1460; x_wconf 83' lang='lat' dir='ltr'><strong>interfe-</strong></span> 
     </span>
    </p>
   </div>
   <div class='ocr_carea' id='block_1_16' title="bbox 712 1485 2305 1568">
    <p class='ocr_par' dir='ltr' id='par_1_16' title="bbox 712 1485 2305 1568">
     <span class='ocr_line' id='line_1_16' title="bbox 712 1485 2305 1568; baseline 0.001 -18"><span class='ocrx_word' id='word_1_100' title='bbox 712 1504 886 1560; x_wconf 86' lang='lat' dir='ltr'><strong>cerat,</strong></span> <span class='ocrx_word' id='word_1_101' title='bbox 922 1510 1114 1566; x_wconf 82' lang='lat' dir='ltr'><strong>corpus</strong></span> <span class='ocrx_word' id='word_1_102' title='bbox 1145 1495 1383 1568; x_wconf 78' lang='lat' dir='ltr'><strong>agnovit.</strong></span> <span class='ocrx_word' id='word_1_103' title='bbox 1431 1497 1488 1552; x_wconf 89' lang='lat' dir='ltr'><strong>In</strong></span> <span class='ocrx_word' id='word_1_104' title='bbox 1528 1511 1794 1552; x_wconf 86' lang='lat' dir='ltr'><strong>concursu</strong></span> <span class='ocrx_word' id='word_1_105' title='bbox 1839 1485 1985 1553; x_wconf 85' lang='lat' dir='ltr'><strong>enim</strong></span> <span class='ocrx_word' id='word_1_106' title='bbox 2007 1499 2053 1530; x_wconf 78' lang='lat'><strong><em>“</em></strong></span> <span class='ocrx_word' id='word_1_107' title='bbox 2086 1499 2305 1568; x_wconf 90' lang='lat' dir='ltr'><strong>utrique</strong></span> 
     </span>
    </p>
   </div>
   <div class='ocr_carea' id='block_1_17' title="bbox 715 1588 2307 1662">
    <p class='ocr_par' dir='ltr' id='par_1_17' title="bbox 715 1588 2307 1662">
     <span class='ocr_line' id='line_1_17' title="bbox 715 1588 2307 1662; baseline 0.004 -17"><span class='ocrx_word' id='word_1_108' title='bbox 715 1588 1087 1659; x_wconf 81' lang='lat' dir='ltr'><strong>cognitionem</strong></span> <span class='ocrx_word' id='word_1_109' title='bbox 1147 1591 1330 1647; x_wconf 78' lang='lat' dir='ltr'><strong>vultus</strong></span> <span class='ocrx_word' id='word_1_110' title='bbox 1373 1591 1558 1662; x_wconf 90' lang='lat' dir='ltr'><strong>galea,</strong></span> <span class='ocrx_word' id='word_1_111' title='bbox 1609 1592 2107 1649; x_wconf 86' lang='lat' dir='ltr'><strong>considerationem</strong></span> <span class='ocrx_word' id='word_1_112' title='bbox 2158 1593 2307 1651; x_wconf 88' lang='lat' dir='ltr'><strong>furor</strong></span> 
     </span>
    </p>
   </div>
   <div class='ocr_carea' id='block_1_18' title="bbox 715 1683 2304 1758">
    <p class='ocr_par' dir='ltr' id='par_1_18' title="bbox 715 1683 2304 1758">
     <span class='ocr_line' id='line_1_18' title="bbox 715 1683 2304 1758; baseline 0.003 -20"><span class='ocrx_word' id='word_1_113' title='bbox 715 1683 996 1738; x_wconf 81' lang='lat' dir='ltr'><strong>ademerat</strong></span> <span class='ocrx_word' id='word_1_114' title='bbox 1028 1700 1042 1737; x_wconf 90' lang='lat'>:</span> <span class='ocrx_word' id='word_1_115' title='bbox 1070 1684 1326 1756; x_wconf 80' lang='lat' dir='ltr'><strong>quamvis</strong></span> <span class='ocrx_word' id='word_1_116' title='bbox 1353 1700 1541 1755; x_wconf 87' lang='lat' dir='ltr'><strong>parum</strong></span> <span class='ocrx_word' id='word_1_117' title='bbox 1572 1685 1644 1740; x_wconf 88' lang='lat' dir='ltr'><strong>sit</strong></span> <span class='ocrx_word' id='word_1_118' title='bbox 1670 1687 1844 1756; x_wconf 78' lang='lat' dir='ltr'><strong>eulpze</strong></span> <span class='ocrx_word' id='word_1_119' title='bbox 1870 1687 2019 1742; x_wconf 90' lang='lat' dir='ltr'><strong>circa</strong></span> <span class='ocrx_word' id='word_1_120' title='bbox 2047 1688 2304 1758; x_wconf 67' lang='lat' dir='ltr'><strong>ignorano</strong></span> 
     </span>
    </p>
   </div>
   <div class='ocr_carea' id='block_1_19' title="bbox 2404 479 4009 554">
    <p class='ocr_par' dir='ltr' id='par_1_19' title="bbox 2404 479 4009 554">
     <span class='ocr_line' id='line_1_19' title="bbox 2404 479 4009 554; baseline 0.004 -22"><span class='ocrx_word' id='word_1_121' title='bbox 2404 493 2540 532; x_wconf 90' lang='lat' dir='ltr'><strong>unus</strong></span> <span class='ocrx_word' id='word_1_122' title='bbox 2573 479 2890 547; x_wconf 86' lang='lat' dir='ltr'><strong>perimendo</strong></span> <span class='ocrx_word' id='word_1_123' title='bbox 2919 495 2983 535; x_wconf 90' lang='lat' dir='ltr'><strong>ac</strong></span> <span class='ocrx_word' id='word_1_124' title='bbox 3013 480 3290 548; x_wconf 83' lang='lat' dir='ltr'><strong>pereundo</strong></span> <span class='ocrx_word' id='word_1_125' title='bbox 3325 480 3629 550; x_wconf 82' lang='lat' dir='ltr'><strong>commisit,</strong></span> <span class='ocrx_word' id='word_1_126' title='bbox 3671 482 3797 554; x_wconf 84' lang='lat' dir='ltr'><strong>quia</strong></span> <span class='ocrx_word' id='word_1_127' title='bbox 3845 482 3902 538; x_wconf 88' lang='lat' dir='ltr'><strong>in</strong></span> <span class='ocrx_word' id='word_1_128' title='bbox 3939 496 4009 538; x_wconf 85' lang='lat' dir='ltr'><strong>se</strong></span> 
     </span>
    </p>
   </div>
   <div class='ocr_carea' id='block_1_20' title="bbox 2403 570 4011 646">
    <p class='ocr_par' dir='ltr' id='par_1_20' title="bbox 2403 570 4011 646">
     <span class='ocr_line' id='line_1_20' title="bbox 2403 570 4011 646; baseline 0.004 -23"><span class='ocrx_word' id='word_1_129' title='bbox 2403 570 2485 641; x_wconf 80' lang='lat' dir='ltr'><strong>agi</strong></span> <span class='ocrx_word' id='word_1_130' title='bbox 2519 581 2726 641; x_wconf 84' lang='lat' dir='ltr'><strong>posset,</strong></span> <span class='ocrx_word' id='word_1_131' title='bbox 2756 573 3060 639; x_wconf 89' lang='lat' dir='ltr'><strong>intremuit,</strong></span> <span class='ocrx_word' id='word_1_132' title='bbox 3111 587 3345 645; x_wconf 79' lang='lat' dir='ltr'><strong>seseque</strong></span> <span class='ocrx_word' id='word_1_133' title='bbox 3376 573 3445 629; x_wconf 92' lang='lat' dir='ltr'><strong>ab</strong></span> <span class='ocrx_word' id='word_1_134' title='bbox 3487 573 3799 646; x_wconf 86' lang='lat' dir='ltr'><strong>hujusmodi</strong></span> <span class='ocrx_word' id='word_1_135' title='bbox 3851 574 4011 630; x_wconf 83' lang='lat' dir='ltr'><strong>ince-</strong></span> 
     </span>
    </p>
   </div>
   <div class='ocr_carea' id='block_1_21' title="bbox 2403 664 4013 739">
    <p class='ocr_par' dir='ltr' id='par_1_21' title="bbox 2403 664 4013 739">
     <span class='ocr_line' id='line_1_21' title="bbox 2403 664 4013 739; baseline 0.004 -23"><span class='ocrx_word' id='word_1_136' title='bbox 2403 669 2518 730; x_wconf 88' lang='lat' dir='ltr'><strong>pto,</strong></span> <span class='ocrx_word' id='word_1_137' title='bbox 2547 665 2880 719; x_wconf 82' lang='lat' dir='ltr'><strong>conscientia</strong></span> <span class='ocrx_word' id='word_1_138' title='bbox 2912 664 3114 730; x_wconf 75' lang='lat' dir='ltr'><strong>victus,</strong></span> <span class='ocrx_word' id='word_1_139' title='bbox 3148 667 3387 721; x_wconf 89' lang='lat' dir='ltr'><strong>removit</strong></span> <span class='ocrx_word' id='word_1_140' title='bbox 3415 684 3429 720; x_wconf 90' lang='lat'><strong>:</strong></span> <span class='ocrx_word' id='word_1_141' title='bbox 3458 665 3599 733; x_wconf 81' lang='lat' dir='ltr'><strong>Quin</strong></span> <span class='ocrx_word' id='word_1_142' title='bbox 3631 666 3822 739; x_wconf 79' lang='lat' dir='ltr'><strong>potius</strong></span> <span class='ocrx_word' id='word_1_143' title='bbox 3844 665 4013 722; x_wconf 84' lang='lat' dir='ltr'><strong>annis</strong></span> 
     </span>
    </p>
   </div>
   <div class='ocr_carea' id='block_1_22' title="bbox 2403 756 4013 828">
    <p class='ocr_par' dir='ltr' id='par_1_22' title="bbox 2403 756 4013 828">
     <span class='ocr_line' id='line_1_22' title="bbox 2403 756 4013 828; baseline 0.002 -18"><span class='ocrx_word' id='word_1_144' title='bbox 2403 756 2516 812; x_wconf 85' lang='lat' dir='ltr'><strong>fere</strong></span> <span class='ocrx_word' id='word_1_145' title='bbox 2558 758 2918 828; x_wconf 78' lang='lat' dir='ltr'><strong>quadraginta</strong></span> <span class='ocrx_word' id='word_1_146' title='bbox 2959 759 3446 827; x_wconf 87' lang='lat' dir='ltr'><strong>consequentibus,</strong></span> <span class='ocrx_word' id='word_1_147' title='bbox 3486 760 3540 814; x_wconf 92' lang='lat' dir='ltr'><strong>in</strong></span> <span class='ocrx_word' id='word_1_148' title='bbox 3569 769 3782 815; x_wconf 89' lang='lat' dir='ltr'><strong>tantum</strong></span> <span class='ocrx_word' id='word_1_149' title='bbox 3827 760 4013 815; x_wconf 82' lang='lat' dir='ltr'><strong>conti-</strong></span> 
     </span>
    </p>
   </div>
   <div class='ocr_carea' id='block_1_23' title="bbox 2409 849 4016 923">
    <p class='ocr_par' dir='ltr' id='par_1_23' title="bbox 2409 849 4016 923">
     <span class='ocr_line' id='line_1_23' title="bbox 2409 849 4016 923; baseline 0.002 -19"><span class='ocrx_word' id='word_1_150' title='bbox 2409 860 2569 904; x_wconf 84' lang='lat' dir='ltr'><strong>nuata</strong></span> <span class='ocrx_word' id='word_1_151' title='bbox 2603 860 2729 905; x_wconf 91' lang='lat' dir='ltr'><strong>sunt</strong></span> <span class='ocrx_word' id='word_1_152' title='bbox 2764 849 2904 904; x_wconf 81' lang='lat' dir='ltr'><strong>bella</strong></span> <span class='ocrx_word' id='word_1_153' title='bbox 2936 851 3138 916; x_wconf 85' lang='lat' dir='ltr'><strong>civilia,</strong></span> <span class='ocrx_word' id='word_1_154' title='bbox 3177 862 3232 906; x_wconf 92' lang='lat' dir='ltr'><strong>ut</strong></span> <span class='ocrx_word' id='word_1_155' title='bbox 3258 852 3576 922; x_wconf 71' lang='lat' dir='ltr'><strong>magnitudo</strong></span> <span class='ocrx_word' id='word_1_156' title='bbox 3607 852 3811 918; x_wconf 89' lang='lat' dir='ltr'><strong>laudis,</strong></span> <span class='ocrx_word' id='word_1_157' title='bbox 3843 853 3894 885; x_wconf 79' lang='lat'><strong>&quot;</strong></span> <span class='ocrx_word' id='word_1_158' title='bbox 3918 867 4016 923; x_wconf 86' lang='lat' dir='ltr'><strong>ap-</strong></span> 
     </span>
    </p>
   </div>
   <div class='ocr_carea' id='block_1_24' title="bbox 2403 942 4013 1016">
    <p class='ocr_par' dir='ltr' id='par_1_24' title="bbox 2403 942 4013 1016">
     <span class='ocr_line' id='line_1_24' title="bbox 2403 942 4013 1016; baseline 0.002 -18"><span class='ocrx_word' id='word_1_159' title='bbox 2403 942 2684 1015; x_wconf 85' lang='lat' dir='ltr'><strong>pendcnda</strong></span> <span class='ocrx_word' id='word_1_160' title='bbox 2713 961 2783 1000; x_wconf 81' lang='lat' dir='ltr'><strong>ex</strong></span> <span class='ocrx_word' id='word_1_161' title='bbox 2817 945 3192 1015; x_wconf 80' lang='lat' dir='ltr'><strong>magnitudine</strong></span> <span class='ocrx_word' id='word_1_162' title='bbox 3220 947 3444 1002; x_wconf 74' lang='lat' dir='ltr'><strong>sceleris</strong></span> <span class='ocrx_word' id='word_1_163' title='bbox 3467 956 3763 1016; x_wconf 81' lang='lat' dir='ltr'><strong>putaretur.</strong></span> <span class='ocrx_word' id='word_1_164' title='bbox 3796 945 4013 1002; x_wconf 81' lang='lat' dir='ltr'><strong>Omnes</strong></span> 
     </span>
    </p>
   </div>
   <div class='ocr_carea' id='block_1_25' title="bbox 2403 1035 4011 1107">
    <p class='ocr_par' dir='ltr' id='par_1_25' title="bbox 2403 1035 4011 1107">
     <span class='ocr_line' id='line_1_25' title="bbox 2403 1035 4011 1107; baseline 0.002 -17"><span class='ocrx_word' id='word_1_165' title='bbox 2403 1035 2546 1090; x_wconf 88' lang='lat' dir='ltr'><strong>enim</strong></span> <span class='ocrx_word' id='word_1_166' title='bbox 2593 1045 2715 1106; x_wconf 88' lang='lat' dir='ltr'><strong>post</strong></span> <span class='ocrx_word' id='word_1_167' title='bbox 2746 1036 2853 1091; x_wconf 85' lang='lat' dir='ltr'><strong>tale</strong></span> <span class='ocrx_word' id='word_1_168' title='bbox 2882 1037 3272 1092; x_wconf 86' lang='lat' dir='ltr'><strong>documentum</strong></span> <span class='ocrx_word' id='word_1_169' title='bbox 3304 1037 3352 1070; x_wconf 76' lang='grc'><strong>’⁸</strong></span> <span class='ocrx_word' id='word_1_170' title='bbox 3378 1039 3430 1091; x_wconf 94' lang='lat' dir='ltr'><strong>in</strong></span> <span class='ocrx_word' id='word_1_171' title='bbox 3463 1038 3554 1093; x_wconf 91' lang='lat' dir='ltr'><strong>tali</strong></span> <span class='ocrx_word' id='word_1_172' title='bbox 3587 1038 3780 1093; x_wconf 87' lang='lat' dir='ltr'><strong>militia</strong></span> <span class='ocrx_word' id='word_1_173' title='bbox 3821 1036 4011 1107; x_wconf 80' lang='lat' dir='ltr'><strong>parri-</strong></span> 
     </span>
    </p>
   </div>
   <div class='ocr_carea' id='block_1_26' title="bbox 2403 1128 4014 1202">
    <p class='ocr_par' dir='ltr' id='par_1_26' title="bbox 2403 1128 4014 1202">
     <span class='ocr_line' id='line_1_26' title="bbox 2403 1128 4014 1202; baseline -0.001 -16"><span class='ocrx_word' id='word_1_174' title='bbox 2403 1130 2672 1186; x_wconf 71' lang='lat' dir='ltr'><strong>cidiorum</strong></span> <span class='ocrx_word' id='word_1_175' title='bbox 2716 1130 2956 1201; x_wconf 85' lang='lat' dir='ltr'><strong>pericula</strong></span> <span class='ocrx_word' id='word_1_176' title='bbox 3006 1128 3359 1200; x_wconf 80' lang='lat' dir='ltr'><strong>refugissent,</strong></span> <span class='ocrx_word' id='word_1_177' title='bbox 3403 1131 3503 1186; x_wconf 89' lang='lat' dir='ltr'><strong>nisi</strong></span> <span class='ocrx_word' id='word_1_178' title='bbox 3546 1129 3852 1200; x_wconf 73' lang='lat' dir='ltr'><strong>parricidia</strong></span> <span class='ocrx_word' id='word_1_179' title='bbox 3888 1129 4014 1202; x_wconf 71' lang='lat' dir='ltr'><strong>ipsa</strong></span> 
     </span>
    </p>
   </div>
   <div class='ocr_carea' id='block_1_27' title="bbox 2406 1219 4017 1291">
    <p class='ocr_par' dir='ltr' id='par_1_27' title="bbox 2406 1219 4017 1291">
     <span class='ocr_line' id='line_1_27' title="bbox 2406 1219 4017 1291; baseline 0.001 -15"><span class='ocrx_word' id='word_1_180' title='bbox 2406 1223 2728 1278; x_wconf 88' lang='lat' dir='ltr'><strong>voluissent.</strong></span> <span class='ocrx_word' id='word_1_181' title='bbox 2781 1221 2948 1291; x_wconf 82' lang='lat' dir='ltr'><strong>igitur</strong></span> <span class='ocrx_word' id='word_1_182' title='bbox 2991 1220 3190 1276; x_wconf 81' lang='lat' dir='ltr'><strong>Marius</strong></span> <span class='ocrx_word' id='word_1_183' title='bbox 3215 1221 3262 1256; x_wconf 81' lang='lat'><strong>”</strong></span> <span class='ocrx_word' id='word_1_184' title='bbox 3293 1219 3566 1276; x_wconf 90' lang='lat' dir='ltr'><strong>coloniam</strong></span> <span class='ocrx_word' id='word_1_185' title='bbox 3602 1221 3917 1278; x_wconf 83' lang='lat' dir='ltr'><strong>Ostiensem</strong></span> <span class='ocrx_word' id='word_1_186' title='bbox 3954 1223 4017 1278; x_wconf 78' lang='lat' dir='ltr'><strong>vi</strong></span> 
     </span>
    </p>
   </div>
   <div class='ocr_carea' id='block_1_28' title="bbox 2405 1311 4016 1383">
    <p class='ocr_par' dir='ltr' id='par_1_28' title="bbox 2405 1311 4016 1383">
     <span class='ocr_line' id='line_1_28' title="bbox 2405 1311 4016 1383; baseline -0.001 -15"><span class='ocrx_word' id='word_1_187' title='bbox 2405 1314 2702 1383; x_wconf 84' lang='lat' dir='ltr'><strong>ingressus,</strong></span> <span class='ocrx_word' id='word_1_188' title='bbox 2756 1312 2933 1366; x_wconf 89' lang='lat' dir='ltr'><strong>omnia</strong></span> <span class='ocrx_word' id='word_1_189' title='bbox 2978 1312 3050 1366; x_wconf 89' lang='lat' dir='ltr'><strong>ibi</strong></span> <span class='ocrx_word' id='word_1_190' title='bbox 3101 1328 3300 1382; x_wconf 86' lang='lat' dir='ltr'><strong>genera</strong></span> <span class='ocrx_word' id='word_1_191' title='bbox 3347 1311 3614 1377; x_wconf 87' lang='lat' dir='ltr'><strong>libidinis,</strong></span> <span class='ocrx_word' id='word_1_192' title='bbox 3655 1313 3908 1369; x_wconf 74' lang='lat' dir='ltr'><strong>avaritiae</strong></span> <span class='ocrx_word' id='word_1_193' title='bbox 3948 1322 4016 1370; x_wconf 84' lang='lat' dir='ltr'><strong>et</strong></span> 
     </span>
    </p>
   </div>
   <div class='ocr_carea' id='block_1_29' title="bbox 2404 1403 4014 1475">
    <p class='ocr_par' dir='ltr' id='par_1_29' title="bbox 2404 1403 4014 1475">
     <span class='ocr_line' id='line_1_29' title="bbox 2404 1403 4014 1475; baseline -0.001 -13"><span class='ocrx_word' id='word_1_194' title='bbox 2404 1403 2745 1462; x_wconf 88' lang='lat' dir='ltr'><strong>crudelitatis</strong></span> <span class='ocrx_word' id='word_1_195' title='bbox 2790 1405 3055 1460; x_wconf 84' lang='lat' dir='ltr'><strong>exercuit.</strong></span> <span class='ocrx_word' id='word_1_196' title='bbox 3097 1403 3419 1475; x_wconf 86' lang='lat' dir='ltr'><strong>Pompeius,</strong></span> <span class='ocrx_word' id='word_1_197' title='bbox 3464 1403 3693 1462; x_wconf 83' lang='lat' dir='ltr'><strong>fulmine</strong></span> <span class='ocrx_word' id='word_1_198' title='bbox 3748 1404 4014 1474; x_wconf 75' lang='lat' dir='ltr'><strong>alllatns,</strong></span> 
     </span>
    </p>
   </div>
   <div class='ocr_carea' id='block_1_30' title="bbox 2406 1496 4015 1570">
    <p class='ocr_par' dir='ltr' id='par_1_30' title="bbox 2406 1496 4015 1570">
     <span class='ocr_line' id='line_1_30' title="bbox 2406 1496 4015 1570; baseline -0.001 -16"><span class='ocrx_word' id='word_1_199' title='bbox 2406 1498 2617 1554; x_wconf 88' lang='lat' dir='ltr'><strong>interiit</strong></span> <span class='ocrx_word' id='word_1_200' title='bbox 2648 1514 2663 1553; x_wconf 90' lang='lat'><strong>:</strong></span> <span class='ocrx_word' id='word_1_201' title='bbox 2695 1500 2968 1553; x_wconf 81' lang='lat' dir='ltr'><strong>exercitus</strong></span> <span class='ocrx_word' id='word_1_202' title='bbox 3010 1511 3143 1553; x_wconf 87' lang='lat' dir='ltr'><strong>vero</strong></span> <span class='ocrx_word' id='word_1_203' title='bbox 3172 1496 3294 1566; x_wconf 83' lang='lat' dir='ltr'><strong>ejus</strong></span> <span class='ocrx_word' id='word_1_204' title='bbox 3322 1497 3628 1567; x_wconf 85' lang='lat' dir='ltr'><strong>pestilentia</strong></span> <span class='ocrx_word' id='word_1_205' title='bbox 3669 1508 3970 1570; x_wconf 87' lang='lat' dir='ltr'><strong>correptus</strong></span> <span class='ocrx_word' id='word_1_206' title='bbox 3995 1539 4015 1565; x_wconf 87' lang='lat'><strong>,</strong></span> 
     </span>
    </p>
   </div>
   <div class='ocr_carea' id='block_1_31' title="bbox 2409 1586 4018 1663">
    <p class='ocr_par' dir='ltr' id='par_1_31' title="bbox 2409 1586 4018 1663">
     <span class='ocr_line' id='line_1_31' title="bbox 2409 1586 4018 1663; baseline -0.001 -16"><span class='ocrx_word' id='word_1_207' title='bbox 2409 1604 2549 1663; x_wconf 88' lang='lat' dir='ltr'><strong>pene</strong></span> <span class='ocrx_word' id='word_1_208' title='bbox 2580 1597 2726 1644; x_wconf 90' lang='lat' dir='ltr'><strong>totus</strong></span> <span class='ocrx_word' id='word_1_209' title='bbox 2757 1589 3079 1658; x_wconf 81' lang='lat' dir='ltr'><strong>absumptus</strong></span> <span class='ocrx_word' id='word_1_210' title='bbox 3109 1596 3212 1644; x_wconf 89' lang='lat' dir='ltr'><strong>est.</strong></span> <span class='ocrx_word' id='word_1_211' title='bbox 3248 1587 3383 1644; x_wconf 85' lang='lat' dir='ltr'><strong>Nam</strong></span> <span class='ocrx_word' id='word_1_212' title='bbox 3415 1587 3668 1645; x_wconf 90' lang='lat' dir='ltr'><strong>undecim</strong></span> <span class='ocrx_word' id='word_1_213' title='bbox 3704 1591 3879 1644; x_wconf 86' lang='lat' dir='ltr'><strong>millia</strong></span> <span class='ocrx_word' id='word_1_214' title='bbox 3919 1586 4018 1645; x_wconf 83' lang='lat' dir='ltr'><strong>vi-</strong></span> 
     </span>
    </p>
   </div>
   <div class='ocr_carea' id='block_1_32' title="bbox 2409 1678 4021 1749">
    <p class='ocr_par' dir='ltr' id='par_1_32' title="bbox 2409 1678 4021 1749">
     <span class='ocr_line' id='line_1_32' title="bbox 2409 1678 4021 1749; baseline 0 -12"><span class='ocrx_word' id='word_1_215' title='bbox 2409 1696 2594 1737; x_wconf 86' lang='lat' dir='ltr'><strong>rorum</strong></span> <span class='ocrx_word' id='word_1_216' title='bbox 2609 1679 2678 1736; x_wconf 91' lang='lat' dir='ltr'><strong>de</strong></span> <span class='ocrx_word' id='word_1_217' title='bbox 2695 1680 2891 1736; x_wconf 86' lang='lat' dir='ltr'><strong>castris</strong></span> <span class='ocrx_word' id='word_1_218' title='bbox 2906 1678 3148 1749; x_wconf 90' lang='lat' dir='ltr'><strong>Pompeii</strong></span> <span class='ocrx_word' id='word_1_219' title='bbox 3174 1687 3412 1745; x_wconf 87' lang='lat' dir='ltr'><strong>mortua,</strong></span> <span class='ocrx_word' id='word_1_220' title='bbox 3435 1694 3533 1735; x_wconf 84' lang='lat' dir='ltr'><strong>ses</strong></span> <span class='ocrx_word' id='word_1_221' title='bbox 3555 1681 3722 1736; x_wconf 85' lang='lat' dir='ltr'><strong>millia</strong></span> <span class='ocrx_word' id='word_1_222' title='bbox 3741 1689 3928 1736; x_wconf 86' lang='lat' dir='ltr'><strong>autem</strong></span> <span class='ocrx_word' id='word_1_223' title='bbox 3939 1679 4021 1737; x_wconf 84' lang='lat' dir='ltr'><strong>de</strong></span> 
     </span>
    </p>
   </div>
   <div class='ocr_carea' id='block_1_33' title="bbox 718 1772 4023 1849">
    <p class='ocr_par' dir='ltr' id='par_1_33' title="bbox 718 1772 4023 1849">
     <span class='ocr_line' id='line_1_33' title="bbox 718 1772 4023 1849; baseline 0 -18"><span class='ocrx_word' id='word_1_224' title='bbox 718 1776 874 1843; x_wconf 91' lang='lat' dir='ltr'><strong>tiam,</strong></span> <span class='ocrx_word' id='word_1_225' title='bbox 908 1789 969 1832; x_wconf 87' lang='lat' dir='ltr'><strong>ut</strong></span> <span class='ocrx_word' id='word_1_226' title='bbox 998 1774 1245 1832; x_wconf 83' lang='lat' dir='ltr'><strong>videatur</strong></span> <span class='ocrx_word' id='word_1_227' title='bbox 1277 1778 1521 1833; x_wconf 88' lang='lat' dir='ltr'><strong>nescisse</strong></span> <span class='ocrx_word' id='word_1_228' title='bbox 1549 1777 1617 1832; x_wconf 91' lang='lat' dir='ltr'><strong>de</strong></span> <span class='ocrx_word' id='word_1_229' title='bbox 1652 1775 1842 1845; x_wconf 80' lang='lat' dir='ltr'><strong>fratre,</strong></span> <span class='ocrx_word' id='word_1_230' title='bbox 1867 1793 2027 1849; x_wconf 90' lang='lat' dir='ltr'><strong>quem</strong></span> <span class='ocrx_word' id='word_1_231' title='bbox 2059 1795 2164 1833; x_wconf 90' lang='lat' dir='ltr'><strong>non</strong></span> <span class='ocrx_word' id='word_1_232' title='bbox 2192 1794 2307 1833; x_wconf 86' lang='lat' dir='ltr'><strong>am-</strong></span> <span class='ocrx_word' id='word_1_233' title='bbox 2339 1777 2385 1839; x_wconf 82' lang='grc' dir='ltr'><strong>Β</strong></span> <span class='ocrx_word' id='word_1_234' title='bbox 2411 1773 2573 1846; x_wconf 64' lang='grc'><strong>345</strong></span> <span class='ocrx_word' id='word_1_235' title='bbox 2597 1783 2748 1842; x_wconf 86' lang='lat' dir='ltr'><strong>parte</strong></span> <span class='ocrx_word' id='word_1_236' title='bbox 2768 1772 2973 1830; x_wconf 86' lang='lat' dir='ltr'><strong>Oetavii</strong></span> <span class='ocrx_word' id='word_1_237' title='bbox 2997 1773 3239 1830; x_wconf 87' lang='lat' dir='ltr'><strong>consulis</strong></span> <span class='ocrx_word' id='word_1_238' title='bbox 3256 1772 3608 1831; x_wconf 80' lang='lat' dir='ltr'><strong>“desiderata</strong></span> <span class='ocrx_word' id='word_1_239' title='bbox 3636 1786 3785 1834; x_wconf 87' lang='lat' dir='ltr'><strong>sunt.</strong></span> <span class='ocrx_word' id='word_1_240' title='bbox 3799 1774 4023 1832; x_wconf 76' lang='lat' dir='ltr'><strong>Marius</strong></span> 
     </span>
    </p>
   </div>
   <div class='ocr_carea' id='block_1_34' title="bbox 716 1869 2305 1942">
    <p class='ocr_par' dir='ltr' id='par_1_34' title="bbox 716 1869 2305 1942">
     <span class='ocr_line' id='line_1_34' title="bbox 716 1869 2305 1942; baseline 0.001 -16"><span class='ocrx_word' id='word_1_241' title='bbox 716 1870 921 1942; x_wconf 84' lang='lat' dir='ltr'><strong>bigilnr</strong></span> <span class='ocrx_word' id='word_1_242' title='bbox 949 1869 1119 1927; x_wconf 86' lang='lat' dir='ltr'><strong>scisse</strong></span> <span class='ocrx_word' id='word_1_243' title='bbox 1137 1871 1206 1928; x_wconf 89' lang='lat' dir='ltr'><strong>de</strong></span> <span class='ocrx_word' id='word_1_244' title='bbox 1242 1871 1385 1928; x_wconf 89' lang='lat' dir='ltr'><strong>cive.</strong></span> <span class='ocrx_word' id='word_1_245' title='bbox 1416 1871 1605 1942; x_wconf 83' lang='lat' dir='ltr'><strong>Itaque</strong></span> <span class='ocrx_word' id='word_1_246' title='bbox 1636 1874 1811 1927; x_wconf 86' lang='lat' dir='ltr'><strong>victor</strong></span> <span class='ocrx_word' id='word_1_247' title='bbox 1836 1874 1981 1927; x_wconf 85' lang='lat' dir='ltr'><strong>victo</strong></span> <span class='ocrx_word' id='word_1_248' title='bbox 2011 1872 2305 1940; x_wconf 85' lang='lat' dir='ltr'><strong>infelicior,</strong></span> 
     </span>
    </p>
   </div>
   <div class='ocr_carea' id='block_1_35' title="bbox 719 1963 2302 2035">
    <p class='ocr_par' dir='ltr' id='par_1_35' title="bbox 719 1963 2302 2035">
     <span class='ocr_line' id='line_1_35' title="bbox 719 1963 2302 2035; baseline 0.001 -15"><span class='ocrx_word' id='word_1_249' title='bbox 719 1965 811 2021; x_wconf 89' lang='lat' dir='ltr'><strong>ubi</strong></span> <span class='ocrx_word' id='word_1_250' title='bbox 837 1973 896 2020; x_wconf 91' lang='lat' dir='ltr'><strong>et</strong></span> <span class='ocrx_word' id='word_1_251' title='bbox 925 1963 1109 2020; x_wconf 82' lang='lat' dir='ltr'><strong>fratris</strong></span> <span class='ocrx_word' id='word_1_252' title='bbox 1137 1979 1341 2035; x_wconf 90' lang='lat' dir='ltr'><strong>corpus</strong></span> <span class='ocrx_word' id='word_1_253' title='bbox 1369 1966 1615 2034; x_wconf 71' lang='lat' dir='ltr'><strong>agnovit,</strong></span> <span class='ocrx_word' id='word_1_254' title='bbox 1649 1974 1707 2020; x_wconf 94' lang='lat' dir='ltr'><strong>et</strong></span> <span class='ocrx_word' id='word_1_255' title='bbox 1740 1965 2090 2035; x_wconf 89' lang='lat' dir='ltr'><strong>parricidium</strong></span> <span class='ocrx_word' id='word_1_256' title='bbox 2124 1981 2302 2021; x_wconf 89' lang='lat' dir='ltr'><strong>suum.</strong></span> 
     </span>
    </p>
   </div>
   <div class='ocr_carea' id='block_1_36' title="bbox 714 2056 2305 2130">
    <p class='ocr_par' dir='ltr' id='par_1_36' title="bbox 714 2056 2305 2130">
     <span class='ocr_line' id='line_1_36' title="bbox 714 2056 2305 2130; baseline 0.001 -18"><span class='ocrx_word' id='word_1_257' title='bbox 714 2056 765 2089; x_wconf 83' lang='grc'><strong>³³</strong></span> <span class='ocrx_word' id='word_1_258' title='bbox 792 2067 1110 2113; x_wconf 81' lang='lat' dir='ltr'><strong>exsecratus</strong></span> <span class='ocrx_word' id='word_1_259' title='bbox 1136 2057 1275 2112; x_wconf 87' lang='lat' dir='ltr'><strong>bella</strong></span> <span class='ocrx_word' id='word_1_260' title='bbox 1299 2057 1500 2121; x_wconf 82' lang='lat' dir='ltr'><strong>civilia,</strong></span> <span class='ocrx_word' id='word_1_261' title='bbox 1533 2058 1683 2112; x_wconf 91' lang='lat' dir='ltr'><strong>illico</strong></span> <span class='ocrx_word' id='word_1_262' title='bbox 1717 2068 1903 2127; x_wconf 88' lang='lat' dir='ltr'><strong>pectus</strong></span> <span class='ocrx_word' id='word_1_263' title='bbox 1931 2073 2086 2113; x_wconf 87' lang='lat' dir='ltr'><strong>suum</strong></span> <span class='ocrx_word' id='word_1_264' title='bbox 2115 2058 2305 2130; x_wconf 68' lang='lat' dir='ltr'><strong>gladio</strong></span> 
     </span>
    </p>
   </div>
   <div class='ocr_carea' id='block_1_37' title="bbox 714 2148 2303 2222">
    <p class='ocr_par' dir='ltr' id='par_1_37' title="bbox 714 2148 2303 2222">
     <span class='ocr_line' id='line_1_37' title="bbox 714 2148 2303 2222; baseline 0.001 -18"><span class='ocrx_word' id='word_1_265' title='bbox 714 2148 1198 2213; x_wconf 71' lang='lat' dir='ltr'><strong>transverberatis.</strong></span> <span class='ocrx_word' id='word_1_266' title='bbox 1248 2149 1519 2219; x_wconf 78' lang='lat' dir='ltr'><strong>simulque</strong></span> <span class='ocrx_word' id='word_1_267' title='bbox 1571 2148 1840 2222; x_wconf 82' lang='lat' dir='ltr'><strong>laerymas</strong></span> <span class='ocrx_word' id='word_1_268' title='bbox 1885 2159 1941 2205; x_wconf 92' lang='lat' dir='ltr'><strong>et</strong></span> <span class='ocrx_word' id='word_1_269' title='bbox 1979 2152 2303 2219; x_wconf 78' lang='lat' dir='ltr'><strong>sanguinem</strong></span> 
     </span>
    </p>
   </div>
   <div class='ocr_carea' id='block_1_38' title="bbox 714 2239 2305 2312">
    <p class='ocr_par' dir='ltr' id='par_1_38' title="bbox 714 2239 2305 2312">
     <span class='ocr_line' id='line_1_38' title="bbox 714 2239 2305 2312; baseline 0.001 -16"><span class='ocrx_word' id='word_1_270' title='bbox 714 2239 971 2307; x_wconf 84' lang='lat' dir='ltr'><strong>fundens,</strong></span> <span class='ocrx_word' id='word_1_271' title='bbox 1005 2255 1170 2311; x_wconf 88' lang='lat' dir='ltr'><strong>super</strong></span> <span class='ocrx_word' id='word_1_272' title='bbox 1211 2240 1508 2296; x_wconf 84' lang='lat' dir='ltr'><strong>fraternum</strong></span> <span class='ocrx_word' id='word_1_273' title='bbox 1541 2256 1664 2297; x_wconf 88' lang='lat' dir='ltr'><strong>sese</strong></span> <span class='ocrx_word' id='word_1_274' title='bbox 1711 2239 1944 2296; x_wconf 83' lang='lat' dir='ltr'><strong>cadaver</strong></span> <span class='ocrx_word' id='word_1_275' title='bbox 1985 2242 2203 2312; x_wconf 86' lang='lat' dir='ltr'><strong>abjecil.</strong></span> <span class='ocrx_word' id='word_1_276' title='bbox 2242 2245 2305 2298; x_wconf 84' lang='lat' dir='ltr'><strong>Et</strong></span> 
     </span>
    </p>
   </div>
   <div class='ocr_carea' id='block_1_39' title="bbox 726 2331 2307 2404">
    <p class='ocr_par' dir='ltr' id='par_1_39' title="bbox 726 2331 2307 2404">
     <span class='ocr_line' id='line_1_39' title="bbox 726 2331 2307 2404; baseline 0.001 -17"><span class='ocrx_word' id='word_1_277' title='bbox 726 2333 854 2404; x_wconf 86' lang='lat' dir='ltr'><strong>quid</strong></span> <span class='ocrx_word' id='word_1_278' title='bbox 887 2332 988 2388; x_wconf 80' lang='lat' dir='ltr'><strong>hoc</strong></span> <span class='ocrx_word' id='word_1_279' title='bbox 1015 2331 1220 2402; x_wconf 90' lang='lat' dir='ltr'><strong>profuit</strong></span> <span class='ocrx_word' id='word_1_280' title='bbox 1248 2331 1296 2364; x_wconf 72' lang='lat'>“</span> <span class='ocrx_word' id='word_1_281' title='bbox 1316 2333 1382 2386; x_wconf 87' lang='lat' dir='ltr'><strong>ad</strong></span> <span class='ocrx_word' id='word_1_282' title='bbox 1415 2332 1788 2388; x_wconf 87' lang='lat' dir='ltr'><strong>confusionem</strong></span> <span class='ocrx_word' id='word_1_283' title='bbox 1818 2333 2056 2388; x_wconf 89' lang='lat' dir='ltr'><strong>crudelis</strong></span> <span class='ocrx_word' id='word_1_284' title='bbox 2085 2333 2307 2404; x_wconf 83' lang='lat' dir='ltr'><strong>incepti,</strong></span> 
     </span>
    </p>
   </div>
   <div class='ocr_carea' id='block_1_40' title="bbox 715 2423 2307 2495">
    <p class='ocr_par' dir='ltr' id='par_1_40' title="bbox 715 2423 2307 2495">
     <span class='ocr_line' id='line_1_40' title="bbox 715 2423 2307 2495; baseline 0.002 -18"><span class='ocrx_word' id='word_1_285' title='bbox 715 2423 858 2495; x_wconf 86' lang='lat' dir='ltr'><strong>quod</strong></span> <span class='ocrx_word' id='word_1_286' title='bbox 889 2424 943 2478; x_wconf 91' lang='lat' dir='ltr'><strong>in</strong></span> <span class='ocrx_word' id='word_1_287' title='bbox 975 2423 1148 2493; x_wconf 86' lang='lat' dir='ltr'><strong>primo</strong></span> <span class='ocrx_word' id='word_1_288' title='bbox 1171 2424 1350 2477; x_wconf 89' lang='lat' dir='ltr'><strong>statim</strong></span> <span class='ocrx_word' id='word_1_289' title='bbox 1382 2424 1648 2478; x_wconf 83' lang='lat' dir='ltr'><strong>bellorum</strong></span> <span class='ocrx_word' id='word_1_290' title='bbox 1679 2423 1919 2478; x_wconf 82' lang='lat' dir='ltr'><strong>civilium</strong></span> <span class='ocrx_word' id='word_1_291' title='bbox 1952 2423 2180 2479; x_wconf 74' lang='lat' dir='ltr'><strong>exordio</strong></span> <span class='ocrx_word' id='word_1_292' title='bbox 2223 2424 2307 2480; x_wconf 87' lang='lat' dir='ltr'><strong>in-</strong></span> 
     </span>
    </p>
   </div>
   <div class='ocr_carea' id='block_1_41' title="bbox 717 2511 2310 2588">
    <p class='ocr_par' dir='ltr' id='par_1_41' title="bbox 717 2511 2310 2588">
     <span class='ocr_line' id='line_1_41' title="bbox 717 2511 2310 2588; baseline 0.003 -19"><span class='ocrx_word' id='word_1_293' title='bbox 717 2513 874 2570; x_wconf 88' lang='lat' dir='ltr'><strong>famis</strong></span> <span class='ocrx_word' id='word_1_294' title='bbox 918 2513 1057 2570; x_wconf 84' lang='lat' dir='ltr'><strong>fama</strong></span> <span class='ocrx_word' id='word_1_295' title='bbox 1098 2511 1262 2588; x_wconf 62' lang='lat'><strong>3“</strong></span> <span class='ocrx_word' id='word_1_296' title='bbox 1296 2514 1636 2585; x_wconf 85' lang='lat' dir='ltr'><strong>percrebuit,</strong></span> <span class='ocrx_word' id='word_1_297' title='bbox 1681 2517 2031 2571; x_wconf 84' lang='lat' dir='ltr'><strong>concurrisse</strong></span> <span class='ocrx_word' id='word_1_298' title='bbox 2086 2517 2310 2587; x_wconf 86' lang='lat' dir='ltr'><strong>ignaros</strong></span> 
     </span>
    </p>
   </div>
   <div class='ocr_carea' id='block_1_42' title="bbox 720 2606 2307 2678">
    <p class='ocr_par' dir='ltr' id='par_1_42' title="bbox 720 2606 2307 2678">
     <span class='ocr_line' id='line_1_42' title="bbox 720 2606 2307 2678; baseline 0 -15"><span class='ocrx_word' id='word_1_299' title='bbox 720 2608 941 2678; x_wconf 85' lang='lat' dir='ltr'><strong>quidem</strong></span> <span class='ocrx_word' id='word_1_300' title='bbox 965 2606 1188 2670; x_wconf 82' lang='lat' dir='ltr'><strong>fratres.</strong></span> <span class='ocrx_word' id='word_1_301' title='bbox 1212 2608 1307 2664; x_wconf 80' lang='lat' dir='ltr'><strong>sed</strong></span> <span class='ocrx_word' id='word_1_302' title='bbox 1329 2609 1583 2665; x_wconf 90' lang='lat' dir='ltr'><strong>conscios</strong></span> <span class='ocrx_word' id='word_1_303' title='bbox 1603 2607 1753 2663; x_wconf 82' lang='lat' dir='ltr'><strong>cives</strong></span> <span class='ocrx_word' id='word_1_304' title='bbox 1776 2627 1791 2663; x_wconf 90' lang='lat'><strong>:</strong></span> <span class='ocrx_word' id='word_1_305' title='bbox 1818 2606 2038 2677; x_wconf 87' lang='lat' dir='ltr'><strong>petiisse</strong></span> <span class='ocrx_word' id='word_1_306' title='bbox 2062 2608 2307 2676; x_wconf 79' lang='lat' dir='ltr'><strong>fratrem,</strong></span> 
     </span>
    </p>
   </div>
   <div class='ocr_carea' id='block_1_43' title="bbox 727 2701 2312 2772">
    <p class='ocr_par' dir='ltr' id='par_1_43' title="bbox 727 2701 2312 2772">
     <span class='ocr_line' id='line_1_43' title="bbox 727 2701 2312 2772; baseline -0.001 -14"><span class='ocrx_word' id='word_1_307' title='bbox 727 2702 938 2759; x_wconf 84' lang='lat' dir='ltr'><strong>scelere</strong></span> <span class='ocrx_word' id='word_1_308' title='bbox 962 2703 1248 2770; x_wconf 81' lang='lat' dir='ltr'><strong>victorem,</strong></span> <span class='ocrx_word' id='word_1_309' title='bbox 1293 2701 1467 2772; x_wconf 85' lang='lat' dir='ltr'><strong>spolia</strong></span> <span class='ocrx_word' id='word_1_310' title='bbox 1512 2703 1694 2757; x_wconf 87' lang='lat' dir='ltr'><strong>fratris</strong></span> <span class='ocrx_word' id='word_1_311' title='bbox 1722 2703 1928 2758; x_wconf 73' lang='lat' dir='ltr'><strong>occisi:</strong></span> <span class='ocrx_word' id='word_1_312' title='bbox 1955 2717 2019 2757; x_wconf 90' lang='lat' dir='ltr'><strong>ac</strong></span> <span class='ocrx_word' id='word_1_313' title='bbox 2045 2718 2169 2757; x_wconf 79' lang='lat' dir='ltr'><strong>mox</strong></span> <span class='ocrx_word' id='word_1_314' title='bbox 2195 2713 2312 2758; x_wconf 81' lang='lat' dir='ltr'><strong>tan-</strong></span> 
     </span>
    </p>
   </div>
   <div class='ocr_carea' id='block_1_44' title="bbox 718 2793 2294 2866">
    <p class='ocr_par' dir='ltr' id='par_1_44' title="bbox 718 2793 2294 2866">
     <span class='ocr_line' id='line_1_44' title="bbox 718 2793 2294 2866; baseline -0.001 -14"><span class='ocrx_word' id='word_1_315' title='bbox 718 2804 787 2852; x_wconf 67' lang='grc' dir='ltr'><strong>ιω</strong></span> <span class='ocrx_word' id='word_1_316' title='bbox 833 2796 1181 2852; x_wconf 86' lang='lat' dir='ltr'><strong>immanitatis</strong></span> <span class='ocrx_word' id='word_1_317' title='bbox 1225 2811 1409 2862; x_wconf 86' lang='lat' dir='ltr'><strong>reum,</strong></span> <span class='ocrx_word' id='word_1_318' title='bbox 1455 2795 1647 2851; x_wconf 90' lang='lat' dir='ltr'><strong>eodem</strong></span> <span class='ocrx_word' id='word_1_319' title='bbox 1684 2793 1864 2866; x_wconf 86' lang='lat' dir='ltr'><strong>gladio</strong></span> <span class='ocrx_word' id='word_1_320' title='bbox 1904 2806 2067 2866; x_wconf 90' lang='lat' dir='ltr'><strong>atque</strong></span> <span class='ocrx_word' id='word_1_321' title='bbox 2106 2795 2294 2850; x_wconf 84' lang='lat' dir='ltr'><strong>eadem</strong></span> 
     </span>
    </p>
   </div>
   <div class='ocr_carea' id='block_1_45' title="bbox 718 2885 2305 2959">
    <p class='ocr_par' dir='ltr' id='par_1_45' title="bbox 718 2885 2305 2959">
     <span class='ocr_line' id='line_1_45' title="bbox 718 2885 2305 2959; baseline -0.001 -15"><span class='ocrx_word' id='word_1_322' title='bbox 718 2903 879 2944; x_wconf 89' lang='lat' dir='ltr'><strong>manu</strong></span> <span class='ocrx_word' id='word_1_323' title='bbox 907 2903 1002 2959; x_wconf 89' lang='lat' dir='ltr'><strong>per</strong></span> <span class='ocrx_word' id='word_1_324' title='bbox 1018 2901 1171 2943; x_wconf 90' lang='lat' dir='ltr'><strong>suam</strong></span> <span class='ocrx_word' id='word_1_325' title='bbox 1207 2902 1394 2943; x_wconf 90' lang='lat' dir='ltr'><strong>necem</strong></span> <span class='ocrx_word' id='word_1_326' title='bbox 1426 2885 1795 2958; x_wconf 88' lang='lat' dir='ltr'><strong>parricidium,</strong></span> <span class='ocrx_word' id='word_1_327' title='bbox 1818 2886 1961 2956; x_wconf 86' lang='lat' dir='ltr'><strong>quod</strong></span> <span class='ocrx_word' id='word_1_328' title='bbox 1989 2886 2305 2956; x_wconf 85' lang='lat' dir='ltr'><strong>admiserat,</strong></span> 
     </span>
    </p>
   </div>
   <div class='ocr_carea' id='block_1_46' title="bbox 716 2977 2311 3051">
    <p class='ocr_par' dir='ltr' id='par_1_46' title="bbox 716 2977 2311 3051">
     <span class='ocr_line' id='line_1_46' title="bbox 716 2977 2311 3051; baseline 0.001 -17"><span class='ocrx_word' id='word_1_329' title='bbox 716 2979 1056 3036; x_wconf 73' lang='lat' dir='ltr'><strong>vindicasset</strong></span> <span class='ocrx_word' id='word_1_330' title='bbox 1096 2979 1145 3011; x_wconf 81' lang='lat'>&quot;</span> <span class='ocrx_word' id='word_1_331' title='bbox 1188 2977 1458 3051; x_wconf 78' lang='lat' dir='ltr'><strong>Numquid</strong></span> <span class='ocrx_word' id='word_1_332' title='bbox 1497 2979 1738 3049; x_wconf 86' lang='lat' dir='ltr'><strong>aliquem</strong></span> <span class='ocrx_word' id='word_1_333' title='bbox 1782 2978 1837 3034; x_wconf 91' lang='lat' dir='ltr'><strong>in</strong></span> <span class='ocrx_word' id='word_1_334' title='bbox 1879 2988 2150 3034; x_wconf 87' lang='lat' dir='ltr'><strong>tantarum</strong></span> <span class='ocrx_word' id='word_1_335' title='bbox 2191 2980 2311 3035; x_wconf 88' lang='lat' dir='ltr'><strong>ani-</strong></span> 
     </span>
    </p>
   </div>
   <div class='ocr_carea' id='block_1_47' title="bbox 717 3071 2305 3142">
    <p class='ocr_par' dir='ltr' id='par_1_47' title="bbox 717 3071 2305 3142">
     <span class='ocr_line' id='line_1_47' title="bbox 717 3071 2305 3142; baseline -0.003 -12"><span class='ocrx_word' id='word_1_336' title='bbox 717 3073 969 3130; x_wconf 83' lang='lat' dir='ltr'><strong>mositate</strong></span> <span class='ocrx_word' id='word_1_337' title='bbox 993 3072 1225 3142; x_wconf 89' lang='lat' dir='ltr'><strong>partium</strong></span> <span class='ocrx_word' id='word_1_338' title='bbox 1251 3082 1360 3127; x_wconf 81' lang='lat' dir='ltr'><strong>tam</strong></span> <span class='ocrx_word' id='word_1_339' title='bbox 1386 3071 1543 3127; x_wconf 84' lang='lat' dir='ltr'><strong>triste</strong></span> <span class='ocrx_word' id='word_1_340' title='bbox 1570 3071 1741 3126; x_wconf 84' lang='lat' dir='ltr'><strong>movit</strong></span> <span class='ocrx_word' id='word_1_341' title='bbox 1762 3071 2112 3142; x_wconf 79' lang='lat' dir='ltr'><strong>exemplum?</strong></span> <span class='ocrx_word' id='word_1_342' title='bbox 2139 3071 2305 3127; x_wconf 83' lang='lat' dir='ltr'><strong>Num-</strong></span> 
     </span>
    </p>
   </div>
   <div class='ocr_carea' id='block_1_48' title="bbox 2409 1866 4022 1940">
    <p class='ocr_par' dir='ltr' id='par_1_48' title="bbox 2409 1866 4022 1940">
     <span class='ocr_line' id='line_1_48' title="bbox 2409 1866 4022 1940; baseline 0.001 -17"><span class='ocrx_word' id='word_1_343' title='bbox 2409 1867 2687 1923; x_wconf 71' lang='lat' dir='ltr'><strong>&quot;Antium</strong></span> <span class='ocrx_word' id='word_1_344' title='bbox 2711 1873 2768 1923; x_wconf 89' lang='lat' dir='ltr'><strong>et</strong></span> <span class='ocrx_word' id='word_1_345' title='bbox 2789 1866 3014 1922; x_wconf 80' lang='lat' dir='ltr'><strong>Aritiam</strong></span> <span class='ocrx_word' id='word_1_346' title='bbox 3041 1866 3288 1922; x_wconf 86' lang='lat' dir='ltr'><strong>civitates</strong></span> <span class='ocrx_word' id='word_1_347' title='bbox 3311 1866 3587 1923; x_wconf 86' lang='lat' dir='ltr'><strong>hostiliter</strong></span> <span class='ocrx_word' id='word_1_348' title='bbox 3614 1866 3840 1940; x_wconf 85' lang='lat' dir='ltr'><strong>irrupit,</strong></span> <span class='ocrx_word' id='word_1_349' title='bbox 3873 1881 4022 1924; x_wconf 82' lang='lat' dir='ltr'><strong>cun-</strong></span> 
     </span>
    </p>
   </div>
   <div class='ocr_carea' id='block_1_49' title="bbox 2409 1957 4019 2029">
    <p class='ocr_par' dir='ltr' id='par_1_49' title="bbox 2409 1957 4019 2029">
     <span class='ocr_line' id='line_1_49' title="bbox 2409 1957 4019 2029; baseline 0.002 -17"><span class='ocrx_word' id='word_1_350' title='bbox 2409 1970 2632 2028; x_wconf 85' lang='lat' dir='ltr'><strong>ctosque</strong></span> <span class='ocrx_word' id='word_1_351' title='bbox 2677 1959 2730 2014; x_wconf 92' lang='lat' dir='ltr'><strong>in</strong></span> <span class='ocrx_word' id='word_1_352' title='bbox 2778 1957 2862 2014; x_wconf 69' lang='lat' dir='ltr'><strong>his</strong></span> <span class='ocrx_word' id='word_1_353' title='bbox 2908 1967 3108 2029; x_wconf 77' lang='lat' dir='ltr'><strong>praeter</strong></span> <span class='ocrx_word' id='word_1_354' title='bbox 3154 1958 3466 2028; x_wconf 87' lang='lat' dir='ltr'><strong>proditores</strong></span> <span class='ocrx_word' id='word_1_355' title='bbox 3511 1957 3824 2026; x_wconf 79' lang='lat' dir='ltr'><strong>interfecit,</strong></span> <span class='ocrx_word' id='word_1_356' title='bbox 3859 1958 4019 2016; x_wconf 76' lang='lat' dir='ltr'><strong>bona</strong></span> 
     </span>
    </p>
   </div>
   <div class='ocr_carea' id='block_1_50' title="bbox 2410 2051 4018 2122">
    <p class='ocr_par' dir='ltr' id='par_1_50' title="bbox 2410 2051 4018 2122">
     <span class='ocr_line' id='line_1_50' title="bbox 2410 2051 4018 2122; baseline 0.003 -16"><span class='ocrx_word' id='word_1_357' title='bbox 2410 2053 2520 2107; x_wconf 89' lang='lat' dir='ltr'><strong>suis</strong></span> <span class='ocrx_word' id='word_1_358' title='bbox 2550 2051 2850 2122; x_wconf 87' lang='lat' dir='ltr'><strong>diripienda</strong></span> <span class='ocrx_word' id='word_1_359' title='bbox 2881 2052 3147 2121; x_wconf 87' lang='lat' dir='ltr'><strong>permisit.</strong></span> <span class='ocrx_word' id='word_1_360' title='bbox 3184 2053 3309 2107; x_wconf 85' lang='lat' dir='ltr'><strong>Post</strong></span> <span class='ocrx_word' id='word_1_361' title='bbox 3336 2052 3509 2108; x_wconf 85' lang='lat' dir='ltr'><strong>Cinna</strong></span> <span class='ocrx_word' id='word_1_362' title='bbox 3550 2052 3740 2110; x_wconf 87' lang='lat' dir='ltr'><strong>consul</strong></span> <span class='ocrx_word' id='word_1_363' title='bbox 3770 2066 3900 2109; x_wconf 89' lang='lat' dir='ltr'><strong>cum</strong></span> <span class='ocrx_word' id='word_1_364' title='bbox 3933 2053 4018 2111; x_wconf 64' lang='lat' dir='ltr'><strong>leo</strong></span> 
     </span>
    </p>
   </div>
   <div class='ocr_carea' id='block_1_51' title="bbox 2409 2141 4016 2216">
    <p class='ocr_par' dir='ltr' id='par_1_51' title="bbox 2409 2141 4016 2216">
     <span class='ocr_line' id='line_1_51' title="bbox 2409 2141 4016 2216; baseline 0.005 -21"><span class='ocrx_word' id='word_1_365' title='bbox 2409 2143 2697 2213; x_wconf 77' lang='lat' dir='ltr'><strong>gionibus,</strong></span> <span class='ocrx_word' id='word_1_366' title='bbox 2743 2151 2801 2198; x_wconf 90' lang='lat' dir='ltr'><strong>et</strong></span> <span class='ocrx_word' id='word_1_367' title='bbox 2846 2143 3045 2198; x_wconf 79' lang='lat' dir='ltr'><strong>Marius</strong></span> <span class='ocrx_word' id='word_1_368' title='bbox 3093 2158 3217 2199; x_wconf 88' lang='lat' dir='ltr'><strong>cum</strong></span> <span class='ocrx_word' id='word_1_369' title='bbox 3256 2141 3499 2215; x_wconf 78' lang='lat' dir='ltr'><strong>fugitivis</strong></span> <span class='ocrx_word' id='word_1_370' title='bbox 3523 2143 3720 2202; x_wconf 84' lang='lat' dir='ltr'><strong>Urbem</strong></span> <span class='ocrx_word' id='word_1_371' title='bbox 3746 2145 4016 2216; x_wconf 79' lang='lat' dir='ltr'><strong>ingressi,</strong></span> 
     </span>
    </p>
   </div>
   <div class='ocr_carea' id='block_1_52' title="bbox 2411 2235 4020 2312">
    <p class='ocr_par' dir='ltr' id='par_1_52' title="bbox 2411 2235 4020 2312">
     <span class='ocr_line' id='line_1_52' title="bbox 2411 2235 4020 2312; baseline 0.004 -21"><span class='ocrx_word' id='word_1_372' title='bbox 2411 2235 2457 2269; x_wconf 82' lang='grc'><em>³³</em></span> <span class='ocrx_word' id='word_1_373' title='bbox 2489 2237 2863 2293; x_wconf 88' lang='lat' dir='ltr'><strong>nobilissimos</strong></span> <span class='ocrx_word' id='word_1_374' title='bbox 2901 2252 3146 2309; x_wconf 91' lang='lat' dir='ltr'><strong>quosque</strong></span> <span class='ocrx_word' id='word_1_375' title='bbox 3173 2254 3204 2294; x_wconf 90' lang='lat' dir='ltr'><strong>e</strong></span> <span class='ocrx_word' id='word_1_376' title='bbox 3233 2248 3458 2308; x_wconf 90' lang='lat' dir='ltr'><strong>senatu,</strong></span> <span class='ocrx_word' id='word_1_377' title='bbox 3497 2248 3552 2297; x_wconf 85' lang='lat' dir='ltr'><strong>et</strong></span> <span class='ocrx_word' id='word_1_378' title='bbox 3576 2239 3852 2312; x_wconf 81' lang='lat' dir='ltr'><strong>plurimos</strong></span> <span class='ocrx_word' id='word_1_379' title='bbox 3877 2256 4020 2298; x_wconf 87' lang='lat' dir='ltr'><strong>con-</strong></span> 
     </span>
    </p>
   </div>
   <div class='ocr_carea' id='block_1_53' title="bbox 2409 2329 4022 2404">
    <p class='ocr_par' dir='ltr' id='par_1_53' title="bbox 2409 2329 4022 2404">
     <span class='ocr_line' id='line_1_53' title="bbox 2409 2329 4022 2404; baseline 0.001 -17"><span class='ocrx_word' id='word_1_380' title='bbox 2409 2331 2620 2387; x_wconf 89' lang='lat' dir='ltr'><strong>sulares</strong></span> <span class='ocrx_word' id='word_1_381' title='bbox 2649 2331 2799 2387; x_wconf 88' lang='lat' dir='ltr'><strong>viros</strong></span> <span class='ocrx_word' id='word_1_382' title='bbox 2846 2329 3253 2387; x_wconf 88' lang='lat' dir='ltr'><strong>interfecerunt.</strong></span> <span class='ocrx_word' id='word_1_383' title='bbox 3296 2330 3408 2389; x_wconf 86' lang='lat' dir='ltr'><strong>Sed</strong></span> <span class='ocrx_word' id='word_1_384' title='bbox 3435 2377 3450 2400; x_wconf 92' lang='lat'><strong>,</strong></span> <span class='ocrx_word' id='word_1_385' title='bbox 3478 2343 3640 2404; x_wconf 79' lang='lat' dir='ltr'><strong>quota</strong></span> <span class='ocrx_word' id='word_1_386' title='bbox 3672 2331 3792 2390; x_wconf 74' lang='lat' dir='ltr'><strong>lucc</strong></span> <span class='ocrx_word' id='word_1_387' title='bbox 3825 2333 4022 2404; x_wconf 89' lang='lat' dir='ltr'><strong>portio</strong></span> 
     </span>
    </p>
   </div>
   <div class='ocr_carea' id='block_1_54' title="bbox 2408 2424 4019 2491">
    <p class='ocr_par' dir='ltr' id='par_1_54' title="bbox 2408 2424 4019 2491">
     <span class='ocr_line' id='line_1_54' title="bbox 2408 2424 4019 2491; baseline 0.003 -11"><span class='ocrx_word' id='word_1_388' title='bbox 2408 2435 2696 2482; x_wconf 80' lang='lat' dir='ltr'><strong>ostentata:</strong></span> <span class='ocrx_word' id='word_1_389' title='bbox 2735 2424 2970 2481; x_wconf 81' lang='lat' dir='ltr'><strong>miseriae</strong></span> <span class='ocrx_word' id='word_1_390' title='bbox 3015 2434 3134 2491; x_wconf 87' lang='lat' dir='ltr'><strong>est,</strong></span> <span class='ocrx_word' id='word_1_391' title='bbox 3185 2439 3297 2480; x_wconf 89' lang='lat' dir='ltr'><strong>uno</strong></span> <span class='ocrx_word' id='word_1_392' title='bbox 3321 2425 3490 2482; x_wconf 89' lang='lat' dir='ltr'><strong>verbo</strong></span> <span class='ocrx_word' id='word_1_393' title='bbox 3518 2425 3777 2484; x_wconf 77' lang='lat' dir='ltr'><strong>deﬁnisse</strong></span> <span class='ocrx_word' id='word_1_394' title='bbox 3800 2426 4019 2485; x_wconf 65' lang='lat' dir='ltr'><strong>aedem</strong></span> 
     </span>
    </p>
   </div>
   <div class='ocr_carea' id='block_1_55' title="bbox 2411 2514 4020 2594">
    <p class='ocr_par' dir='ltr' id='par_1_55' title="bbox 2411 2514 4020 2594">
     <span class='ocr_line' id='line_1_55' title="bbox 2411 2514 4020 2594; baseline 0.001 -21"><span class='ocrx_word' id='word_1_395' title='bbox 2411 2516 2678 2573; x_wconf 88' lang='lat' dir='ltr'><strong>bonorum</strong></span> <span class='ocrx_word' id='word_1_396' title='bbox 2705 2557 2722 2583; x_wconf 85' lang='lat'><strong>,</strong></span> <span class='ocrx_word' id='word_1_397' title='bbox 2771 2515 2928 2587; x_wconf 89' lang='lat' dir='ltr'><strong>cujus</strong></span> <span class='ocrx_word' id='word_1_398' title='bbox 2970 2514 3070 2571; x_wconf 86' lang='lat' dir='ltr'><strong>fuit</strong></span> <span class='ocrx_word' id='word_1_399' title='bbox 3101 2524 3249 2573; x_wconf 85' lang='lat' dir='ltr'><strong>tanta</strong></span> <span class='ocrx_word' id='word_1_400' title='bbox 3279 2517 3668 2582; x_wconf 85' lang='lat' dir='ltr'><strong>numerositas.</strong></span> <span class='ocrx_word' id='word_1_401' title='bbox 3702 2526 3853 2594; x_wconf 77' lang='lat' dir='ltr'><strong>tanta</strong></span> <span class='ocrx_word' id='word_1_402' title='bbox 3884 2520 4020 2575; x_wconf 83' lang='lat' dir='ltr'><strong>diu-</strong></span> 
     </span>
    </p>
   </div>
   <div class='ocr_carea' id='block_1_56' title="bbox 2411 2606 4021 2679">
    <p class='ocr_par' dir='ltr' id='par_1_56' title="bbox 2411 2606 4021 2679">
     <span class='ocr_line' id='line_1_56' title="bbox 2411 2606 4021 2679; baseline 0.002 -15"><span class='ocrx_word' id='word_1_403' title='bbox 2411 2607 2663 2676; x_wconf 87' lang='lat' dir='ltr'><strong>turnitas,</strong></span> <span class='ocrx_word' id='word_1_404' title='bbox 2696 2615 2840 2662; x_wconf 87' lang='lat' dir='ltr'><strong>tanta</strong></span> <span class='ocrx_word' id='word_1_405' title='bbox 2867 2606 3196 2671; x_wconf 83' lang='lat' dir='ltr'><strong>crudelitas,</strong></span> <span class='ocrx_word' id='word_1_406' title='bbox 3243 2614 3498 2679; x_wconf 88' lang='lat' dir='ltr'><strong>tantaque</strong></span> <span class='ocrx_word' id='word_1_407' title='bbox 3542 2609 3872 2666; x_wconf 82' lang='lat' dir='ltr'><strong>diversitas?</strong></span> <span class='ocrx_word' id='word_1_408' title='bbox 3903 2609 4021 2667; x_wconf 79' lang='lat' dir='ltr'><strong>Ve-</strong></span> 
     </span>
    </p>
   </div>
   <div class='ocr_carea' id='block_1_57' title="bbox 2410 2702 4020 2774">
    <p class='ocr_par' dir='ltr' id='par_1_57' title="bbox 2410 2702 4020 2774">
     <span class='ocr_line' id='line_1_57' title="bbox 2410 2702 4020 2774; baseline 0.002 -14"><span class='ocrx_word' id='word_1_409' title='bbox 2410 2710 2717 2760; x_wconf 88' lang='lat' dir='ltr'><strong>rumtamen</strong></span> <span class='ocrx_word' id='word_1_410' title='bbox 2754 2702 2966 2774; x_wconf 79' lang='lat' dir='ltr'><strong>:eqnius</strong></span> <span class='ocrx_word' id='word_1_411' title='bbox 2991 2710 3106 2768; x_wconf 88' lang='lat' dir='ltr'><strong>est,</strong></span> <span class='ocrx_word' id='word_1_412' title='bbox 3136 2717 3226 2758; x_wconf 91' lang='lat' dir='ltr'><strong>me</strong></span> <span class='ocrx_word' id='word_1_413' title='bbox 3262 2702 3470 2772; x_wconf 89' lang='lat' dir='ltr'><strong>aliquid</strong></span> <span class='ocrx_word' id='word_1_414' title='bbox 3501 2704 3753 2759; x_wconf 86' lang='lat' dir='ltr'><strong>utilitatis</strong></span> <span class='ocrx_word' id='word_1_415' title='bbox 3785 2705 4020 2763; x_wconf 85' lang='lat' dir='ltr'><strong>subtra-</strong></span> 
     </span>
    </p>
   </div>
   <div class='ocr_carea' id='block_1_58' title="bbox 2409 2797 4021 2872">
    <p class='ocr_par' dir='ltr' id='par_1_58' title="bbox 2409 2797 4021 2872">
     <span class='ocr_line' id='line_1_58' title="bbox 2409 2797 4021 2872; baseline 0.003 -19"><span class='ocrx_word' id='word_1_416' title='bbox 2409 2798 2555 2855; x_wconf 80' lang='lat' dir='ltr'><strong>xisse</strong></span> <span class='ocrx_word' id='word_1_417' title='bbox 2584 2811 2764 2854; x_wconf 75' lang='lat' dir='ltr'><strong>causa:</strong></span> <span class='ocrx_word' id='word_1_418' title='bbox 2790 2841 2806 2867; x_wconf 89' lang='lat'><strong>,</strong></span> <span class='ocrx_word' id='word_1_419' title='bbox 2850 2812 3013 2868; x_wconf 85' lang='lat' dir='ltr'><strong>quam</strong></span> <span class='ocrx_word' id='word_1_420' title='bbox 3055 2806 3264 2854; x_wconf 89' lang='lat' dir='ltr'><strong>tantum</strong></span> <span class='ocrx_word' id='word_1_421' title='bbox 3297 2797 3547 2855; x_wconf 83' lang='lat' dir='ltr'><strong>horroris</strong></span> <span class='ocrx_word' id='word_1_422' title='bbox 3582 2799 3886 2872; x_wconf 86' lang='lat' dir='ltr'><strong>ingessisse</strong></span> <span class='ocrx_word' id='word_1_423' title='bbox 3913 2818 4021 2858; x_wconf 84' lang='lat' dir='ltr'><strong>no-</strong></span> 
     </span>
    </p>
   </div>
   <div class='ocr_carea' id='block_1_59' title="bbox 2409 2890 4018 2967">
    <p class='ocr_par' dir='ltr' id='par_1_59' title="bbox 2409 2890 4018 2967">
     <span class='ocr_line' id='line_1_59' title="bbox 2409 2890 4018 2967; baseline 0.003 -19"><span class='ocrx_word' id='word_1_424' title='bbox 2409 2891 2548 2948; x_wconf 70' lang='lat' dir='ltr'><strong>titia:</strong></span> <span class='ocrx_word' id='word_1_425' title='bbox 2569 2934 2584 2958; x_wconf 89' lang='lat'><strong>,</strong></span> <span class='ocrx_word' id='word_1_426' title='bbox 2612 2890 2731 2948; x_wconf 88' lang='lat' dir='ltr'><strong>sive</strong></span> <span class='ocrx_word' id='word_1_427' title='bbox 2765 2891 2961 2963; x_wconf 88' lang='lat' dir='ltr'><strong>peritis</strong></span> <span class='ocrx_word' id='word_1_428' title='bbox 3001 2890 3120 2948; x_wconf 64' lang='lat' dir='ltr'><strong>hac</strong></span> <span class='ocrx_word' id='word_1_429' title='bbox 3143 2935 3160 2964; x_wconf 93' lang='lat'><strong>,</strong></span> <span class='ocrx_word' id='word_1_430' title='bbox 3194 2892 3310 2948; x_wconf 71' lang='lat' dir='ltr'><strong>sive</strong></span> <span class='ocrx_word' id='word_1_431' title='bbox 3349 2893 3622 2964; x_wconf 88' lang='lat' dir='ltr'><strong>imperitis</strong></span> <span class='ocrx_word' id='word_1_432' title='bbox 3648 2894 4018 2967; x_wconf 88' lang='lat' dir='ltr'><strong>objiciantur.</strong></span> 
     </span>
    </p>
   </div>
   <div class='ocr_carea' id='block_1_60' title="bbox 2412 2981 4019 3057">
    <p class='ocr_par' dir='ltr' id='par_1_60' title="bbox 2412 2981 4019 3057">
     <span class='ocr_line' id='line_1_60' title="bbox 2412 2981 4019 3057; baseline 0.002 -17"><span class='ocrx_word' id='word_1_433' title='bbox 2412 2984 2488 3041; x_wconf 83' lang='lat' dir='ltr'><strong>De</strong></span> <span class='ocrx_word' id='word_1_434' title='bbox 2517 2985 2688 3054; x_wconf 89' lang='lat' dir='ltr'><strong>patria</strong></span> <span class='ocrx_word' id='word_1_435' title='bbox 2719 2983 3014 3054; x_wconf 90' lang='lat' dir='ltr'><strong>siquidem,</strong></span> <span class='ocrx_word' id='word_1_436' title='bbox 3037 2981 3108 3039; x_wconf 89' lang='lat' dir='ltr'><strong>de</strong></span> <span class='ocrx_word' id='word_1_437' title='bbox 3132 2984 3363 3052; x_wconf 84' lang='lat' dir='ltr'><strong>civibus,</strong></span> <span class='ocrx_word' id='word_1_438' title='bbox 3392 2983 3543 3041; x_wconf 88' lang='lat' dir='ltr'><strong>etde</strong></span> <span class='ocrx_word' id='word_1_439' title='bbox 3566 2985 3867 3057; x_wconf 79' lang='lat' dir='ltr'><strong>majoribus</strong></span> <span class='ocrx_word' id='word_1_440' title='bbox 3907 3003 4019 3044; x_wconf 84' lang='lat' dir='ltr'><strong>no-</strong></span> 
     </span>
    </p>
   </div>
   <div class='ocr_carea' id='block_1_61' title="bbox 2409 3075 4019 3150">
    <p class='ocr_par' dir='ltr' id='par_1_61' title="bbox 2409 3075 4019 3150">
     <span class='ocr_line' id='line_1_61' title="bbox 2409 3075 4019 3150; baseline 0.001 -16"><span class='ocrx_word' id='word_1_441' title='bbox 2409 3078 2537 3134; x_wconf 89' lang='lat' dir='ltr'><strong>stris</strong></span> <span class='ocrx_word' id='word_1_442' title='bbox 2577 3075 2699 3132; x_wconf 64' lang='lat' dir='ltr'><strong>haec</strong></span> <span class='ocrx_word' id='word_1_443' title='bbox 2742 3075 3047 3146; x_wconf 89' lang='lat' dir='ltr'><strong>loquimur:</strong></span> <span class='ocrx_word' id='word_1_444' title='bbox 3091 3075 3182 3147; x_wconf 91' lang='lat' dir='ltr'><strong>qui</strong></span> <span class='ocrx_word' id='word_1_445' title='bbox 3223 3075 3310 3132; x_wconf 92' lang='lat' dir='ltr'><strong>his</strong></span> <span class='ocrx_word' id='word_1_446' title='bbox 3353 3077 3611 3148; x_wconf 75' lang='lat' dir='ltr'><strong>exagitati</strong></span> <span class='ocrx_word' id='word_1_447' title='bbox 3662 3079 3824 3135; x_wconf 84' lang='lat' dir='ltr'><strong>malis</strong></span> <span class='ocrx_word' id='word_1_448' title='bbox 3849 3124 3867 3150; x_wconf 87' lang='lat'><strong>,</strong></span> <span class='ocrx_word' id='word_1_449' title='bbox 3897 3088 4019 3135; x_wconf 82' lang='lat' dir='ltr'><strong>ta</strong></span> 
     </span>
    </p>
   </div>
   <div class='ocr_carea' id='block_1_62' title="bbox 715 3155 4025 3244">
    <p class='ocr_par' dir='ltr' id='par_1_62' title="bbox 715 3155 4025 3244">
     <span class='ocr_line' id='line_1_62' title="bbox 715 3155 4025 3244; baseline 0.003 -23"><span class='ocrx_word' id='word_1_450' title='bbox 715 3167 846 3239; x_wconf 89' lang='lat' dir='ltr'><strong>quid</strong></span> <span class='ocrx_word' id='word_1_451' title='bbox 871 3167 1012 3239; x_wconf 90' lang='lat' dir='ltr'><strong>apud</strong></span> <span class='ocrx_word' id='word_1_452' title='bbox 1038 3181 1363 3238; x_wconf 85' lang='lat' dir='ltr'><strong>quemquam</strong></span> <span class='ocrx_word' id='word_1_453' title='bbox 1392 3165 1692 3236; x_wconf 89' lang='lat' dir='ltr'><strong>periculum</strong></span> <span class='ocrx_word' id='word_1_454' title='bbox 1721 3165 1942 3221; x_wconf 86' lang='lat' dir='ltr'><strong>sceleris</strong></span> <span class='ocrx_word' id='word_1_455' title='bbox 1969 3165 2169 3236; x_wconf 87' lang='lat' dir='ltr'><strong>repulit</strong></span> <span class='ocrx_word' id='word_1_456' title='bbox 2197 3177 2304 3223; x_wconf 81' lang='lat' dir='ltr'><strong>ter-</strong></span> <span class='ocrx_word' id='word_1_457' title='bbox 2333 3155 2379 3221; x_wconf 89' lang='lat' dir='ltr'><strong>C</strong></span> <span class='ocrx_word' id='word_1_458' title='bbox 2410 3169 2771 3226; x_wconf 86' lang='lat' dir='ltr'><strong>abominanda</strong></span> <span class='ocrx_word' id='word_1_459' title='bbox 2795 3178 3116 3242; x_wconf 86' lang='lat' dir='ltr'><strong>gesserunt,</strong></span> <span class='ocrx_word' id='word_1_460' title='bbox 3145 3167 3215 3226; x_wconf 92' lang='lat' dir='ltr'><strong>de</strong></span> <span class='ocrx_word' id='word_1_461' title='bbox 3243 3169 3441 3239; x_wconf 86' lang='lat' dir='ltr'><strong>quibus</strong></span> <span class='ocrx_word' id='word_1_462' title='bbox 3462 3170 3627 3226; x_wconf 89' lang='lat' dir='ltr'><strong>etiam</strong></span> <span class='ocrx_word' id='word_1_463' title='bbox 3666 3171 3873 3227; x_wconf 85' lang='lat' dir='ltr'><strong>auditis</strong></span> <span class='ocrx_word' id='word_1_464' title='bbox 3914 3187 4025 3244; x_wconf 82' lang='lat' dir='ltr'><strong>po-</strong></span> 
     </span>
    </p>
   </div>
   <div class='ocr_carea' id='block_1_63' title="bbox 714 3262 2304 3337">
    <p class='ocr_par' dir='ltr' id='par_1_63' title="bbox 714 3262 2304 3337">
     <span class='ocr_line' id='line_1_63' title="bbox 714 3262 2304 3337; baseline -0.001 -15"><span class='ocrx_word' id='word_1_465' title='bbox 714 3281 809 3322; x_wconf 89' lang='lat' dir='ltr'><strong>ror</strong></span> <span class='ocrx_word' id='word_1_466' title='bbox 835 3264 1073 3324; x_wconf 77' lang='lat' dir='ltr'><strong>erroris?</strong></span> <span class='ocrx_word' id='word_1_467' title='bbox 1099 3266 1148 3299; x_wconf 81' lang='lat'><strong>&quot;</strong></span> <span class='ocrx_word' id='word_1_468' title='bbox 1183 3264 1455 3337; x_wconf 78' lang='lat' dir='ltr'><strong>Numquid</strong></span> <span class='ocrx_word' id='word_1_469' title='bbox 1506 3264 1644 3332; x_wconf 72' lang='lat' dir='ltr'><strong>lucc,</strong></span> <span class='ocrx_word' id='word_1_470' title='bbox 1693 3277 1814 3336; x_wconf 58' lang='lat' dir='ltr'><strong>quae.</strong></span> <span class='ocrx_word' id='word_1_471' title='bbox 1859 3262 2170 3320; x_wconf 86' lang='lat' dir='ltr'><strong>communis</strong></span> <span class='ocrx_word' id='word_1_472' title='bbox 2216 3276 2304 3321; x_wconf 87' lang='lat' dir='ltr'><strong>est</strong></span> 
     </span>
    </p>
   </div>
   <div class='ocr_carea' id='block_1_64' title="bbox 2407 3259 4020 3335">
    <p class='ocr_par' dir='ltr' id='par_1_64' title="bbox 2407 3259 4020 3335">
     <span class='ocr_line' id='line_1_64' title="bbox 2407 3259 4020 3335; baseline -0.001 -14"><span class='ocrx_word' id='word_1_473' title='bbox 2407 3263 2543 3321; x_wconf 90' lang='lat' dir='ltr'><strong>steri</strong></span> <span class='ocrx_word' id='word_1_474' title='bbox 2585 3262 3037 3334; x_wconf 79' lang='lat' dir='ltr'><strong>perhorrescant;</strong></span> <span class='ocrx_word' id='word_1_475' title='bbox 3067 3261 3159 3334; x_wconf 88' lang='lat' dir='ltr'><strong>qui</strong></span> <span class='ocrx_word' id='word_1_476' title='bbox 3196 3259 3444 3335; x_wconf 87' lang='lat' dir='ltr'><strong>profecto</strong></span> <span class='ocrx_word' id='word_1_477' title='bbox 3481 3262 3678 3320; x_wconf 90' lang='lat' dir='ltr'><strong>uolunt</strong></span> <span class='ocrx_word' id='word_1_478' title='bbox 3705 3263 3807 3322; x_wconf 85' lang='lat' dir='ltr'><strong>ista</strong></span> <span class='ocrx_word' id='word_1_479' title='bbox 3839 3264 4020 3321; x_wconf 83' lang='lat' dir='ltr'><strong>nimis</strong></span> 
     </span>
    </p>
   </div>
   <div class='ocr_carea' id='block_1_65' title="bbox 1995 3399 2720 3463">
    <p class='ocr_par' dir='ltr' id='par_1_65' title="bbox 1995 3399 2720 3463">
     <span class='ocr_line' id='line_1_65' title="bbox 1995 3399 2720 3463; baseline -0.004 -4"><span class='ocrx_word' id='word_1_480' title='bbox 1995 3403 2445 3463; x_wconf 76' lang='lat' dir='ltr'><strong>IIAVERCMIPI</strong></span> <span class='ocrx_word' id='word_1_481' title='bbox 2486 3399 2720 3461; x_wconf 60' lang='lat' dir='ltr'><strong>NOTAE.</strong></span> 
     </span>
    </p>
   </div>
   <div class='ocr_carea' id='block_1_66' title="bbox 783 3515 2302 3584">
    <p class='ocr_par' dir='ltr' id='par_1_66' title="bbox 783 3515 2302 3584">
     <span class='ocr_line' id='line_1_66' title="bbox 783 3515 2302 3584; baseline -0.005 -5"><span class='ocrx_word' id='word_1_482' title='bbox 783 3522 875 3579; x_wconf 68' lang='lat'><strong>20.</strong></span> <span class='ocrx_word' id='word_1_483' title='bbox 920 3520 1184 3578; x_wconf 65' lang='lat' dir='ltr'><strong>Sescenti.</strong></span> <span class='ocrx_word' id='word_1_484' title='bbox 1225 3519 1387 3578; x_wconf 86' lang='lat' dir='ltr'><strong>Solus</strong></span> <span class='ocrx_word' id='word_1_485' title='bbox 1415 3515 1631 3584; x_wconf 88' lang='lat' dir='ltr'><strong>Colon.,</strong></span> <span class='ocrx_word' id='word_1_486' title='bbox 1659 3515 1948 3572; x_wconf 79' lang='lat' dir='ltr'><strong>scxcentcni</strong></span> <span class='ocrx_word' id='word_1_487' title='bbox 1981 3529 2046 3570; x_wconf 76' lang='lat' dir='ltr'><strong>ex</strong></span> <span class='ocrx_word' id='word_1_488' title='bbox 2076 3516 2302 3572; x_wconf 83' lang='lat' dir='ltr'><strong>historia</strong></span> 
     </span>
    </p>
   </div>
   <div class='ocr_carea' id='block_1_67' title="bbox 707 3585 2305 3664">
    <p class='ocr_par' dir='ltr' id='par_1_67' title="bbox 707 3585 2305 3664">
     <span class='ocr_line' id='line_1_67' title="bbox 707 3585 2305 3664; baseline -0.006 -14"><span class='ocrx_word' id='word_1_489' title='bbox 707 3596 918 3664; x_wconf 80' lang='lat' dir='ltr'><strong>integre</strong></span> <span class='ocrx_word' id='word_1_490' title='bbox 947 3594 1163 3660; x_wconf 84' lang='lat' dir='ltr'><strong>scripsit</strong></span> <span class='ocrx_word' id='word_1_491' title='bbox 1200 3607 1296 3664; x_wconf 86' lang='lat' dir='ltr'><strong>pro</strong></span> <span class='ocrx_word' id='word_1_492' title='bbox 1333 3591 1581 3664; x_wconf 69' lang='lat' dir='ltr'><strong>sexcenti.</strong></span> <span class='ocrx_word' id='word_1_493' title='bbox 1616 3588 1872 3644; x_wconf 58' lang='lat' dir='ltr'><strong>Laue—</strong></span> <span class='ocrx_word' id='word_1_494' title='bbox 1895 3585 2014 3641; x_wconf 76' lang='lat' dir='ltr'><strong>Mus</strong></span> <span class='ocrx_word' id='word_1_495' title='bbox 2046 3588 2305 3664; x_wconf 22' lang='lat' dir='ltr'><strong>cud.4_Pe-</strong></span> 
     </span>
    </p>
   </div>
   <div class='ocr_carea' id='block_1_68' title="bbox 711 3659 2303 3735">
    <p class='ocr_par' dir='ltr' id='par_1_68' title="bbox 711 3659 2303 3735">
     <span class='ocr_line' id='line_1_68' title="bbox 711 3659 2303 3735; baseline -0.004 -15"><span class='ocrx_word' id='word_1_496' title='bbox 711 3659 910 3730; x_wconf 56' lang='lat' dir='ltr'><strong>risui,</strong></span> <span class='ocrx_word' id='word_1_497' title='bbox 950 3659 1398 3735; x_wconf 44' lang='lat' dir='ltr'><strong>mixtintpLugd.</strong></span> <span class='ocrx_word' id='word_1_498' title='bbox 1438 3661 1582 3717; x_wconf 82' lang='lat' dir='ltr'><strong>Ball.</strong></span> <span class='ocrx_word' id='word_1_499' title='bbox 1615 3678 1697 3731; x_wconf 89' lang='lat' dir='ltr'><strong>pr.</strong></span> <span class='ocrx_word' id='word_1_500' title='bbox 1741 3668 1799 3715; x_wconf 88' lang='lat' dir='ltr'><strong>et</strong></span> <span class='ocrx_word' id='word_1_501' title='bbox 1839 3668 1976 3714; x_wconf 72' lang='lat' dir='ltr'><strong>tert.</strong></span> <span class='ocrx_word' id='word_1_502' title='bbox 2007 3673 2134 3715; x_wconf 89' lang='lat' dir='ltr'><strong>cum</strong></span> <span class='ocrx_word' id='word_1_503' title='bbox 2162 3659 2303 3714; x_wconf 86' lang='lat' dir='ltr'><strong>Coll.</strong></span> 
     </span>
    </p>
   </div>
   <div class='ocr_carea' id='block_1_69' title="bbox 712 3737 1818 3810">
    <p class='ocr_par' dir='ltr' id='par_1_69' title="bbox 712 3737 1818 3810">
     <span class='ocr_line' id='line_1_69' title="bbox 712 3737 1818 3810; baseline 0.018 -20"><span class='ocrx_word' id='word_1_504' title='bbox 712 3737 980 3810; x_wconf 53' lang='lat' dir='ltr'><strong>Gronov,</strong></span> <span class='ocrx_word' id='word_1_505' title='bbox 1012 3737 1285 3810; x_wconf 57' lang='lat' dir='ltr'><strong>permixta.</strong></span> <span class='ocrx_word' id='word_1_506' title='bbox 1305 3805 1321 3810; x_wconf 94' lang='lat'>_</span> <span class='ocrx_word' id='word_1_507' title='bbox 1793 3802 1818 3810; x_wconf 87' lang='lat'><strong>-.</strong></span> 
     </span>
    </p>
   </div>
   <div class='ocr_carea' id='block_1_70' title="bbox 778 3801 1939 3869">
    <p class='ocr_par' dir='ltr' id='par_1_70' title="bbox 778 3801 1939 3869">
     <span class='ocr_line' id='line_1_70' title="bbox 778 3801 1939 3869; baseline -0.007 -5"><span class='ocrx_word' id='word_1_508' title='bbox 778 3810 870 3864; x_wconf 72' lang='grc'><strong>21.</strong></span> <span class='ocrx_word' id='word_1_509' title='bbox 913 3801 1121 3862; x_wconf 65' lang='lat' dir='ltr'><strong>Fratris</strong></span> <span class='ocrx_word' id='word_1_510' title='bbox 1157 3807 1260 3861; x_wconf 80' lang='lat' dir='ltr'><strong>sui.</strong></span> <span class='ocrx_word' id='word_1_511' title='bbox 1303 3805 1506 3860; x_wconf 88' lang='lat' dir='ltr'><strong>Lucan.</strong></span> <span class='ocrx_word' id='word_1_512' title='bbox 1537 3803 1634 3858; x_wconf 92' lang='lat' dir='ltr'><strong>lib.</strong></span> <span class='ocrx_word' id='word_1_513' title='bbox 1665 3817 1763 3869; x_wconf 86' lang='lat' dir='ltr'><strong>vn,</strong></span> <span class='ocrx_word' id='word_1_514' title='bbox 1789 3801 1894 3858; x_wconf 74' lang='lat'><strong>550</strong></span> <span class='ocrx_word' id='word_1_515' title='bbox 1925 3819 1939 3856; x_wconf 87' lang='lat'><strong>:</strong></span> 
     </span>
    </p>
   </div>
   <div class='ocr_carea' id='block_1_71' title="bbox 869 3902 2093 3969">
    <p class='ocr_par' dir='ltr' id='par_1_71' title="bbox 869 3902 2093 3969">
     <span class='ocr_line' id='line_1_71' title="bbox 869 3902 2093 3969; baseline -0.007 -9"><span class='ocrx_word' id='word_1_516' title='bbox 869 3907 962 3961; x_wconf 87' lang='lat' dir='ltr'><strong>llle</strong></span> <span class='ocrx_word' id='word_1_517' title='bbox 982 3907 1121 3960; x_wconf 88' lang='lat' dir='ltr'><strong>locus</strong></span> <span class='ocrx_word' id='word_1_518' title='bbox 1141 3905 1323 3958; x_wconf 81' lang='lat' dir='ltr'><strong>fratres</strong></span> <span class='ocrx_word' id='word_1_519' title='bbox 1346 3906 1538 3969; x_wconf 87' lang='lat' dir='ltr'><strong>habuit,</strong></span> <span class='ocrx_word' id='word_1_520' title='bbox 1560 3902 1696 3956; x_wconf 86' lang='lat' dir='ltr'><strong>locus</strong></span> <span class='ocrx_word' id='word_1_521' title='bbox 1718 3902 1807 3953; x_wconf 88' lang='lat' dir='ltr'><strong>ille</strong></span> <span class='ocrx_word' id='word_1_522' title='bbox 1832 3909 2093 3968; x_wconf 74' lang='lat' dir='ltr'><strong>parentes.</strong></span> 
     </span>
    </p>
   </div>
   <div class='ocr_carea' id='block_1_72' title="bbox 781 4005 2300 4086">
    <p class='ocr_par' dir='ltr' id='par_1_72' title="bbox 781 4005 2300 4086">
     <span class='ocr_line' id='line_1_72' title="bbox 781 4005 2300 4086; baseline -0.008 -12"><span class='ocrx_word' id='word_1_523' title='bbox 781 4018 874 4074; x_wconf 71' lang='grc'><strong>22.</strong></span> <span class='ocrx_word' id='word_1_524' title='bbox 909 4015 1147 4086; x_wconf 79' lang='lat' dir='ltr'><strong>Utrique.</strong></span> <span class='ocrx_word' id='word_1_525' title='bbox 1166 4014 1296 4070; x_wconf 74' lang='lat' dir='ltr'><strong>Mss.</strong></span> <span class='ocrx_word' id='word_1_526' title='bbox 1318 4011 1537 4086; x_wconf 75' lang='lat' dir='ltr'><strong>quidam</strong></span> <span class='ocrx_word' id='word_1_527' title='bbox 1557 4009 1786 4086; x_wconf 80' lang='lat' dir='ltr'><strong>et_cdd.,</strong></span> <span class='ocrx_word' id='word_1_528' title='bbox 1811 4009 2105 4086; x_wconf 67' lang='lat' dir='ltr'><strong>utrunque;</strong></span> <span class='ocrx_word' id='word_1_529' title='bbox 2128 4005 2300 4080; x_wconf 86' lang='lat' dir='ltr'><strong>Lugd.</strong></span> 
     </span>
    </p>
   </div>
   <div class='ocr_carea' id='block_1_73' title="bbox 713 4083 1964 4159">
    <p class='ocr_par' dir='ltr' id='par_1_73' title="bbox 713 4083 1964 4159">
     <span class='ocr_line' id='line_1_73' title="bbox 713 4083 1964 4159; baseline -0.014 -10"><span class='ocrx_word' id='word_1_530' title='bbox 713 4090 834 4148; x_wconf 81' lang='lat' dir='ltr'><strong>Bal.</strong></span> <span class='ocrx_word' id='word_1_531' title='bbox 865 4106 975 4159; x_wconf 87' lang='lat' dir='ltr'><strong>pr..</strong></span> <span class='ocrx_word' id='word_1_532' title='bbox 1002 4083 1058 4142; x_wconf 81' lang='lat' dir='ltr'><strong>in</strong></span> <span class='ocrx_word' id='word_1_533' title='bbox 1078 4101 1330 4142; x_wconf 78' lang='lat' dir='ltr'><strong>concursu</strong></span> <span class='ocrx_word' id='word_1_534' title='bbox 1358 4084 1497 4159; x_wconf 76' lang='lat' dir='ltr'><strong>enim</strong></span> <span class='ocrx_word' id='word_1_535' title='bbox 1527 4083 1781 4153; x_wconf 86' lang='lat' dir='ltr'><strong>utrimque</strong></span> <span class='ocrx_word' id='word_1_536' title='bbox 1803 4083 1964 4150; x_wconf 70' lang='lat' dir='ltr'><strong>facta.</strong></span> 
     </span>
    </p>
   </div>
   <div class='ocr_carea' id='block_1_74' title="bbox 783 4154 1997 4224">
    <p class='ocr_par' dir='ltr' id='par_1_74' title="bbox 783 4154 1997 4224">
     <span class='ocr_line' id='line_1_74' title="bbox 783 4154 1997 4224; baseline -0.012 -6"><span class='ocrx_word' id='word_1_537' title='bbox 783 4154 879 4218; x_wconf 68' lang='lat'><strong>23.</strong></span> <span class='ocrx_word' id='word_1_538' title='bbox 918 4158 1252 4214; x_wconf 67' lang='lat' dir='ltr'><strong>Exsecutus.</strong></span> <span class='ocrx_word' id='word_1_539' title='bbox 1296 4155 1395 4210; x_wconf 68' lang='lat' dir='ltr'><strong>lid.</strong></span> <span class='ocrx_word' id='word_1_540' title='bbox 1425 4154 1676 4224; x_wconf 78' lang='lat' dir='ltr'><strong>August.,</strong></span> <span class='ocrx_word' id='word_1_541' title='bbox 1703 4167 1997 4224; x_wconf 65' lang='lat' dir='ltr'><strong>exsecraris.</strong></span> 
     </span>
    </p>
   </div>
   <div class='ocr_carea' id='block_1_75' title="bbox 779 4223 2292 4299">
    <p class='ocr_par' dir='ltr' id='par_1_75' title="bbox 779 4223 2292 4299">
     <span class='ocr_line' id='line_1_75' title="bbox 779 4223 2292 4299; baseline -0.003 -11"><span class='ocrx_word' id='word_1_542' title='bbox 779 4233 872 4288; x_wconf 67' lang='lat'><strong>9.4.</strong></span> <span class='ocrx_word' id='word_1_543' title='bbox 912 4230 993 4286; x_wconf 79' lang='lat' dir='ltr'><strong>Ad</strong></span> <span class='ocrx_word' id='word_1_544' title='bbox 1032 4223 1632 4299; x_wconf 62' lang='lat' dir='ltr'><strong>confusiotrent.,Aliera</strong></span> <span class='ocrx_word' id='word_1_545' title='bbox 1664 4223 1884 4299; x_wconf 88' lang='lat' dir='ltr'><strong>additur</strong></span> <span class='ocrx_word' id='word_1_546' title='bbox 1921 4224 2086 4282; x_wconf 85' lang='lat' dir='ltr'><strong>lectio</strong></span> <span class='ocrx_word' id='word_1_547' title='bbox 2121 4230 2172 4283; x_wconf 90' lang='lat' dir='ltr'><strong>in</strong></span> <span class='ocrx_word' id='word_1_548' title='bbox 2201 4229 2292 4285; x_wconf 89' lang='lat' dir='ltr'><strong>ed.</strong></span> 
     </span>
    </p>
   </div>
   <div class='ocr_carea' id='block_1_76' title="bbox 713 4297 2306 4375">
    <p class='ocr_par' dir='ltr' id='par_1_76' title="bbox 713 4297 2306 4375">
     <span class='ocr_line' id='line_1_76' title="bbox 713 4297 2306 4375; baseline -0.013 -13"><span class='ocrx_word' id='word_1_549' title='bbox 713 4303 1033 4375; x_wconf 81' lang='lat' dir='ltr'><strong>August._ad</strong></span> <span class='ocrx_word' id='word_1_550' title='bbox 1057 4297 1445 4375; x_wconf 55' lang='lat' dir='ltr'><strong>confessionem.</strong></span> <span class='ocrx_word' id='word_1_551' title='bbox 1478 4297 1585 4375; x_wconf 60' lang='lat' dir='ltr'><strong>Sed</strong></span> <span class='ocrx_word' id='word_1_552' title='bbox 1611 4297 1788 4375; x_wconf 39' lang='lat' dir='ltr'><strong>proba.</strong></span> <span class='ocrx_word' id='word_1_553' title='bbox 1809 4301 1897 4349; x_wconf 89' lang='lat' dir='ltr'><strong>est</strong></span> <span class='ocrx_word' id='word_1_554' title='bbox 1919 4307 2071 4375; x_wconf 77' lang='lat' dir='ltr'><strong>vetus</strong></span> <span class='ocrx_word' id='word_1_555' title='bbox 2091 4313 2144 4354; x_wconf 72' lang='grc' dir='ltr'><strong>ει</strong></span> <span class='ocrx_word' id='word_1_556' title='bbox 2166 4301 2306 4356; x_wconf 76' lang='lat' dir='ltr'><strong>om-</strong></span> 
     </span>
    </p>
   </div>
   <div class='ocr_carea' id='block_1_77' title="bbox 714 4365 2299 4442">
    <p class='ocr_par' dir='ltr' id='par_1_77' title="bbox 714 4365 2299 4442">
     <span class='ocr_line' id='line_1_77' title="bbox 714 4365 2299 4442; baseline -0.013 -9"><span class='ocrx_word' id='word_1_557' title='bbox 714 4365 887 4434; x_wconf 68' lang='lat' dir='ltr'><strong>siuna.</strong></span> <span class='ocrx_word' id='word_1_558' title='bbox 923 4371 1039 4429; x_wconf 81' lang='lat' dir='ltr'><strong>Non</strong></span> <span class='ocrx_word' id='word_1_559' title='bbox 1065 4365 1265 4442; x_wconf 77' lang='lat' dir='ltr'><strong>profuit</strong></span> <span class='ocrx_word' id='word_1_560' title='bbox 1292 4370 1463 4439; x_wconf 87' lang='lat' dir='ltr'><strong>inquit</strong></span> <span class='ocrx_word' id='word_1_561' title='bbox 1498 4368 1711 4442; x_wconf 84' lang='lat' dir='ltr'><strong>publice</strong></span> <span class='ocrx_word' id='word_1_562' title='bbox 1740 4365 1912 4434; x_wconf 87' lang='lat' dir='ltr'><strong>pietas</strong></span> <span class='ocrx_word' id='word_1_563' title='bbox 1943 4370 2172 4435; x_wconf 61' lang='lat' dir='ltr'><strong>prii-am,</strong></span> <span class='ocrx_word' id='word_1_564' title='bbox 2203 4387 2299 4426; x_wconf 72' lang='lat' dir='ltr'><strong>ne-</strong></span> 
     </span>
    </p>
   </div>
   <div class='ocr_carea' id='block_1_78' title="bbox 714 4440 2301 4520">
    <p class='ocr_par' dir='ltr' id='par_1_78' title="bbox 714 4440 2301 4520">
     <span class='ocr_line' id='line_1_78' title="bbox 714 4440 2301 4520; baseline -0.003 -17"><span class='ocrx_word' id='word_1_565' title='bbox 714 4464 820 4520; x_wconf 85' lang='lat' dir='ltr'><strong>que</strong></span> <span class='ocrx_word' id='word_1_566' title='bbox 857 4440 1103 4503; x_wconf 85' lang='lat' dir='ltr'><strong>confudit</strong></span> <span class='ocrx_word' id='word_1_567' title='bbox 1139 4443 1431 4520; x_wconf 51' lang='lat' dir='ltr'><strong>Rullianus,</strong></span> <span class='ocrx_word' id='word_1_568' title='bbox 1461 4450 1518 4520; x_wconf 81' lang='lat' dir='ltr'><strong>u_t</strong></span> <span class='ocrx_word' id='word_1_569' title='bbox 1544 4440 1778 4520; x_wconf 81' lang='lat' dir='ltr'><strong>vitarent</strong></span> <span class='ocrx_word' id='word_1_570' title='bbox 1813 4443 2058 4512; x_wconf 80' lang='lat' dir='ltr'><strong>exempla</strong></span> <span class='ocrx_word' id='word_1_571' title='bbox 2101 4443 2301 4499; x_wconf 82' lang='lat' dir='ltr'><strong>similia</strong></span> 
     </span>
    </p>
   </div>
   <div class='ocr_carea' id='block_1_79' title="bbox 714 4511 1678 4575">
    <p class='ocr_par' dir='ltr' id='par_1_79' title="bbox 714 4511 1678 4575">
     <span class='ocr_line' id='line_1_79' title="bbox 714 4511 1678 4575; baseline -0.013 0"><span class='ocrx_word' id='word_1_572' title='bbox 714 4511 770 4575; x_wconf 71' lang='lat' dir='ltr'><strong>et</strong></span> <span class='ocrx_word' id='word_1_573' title='bbox 798 4519 1126 4575; x_wconf 82' lang='lat' dir='ltr'><strong>desisterent</strong></span> <span class='ocrx_word' id='word_1_574' title='bbox 1155 4532 1184 4566; x_wconf 87' lang='lat' dir='ltr'><strong>a</strong></span> <span class='ocrx_word' id='word_1_575' title='bbox 1218 4513 1359 4566; x_wconf 85' lang='lat' dir='ltr'><strong>bello</strong></span> <span class='ocrx_word' id='word_1_576' title='bbox 1389 4511 1678 4566; x_wconf 83' lang='lat' dir='ltr'><strong>scelerato.</strong></span> 
     </span>
    </p>
   </div>
   <div class='ocr_carea' id='block_1_80' title="bbox 785 4580 2300 4655">
    <p class='ocr_par' dir='ltr' id='par_1_80' title="bbox 785 4580 2300 4655">
     <span class='ocr_line' id='line_1_80' title="bbox 785 4580 2300 4655; baseline -0.003 -11"><span class='ocrx_word' id='word_1_577' title='bbox 785 4591 875 4644; x_wconf 76' lang='lat'><strong>9.5.</strong></span> <span class='ocrx_word' id='word_1_578' title='bbox 923 4586 1187 4655; x_wconf 77' lang='lat' dir='ltr'><strong>Numquid</strong></span> <span class='ocrx_word' id='word_1_579' title='bbox 1213 4585 1460 4653; x_wconf 81' lang='lat' dir='ltr'><strong>aliquem.</strong></span> <span class='ocrx_word' id='word_1_580' title='bbox 1483 4580 1733 4655; x_wconf 81' lang='lat' dir='ltr'><strong>Orosium</strong></span> <span class='ocrx_word' id='word_1_581' title='bbox 1765 4595 1868 4633; x_wconf 86' lang='lat' dir='ltr'><strong>una</strong></span> <span class='ocrx_word' id='word_1_582' title='bbox 1897 4596 2028 4655; x_wconf 75' lang='lat' dir='ltr'><strong>voce</strong></span> <span class='ocrx_word' id='word_1_583' title='bbox 2055 4582 2300 4654; x_wconf 81' lang='lat' dir='ltr'><strong>locuple-</strong></span> 
     </span>
    </p>
   </div>
   <div class='ocr_carea' id='block_1_81' title="bbox 717 4652 2292 4725">
    <p class='ocr_par' dir='ltr' id='par_1_81' title="bbox 717 4652 2292 4725">
     <span class='ocr_line' id='line_1_81' title="bbox 717 4652 2292 4725; baseline -0.003 -10"><span class='ocrx_word' id='word_1_584' title='bbox 717 4661 914 4717; x_wconf 83' lang='lat' dir='ltr'><strong>tiorem</strong></span> <span class='ocrx_word' id='word_1_585' title='bbox 947 4652 1179 4714; x_wconf 73' lang='lat' dir='ltr'><strong>reddidit</strong></span> <span class='ocrx_word' id='word_1_586' title='bbox 1203 4652 1326 4709; x_wconf 89' lang='lat' dir='ltr'><strong>cod.</strong></span> <span class='ocrx_word' id='word_1_587' title='bbox 1359 4655 1618 4725; x_wconf 70' lang='lat' dir='ltr'><strong>Pet-imit.</strong></span> <span class='ocrx_word' id='word_1_588' title='bbox 1639 4652 2013 4707; x_wconf 88' lang='lat' dir='ltr'><strong>intcrserendo</strong></span> <span class='ocrx_word' id='word_1_589' title='bbox 2039 4652 2292 4725; x_wconf 80' lang='lat' dir='ltr'><strong>aliquem.</strong></span> 
     </span>
    </p>
   </div>
   <div class='ocr_carea' id='block_1_82' title="bbox 716 4723 2300 4796">
    <p class='ocr_par' dir='ltr' id='par_1_82' title="bbox 716 4723 2300 4796">
     <span class='ocr_line' id='line_1_82' title="bbox 716 4723 2300 4796; baseline -0.004 -9"><span class='ocrx_word' id='word_1_590' title='bbox 716 4730 1086 4788; x_wconf 76' lang='lat' dir='ltr'><strong>Necessariam</strong></span> <span class='ocrx_word' id='word_1_591' title='bbox 1111 4730 1256 4782; x_wconf 89' lang='lat' dir='ltr'><strong>illam</strong></span> <span class='ocrx_word' id='word_1_592' title='bbox 1279 4740 1400 4780; x_wconf 89' lang='lat' dir='ltr'><strong>esse</strong></span> <span class='ocrx_word' id='word_1_593' title='bbox 1427 4723 1649 4794; x_wconf 78' lang='lat' dir='ltr'><strong>negabit</strong></span> <span class='ocrx_word' id='word_1_594' title='bbox 1669 4737 1851 4796; x_wconf 80' lang='lat' dir='ltr'><strong>nemo,</strong></span> <span class='ocrx_word' id='word_1_595' title='bbox 1871 4736 1996 4796; x_wconf 82' lang='lat' dir='ltr'><strong>cum</strong></span> <span class='ocrx_word' id='word_1_596' title='bbox 2018 4723 2300 4796; x_wconf 86' lang='lat' dir='ltr'><strong>sequatur,</strong></span> 
     </span>
    </p>
   </div>
   <div class='ocr_carea' id='block_1_83' title="bbox 717 4792 2294 4874">
    <p class='ocr_par' dir='ltr' id='par_1_83' title="bbox 717 4792 2294 4874">
     <span class='ocr_line' id='line_1_83' title="bbox 717 4792 2294 4874; baseline -0.003 -16"><span class='ocrx_word' id='word_1_597' title='bbox 717 4798 1159 4874; x_wconf 6' lang='lat' dir='ltr'><strong>Nnmquidgapud</strong></span> <span class='ocrx_word' id='word_1_598' title='bbox 1188 4792 1659 4874; x_wconf 25' lang='lat' dir='ltr'><strong>queinquampetc.</strong></span> <span class='ocrx_word' id='word_1_599' title='bbox 1681 4792 1850 4861; x_wconf 75' lang='lat' dir='ltr'><strong>Lugd.</strong></span> <span class='ocrx_word' id='word_1_600' title='bbox 1885 4794 2032 4874; x_wconf 60' lang='lat' dir='ltr'><strong>Ball.</strong></span> <span class='ocrx_word' id='word_1_601' title='bbox 2060 4792 2294 4874; x_wconf 75' lang='lat' dir='ltr'><strong>quatuor</strong></span> 
     </span>
    </p>
   </div>
   <div class='ocr_carea' id='block_1_84' title="bbox 713 4865 2298 4941">
    <p class='ocr_par' dir='ltr' id='par_1_84' title="bbox 713 4865 2298 4941">
     <span class='ocr_line' id='line_1_84' title="bbox 713 4865 2298 4941; baseline 0.004 -24"><span class='ocrx_word' id='word_1_602' title='bbox 713 4884 770 4931; x_wconf 73' lang='grc' dir='ltr'><strong>ει</strong></span> <span class='ocrx_word' id='word_1_603' title='bbox 820 4865 957 4932; x_wconf 70' lang='grc' dir='ltr'><strong>ωἰτ,</strong></span> <span class='ocrx_word' id='word_1_604' title='bbox 1007 4865 1221 4941; x_wconf 66' lang='lat' dir='ltr'><strong>legunt,</strong></span> <span class='ocrx_word' id='word_1_605' title='bbox 1277 4865 1900 4941; x_wconf 69' lang='lat' dir='ltr'><strong>Numquid_int_entarum</strong></span> <span class='ocrx_word' id='word_1_606' title='bbox 1943 4865 2298 4923; x_wconf 76' lang='lat' dir='ltr'><strong>animositates</strong></span> 
     </span>
    </p>
   </div>
   <div class='ocr_carea' id='block_1_85' title="bbox 713 4935 2292 5020">
    <p class='ocr_par' dir='ltr' id='par_1_85' title="bbox 713 4935 2292 5020">
     <span class='ocr_line' id='line_1_85' title="bbox 713 4935 2292 5020; baseline -0.002 -22"><span class='ocrx_word' id='word_1_607' title='bbox 713 4947 958 5020; x_wconf 73' lang='lat' dir='ltr'><strong>partium.</strong></span> <span class='ocrx_word' id='word_1_608' title='bbox 991 4935 1184 4998; x_wconf 59' lang='lat' dir='ltr'><strong>Exstat</strong></span> <span class='ocrx_word' id='word_1_609' title='bbox 1211 4941 1345 5020; x_wconf 75' lang='lat' dir='ltr'><strong>cad.</strong></span> <span class='ocrx_word' id='word_1_610' title='bbox 1380 4935 1541 4994; x_wconf 79' lang='lat' dir='ltr'><strong>lectio</strong></span> <span class='ocrx_word' id='word_1_611' title='bbox 1565 4936 1616 4991; x_wconf 90' lang='lat' dir='ltr'><strong>in</strong></span> <span class='ocrx_word' id='word_1_612' title='bbox 1648 4935 1914 4992; x_wconf 85' lang='lat' dir='ltr'><strong>Florentt.</strong></span> <span class='ocrx_word' id='word_1_613' title='bbox 1947 4953 2031 5009; x_wconf 91' lang='lat' dir='ltr'><strong>pr.</strong></span> <span class='ocrx_word' id='word_1_614' title='bbox 2071 4949 2126 4995; x_wconf 90' lang='lat' dir='ltr'><strong>et</strong></span> <span class='ocrx_word' id='word_1_615' title='bbox 2153 4954 2292 5011; x_wconf 84' lang='lat' dir='ltr'><strong>sec.,</strong></span> 
     </span>
    </p>
   </div>
   <div class='ocr_carea' id='block_1_86' title="bbox 715 5011 1394 5081">
    <p class='ocr_par' dir='ltr' id='par_1_86' title="bbox 715 5011 1394 5081">
     <span class='ocr_line' id='line_1_86' title="bbox 715 5011 1394 5081; baseline -0.021 -5"><span class='ocrx_word' id='word_1_616' title='bbox 715 5011 811 5075; x_wconf 67' lang='lat' dir='ltr'><strong>sed</strong></span> <span class='ocrx_word' id='word_1_617' title='bbox 843 5018 895 5072; x_wconf 89' lang='lat' dir='ltr'><strong>in</strong></span> <span class='ocrx_word' id='word_1_618' title='bbox 930 5029 1045 5070; x_wconf 85' lang='lat' dir='ltr'><strong>sec.</strong></span> <span class='ocrx_word' id='word_1_619' title='bbox 1083 5011 1394 5081; x_wconf 82' lang='lat' dir='ltr'><strong>corrigitur.</strong></span> 
     </span>
    </p>
   </div>
   <div class='ocr_carea' id='block_1_87' title="bbox 783 5077 2284 5154">
    <p class='ocr_par' dir='ltr' id='par_1_87' title="bbox 783 5077 2284 5154">
     <span class='ocr_line' id='line_1_87' title="bbox 783 5077 2284 5154; baseline -0.005 -9"><span class='ocrx_word' id='word_1_620' title='bbox 783 5089 875 5144; x_wconf 80' lang='grc'><strong>9-6.</strong></span> <span class='ocrx_word' id='word_1_621' title='bbox 919 5084 1191 5154; x_wconf 78' lang='lat' dir='ltr'><strong>Numquid</strong></span> <span class='ocrx_word' id='word_1_622' title='bbox 1211 5077 1319 5137; x_wconf 70' lang='lat' dir='ltr'><strong>Ii&#39;tec</strong></span> <span class='ocrx_word' id='word_1_623' title='bbox 1336 5095 1472 5151; x_wconf 66' lang='lat' dir='ltr'><strong>qua,</strong></span> <span class='ocrx_word' id='word_1_624' title='bbox 1491 5089 1608 5154; x_wconf 58' lang='lat' dir='ltr'><strong>etc.</strong></span> <span class='ocrx_word' id='word_1_625' title='bbox 1623 5077 1761 5133; x_wconf 80' lang='lat' dir='ltr'><strong>Puto</strong></span> <span class='ocrx_word' id='word_1_626' title='bbox 1782 5092 1906 5134; x_wconf 87' lang='lat' dir='ltr'><strong>esse</strong></span> <span class='ocrx_word' id='word_1_627' title='bbox 1921 5079 2284 5154; x_wconf 78' lang='lat' dir='ltr'><strong>scribendum,</strong></span> 
     </span>
    </p>
   </div>
   <div class='ocr_carea' id='block_1_88' title="bbox 713 5149 2286 5227">
    <p class='ocr_par' dir='ltr' id='par_1_88' title="bbox 713 5149 2286 5227">
     <span class='ocr_line' id='line_1_88' title="bbox 713 5149 2286 5227; baseline -0.011 -13"><span class='ocrx_word' id='word_1_628' title='bbox 713 5158 857 5215; x_wconf 83' lang='lat' dir='ltr'><strong>Num</strong></span> <span class='ocrx_word' id='word_1_629' title='bbox 882 5159 1016 5227; x_wconf 83' lang='lat' dir='ltr'><strong>quis,</strong></span> <span class='ocrx_word' id='word_1_630' title='bbox 1045 5149 1176 5220; x_wconf 61' lang='lat' dir='ltr'><strong>hinc,</strong></span> <span class='ocrx_word' id='word_1_631' title='bbox 1208 5168 1322 5224; x_wconf 74' lang='lat' dir='ltr'><strong>qtae</strong></span> <span class='ocrx_word' id='word_1_632' title='bbox 1349 5149 1635 5227; x_wconf 73' lang='lat' dir='ltr'><strong>communis</strong></span> <span class='ocrx_word' id='word_1_633' title='bbox 1676 5159 1771 5227; x_wconf 62' lang='lat' dir='ltr'><strong>est,</strong></span> <span class='ocrx_word' id='word_1_634' title='bbox 1812 5159 1930 5227; x_wconf 50' lang='lat' dir='ltr'><strong>etc.</strong></span> <span class='ocrx_word' id='word_1_635' title='bbox 1953 5149 2093 5227; x_wconf 50' lang='lat' dir='ltr'><strong>[Sum</strong></span> <span class='ocrx_word' id='word_1_636' title='bbox 2128 5153 2286 5227; x_wconf 43' lang='lat' dir='ltr'><strong>quis,</strong></span> 
     </span>
    </p>
   </div>
   <div class='ocr_carea' id='block_1_89' title="bbox 715 5220 2292 5302">
    <p class='ocr_par' dir='ltr' id='par_1_89' title="bbox 715 5220 2292 5302">
     <span class='ocr_line' id='line_1_89' title="bbox 715 5220 2292 5302; baseline -0.005 -15"><span class='ocrx_word' id='word_1_637' title='bbox 715 5220 908 5302; x_wconf 66' lang='lat' dir='ltr'><strong>inquit,</strong></span> <span class='ocrx_word' id='word_1_638' title='bbox 927 5220 1204 5284; x_wconf 85' lang='lat' dir='ltr'><strong>intremuit</strong></span> <span class='ocrx_word' id='word_1_639' title='bbox 1222 5220 1339 5279; x_wconf 78' lang='lat' dir='ltr'><strong>lucc</strong></span> <span class='ocrx_word' id='word_1_640' title='bbox 1363 5224 1398 5278; x_wconf 92' lang='lat' dir='ltr'><strong>i.</strong></span> <span class='ocrx_word' id='word_1_641' title='bbox 1432 5237 1484 5279; x_wconf 90' lang='lat' dir='ltr'><strong>e.</strong></span> <span class='ocrx_word' id='word_1_642' title='bbox 1610 5220 1762 5302; x_wconf 65' lang='lat' dir='ltr'><strong>haec?</strong></span> <span class='ocrx_word' id='word_1_643' title='bbox 1785 5221 1932 5302; x_wconf 71' lang='lat' dir='ltr'><strong>quod</strong></span> <span class='ocrx_word' id='word_1_644' title='bbox 1964 5220 2180 5279; x_wconf 71' lang='lat' dir='ltr'><strong>lirtnatit</strong></span> <span class='ocrx_word' id='word_1_645' title='bbox 2204 5224 2292 5279; x_wconf 86' lang='lat' dir='ltr'><strong>illa</strong></span> 
     </span>
    </p>
   </div>
   <div class='ocr_carea' id='block_1_90' title="bbox 709 5293 2288 5372">
    <p class='ocr_par' dir='ltr' id='par_1_90' title="bbox 709 5293 2288 5372">
     <span class='ocr_line' id='line_1_90' title="bbox 709 5293 2288 5372; baseline -0.011 -18"><span class='ocrx_word' id='word_1_646' title='bbox 709 5293 834 5372; x_wconf 41' lang='lat' dir='ltr'><strong>quin</strong></span> <span class='ocrx_word' id='word_1_647' title='bbox 867 5293 1193 5369; x_wconf 87' lang='lat' dir='ltr'><strong>sequuntur,</strong></span> <span class='ocrx_word' id='word_1_648' title='bbox 1231 5293 1529 5372; x_wconf 33' lang='lat' dir='ltr'><strong>sesequc‘ub</strong></span> <span class='ocrx_word' id='word_1_649' title='bbox 1558 5293 1852 5372; x_wconf 63' lang='lat' dir='ltr'><strong>huiusmodi</strong></span> <span class='ocrx_word' id='word_1_650' title='bbox 1890 5295 2112 5364; x_wconf 81' lang='lat' dir='ltr'><strong>incepto,</strong></span> <span class='ocrx_word' id='word_1_651' title='bbox 2157 5311 2288 5372; x_wconf 57' lang='lat' dir='ltr'><strong>con-</strong></span> 
     </span>
    </p>
   </div>
   <div class='ocr_carea' id='block_1_91' title="bbox 710 5363 2289 5435">
    <p class='ocr_par' dir='ltr' id='par_1_91' title="bbox 710 5363 2289 5435">
     <span class='ocr_line' id='line_1_91' title="bbox 710 5363 2289 5435; baseline -0.003 -8"><span class='ocrx_word' id='word_1_652' title='bbox 710 5363 926 5427; x_wconf 64' lang='lat' dir='ltr'><strong>scicntia</strong></span> <span class='ocrx_word' id='word_1_653' title='bbox 947 5363 1131 5435; x_wconf 63' lang='lat' dir='ltr'><strong>rictus,</strong></span> <span class='ocrx_word' id='word_1_654' title='bbox 1161 5363 1410 5423; x_wconf 77' lang='lat' dir='ltr'><strong>removit?</strong></span> <span class='ocrx_word' id='word_1_655' title='bbox 1446 5366 1563 5420; x_wconf 84' lang='lat' dir='ltr'><strong>Non</strong></span> <span class='ocrx_word' id='word_1_656' title='bbox 1592 5363 1735 5418; x_wconf 78' lang='lat' dir='ltr'><strong>enim</strong></span> <span class='ocrx_word' id='word_1_657' title='bbox 1767 5363 1952 5430; x_wconf 86' lang='lat' dir='ltr'><strong>video,</strong></span> <span class='ocrx_word' id='word_1_658' title='bbox 1985 5381 2095 5435; x_wconf 90' lang='lat' dir='ltr'><strong>quo</strong></span> <span class='ocrx_word' id='word_1_659' title='bbox 2125 5366 2289 5423; x_wconf 88' lang='lat' dir='ltr'><strong>modo</strong></span> 
     </span>
    </p>
   </div>
   <div class='ocr_carea' id='block_1_92' title="bbox 710 5435 2289 5510">
    <p class='ocr_par' dir='ltr' id='par_1_92' title="bbox 710 5435 2289 5510">
     <span class='ocr_line' id='line_1_92' title="bbox 710 5435 2289 5510; baseline -0.004 -12"><span class='ocrx_word' id='word_1_660' title='bbox 710 5445 870 5501; x_wconf 90' lang='lat' dir='ltr'><strong>aliter</strong></span> <span class='ocrx_word' id='word_1_661' title='bbox 895 5441 1026 5496; x_wconf 90' lang='lat' dir='ltr'><strong>satis</strong></span> <span class='ocrx_word' id='word_1_662' title='bbox 1052 5451 1177 5510; x_wconf 87' lang='lat' dir='ltr'><strong>apte</strong></span> <span class='ocrx_word' id='word_1_663' title='bbox 1205 5437 1306 5510; x_wconf 82' lang='lat' dir='ltr'><strong>sibi</strong></span> <span class='ocrx_word' id='word_1_664' title='bbox 1338 5438 1499 5491; x_wconf 85' lang='lat' dir='ltr'><strong>verba</strong></span> <span class='ocrx_word' id='word_1_665' title='bbox 1528 5436 1863 5510; x_wconf 70' lang='lat' dir='ltr'><strong>cohaereant.</strong></span> <span class='ocrx_word' id='word_1_666' title='bbox 1900 5435 2031 5510; x_wconf 78' lang='lat' dir='ltr'><strong>Vel,</strong></span> <span class='ocrx_word' id='word_1_667' title='bbox 2069 5448 2289 5510; x_wconf 86' lang='lat' dir='ltr'><strong>recepta</strong></span> 
     </span>
    </p>
   </div>
   <div class='ocr_carea' id='block_1_93' title="bbox 709 5507 2288 5576">
    <p class='ocr_par' dir='ltr' id='par_1_93' title="bbox 709 5507 2288 5576">
     <span class='ocr_line' id='line_1_93' title="bbox 709 5507 2288 5576; baseline -0.005 -6"><span class='ocrx_word' id='word_1_668' title='bbox 709 5507 1099 5570; x_wconf 85' lang='lat' dir='ltr'><strong>emendatione</strong></span> <span class='ocrx_word' id='word_1_669' title='bbox 1116 5510 1237 5566; x_wconf 85' lang='lat' dir='ltr'><strong>cod.</strong></span> <span class='ocrx_word' id='word_1_670' title='bbox 1268 5509 1539 5571; x_wconf 76' lang='lat' dir='ltr'><strong>l‘erizon.,</strong></span> <span class='ocrx_word' id='word_1_671' title='bbox 1582 5507 1695 5576; x_wconf 86' lang='lat' dir='ltr'><strong>qni.</strong></span> <span class='ocrx_word' id='word_1_672' title='bbox 1733 5521 1827 5575; x_wconf 87' lang='lat' dir='ltr'><strong>pro</strong></span> <span class='ocrx_word' id='word_1_673' title='bbox 1856 5508 2174 5562; x_wconf 79' lang='lat' dir='ltr'><strong>conscientia</strong></span> <span class='ocrx_word' id='word_1_674' title='bbox 2209 5509 2288 5563; x_wconf 77' lang='lat' dir='ltr'><strong>vi-</strong></span> 
     </span>
    </p>
   </div>
   <div class='ocr_carea' id='block_1_94' title="bbox 705 5577 2292 5656">
    <p class='ocr_par' dir='ltr' id='par_1_94' title="bbox 705 5577 2292 5656">
     <span class='ocr_line' id='line_1_94' title="bbox 705 5577 2292 5656; baseline -0.003 -16"><span class='ocrx_word' id='word_1_675' title='bbox 705 5597 841 5653; x_wconf 84' lang='lat' dir='ltr'><strong>ctus,</strong></span> <span class='ocrx_word' id='word_1_676' title='bbox 874 5585 1004 5656; x_wconf 85' lang='lat' dir='ltr'><strong>legit</strong></span> <span class='ocrx_word' id='word_1_677' title='bbox 1025 5580 1336 5656; x_wconf 65' lang='lat' dir='ltr'><strong>conscientia</strong></span> <span class='ocrx_word' id='word_1_678' title='bbox 1364 5583 1531 5656; x_wconf 70' lang='lat' dir='ltr'><strong>rictu._</strong></span> <span class='ocrx_word' id='word_1_679' title='bbox 1549 5578 1698 5656; x_wconf 84' lang='lat' dir='ltr'><strong>locus</strong></span> <span class='ocrx_word' id='word_1_680' title='bbox 1726 5577 1827 5631; x_wconf 89' lang='lat' dir='ltr'><strong>hac</strong></span> <span class='ocrx_word' id='word_1_681' title='bbox 1849 5578 2292 5656; x_wconf 83' lang='lat' dir='ltr'><strong>interpunctione</strong></span> 
     </span>
    </p>
   </div>
   <div class='ocr_carea' id='block_1_95' title="bbox 699 5649 2294 5728">
    <p class='ocr_par' dir='ltr' id='par_1_95' title="bbox 699 5649 2294 5728">
     <span class='ocr_line' id='line_1_95' title="bbox 699 5649 2294 5728; baseline -0.006 -15"><span class='ocrx_word' id='word_1_682' title='bbox 699 5649 970 5728; x_wconf 42' lang='lat' dir='ltr'><strong>juva&#39;ndu&#39;s</strong></span> <span class='ocrx_word' id='word_1_683' title='bbox 999 5654 1228 5728; x_wconf 75' lang='lat' dir='ltr'><strong>videtur.</strong></span> <span class='ocrx_word' id='word_1_684' title='bbox 1264 5649 1531 5728; x_wconf 61' lang='lat' dir='ltr'><strong>Numquid</strong></span> <span class='ocrx_word' id='word_1_685' title='bbox 1567 5650 1704 5728; x_wconf 60' lang='lat' dir='ltr'><strong>item,</strong></span> <span class='ocrx_word' id='word_1_686' title='bbox 1740 5664 1856 5728; x_wconf 62' lang='lat' dir='ltr'><strong>quia</strong></span> <span class='ocrx_word' id='word_1_687' title='bbox 1897 5653 2191 5728; x_wconf 68' lang='lat' dir='ltr'><strong>communis</strong></span> <span class='ocrx_word' id='word_1_688' title='bbox 2220 5660 2294 5728; x_wconf 78' lang='lat' dir='ltr'><strong>est</strong></span> 
     </span>
    </p>
   </div>
   <div class='ocr_carea' id='block_1_96' title="bbox 703 5719 2294 5795">
    <p class='ocr_par' dir='ltr' id='par_1_96' title="bbox 703 5719 2294 5795">
     <span class='ocr_line' id='line_1_96' title="bbox 703 5719 2294 5795; baseline -0.002 -15"><span class='ocrx_word' id='word_1_689' title='bbox 703 5719 857 5782; x_wconf 52' lang='lat' dir='ltr'><strong>Etiam</strong></span> <span class='ocrx_word' id='word_1_690' title='bbox 891 5742 1008 5781; x_wconf 83' lang='lat' dir='ltr'><strong>cum</strong></span> <span class='ocrx_word' id='word_1_691' title='bbox 1040 5724 1224 5781; x_wconf 69' lang='lat' dir='ltr'><strong>bellicis</strong></span> <span class='ocrx_word' id='word_1_692' title='bbox 1263 5722 1391 5795; x_wconf 82' lang='lat' dir='ltr'><strong>(vel</strong></span> <span class='ocrx_word' id='word_1_693' title='bbox 1420 5719 1627 5795; x_wconf 78' lang='lat' dir='ltr'><strong>belluis,</strong></span> <span class='ocrx_word' id='word_1_694' title='bbox 1663 5719 1857 5774; x_wconf 86' lang='lat' dir='ltr'><strong>.deleto</strong></span> <span class='ocrx_word' id='word_1_695' title='bbox 1890 5736 2031 5795; x_wconf 82' lang='lat' dir='ltr'><strong>cunt,</strong></span> <span class='ocrx_word' id='word_1_696' title='bbox 2079 5728 2137 5775; x_wconf 91' lang='lat' dir='ltr'><strong>ut</strong></span> <span class='ocrx_word' id='word_1_697' title='bbox 2167 5720 2294 5777; x_wconf 83' lang='lat' dir='ltr'><strong>facit</strong></span> 
     </span>
    </p>
   </div>
   <div class='ocr_carea' id='block_1_97' title="bbox 704 5792 2293 5872">
    <p class='ocr_par' dir='ltr' id='par_1_97' title="bbox 704 5792 2293 5872">
     <span class='ocr_line' id='line_1_97' title="bbox 704 5792 2293 5872; baseline -0.006 -13"><span class='ocrx_word' id='word_1_698' title='bbox 704 5798 986 5872; x_wconf 71' lang='lat' dir='ltr'><strong>i’crizon.)</strong></span> <span class='ocrx_word' id='word_1_699' title='bbox 1015 5799 1177 5870; x_wconf 76' lang='lat' dir='ltr'><strong>pictas</strong></span> <span class='ocrx_word' id='word_1_700' title='bbox 1215 5792 1575 5853; x_wconf 58' lang='lat' dir='ltr'><strong>et&#39;rcveremia</strong></span> <span class='ocrx_word' id='word_1_701' title='bbox 1612 5800 1836 5861; x_wconf 73' lang='lat' dir='ltr'><strong>nutum,</strong></span> <span class='ocrx_word' id='word_1_702' title='bbox 1868 5794 2011 5864; x_wconf 82' lang='lat' dir='ltr'><strong>quod</strong></span> <span class='ocrx_word' id='word_1_703' title='bbox 2041 5809 2175 5852; x_wconf 81' lang='lat' dir='ltr'><strong>unus</strong></span> <span class='ocrx_word' id='word_1_704' title='bbox 2203 5809 2293 5864; x_wconf 81' lang='lat' dir='ltr'><strong>pe-</strong></span> 
     </span>
    </p>
   </div>
   <div class='ocr_carea' id='block_1_98' title="bbox 2329 4830 2378 4892">
    <p class='ocr_par' dir='ltr' id='par_1_98' title="bbox 2329 4830 2378 4892">
     <span class='ocr_line' id='line_1_98' title="bbox 2329 4830 2378 4892; baseline 0 0"><span class='ocrx_word' id='word_1_705' title='bbox 2329 4830 2378 4892; x_wconf 83' lang='grc' dir='ltr'><strong>ι)</strong></span> 
     </span>
    </p>
   </div>
   <div class='ocr_carea' id='block_1_99' title="bbox 2415 3511 4015 3586">
    <p class='ocr_par' dir='ltr' id='par_1_99' title="bbox 2415 3511 4015 3586">
     <span class='ocr_line' id='line_1_99' title="bbox 2415 3511 4015 3586; baseline -0.003 -15"><span class='ocrx_word' id='word_1_706' title='bbox 2415 3516 2649 3571; x_wconf 71' lang='lat' dir='ltr'><strong>rimando</strong></span> <span class='ocrx_word' id='word_1_707' title='bbox 2677 3527 2739 3567; x_wconf 86' lang='lat' dir='ltr'><strong>ac</strong></span> <span class='ocrx_word' id='word_1_708' title='bbox 2765 3512 3044 3586; x_wconf 74' lang='lat' dir='ltr'><strong>pereundo</strong></span> <span class='ocrx_word' id='word_1_709' title='bbox 3067 3511 3496 3586; x_wconf 67' lang='lat' dir='ltr'><strong>contmisit,_quia</strong></span> <span class='ocrx_word' id='word_1_710' title='bbox 3517 3511 3572 3565; x_wconf 83' lang='lat' dir='ltr'><strong>in</strong></span> <span class='ocrx_word' id='word_1_711' title='bbox 3599 3527 3657 3566; x_wconf 82' lang='lat' dir='ltr'><strong>se</strong></span> <span class='ocrx_word' id='word_1_712' title='bbox 3682 3511 3774 3582; x_wconf 80' lang='lat' dir='ltr'><strong>agi</strong></span> <span class='ocrx_word' id='word_1_713' title='bbox 3797 3523 4015 3586; x_wconf 74' lang='lat' dir='ltr'><strong>posset,</strong></span> 
     </span>
    </p>
   </div>
   <div class='ocr_carea' id='block_1_100' title="bbox 2416 3582 4016 3666">
    <p class='ocr_par' dir='ltr' id='par_1_100' title="bbox 2416 3582 4016 3666">
     <span class='ocr_line' id='line_1_100' title="bbox 2416 3582 4016 3666; baseline -0.001 -25"><span class='ocrx_word' id='word_1_714' title='bbox 2416 3586 2714 3666; x_wconf 73' lang='lat' dir='ltr'><strong>intremuit,</strong></span> <span class='ocrx_word' id='word_1_715' title='bbox 2754 3582 2967 3666; x_wconf 53' lang='lat' dir='ltr'><strong>seseque</strong></span> <span class='ocrx_word' id='word_1_716' title='bbox 2991 3583 3056 3636; x_wconf 83' lang='lat' dir='ltr'><strong>ab</strong></span> <span class='ocrx_word' id='word_1_717' title='bbox 3086 3582 3388 3654; x_wconf 79' lang='lat' dir='ltr'><strong>Itujusmodi</strong></span> <span class='ocrx_word' id='word_1_718' title='bbox 3436 3584 3646 3654; x_wconf 82' lang='lat' dir='ltr'><strong>incepto</strong></span> <span class='ocrx_word' id='word_1_719' title='bbox 3685 3585 4016 3641; x_wconf 76' lang='lat' dir='ltr'><strong>conscientia</strong></span> 
     </span>
    </p>
   </div>
   <div class='ocr_carea' id='block_1_101' title="bbox 2413 3655 2827 3715">
    <p class='ocr_par' dir='ltr' id='par_1_101' title="bbox 2413 3655 2827 3715">
     <span class='ocr_line' id='line_1_101' title="bbox 2413 3655 2827 3715; baseline -0.019 0"><span class='ocrx_word' id='word_1_720' title='bbox 2413 3661 2548 3715; x_wconf 79' lang='lat' dir='ltr'><strong>victa</strong></span> <span class='ocrx_word' id='word_1_721' title='bbox 2574 3655 2827 3711; x_wconf 81' lang='lat' dir='ltr'><strong>removit?</strong></span> 
     </span>
    </p>
   </div>
   <div class='ocr_carea' id='block_1_102' title="bbox 2480 3723 4015 3800">
    <p class='ocr_par' dir='ltr' id='par_1_102' title="bbox 2480 3723 4015 3800">
     <span class='ocr_line' id='line_1_102' title="bbox 2480 3723 4015 3800; baseline 0 -17"><span class='ocrx_word' id='word_1_722' title='bbox 2480 3731 2572 3784; x_wconf 72' lang='lat'><strong>‘27.</strong></span> <span class='ocrx_word' id='word_1_723' title='bbox 2615 3726 2992 3800; x_wconf 77' lang='lat' dir='ltr'><strong>Appendcnda.</strong></span> <span class='ocrx_word' id='word_1_724' title='bbox 3014 3723 3134 3800; x_wconf 63' lang='lat' dir='ltr'><strong>Meo</strong></span> <span class='ocrx_word' id='word_1_725' title='bbox 3157 3723 3398 3795; x_wconf 83' lang='lat' dir='ltr'><strong>periculo</strong></span> <span class='ocrx_word' id='word_1_726' title='bbox 3424 3723 3548 3800; x_wconf 78' lang='lat' dir='ltr'><strong>hoc.</strong></span> <span class='ocrx_word' id='word_1_727' title='bbox 3578 3739 3683 3800; x_wconf 71' lang='lat' dir='ltr'><strong>pro</strong></span> <span class='ocrx_word' id='word_1_728' title='bbox 3707 3727 4015 3800; x_wconf 67' lang='lat' dir='ltr'><strong>appetenda</strong></span> 
     </span>
    </p>
   </div>
   <div class='ocr_carea' id='block_1_103' title="bbox 2409 3796 4014 3866">
    <p class='ocr_par' dir='ltr' id='par_1_103' title="bbox 2409 3796 4014 3866">
     <span class='ocr_line' id='line_1_103' title="bbox 2409 3796 4014 3866; baseline -0.002 -12"><span class='ocrx_word' id='word_1_729' title='bbox 2409 3809 2591 3856; x_wconf 77' lang='lat' dir='ltr'><strong>textus</strong></span> <span class='ocrx_word' id='word_1_730' title='bbox 2610 3796 2859 3866; x_wconf 87' lang='lat' dir='ltr'><strong>recipiat,</strong></span> <span class='ocrx_word' id='word_1_731' title='bbox 2884 3807 2959 3861; x_wconf 85' lang='lat' dir='ltr'><strong>et,</strong></span> <span class='ocrx_word' id='word_1_732' title='bbox 2986 3797 3089 3851; x_wconf 90' lang='lat' dir='ltr'><strong>nisi</strong></span> <span class='ocrx_word' id='word_1_733' title='bbox 3118 3806 3177 3851; x_wconf 91' lang='lat' dir='ltr'><strong>ut</strong></span> <span class='ocrx_word' id='word_1_734' title='bbox 3195 3812 3383 3853; x_wconf 89' lang='lat' dir='ltr'><strong>verum</strong></span> <span class='ocrx_word' id='word_1_735' title='bbox 3404 3797 3628 3866; x_wconf 83' lang='lat' dir='ltr'><strong>verbum</strong></span> <span class='ocrx_word' id='word_1_736' title='bbox 3650 3796 3798 3863; x_wconf 76' lang='lat' dir='ltr'><strong>dem,</strong></span> <span class='ocrx_word' id='word_1_737' title='bbox 3823 3799 4014 3854; x_wconf 80' lang='lat' dir='ltr'><strong>actiu-</strong></span> 
     </span>
    </p>
   </div>
   <div class='ocr_carea' id='block_1_104' title="bbox 2410 3865 4016 3939">
    <p class='ocr_par' dir='ltr' id='par_1_104' title="bbox 2410 3865 4016 3939">
     <span class='ocr_line' id='line_1_104' title="bbox 2410 3865 4016 3939; baseline -0.001 -13"><span class='ocrx_word' id='word_1_738' title='bbox 2410 3887 2532 3926; x_wconf 90' lang='lat' dir='ltr'><strong>nem</strong></span> <span class='ocrx_word' id='word_1_739' title='bbox 2572 3865 2892 3939; x_wconf 87' lang='lat' dir='ltr'><strong>injuriarum</strong></span> <span class='ocrx_word' id='word_1_740' title='bbox 2925 3884 2954 3921; x_wconf 92' lang='lat' dir='ltr'><strong>a</strong></span> <span class='ocrx_word' id='word_1_741' title='bbox 2986 3877 3217 3937; x_wconf 61' lang='lat' dir='ltr'><strong>primore</strong></span> <span class='ocrx_word' id='word_1_742' title='bbox 3257 3868 3516 3939; x_wconf 88' lang='lat' dir='ltr'><strong>postulet.</strong></span> <span class='ocrx_word' id='word_1_743' title='bbox 3564 3865 4016 3925; x_wconf 77' lang='lat' dir='ltr'><strong>Laur.--Erui-</strong></span> 
     </span>
    </p>
   </div>
   <div class='ocr_carea' id='block_1_105' title="bbox 2409 3938 4003 4010">
    <p class='ocr_par' dir='ltr' id='par_1_105' title="bbox 2409 3938 4003 4010">
     <span class='ocr_line' id='line_1_105' title="bbox 2409 3938 4003 4010; baseline -0.003 -12"><span class='ocrx_word' id='word_1_744' title='bbox 2409 3958 2530 3998; x_wconf 90' lang='lat' dir='ltr'><strong>mus</strong></span> <span class='ocrx_word' id='word_1_745' title='bbox 2575 3938 2712 3996; x_wconf 84' lang='lat' dir='ltr'><strong>hanc</strong></span> <span class='ocrx_word' id='word_1_746' title='bbox 2753 3940 3041 4010; x_wconf 85' lang='lat' dir='ltr'><strong>lectionem</strong></span> <span class='ocrx_word' id='word_1_747' title='bbox 3083 3947 3205 4008; x_wconf 88' lang='lat' dir='ltr'><strong>post</strong></span> <span class='ocrx_word' id='word_1_748' title='bbox 3241 3938 3493 4010; x_wconf 86' lang='lat' dir='ltr'><strong>Lautium</strong></span> <span class='ocrx_word' id='word_1_749' title='bbox 3525 3952 3593 3995; x_wconf 76' lang='lat' dir='ltr'><strong>ex</strong></span> <span class='ocrx_word' id='word_1_750' title='bbox 3626 3939 3781 3996; x_wconf 85' lang='lat' dir='ltr'><strong>libris</strong></span> <span class='ocrx_word' id='word_1_751' title='bbox 3821 3955 4003 4010; x_wconf 86' lang='lat' dir='ltr'><strong>mss.,</strong></span> 
     </span>
    </p>
   </div>
   <div class='ocr_carea' id='block_1_106' title="bbox 2406 4009 4006 4081">
    <p class='ocr_par' dir='ltr' id='par_1_106' title="bbox 2406 4009 4006 4081">
     <span class='ocr_line' id='line_1_106' title="bbox 2406 4009 4006 4081; baseline 0.001 -15"><span class='ocrx_word' id='word_1_752' title='bbox 2406 4016 2496 4081; x_wconf 85' lang='lat' dir='ltr'><strong>qui</strong></span> <span class='ocrx_word' id='word_1_753' title='bbox 2528 4012 2642 4068; x_wconf 87' lang='lat' dir='ltr'><strong>fere</strong></span> <span class='ocrx_word' id='word_1_754' title='bbox 2668 4025 2857 4067; x_wconf 85' lang='lat' dir='ltr'><strong>omnes</strong></span> <span class='ocrx_word' id='word_1_755' title='bbox 2889 4016 2958 4064; x_wconf 89' lang='lat' dir='ltr'><strong>ita</strong></span> <span class='ocrx_word' id='word_1_756' title='bbox 2993 4009 3199 4081; x_wconf 84' lang='lat' dir='ltr'><strong>legunt.</strong></span> <span class='ocrx_word' id='word_1_757' title='bbox 3232 4009 3316 4066; x_wconf 89' lang='lat' dir='ltr'><strong>vel</strong></span> <span class='ocrx_word' id='word_1_758' title='bbox 3339 4010 3413 4064; x_wconf 89' lang='lat' dir='ltr'><strong>ita</strong></span> <span class='ocrx_word' id='word_1_759' title='bbox 3435 4010 3719 4080; x_wconf 80' lang='lat' dir='ltr'><strong>legendum</strong></span> <span class='ocrx_word' id='word_1_760' title='bbox 3744 4024 3872 4067; x_wconf 84' lang='lat' dir='ltr'><strong>esse</strong></span> <span class='ocrx_word' id='word_1_761' title='bbox 3902 4009 4006 4067; x_wconf 54' lang='lat' dir='ltr'><strong>su?-</strong></span> 
     </span>
    </p>
   </div>
   <div class='ocr_carea' id='block_1_107' title="bbox 2408 4080 4008 4156">
    <p class='ocr_par' dir='ltr' id='par_1_107' title="bbox 2408 4080 4008 4156">
     <span class='ocr_line' id='line_1_107' title="bbox 2408 4080 4008 4156; baseline -0.002 -15"><span class='ocrx_word' id='word_1_762' title='bbox 2408 4080 2767 4156; x_wconf 82' lang='lat' dir='ltr'><strong>perscriptum</strong></span> <span class='ocrx_word' id='word_1_763' title='bbox 2811 4080 3241 4156; x_wconf 39' lang='lat' dir='ltr'><strong>babent.’V_nlgo</strong></span> <span class='ocrx_word' id='word_1_764' title='bbox 3268 4082 3581 4156; x_wconf 76' lang='lat' dir='ltr'><strong>appetenda,</strong></span> <span class='ocrx_word' id='word_1_765' title='bbox 3620 4081 3777 4156; x_wconf 80' lang='lat' dir='ltr'><strong>quod</strong></span> <span class='ocrx_word' id='word_1_766' title='bbox 3793 4097 4008 4152; x_wconf 82' lang='lat' dir='ltr'><strong>nequa-</strong></span> 
     </span>
    </p>
   </div>
   <div class='ocr_carea' id='block_1_108' title="bbox 2405 4151 4003 4236">
    <p class='ocr_par' dir='ltr' id='par_1_108' title="bbox 2405 4151 4003 4236">
     <span class='ocr_line' id='line_1_108' title="bbox 2405 4151 4003 4236; baseline -0.001 -25"><span class='ocrx_word' id='word_1_767' title='bbox 2405 4151 2580 4236; x_wconf 78' lang='lat' dir='ltr'><strong>qan</strong></span> <span class='ocrx_word' id='word_1_768' title='bbox 2601 4151 2824 4236; x_wconf 79' lang='lat' dir='ltr'><strong>alterius</strong></span> <span class='ocrx_word' id='word_1_769' title='bbox 2852 4153 3119 4236; x_wconf 70' lang='lat' dir='ltr'><strong>venustati</strong></span> <span class='ocrx_word' id='word_1_770' title='bbox 3165 4168 3263 4236; x_wconf 64' lang='lat' dir='ltr'><strong>par</strong></span> <span class='ocrx_word' id='word_1_771' title='bbox 3304 4151 3413 4236; x_wconf 78' lang='lat' dir='ltr'><strong>est.</strong></span> <span class='ocrx_word' id='word_1_772' title='bbox 3456 4151 3810 4236; x_wconf 46' lang='lat' dir='ltr'><strong>A-ppcndende</strong></span> <span class='ocrx_word' id='word_1_773' title='bbox 3849 4151 4003 4236; x_wconf 51' lang='lat' dir='ltr'><strong>enim</strong></span> 
     </span>
    </p>
   </div>
   <div class='ocr_carea' id='block_1_109' title="bbox 2405 4224 4002 4378">
    <p class='ocr_par' dir='ltr' id='par_1_109' title="bbox 2405 4224 4002 4378">
     <span class='ocr_line' id='line_1_109' title="bbox 2407 4224 4002 4298; baseline -0.001 -16"><span class='ocrx_word' id='word_1_774' title='bbox 2407 4224 2674 4298; x_wconf 81' lang='lat' dir='ltr'><strong>significat</strong></span> <span class='ocrx_word' id='word_1_775' title='bbox 2705 4227 3064 4295; x_wconf 84' lang='lat' dir='ltr'><strong>:rquationem</strong></span> <span class='ocrx_word' id='word_1_776' title='bbox 3095 4224 3266 4278; x_wconf 87' lang='lat' dir='ltr'><strong>laudis</strong></span> <span class='ocrx_word' id='word_1_777' title='bbox 3306 4234 3363 4277; x_wconf 94' lang='lat' dir='ltr'><strong>et</strong></span> <span class='ocrx_word' id='word_1_778' title='bbox 3390 4224 3647 4291; x_wconf 79' lang='lat' dir='ltr'><strong>sceleris;</strong></span> <span class='ocrx_word' id='word_1_779' title='bbox 3682 4239 3843 4295; x_wconf 85' lang='lat' dir='ltr'><strong>quam</strong></span> <span class='ocrx_word' id='word_1_780' title='bbox 3879 4225 4002 4281; x_wconf 80' lang='lat' dir='ltr'><strong>lan-</strong></span> 
     </span>
     <span class='ocr_line' id='line_1_110' title="bbox 2405 4294 3999 4378; baseline 0.001 -26"><span class='ocrx_word' id='word_1_781' title='bbox 2405 4299 2528 4352; x_wconf 89' lang='lat' dir='ltr'><strong>dem</strong></span> <span class='ocrx_word' id='word_1_782' title='bbox 2563 4311 2676 4378; x_wconf 79' lang='lat' dir='ltr'><strong>non</strong></span> <span class='ocrx_word' id='word_1_783' title='bbox 2700 4297 2832 4378; x_wconf 76' lang='lat' dir='ltr'><strong>dicit</strong></span> <span class='ocrx_word' id='word_1_784' title='bbox 2857 4297 3084 4378; x_wconf 70' lang='lat' dir='ltr'><strong>Orosius</strong></span> <span class='ocrx_word' id='word_1_785' title='bbox 3124 4294 3593 4378; x_wconf 74' lang='lat' dir='ltr'><strong>esse_simpliciter</strong></span> <span class='ocrx_word' id='word_1_786' title='bbox 3630 4295 3999 4378; x_wconf 70' lang='lat' dir='ltr'><strong>appetendam</strong></span> 
     </span>
    </p>
   </div>
   <div class='ocr_carea' id='block_1_110' title="bbox 2403 4366 4003 4508">
    <p class='ocr_par' dir='ltr' id='par_1_110' title="bbox 2403 4366 4003 4508">
     <span class='ocr_line' id='line_1_111' title="bbox 2403 4366 4003 4451; baseline -0.001 -26"><span class='ocrx_word' id='word_1_787' title='bbox 2403 4383 2468 4451; x_wconf 54' lang='lat' dir='ltr'><strong>es</strong></span> <span class='ocrx_word' id='word_1_788' title='bbox 2502 4367 2870 4450; x_wconf 79' lang='lat' dir='ltr'><strong>magnitudine</strong></span> <span class='ocrx_word' id='word_1_789' title='bbox 2894 4368 3140 4433; x_wconf 88' lang='lat' dir='ltr'><strong>sceleris,</strong></span> <span class='ocrx_word' id='word_1_790' title='bbox 3176 4366 3271 4421; x_wconf 86' lang='lat' dir='ltr'><strong>sed</strong></span> <span class='ocrx_word' id='word_1_791' title='bbox 3302 4366 3712 4450; x_wconf 68' lang='lat' dir='ltr'><strong>mstimandam,</strong></span> <span class='ocrx_word' id='word_1_792' title='bbox 3743 4366 4003 4424; x_wconf 86' lang='lat' dir='ltr'><strong>similitu-</strong></span> 
     </span>
     <span class='ocr_line' id='line_1_112' title="bbox 2405 4438 4001 4508; baseline -0.001 -13"><span class='ocrx_word' id='word_1_793' title='bbox 2405 4441 2532 4497; x_wconf 81' lang='lat' dir='ltr'><strong>dine</strong></span> <span class='ocrx_word' id='word_1_794' title='bbox 2560 4457 2590 4496; x_wconf 89' lang='lat' dir='ltr'><strong>a</strong></span> <span class='ocrx_word' id='word_1_795' title='bbox 2619 4439 2886 4504; x_wconf 77' lang='lat' dir='ltr'><strong>lancibus,</strong></span> <span class='ocrx_word' id='word_1_796' title='bbox 2928 4449 2983 4494; x_wconf 90' lang='lat' dir='ltr'><strong>et</strong></span> <span class='ocrx_word' id='word_1_797' title='bbox 3009 4439 3172 4494; x_wconf 88' lang='lat' dir='ltr'><strong>rebus</strong></span> <span class='ocrx_word' id='word_1_798' title='bbox 3199 4453 3321 4508; x_wconf 80' lang='lat' dir='ltr'><strong>qua:</strong></span> <span class='ocrx_word' id='word_1_799' title='bbox 3344 4453 3398 4493; x_wconf 83' lang='lat' dir='ltr'><strong>tn</strong></span> <span class='ocrx_word' id='word_1_800' title='bbox 3427 4438 3618 4493; x_wconf 89' lang='lat' dir='ltr'><strong>nsdem</strong></span> <span class='ocrx_word' id='word_1_801' title='bbox 3669 4438 4001 4508; x_wconf 87' lang='lat' dir='ltr'><strong>appendun-</strong></span> 
     </span>
    </p>
   </div>
   <div class='ocr_carea' id='block_1_111' title="bbox 2407 4453 4001 4583">
    <p class='ocr_par' dir='ltr' id='par_1_111' title="bbox 2407 4453 4001 4583">
     <span class='ocr_line' id='line_1_113' title="bbox 2407 4453 4001 4509; baseline -0.001 -14"><span class='ocrx_word' id='word_1_802' title='bbox 2407 4453 2532 4497; x_wconf 82' lang='lat' dir='ltr'><strong>uine</strong></span> <span class='ocrx_word' id='word_1_803' title='bbox 2560 4457 2590 4496; x_wconf 90' lang='lat' dir='ltr'><strong>a</strong></span> <span class='ocrx_word' id='word_1_804' title='bbox 2619 4453 2886 4504; x_wconf 78' lang='lat' dir='ltr'><strong>lancibus,</strong></span> <span class='ocrx_word' id='word_1_805' title='bbox 2928 4453 2983 4494; x_wconf 86' lang='lat' dir='ltr'><strong>et</strong></span> <span class='ocrx_word' id='word_1_806' title='bbox 3009 4453 3172 4494; x_wconf 81' lang='lat' dir='ltr'><strong>rebus</strong></span> <span class='ocrx_word' id='word_1_807' title='bbox 3199 4453 3398 4509; x_wconf 86' lang='lat' dir='ltr'><strong>quaem</strong></span> <span class='ocrx_word' id='word_1_808' title='bbox 3427 4453 3618 4493; x_wconf 87' lang='lat' dir='ltr'><strong>usaem</strong></span> <span class='ocrx_word' id='word_1_809' title='bbox 3669 4453 4001 4508; x_wconf 87' lang='lat' dir='ltr'><strong>appenuun-</strong></span> 
     </span>
     <span class='ocr_line' id='line_1_114' title="bbox 2407 4508 4001 4583; baseline 0 -19"><span class='ocrx_word' id='word_1_810' title='bbox 2407 4520 2514 4576; x_wconf 83' lang='lat' dir='ltr'><strong>tnr,</strong></span> <span class='ocrx_word' id='word_1_811' title='bbox 2539 4513 2843 4583; x_wconf 89' lang='lat' dir='ltr'><strong>desumpta.</strong></span> <span class='ocrx_word' id='word_1_812' title='bbox 2873 4508 3023 4565; x_wconf 87' lang='lat' dir='ltr'><strong>Flor.</strong></span> <span class='ocrx_word' id='word_1_813' title='bbox 3058 4525 3143 4581; x_wconf 90' lang='lat' dir='ltr'><strong>pr.</strong></span> <span class='ocrx_word' id='word_1_814' title='bbox 3174 4519 3438 4581; x_wconf 68' lang='lat' dir='ltr'><strong>praeterea</strong></span> <span class='ocrx_word' id='word_1_815' title='bbox 3467 4509 3594 4581; x_wconf 86' lang='lat' dir='ltr'><strong>legit</strong></span> <span class='ocrx_word' id='word_1_816' title='bbox 3635 4508 3704 4564; x_wconf 81' lang='lat' dir='ltr'><strong>ad</strong></span> <span class='ocrx_word' id='word_1_817' title='bbox 3729 4511 4001 4583; x_wconf 69' lang='lat' dir='ltr'><strong>iungimu-</strong></span> 
     </span>
    </p>
   </div>
   <div class='ocr_carea' id='block_1_112' title="bbox 2405 4582 2825 4637">
    <p class='ocr_par' dir='ltr' id='par_1_112' title="bbox 2405 4582 2825 4637">
     <span class='ocr_line' id='line_1_115' title="bbox 2405 4582 2825 4637; baseline -0.012 0"><span class='ocrx_word' id='word_1_818' title='bbox 2405 4585 2572 4637; x_wconf 79' lang='lat' dir='ltr'><strong>dt&#39;nem</strong></span> <span class='ocrx_word' id='word_1_819' title='bbox 2602 4582 2825 4637; x_wconf 82' lang='lat' dir='ltr'><strong>sceleris.</strong></span> 
     </span>
    </p>
   </div>
   <div class='ocr_carea' id='block_1_113' title="bbox 2473 4650 3989 4736">
    <p class='ocr_par' dir='ltr' id='par_1_113' title="bbox 2473 4650 3989 4736">
     <span class='ocr_line' id='line_1_116' title="bbox 2473 4650 3989 4736; baseline 0 -28"><span class='ocrx_word' id='word_1_820' title='bbox 2608 4657 2675 4708; x_wconf 86' lang='lat' dir='ltr'><strong>In</strong></span> <span class='ocrx_word' id='word_1_821' title='bbox 2710 4653 2813 4736; x_wconf 76' lang='lat' dir='ltr'><strong>tali</strong></span> <span class='ocrx_word' id='word_1_822' title='bbox 2855 4652 3058 4736; x_wconf 57' lang='lat' dir='ltr'><strong>militia,</strong></span> <span class='ocrx_word' id='word_1_823' title='bbox 3101 4651 3230 4736; x_wconf 77' lang='lat' dir='ltr'><strong>Mss.</strong></span> <span class='ocrx_word' id='word_1_824' title='bbox 3263 4660 3322 4709; x_wconf 89' lang='lat' dir='ltr'><strong>et</strong></span> <span class='ocrx_word' id='word_1_825' title='bbox 3361 4651 3488 4708; x_wconf 91' lang='lat' dir='ltr'><strong>edd.</strong></span> <span class='ocrx_word' id='word_1_826' title='bbox 3534 4650 3774 4724; x_wconf 82' lang='lat' dir='ltr'><strong>quidam,</strong></span> <span class='ocrx_word' id='word_1_827' title='bbox 3807 4652 3989 4709; x_wconf 78' lang='lat' dir='ltr'><strong>intuli</strong></span> 
     </span>
    </p>
   </div>
   <div class='ocr_carea' id='block_1_114' title="bbox 2404 4725 3983 4877">
    <p class='ocr_par' dir='ltr' id='par_1_114' title="bbox 2404 4725 3983 4877">
     <span class='ocr_line' id='line_1_117' title="bbox 2404 4725 3915 4806; baseline -0.001 -26"><span class='ocrx_word' id='word_1_828' title='bbox 2404 4726 2606 4780; x_wconf 83' lang='lat' dir='ltr'><strong>malitia</strong></span> <span class='ocrx_word' id='word_1_829' title='bbox 2625 4766 2640 4789; x_wconf 91' lang='lat'><strong>,</strong></span> <span class='ocrx_word' id='word_1_830' title='bbox 2672 4734 2727 4780; x_wconf 94' lang='lat' dir='ltr'><strong>et</strong></span> <span class='ocrx_word' id='word_1_831' title='bbox 2757 4739 2914 4788; x_wconf 79' lang='lat' dir='ltr'><strong>mox,</strong></span> <span class='ocrx_word' id='word_1_832' title='bbox 2944 4725 3215 4806; x_wconf 76' lang='lat' dir='ltr'><strong>fugissent.</strong></span> <span class='ocrx_word' id='word_1_833' title='bbox 3548 4794 3560 4806; x_wconf 45' lang='lat'>.</span> <span class='ocrx_word' id='word_1_834' title='bbox 3743 4794 3754 4806; x_wconf 84' lang='lat'><em>_</em></span> <span class='ocrx_word' id='word_1_835' title='bbox 3903 4796 3915 4806; x_wconf 31' lang='grc' dir='ltr'><strong>θ</strong></span> 
     </span>
     <span class='ocr_line' id='line_1_118' title="bbox 2473 4792 3983 4877; baseline 0.003 -28"><span class='ocrx_word' id='word_1_836' title='bbox 2607 4795 2875 4877; x_wconf 59' lang='lat' dir='ltr'><strong>coloniam</strong></span> <span class='ocrx_word' id='word_1_837' title='bbox 2903 4794 3211 4877; x_wconf 57' lang='lat' dir='ltr'><strong>Qsttensem.</strong></span> <span class='ocrx_word' id='word_1_838' title='bbox 3252 4794 3366 4851; x_wconf 82' lang='lat' dir='ltr'><strong>Hoc</strong></span> <span class='ocrx_word' id='word_1_839' title='bbox 3400 4792 3590 4877; x_wconf 68' lang='lat' dir='ltr'><strong>scribit</strong></span> <span class='ocrx_word' id='word_1_840' title='bbox 3617 4792 3852 4867; x_wconf 75' lang='lat' dir='ltr'><strong>Appian.</strong></span> <span class='ocrx_word' id='word_1_841' title='bbox 3877 4794 3983 4853; x_wconf 80' lang='lat' dir='ltr'><strong>lib.</strong></span> 
     </span>
    </p>
   </div>
   <div class='ocr_carea' id='block_1_115' title="bbox 2407 4864 3571 4933">
    <p class='ocr_par' dir='ltr' id='par_1_115' title="bbox 2407 4864 3571 4933">
     <span class='ocr_line' id='line_1_119' title="bbox 2407 4864 3571 4933; baseline -0.002 -11"><span class='ocrx_word' id='word_1_842' title='bbox 2407 4883 2444 4932; x_wconf 85' lang='grc' dir='ltr'><strong>ι.</strong></span> <span class='ocrx_word' id='word_1_843' title='bbox 2489 4869 2629 4924; x_wconf 81' lang='lat' dir='ltr'><strong>l’lnt.</strong></span> <span class='ocrx_word' id='word_1_844' title='bbox 2659 4868 2712 4922; x_wconf 90' lang='lat' dir='ltr'><strong>in</strong></span> <span class='ocrx_word' id='word_1_845' title='bbox 2739 4868 2911 4933; x_wconf 83' lang='lat' dir='ltr'><strong>Sulla,</strong></span> <span class='ocrx_word' id='word_1_846' title='bbox 2937 4866 3053 4922; x_wconf 87' lang='lat' dir='ltr'><strong>Liv.</strong></span> <span class='ocrx_word' id='word_1_847' title='bbox 3078 4866 3169 4920; x_wconf 88' lang='lat' dir='ltr'><strong>lib.</strong></span> <span class='ocrx_word' id='word_1_848' title='bbox 3195 4880 3378 4921; x_wconf 67' lang='lat' dir='ltr'><strong>usus.</strong></span> <span class='ocrx_word' id='word_1_849' title='bbox 3407 4864 3571 4922; x_wconf 77' lang='lat' dir='ltr'><strong>Fasti.</strong></span> 
     </span>
    </p>
   </div>
   <div class='ocr_carea' id='block_1_116' title="bbox 2476 4936 3997 5002">
    <p class='ocr_par' dir='ltr' id='par_1_116' title="bbox 2476 4936 3997 5002">
     <span class='ocr_line' id='line_1_120' title="bbox 2476 4936 3997 5002; baseline 0 -7"><span class='ocrx_word' id='word_1_850' title='bbox 2476 4940 2567 4995; x_wconf 82' lang='lat'><strong>50.</strong></span> <span class='ocrx_word' id='word_1_851' title='bbox 2611 4936 2915 4992; x_wconf 77' lang='lat' dir='ltr'><strong>Desiderata</strong></span> <span class='ocrx_word' id='word_1_852' title='bbox 2960 4947 3099 4992; x_wconf 81' lang='lat' dir='ltr'><strong>sunt.</strong></span> <span class='ocrx_word' id='word_1_853' title='bbox 3151 4937 3422 5002; x_wconf 80' lang='lat' dir='ltr'><strong>Perizou.,</strong></span> <span class='ocrx_word' id='word_1_854' title='bbox 3473 4937 3643 4993; x_wconf 76' lang='lat' dir='ltr'><strong>deleta</strong></span> <span class='ocrx_word' id='word_1_855' title='bbox 3686 4946 3827 4995; x_wconf 67' lang='lat' dir='ltr'><strong>sunt.</strong></span> <span class='ocrx_word' id='word_1_856' title='bbox 3880 4940 3997 5000; x_wconf 81' lang='lat' dir='ltr'><strong>Sed</strong></span> 
     </span>
    </p>
   </div>
   <div class='ocr_carea' id='block_1_117' title="bbox 2403 5007 3995 5080">
    <p class='ocr_par' dir='ltr' id='par_1_117' title="bbox 2403 5007 3995 5080">
     <span class='ocr_line' id='line_1_121' title="bbox 2403 5007 3995 5080; baseline -0.004 -15"><span class='ocrx_word' id='word_1_857' title='bbox 2403 5020 2515 5066; x_wconf 89' lang='lat' dir='ltr'><strong>tres</strong></span> <span class='ocrx_word' id='word_1_858' title='bbox 2541 5009 2710 5080; x_wconf 88' lang='lat' dir='ltr'><strong>Lugd.</strong></span> <span class='ocrx_word' id='word_1_859' title='bbox 2741 5009 2784 5063; x_wconf 85' lang='grc' dir='ltr'>Β</span> <span class='ocrx_word' id='word_1_860' title='bbox 2803 5017 2883 5063; x_wconf 83' lang='lat' dir='ltr'><strong>ut.</strong></span> <span class='ocrx_word' id='word_1_861' title='bbox 2912 5021 3037 5063; x_wconf 91' lang='lat' dir='ltr'><strong>cum</strong></span> <span class='ocrx_word' id='word_1_862' title='bbox 3083 5008 3224 5080; x_wconf 81' lang='lat' dir='ltr'><strong>Coll.</strong></span> <span class='ocrx_word' id='word_1_863' title='bbox 3249 5007 3512 5080; x_wconf 74' lang='lat' dir='ltr'><strong>Gronov._.</strong></span> <span class='ocrx_word' id='word_1_864' title='bbox 3555 5010 3785 5080; x_wconf 71' lang='lat' dir='ltr'><strong>siderum</strong></span> <span class='ocrx_word' id='word_1_865' title='bbox 3825 5025 3951 5068; x_wconf 72' lang='grc' dir='ltr'><strong>εκηι</strong></span> <span class='ocrx_word' id='word_1_866' title='bbox 3975 5031 3995 5068; x_wconf 75' lang='lat'><strong>,-</strong></span> 
     </span>
    </p>
   </div>
   <div class='ocr_carea' id='block_1_118' title="bbox 2399 5077 3981 5154">
    <p class='ocr_par' dir='ltr' id='par_1_118' title="bbox 2399 5077 3981 5154">
     <span class='ocr_line' id='line_1_122' title="bbox 2399 5077 3981 5154; baseline 0.004 -18"><span class='ocrx_word' id='word_1_867' title='bbox 2399 5082 2554 5153; x_wconf 89' lang='lat' dir='ltr'><strong>quasi</strong></span> <span class='ocrx_word' id='word_1_868' title='bbox 2583 5077 2848 5154; x_wconf 79' lang='lat' dir='ltr'><strong>dicerent,</strong></span> <span class='ocrx_word' id='word_1_869' title='bbox 2879 5094 3052 5154; x_wconf 78' lang='lat' dir='ltr'><strong>pravo</strong></span> <span class='ocrx_word' id='word_1_870' title='bbox 3075 5078 3256 5135; x_wconf 88' lang='lat' dir='ltr'><strong>sidere</strong></span> <span class='ocrx_word' id='word_1_871' title='bbox 3275 5090 3406 5154; x_wconf 32' lang='lat' dir='ltr'><strong>sunt.</strong></span> <span class='ocrx_word' id='word_1_872' title='bbox 3425 5077 3628 5154; x_wconf 69' lang='lat' dir='ltr'><strong>afflatu.</strong></span> <span class='ocrx_word' id='word_1_873' title='bbox 3667 5077 3724 5135; x_wconf 81' lang='lat' dir='ltr'><strong>in</strong></span> <span class='ocrx_word' id='word_1_874' title='bbox 3751 5079 3981 5154; x_wconf 77' lang='lat' dir='ltr'><strong>August.</strong></span> 
     </span>
    </p>
   </div>
   <div class='ocr_carea' id='block_1_119' title="bbox 2399 5149 3858 5282">
    <p class='ocr_par' dir='ltr' id='par_1_119' title="bbox 2399 5149 3858 5282">
     <span class='ocr_line' id='line_1_123' title="bbox 2399 5149 3858 5224; baseline 0.001 -20"><span class='ocrx_word' id='word_1_875' title='bbox 2399 5149 2614 5224; x_wconf 78' lang='lat' dir='ltr'><strong>quoque</strong></span> <span class='ocrx_word' id='word_1_876' title='bbox 2642 5152 2721 5206; x_wconf 86' lang='lat' dir='ltr'><strong>sic</strong></span> <span class='ocrx_word' id='word_1_877' title='bbox 2745 5149 2943 5213; x_wconf 83' lang='lat' dir='ltr'><strong>editur,</strong></span> <span class='ocrx_word' id='word_1_878' title='bbox 2971 5150 3218 5208; x_wconf 82' lang='lat' dir='ltr'><strong>siderum.</strong></span> <span class='ocrx_word' id='word_1_879' title='bbox 3249 5151 3344 5206; x_wconf 79' lang='lat' dir='ltr'><strong>alii</strong></span> <span class='ocrx_word' id='word_1_880' title='bbox 3370 5149 3636 5206; x_wconf 70' lang='lat' dir='ltr'><strong>debilitata</strong></span> <span class='ocrx_word' id='word_1_881' title='bbox 3654 5161 3795 5206; x_wconf 73' lang='lat' dir='ltr'><strong>sunt.</strong></span> <span class='ocrx_word' id='word_1_882' title='bbox 3840 5149 3858 5154; x_wconf 66' lang='grc'><strong><em>“</em></strong></span> 
     </span>
     <span class='ocr_line' id='line_1_124' title="bbox 2469 5220 3858 5282; baseline 0.002 -3"><span class='ocrx_word' id='word_1_883' title='bbox 2469 5224 2559 5280; x_wconf 76' lang='lat'><strong>5|.</strong></span> <span class='ocrx_word' id='word_1_884' title='bbox 2599 5223 2810 5278; x_wconf 81' lang='lat' dir='ltr'><strong>Antium</strong></span> <span class='ocrx_word' id='word_1_885' title='bbox 2837 5233 2885 5276; x_wconf 87' lang='lat' dir='ltr'><strong>et</strong></span> <span class='ocrx_word' id='word_1_886' title='bbox 2921 5221 3158 5276; x_wconf 77' lang='lat' dir='ltr'><strong>Aritt&#39;aut.</strong></span> <span class='ocrx_word' id='word_1_887' title='bbox 3186 5220 3376 5280; x_wconf 77' lang='grc' dir='ltr'><strong>Ἀντιον</strong></span> <span class='ocrx_word' id='word_1_888' title='bbox 3415 5226 3503 5278; x_wconf 75' lang='grc' dir='ltr'><strong>καὶ</strong></span> <span class='ocrx_word' id='word_1_889' title='bbox 3530 5223 3748 5282; x_wconf 74' lang='grc' dir='ltr'><strong>Ἀρικίαν</strong></span> <span class='ocrx_word' id='word_1_890' title='bbox 3772 5228 3858 5282; x_wconf 70' lang='grc' dir='ltr'><strong>καὶ</strong></span> 
     </span>
    </p>
   </div>
   <div class='ocr_carea' id='block_1_120' title="bbox 2544 5239 3992 5287">
    <p class='ocr_par' dir='ltr' id='par_1_120' title="bbox 2544 5239 3992 5287">
     <span class='ocr_line' id='line_1_125' title="bbox 2544 5239 3992 5287; baseline -0.006 -7"><span class='ocrx_word' id='word_1_891' title='bbox 2544 5263 2559 5280; x_wconf 82' lang='grc' dir='ltr'><strong>ο</strong></span> <span class='ocrx_word' id='word_1_892' title='bbox 2599 5239 2810 5278; x_wconf 67' lang='lat' dir='ltr'><strong>antrum</strong></span> <span class='ocrx_word' id='word_1_893' title='bbox 2837 5239 2885 5276; x_wconf 79' lang='grc' dir='ltr'><strong>ει</strong></span> <span class='ocrx_word' id='word_1_894' title='bbox 2921 5239 3158 5276; x_wconf 72' lang='lat' dir='ltr'><strong>Armam.</strong></span> <span class='ocrx_word' id='word_1_895' title='bbox 3197 5239 3376 5280; x_wconf 78' lang='grc' dir='ltr'><strong>’Δντιον</strong></span> <span class='ocrx_word' id='word_1_896' title='bbox 3415 5239 3503 5278; x_wconf 69' lang='grc' dir='ltr'><strong>καί</strong></span> <span class='ocrx_word' id='word_1_897' title='bbox 3535 5239 3748 5287; x_wconf 62' lang='grc' dir='ltr'><strong>Ἀρικίαν</strong></span> <span class='ocrx_word' id='word_1_898' title='bbox 3772 5239 3858 5282; x_wconf 69' lang='grc' dir='ltr'><strong>καὶ</strong></span> <span class='ocrx_word' id='word_1_899' title='bbox 3878 5239 3992 5287; x_wconf 69' lang='grc' dir='ltr'><strong>Λα-</strong></span> 
     </span>
    </p>
   </div>
   <div class='ocr_carea' id='block_1_121' title="bbox 2394 5245 3615 5363">
    <p class='ocr_par' dir='ltr' id='par_1_121' title="bbox 2394 5245 3615 5363">
     <span class='ocr_line' id='line_1_126' title="bbox 2469 5245 3615 5302; baseline -0.001 -23"><span class='ocrx_word' id='word_1_900' title='bbox 2469 5245 2559 5280; x_wconf 74' lang='grc'><strong>01.</strong></span> <span class='ocrx_word' id='word_1_901' title='bbox 2599 5245 2810 5278; x_wconf 71' lang='lat' dir='ltr'><strong>artuum</strong></span> <span class='ocrx_word' id='word_1_902' title='bbox 2837 5245 2884 5276; x_wconf 77' lang='grc' dir='ltr'><strong>ει</strong></span> <span class='ocrx_word' id='word_1_903' title='bbox 2921 5245 3158 5276; x_wconf 73' lang='lat' dir='ltr'><strong>nrularu.</strong></span> <span class='ocrx_word' id='word_1_904' title='bbox 3211 5245 3376 5280; x_wconf 73' lang='grc' dir='ltr'><strong>Αντιον</strong></span> <span class='ocrx_word' id='word_1_905' title='bbox 3415 5245 3503 5278; x_wconf 73' lang='grc' dir='ltr'><strong>και</strong></span> <span class='ocrx_word' id='word_1_906' title='bbox 3547 5245 3615 5302; x_wconf 67' lang='grc' dir='ltr'><strong>Δρ</strong></span> 
     </span>
     <span class='ocr_line' id='line_1_127' title="bbox 2394 5292 3054 5363; baseline -0.006 -12"><span class='ocrx_word' id='word_1_907' title='bbox 2394 5296 2597 5351; x_wconf 63' lang='lat' dir='ltr'><strong>satietas</strong></span> <span class='ocrx_word' id='word_1_908' title='bbox 2627 5294 2855 5363; x_wconf 75' lang='lat' dir='ltr'><strong>Appian.</strong></span> <span class='ocrx_word' id='word_1_909' title='bbox 2890 5292 3054 5350; x_wconf 68' lang='lat' dir='ltr'><strong>Fasti.</strong></span> 
     </span>
    </p>
   </div>
   <div class='ocr_carea' id='block_1_122' title="bbox 2469 5363 3994 5436">
    <p class='ocr_par' dir='ltr' id='par_1_122' title="bbox 2469 5363 3994 5436">
     <span class='ocr_line' id='line_1_128' title="bbox 2469 5363 3994 5436; baseline 0.003 -13"><span class='ocrx_word' id='word_1_910' title='bbox 2469 5366 2558 5423; x_wconf 72' lang='lat'><strong>32.</strong></span> <span class='ocrx_word' id='word_1_911' title='bbox 2604 5365 3248 5436; x_wconf 70' lang='lat' dir='ltr'><strong>Nobilissimosquosque.</strong></span> <span class='ocrx_word' id='word_1_912' title='bbox 3275 5364 3334 5423; x_wconf 80' lang='lat' dir='ltr'><strong>In</strong></span> <span class='ocrx_word' id='word_1_913' title='bbox 3365 5363 3450 5422; x_wconf 87' lang='lat' dir='ltr'><strong>his</strong></span> <span class='ocrx_word' id='word_1_914' title='bbox 3482 5364 3703 5422; x_wconf 87' lang='lat' dir='ltr'><strong>fuerunt</strong></span> <span class='ocrx_word' id='word_1_915' title='bbox 3725 5375 3838 5424; x_wconf 82' lang='lat' dir='ltr'><strong>tres</strong></span> <span class='ocrx_word' id='word_1_916' title='bbox 3863 5384 3994 5427; x_wconf 84' lang='lat' dir='ltr'><strong>ora—</strong></span> 
     </span>
    </p>
   </div>
   <div class='ocr_carea' id='block_1_123' title="bbox 2399 5435 3992 5505">
    <p class='ocr_par' dir='ltr' id='par_1_123' title="bbox 2399 5435 3992 5505">
     <span class='ocr_line' id='line_1_129' title="bbox 2399 5435 3992 5505; baseline 0.004 -11"><span class='ocrx_word' id='word_1_917' title='bbox 2399 5447 2567 5500; x_wconf 83' lang='lat' dir='ltr'><strong>tores,</strong></span> <span class='ocrx_word' id='word_1_918' title='bbox 2600 5440 2670 5502; x_wconf 76' lang='grc' dir='ltr'><strong>ρ.</strong></span> <span class='ocrx_word' id='word_1_919' title='bbox 2699 5435 2939 5503; x_wconf 79' lang='lat' dir='ltr'><strong>Catulus,</strong></span> <span class='ocrx_word' id='word_1_920' title='bbox 2973 5435 3054 5490; x_wconf 72' lang='lat' dir='ltr'><strong>ll.</strong></span> <span class='ocrx_word' id='word_1_921' title='bbox 3083 5437 3340 5492; x_wconf 78' lang='lat' dir='ltr'><strong>Antonius</strong></span> <span class='ocrx_word' id='word_1_922' title='bbox 3363 5479 3378 5504; x_wconf 89' lang='lat'><strong>,</strong></span> <span class='ocrx_word' id='word_1_923' title='bbox 3406 5436 3468 5493; x_wconf 90' lang='lat' dir='ltr'><strong>C.</strong></span> <span class='ocrx_word' id='word_1_924' title='bbox 3489 5435 3668 5493; x_wconf 75' lang='lat' dir='ltr'><strong>Julius</strong></span> <span class='ocrx_word' id='word_1_925' title='bbox 3692 5439 3884 5505; x_wconf 61' lang='lat' dir='ltr'><strong>Caesar,</strong></span> <span class='ocrx_word' id='word_1_926' title='bbox 3917 5444 3992 5500; x_wconf 87' lang='lat' dir='ltr'><strong>de</strong></span> 
     </span>
    </p>
   </div>
   <div class='ocr_carea' id='block_1_124' title="bbox 2403 5507 3992 5580">
    <p class='ocr_par' dir='ltr' id='par_1_124' title="bbox 2403 5507 3992 5580">
     <span class='ocr_line' id='line_1_130' title="bbox 2403 5507 3992 5580; baseline 0.004 -17"><span class='ocrx_word' id='word_1_927' title='bbox 2403 5509 2605 5576; x_wconf 85' lang='lat' dir='ltr'><strong>quibus</strong></span> <span class='ocrx_word' id='word_1_928' title='bbox 2645 5507 2838 5564; x_wconf 83' lang='lat' dir='ltr'><strong>Cicero</strong></span> <span class='ocrx_word' id='word_1_929' title='bbox 2863 5509 2941 5580; x_wconf 13' lang='lat' dir='ltr'><strong>gin</strong></span> <span class='ocrx_word' id='word_1_930' title='bbox 2987 5507 3174 5563; x_wconf 88' lang='lat' dir='ltr'><strong>Bruto.</strong></span> <span class='ocrx_word' id='word_1_931' title='bbox 3224 5507 3358 5565; x_wconf 82' lang='lat' dir='ltr'><strong>Tum</strong></span> <span class='ocrx_word' id='word_1_932' title='bbox 3401 5523 3616 5580; x_wconf 88' lang='lat' dir='ltr'><strong>quoque</strong></span> <span class='ocrx_word' id='word_1_933' title='bbox 3655 5508 3910 5568; x_wconf 88' lang='lat' dir='ltr'><strong>Octavius</strong></span> <span class='ocrx_word' id='word_1_934' title='bbox 3934 5524 3992 5570; x_wconf 89' lang='lat' dir='ltr'><strong>et</strong></span> 
     </span>
    </p>
   </div>
   <div class='ocr_carea' id='block_1_125' title="bbox 2403 5578 3987 5653">
    <p class='ocr_par' dir='ltr' id='par_1_125' title="bbox 2403 5578 3987 5653">
     <span class='ocr_line' id='line_1_131' title="bbox 2403 5578 3987 5653; baseline 0.005 -20"><span class='ocrx_word' id='word_1_935' title='bbox 2403 5580 2606 5653; x_wconf 68' lang='lat' dir='ltr'><strong>Merula</strong></span> <span class='ocrx_word' id='word_1_936' title='bbox 2653 5594 2800 5653; x_wconf 82' lang='lat' dir='ltr'><strong>coss.</strong></span> <span class='ocrx_word' id='word_1_937' title='bbox 2849 5578 3080 5653; x_wconf 76' lang='lat' dir='ltr'><strong>Crassus</strong></span> <span class='ocrx_word' id='word_1_938' title='bbox 3129 5585 3285 5653; x_wconf 84' lang='lat' dir='ltr'><strong>pater</strong></span> <span class='ocrx_word' id='word_1_939' title='bbox 3327 5589 3384 5634; x_wconf 88' lang='lat' dir='ltr'><strong>et</strong></span> <span class='ocrx_word' id='word_1_940' title='bbox 3410 5578 3573 5653; x_wconf 77' lang='lat' dir='ltr'><strong>illius,</strong></span> <span class='ocrx_word' id='word_1_941' title='bbox 3603 5581 3867 5653; x_wconf 83' lang='lat' dir='ltr'><strong>multique</strong></span> <span class='ocrx_word' id='word_1_942' title='bbox 3893 5585 3987 5642; x_wconf 89' lang='lat' dir='ltr'><strong>alii</strong></span> 
     </span>
    </p>
   </div>
   <div class='ocr_carea' id='block_1_126' title="bbox 2402 5650 3987 5728">
    <p class='ocr_par' dir='ltr' id='par_1_126' title="bbox 2402 5650 3987 5728">
     <span class='ocr_line' id='line_1_132' title="bbox 2402 5650 3987 5728; baseline 0.003 -21"><span class='ocrx_word' id='word_1_943' title='bbox 2402 5650 2712 5728; x_wconf 59' lang='lat' dir='ltr'><strong>interfecti;</strong></span> <span class='ocrx_word' id='word_1_944' title='bbox 2762 5652 2831 5706; x_wconf 89' lang='lat' dir='ltr'><strong>de</strong></span> <span class='ocrx_word' id='word_1_945' title='bbox 2858 5650 3075 5728; x_wconf 78' lang='lat' dir='ltr'><strong>_qu_i_bus</strong></span> <span class='ocrx_word' id='word_1_946' title='bbox 3114 5651 3392 5728; x_wconf 72' lang='lat' dir='ltr'><strong>Appia_ntt_s</strong></span> <span class='ocrx_word' id='word_1_947' title='bbox 3439 5650 3534 5707; x_wconf 89' lang='lat' dir='ltr'><strong>lib.</strong></span> <span class='ocrx_word' id='word_1_948' title='bbox 3575 5666 3615 5721; x_wconf 93' lang='lat' dir='ltr'><strong>I,</strong></span> <span class='ocrx_word' id='word_1_949' title='bbox 3663 5650 3792 5710; x_wconf 66' lang='lat' dir='ltr'><strong>Liv.</strong></span> <span class='ocrx_word' id='word_1_950' title='bbox 3814 5669 3987 5728; x_wconf 71' lang='lat' dir='ltr'><strong>Lux,</strong></span> 
     </span>
    </p>
   </div>
   <div class='ocr_carea' id='block_1_127' title="bbox 2403 5720 3510 5795">
    <p class='ocr_par' dir='ltr' id='par_1_127' title="bbox 2403 5720 3510 5795">
     <span class='ocr_line' id='line_1_133' title="bbox 2403 5720 3510 5795; baseline -0.003 -15"><span class='ocrx_word' id='word_1_951' title='bbox 2403 5721 2604 5782; x_wconf 81' lang='lat' dir='ltr'><strong>Lucan.</strong></span> <span class='ocrx_word' id='word_1_952' title='bbox 2639 5722 2732 5780; x_wconf 90' lang='lat' dir='ltr'><strong>lib.</strong></span> <span class='ocrx_word' id='word_1_953' title='bbox 2765 5737 2826 5795; x_wconf 83' lang='grc' dir='ltr'><strong>ιι,</strong></span> <span class='ocrx_word' id='word_1_954' title='bbox 2858 5720 3096 5779; x_wconf 80' lang='lat' dir='ltr'><strong>Velleius</strong></span> <span class='ocrx_word' id='word_1_955' title='bbox 3125 5731 3184 5781; x_wconf 87' lang='lat' dir='ltr'><strong>et</strong></span> <span class='ocrx_word' id='word_1_956' title='bbox 3204 5721 3315 5779; x_wconf 89' lang='lat' dir='ltr'><strong>alii.</strong></span> <span class='ocrx_word' id='word_1_957' title='bbox 3344 5721 3510 5779; x_wconf 71' lang='lat' dir='ltr'><strong>Fasti.</strong></span> 
     </span>
    </p>
   </div>
  </div>
