4290 6438
669 177 778 241 975

1271 291 1496 351 CAPUT
1533 290 1701 348 ΧἎΙΙ.

663 390 936 446 Dictorum
971 388 1102 442 velut
1141 388 1400 456 epiloqum
1438 388 1612 441 recitat
1650 389 1859 442 Auctor.
1902 387 1980 443 De
2006 405 2137 444 novo
2176 398 2260 444 tu-

1049 459 1215 514 multu
1243 475 1331 525 per
1351 458 1605 531 Lepidum
1636 460 1875 514 excitato.

740 581 757 611 ¹
792 577 997 635 Creatis
1046 576 1227 647 itaque
1268 573 1331 630 P.
1364 575 1597 631 Servilio
1643 584 1697 630 et
1727 574 1829 646 Ap.
1862 574 2088 632 Claudio
2131 591 2260 632 con-

667 669 875 728 sulibus
901 710 915 735 ,
941 671 962 700 ’
993 667 1142 722 visus
1170 672 1254 722 est
1280 665 1497 722 tandem
1521 666 1669 722 Sulla
1697 667 1958 737 privatus.
2011 667 2123 722 lloc
2152 667 2259 724 line

667 762 922 820 conclusa
949 768 1077 816 sunt
1096 759 1202 816 duo
1225 760 1364 816 bella
1390 760 1778 825 funestissima,
1797 761 1993 817 sociale
2015 759 2256 816 Italicum

667 865 724 912 et
767 855 921 911 civile
948 853 1246 911 Sullanum.
1311 853 1439 909 llaec
1477 869 1573 924 per
1616 867 1789 908 annos
1827 853 2013 908 decem
2057 862 2253 919 tracta,

668 947 792 1018 plus
820 961 980 1016 quam
1021 956 1236 1001 centum
1269 943 1659 1016 quinquaginta
1695 945 1861 1000 millia
1889 944 2256 1002 Romanorum

667 1048 1121 1110 consumpserunt
1144 1080 1159 1105 ,
1208 1047 1526 1110 tantumque
1563 1039 1979 1095 lectissimorum
2018 1040 2259 1095 virorum

667 1131 1193 1201 veruaculorumque
1220 1130 1448 1185 militum
1475 1129 1646 1186 Roma
1676 1130 1777 1187 hoc
1806 1131 1947 1186 civili
1971 1131 2112 1187 bello
2137 1146 2260 1202 per-

667 1225 825 1292 didit,
858 1233 1120 1294 quantum
1144 1225 1196 1279 in
1222 1237 1283 1280 ea
1313 1224 1594 1293 superiore
1621 1233 1882 1294 tempore,
1915 1239 2038 1279 cum
2065 1239 2125 1280 se
2150 1225 2258 1293 jam

667 1317 927 1374 adversus
961 1316 1325 1373 Alexandrum
1357 1317 1604 1387 Magnum
1637 1317 2103 1387 circumspiceret,
2157 1318 2178 1348 ⁸
2205 1318 2258 1373 iu

667 1409 917 1464 discretis
941 1408 1188 1463 aetatibus
1212 1421 1410 1463 census
1433 1406 1656 1462 invenit.
1683 1409 1951 1463 Prteterea
1973 1409 2121 1463 viros
2140 1423 2263 1463 con-

668 1501 878 1555 sulares
905 1503 927 1531 δ
978 1501 1162 1570 viginti
1193 1507 1423 1569 quatuor
1449 1542 1463 1566 ,
1517 1501 1799 1568 prtetorios
1825 1514 1919 1553 sex
1945 1542 1960 1564 ,
2012 1499 2262 1554 mdilitios

667 1593 967 1664 sexaginta.
999 1602 1276 1648 senatores
1309 1591 1420 1647 fere
1448 1591 1710 1647 ducentos
1736 1632 1750 1657 ,
1784 1590 1990 1661 absque
2018 1592 2262 1647 innume-

2082 178 2168 238 ΡΑ
2179 174 2289 241 ULl
2326 171 2552 239 OROSI!

2285 296 2337 357 Α
2366 291 2580 366 pepulis
2611 292 2778 349 erectl
2807 301 2863 346 et
2892 290 3171 357 instructi;
3203 289 3319 347 lucc
3355 289 3517 357 bella,
3554 294 3819 362 quantum
3866 302 3968 343 ex-

3901 171 3968 233 76

2364 389 2534 444 ternis
2555 387 3046 458 proxima,tantutn
3077 386 3370 457 longinqua
3404 383 3678 450 civilibus,
3700 383 3831 453 quid
3864 380 3968 436 nisi

2360 480 2580 535 socialia
2609 478 2729 549 jure
2759 479 3084 542 vocitentur,
3113 492 3236 532 cum
3262 478 3365 548 ipsi
3394 475 3718 533 Romaniae
3739 470 3968 530 Sertorii

2360 572 2601 642 quidem,
2629 581 2723 628 aut
2765 572 3077 642 Perpernae,
3132 571 3178 605 “
3224 581 3318 626 aut
3362 570 3534 638 Crixi,
3580 579 3676 624 aut
3720 566 3969 638 Spartaci

2361 664 2520 732 bella,
2570 665 2752 721 civilia
2793 666 2999 736 uspiam
3048 663 3413 720 nominarinti
3439 662 3496 719 In
3527 663 3619 718 tali
3645 676 3780 734 ergo
3809 662 3853 694 "
3884 661 3970 717 vel

2361 755 2608 826 delectu,
2659 759 2740 814 vel
2788 758 3162 828 perduellione
3213 758 3510 825 sociorum,
3554 756 3771 811 minore
3820 768 3972 811 nunc

2362 849 2550 920 utique
2597 848 2800 904 invidia
2847 849 3146 918 laboraret,
3186 852 3231 906 si
3279 848 3528 906 fortassis
3574 851 3838 906 existeret
3883 845 3973 906 vel

2359 941 2539 1010 gravis
2559 956 2758 1013 pugna,
2787 943 2870 998 vel
2892 951 3115 999 cruenta
3144 942 3402 998 victaria.
3434 941 3822 998 Verumtamen
3844 953 3970 996 cum

2362 1034 2408 1066 ⁸⁸
2432 1034 2488 1088 in
2513 1032 2666 1091 hisce
2694 1035 3030 1113 temporibus
3067 1034 3250 1092 omnia
3291 1035 3416 1106 plus
3454 1030 3800 1090 necessitatis
3839 1030 3976 1089 παθη

2360 1133 2478 1180 rant
2518 1135 2570 1181 et
2612 1127 2791 1182 minus
2820 1126 3072 1197 pudoris;
3104 1125 3208 1184 hoc
3236 1136 3322 1183 est
3348 1140 3532 1192 causa,
3563 1140 3764 1199 pugna,
3799 1125 3974 1181 victo-

2362 1220 2478 1285 ria;
2522 1219 2608 1276 vel
2653 1237 2753 1292 pro
2798 1220 3192 1290 exstinguenda
3245 1220 3535 1277 insolentia
3588 1229 3972 1292 tyrannorum,

2363 1312 2445 1368 vel
2471 1326 2567 1382 pro
2585 1311 2891 1370 cohibenda
2912 1315 3183 1370 sociorum
3205 1311 3442 1378 delectu,
3467 1312 3553 1368 vel
3577 1327 3675 1385 pro
3703 1310 3979 1368 inurendo

2361 1406 2586 1462 ultionis
2633 1407 2906 1478 exemplo,
2956 1406 3044 1463 cui
3093 1407 3312 1462 tandem
3358 1406 3582 1461 dubium
3629 1413 3734 1472 est,
3763 1413 3978 1474 quanto

2364 1516 2509 1557 nunc
2558 1500 2766 1568 mitius,
2806 1510 3115 1572 quantoque
3148 1497 3472 1556 clementius
3501 1497 3734 1555 excitata
3767 1498 3864 1571 (ut
3893 1497 3978 1553 di-

2363 1592 2515 1664 cunt)
2546 1592 2688 1650 bella
2717 1594 2893 1649 civilia
2922 1602 3209 1664 geruntur,
3252 1593 3832 1663 immo_reprimuutur
3873 1606 3977 1660 po-

667 1688 746 1743 ris
799 1687 966 1740 totius
1020 1686 1184 1741 italia:
1241 1687 1456 1755 populis
1478 1725 1494 1751 ,
1559 1685 1650 1755 qui
1709 1684 1907 1755 passim
1957 1686 2076 1740 sine
2129 1698 2262 1740 con-
2291 1677 2340 1739 B
2369 1685 2475 1740 tius
2511 1700 2672 1756 quam
2712 1685 3008 1757 geruntur?
3043 1684 3177 1754 Quis
3203 1686 3349 1742 enim
3376 1701 3544 1742 unum
3575 1685 3736 1742 civile
3765 1685 3977 1742 bellum

667 1779 995 1835 sideratione
1045 1776 1208 1833 deleti
1259 1787 1385 1833 sunt
1416 1823 1429 1846 ,
1489 1777 1510 1807 ⁵
1559 1792 1696 1847 quos
1724 1786 1882 1847 neget
1932 1777 2255 1847 quisquam,

665 1871 713 1925 si
768 1871 947 1936 valet,
1016 1869 1141 1940 quin
1198 1869 1390 1925 eodem
1454 1868 1652 1923 damno
1706 1883 1805 1923 suo
1845 1867 1866 1898 °
1921 1868 2110 1923 vicerit
2156 1871 2264 1923 ilo-

673 1981 758 2021 ma
791 2006 806 2030 ,
860 1980 967 2036 quo
996 1963 1172 2019 amisit
1199 1964 1368 2018 Italia.
1399 1964 1418 1993 ⁷
1467 1963 1611 2018 Proh
1656 1962 1867 2033 pudor!
1920 1962 2057 2017 Num
2104 1961 2265 2033 quid-

666 2071 794 2113 nam
822 2057 843 2088 ⁸
869 2067 925 2113 et
949 2055 1038 2112 hic
1059 2056 1465 2127 comparatione
1492 2055 1739 2125 ambigua
1785 2065 1945 2127 egent
1974 2065 2216 2125 tempora
2241 2055 2265 2108 τ

674 2149 845 2206 Immo
875 2193 891 2218 ,
949 2151 1034 2207 vel
1076 2151 1353 2216 maxime,
1409 2150 1677 2219 inquiunt.
1741 2149 1874 2205 Nam
1911 2150 2038 2221 quid
2084 2152 2107 2184 ’
2155 2161 2263 2206 tam

670 2256 796 2316 apte
822 2288 836 2310 ,
887 2259 1046 2315 quam
1090 2244 1249 2299 bellis
1285 2241 1534 2298 civilibus
1565 2243 1705 2297 bella
1735 2241 1914 2298 civilia
1942 2257 2266 2312 comparau-

671 2338 807 2392 tur?
874 2336 957 2392 An
1018 2335 1153 2390 lorte
1184 2335 1226 2366 “
1275 2335 1517 2401 dicetur,
1569 2336 1735 2390 etiam
1784 2334 1837 2389 in
1888 2333 1974 2388 bis
2009 2334 2266 2404 tempori-

666 2430 771 2487 bus
801 2428 962 2500 353
993 2426 1129 2483 bella
1172 2427 1350 2482 civilia
1391 2442 1500 2480 non
1543 2423 1743 2481 fuisse?
1787 2425 1995 2494 Quibus
2035 2443 2064 2480 a
2110 2425 2268 2483 nobis

667 2519 1110 2592 reapondebitur,
1137 2519 1176 2549 ¹¹
1198 2517 1398 2586 justius
1419 2516 1635 2587 quidem
1658 2517 1881 2573 socialia
1906 2517 2087 2574 vocari
2109 2532 2270 2589 Opor-

673 2623 829 2670 tere:
861 2611 903 2644 “
932 2611 1026 2666 sed
1077 2610 1230 2665 nobis
1275 2607 1564 2677 prolicere,
1588 2608 1634 2663 si
1673 2608 1850 2663 civilia
1895 2609 2260 2666 nominentur.

674 2706 809 2762 Cum
833 2705 974 2760 enim
991 2701 1224 2758 causis"
1249 2701 1526 2756 vocabulis
1546 2715 1609 2756 ac
1623 2700 1813 2756 studiis
1835 2700 1981 2769 paria
2006 2700 2272 2757 docentur

671 2799 875 2866 omnia,
907 2807 1017 2853 tum
1046 2794 1150 2852 sibi
1179 2796 1230 2849 in
1263 2794 1346 2850 bis
1373 2801 1524 2850 tanto
1551 2794 1674 2864 plus
1702 2794 1938 2850 vindicat
1964 2795 2271 2851 reverentia

671 2893 997 2951 Christianas
1042 2889 1341 2962 religionis,
1389 2899 1592 2959 quanto
1635 2889 1815 2944 minus
1863 2891 2276 2960 pratsumpserit

675 2990 724 3022 ίι
744 2994 983 3056 potestas
1006 2985 1136 3040 irata
1159 2983 1400 3039 victoris.
1421 2981 1551 3037 Nam
1573 2996 1693 3036 cum
1708 2981 2269 3054 plerumqueimprobi

2367 1794 2464 1848 per
2486 1778 2671 1835 decem
2701 1793 2874 1834 annos
2903 1779 2986 1834 bis
3026 1781 3359 1850 temporibus
3395 1781 3655 1852 agitatum
3694 1778 3982 1835 audierit?

2365 1872 2496 1938 Quis
2519 1887 2625 1926 uno
2647 1871 2790 1928 bello
2812 1882 3027 1928 centum
3051 1873 3437 1944 quinquaginta
3465 1874 3632 1928 millia
3661 1872 3975 1941 hominum,

2367 1963 2448 2016 vel
2499 1963 2730 2019 hostium
2772 1970 2839 2019 ab
2868 1965 3138 2036 hostibus,
3167 1975 3224 2020 ut
3253 1980 3360 2022 non
3391 1965 3568 2020 dicam
3599 1965 3797 2022 civium
3828 1981 3859 2021 a
3889 1966 3978 2022 ci-

2366 2053 2545 2121 vibus,
2577 2068 2719 2108 etesa
2751 2054 3098 2110 meminerit?
3127 2055 3258 2124 Quis
3288 2056 3461 2125 illam,
3502 2071 3661 2127 quam
3700 2059 3984 2129 explicare

2367 2143 2587 2217 longum
2636 2157 2743 2215 est,
2795 2147 3122 2218 Optimorum
3177 2159 3340 2218 atque
3390 2148 3678 2205 illustrium
3731 2152 3982 2208 virorum

2368 2236 2772 2295 multitudinem
2797 2242 3050 2296 trucidari
3077 2241 3131 2296 in
3157 2256 3289 2312 pace
3308 2244 3666 2314 cognoverit?
3687 2243 3983 2302 Postremo

2367 2332 2492 2403 quis
2523 2331 2643 2387 illas
2675 2331 2904 2390 infames
2931 2335 3433 2392 interﬁciendorum
3465 2339 3673 2393 tabulas
3710 2339 3981 2408 timuerit,

2369 2423 2536 2498 355
2565 2426 2612 2460 “
2636 2425 2853 2498 legerit,
2882 2426 3153 2483 senserit?
3177 2443 3245 2483 ac
3266 2443 3372 2485 non
3391 2430 3572 2501 potius
3597 2431 3854 2486 omnibus
3881 2446 3986 2487 no-

2370 2523 2482 2570 tum
2510 2515 2604 2583 sit,
2631 2532 2736 2572 una
2768 2527 2991 2574 cunctos
3017 2534 3152 2590 pace
3179 2521 3537 2592 compositos,
3582 2531 3744 2594 atque
3783 2523 3985 2582 cadent

2369 2607 2548 2663 salute
2577 2621 2824 2675 securos,
2851 2611 3028 2667 victos
3065 2611 3407 2684 victoresque
3447 2612 3655 2684 pariter
3695 2617 3983 2671 communi

2373 2701 2679 2759 exsultasse
2711 2703 2920 2772 latitia,
2954 2707 3003 2740 ⁸ο
3023 2721 3087 2762 ac
3106 2708 3270 2761 etiam
3295 2707 3347 2762 in
3374 2708 3539 2763 tantis
3560 2708 3725 2765 totius
3744 2707 3986 2766 Romani

2373 2792 2584 2863 imperii
2614 2796 2932 2864 provinciis,
2964 2797 3185 2855 urbibus
3216 2813 3281 2854 ac
3310 2799 3546 2871 populis,
3577 2801 3622 2832 ’ί
3653 2802 3742 2856 vix
3778 2815 3987 2871 paucos

2369 2888 2666 2958 aliquando
2711 2890 3008 2957 exstitisse.
3039 2907 3178 2961 quos
3202 2893 3344 2963 justa
3377 2893 3512 2950 ultio
3539 2895 3587 2927 ’ί
3617 2895 3789 2951 invito
3811 2899 3985 2954 etiam

2371 2978 2580 3036 victore
2600 2979 2907 3038 damnaritt
2933 2983 3018 3050 Et,
3042 2984 3091 3017 ³³
3113 2995 3173 3040 ut
3199 2986 3384 3042 verbis
3407 2987 3570 3043 verba
3595 3001 3703 3042 non
3725 3002 3982 3057 onerent,

669 3079 908 3150 tyranni,
945 3086 1148 3133 temere
1174 3073 1491 3129 invadentes
1533 3073 1945 3145 rempublicam,
1978 3083 2268 3145 usurpato-
2297 3070 2344 3135 C
2373 3087 2482 3140 non
2511 3082 2716 3131 temere
2742 3076 2999 3145 dixerim,
3027 3086 3231 3135 tantam
3261 3080 3345 3136 vel
3378 3079 3431 3136 in
3458 3079 3600 3137 bello
3639 3081 3832 3138 saltem
3878 3097 3989 3139 ex-

670 3186 777 3242 que
804 3171 951 3241 regio
978 3179 1141 3233 statu,
1173 3166 1398 3222 llotnani
1427 3165 1643 3236 imperii
1685 3181 1881 3237 corpus
1922 3166 2261 3237 abruperint,

675 3273 839 3335 atque
867 3280 932 3318 ex
962 3277 1028 3318 eo
1058 3261 1196 3316 bella
1239 3260 1324 3315 vel
1365 3273 1461 3329 per
1500 3274 1559 3314 se
1589 3257 1786 3328 injusta
1834 3260 2263 3331 importaverint,

675 3358 762 3413 vel
793 3357 846 3412 in
877 3370 935 3411 se
958 3356 1102 3426 justa
1141 3351 1554 3421 commoverint,
1590 3351 1634 3383 ¹⁸
1674 3351 1948 3408 Britannis
1995 3353 2272 3426 Gallisque

2369 3166 2622 3224 stiuctam
2655 3169 2817 3226 modo
2847 3169 3012 3228 fuisse
3039 3173 3413 3244 gregariorum
3454 3173 3684 3228 militum
3729 3188 3985 3242 manum,

2370 3270 2569 3332 quanta
2601 3275 2729 3320 tunc
2757 3263 2806 3296 “
2843 3279 2985 3321 etess
3034 3273 3120 3322 est
3165 3266 3218 3321 in
3269 3281 3402 3337 pace
3448 3267 3734 3323 nobilium.
3786 3267 3985 3340 Igitur,

2375 3358 2423 3392 "
2449 3359 2600 3416 Sulla
2629 3371 2866 3429 mortuo,
2899 3360 3156 3432 Lepidus,
3199 3361 3452 3420 Mariana:
3494 3363 3667 3434 partis
3711 3373 3986 3434 assertor,

1958 3467 2412 3528 IIAVERCAMPI
2451 3470 2684 3530 NO’NE.

677 3603 687 3622 .
747 3567 876 3621 CAP.
912 3559 1434 3619 XXll.-l.Cretttis
1465 3561 1635 3631 itaque
1669 3556 1734 3614 Ρ.
1769 3559 2012 3616 Servilio.
2047 3559 2108 3631 Ρ.
2141 3559 2269 3617 Ser-

672 3637 836 3695 vilius
867 3635 1042 3698 Vatia,
1073 3644 1128 3689 et
1155 3637 1288 3701 App.
1316 3630 1576 3686 Claudius
1607 3630 1838 3685 Pulcher
1866 3630 2121 3687 consules
2154 3632 2273 3688 fue-

675 3722 809 3768 runt
838 3722 981 3764 anno
1009 3719 1246 3760 DCLXX!“
1267 3746 1281 3768 ,
1331 3703 1505 3772 iisque
1540 3703 1854 3757 consulibus
1899 3702 2096 3758 creatis
2123 3703 2272 3760 Sulla

677 3782 951 3839 dictatura
991 3792 1050 3832 se
1081 3777 1224 3830 ultro
1261 3774 1554 3829 abdicavit.
1595 3774 1872 3842 Appianus
1899 3773 1994 3829 lib.
2042 3788 2100 3842 ι,
2145 3775 2272 3830 Plu-

720 3797 951 3839 tctatura
991 3797 1050 3832 se
1081 3797 1224 3830 uuru
1261 3797 1554 3829 autumant.
1595 3797 1872 3842 Appianus
1899 3797 1994 3829 nu.
2042 3797 2059 3828 ι
2085 3816 2100 3842 ,
2146 3797 2275 3830 ιἰιι·

682 3853 904 3910 tarchus
936 3851 988 3904 in
1021 3847 1196 3904 Sulla.
1226 3845 1394 3900 FABR.

747 3924 804 3978 2.
842 3922 999 3976 Visus
1029 3926 1107 3974 est
1147 3915 1354 3970 tandem
1391 3913 1562 3973 Sulla.
1590 3914 1821 3984 Quidam
1853 3915 2020 3981 visus,
2053 3915 2274 3973 Veneta:

678 3992 1055 4060 Edd.,Lucius
1078 3989 1231 4044 Sulla
1259 3987 1464 4060 tandem
1491 3997 1564 4060 est
1585 3988 1842 4060 priutyus.

758 4069 813 4123 ὅ.
837 4056 907 4118 ’1η
935 4061 1171 4116 discretis
1212 4059 1465 4113 tt‘tatibus.
1513 4056 1684 4128 Lugd.
1716 4057 1855 4112 Batt.
1893 4073 1978 4126 pr.
2023 4067 2080 4115 et
2116 4069 2267 4126 tert.,

680 4153 810 4196 cum
831 4135 969 4192 Coll.
1003 4129 1586 4198 Gronov.,imliscreta:
1612 4131 1803 4183 atatis.
1857 4129 1959 4184 Ed.
1991 4134 2155 4202 Aug.,
2186 4133 2269 4184 in.

684 4208 922 4265 discretis
951 4202 1208 4260 tctatibus.

757 4279 816 4336 4.
849 4277 1042 4349 Viginti
1064 4282 1305 4343 quatuor.
1331 4271 1508 4329 Unum
1536 4271 1657 4343 plus
1680 4281 1927 4328 numerat
1955 4272 2130 4345 Lugd.
2153 4272 2273 4333 Bat.

686 4361 868 4426 quam.

2376 3563 2508 3620 llsos
2537 3564 2813 3621 Britannis
2837 3575 2894 3622 et
2937 3565 3107 3624 Gallis
3151 3567 3309 3624 dixit.
3351 3567 3553 3626 Verum
3592 3584 3694 3630 cito
3733 3570 3784 3627 in
3827 3572 3987 3630 nullo

2376 3649 2482 3691 ms.
2507 3636 2734 3711 verbum
2763 3638 2941 3703 erecti,
2965 3639 3164 3704 inveni,
3192 3655 3382 3696 omnes
3406 3655 3536 3696 vero
3567 3636 3765 3698 habent
3795 3647 3982 3711 creati,

2378 3715 2435 3760 ut
2457 3706 2622 3763 eted.
2649 3709 2898 3780 August;
2921 3723 3091 3780 quare
3119 3721 3306 3767 contra
3334 3727 3467 3768 mss.
3491 3728 3818 3769 consensum
3849 3706 3986 3771 illud

2377 3781 2537 3851 erecti
2566 3778 2788 3835 retineri
2818 3794 2925 3835 non
2941 3778 3118 3850 posse
3139 3781 3346 3851 judico.
3376 3780 3514 3839 Cod.
3545 3800 3719 3850 meus,
3749 3793 3799 3838 et
3820 3787 3990 3842 creati

2379 3856 2428 3900 et
2465 3848 2725 3908 instructi.
2767 3851 2848 3904 An
2886 3848 3105 3921 scripsit
3139 3848 3400 3910 Orosius?
3425 3871 3459 3910 α
3487 3848 3753 3911 Britannis
3785 3855 3987 3912 Gallis-

2379 3934 2478 3988 que
2507 3921 2714 3990 populis
2741 3930 2790 3976 et
2817 3923 2977 3977 creati
3003 3931 3052 3977 et
3071 3923 3335 3980 instructi.

2453 3990 2540 4065 l6.
2581 3992 2684 4065 Aut
2721 3990 2887 4065 Ctjixi.
2929 3993 3008 4048 De
3043 3991 3200 4049 Crixo
3239 3995 3598 4065 gladiatorum
3649 3997 3790 4055 duce
3841 3999 3983 4055 infra

2377 4063 2556 4141 gapite
2582 4063 2704 4141 _ult_.
2754 4063 3018 4141 dicemus.
3073 4065 3129 4120 lu
3171 4063 3449 4138 impressis
3489 4069 3647 4141 tulgo
3683 4071 3847 4138 male,
3888 4081 3986 4128 aut

2379 4130 2556 4188 Crassi
2582 4134 2798 4203 legitur.
2829 4132 2995 4194 FABR.

2383 4204 2670 4346 όεῖιίὶαιίει
2707 4206 2933 4277 defectu.
2976 4207 3069 4265 Sic
3105 4223 3239 4266 mss.
3281 4223 3500 4278 omnes,
3540 4222 3730 4269 contra
3771 4213 3984 4287 vulgg.,

2456 4347 2542 4402 l8.
2577 4344 2644 4402 In
2676 4349 2829 4428 hisce.
2867 4348 3136 4409 Florentt.
3173 4362 3305 4419 tres,
3335 4355 3414 4409 Itis
3439 4355 3776 4428 temporibus,
3799 4355 3990 4413 deleto

761 4400 1007 4487 εἷ’ριιοδ.
1045 4416 1208 4473 italiae
1236 4415 1454 4487 scilicet
1476 4413 1703 4484 populos
1722 4453 1736 4478 .
1777 4429 1901 4469 nam
1929 4414 2124 4487 vitiose
2148 4413 2273 4471 edd.
2305 4400 2358 4462 υ
2382 4400 2593 4484 5η,ίῆοῆ
2616 4400 2785 4476 inii};

684 4486 934 4566 quietiam
959 4500 1070 4545 vet.
1096 4486 1352 4560 quomodo
1377 4486 1462 4543 vel
1490 4487 1656 4558 quod,
1682 4495 1742 4543 ut
1769 4495 1826 4543 et
1851 4486 1974 4542 cod.
2002 4486 2272 4556 Perizon.,

765 4582 794 4620 ο
822 4571 992 4632 neget.

691 4579 794 4635 quo
822 4579 992 4632 neget.

759 4637 815 4692 6.
855 4631 1063 4688 Vicerit.
1097 4629 1339 4687 Floreat.
1367 4645 1478 4700 pr.,
1507 4631 1651 4686 uicit.

760 4709 816 4762 7.
851 4705 992 4760 Prol:
1015 4703 1227 4771 pudor!
1256 4703 1391 4770 Alii,
1421 4701 1563 4755 Proh
1589 4701 1783 4756 dolor!

761 4778 819 4837 8.
858 4776 927 4831 Et
957 4775 1060 4829 hic.
1093 4773 1262 4845 Lugd.
1295 4772 1434 4828 Ball.
1461 4787 1544 4843 pr.
1566 4813 1580 4838 ,
1627 4782 1674 4827 et
1702 4773 1830 4827 lucc.
1867 4771 2108 4829 Florent.
2138 4785 2276 4838 sec.,

689 4858 741 4905 ιι
768 4849 910 4904 hinc.

766 4919 820 4973 9.
857 4920 986 4990 Tom
1013 4914 1526 4990 apte._Lugd._Batt.
1558 4914 1700 4978 duo,
1733 4924 1838 4990 tam
1863 4923 2057 4986 aperte.

764 4992 852 5046 10.
887 4987 1117 5046 Dicetur.
1151 4987 1320 5056 Lugd.
1345 4987 1488 5040 Batt.
1522 4995 1674 5056 tert.,
1708 4987 1920 5040 dicitur.

763 5063 854 5116 Η.
881 5059 1084 5115 lustius
1109 5055 1336 5129 quidem.
1382 5057 1551 5128 Lugd.
1586 5055 1705 5112 Bal.
1740 5072 1848 5127 pr.,
1874 5060 2018 5130 juste
2049 5056 2278 5128 quidem.

690 5133 967 5197 Perizon.,
991 5132 1187 5199 justius
1215 5129 1424 5199 quippe.

764 5207 854 5259 12.
891 5198 1181 5258 εεάηοιυὸδ.
1214 5198 1504 5268 Perperam
1535 5198 1805 5266 Peritum,
1843 5198 1948 5254 Sed
1976 5215 2100 5252 non.

763 5277 850 5330 15.
895 5273 1188 5328 Vocubulis.
1217 5270 1306 5326 Sic
1335 5285 1464 5325 mss.
1495 5282 1550 5326 et
1577 5270 1666 5326 ed.
1704 5273 1839 5341 Aug.
1865 5287 1881 5336 ;
1927 5269 2287 5339 vocabulisque

690 5345 882 5404 Vultis.

763 5361 1122 5474 ilignum;
1150 5415 1284 5467 irata
1309 5413 1533 5467 victoris.
1583 5411 1748 5483 Lugd.
1792 5412 1926 5467 Bait.
1977 5420 2106 5482 tres,
2154 5426 2278 5467 cum

688 5487 829 5543 Coll.
858 5488 1119 5548 Gronov.,
1149 5495 1370 5555 potestas
1401 5485 1522 5536 irati
1549 5485 1775 5537 victoris.

760 5559 850 5613 iii.
885 5554 1156 5610 Britannis
1197 5554 1467 5624 Gallisque
1509 5556 1714 5624 populis
1758 5554 1915 5610 erecti
1941 5563 1988 5608 et
2013 5555 2274 5610 instructi.

682 5630 1025 5690 Carausium,
1073 5626 1357 5689 Allectum,
1409 5623 1820 5680 Constantinum
1868 5625 2112 5693 aliosque
2157 5625 2274 5695 ejus

683 5699 946 5773 temporis
976 5709 1233 5770 tyrannos
1262 5695 1530 5768 intelligit,
1561 5695 1660 5754 hos
1689 5706 1905 5768 erectos,
1935 5697 1986 5751 id
2015 5705 2102 5753 est
2137 5712 2270 5754 con-

2456 4489 2542 4546 i9.
2564 4489 2794 4572 .Legerit,
2827 4496 3078 4572 senserit?
3105 4494 3210 4572 Ed.
3231 4496 3392 4567 Aug.,
3415 4497 3663 4566 timuerit,
3690 4499 3984 4570 scripserit,

2379 4564 2616 4621 senserit.
2647 4564 2901 4639 nescierit.
2926 4565 3212 4635 Quomodo
3236 4564 3601 4637 Opponnntur,
3632 4564 3721 4639 qui
3744 4564 3987 4637 scripse;

2381 4640 2510 4714 runt
2536 4643 2588 4688 el
2617 4637 2708 4714 qui
2743 4635 3059 4714 timuerunt,
3087 4654 3182 4714 per
3221 4635 3349 4694 suas
3385 4640 3591 4714 scilicet
3638 4635 3808 4714 vices,
3850 4635 3984 4714 item

2381 4705 2471 4784 qui
2504 4705 2775 4759 senserint
2795 4716 2854 4784 et
2875 4705 3196 4784 nescierint,
3227 4725 3348 4784 cum
3368 4711 3587 4784 scilicet
3615 4720 3672 4784 et
3693 4705 3884 4782 scripti
3928 4716 3983 4768 in

2383 4777 2532 4852 iis_e_t
2566 4791 2672 4852 non
2703 4778 3246 4852 scriptijnterierint.
3275 4780 3381 4837 Sed
3414 4782 3558 4836 malo
3583 4777 3879 4852 vulgatam.

2419 4843 2840 4968 ‘12.;g'e’t‘iom.
2869 4850 2998 4907 Mss.
3027 4851 3267 4921 quidam,
3292 4861 3348 4907 ut
3373 4853 3561 4920 etiam;
3589 4843 3732 4910 torio
3757 4853 3984 4926 melius,

2439 4934 2470 4968 α
2614 4935 2627 4968 l
2723 4957 2736 4968 .

2381 4927 2535 4983 atque
2561 4927 2736 4972 etiam.

2452 4986 2542 5043 2i.
2587 4986 2686 5043 Via:
2711 5007 2922 5067 paucos.
2952 4992 3126 5065 Lugd.
3152 4993 3265 5051 Bal.
3300 5010 3385 5067 pr.
3415 5003 3471 5053 et
3509 5003 3636 5052 lerl.
3675 5011 3803 5054 cum
3841 4995 3984 5054 Coll.

2385 5056 2618 5143 Oropov.
2632 5098 2649 5126 ,
2678 5056 2766 5141 pix
2794 5056 3098 5143 perpaucos.

2423 5200 2436 5212 O
2455 5129 2545 5212 22.
2573 5129 2743 5185 Invito
2771 5129 3175 5212 ctiamvictore;
3201 5135 3340 5192 Coll.
3385 5136 3650 5205 Gronov.,
3673 5155 3779 5194 uno
3803 5140 3990 5195 'ctiam

2384 5205 2767 5275 ttictorc;_mss.
2806 5205 2974 5274 Lugd.
3011 5207 3148 5265 Batt.
3180 5219 3310 5275 tres,
3342 5226 3444 5264 uno
3474 5213 3626 5264 etiam
3657 5221 3890 5266 auctore.

2458 5272 2655 5351 ἥλιξ(
2683 5276 2844 5351 verbis
2875 5272 3020 5330 uerba
3053 5296 3150 5332 nou
3185 5272 3407 5334 onerent.
3438 5281 3575 5336 Tres
3605 5282 3773 5351 Lugd.
3813 5282 3987 5348 Batt..

2392 5357 2513 5399 cum
2541 5343 2681 5398 Coll.
2709 5344 2975 5422 tironum,
3006 5360 3060 5402 ut
3089 5351 3240 5405 verba
3270 5368 3387 5406 rem
3415 5368 3517 5406 non
3544 5343 3770 5407 ouerc'm.
3796 5343 3988 5422 Forte,

2394 5423 2448 5468 ut
2479 5432 2593 5468 vera
2623 5415 2784 5469 verbis
2817 5433 2915 5470 non
2948 5437 3174 5475 onercm.

2455 5485 2816 5560 auctum:
2845 5489 2899 5542 in
2939 5507 3066 5557 pace
3111 5491 3380 5550 nobilium.
3429 5493 3568 5549 Tres
3616 5494 3780 5549 iidem
3826 5511 3986 5560 mss.,

2384 5571 2505 5638 cum
2535 5556 2673 5611 Coll.
2704 5557 2897 5624 Gron.,
2931 5556 3016 5614 llic
3047 5565 3251 5638 legunt,
3281 5580 3414 5619 cursu
3441 5574 3590 5638 estet
3613 5568 3668 5619 in
3690 5583 3817 5636 paco
3840 5556 3991 5621 nobi;

2382 5627 2546 5688 lium:
2573 5643 2736 5695 supra
2769 5643 2919 5695 vero,
2952 5649 3055 5686 non
3087 5627 3384 5690 Extinctam
3411 5636 3583 5691 modo.
3690 5627 3701 5636 ’
3965 5652 3975 5659 ·

2451 5699 2541 5755 25.
2575 5697 2732 5756 Sulla
2763 5711 2985 5772 mortuo,
3017 5703 3266 5777 Lepidus.
3309 5707 3381 5763 M.
3431 5705 3689 5765 Emilius
3739 5706 3986 5782 Lepidus
