4290 6478
379 282 490 339 989

1451 293 1928 353 ιιιδϊυιιιιιιῑῖοι
1968 295 2168 354 ιιιιιειι
2217 298 2297 351 ‘.'t.
2348 299 2502 355 CAP.
2550 300 2589 358 l.

3581 301 3691 361 990

380 395 624 452 stodicre
649 398 914 457 cultores.
967 401 1111 475 Ergo
1141 404 1357 474 praescii
1397 414 1540 461 sunt.
1573 407 1620 439 ⁸³
1657 406 1714 463 Si
1764 409 1981 480 pra'scii
2009 415 2060 473 Α
2089 408 2464 467 ἀοςιὶίιιθιιιιυς
2510 411 2801 470 viderent?
2840 413 3180 487 Quamquam
3233 415 3276 469 si
3328 414 3400 470 ab
3457 414 3684 487 invitis,

386 498 536 557 sunt,
563 506 663 548 cur
690 492 793 549 hoc
822 494 1107 566 imperium
1138 496 1186 529 ⁸⁸⁵
1215 498 1359 553 inter
1390 506 1461 553 tot
1496 517 1765 557 annorum
1789 503 1988 558 sucula

378 596 449 637 eo
479 582 821 653 potissimum
854 595 1103 658 tempore
1125 589 1190 645 ad
1219 604 1486 647 summam
1520 595 1781 663 potentia:
1803 610 1986 650 arcem

378 674 782 746 perduxerunt,
818 677 865 710 "
894 694 1001 750 quo
1032 680 1128 736 ille
1153 682 1302 737 nasci
1336 682 1479 739 inter
1521 685 1772 741 homines
1819 698 1986 757 atque

382 771 609 838 agnosci
642 779 696 826 ut
728 770 897 829 homo
924 772 1121 843 voluit,
1152 773 1202 806 “
1231 784 1358 847 post
1381 776 1537 848 cujus
1569 793 1768 834 nomen
1796 786 1853 834 et
1881 780 1984 851 ipsi

379 868 488 932 pro
509 862 685 920 nihilo
710 865 1011 936 contempti
1035 874 1165 922 sunt
1188 910 1204 936 ,
1248 877 1305 923 et
1329 884 1454 924 cum
1478 870 1737 926 universo
1779 871 1982 926 mundo

377 954 543 1010 etiam
565 954 666 1023 illi,
690 972 828 1025 quos
856 958 961 1028 ipsi
987 972 1375 1029 pros-exerent,
1394 962 1438 993 δ’
1458 972 1817 1018 cucurrerunt
1833 961 1979 1019 ?Sed

378 1046 663 1106 humiliter
692 1049 742 1084 ⁸⁸
768 1050 1041 1123 obrepsit,
1065 1050 1343 1125 inquiunt,
1376 1064 1432 1109 et
1462 1055 1697 1112 latenter
1728 1058 1980 1113 intravit.

376 1139 625 1200 Latentis
639 1153 695 1201 et
724 1143 949 1202 humilis
975 1146 1121 1204 unde
1135 1157 1240 1203 tant
1262 1149 1497 1206 celebris
1509 1136 1677 1205 fama?
1695 1161 1801 1206 tam
1819 1150 1907 1206 ind
1914 1167 1977 1207 u-

375 1234 544 1292 bitata
560 1236 726 1296 ﬁdes?
740 1251 846 1295 tam
863 1239 1152 1296 manifesta
1165 1242 1432 1312 potentia?
1450 1244 1637 1315 Signis
1652 1244 1976 1313 quibusdam

371 1331 622 1405 91³69
657 1332 951 1389 virtutibus
993 1344 1206 1391 mentes
1252 1336 1534 1391 hominum
1585 1337 1978 1409 superstitione

372 1423 423 1459 ⁸³
452 1423 720 1482 sollicitas
744 1426 892 1497 cepit
917 1435 976 1481 et
998 1429 1199 1482 tenuit.
1235 1430 1308 1483 At
1329 1429 1447 1485 hate
1473 1429 1520 1484 si
1558 1426 1723 1484 homo
1761 1430 1935 1500 potuit
1953 1473 1970 1501 ,

373 1516 463 1573 Dii
490 1517 665 1589 magis
692 1516 741 1550 ⁶⁹
761 1531 928 1591 posse
947 1517 1274 1577 debuerunt.
1304 1520 1389 1577 Au
1417 1520 1549 1593 quia
1590 1520 1681 1576 ille
1712 1520 1854 1577 hanc
1876 1534 1977 1592 po-

374 1612 606 1668 tentiam
628 1626 656 1665 a
683 1596 845 1668 Patre
862 1611 970 1668 sibi
993 1608 1247 1669 traditam
1269 1612 1621 1683 praedicabat,
1652 1620 1971 1685 perventum

369 1711 457 1761 est
484 1702 781 1775 aliquando
804 1704 876 1759 ad
917 1703 1341 1776 intelligentiam
1371 1705 1517 1761 illius
1550 1706 1665 1762 noti
1695 1714 1753 1762 et
1800 1708 1970 1778 ignoti

328 1858 333 1862 ,
371 1794 475 1853 Dei
498 1836 518 1864 ,
539 1811 711 1868 quam
737 1797 1190 1869 apprehendere,
1222 1808 1280 1854 ut
1320 1798 1432 1855 dixi
1462 1841 1479 1867 ,
1529 1814 1691 1856 nemo
1721 1801 1823 1856 nisi
1871 1814 1967 1873 per
1996 1804 2044 1867 Β

366 1890 550 1962 ipsum
577 1892 799 1962 potest?
825 1892 938 1950 Nec
957 1894 1248 1965 quisquam
1284 1902 1493 1964 potest,
1521 1894 1625 1951 nisi
1652 1896 1695 1928 “
1728 1896 1821 1967 qui
1851 1905 1966 1951 toto

365 1993 430 2042 se
452 1993 745 2059 perspecto
771 2000 837 2043 ac
865 1986 1131 2057 despecto
1154 2033 1169 2058 ,
1194 2002 1494 2044 conversus
1522 1987 1590 2043 ad
1635 1988 1963 2061 sapientiam

369 2075 472 2134 Dei
495 2078 543 2111 ’ί
568 2093 788 2135 omnem
810 2080 1098 2152 quarendi
1123 2079 1599 2137 ratiocinationem
1623 2082 1967 2139 transtulerit

365 2172 440 2228 ad
467 2171 732 2230 credendi
762 2173 949 2230 tidem.
985 2172 1370 2230 Verumtamen
1416 2174 1664 2231 breviter
1703 2174 1962 2232 discutio.

366 2265 453 2323 Dii
488 2267 599 2335 isti,
627 2280 767 2338 quos
789 2275 969 2323 tantos
989 2265 1194 2333 ferunt,
1227 2278 1284 2322 ut
1313 2267 1616 2324 Romanam
1658 2270 1956 2341 rempubli-

366 2375 492 2415 cam
521 2368 582 2417 et
606 2360 832 2431 propitii
864 2361 1217 2430 provexisse,
1249 2372 1305 2418 et
1322 2361 1370 2395 ⁸³
1388 2363 1570 2419 aversi
1605 2363 1869 2420 alllisisse
1882 2365 1966 2422 vl-

363 2454 630 2523 deantur,
656 2468 727 2511 eo
745 2463 902 2512 certe
923 2464 1192 2528 tempore,
1219 2456 1364 2529 quod
1389 2457 1566 2527 palam
1595 2462 1830 2524 constat,
1856 2473 1965 2528 quo

365 2547 519 2604 nasci
546 2546 798 2605 Christus
825 2548 1021 2617 voluit,
1052 2557 1111 2605 et
1137 2549 1450 2606 annuntiari
1478 2548 1525 2582 “
1550 2550 1805 2622 gentibus
1846 2567 1962 2608 cu:-

363 2641 445 2710 pit
466 2681 485 2706 ,
516 2637 566 2672 ⁶⁸
601 2638 964 2697 devOtissime
1006 2651 1169 2712 atque
1210 2641 1584 2699 intentissime
1611 2644 1955 2701 colebantur.

362 2731 439 2789 Ita
474 2732 551 2789 illi
577 2774 592 2799 ,
637 2733 991 2791 consulentes
1018 2744 1073 2791 et
1099 2734 1206 2792 sibi
1241 2745 1301 2792 et
1325 2736 1626 2791 cultoribus
1656 2736 1773 2792 suis
1799 2779 1815 2803 ,
1848 2753 1957 2794 non

359 2836 660 2899 potuerunt
676 2828 763 2885 vel
778 2830 1100 2900 reprimere,
1114 2830 1203 2885 vel
1223 2829 1491 2900 repellere
1511 2831 1955 2900 superstitionem

357 2921 503 2991 ejus,
525 2930 750 2991 propter
764 2937 924 2993 quam
950 2922 1289 2992 spernendos
1311 2936 1370 2976 se
1383 2923 1738 2993 cultoresque
1757 2922 1804 2954 “
1825 2939 1955 2980 suos

2092 504 2268 559 danda
2293 504 2469 572 venia,
2502 521 2603 561 nec
2623 506 2668 537 "
2695 506 2983 563 deserendi
3013 505 3267 572 fuerunt;
3303 507 3350 561 si
3376 521 3403 560 a
3439 506 3686 563 volunta-

2092 591 2221 655 riis.
2251 595 2516 652 servanda
2547 599 2890 669 praeseientia
2915 640 2932 663 ,
2973 614 3073 656 nec
3103 598 3252 668 prius
3290 598 3505 654 linunt.
3532 601 3690 669 adju-

2089 691 2274 744 vandi.
2311 689 2422 744 lloc
2449 688 2654 745 fututum
2688 697 2816 759 est,
2849 690 3097 762 inquiunt
3126 707 3141 741 :
3178 706 3299 746 nam
3325 695 3687 750 excitavimus

2087 792 2301 853 gentes,
2336 782 2691 841 accendimus
2715 798 2897 855 reges,
2932 784 3266 841 instituimus
3297 783 3465 855 lege»,
3496 785 3683 855 dispo-

2083 875 2293 931 suimus
2312 874 2527 946 judiccs
2551 918 2569 941 ,
2603 879 3029 947 prmparavimus
3062 892 3252 949 pinnas
3292 878 3585 949 suppliciis
3623 884 3682 935 et

2083 967 2336 1024 crucibus
2367 1012 2382 1034 ,
2414 968 2609 1025 orbem
2656 976 2826 1038 totum
2870 969 3099 1026 scrutati
3139 985 3330 1026 sumus
3358 1015 3372 1034 ,
3406 969 3451 1002 ⁸⁸
3494 969 3542 1028 si
3573 984 3685 1042 quo

2088 1060 2254 1115 modo
2283 1060 2658 1116 Christianum
2686 1077 2885 1119 nomen
2908 1075 2961 1119 et
2986 1062 3168 1118 cultus
3199 1063 3455 1118 universo
3478 1062 3685 1121 mundo

2082 1162 2271 1224 posset
2309 1154 2523 1211 abradi.
2558 1156 2675 1212 lloc
2707 1164 2937 1213 eatenus
2975 1155 3170 1213 factum
3222 1167 3304 1212 est
3328 1202 3342 1229 ,
3386 1157 3562 1214 donec
3605 1157 3685 1214 [ρ-

2079 1246 2257 1305 cunda
2283 1249 2582 1306 crudelitas
2603 1265 2849 1322 eousque
2882 1253 3025 1306 inter
3047 1259 3319 1307 tormenta
3350 1266 3412 1306 ac
3440 1267 3537 1324 per
3567 1260 3682 1310 tor-

2079 1354 2260 1399 menta
2288 1344 2457 1419 37o
2474 1345 2791 1417 proliceret,
2821 1346 3085 1415 quamdiu
3118 1348 3296 1417 ipsum
3328 1350 3535 1418 reg‘utn
3564 1346 3682 1404 cul-

2078 1451 2204 1492 men
2225 1477 2241 1502 ,
2275 1452 2374 1508 per
2414 1438 2557 1508 quod
2596 1439 2776 1494 solum
2815 1437 2860 1472 "
2886 1437 3162 1509 prohiberi
3193 1451 3438 1511 pultlcml
3466 1486 3482 1509 ,
3514 1456 3681 1497 oecu-

2076 1537 2251 1600 paret.
2276 1529 2344 1586 Et
2362 1530 2493 1602 quid
2525 1538 2715 1602 postea
2739 1521 3095 1587 consecutum
3124 1532 3251 1586 est?
3283 1532 3666 1604 Imperatores,

2076 1623 2363 1697 inquiunt,
2387 1622 2686 1682 Christiani
2716 1638 2939 1681 cessare
2964 1640 3142 1693 sacra,
3175 1632 3234 1681 et
3256 1624 3437 1682 claudi
3464 1625 3667 1697 templa

2067 1717 2385 1789 jusserunt,
2418 1727 2585 1789 atque
2622 1715 2746 1774 ideo

2228 1831 2507 1898 Eacesserc
2525 1845 2721 1898 omnes,
2744 1831 2902 1898 adytis
2922 1833 2972 1866 ⁷⁸
2995 1835 3195 1898 arisque.
3220 1834 3427 1896 relictis,

2222 1894 2323 1956 Dii,
2346 1895 2529 1958 quibus
2548 1894 2821 1960 imperium
2837 1896 2930 1947 hoc
2950 1894 3181 1949 steterat.

2069 2000 2115 2055 0
2141 2010 2341 2071 quanta
2382 2010 2437 2057 et
2466 2017 2627 2073 quam
2663 1999 2925 2057 inoﬂensa
2954 2001 3042 2056 lux
3073 2000 3317 2058 veritatis
3342 2009 3452 2069 est,
3484 2001 3531 2057 si
3560 2016 3671 2059 non

2066 2092 2333 2150 adversus
2359 2108 2482 2152 eam
2527 2093 2673 2150 ultro
2703 2109 2826 2151 sese
2864 2094 3183 2150 oﬂcrentem
3209 2094 3255 2126 τί
3289 2093 3546 2150 imbecilli
3577 2095 3665 2153 itt-

2079 2191 2311 2247 l‘eliciter
2335 2190 2480 2247 oculi
2533 2189 2961 2247 clauderentur!
3007 2190 3054 2221 τ’
3083 2190 3139 2244 Si
3185 2187 3491 2245 Christiana
3534 2188 3673 2248 lides

2070 2300 2166 2356 per
2194 2285 2359 2340 multa
2391 2293 2541 2341 retro
2558 2282 2605 2316 ⁷³
2632 2292 2901 2354 tempora,
2923 2283 3277 2339 stevientihus
3303 2282 3542 2353 undique
3561 2282 3665 2340 ad-

2070 2394 2287 2436 versum
2319 2393 2381 2435 se
2411 2377 2665 2449 gentibus
2689 2422 2706 2448 ,
2735 2376 2956 2448 regibus
2979 2417 2997 2445 ,
3028 2376 3238 2447 legibus
3261 2420 3278 2443 ,
3310 2376 3357 2408 ⁷⁸
3380 2378 3626 2434 cantibus
3647 2418 3669 2448 ,

2067 2471 2322 2528 crucibus
2358 2486 2423 2527 ac
2463 2470 2734 2527 mortibus
2756 2512 2773 2538 ,
2807 2470 3029 2541 reprimi
3075 2470 3227 2526 nullo
3256 2469 3424 2526 modo
3449 2472 3667 2541 potuit,

2068 2563 2257 2633 immo,
2287 2573 2343 2618 ttt
2376 2563 2490 2618 dixi
2514 2605 2531 2629 ,
2563 2564 2708 2619 inter
2736 2562 2854 2618 ha-c
2888 2572 2943 2617 et
2974 2577 3072 2632 per
3091 2563 3212 2618 lucc
3237 2561 3430 2631 crevit,
3476 2564 3665 2621 cultus

2066 2667 2250 2712 autem
2284 2654 2553 2711 idolorum
2576 2654 2687 2726 jam
2715 2652 3122 2726 quodammodo
3149 2669 3220 2709 ex
3259 2669 3320 2710 se
3359 2654 3625 2711 deliciens
3648 2689 3667 2722 ,

2065 2766 2130 2805 ac
2156 2749 2260 2806 sibi
2287 2749 2651 2813 erubescens,
2677 2748 2743 2803 ad
2774 2762 2935 2803 unam
2959 2745 3441 2802 clementissimam
3466 2746 3671 2816 jussio-

2065 2858 2190 2899 nem
2227 2843 2346 2897 sine
2378 2840 2492 2895 ullo
2521 2840 2719 2910 penali
2770 2848 2980 2895 terrore
3008 2837 3274 2903 cessavit;
3305 2839 3392 2894 cui
3439 2838 3667 2897 dubium

2062 2936 2167 2995 est,
2200 2926 2302 2981 hoc
2332 2941 2431 2998 per
2458 2926 2616 2982 istius
2641 2923 3013 2996 intelligentiw
3034 2923 3562 2981 demonstrationem
3594 2925 3665 2982 de

1004 3116 1012 3122 .
1646 3037 2095 3099 navsncwm
2133 3040 2363 3117 unus.

429 3130 524 3205 53.
558 3128 620 3205 δί
640 3131 845 3205 precarii
868 3138 1014 3205 sunt.
1048 3129 1147 3185 Ed.
1181 3145 1291 3202 pr.,
1321 3130 1368 3184 si
1388 3145 1517 3205 ergg
1539 3131 1741 3205 prwsgii
1769 3141 1908 3184 sunt.
1974 3132 2020 3195 Ο
2053 3130 2695 3205 stiperstitionesollicitas
2717 3139 2866 3185 recte
2887 3140 3066 3195 vocat,
3092 3130 3220 3184 dum
3253 3130 3478 3205 respicit
3501 3130 3663 3205 inep-
3740 3144 3745 3150 ‘

427 3203 521 3259 5i.
547 3199 717 3258 Inter.
743 3202 913 3275 Lugd.
940 3202 1081 3258 Batt.
1112 3199 1246 3265 tres.
1295 3216 1422 3275 cum
1450 3199 1603 3259 Coll.
1658 3201 1903 3258 Gronov.
1929 3244 1946 3269 ,

428 3343 521 3403 55.
554 3344 673 3414 Quo
698 3343 792 3402 ille
821 3345 983 3400 nesci.
1021 3343 1096 3401 lta
1126 3344 1393 3401 exhibent
1419 3361 1611 3402 omnes
1656 3345 1780 3401 libri
1814 3358 1950 3398 mss.

352 3428 414 3475 et
455 3433 525 3475 ex
582 3417 714 3474 edd.
745 3426 877 3474 vett.
908 3416 1109 3487 prima,
1147 3417 1316 3472 Paris.
1375 3426 1431 3471 et
1475 3416 1716 3473 Veneta'.
1750 3417 1949 3472 Verum

354 3488 635 3559 Bolsuing.
658 3497 717 3543 et
750 3490 907 3545 illum
947 3489 1210 3559 deinceps
1242 3498 1444 3544 sectum
1477 3490 1701 3557 reliqua:
1735 3490 1947 3543 malue-

351 3569 481 3616 runt
508 3557 700 3631 edere,
731 3576 838 3631 quo
862 3575 918 3615 se
937 3557 1030 3615 ille
1060 3557 1225 3627 nasci,
1253 3570 1359 3615 etc.
1395 3560 1568 3626 Quam
1606 3561 1894 3614 lectionem
1924 3602 1941 3627 ,

349 3634 603 3703 quamvis
633 3630 687 3686 itt
719 3630 946 3704 August.
960 3631 1098 3688 edit.
1122 3645 1341 3702 quoque
1370 3631 1952 3702 invenerint,probare

350 3714 535 3760 tamen
560 3717 792 3773 nequeo.

372 3791 387 3800 ·
422 3773 517 3831 56.
538 3772 667 3830 Post
686 3778 840 3843 cuius
866 3789 1073 3830 nomen.
1103 3774 1240 3829 Cum
1267 3775 1319 3829 in
1347 3772 1578 3830 Fabricii
1628 3772 1786 3830 edint.
1839 3773 1952 3842 pri-

350 3847 456 3919 tuis
480 3844 791 3916 irrepsisset
815 3846 1255 3919 hajus,reliqu:e.
1282 3858 1336 3901 et
1357 3844 1473 3916 ipsa
1489 3845 1680 3919 Scotti,
1710 3846 1948 3914 ineptam

348 3918 524 3984 illam,
547 3923 605 3973 et
623 3932 692 3990 es
716 3917 1036 3990 typograpbi
1060 3917 1261 3973 mendo
1286 3928 1487 3983 natam,
1513 3917 1805 3990 lectionem
1832 3930 1952 3990 ser:

347 3997 631 4061 vaterant.
662 3988 716 4045 lu
740 3987 941 4061 codice
958 4004 1079 4043 meo
1105 3991 1302 4060 legitur
1329 3991 1468 4061 ejus.
1499 3989 1551 4042 in
1580 3988 1805 4057 reliquis
1831 3987 1950 4041 om;

348 4059 511 4132 nibus
528 4069 675 4118 recte
695 4061 868 4132 cujus.
900 4058 1079 4132 Flor.,
1101 4058 1184 4130 pr.
1234 4078 1324 4131 per
1351 4058 1505 4131 'rttjus
1531 4074 1717 4113 nomen
1744 4099 1761 4123 ,
1789 4066 1895 4113 etc.
1929 4076 1943 4112 :

344 4146 474 4202 quae
493 4130 656 4189 lectio
675 4130 890 4188 videtur
908 4131 1220 4202 signiﬁcare
1238 4130 1509 4187 virtutem
1550 4138 1609 4187 et
1647 4132 1945 4201 potentiam

345 4199 472 4273 ejus
497 4204 752 4273 nominis,
777 4202 834 4259 id
853 4199 1148 4270 estfipsius
1174 4199 1405 4261 Christi.

416 4276 509 4330 57.
560 4271 955 4330 Cucurri-erunt?
998 4273 1312 4332 Lectionem
1365 4289 1497 4331 sane
1545 4273 1689 4329 banc
1740 4286 1945 4328 conca.

345 4361 518 4417 quere
547 4346 634 4402 vix
662 4361 907 4413 possum.
936 4345 1078 4417 Quid
1107 4345 1258 4402 enim
1285 4356 1371 4402 est
1410 4360 1622 4400 currere
1665 4360 1784 4399 cunt
1826 4343 1948 4399 nni-

344 4416 491 4472 verso
511 4418 737 4474 mundo?
756 4416 1000 4474 Floreat.
1026 4417 1250 4475 secundi
1285 4417 1620 4474 tolerabilior
1642 4426 1728 4472 est
1759 4416 1945 4479 lectio,

343 4488 1088 4590 ff.’.‘$‘."!f.':‘.’i&.§?“.'3‘i‘1':?
1101 4484 1945 4590 3213331521f“l‘.§“‘f.‘k.c::i'ff£’
1971 4528 2025 4590 υ

344 4562 507 4630 igitur
527 4569 856 4618 corruerunt.
880 4561 948 4617 Et
971 4556 1073 4625 ipsi
1099 4559 1174 4615 dii
1202 4562 1424 4631 (inquit)
1456 4560 1558 4623 illi,
1579 4574 1721 4627 quos
1748 4556 1943 4612 Bonifa-

344 4632 397 4687 ui
427 4632 533 4687 sibi
560 4634 862 4702 elegerant,
893 4639 951 4688 et
977 4633 1231 4702 Romani,
1261 4631 1356 4701 qui
1388 4646 1485 4700 per
1505 4633 1643 4685 istos
1665 4630 1797 4702 deos
1816 4643 1941 4685 sese

344 4713 490 4758 tanta
512 4700 754 4773 potentia
779 4712 967 4759 auctos
992 4700 1312 4769 credebant,
1338 4703 1529 4759 domiti
1576 4710 1707 4756 sunt
1726 4700 1939 4773 virtute

342 4774 440 4830 Dei
471 4770 615 4831 inter
638 4772 888 4830 homines
911 4776 1022 4830 nati
1043 4784 1099 4828 et
1124 4783 1183 4828 ut
1212 4774 1375 4829 homo
1411 4773 1605 4842 agniti.
1643 4770 1809 4840 Cujus
1848 4784 1937 4825 re-

338 4860 509 4915 gnum
530 4846 619 4901 ubi
652 4844 825 4913 venit,
853 4852 911 4901 et
939 4847 1038 4913 ipsi
1067 4843 1146 4899 illi
1165 4846 1242 4901 dii
1273 4845 1442 4900 lletitii
1466 4859 1564 4912 pro
1595 4843 1768 4915 nihilo
1793 4856 1930 4896 con-

344 4913 534 4986 tempti
565 4915 842 4984 habuique
861 4927 1009 4982 sunt,
1030 4925 1085 4970 et
1114 4916 1482 4971 Romanorum
1505 4913 1791 4984 imperium
1808 4926 1935 4986 cor-

341 4983 483 5060 ruit';
514 4988 659 5060 quod
688 4983 790 5041 una
819 5002 943 5060 cum
971 4987 1230 5060 universo
1269 4988 1472 5060 mundo
1515 4983 1666 5040 venit
1704 4985 1804 5037 sub
1853 4983 1937 5060 ιιι-
1966 5032 1970 5036 .

340 5053 549 5115 tioneni
583 5058 736 5126 ejus.
758 5058 864 5129 ιιιιὶ
914 5069 968 5114 et
999 5058 1225 5129 imperia
1259 5058 1700 5129 etitnperatores
1730 5053 1938 5129 cons-ti-

340 5129 465 5196 tuit,
488 5139 546 5186 et
573 5129 660 5185 cui
688 5145 718 5184 a
750 5128 912 5186 Patre
942 5145 1042 5185 suo
1067 5127 1268 5185 dudum
1327 5127 1620 5185 heredibus
1659 5128 1930 5181 universa:

340 5210 502 5273 terra:
526 5202 884 5273 omniumque
909 5216 1202 5273 regnorum
1231 5202 1469 5273 regimen
1500 5208 1662 5273 erant
1696 5197 1931 5273 promis-

337 5287 420 5326 sa.
448 5271 577 5327 Ηεεο
601 5268 811 5340 Qrosii,
838 5279 899 5328 ut
917 5268 1207 5342 scriptoris
1218 5268 1538 5337 Christiani,
1565 5270 1698 5325 mihi
1716 5268 1932 5325 videtur

336 5356 462 5398 esse
489 5343 782 5398 sententia.

409 5413 501 5467 58.
553 5410 812 5486 Obrepsil.
853 5412 1045 5483 Recte,
1096 5428 1273 5486 neque
1306 5422 1518 5470 mutare
1572 5412 1755 5468 malim
1808 5428 1932 5469 cum

337 5484 749 5556 inrepsithtutl
783 5486 834 5538 in
864 5499 999 5556 meo
1015 5485 1202 5541 codice
1225 5484 1442 5555 legitur.

409 5553 501 5611 59.
558 5554 868 5627 Sollicitas.
909 5555 1192 5612 Editiones
1224 5553 1357 5611 vett.
1408 5569 1602 5627 ontues
1628 5554 1665 5627 ᾗ(
1687 5553 1934 5624 exceptis

338 5624 575 5697 Hittorp.
604 5637 659 5699 et
687 5624 923 5694 Venetis,
959 5628 1014 5682 in
1039 5627 1237 5699 quibus
1269 5625 1530 5699 mendose
1555 5624 1761 5694 solitas)
1792 5636 1852 5681 ut
1876 5634 1933 5681 et

338 5711 471 5769 mss.
505 5695 589 5754 sie
608 5695 819 5769 legunt,
850 5695 1248 5769 praeter’Lngd.
1274 5697 1417 5754 Batt.
1445 5713 1558 5753 sec.
1588 5707 1642 5752 et
1672 5712 1928 5767 pronum.

335 5766 396 5822 lu
420 5767 663 5841 secuiulo
675 5766 857 5841 exstat
879 5766 1201 5836 sollicitatos,
1221 5786 1344 5841 quae
1372 5770 1530 5841 lectio
1561 5766 1805 5841 inprima
1841 5783 1932 5823 su-

337 5838 716 5910 perscribitur.
759 5837 994 5901 Betiueo
1040 5837 1336 5913 vulgatam.
1392 5839 1602 5899 Montes
1638 5837 1927 5898 hominum

2055 3214 2162 3256 tam
2180 3203 2324 3257 illaut
2342 3200 2788 3270 sollicitudinem,
2803 3215 2926 3271 qua:
2956 3216 3022 3256 ex
3044 3202 3437 3271 superstitione
3454 3204 3650 3257 oritur.

2028 3288 2032 3292 ·
2123 3276 2214 3331 60.
2245 3273 2425 3329 Posse.
2457 3272 2628 3345 Lugd.
2656 3269 2796 3328 Batt.
2822 3269 3056 3343 quatuor
3077 3269 3200 3327 cum
3217 3269 3361 3328 Coll.
3384 3270 3656 3341 Gronov.,

2124 3348 2308 3401 tuisse.

2056 3363 2353 3484 νοῖιῗθδηε
2383 3424 2488 3470 toto
2518 3432 2570 3469 se
2594 3424 2864 3487 perspecto
2893 3430 2954 3468 ac
2980 3416 3242 3487 despecto.
3292 3413 3392 3470 Ed.
3429 3418 3659 3486 August.

2052 3489 2374 3558 simpliciter
2400 3488 2551 3557 legit,
2585 3487 2677 3557 qui
2700 3498 2806 3558 toto
2829 3498 3123 3554 prospectu.

2124 3557 2215 3614 δὲ.
2242 3557 2480 3630 Omnem.
2498 3559 2665 3630 Abest
2697 3557 2816 3612 hinc
2846 3573 2946 3613 vox
2973 3574 3002 3610 ιι
3033 3558 3274 3630 Flor-ent.
3297 3573 3384 3630 pr.
3412 3557 3535 3612 Mox
3561 3575 3667 3630 pro

2050 3632 2402 3695 transtulerit,
2426 3629 2596 3699 Lugd.
2635 3629 2773 3682 Batt.
2802 3635 2914 3682 tres
2942 3645 3066 3684 cum
3109 3626 3534 3684 Coll..Grouov.
3561 3626 3655 3684 Ἰε-

2051 3710 2187 3771 gunt
2216 3701 2497 3757 transtulit.
2544 3699 2749 3755 Vitiose
2781 3715 2999 3770 quoque
3040 3701 3091 3754 in
3122 3701 3293 3755 Scotti
3327 3699 3417 3756 ed.
3464 3701 3665 3769 legitur

2050 3776 2329 3828 rationem.

2122 3844 2212 3901 65.
2246 3843 2445 3907 Aeersi.
2478 3841 2556 3898 Ita
2589 3856 2721 3898 mss.
2745 3859 2761 3906 ;
2782 3842 2986 3897 adversi
3008 3843 3136 3899 edd.
3161 3841 3408 3911 quaedam
3431 3858 3498 3898 ex
3522 3851 3660 3898 vett.

2050 3917 2175 3971 Mox
2218 3915 2523 3971 uidebantur
2568 3925 2802 3985 quatuor
2830 3911 3003 3980 Lugd.
3039 3914 3178 3968 Batt.
3217 3928 3343 3970 cum
3372 3913 3517 3985 Ultr.
3555 3929 3657 3984 pro

2050 3987 2356 4051 videantur;
2384 3995 2459 4051 et,
2488 3984 2673 4052 proco
2689 3993 2824 4058 certe
2841 3995 3090 4058 tempore.
3118 3985 3268 4043 Meus
3288 3994 3345 4041 et
3374 3984 3657 4053 Pcrizou..

2047 4074 2109 4115 eo
2142 4067 2280 4115 certo
2306 4070 2565 4130 tempore,
2591 4057 2733 4127 quod
2765 4070 2817 4110 et
2847 4055 3118 4112 lt‘lo'retnt.
3163 4070 3276 4111 sec.
3309 4065 3367 4113 et
3400 4065 3528 4112 tert.
3563 4071 3663 4113 cx-

2053 4130 2264 4185 bibent.

2123 4201 2214 4256 ot.
2267 4199 2539 4255 Gentibus.
2588 4199 2776 4269 Inepte
2826 4200 2880 4256 in
2927 4213 3061 4255 mss.
3099 4214 3211 4255 uno
3239 4207 3335 4254 aut
3373 4198 3550 4254 altero
3590 4214 3659 4256 ex

2049 4271 2225 4337 Lugd.
2259 4272 2402 4328 Batt.
2432 4272 2691 4342 adjicitur
2718 4269 3056 4338 Christianis,
3089 4271 3174 4325 vel
3205 4269 3484 4342 Christum.

2122 4346 2212 4400 65.
2246 4340 2606 4399 Devolissime.
2645 4343 2815 4411 Lugd.
2849 4342 2991 4399 Batt.
3028 4354 3162 4409 tres,
3181 4357 3307 4398 cum
3337 4340 3479 4398 Coll.
3512 4340 3656 4400 Gro-

2052 4432 2204 4479 nov.,
2234 4416 2546 4471 diutissime.
2582 4415 2718 4472 Ultr.
2752 4426 2807 4471 et
2830 4414 3007 4487 Lugd.
3036 4414 3155 4471 Bat.
3183 4429 3275 4469 sec
3289 4415 3448 4480 und.,
3472 4430 3662 4481 quum-

2050 4489 2125 4541 vis
2145 4488 2500 4543 devolissinte.

2119 4558 2208 4615 66.
2237 4558 2395 4615 Suos.
2421 4558 2593 4615 Abest
2614 4573 2646 4613 a
2669 4556 2841 4628 Lugd.
2872 4559 3016 4614 Batt.
3046 4566 3174 4615 tcrt.
3196 4565 3253 4613 et
3273 4565 3470 4629 quarto
3493 4565 3661 4629 atque

2043 4627 2182 4686 Coll.
2212 4629 2456 4686 Gronov.

2146 4632 2182 4685 I.
2212 4632 2456 4685 Gronov.

2114 4701 2203 4755 67.
2238 4699 2541 4757 Descrendi.
2588 4699 2727 4756 Edd.
2760 4699 2934 4772 prima
2959 4740 2978 4767 ,
3010 4700 3190 4755 Paris.
3222 4706 3281 4754 et
3311 4697 3539 4772 Veneta
3566 4698 3660 4755 de-

2040 4773 2308 4845 sperandi.
2328 4773 2397 4827 tln
2429 4772 2495 4827 iis
2522 4770 2799 4845 veroqua:
2822 4773 3163 4845 pra-cedunt.
3197 4770 3657 4845 initam‘interro-

2041 4839 2225 4910 pauidi,
2252 4859 2358 4914 qua
2388 4858 2586 4914 sensus
2614 4839 2923 4898 obscuritas
2952 4839 3185 4907 tollitur,
3219 4839 3429 4914 addidi.

2111 4914 2201 4969 6S.
2235 4912 2299 4969 Si
2335 4930 2437 4984 quo
2467 4913 2643 4969 modo.
2683 4913 2855 4985 Lugd.
2887 4914 3024 4969 Batt.
3068 4925 3200 4980 tres,
3233 4912 3369 4971 Ultr.
3404 4922 3467 4985 Aet
3511 4913 3651 4972 Coll.

2040 4983 2290 5055 Gruttuv.
2321 4983 2444 5041 cum
2478 4985 2609 5041 edd.
2643 4983 2967 5055 quibit-dam
2994 4985 3258 5054 adjiciunt
3282 4983 3524 5038 tandem.

2109 5055 2199 5111 69.
2234 5054 2510 5111 Prohiberi
2542 5054 2799 5125 potuerat.
2832 5056 3083 5111 Perizon.
3114 5097 3129 5116 ,
3159 5055 3424 5121 impediri.
3475 5054 3648 5125 Lugd.

2042 5124 2182 5181 Batt.
2217 5139 2338 5184 tert.
2364 5138 2419 5182 et
2438 5124 2645 5196 quam.
2668 5144 2791 5182 cum
2822 5128 2941 5182 aleo
2962 5134 3019 5181 ct
3039 5126 3287 5183 Perizon.
3315 5135 3479 5196 atque
3502 5124 3646 5183 culi.

2042 5145 2182 5181 uati.
2217 5145 2338 5184 tert.
2364 5145 2453 5182 eu
2479 5145 2645 5188 nart..
2668 5145 2791 5182 cum
2822 5145 2865 5182 at

2039 5196 2318 5267 Greuov.,
2346 5145 2609 5271 prol’tiberi
2641 5209 2865 5271 poterat.

2035 5272 2196 5393 duit).
2232 5268 2453 5341 dasque
2480 5268 2673 5325 relictis
2705 5270 2815 5325 Dii.
2864 5268 2964 5325 Ed.
3002 5270 3227 5341 August.
3248 5311 3264 5333 ,
3315 5268 3424 5322 aris
3454 5268 3653 5325 relictis

2073 5356 2256 5393 ttsaue.

2073 5356 2256 5397 usque.

2108 5358 2508 5486 ﬁfelmbecilli.
2541 5413 2709 5486 Lugd.
2746 5414 2884 5486 Bait.
2917 5427 3000 5481 pr.
3031 5419 3088 5468 et
3116 5425 3253 5486 sec.,
3286 5409 3616 5465 imbecilles.‘

2105 5482 2194 5538 72.
2227 5486 2291 5542 Si
2317 5482 2793 5552 Christiamt‘ﬁdes.
2819 5483 2949 5537 Metu
2978 5483 3337 5549 membranu',
3366 5490 3651 5553 expuneto

2035 5554 2102 5619 si,
2141 5557 2323 5625 legunt
2353 5555 2483 5625 ﬁdes
2512 5555 2835 5621 Christiana,
2872 5564 2977 5609 etc.

2106 5624 2209 5696 7.5.7
2231 5624 2504 5693 Tempora.
2538 5626 2708 5696 Lugd.
2746 5626 2861 5680 llat.
2900 5641 3008 5693 ιη’.⁹
3043 5625 3260 5679 alecula.

2103 5695 2194 5752 74.
2220 5696 2478 5763 Civilibus,
2504 5693 2763 5752 cruribus.
2801 5697 2953 5751 l'rior
2985 5711 3086 5749 vox
3113 5712 3163 5749 ut
3190 5693 3357 5763 Lugd.
3393 5697 3529 5751 llatt.
3562 5709 3643 5762 pr.

2031 5768 2392 5832 desideratur,
2420 5784 2517 5840 pro
2538 5770 2708 5823 altera
2733 5770 2784 5822 in
2811 5767 2898 5821 ed.
2927 5777 3060 5822 vett.
3085 5766 3410 5836 quihusdam
3433 5767 3639 5835 legitur

2031 5841 2366 5896 cruciatibus.
