4290 6440
662 288 765 347 991

659 497 753 555 illa
770 507 1000 556 eaqu
1020 510 1121 570 per
1148 495 1329 553 varias
1354 494 1802 553 ratiocinationes
1831 493 2052 562 mentis,
2076 492 2256 550 inten-

658 602 731 650 ta:
754 590 1096 665 quamlibet,
1126 592 1252 648 aliis
1274 589 1559 647 obfuscata
1585 588 1868 661 qumsierit
1887 629 1907 657 ,
1935 601 2002 645 ac
2028 601 2127 659 per
2152 586 2257 644 hoc

658 686 847 742 statim
868 683 1049 741 amori
1074 683 1196 757 ejus
1219 727 1234 751 ,
1272 698 1431 753 quem
1461 683 1629 740 etiam
1655 682 1914 754 ignorans
1940 679 2216 739 dilexerat
2239 720 2255 746 ,

660 777 984 836 inluesisse?
1011 778 1120 835 Nec
1141 778 1305 848 igitur
1324 778 1523 833 mirum
1545 785 1652 844 est,
1682 777 1732 833 si
1754 778 1808 832 in
1836 790 2027 846 magna
2057 773 2258 830 familia

663 870 713 905 "
733 870 1089 929 inveniuntur
1106 868 1273 940 aliqui
1291 866 1462 935 servi,
1475 868 1592 940 qui,
1607 864 2262 924 eonsuetudinelascivia-

660 976 770 1037 que
792 961 1146 1019 seductorum
1185 957 1519 1027 assuefacti,
1560 956 1822 1029 patientia
1851 954 2062 1013 domini
2083 954 2166 1011 sui
2192 955 2260 1011 ad

663 1063 1037 1125 contemptum
1060 1052 1234 1123 ipsius
1258 1051 1573 1118 abutantur,
1599 1050 1643 1081 "
1667 1046 1811 1104 unde
1827 1056 1883 1103 et
1904 1048 2097 1103 merito
2119 1046 2262 1102 Deus

660 1147 752 1205 vel
788 1147 1056 1220 ingratos,
1081 1144 1172 1201 vel
1192 1143 1527 1209 incredulos,
1548 1142 1597 1175 "
1618 1140 1703 1195 vel
1724 1140 1887 1195 etiam
1911 1148 2263 1195 contumaces

657 1240 826 1299 variis
837 1237 1277 1311 correptionibus
1290 1236 1463 1309 arguit
1483 1250 1499 1290 :
1513 1234 1655 1305 quod
1668 1248 1886 1304 semper
1897 1233 2086 1305 utique
2097 1231 2265 1288 faten-

659 1337 792 1395 dum
817 1344 923 1407 est,
944 1334 1112 1408 389
1132 1342 1257 1390 tunc
1279 1342 1459 1387 tamen
1476 1328 1767 1400 pra-cipue,
1786 1329 1833 1363 τ’
1851 1327 2069 1400 quando
2088 1324 2267 1383 adhuc

659 1442 766 1500 per
789 1428 1101 1483 universum
1128 1420 1393 1480 mundum
1420 1420 1565 1478 nulla
1594 1430 1714 1478 erat
1735 1418 1989 1487 ecclesia.
2032 1432 2153 1490 qua!
2184 1420 2267 1474 in-

660 1527 915 1575 terventu
964 1514 1205 1573 tidelium
1238 1529 1457 1586 precum
1492 1512 1716 1568 meritas
1746 1508 1931 1567 mundi
1960 1522 2152 1579 poenas
2172 1509 2263 1581 ju.

660 1620 913 1684 stumque
932 1609 1197 1682 judicium
1219 1606 1341 1676 Dei,
1366 1613 1593 1663 exorata
1614 1604 1782 1676 ipsius
1799 1602 2110 1671 clementia,
2132 1609 2269 1658 tem-

663 1713 910 1777 peraret,
954 1700 1097 1758 unde
1142 1701 1307 1757 etiam
1346 1699 1486 1764 haec,
1520 1713 1641 1769 qua:
1668 1698 1809 1753 mala
1836 1695 2151 1752 hominibus
2183 1693 2267 1749 vi-

662 1796 884 1863 dentur,
922 1793 1344 1866 qualiacumque
1383 1793 1430 1825 ⁸⁶
1459 1799 1610 1859 sunt,
1639 1790 1898 1861 graviora
1936 1789 2055 1845 sine
2100 1787 2266 1845 dubio
2294 1792 2341 1854 Β

662 1890 847 1947 omnia
892 1886 1133 1955 fuerunt,
1174 1886 1314 1942 sicut
1358 1886 1500 1956 ipso,
1532 1898 1642 1956 quo
1682 1891 1860 1954 empta
1886 1890 2033 1948 sunt,
2071 1877 2263 1937 ordine

665 1979 1065 2052 probabuntur.
1108 1977 1317 2033 Bellum
1358 1974 1804 2041 Mithridaticum,
1833 1972 1942 2039 vel,
1974 1980 2033 2028 ut
2078 1972 2264 2027 verius

663 2072 865 2140 dicam,
900 2071 1023 2127 belli
1062 2068 1410 2126 Mithridatici
1442 2067 1650 2133 clades,
1681 2067 1724 2101 ⁸⁸
1760 2065 1956 2122 multas
1990 2065 2152 2120 simul
2184 2066 2264 2119 iu-

666 2168 894 2223 volvens
920 2164 1251 2238 provincias.
1282 2165 1328 2197 ⁸¹
1359 2172 1531 2219 tracta
1560 2170 1617 2218 et
1642 2169 1886 2232 protenta
1912 2174 2010 2231 per
2028 2159 2263 2232 quadra-

665 2260 815 2332 ginta
852 2274 1025 2314 annos
1071 2257 1195 2313 fuit.
1232 2256 1365 2313 Nam
1393 2254 1441 2287 ³³
1470 2251 1877 2311 sexcentesimo
1922 2251 2266 2323 sexagesimo

667 2352 911 2410 secundo
941 2351 1023 2425 (ut
1063 2350 1196 2423 dixi)
1226 2364 1369 2404 anno
1396 2349 1467 2402 ab
1504 2348 1651 2405 Urbe
1677 2345 1892 2402 condita
1917 2387 1932 2410 ,
1964 2359 2073 2415 quo
2101 2346 2264 2400 etiam

669 2445 717 2479 ”
759 2445 993 2515 primum
1043 2443 1207 2498 civile
1255 2442 1457 2498 bellum
1505 2448 1768 2511 coeperat.
1804 2438 1853 2470 ⁸⁵
1890 2436 2259 2501 inardescens,

666 2539 957 2595 consulatu
1006 2534 1286 2593 Ciceronis
1335 2548 1466 2590 vero
1527 2540 1587 2590 et
1633 2531 1899 2596 Antonii,
1966 2539 2025 2585 ut
2084 2526 2267 2585 verbis

671 2631 720 2664 “
747 2641 922 2703 pocla:
943 2630 1134 2701 optimi
1160 2631 1374 2695 loquar,

825 2744 1088 2796 Barbarieo
1108 2744 1185 2795 vix
1211 2746 1541 2794 consummata
1567 2752 1765 2793 veneno
1789 2745 1883 2792 est.

671 2849 717 2887 *⁷
747 2847 856 2904 Sed
882 2849 938 2904 in
966 2848 1052 2903 his
1080 2847 1433 2919 temporibus,
1458 2847 1677 2918 triginta
1704 2845 1930 2916 gerendi
1953 2844 2081 2902 belli
2114 2847 2261 2900 inve-

670 2942 891 2997 niuntur
917 2944 1069 2999 anni.
1094 2942 1336 3010 Qualiter
1360 2954 1541 2997 autem
1582 2957 1650 2997 st.
1677 2954 1705 2994 a
1736 2940 2011 3013 plerisque
2054 2941 2101 2974 ⁸⁸
2127 2940 2259 2997 dieti

670 3036 780 3093 sint
803 3053 910 3093 non
933 3035 1095 3095 facile
1121 3035 1474 3094 disurnitur.

2076 283 2284 343 PAULI
2320 281 2549 344 OROSII

659 410 911 463 creatore
949 417 1054 462 suo
1100 402 1319 462 tandem
1350 401 1660 460 innotuisse
1698 409 1967 461 creaturae
1994 442 2011 470 ,
2040 401 2087 434 ⁷⁵
2115 401 2260 474 quod
2289 403 2341 465 Α

3856 274 3970 336 993

2894 399 3061 473 37o
3104 397 3333 457 CAPUT
3373 398 3441 454 ll.

2363 514 2699 590 Prosequitur
2747 516 2833 572 ln‘c
2880 513 3078 572 bellum
3122 513 3561 661 Illitzridalicam,
3607 511 3753 586 quod
3801 508 3967 583 Sylla

3035 603 3131 643 coit
3158 604 3233 643 ect
3262 628 3278 644 .

3035 603 3278 644 τοκκσιι.

2432 722 2599 794 igitur
2645 720 2983 779 Mithridates
3020 723 3037 754 ³
3084 737 3183 779 res
3211 721 3370 779 Ponti
3409 729 3574 792 atque
3623 718 3907 777 Armenia
3933 754 3955 785 ,

2360 816 2383 848 ⁸
2406 826 2687 888 postquam
2719 815 3095 878 Nicomedem.
3126 815 3394 889 Bithyniae
3439 828 3625 887 regem
3651 854 3669 879 ,
3716 812 3963 870 amicum

2363 911 2546 981 pepuli
2578 910 2832 978 Romani,
2864 926 3036 981 regno
3062 911 3279 979 privare
3298 909 3522 966 molitus
3562 918 3685 973 est.
3718 915 3895 980 atque
3933 920 3967 963 ι

2361 1014 2554 1061 senatu
2576 1005 2840 1071 monitus,
2866 1004 2912 1061 si
2941 1003 3119 1059 facere
3141 1010 3401 1071 tentaret,
3436 1002 3640 1058 bellum
3662 1000 3771 1059 sibi
3792 1014 3829 1056 a
3860 1012 3969 1069 po-

2365 1097 2496 1168 pulo
2518 1094 2763 1151 Romano
2783 1094 3127 1151 inferendum
3158 1093 3311 1161 fore,
3360 1092 3533 1150 iratus
3555 1088 3971 1163 Cappadociam

2370 1190 2633 1250 continuo
2660 1188 2682 1221 '
2709 1188 2949 1259 pervasit
2974 1206 2989 1243 :
3036 1197 3202 1260 atque
3229 1186 3459 1258 expulso
3497 1186 3569 1243 ab
3593 1199 3665 1243 eo
3698 1183 3975 1242 Ariobar-

2366 1297 2500 1337 zane
2522 1296 2649 1350 rege
2674 1288 2925 1336 cunctam
2963 1280 3296 1348 provinciam
3332 1278 3446 1351 igni
3482 1276 3739 1348 ferroque
3774 1283 3973 1334 vasta-

2365 1375 2467 1431 vit.
2500 1372 2803 1445 Bithyniam
2833 1370 3033 1428 deinde
3068 1372 3185 1443 pari
3227 1371 3386 1428 clade
3412 1369 3703 1440 corripuit.
3733 1367 3979 1440 Paphla-

2365 1468 2580 1540 goniam
2612 1464 2778 1521 simili
2800 1464 2951 1521 exitu
2981 1464 3181 1520 amisit
3202 1506 3219 1531 ,
3250 1462 3425 1534 pulsis
3456 1476 3525 1520 es
3556 1476 3622 1520 ea
3644 1461 3973 1535 Pylaemene

2366 1567 2426 1617 et
2456 1556 2747 1614 Nicomede
2777 1556 3016 1628 regibus.
3058 1555 3194 1613 Post
3218 1570 3345 1612 eum
3374 1554 3618 1611 venisset
3649 1551 3972 1624 Ephesum,

2368 1651 2394 1684 ⁸
2416 1649 2625 1707 crudeli
2655 1648 2917 1721 prtecepit
2938 1649 3139 1716 edicto,
3171 1655 3232 1704 ut
3256 1663 3353 1717 per
3378 1654 3546 1703 totam
3574 1644 3763 1703 Asiam
3794 1645 3818 1678 ⁸
3846 1646 3977 1716 qui—

2369 1756 2604 1811 cumque
2632 1740 2837 1796 inventi
2859 1749 3046 1797 essent
3076 1742 3227 1796 cives
3263 1738 3493 1794 Romani
3516 1778 3534 1803 ,
3572 1737 3676 1793 sub
3715 1752 3826 1794 una
3877 1736 3977 1794 die

2366 1850 2557 1893 omnes
2588 1846 2937 1890 necarentur.
2969 1834 3037 1890 Et
3058 1833 3261 1889 factum
3290 1842 3396 1889 est.
3428 1828 3539 1889 Nec
3574 1830 3843 1902 explicari
3873 1837 3977 1886 aut

2370 1927 2761 1998 comprehendi
2782 1927 2905 1982 'nllo
2931 1926 3092 1983 modo
3119 1926 3302 1982 verbis
3324 1934 3523 1999 potest,
3539 1940 3660 1996 quae
3678 1932 3811 1980 tunc
3826 1924 3974 1980 mulo

2372 2023 2546 2079 titudo
2566 2022 2935 2078 Romanorum
2961 2021 3162 2077 civium
3184 2021 3432 2087 ctesasit,
3459 2021 3583 2090 quis
3613 2033 3824 2076 mceror
3846 2017 3975 2089 plu-

2371 2116 2629 2173 rimarum
2652 2114 3056 2186 provinciarum
3074 2158 3089 2183 ,
3114 2114 3239 2185 quis
3265 2113 3503 2183 gemitus
3532 2110 3973 2168 occidendorum

2371 2210 2582 2283 pariter
2610 2218 2772 2279 atque
2799 2206 3166 2264 occidentium
3192 2205 3379 2274 fuerit,
3410 2221 3535 2262 cum
3551 2205 3975 2277 singuliquique

2367 2314 2461 2360 aut
2492 2303 2722 2374 prodere
2753 2304 3075 2358 innocentes
3102 2300 3346 2372 hospites
3366 2310 3422 2356 et
3443 2298 3653 2355 amicos
3672 2343 3688 2368 ,
3727 2309 3827 2353 aut
3866 2296 3975 2368 ipsi

2370 2396 2662 2467 periclitari
2716 2409 2878 2468 paena
2923 2394 3202 2466 hospitum
3255 2401 3601 2461 cogerentur.
3663 2389 3974 2445 Archelaus

2370 2489 2392 2521 '
2415 2503 2670 2559 quoque,
2724 2487 2833 2543 dus
2879 2484 3205 2542 Mithridatis
3235 2524 3253 2552 ,
3282 2484 3305 2516 τ
3332 2497 3457 2539 cum
3509 2490 3730 2538 centum
3774 2480 3973 2552 viginti

2368 2581 2610 2637 millibus
2695 2580 2937 2650 peditum
3023 2586 3191 2649 atque
3242 2577 3490 2649 equitum
3564 2576 3619 2632 in
3697 2576 3972 2632 Achaiam

2370 2673 2685 2745 prmmissus
2716 2714 2731 2740 ,
2770 2672 3016 2728 Athenas
3053 2678 3413 2740 cunctamque
3446 2668 3741 2739 Graeciam,
3765 2669 3971 2740 partim

2369 2768 2447 2833 vi,
2483 2766 2678 2836 partim
2703 2763 2985 2820 deditione
3004 2762 3261 2819 obtinuit.
3289 2760 3479 2832 l’Sylla
3500 2800 3520 2826 ,
3556 2760 3643 2815 cui
3676 2768 3805 2831 post.
3834 2774 3970 2816 con-

2367 2860 2605 2914 sulatum
2632 2856 3053 2914 Mithridaticum
3074 2855 3274 2912 bellum
3300 2853 3622 2917 obvenerat,
3635 2851 3972 2908 Archelaum

2365 2951 2529 3024 371
2569 2947 2711 3020 apud
2751 2948 3038 3012 Pirateum,
3079 2943 3496 3001 Atheniensium
3536 2950 3778 3012 portum,
3820 2946 3845 2977 ⁹
3882 2958 3974 2998 ερ-

2368 3042 2651 3113 ptcmplici
2679 3055 2838 3097 muro
2868 3040 2912 3071 ¹⁰
2943 3039 3359 3105 communitum,
3389 3037 3484 3093 diu
3514 3034 3759 3101 obsedit,
3792 3035 3970 3106 ipsam

1952 3148 2398 3212 IlAVEthAMPI
2437 3154 2670 3211 NOTAE.

744 3242 835 3298 75.
870 3241 1042 3308 Quod.
1072 3241 1210 3297 Itale
1234 3240 1360 3300 edd.
1388 3249 1445 3298 et
1471 3254 1604 3296 mss.
1633 3240 1874 3309 quidam,
1906 3257 2056 3313 quem
2077 3258 2277 3313 ,_quam
2303 3248 2352 3310 C
2381 3247 2514 3301 illud
2544 3246 2743 3303 bellum
2769 3244 3195 3302 Mithridaticum
3218 3287 3235 3311 ,
3273 3258 3372 3313 pro
3400 3243 3541 3300 virili
3559 3286 3576 3307 ,
3604 3257 3706 3313 per
3735 3245 3968 3301 annales

672 3314 770 3441 Esi:
787 3315 1061 3383 quoniam,
1109 3324 1164 3369 ut
1205 3324 1262 3370 et
1304 3328 1431 3367 mox
1460 3321 1715 3368 statutum
1750 3326 1851 3382 pro
1893 3312 2069 3366 statim
2097 3311 2265 3383 Lugd.

777 3425 790 3438 .
824 3394 1004 3441 attart.

750 3392 790 3438 t.
824 3394 1004 3439 attart.

745 3401 1229 3510 ibfl'llzzieniunmr.
1262 3456 1432 3524 Lugd.
1474 3455 1614 3510 Bait.
1658 3463 1769 3510 tres
1798 3468 1921 3509 cum
1955 3452 2094 3510 Coll.
2136 3453 2274 3511 Gro-

671 3542 802 3584 nov.
836 3540 887 3581 et
918 3526 1038 3582 cod.
1072 3527 1232 3588 Ultr..
1268 3529 1614 3581 inveniantur.

743 3599 831 3653 77.
865 3597 1017 3653 Unde
1034 3611 1082 3655 et
1105 3600 1311 3653 nierito.
1341 3598 1509 3667 Lugd.
1527 3597 1667 3653 Batt.
1694 3607 1805 3653 tres
1827 3610 1948 3652 cum
1968 3595 2109 3651 Coll.
2138 3596 2275 3652 Gro-

674 3684 825 3735 nov.,
861 3670 998 3723 unde
1024 3680 1223 3723 mento.
2134 3720 2144 3728 ,

750 3741 839 3797 78.
880 3740 977 3795 γει
1006 3744 1179 3795 etiam.
1212 3740 1382 3795 Abest
1413 3739 1559 3805 prior
1585 3754 1690 3793 vos
1720 3754 1748 3790 a
1779 3738 1898 3795 Meo
1925 3738 2144 3805 codice;
2174 3742 2275 3793 nti-

670 3828 804 3885 que,
850 3812 993 3883 quod
1033 3813 1280 3884 sequitur
1310 3810 1469 3882 paulo
1495 3821 1647 3880 post,
1691 3811 1745 3864 itt
1786 3810 1958 3881 Lugd.
1993 3812 2110 3864 llat.
2158 3825 2269 3866 sec.

678 3897 787 3939 non
811 3891 1013 3938 exstat.

748 3956 836 4009 79.
881 3955 1108 4020 Quando
1135 3954 1308 4007 adhuc
1337 3969 1450 4026 per,
1473 3959 1582 4026 etc.
1605 3952 2057 4026 Transponuntur
2089 3952 2273 4026 ltzccin

673 4024 924 4081 Perizon.
956 4028 1058 4086 ita.
1100 4028 1313 4095 quando
1339 4023 1452 4095 per
1492 4024 1790 4077 universum
1831 4023 2079 4077 mundum
2127 4024 2275 4077 nulla

676 4098 850 4151 adhuc
878 4108 985 4150 erat
1008 4097 1243 4151 ecclesia.

747 4168 840 4221 80.
871 4169 1024 4221 Sunt.
1071 4168 1209 4222 ΕΜ.
1245 4175 1376 4221 vett.
1402 4165 1670 4236 qtuedam,
1699 4165 1821 4236 sint.

750 4240 839 4292 81.
879 4237 1078 4291 Multas
1105 4239 1282 4293 simul.
1310 4234 1566 4291 Omnium
1609 4250 1736 4290 mss.
1786 4234 1903 4290 ha-c
1936 4244 2020 4291 est
2070 4237 2232 4291 lectio
2256 4278 2275 4304 ,

676 4324 838 4381 quam
865 4308 1105 4376 reposui.
1144 4307 1373 4381 \‘ulgg..
1391 4311 1584 4362 multas
1608 4323 1797 4375 secum,
1814 4311 2275 4379 prmierAugust.,

681 4380 800 4451 quae
826 4395 949 4451 eunt
973 4394 1104 4433 mss.
1129 4380 1423 4434 consentit.

751 4454 839 4505 8:.
870 4450 1060 4504 Tracta
1085 4458 1131 4504 et
1158 4460 1413 4518 protenta.
1446 4449 1505 4505 In
1534 4449 1664 4505 Meis
1700 4449 2031 4506 membranis
2056 4450 2274 4521 legitur,

681 4530 846 4577 tracta
878 4531 925 4576 et
954 4534 1240 4592 protracta.

752 4594 841 4647 85.
866 4591 1067 4659 neuti,
1099 4605 1154 4646 ut
1178 4594 1309 4656 diri,
1342 4609 1500 4647 anno.
1533 4591 1744 4646 Dictura
1777 4592 1878 4646 hoc
1905 4602 1991 4648 est
2018 4592 2157 4647 libro
2188 4608 2271 4645 su-

682 4636 1309 4734 veiiiiré"€a“.;i’i5,i;n'
1339 4636 2268 4735 331:..."ixis.{transnatat7;.
2302 4636 2352 4696 υ

682 4735 1124 4791 annotationibus
1151 4734 1489 4805 scripsimus.
1529 4734 1691 4805 Fasti.

755 4807 842 4859 δι.
871 4805 1107 4859 Primum
1132 4804 1278 4861 cia-ile
1309 4806 1520 4860 bellum.
1545 4804 1716 4875 Lugd.
1758 4806 1874 4860 Bal.
1918 4822 2029 4861 sec.
2064 4808 2231 4875 primo
2258 4850 2271 4873 ,

685 4879 783 4934 sed
814 4878 998 5001 (Ιιῧρηιι
1033 4876 1327 4932 Floretttini
1371 4890 1481 4933 tres
1504 4918 1519 4945 ,
1556 4887 1610 4931 et
1642 4883 1693 4933 in
1724 4876 2111 4934 tertio‘bellum
2140 4894 2274 4948 quo-

691 4964 797 5001 oue
830 4965 853 4999 a
899 4965 960 5001 es
992 4989 1004 5000 .

691 4964 797 5018 que
830 4958 1004 5002 abest.

756 5020 851 5072 83S.
902 5018 1267 5073 Inardesrens.
1307 5020 1444 5073 Edd.
1478 5020 1720 5089 quaedam
1753 5029 1887 5075 vett.
1929 5036 2050 5074 eum
2082 5020 2273 5088 priori-

686 5092 787 5145 bus
813 5092 911 5144 ltoe
942 5092 1162 5145 verbum
1188 5102 1542 5155 connectunt,
1569 5092 1694 5144 dum
1715 5092 1900 5158 legunt
1927 5092 2269 5145 inardescere.

685 5170 757 5217 At
786 5164 835 5215 in
863 5162 1032 5217 tribus
1063 5160 1233 5231 Lugd.
1260 5162 1403 5217 Bitt.
1451 5175 1507 5214 et
1558 5161 1697 5217 Coll.
1750 5164 1997 5219 Gronov.
2050 5163 2270 5232 legitur,

685 5234 1013 5287 inardescens
1044 5245 1176 5298 crat,
1215 5234 1493 5286 consulatu
1538 5250 1652 5287 vero
1707 5235 1725 5297 ζ
1759 5237 1808 5287 in
1867 5234 2107 5304 pluribus
2153 5233 2276 5287 aliis

690 5320 819 5361 mss.
845 5315 901 5360 et
922 5306 1047 5359 edd.
1076 5321 1194 5357 vero
1219 5307 1303 5357 hic
1334 5318 1440 5358 non
1470 5305 1746 5371 adjicitur)
1778 5304 2041 5360 Ciceronis
2076 5314 2123 5357 et
2172 5307 2274 5359 An-

686 5376 837 5437 tonii.
869 5385 999 5438 etc..
1031 5385 1384 5429 consummata
1405 5392 1621 5439 veneno,
1652 5376 1833 5429 deleto
1858 5388 1952 5430 est.

757 5446 847 5501 8U.
885 5445 1053 5501 Poetae
1079 5446 1281 5512 optimi.
1312 5447 1584 5501 Lucanum
1613 5448 1807 5505 innuit.
1834 5448 1969 5512 apud
1999 5462 2156 5517 quem
2179 5448 2263 5501 illa

686 5528 899 5572 exuant
935 5518 1026 5571 lib.
1068 5533 1115 5581 ι.
1149 5520 1271 5572 557.
1318 5517 1455 5571 Nota
1492 5518 1600 5587 jam
1642 5519 1974 5586 temporibus
2013 5520 2187 5573 Orosii
2222 5531 2275 5572 ct

689 5589 983 5657 Augustini
1010 5590 1061 5642 in
1093 5604 1290 5659 magno
1320 5591 1487 5645 fuisse
1515 5590 1686 5659 pretio
1718 5590 2011 5655 Lucanum,
2032 5592 2081 5644 in
2110 5593 2275 5645 nimio

689 5674 901 5731 quoque
935 5673 1143 5728 postea.

764 5732 851 5784 87.
888 5734 996 5805 Sed
1020 5734 1081 5805 in
1108 5733 1206 5786 his.
1242 5732 1465 5787 Mediam
1492 5748 1679 5787 vocem
1706 5736 1844 5787 male
1879 5736 2103 5803 ejiciunt
2130 5750 2273 5805 qum-

694 5802 815 5858 dam
849 5803 973 5859 edd.
1006 5803 1149 5869 Quot
1172 5814 1347 5863 autem
1395 5808 1552 5861 anuis
1586 5805 1862 5863 dnratcrit
1891 5802 2273 5877 gravissimum

2370 3318 2777 3374 'de'duxitnusin
2809 3317 2945 3372 Ilist.
2984 3316 3309 3385 Universali,
3344 3316 3501 3386 cujus
3545 3315 3740 3370 tertius
3787 3328 3973 3372 tomus

2375 3405 2404 3441 a
2435 3390 2650 3457 regibus
2682 3388 2841 3443 Ponti
2867 3391 3073 3443 initium
3109 3389 3234 3444 facit
3262 3430 3279 3455 ,
3318 3388 3407 3443 ubi
3442 3387 3594 3459 plura
3624 3386 3695 3441 de
3734 3388 3839 3443 hoc
3867 3389 3969 3444 Mi-

2375 3459 2612 3514 thridate
2636 3460 3005 3525 inveniuntur.

2445 3534 2535 3587 88.
2569 3531 2702 3585 Dirti
2732 3530 2856 3584 sint.
2895 3532 3138 3586 Pcrizon.
3173 3529 3450 3601 Meusque.
3478 3527 3609 3583 dicti
3632 3529 3969 3601 sunt.Lngd.

2374 3601 2518 3657 Batt.
2546 3612 2779 3669 quatuor
2799 3613 2920 3655 cum
2956 3603 3094 3657 Ultr.
3126 3611 3180 3657 et
3210 3598 3355 3655 Coll.‘
3402 3598 3642 3657 Gronov.
3671 3640 3686 3665 ,
3735 3598 3971 3656 distincti

2374 3676 2499 3728 sint.

2445 3744 2576 3800 Car.
2607 3745 2667 3801 ll.
2701 3777 2768 3789 -
2799 3749 2852 3803 t.
2888 3742 3002 3798 Rea:
3040 3743 3196 3799 Ponti
3229 3751 3385 3811 atque
3423 3742 3704 3798 Armenia.
3748 3742 3825 3797 De
3866 3741 3971 3798 Ar-

2376 3817 2559 3871 menia
2598 3818 2811 3875 minore
2863 3816 2913 3869 id
2955 3814 3381 3886 intelligendum.
3428 3812 3704 3870 Armeniae
3752 3812 3971 3886 Maioris

2375 3891 2519 3941 enim
2553 3904 2646 3942 rex
2678 3902 2797 3945 erat
2820 3890 3106 3955 Tigranes.
3136 3885 3317 3952 quem,
3351 3899 3612 3954 generum
3635 3898 3819 3951 suum,
3842 3885 3971 3938 tilia:

2373 3957 2679 4027 Cleopatra:
2735 3959 2938 4024 nttptis
2991 3958 3135 4012 bello
3178 3956 3423 4027 Romano
3466 3956 3733 4021 implicuit
3780 3970 3968 4025 regunt

2375 4026 2761 4086 callidissimus
2792 4032 2879 4085 hic
2901 4040 2952 4083 et
2985 4030 3314 4083 fortissimus
3343 4026 3707 4082 Mithridates.

2447 4101 2502 4155 2.
2526 4099 2806 4167 Postquam
2838 4098 3190 4155 Nicomedem.
3215 4097 3416 4152 Eadem
3458 4097 3609 4153 Eutr.
3636 4096 3730 4152 lib.
3754 4111 3807 4149 v.
3829 4095 3972 4165 Lege

2378 4172 2608 4296 .EA‘ppiani
2666 4172 3142 4239 Mithridaticum,
3202 4180 3257 4225 et
3306 4169 3508 4224 Justini
3565 4167 3662 4222 lib.
3738 4183 3966 4223 xxxvttt.

2425 4259 2549 4296 an.

2425 4259 2549 4299 ABR.

2451 4316 2503 4369 5.
2534 4313 2791 4371 Pentasit.
2811 4313 2982 4384 Lugd.
3013 4312 3132 4384 Bal.
3159 4321 3363 4384 quart.,
3388 4310 3594 4384 invasit.

2450 4386 2514 4458 ι.
2537 4385 2750 4442 Crudeli
2775 4381 3015 4458 ρνωξφίι
3045 4381 3229 4437 edicto.
3275 4383 3368 4458 De
3398 4381 3502 4437 hoc
3533 4381 3725 4458 edicto
3767 4390 3969 4458 prator

2382 4457 2684 4524 Appianum
2714 4500 2730 4518 .
2764 4451 2880 4513 Liv.
2914 4451 3008 4510 lib.
3042 4468 3269 4517 LIXVItl,
3315 4451 3505 4507 Florus
3532 4454 3624 4507 lib.
3656 4467 3713 4507 ιιι
3744 4451 3867 4521 cap.
3900 4453 3965 4517 ii,

2380 4525 2672 4595 Eutropius
2713 4530 2807 4583 lib.
2840 4545 2894 4581 v.
2923 4528 3058 4581 Hine
3081 4528 3276 4580 Cicero
3310 4541 3407 4594 pro
3439 4525 3560 4595 lege
3608 4524 3823 4595 Manilia
3848 4524 3919 4578 ait
3949 4540 3961 4575 :

2384 4594 2736 4653 Mithridatem
2761 4616 2866 4653 una
2886 4599 2970 4652 die
2996 4609 3101 4649 tota
3124 4598 3247 4649 Asia
3272 4641 3287 4663 ,
3318 4604 3395 4649 tot
3425 4596 3479 4647 in
3506 4594 3798 4649 civitatibus
3820 4636 3834 4659 ,
3860 4611 3970 4648 uno

2377 4674 2560 4724 nuntio
2589 4681 2743 4741 alipta
2774 4688 2880 4723 una
2926 4670 3216 4741 litterarum
3266 4666 3643 4741 signiﬁcatione
3676 4667 3825 4741 _cires
3875 4666 3969 4719 Ilo-

2375 4757 2553 4794 rnanos
2584 4736 2864 4808 necandos,
2897 4738 3337 4808 trnridandosque
3353 4737 3642 4790 denotassc.
3676 4736 3842 4808 Pana.

2378 4884 2407 4954 Γ
2533 4805 2877 4882 Quicumque.
2908 4810 3147 4866 Florum.
3173 4805 3257 4881 pr.
3276 4851 3290 4875 ,
3328 4818 3383 4861 ut
3430 4808 3741 4880 quicumque
3778 4805 3969 4862 inventi

2405 4894 2619 4937 uissenl.

2405 4894 2619 4937 uissenl.

2448 4955 2500 5008 6.
2539 4955 2776 5026 Quoque.
2814 4953 2977 5008 Abest
3014 4955 3079 5006 ab
3110 4952 3464 5026 edaA‘ugust.

2450 5027 2502 5079 7.
2534 5019 2896 5080 Cum'centutn
2927 5025 3111 5097 viginti
3134 5019 3387 5077 millibus.
3411 5023 3467 5076 In
3492 5019 3827 5093 Meo,ttiginti
3857 5035 3963 5076 non

2385 5110 2675 5151 ιηγριιιιιιτ.

2453 5170 2507 5221 8.
2544 5167 2698 5235 Sylla
2723 5208 2738 5229 ,
2795 5168 2881 5220 cui
2926 5177 3038 5235 post
3088 5167 3433 5220 consulatum.
3468 5163 3621 5235 Sylla
3666 5162 3735 5219 ad
3767 5163 3963 5218 bellum

2383 5236 2803 5293 Mithridaticum
2842 5237 3120 5306 profectus
3158 5238 3257 5290 fuit
3296 5248 3413 5305 post
3446 5236 3809 5306 consulatum.
3845 5248 3997 5287 cuin.

2382 5311 2490 5378 jam
2536 5310 2706 5363 Cinna
2746 5305 2934 5363 consul
2989 5310 3036 5363 ei
3091 5308 3490 5363 accusationem
3540 5322 3634 5373 per
3667 5305 3965 5373 Virgininm

2385 5381 2658 5505 tribunum
2712 5382 2854 5451 pleb.
2898 5386 3271 5450 compararet,
3325 5379 3647 5432 Plutarchus
3698 5379 3748 5429 in
3796 5377 3965 5431 Sulla.
4020 5402 4027 5407 -

2432 5468 2547 5505 .tnn.

2432 5468 2526 5505 Αῐειι
2539 5495 2547 5504 .

2453 5526 2508 5575 li.
2547 5521 2879 5592 Sirptetitpliz-i
2903 5538 3047 5574 muro
3072 5523 3454 5573 communitum.
3486 5519 3571 5573 Sic
3596 5518 3812 5592 Hortis,
3842 5516 3965 5571 illos:

2380 5598 2591 5649 subiulo
2620 5588 2806 5647 Piraei
2860 5603 3031 5661 portu.
3088 5607 3179 5643 sm:
3212 5608 3409 5672 quoque
3457 5602 3503 5644 et
3550 5588 3773 5659 .tntplins
3807 5590 3967 5672 nutris

2384 5670 2595 5719 muniit).
2635 5660 2892 5718 atumem
2934 5680 3057 5717 eum
3105 5660 3345 5729 plutibus
3386 5664 3552 5715 muris
3584 5670 3771 5713 contra
3807 5660 3965 5731 Sylla:

2386 5740 2641 5799 im;an
2674 5737 2986 5793 At‘cltt'lzttts,
3020 5746 3077 5786 ttt
3104 5735 3297 5788 scribit
3328 5740 3358 5788 Α
3375 5736 3617 5803 munitus.
3654 5731 3818 5787 Facti.

2460 5810 2543 5863 ἆυ.
2578 5808 2977 5863 (ρλλὲῖέιῖηῖίηξίὶέΐὶι.
3015 5806 3260 5863 Periztttt.
3288 5851 3300 5875 δ
3334 5817 3605 5860 nmnttnnt.
