3972 6202
382 422 789 433 .________
1527 426 1905 437 ..ν-..Μ
2138 428 2159 433 ν

1413 706 2242 833 PR/EFATIO
2277 724 2357 805 (τι)
2462 898 2471 907 .

301 1143 353 1199 1.
379 1142 648 1198 Fortasse
682 1144 907 1197 nullum
932 1150 1019 1197 est
1054 1142 1333 1198 hominum
1366 1156 1562 1211 genus,
1596 1141 1691 1210 qui
1723 1156 1840 1195 ma-
1870 1148 1915 1201 Α
1943 1158 2065 1197 cum
2089 1159 2175 1197 res
2197 1144 2436 1199 omnium
2462 1144 2783 1213 gravissima
2805 1154 3014 1216 agatur.
3041 1146 3155 1203 Hoc
3185 1157 3365 1206 autem
3398 1170 3510 1209 mu-

243 1254 319 1311 gis
347 1237 637 1290 nocuerint
688 1236 859 1290 bonis
891 1236 1118 1299 studiis,
1160 1250 1321 1304 quam
1354 1248 1567 1298 eorum,
1590 1233 1685 1303 qui
1707 1247 1836 1288 vera

245 1336 553 1383 sanctorum
602 1326 845 1381 Patrum
891 1328 1101 1396 scripta
1156 1342 1279 1380 cum
1328 1324 1483 1380 falsis
1542 1326 1833 1380 miscuere.

247 1421 381 1485 Quot
408 1420 552 1473 enim
577 1419 730 1472 mala
756 1420 888 1472 hinc
918 1427 972 1473 et
998 1420 1129 1472 olim
1164 1428 1289 1471 nata
1309 1418 1441 1481 sint,
1466 1424 1519 1473 et
1554 1417 1714 1471 hodie
1738 1432 1837 1471 na-

248 1520 485 1575 scantur,
513 1526 705 1574 nemo,
738 1512 836 1580 qui
871 1527 982 1564 non
1011 1512 1237 1563 omnino
1272 1525 1453 1564 rerum
1501 1509 1837 1565 ecclesiasti-

248 1619 431 1658 carum
480 1603 641 1657 rudis
694 1603 789 1663 sit,
848 1604 1082 1673 ignorat.
1138 1601 1394 1672 Dogmata
1444 1601 1831 1664 obscurantur,

250 1691 521 1746 fundantur
549 1693 812 1755 moralia,
850 1692 1078 1746 historia
1126 1692 1363 1755 vacillat,
1427 1690 1649 1744 traditio
1710 1705 1836 1759 per-

248 1783 520 1844 turbatur,
555 1792 634 1846 et,
682 1790 746 1835 ut
778 1783 951 1837 verbo
986 1782 1187 1843 dicam,
1229 1782 1274 1836 si
1309 1780 1473 1836 semel
1515 1779 1657 1851 apud
1704 1796 1835 1835 san-

248 1881 362 1929 ctos
392 1874 592 1928 Patres
626 1874 870 1944 genuina
903 1889 1027 1927 cum
1055 1873 1379 1928 adulterinis
1407 1873 1830 1939 confundantur,

248 1968 426 2023 cmnia
458 1969 606 2021 inter
634 1983 695 2022 se
715 1965 975 2019 confundi
1010 1981 1232 2019 necesse
1263 1974 1366 2019 est.

310 2057 365 2110 9..
390 2057 549 2126 Ejus,
578 2057 725 2126 quod
760 2057 1039 2119 d-ixi,mali
1086 2056 1449 2126 frequentiora
1487 2062 1616 2109 sunt
1652 2070 1833 2109 exem-

246 2151 347 2220 pla.
398 2166 574 2219 quam
615 2158 676 2203 ut
720 2151 901 2219 aliqua
929 2149 1133 2205 referre
1155 2166 1290 2220 opus
1321 2150 1410 2204 sit.
1435 2148 1491 2202 ln
1514 2147 1830 2202 memoriam

248 2249 427 2293 tamen
464 2239 749 2292 revocabo
780 2238 1175 2306 impudentiam
1231 2237 1743 2307 Apollinaristarum
1777 2241 1832 2289 et

248 2328 740 2399 Eutychianorum,
762 2328 856 2397 qui
880 2343 1003 2381 cum
1032 2343 1130 2383 sua
1158 2342 1254 2396 pro
1279 2327 1510 2381 sinceris
1539 2341 1603 2379 ac
1617 2338 1829 2396 germa-

253 2423 332 2476 nis
363 2430 695 2476 sanctorum
727 2420 949 2474 Patrum
994 2420 1219 2489 scriptis
1251 2418 1701 2488 promulgassent,
1754 2416 1830 2469 ita

260 2526 419 2572 totam
464 2519 817 2574 infestarunt
862 2515 1183 2579 Eeclesiam,
1225 2524 1285 2568 ut
1319 2514 1587 2584 ejusmodi
1630 2515 1831 2569 vulnus
1861 2509 1905 2565 Β

266 2612 553 2667 coalescere
576 2625 645 2664 ac
679 2609 864 2664 sanari
904 2607 1136 2662 necdum
1180 2608 1435 2677 potuerit.
1471 2605 1606 2659 Nam
1646 2606 1832 2663 hodie-

262 2716 361 2769 qne
386 2707 529 2753 tanta
563 2708 654 2755 est
696 2698 969 2754 dissensio
1011 2698 1154 2752 inter
1182 2698 1429 2751 eruditos
1471 2698 1537 2752 de
1579 2712 1835 2768 quorum-

253 2791 367 2845 dam
388 2792 733 2861 scriptorum
760 2799 1005 2855 auctore,
1043 2796 1105 2843 ut
1135 2791 1181 2843 si
1208 2790 1330 2859 quis
1357 2798 1450 2843 aut
1476 2791 1654 2860 magni
1688 2790 1833 2844 illius

244 2885 529 2940 Athanasii
559 2884 811 2954 episcopi
840 2882 1212 2946 Alexandrini,
1232 2882 1465 2937 autJulii
1493 2883 1687 2937 summi
1708 2898 1836 2953 pon-

249 2973 423 3037 tificis,
450 2983 551 3029 aut
586 2972 843 3043 Gregorii
890 2971 1281 3043 Thaumaturgi
1321 2974 1695 3028 testimonium
1734 2975 1835 3027 ali-

248 3065 383 3135 quod
419 3065 700 3135 proferat,
733 3065 917 3121 statim
947 3065 1160 3129 audias,
1201 3065 1293 3134 qui
1314 3064 1499 3118 dicant
1522 3080 1632 3119 non
1665 3065 1833 3120 Atha-

247 3160 481 3223 nasium,
510 3174 628 3213 non
650 3157 884 3223 Iulium,
927 3174 1037 3212 non
1075 3157 1395 3228 Gregorium
1438 3159 1568 3211 talia
1604 3158 1831 3223 dixisse,

248 3250 337 3304 sed
361 3248 795 3317 Apollinarium,
815 3248 971 3317 cujus
989 3248 1115 3301 olim
1130 3249 1388 3317 opuscula
1418 3250 1663 3319 quasdam
1693 3267 1836 3304 sum-

248 3338 345 3391 mis
369 3340 478 3394 illis
492 3338 634 3393 viris
648 3338 878 3393 subdole
892 3340 1089 3393 tributa
1104 3347 1249 3399 sunt,
1269 3355 1375 3409 quo
1392 3338 1605 3395 facilius
1629 3342 1728 3395 sim
1736 3343 1836 3411 pli-

249 3433 421 3487 ciores
454 3434 511 3487 in
547 3448 798 3487 errorem
836 3434 1241 3487 inducerentur.
1288 3434 1416 3497 Sed,
1469 3445 1527 3489 ut
1571 3452 1717 3491 nunc
1769 3438 1835 3493 de

247 3523 659 3593 Apollinaristis
688 3531 741 3577 et
762 3522 1118 3593 Eutychianis
1142 3534 1372 3591 taceam,
1390 3526 1640 3581 universe
1656 3528 1833 3580 dicam

249 3618 534 3671 innumera
568 3616 920 3670 incommoda
952 3618 1143 3671 eodem
1182 3618 1274 3671 illo
1306 3633 1372 3672 ex
1402 3618 1553 3673 fonte
1588 3618 1831 3673 ﬂuxisse.

251 3704 446 3762 Videas
473 3709 559 3761 vel
591 3707 999 3762 eruditissimos
1023 3710 1186 3771 viros,
1216 3710 1361 3777 quod
1390 3711 1444 3763 in
1472 3710 1741 3779 ejusmodi
1773 3710 1836 3763 li-

249 3797 374 3853 bros
398 3799 727 3853 subdititios
761 3798 1074 3865 inciderint,
1102 3803 1297 3871 quovis
1316 3802 1500 3870 potius
1526 3804 1829 3872 pervenire,

252 3905 409 3959 quam
440 3906 556 3961 quo
590 3891 806 3955 volunt,
836 3891 1186 3961 eosdemque,
1218 3893 1423 3947 interea
1443 3894 1571 3947 dum
1605 3909 1833 3964 scopum

256 3980 500 4050 attigisse
532 3996 592 4036 se
614 3982 975 4046 arbitrantur,
1015 3983 1083 4036 ab
1106 3998 1171 4037 eo
1212 3984 1411 4052 sacpius
1439 4001 1600 4053 quam
1624 3986 1833 4056 longis-

254 4073 386 4127 sime
444 4074 666 4128 abesse.
717 4073 921 4130 Credas
978 4075 1273 4144 aliquando
1318 4077 1730 4146 antiquissimos
1780 4086 1833 4133 et

252 4166 611 4235 gravissimos
643 4168 938 4235 scriptores
966 4183 1146 4222 rerum
1182 4168 1633 4238 gravissimarum
1664 4177 1832 4224 testes

253 4257 581 4321 adhiberi,et
593 4264 777 4313 tamen
797 4259 843 4315 si
858 4276 943 4314 res
960 4260 1219 4315 attentius
1241 4260 1635 4327 consideretur,
1659 4264 1832 4317 homi-

252 4349 338 4404 nis
365 4359 419 4403 et
445 4351 814 4404 recentissimi
840 4361 895 4404 et
917 4351 1266 4419 abjectissimi
1294 4351 1666 4406 testimonium
1710 4368 1833 4423 pro-

254 4440 449 4496 fertur.
482 4441 599 4497 Ets’i
631 4451 813 4497 autem
845 4444 934 4496 illa
960 4445 1120 4514 quasi
1158 4446 1275 4499 lues
1305 4446 1508 4499 nemini
1549 4447 1828 4515 pepercit,

256 4535 437 4585 tamen
466 4534 657 4587 nescio
702 4534 974 4602 quomodo
1005 4533 1252 4603 contigit,
1298 4540 1355 4587 ut
1402 4533 1631 4590 Basilius
1674 4536 1831 4605 pejus

255 4619 393 4673 eain
417 4637 476 4675 re
506 4637 671 4690 quam
710 4622 805 4675 alii
845 4622 1020 4675 sancti
1071 4621 1263 4678 Patres
1312 4633 1567 4693 acceptus
1613 4625 1705 4679 sit.
1751 4623 1829 4679 Ita

253 4708 397 4762 enim
430 4725 564 4764 vera
595 4711 715 4779 ejus
743 4712 944 4781 scripta
981 4715 1377 4780 permiscentur
1404 4713 1577 4777 falsis,
1609 4721 1686 4780 ut,
1722 4716 1829 4769 nisi

256 4803 359 4856 alia
381 4804 452 4857 ab
480 4804 607 4858 aliis
628 4804 916 4873 diligenter
946 4806 1371 4874 distinguantur,
1413 4807 1633 4861 errandi
1663 4822 1825 4862 occa—

254 4896 335 4950 sio
361 4897 571 4965 passim
597 4898 898 4966 legentibus
915 4897 1191 4954 offeratur.

320 4989 375 5041 3.
415 4986 545 5043 Scio
568 4988 789 5057 quidem
817 4990 960 5045 viros
986 4990 1339 5046 doctissimos
1380 4990 1593 5047 duobus
1629 4992 1827 5046 abhinc

255 5079 467 5134 seculis
509 5080 564 5133 in
594 5095 663 5135 eo
695 5083 965 5151 egregiam
1002 5097 1223 5152 cperam
1265 5083 1537 5153 posuisse,
1581 5092 1640 5137 ut
1683 5084 1826 5153 apud

1944 1249 2048 1289 nus
2078 1250 2185 1289 non
2217 1234 2271 1289 in
2301 1249 2679 1305 quemcunque
2720 1240 2994 1306 convenit,
3024 1241 3120 1295 sed
3146 1242 3200 1296 in
3240 1258 3363 1299 eum
3389 1252 3512 1300 tan—

1946 1324 2241 1391 tummodo,
2270 1326 2364 1395 qui
2394 1326 2544 1381 nullo
2556 1329 2756 1396 praevio
2772 1329 2982 1399 judicio
3010 1331 3078 1387 de
3097 1333 3262 1389 rebus
3280 1335 3507 1405 judicet.

1943 1413 2144 1469 Verum
2180 1431 2477 1486 paucorum
2512 1427 2597 1473 est
2630 1419 2743 1474 haec
2780 1420 2974 1477 virtus.
3004 1421 3109 1478 Alii
3131 1426 3277 1480 enim
3314 1428 3371 1481 in
3399 1429 3510 1483 cri-

1942 1506 2064 1560 ticis
2102 1505 2564 1576 disputationibus
2594 1511 2895 1567 severiores
2937 1521 3087 1579 sunt,
3131 1516 3331 1586 quibus
3374 1521 3510 1574 nihil

1941 1597 2203 1667 probetur
2247 1614 2435 1654 eorum
2481 1616 2603 1670 quae
2651 1603 2833 1657 caeteri
2886 1603 3153 1673 probant;
3195 1608 3286 1662 alii
3330 1610 3510 1664 indul-

1941 1690 2231 1761 gentiores,
2258 1691 2456 1761 quibus
2484 1692 2961 1749 indiscriminatim
2985 1697 3233 1767 placeant
3254 1715 3511 1770 quaecun-

1940 1798 2046 1853 que
2077 1798 2106 1837 a
2137 1785 2298 1854 vulgo
2319 1796 2534 1855 recepta
2556 1793 2707 1842 sunt.
2742 1786 3015 1859 Utrosque
3035 1804 3280 1860 peccare,
3324 1809 3506 1855 nemo,

1940 1873 2156 1943 opinor,
2213 1873 2531 1929 dillitebitur
2564 1895 2576 1929 :
2609 1877 2705 1931 sed
2752 1877 2860 1931 utri
2904 1881 3080 1948 magis
3127 1891 3373 1951 peccent,
3416 1884 3508 1936 alii

1939 1966 2214 2021 videbunt.
2251 1964 2460 2022 Interea
2488 1983 2609 2037 ego,
2643 1970 2737 2040 qui
2762 1986 2849 2035 eo,
2882 1973 3025 2042 quod
3053 1974 3335 2043 amplexus
3365 1992 3509 2041 sum,

1940 2056 2107 2113 studii
2133 2072 2327 2126 genere
2358 2059 2625 2128 ejusmodi
2671 2063 2999 2133 quaestiones
3044 2066 3266 2119 criticas
3305 2068 3514 2137 agitare

1939 2164 2123 2218 cogor,
2154 2149 2323 2206 libere
2347 2150 2565 2220 quidem
2600 2169 2772 2208 meam
2814 2157 3139 2211 sententiam
3188 2173 3506 2228 proponam,

1940 2243 2035 2298 sed
2067 2244 2141 2297 ita
2172 2251 2375 2310 tamen,
2401 2253 2459 2299 ut
2480 2246 2697 2315 proprie
2736 2263 2843 2301 non
2875 2248 3140 2316 judicent.
3194 2248 3289 2305 sed
3332 2250 3511 2305 crudi-

1938 2343 2115 2389 torum
2142 2335 2409 2405 judicium
2433 2345 2741 2407 exspectem
2773 2338 2840 2391 ad
2876 2338 3252 2407 judicandum.
3288 2340 3365 2395 Ita
3407 2343 3510 2414 igi-

1938 2435 2028 2479 tur
2054 2428 2326 2482 animatus
2361 2443 2475 2481 rem
2502 2428 2803 2498 aggredior.

2150 2516 2178 2587 §
2208 2516 2244 2569 Ι.
2281 2517 2355 2571 De
2388 2519 2623 2571 oratione
2652 2518 2882 2572 secunda
2914 2520 2969 2572 in
2990 2518 3273 2588 jejunium.

2007 2606 2063 2660 4.
2084 2604 2242 2659 Nulla
2268 2615 2350 2661 est
2387 2606 2657 2662 dissensio
2680 2608 2824 2663 inter
2871 2610 3113 2664 eruditos
3153 2610 3220 2664 de
3259 2612 3507 2666 oratione

1935 2698 2109 2767 prima
2143 2698 2195 2751 in
2212 2698 2495 2768 jejunium.
2521 2698 2732 2754 Etenim
2780 2708 2887 2755 tam
2914 2701 3131 2771 elegans
3152 2709 3257 2767 est,
3284 2711 3507 2775 tamque

1937 2788 2138 2845 Basilio
2174 2790 2359 2861 digna,
2419 2799 2480 2845 ut
2530 2792 2579 2845 ei
2628 2791 2873 2845 omnium
2919 2792 3146 2848 calculis
3177 2794 3450 2849 tribuatur
3488 2816 3503 2850 :

1936 2880 2031 2936 sed
2055 2880 2121 2935 de
2166 2882 2413 2936 oratione
2458 2883 2697 2937 secunda
2746 2898 2857 2936 non
2910 2900 3079 2938 unum
3127 2886 3367 2940 omnium
3415 2886 3509 2956 ju-

1936 2973 2135 3027 dicium
2162 2982 2263 3028 est.
2290 2972 2403 3027 Viri
2432 2972 2735 3028 doctissimi
2763 2973 3143 3030 'l‘illemontius
3168 2985 3223 3031 et
3264 2975 3508 3049 Dupinus

1937 3079 2055 3118 eam
2088 3064 2287 3118 habent
2305 3078 2404 3135 pro
2430 3081 2558 3119 vero
2581 3064 2767 3119 Basilii
2798 3063 2908 3121 fetu
2946 3083 2960 3119 :
2990 3066 3232 3134 aquibus
3251 3068 3505 3124 dissentit

1938 3154 2216 3217 Erasmus,
2248 3155 2405 3225 cujus
2424 3155 2588 3209 verba
2620 3157 2734 3209 haec
2764 3156 2961 3209 suntin
2992 3157 3220 3225 epistola
3252 3158 3316 3212 ad
3341 3157 3501 3213 Joan-

1938 3264 2060 3303 nem
2098 3249 2391 3302 Cholerum
2417 3267 2429 3278 ·
2462 3246 2735 3301 Posterior
2783 3247 3003 3300 homilia
3056 3248 3183 3301 mihi
3230 3267 3334 3304 non
3374 3252 3509 3307 vide-

1939 3351 2024 3392 tur
2055 3339 2276 3402 Basilii,
2323 3339 2413 3394 sed
2472 3338 2701 3393 studiosi
2742 3340 3035 3408 cujuspiam
3065 3357 3174 3395 sese
3207 3341 3276 3394 ad
3316 3344 3506 3412 prioris

1937 3434 2321 3485 a’mulationem
2351 3433 2656 3486 exercentis.
2704 3430 2961 3501 Equidem
3009 3449 3110 3485 non
3150 3433 3416 3503 pugnabo,
3460 3436 3510 3490 si

1934 3523 2048 3589 quis
2085 3522 2346 3575 diversum
2397 3524 2628 3585 sentiat;
2670 3522 2899 3575 arbitror
2941 3531 3115 3577 tamen
3165 3524 3419 3591 eruditos,
3462 3530 3509 3582 si

1934 3613 2147 3681 propius
2187 3613 2509 3666 admoverim
2550 3613 2749 3676 oculos,
2785 3629 2911 3667 mea:
2947 3614 3217 3667 sententia:
3273 3615 3508 3669 subscri-

1935 3716 2133 3772 pturos.
2172 3704 2342 3757 Probo
2373 3721 2531 3774 genus
2578 3706 2993 3769 exercitationis,
3046 3717 3100 3759 at
3136 3723 3317 3760 eorum
3358 3709 3506 3776 fucos

1937 3815 2037 3850 non
2057 3801 2237 3866 probo,
2262 3798 2351 3867 qui
2374 3797 2533 3850 notha
2560 3814 2622 3850 ac
2653 3796 3019 3867 degenerantia
3062 3815 3385 3853 summorum
3430 3803 3505 3855 vi-

1936 3905 2116 3941 rorum
2140 3889 2308 3941 titulis
2328 3888 2613 3942 obtrudunt
2644 3890 2773 3943 orbi.
2802 3889 2960 3955 Quod
2993 3889 3372 3946 Tillemontius
3402 3893 3502 3958 ait,

1934 3978 2104 4033 videri
2156 3979 2441 4034 Erasmum
2483 3983 2835 4051 posteriorem
2877 3981 2939 4034 de
2980 3981 3186 4050 jejunio
3228 3982 3506 4037 homiliam

1934 4086 2043 4125 non
2058 4071 2128 4125 ob
2146 4072 2305 4124 aliam
2334 4088 2557 4128 causam
2583 4074 2635 4127 in
2666 4075 2870 4144 spuriis
2888 4074 3158 4143 posuisse,
3177 4075 3505 4143 quamquod

1936 4162 1991 4217 in
2031 4164 2217 4217 multis
2247 4179 2369 4217 cum
2397 4167 2571 4234 prima
2613 4166 2941 4229 consentiat,
2972 4164 3117 4219 credi
3148 4173 3326 4236 potest
3369 4165 3508 4220 Era-

1934 4253 2037 4307 smi
2064 4254 2347 4321 epistolam
2380 4270 2488 4307 non
2516 4255 2732 4323 legisse.
2755 4253 2891 4309 Nam
2910 4271 2974 4310 ex
2998 4255 3118 4324 ejus
3142 4256 3324 4310 verbis
3344 4256 3505 4325 plane

1933 4354 2146 4400 constat
2168 4362 2286 4401 eam
2312 4347 2611 4401 orationem
2641 4362 2704 4400 eo
2724 4348 2943 4402 nomine
2967 4348 3395 4417 sibisuspectam
3422 4349 3506 4403 vi-

1934 4452 2049 4491 sam
2079 4436 2267 4503 fuisse,
2292 4439 2434 4508 quod
2468 4453 2498 4491 a
2548 4439 2747 4507 prioris
2781 4439 3050 4509 elegantia
3097 4446 3261 4509 atque
3296 4437 3506 4494 festivi-

1932 4536 2041 4585 tate
2061 4530 2351 4601 degeneret
2381 4552 2394 4585 :
2428 4531 2483 4585 in
2513 4546 2621 4600 quo
2651 4546 2797 4593 eum,
2822 4539 2880 4585 ut
2914 4546 3098 4585 verum
3134 4530 3329 4598 fatear,
3392 4545 3506 4586 non

1930 4622 2150 4676 omnino
2178 4638 2208 4676 a
2252 4637 2379 4677 vero
2420 4624 2610 4677 abesse
2654 4631 2807 4693 puto.
2833 4621 2987 4688 Quod
3018 4623 3167 4677 addit
3213 4622 3505 4677 Tillemon-

1930 4715 2057 4779 tius,
2105 4716 2461 4785 posteriorem
2505 4715 2647 4768 hanc
2684 4714 3004 4770 concionem
3044 4714 3201 4769 citari
3231 4730 3263 4769 a
3294 4712 3504 4768 Joanne

1930 4807 2262 4862 Damasceno
2290 4814 2343 4861 et
2377 4807 2444 4862 ab
2468 4804 2775 4877 Euthymio,
2801 4806 2854 4861 id
2875 4821 2981 4861 non
2999 4815 3081 4861 est
3107 4807 3232 4873 tale,
3252 4813 3311 4859 ut
3330 4806 3503 4875 ipsius

1929 4898 2253 4955 sententiam
2283 4898 2513 4951 multum
2539 4896 2842 4964 confirmet,
2866 4912 2990 4951 cum
3020 4896 3330 4951 adulterina
3371 4897 3506 4951 scri-

1929 4998 2020 5061 pta
2046 5004 2365 5059 magnorum
2396 4989 2636 5042 virorum
2668 4988 2889 5042 nomine
2913 4987 2983 5041 ab
3009 4986 3246 5056 antiquis
3269 4988 3502 5058 scripto-

1929 5081 2082 5135 ribus
2114 5096 2224 5133 non
2253 5094 2381 5134 raro
2413 5079 2575 5135 citari
2598 5080 2903 5136 videamus.
2934 5078 3047 5149 Ego
3060 5094 3183 5133 cum
3209 5079 3315 5134 hoc
3336 5078 3501 5134 breve

256 5178 472 5224 sanctos
500 5170 693 5226 Patres
722 5172 935 5226 sincera
964 5172 1031 5227 ab
1048 5172 1366 5229 adulterinis
1390 5182 1824 5239 secernerentur,
1859 5185 1903 5239 ι)
1931 5172 2256 5242 opusculum
2276 5172 2531 5242 legerem,
2559 5171 2925 5226 animadverti
2956 5171 3063 5224 alia
3089 5186 3153 5226 ex
3176 5170 3351 5242 prima
3373 5184 3501 5226 ora-

254 5276 424 5331 eoque
449 5279 716 5321 successu
740 5281 851 5319 rem
870 5267 1125 5336 gessisse,
1148 5274 1207 5320 ut
1234 5267 1397 5323 rebus
1418 5283 1515 5337 per
1536 5283 1596 5322 se
1630 5267 1824 5321 obscu-

254 5356 484 5412 rissimis
514 5359 809 5412 maximam
838 5361 1014 5415 lucem
1036 5360 1316 5415 attulerint
1350 5380 1362 5415 :
1392 5360 1489 5416 sed
1534 5367 1719 5415 tamen
1772 5360 1819 5414 si

254 5448 372 5516 quis
394 5449 607 5518 reliqua
645 5450 930 5519 diligenter
979 5452 1282 5521 expendere
1315 5454 1478 5517 volet,
1522 5452 1816 5522 praestabo,

257 5552 357 5592 non
388 5538 580 5595 defore
610 5541 690 5594 illi
717 5541 813 5595 ubi
846 5556 906 5597 se
925 5553 1195 5597 exerceat.
1229 5541 1459 5614 Dignum
1489 5558 1621 5599 sane
1667 5557 1822 5613 argu-

258 5642 512 5699 mentum,
548 5631 606 5687 in
636 5635 785 5703 quod
814 5648 1003 5690 omnes
1040 5650 1200 5691 omne
1241 5634 1479 5690 studium
1512 5634 1819 5702 conferant,

1931 5265 2077 5319 tione
2110 5273 2325 5334 sumpta
2355 5278 2497 5328 esse,
2556 5262 2662 5316 alia
2694 5278 2761 5318 ex
2794 5260 2983 5316 eadem
3025 5262 3236 5315 imitata
3268 5280 3282 5315 :
3316 5267 3502 5332 poste-

1928 5358 2131 5413 riorem
2166 5358 2446 5412 homiliam
2501 5372 2611 5411 non
2660 5356 3023 5427 inelegantem
3080 5354 3299 5425 quidem
3351 5369 3497 5418 esse,

1926 5450 2022 5505 sed
2056 5450 2287 5520 primam
2323 5449 2785 5520 elegantissimam
2820 5467 2833 5502 :
2875 5448 3069 5503 miram
3093 5445 3381 5518 quamdam
3405 5444 3497 5498 di-

1928 5542 2086 5597 cendi
2120 5541 2332 5612 copiam
2372 5542 2430 5594 in
2466 5540 2642 5610 prima
2693 5540 2941 5595 oratione
2984 5537 3234 5610 reperiri,
3276 5550 3399 5608 qua:
3438 5537 3495 5591 in

1930 5633 2169 5690 secunda
2198 5634 2369 5688 multo
2414 5633 2594 5689 minor
2642 5639 2747 5701 est,
2787 5639 2842 5689 et
2877 5630 3166 5705 ejusmodi,
3207 5639 3267 5685 ut
3309 5631 3353 5685 si
3386 5643 3495 5699 qua

313 5781 381 5849 (ἃ)
406 5786 473 5837 Cf.
511 5788 572 5838 D.
604 5788 755 5838 Prud.
782 5789 1006 5838 Maranus
1028 5792 1076 5839 in
1100 5788 1218 5839 Vita
1242 5792 1297 5841 S.
1327 5788 1518 5854 Basilii,
1544 5804 1682 5855 capp.
1709 5790 1761 5839 41
1772 5827 1786 5855 ,
1811 5789 1872 5840 42
1891 5793 1944 5840 et
1970 5790 2046 5839 45.
2073 5788 2209 5842 Eutr.
2240 5788 2397 5841 Pan.

520 5872 803 5939 PATBOL.
837 5874 954 5935 Gn.
984 5878 1225 5942 XXXI.

3217 5863 3254 5930 1

1794 6105 2131 6155 μηθ”ῗίἿΓῗ

1792 6154 1895 6195 “1.:
1940 6151 2136 6195 erat

1846 6171 1893 6195 ἢ.
1940 6171 2074 6195 IX,“
