3972 6202
467 369 534 428 ll
834 394 838 398 -
1900 343 2055 399 ΡΒΕ

2161 339 2292 398 1³10.
3627 333 3704 387 12

467 489 608 547 ratio
629 485 770 541 hanc
798 477 1076 535 homiliam
1121 479 1430 543 suspectam
1465 465 1691 522 reddere
1731 463 1928 535 possit,
1964 479 2028 518 ea
2057 470 2109 527 Α,
2130 461 2220 514 nio
2241 464 2463 514 corruat
2501 469 2724 511 necesse
2763 462 2865 510 est.
2896 452 3051 518 Quod
3076 457 3255 506 autem
3295 447 3560 503 orationis
3594 463 3702 502 au—

469 579 724 642 maxime,
758 588 881 630 meo
908 569 1126 642 quidem
1168 563 1396 635 judicio,
1450 561 1574 616 inde
1605 557 1774 628 repeti
1817 557 2030 611 debeat.

470 672 598 727 llmc
628 675 809 722 autem
841 663 970 718 dum
993 657 1136 730 apud
1163 671 1249 711 me
1278 659 1609 722 reputarem,
1627 646 2035 704 eoinclinabam

470 768 532 815 ut
575 759 720 812 hanc
762 752 1066 808 orationem
1109 748 1250 801 inter
1287 742 1473 813 spuria
1524 753 1908 794 recenserem:
1941 735 2037 790 sed

468 863 595 904 cum
645 856 840 900 rursus
886 838 1182 910 cogitarem
1233 839 1510 887 auctorem
1568 826 1945 884 commentarii
1982 826 2038 877 in

472 935 780 1008 lsaiam(a),
810 931 905 1004 qui
932 937 988 986 et
1016 928 1132 998 ipse
1151 930 1344 996 quarto
1367 921 1564 978 saeculo
1583 919 1818 982 vivebat,
1847 933 1915 972 ex
1947 930 2038 970 ea-

471 1033 596 1087 dem
629 1029 723 1084 illa
747 1024 1012 1080 concione
1031 1034 1142 1074 non
1176 1016 1311 1070 nihil
1357 1013 1716 1081 excerpsisse,
1739 1008 2035 1063 haerebam.

472 1122 625 1191 Opus
655 1118 802 1174 enim
832 1123 944 1169 tam
971 1111 1256 1179 antiquum
1289 1121 1395 1160 non
1442 1103 1601 1157 facile
1648 1100 1800 1169 rejici
1843 1099 2040 1152 debere

475 1189 784 1270 arbitrabar
813 1227 827 1262 :
860 1219 1033 1276 eoque
1059 1202 1263 1264 minus,
1289 1195 1433 1268 quod
1461 1196 1640 1267 primo
1674 1198 1894 1261 aspectu
1909 1189 2040 1243 mihi

474 1307 615 1362 levia
639 1316 763 1359 esse
789 1298 1127 1359 viderentur,
1159 1306 1280 1362 quae
1309 1303 1560 1344 morosus
1592 1285 1754 1339 homo
1782 1281 2042 1335 Erasmus

476 1394 770 1464 objecerat.
800 1387 1100 1456 Postquam
1149 1390 1330 1436 tamen
1375 1392 1492 1432 rem
1534 1375 1696 1446 paulo
1725 1371 2042 1442 diligentius

475 1461 839 1547 consideravi,
863 1477 1108 1545 duasque
1133 1471 1232 1527 has
1262 1470 1339 1524 De
1366 1467 1570 1537 jejunio
1600 1465 1872 1520 orationes
1901 1461 2044 1515 inter

479 1592 540 1632 se
571 1570 800 1635 contuli,
826 1567 986 1623 facile
1028 1563 1294 1619 adductus
1327 1575 1469 1622 sum,
1506 1565 1566 1611 ut
1593 1549 1947 1626 posteriorem
1985 1551 2044 1604 in

477 1664 801 1726 adulterinis
827 1673 1104 1733 ponerem.
1133 1654 1288 1718 Nam,
1312 1661 1372 1706 ut
1405 1649 1540 1713 dixi,
1571 1646 1839 1718 posterior
1862 1646 2044 1716 priore

480 1769 535 1814 et
563 1753 830 1826 elegantia
855 1758 909 1806 et
937 1748 1094 1819 copia
1135 1745 1306 1800 multo
1341 1739 1565 1795 inferior
1614 1745 1718 1793 est.
1768 1740 1944 1804 Atque
1988 1733 2042 1786 in

479 1849 584 1904 hac
619 1821 740 1899 mea
779 1839 1046 1897 sententia
1086 1832 1438 1890 conﬁrmatus
1480 1844 1622 1896 sum,
1657 1841 1784 1882 cum
1819 1821 2044 1879 memini

483 2033 688 2090 essent,
711 2023 816 2079 alia
845 2036 914 2075 ex
939 2018 1126 2074 eadem
1148 2027 1413 2085 expressa
1438 2029 1453 2065 :
1476 2009 1622 2075 quod
1648 2023 1836 2078 parum
1851 2007 2046 2062 decere

483 2112 791 2174 existimavi
819 2106 1262 2181 copiosissimum
1300 2101 1474 2154 virum
1501 2095 1902 2161 Basilium,cui,
1921 2110 2046 2149 cum

485 2205 627 2259 idem
658 2204 1031 2271 argumentum
1060 2195 1144 2249 bis
1175 2193 1315 2245 inter
1350 2187 1786 2242 concionandum
1812 2193 2048 2240 tractare

485 2295 669 2358 vellet,
702 2305 803 2347 nec
825 2304 913 2345 res
943 2301 1044 2342 nec
1089 2284 1254 2340 verba
1303 2294 1544 2350 unquam
1581 2277 1824 2333 defuere.
1859 2276 1927 2330 Et
1980 2290 2049 2330 ne

487 2385 757 2458 quispiam
780 2382 833 2437 id
856 2376 1285 2435 temeredictum
1322 2373 1490 2426 fuisse
1511 2369 1838 2439 suspicetur,
1887 2367 2049 2422 velim

487 2480 631 2549 legat
659 2472 1056 2549 pulcherrimas
1087 2469 1208 2524 illas
1235 2467 1312 2520 De
1345 2465 1639 2536 gratiarum
1682 2461 1886 2514 actione
1919 2473 2052 2513 con-

488 2548 675 2625 ciones
707 2567 860 2637 (tom.
882 2560 927 2629 l,
951 2577 1005 2633 p.
1030 2559 1102 2614 Ἃρ
1131 2566 1184 2613 et
1210 2555 1346 2627 55‘),
1379 2567 1610 2625 quarum
1654 2549 1712 2605 in
1752 2548 2053 2620 posteriore

488 2661 626 2716 nihil
647 2656 909 2729 repetitur
934 2666 1122 2710 eorum
1151 2663 1272 2720 quae
1305 2649 1361 2702 in
1391 2646 1571 2716 priore
1600 2643 1747 2698 dicta
1777 2640 2014 2696 fuerant.

493 2775 526 2848 ᾗ
543 2775 607 2830 ll.
622 2773 698 2828 De
710 2771 946 2825 oratione
960 2767 1179 2836 septima
1194 2762 1396 2817 decima
1407 2760 1460 2814 in
1476 2757 1733 2811 Barlaam
1747 2765 2051 2826 martyrem.

564 2890 617 2943 5.
639 2885 763 2941 Haec
795 2884 993 2946 oratio,
1019 2882 1076 2934 in
1099 2893 1204 2950 qua
1233 2874 1566 2946 praeconium
1594 2869 1840 2925 Barlaam
1860 2875 2056 2939 marty-

489 2979 572 3036 ris
597 2977 930 3039 continetur,
953 2971 1132 3027 brevis
1159 2968 1378 3040 quidem
1409 2974 1509 3028 est,
1537 2962 1633 3018 sed
1658 2962 1732 3016 ita
1757 2961 1976 3030 elegans
2004 2965 2058 3014 et

493 3077 708 3133 ornata,
739 3076 801 3123 ut
823 3066 942 3135 ejus
966 3073 1174 3126 auctor,
1204 3061 1515 3130 quicunque
1539 3057 1629 3111 ille
1654 3055 1774 3120 fuit,
1795 3063 2058 3123 praestan-

2135 564 2272 617 ctor,
2293 550 2543 622 quisquis
2572 557 2676 611 est,
2709 547 2809 600 hoc
2842 546 2961 615 ipso
2990 546 3044 598 in
3077 545 3198 599 loco
3225 542 3585 597 concionatus
3607 542 3705 603 sit,

2136 644 2228 701 ubi
2263 642 2498 712 inclytus
2539 646 2747 709 martyr
2786 636 3034 691 Barlaam
3072 634 3317 704 sepultus
3358 633 3596 701 jacebat,
3645 633 3707 686 id

2137 734 2324 805 negari
2351 747 2462 788 non
2492 737 2693 802 potest,
2727 729 2834 783 nisi
2865 728 2932 782 ab
2953 741 3038 792 eo,
3086 725 3180 796 qui
3213 725 3353 776 hanc
3397 723 3708 776 orationem

2137 839 2413 896 nunquam
2441 822 2647 893 legerit.
2699 819 2772 874 Ita
2807 820 2950 874 enim
2997 819 3054 872 in
3089 833 3152 871 ea
3187 818 3448 884 scriptum
3495 814 3714 868 inveni-

2138 934 2261 973 mus
2299 931 2409 971 non
2438 916 2598 985 longe
2625 915 2694 969 ab
2731 913 2884 966 initio
2920 910 3063 980 (pag.
3107 908 3268 975 159):
3315 904 3575 976 Λαμπρὸν
3609 907 3711 956 καὶ

2139 1011 2268 1080 παρ’
2298 1010 2427 1079 ἡμῖν
2459 1008 2558 1078 ἤδη
2588 1008 2678 1060 τὸν
2699 1003 2990 1076 ἀρραϐῶνα
3023 999 3380 1070 καρποῦνται,
3411 1001 3534 1060 ταῖς
3556 995 3714 1065 παρὰ

2139 1105 2355 1156 πάντων
2382 1100 2581 1162 ἐνθέοις
2611 1099 2903 1168 εὐφημίαις
2944 1092 3314 1165 κροτούμενοι,
3346 1090 3440 1142 καὶ
3480 1089 3715 1159 μυρίους

2141 1197 2206 1246 ὲκ
2231 1193 2414 1261 τάφων
2440 1189 2830 1262 σαγηνεύοντες
2859 1187 3082 1257 δήμους.
3116 1183 3286 1236 Τοῦτο
3317 1182 3380 1252 δὴ
3393 1181 3454 1232 τὸ
3485 1179 3561 1248 τῷ
3586 1196 3716 1246 γεν-

2142 1285 2275 1354 ναίῳ
2296 1284 2535 1354 τήμερον
2578 1278 2842 1350 Βαρλαὰμ
2877 1273 3295 1346 πεπραγμένον
3335 1273 3505 1343 ἤχησε
3537 1270 3644 1340 γὰρ
3676 1271 3714 1337 ἡ

2143 1378 2410 1449 πολεμικὴ
2440 1376 2532 1429 τοῦ
2570 1375 2840 1446 μάρτυρος
2871 1368 3122 1436 σάλπιγξ,
3163 1367 3259 1420 καὶ
3286 1365 3412 1428 τοὺς
3435 1364 3532 1431 τῆς
3560 1363 3718 1414 εὐσε-

2143 1470 2291 1532 ϐείας
2313 1468 2553 1533 ὁπλίτας,
2591 1467 2666 1529 ὡς
2696 1465 2875 1536 ὁρᾶτε,
2933 1461 3252 1529 συνήγαγεν.
3293 1454 3632 1526 Splendidam
3661 1462 3720 1506 et

2145 1562 2283 1631 apud
2316 1578 2408 1614 nos
2440 1559 2785 1613 arrltabonem
2816 1556 2932 1624 jam
2981 1554 3232 1615 obtinent,
3275 1566 3392 1602 cum
3414 1550 3549 1602 inter
3579 1546 3722 1598 diri-

2144 1668 2240 1706 nas
2264 1650 2668 1704 acclamationes
2710 1649 2941 1701 omnium
2969 1647 3158 1715 plausu
3180 1641 3521 1702 celebrentur,
3547 1653 3684 1706 popa
3704 1665 3721 1675 -

2123 1745 2354 1815 lumque
2380 1742 2855 1813 frequentissimum
2884 1757 2910 1793 e
2959 1736 3211 1808 sepulcris
3252 1741 3578 1802 congregem.
3599 1729 3719 1782 Hoc

2075 1803 2118 1859 Β
2143 1833 2317 1902 ipsum
2346 1848 2471 1885 sane
2493 1833 2546 1883 in
2585 1831 2711 1897 (orti
2733 1845 2794 1881 ac
2810 1839 3020 1881 strenuo
3043 1826 3297 1879 Barlaam
3328 1823 3482 1877 hodie
3512 1821 3718 1889 factum

481 1936 650 1992 multa
678 1934 734 1988 in
757 1928 993 1989 secunda
1020 1925 1145 1997 legi,
1163 1937 1392 1997 quorum
1415 1920 1519 1974 alia
1546 1935 1609 1973 ex
1633 1919 1805 1989 prima
1830 1921 2043 1984 sumpta
2082 1943 2088 1948 -

2146 1933 2224 1979 est
2254 1938 2271 1977 :
2307 1922 2541 1976 insonuit
2573 1921 2709 1974 enim
2732 1919 2920 1972 bellica
2942 1918 3193 1988 martyris
3229 1914 3374 1978 tuba,
3416 1923 3465 1967 et
3497 1913 3721 1980 pietatis

2146 2015 2358 2080 milites,
2391 2022 2450 2067 ut
2480 2013 2709 2076 cernitis,
2729 2013 3025 2064 convocavit
3053 2025 3070 2062 :
3099 2023 3219 2078 quae
3237 2007 3400 2061 verba
3430 2006 3504 2059 ita
3529 2012 3725 2073 aperte

2145 2105 2438 2162 ostendunt
2458 2105 2599 2158 hanc
2629 2102 2930 2157 orationem
2955 2101 3008 2154 in
3032 2115 3096 2154 eo
3117 2101 3238 2153 loco
3259 2098 3498 2152 habitam
3525 2095 3723 2158 fuisse,

2147 2198 2241 2252 ubi
2281 2211 2480 2266 corpus
2510 2194 2810 2250 beatissimi
2847 2191 3102 2261 martyris
3142 2189 3388 2242 Barlaam
3431 2188 3724 2241 humatum

2147 2295 2287 2350 erat,
2320 2295 2381 2341 ut
2409 2286 2462 2341 id
2491 2301 2601 2340 non
2627 2293 2808 2355 putem
2832 2280 3410 2353 probationeindigere
3439 2288 3533 2332 aut
3553 2292 3728 2346 ωψσ-

2148 2379 2369 2435 sitione.

2221 2491 2273 2545 6.
2293 2490 2429 2544 Cum
2453 2488 2618 2561 igitur
2645 2488 3023 2544 Tillemontius
3054 2484 3255 2556 optime
3279 2484 3501 2548 videret,
3539 2483 3585 2539 si
3619 2483 3727 2538 Ba-

2152 2582 2274 2636 silio
2310 2581 2425 2635 haec
2478 2581 2654 2634 oratio
2695 2597 2805 2634 non
2843 2580 3193 2642 tribueretur,
3226 2591 3381 2631 suam
3407 2575 3724 2645 opinionem

2153 2671 2467 2728 necessario
2521 2672 2814 2734 ruituram,
2846 2671 2982 2725 nihil
3031 2671 3218 2727 omisit
3259 2685 3473 2734 eorum,
3522 2668 3729 2738 quibus

2152 2764 2374 2835 probari
2433 2772 2619 2834 posset
2659 2777 2778 2816 eam
2821 2762 2940 2831 ejus
2967 2777 3110 2818 esse.
3143 2761 3208 2816 Et
3237 2762 3470 2833 primum
3503 2759 3729 2829 quidem

2156 2853 2444 2908 alIirmanti
2473 2853 2706 2922 Dupino,
2728 2852 3040 2922 scriptionis
3075 2869 3246 2924 genus
3284 2853 3457 2923 magis
3480 2852 3728 2922 phrasim

2157 2947 2535 3020 Clirysostomi
2573 2947 2741 3008 olere,
2777 2960 2939 3014 quam
2971 2944 3180 3010 Basilii,
3208 2946 3281 2997 ita
3315 2942 3627 3013 respondet,
3668 2949 3733 2995 ut

2161 3050 2347 3108 aperte
2373 3037 2644 3109 signiﬁcet
2679 3053 2737 3092 se
2771 3037 2931 3091 aliter
2962 3037 3169 3090 sentire
3201 3053 3214 3090 :
3244 3035 3442 3089 deinde
3471 3034 3620 3088 addit
3643 3035 3732 3086 vir

488 3164 768 3219 ’tissimum
807 3159 987 3212 locum
1034 3156 1177 3209 inter
1229 3158 1478 3205 oratores
1539 3146 1735 3201 mereri
1785 3145 2054 3199 videatur.
2085 3153 2127 3211 ε
2160 3132 2537 3194 dOCliSSimus.
2559 3145 2666 3182 non
2698 3129 2918 3183 SOlilum
2941 3128 3395 3198 Chrysoslomum
3424 3127 3507 3180 bis
3529 3127 3594 3180 de
3620 3141 3733 3179 uno

495 3254 661 3309 lidem
695 3259 874 3305 autem
896 3247 996 3312 illi,
1047 3260 1186 3316 quos
1214 3251 1372 3297 antea
1406 3239 1707 3303 nominavi,
1756 3234 2056 3291 doctissimi

485 3349 602 3402 Viri
630 3341 1013 3399 Tillemontius
1039 3347 1093 3394 et
1117 3336 1362 3405 Dupinus
1383 3334 1450 3388 de
1477 3347 1542 3387 ea
1565 3329 1898 3386 dissentiunt
1920 3328 2060 3381 inter

500 3455 579 3494 se.
625 3433 1004 3492 Tillemontius
1043 3431 1219 3501 ipsam
1254 3426 1445 3481 tribuit
1485 3423 1684 3478 Basilio
1725 3421 1920 3492 Magno
1949 3419 2057 3490 (b);

497 3529 746 3599 Dupinus
775 3526 1189 3596 Chrysostomo,
1233 3517 1329 3574 sed
1354 3517 1427 3571 ita
1457 3524 1658 3580 tamen,
1699 3521 1759 3567 ut
1796 3512 1930 3567 satis
1966 3510 2062 3564 ha-

501 3617 681 3674 buerit
737 3613 960 3678 dixisse,
1023 3611 1164 3665 hanc
1236 3609 1537 3662 orationem
1583 3604 1651 3658 ad
1683 3600 2062 3673 Chrysostomi

488 3706 743 3778 =phrasim
770 3703 943 3774 magis
974 3701 1250 3765 accedere,
1272 3705 1328 3752 et
1357 3696 1709 3752 verisimilius
1749 3694 1922 3748 videri
1944 3706 2064 3746 eam

492 3802 741 3856 habitam
764 3797 934 3853 fuisse
957 3791 1288 3851 Antiochiae.
1329 3788 1612 3859 Suspicari
1654 3787 1885 3841 fortasse
1908 3796 2063 3854 pote-

489 3895 572 3949 rit
603 3890 823 3962 aliquis,
861 3902 978 3948 rem
1010 3885 1166 3956 parvi
1203 3882 1463 3938 momenti
1503 3895 1646 3944 esse,
1691 3893 1793 3933 nec
1835 3878 2065 3930 multum

496 3983 710 4042 referre
746 3981 856 4037 utri
901 3977 1227 4039 ascribatur,
1259 3988 1383 4028 cum
1407 3980 1636 4041 uterque
1665 3977 1720 4024 et
1743 3967 1847 4022 lide
1867 3967 2066 4037 dignus

502 4079 599 4142 sit,
617 4084 672 4132 et
703 4075 890 4130 eadem
910 4071 1242 4127 auctoritate
1267 4066 1410 4138 apud
1436 4065 1680 4120 eruditos
1716 4063 1950 4134 polleat:
1971 4059 2068 4115 sed

505 4179 616 4222 non
643 4167 718 4222 ita
746 4171 851 4221 est.
885 4161 1012 4217 lude
1034 4160 1177 4215 enim
1220 4157 1441 4211 omnino
1483 4154 1682 4224 pendet
1721 4150 1951 4221 quaestio
1982 4149 2069 4201 hi-

505 4263 726 4325 storica,
766 4271 888 4328 quae
933 4253 1089 4307 aliter
1127 4249 1264 4306 solvi
1314 4263 1424 4301 non
1459 4253 1662 4316 potest,
1711 4242 1819 4297 nisi
1855 4246 2069 4294 constet

506 4354 616 4408 utri
643 4349 843 4405 ascribi
866 4345 1057 4401 debeat
1079 4343 1194 4398 haec
1229 4340 1426 4395 oratio.
1461 4335 1672 4390 Etenim
1707 4333 1753 4390 si
1776 4332 1944 4388 semel
1965 4331 2067 4384 Ba-

460 4451 463 4456 '
507 4446 631 4500 silio
671 4442 963 4501 tribuatur,
1007 4448 1347 4504 consequens
1367 4430 1492 4494 erit,
1530 4436 1588 4482 ut
1629 4427 1822 4480 merito
1857 4424 2070 4478 dicatur

2157 3235 2212 3280 et
2257 3223 2447 3278 eodem
2482 3229 2672 3276 sancto
2714 3235 3019 3276 sermonem
3046 3220 3265 3274 habere.
3300 3219 3367 3272 Et
3403 3222 3548 3288 quod
3592 3233 3734 3270 non-

2160 3315 2340 3368 nullos
2370 3313 2542 3382 magis
2573 3327 2789 3366 movere
2810 3316 3008 3381 potest,
3045 3311 3118 3364 ait
3149 3325 3269 3364 eam
3292 3311 3594 3364 orationem
3615 3308 3736 3377 jam

2160 3406 2368 3477 pridem
2401 3405 2693 3475 ascriptam
2727 3402 2902 3458 fuisse
2933 3402 3157 3468 Basilio,
3192 3417 3314 3455 cum
3361 3402 3480 3470 ejus
3513 3400 3736 3454 nomine

2161 3499 2360 3552 citetur
2388 3496 2444 3550 in
2476 3496 2710 3549 concilio
2759 3495 3010 3564 septimo,
3042 3494 3326 3562 eidemque
3373 3494 3646 3546 tribuatur
3677 3501 3738 3545 et

2163 3604 2194 3642 a
2222 3587 2430 3642 Joanne
2461 3587 2822 3651 Damasceno,
2856 3595 2911 3641 et
2941 3601 2970 3639 a
3012 3585 3398 3655 Metaphraste.
3431 3583 3586 3652 Quod
3611 3600 3737 3654 per-

2163 3678 2302 3734 tinet
2357 3677 2578 3747 quidem
2636 3678 2702 3732 ad
2747 3677 3159 3733 similitudinem
3208 3678 3355 3748 styli,
3391 3687 3485 3730 aut
3526 3678 3739 3731 discre-

2166 3767 2425 3837 pantiam,
2451 3774 2852 3836 argumentum,
2886 3763 3032 3834 quod
3079 3762 3205 3818 inde
3253 3765 3475 3833 petitur,
3504 3761 3740 3816 validisv

2167 3859 2367 3912 simum
2414 3871 2557 3921 esse,
2592 3870 2776 3918 nemo,
2814 3857 3029 3926 opinor,
3063 3854 3425 3922 inliciabitur;
3460 3853 3556 3908 sed
3589 3853 3742 3922 quod

2168 3951 2359 4005 attinet
2392 3951 2459 4004 ad
2501 3951 2881 4005 auctoritatem
2908 3949 3138 4005 Joannis
3185 3948 3508 4004 Damasceni
3537 3957 3589 4004 et
3625 3949 3740 4003 Me-

2169 4043 2485 4112 taphrastis,
2520 4051 2614 4096 aut
2646 4042 2868 4096 concilii
2900 4041 3142 4110 septimi,
3175 4041 3402 4109 quilibet
3429 4041 3590 4110 paulo
3631 4040 3741 4093 bu-

2170 4133 2381 4188 manior
2418 4133 2571 4186 novit
2621 4132 2892 4202 ejusmodi
2941 4132 3252 4186 testimonia
3296 4132 3425 4184 talia
3454 4146 3564 4185 non
3591 4145 3740 4194 esse,

2171 4234 2226 4278 ut
2260 4240 2323 4278 ex
2357 4225 2424 4280 iis
2454 4225 2662 4294 aliquid
2706 4231 2858 4280 certo
2889 4225 3141 4279 concludi
3183 4225 3377 4294 possit.
3399 4223 3509 4278 Nec
3542 4225 3741 4294 magis,

2173 4326 2231 4369 ut
2292 4315 2426 4369 mihi
2475 4316 2698 4386 quidem
2750 4315 3002 4378 videtur,
3033 4316 3175 4369 valet
3225 4315 3279 4368 id
3334 4326 3742 4385 argumentum,

2173 4405 2315 4476 quod
2358 4422 2426 4461 ex
2459 4406 2857 4462 consuetudine
2889 4405 3266 4485 Clirysostomi
3316 4405 3426 4475 peti
3476 4406 3736 4468 diximus,

507 4485 630 4500 DIIIV
674 4485 711 4498 ,Ι
725 4485 963 4501 ΙΙΙ““νν--ν
1012 4485 1232 4504 ν-----Ἰκ
1262 4485 1273 4487 ν
1330 4485 1342 4487 -
1382 4485 1387 4486 γ
1479 4485 1490 4494 1

506 4542 713 4606 martyr
737 4531 986 4586 Barlaam
1015 4535 1240 4581 mortem
1259 4523 1491 4579 subiisse
1512 4519 1771 4575 casm-ea;
1787 4513 2068 4584 Cappado-
2102 4485 2147 4542 ι)
2175 4514 2317 4606 ουΠὶ
2352 4499 2715 4606 casusnmulti
2744 4514 2885 4569 sarpe
2917 4499 3161 4552 mutandi
3196 4500 3364 4554 moris
3393 4500 3739 4555 occasionem

2178 4603 2280 4606 ηᾼ--
2334 4595 2445 4606 --ψι
2534 4600 2643 4606 .__.__
2682 4587 2730 4606 εξΔ
2772 4601 2821 4606 -,
2857 4585 3011 4606 -Α-..]-
3070 4585 3148 4606 ..ΑΞ
3192 4587 3420 4606 __-_-!n___.
3465 4595 3521 4606 --ι
3573 4594 3712 4606 -.ι-Ἀ

505 4629 627 4691 αἰαῖ,
659 4635 711 4680 et
733 4622 922 4679 eodem
947 4621 1066 4674 loco
1089 4617 1334 4686 sepultus
1348 4613 1518 4668 fuisse
1554 4629 1565 4664 :
1592 4610 1638 4664 si
1656 4607 2067 4678 Chrysostomo,

508 4714 786 4771 fatendum
807 4711 912 4767 erit
934 4715 1185 4765 sanctum
1208 4711 1499 4774 martyrem
1529 4697 1830 4754 Antiochiae
1857 4704 1911 4749 et
1939 4709 2069 4764 pas-

507 4823 628 4863 sum
653 4805 842 4866 fuisse,
874 4810 926 4858 et
953 4799 1244 4869 sepultum.
1272 4795 1340 4849 Et
1364 4808 1512 4859 vero,
1543 4794 1635 4861 qui
1661 4786 2071 4844 Tillemontium

510 4898 706 4959 secuti,
737 4895 928 4950 dicunt
955 4893 1174 4946 beatum
1207 4896 1500 4958 martyrem
1530 4883 1780 4937 Barlaam
1811 4880 2074 4934 Caesareae

509 4985 866 5059 Cappadociae
886 4993 938 5039 et
970 4989 1245 5036 mortuum
1271 4985 1326 5032 et
1355 4976 1678 5031 tumulatum
1711 4972 1898 5036 fuisse,
1923 4969 2073 5025 nullo

511 5083 618 5137 alio
641 5087 960 5150 argumento
986 5075 1258 5139 nituntur,
1277 5085 1439 5141 quam
1487 5066 1631 5138 quod
1677 5064 1932 5126 Basilius,
1978 5062 2071 5132 qui

509 5173 772 5229 Caesareae
796 5167 1152 5222 concionatus
1172 5162 1342 5217 fuisse
1357 5157 1620 5222 creditur,
1639 5154 1942 5211 orationem
1967 5153 2072 5208 hoc

511 5269 633 5338 ipso
663 5267 720 5319 in
754 5265 876 5317 loco
904 5246 1181 5321 habuerit,
1202 5257 1292 5311 ubi
1325 5253 1609 5309 fortissimi
1650 5251 1865 5305 athletae
1894 5259 2073 5303 tumu-

513 5361 600 5415 lus
624 5357 918 5414 visebatur.
953 5352 1132 5419 Quare
1161 5351 1208 5406 si
1231 5347 1414 5404 Basilii
1432 5361 1539 5401 non
1567 5344 1656 5407 sit,
1692 5344 1933 5413 ipsorum
1954 5341 2074 5408 opi-

588 5498 682 5580 (α).
701 5493 1024 5621 ιοθοῬιάξΐ.
1053 5492 1254 5574 tamn],
1284 5507 1342 5547 n.
1369 5489 1439 5545 62
1461 5496 1512 5543 et
1551 5487 1640 5542 64.
1667 5518 1735 5528 -—-
1758 5485 1840 5540 Cf.
1874 5483 1933 5537 Ι).
1961 5483 2070 5538 Ma-

588 5589 638 5621 n.
670 5584 724 5621 in
821 5578 896 5620 tta
925 5562 983 5621 S.
1010 5563 1221 5621 Basrln.
1253 5577 1371 5621 can.
1403 5560 1491 5615 42.
1523 5558 1680 5613 Em.

518 5558 724 5625 rati.'in
772 5558 896 5621 Vita
925 5562 983 5621 S.
1010 5562 1221 5629 Basilii,
1253 5577 1371 5633 cap.
1403 5560 1491 5615 42.
1523 5558 1680 5613 Em.

2177 4587 2469 4658 praebeant.
2512 4585 2652 4656 Ergo
2682 4587 2737 4640 in
2763 4601 2828 4640 eo
2851 4585 3018 4640 cardo
3070 4585 3149 4640 rei
3192 4587 3440 4648 vertitur,
3465 4595 3524 4639 ut
3565 4594 3740 4647 certo,

2176 4688 2441 4751 quantum
2487 4679 2544 4733 in
2595 4679 2862 4748 ejusmodi
2912 4678 3077 4733 rebus
3122 4677 3240 4732 ﬁeri
3281 4685 3483 4747 potest,
3518 4692 3549 4730 a
3581 4676 3745 4731 nobis

2178 4780 2539 4842 cognoscatur
2576 4771 2754 4826 utrius
2783 4771 3023 4841 phrasim
3054 4777 3107 4825 et
3131 4787 3337 4826 morem
3368 4771 3540 4840 magis
3569 4770 3749 4838 sapiat

2182 4863 2293 4916 haec
2331 4863 2527 4928 oratio,
2550 4861 2810 4917 Basiliine
2857 4877 2925 4915 an
2955 4861 3330 4932 Clirysostomi
3369 4879 3383 4915 :
3417 4861 3565 4933 quod
3598 4875 3748 4916 nunc

2179 4954 2337 5008 nobis
2383 4953 2803 5008 examinandum
2835 4955 3213 5024 proponimus.

2247 5064 2299 5117 7.
2335 5063 2459 5118 Haec
2487 5063 2667 5119 oratio
2698 5079 2820 5118 cum
2854 5063 3179 5119 brevissima
3212 5063 3303 5131 sit,
3336 5065 3517 5134 aliqua
3554 5064 3752 5120 simili-

2179 5157 2383 5212 tudinis
2426 5166 2519 5211 aut
2560 5157 2941 5227 discrepantiae
2985 5156 3110 5226 styli
3156 5157 3386 5226 vestigia
3421 5157 3477 5210 in
3503 5172 3566 5211 ea
3596 5157 3752 5210 inve--

2179 5250 2297 5304 nire
2329 5247 2700 5304 dimcillimum
2726 5256 2810 5304 est
2843 5267 2855 5302 :
2883 5250 3132 5319 experiar
3157 5259 3359 5310 tamen,
3389 5249 3439 5303 si
3470 5264 3576 5317 qua
3607 5249 3753 5303 indi-

2179 5356 2305 5396 care
2357 5343 2585 5411 possim.
2636 5340 2870 5410 Reperio
2925 5351 3104 5396 autem
3137 5341 3223 5395 vel
3257 5343 3378 5410 ipso
3411 5342 3590 5407 initio,
3627 5356 3750 5410 quae

2251 5483 2326 5554 (ὁ)
2365 5481 2580 5539 Tillem.
2618 5491 2658 5537 t.
2690 5482 2780 5549 lx,
2815 5484 3033 5554 p.685;
3061 5484 3194 5555 Dup.
3223 5495 3262 5538 t.
3300 5483 3362 5548 ιι,
3395 5500 3447 5554 ρ.
3481 5484 3605 5538 sit.

577 5716 596 5733 '
630 5711 1087 5778 Paginasintejlige
1112 5706 1346 5778 editionis
1370 5702 1685 5778 garneria'rna
1705 5715 1910 5778 quarum
1934 5701 2116 5778 seriem
2137 5702 2271 5778 typis
2296 5701 2619 5752 crassioribus
2645 5700 3001 5760 expressimus.
3027 5697 3166 5750 Tom.
3193 5696 3216 5748 Ι
3241 5699 3319 5749 ed.
3346 5695 3534 5750 Bened.
3564 5709 3634 5741 ..τ
3660 5707 3753 5747 no.

519 5783 633 5834 atra:
664 5763 742 5827 t.°l
771 5781 823 5826 et
845 5771 923 5838 ll;
955 5763 1279 5824 ιίἐαοςιιδεθ
1313 5777 1345 5820 t.
1374 5767 1463 5831 lli;
1501 5764 1648 5826 :lll
1681 5763 1859 5816 nostra
1881 5771 1914 5815 t.
1951 5763 2032 5814 IV.
2062 5763 2196 5814 Entr.
2229 5763 2388 5814 ,Ρη-ιι.
