3972 6202
243 454 311 509 η
1698 438 2093 495 PREFATIO.
3425 442 3491 496 tt

247 570 409 624 multo
452 566 629 637 magis
679 566 739 619 in
786 565 1249 635 Chrysostomum
1275 562 1624 621 conveniant,
1652 574 1816 629 quam
1852 565 1898 620 Α
1926 567 2190 619 sostomo,
2225 560 2316 629 qui
2346 560 2567 618 alicubi.
2610 567 2667 613 ut
2700 576 2761 614 ex
2796 559 2957 615 dictis
2988 566 3220 623 constat,
3253 560 3492 613 circum--

252 659 303 712 in
341 656 618 710 Basilium.
661 654 806 709 Cum
855 656 1007 708 enim
1037 654 1159 723 lego
1205 653 1335 705 illa:
1373 650 1568 704 Οὐκέτι
1601 650 1822 720 θρήνοις

247 747 364 807 τοὺς
388 745 492 797 τῶν
522 744 696 811 ἁγίων
729 742 1143 816 δορυφοροῦμεν
1166 742 1445 806 θανάτους,
1477 742 1590 793 ἀλλ’
1619 741 1822 802 ἐνθέοις

249 835 475 907 χορείαις
490 838 601 898 τοῖς
624 833 854 886 ἐκείνων
883 832 1119 903 ὲπορχού
1130 831 1266 902 μεθα
1289 832 1544 899 τάφοις...
1571 828 1823 899 λαμπρὸν

249 929 337 982 καὶ
359 930 484 999 παρ’
516 929 651 997 ἡμῖν
684 927 791 996 ἤδη
833 927 925 979 τὸν
972 926 1266 998 ἁρῤαῶῦνα
1311 924 1667 995 καρποῦνται,
1704 925 1823 985 ταῖς

250 1020 391 1090 παρὰ
438 1020 661 1072 πάντων
709 1019 916 1081 ἐνθέοις
967 1018 1262 1088 εὐφημίαις
1311 1015 1686 1087 κροτούμενοι,
1729 1014 1823 1066 καὶ

252 1115 467 1184 μυρίους
507 1117 573 1166 ἐκ
608 1114 798 1183 τάφων
835 1112 1226 1182 σαγηνεύοντες
1265 1110 1488 1179 δήμους.
1525 1107 1648 1161 Νοη
1709 1124 1824 1159 am-

248 1206 380 1271 plius
428 1216 739 1257 sanctorum
778 1214 999 1256 mortem
1035 1202 1274 1255 lamentis
1320 1200 1701 1269 prosequimur,
1733 1198 1823 1252 sed

253 1297 489 1364 tripudiis
509 1297 704 1351 divinis
729 1297 928 1350 circum
973 1295 1189 1348 illorum
1224 1292 1462 1360 sepulcra
1487 1292 1702 1346 choreas
1724 1289 1823 1342 du-

251 1393 481 1445 cimus...
504 1388 840 1458 splendidum
861 1400 912 1443 et
935 1385 1075 1454 apud
1105 1403 1195 1439 nos
1226 1383 1569 1437 arrhabonem
1596 1383 1711 1450 jam
1742 1381 1825 1433 ob-

254 1488 440 1543 tinent;
498 1498 621 1533 cum
682 1481 816 1533 inter
864 1478 1070 1531 divinas
1126 1476 1530 1528 acclamationes
1590 1473 1824 1526 omnium

246 1574 433 1640 plausu
479 1572 826 1635 celebrentur,
874 1568 1220 1637 populumque
1272 1565 1747 1634 frequentissimum
1798 1579 1824 1615 e

248 1664 499 1732 sepulcris
545 1670 876 1731 congregem,
910 1659 1102 1713 audire
1151 1658 1337 1710 videor
1365 1654 1821 1723 Clirysostomum

250 1756 338 1824 qui
377 1754 433 1807 in
465 1753 540 1807 iis
581 1752 941 1814 orationibus,
976 1765 1115 1819 quas
1145 1748 1210 1802 de
1239 1746 1443 1801 sanctis
1489 1744 1824 1813 martyribus

249 1844 457 1905 habuit,
480 1843 691 1913 passim
713 1842 777 1896 de
799 1856 989 1894 eorum
1012 1838 1277 1909 sepulcris
1296 1838 1554 1906 loquitur.
1580 1834 1712 1904 Ejus
1741 1834 1821 1888 rei

250 1932 623 2001 frequentiora
681 1938 809 1984 sunt
860 1929 1102 1998 exempla
1161 1927 1299 1997 apud
1343 1925 1823 1996 Chrysostomum,

250 2038 407 2093 quam
464 2029 529 2075 ut
592 2021 776 2090 aliqua
814 2019 1017 2074 referre
1046 2033 1269 2073 necesse
1311 2018 1401 2071 sit.
1433 2016 1656 2080 Contra,
1701 2030 1826 2069 cum

250 2129 416 2183 nuper
450 2113 682 2183 legerim
718 2111 903 2165 Basilii
938 2112 1004 2166 de
1047 2110 1251 2165 sanctis
1288 2109 1622 2180 martyribus
1658 2122 1828 2175 pane-

250 2209 458 2277 gyricas
513 2206 818 2268 orationes,
857 2202 1123 2257 alﬁrmare
1155 2218 1317 2272 posse
1356 2211 1519 2271 puto,
1554 2215 1827 2270 nusquam

252 2300 304 2351 in
328 2300 394 2352 iis
423 2298 493 2351 de
537 2305 841 2366 martyrum
873 2296 1099 2349 tumulis
1129 2294 1458 2348 mentionem
1497 2294 1663 2347 ullam
1689 2292 1828 2346 lieri.

254 2385 355 2440 Nec
395 2387 563 2456 longe
607 2386 774 2455 hujus
822 2387 901 2439 rei
948 2384 1238 2454 quaerenda
1276 2397 1444 2437 causa
1478 2389 1582 2436 est.
1629 2379 1829 2434 Notum

261 2486 337 2532 est
360 2480 499 2532 enim
538 2477 817 2547 ejusmodi
860 2477 1113 2546 sepulcra
1167 2475 1608 2545 frequentissima
1659 2472 1831 2528 fuisse

268 2569 549 2623 Antiochiae
586 2587 602 2624 :
639 2584 763 2638 qua:
801 2569 1008 2621 rariora
1050 2575 1207 2623 erant
1237 2566 1499 2621 (ἐπείη-ετξ
1540 2562 1825 2634 Cappado-

268 2658 373 2714 cfzc.
428 2656 696 2714 Fortasse
744 2659 860 2713 leve
904 2658 1179 2713 videbitur
1211 2658 1355 2727 quod
1389 2656 1605 2719 addam,
1634 2655 1832 2709 addere

262 2758 429 2804 tamen
483 2766 599 2805 non
666 2750 895 2820 pigebit,
950 2749 1084 2804 illud
1134 2750 1407 2812 videlicet,
1438 2749 1584 2817 quod
1629 2747 1685 2799 in
1728 2746 1831 2799 hac

257 2843 511 2895 concione
550 2842 753 2912 legitur
780 2841 853 2910 (p.
890 2842 1035 2910 159),
1071 2840 1164 2893 καὶ
1192 2840 1266 2904 ὡς
1300 2840 1452 2907 ἔλεγε
1481 2838 1589 2891 τῶν
1625 2836 1830 2889 πιστῶν

254 2933 281 2983 έν
308 2932 618 3002 Δεσπὰτης·
670 2932 733 2985 '0
766 2922 1067 2985 πιστεύων
1111 2935 1197 2997 εὶς
1224 2931 1346 3000 ἐμέ,
1382 2942 1487 2985 etc.
1530 2929 1599 2982 Et
1648 2946 1829 2999 quem-

255 3022 536 3077 admodum
568 3023 808 3092 ﬁdelium
838 3024 1093 3077 Dominus
1126 3024 1329 3077 aiebat:
1364 3042 1381 3073 ι
1420 3022 1525 3089 Qui
1559 3022 1723 3075 credit
1775 3022 1831 3074 in

256 3134 330 3170 me
352 3118 394 3177 ¹,
434 3137 454 3169 ι
488 3123 629 3179 ctc.,
655 3117 837 3185 potius
868 3116 1041 3169 videri
1073 3115 1446 3186 Cbrysostomi
1492 3129 1634 3175 esse,
1666 3127 1831 3183 quam

256 3206 454 3261 Basilii.
486 3205 629 3259 Nam
665 3214 722 3260 et
763 3207 890 3260 alibi
920 3207 1257 3275 Scripturam
1288 3206 1464 3260 citans
1502 3204 1829 3275 Chrysosto-

258 3314 394 3361 mus,
440 3298 689 3352 similem
734 3298 1024 3352 verborum
1060 3299 1434 3352 circuitionem
1470 3297 1709 3359 adhibet,
1749 3297 1829 3349 uti

256 3389 601 3444 videre‘licet
628 3392 684 3442 in
702 3406 763 3445 ea
795 3390 1063 3453 oratione,
1082 3405 1245 3459 quam
1272 3389 1334 3442 de
1357 3398 1589 3457 martyre
1610 3387 1830 3455 Iuliano

262 3481 464 3536 habuit.
499 3480 637 3551 Ejus
674 3484 787 3534 haec
816 3489 943 3535 sunt
971 3480 1133 3533 verba
1168 3478 1297 3549 (tom
1334 3478 1400 3543 ll,
1449 3494 1500 3547 p.
1528 3476 1652 3546 675)
1683 3497 1694 3531 :
1726 3479 1836 3530 Καὶ

257 3573 337 3625 ἶνα
378 3573 631 3643 μάθητε,
684 3573 766 3623 ὃτι
816 3571 885 3623 τὰ
929 3571 1086 3639 φύσει
1129 3571 1361 3640 φορτικὰ
1411 3571 1504 3623 καὶ
1565 3569 1832 3639 ἀφόρητα,

254 3663 420 3717 ταῦτα
456 3666 526 3733 τῇ
564 3662 743 3715 ἑλπίδι
795 3662 902 3714 τῶν
968 3661 1267 3732 μελλόντων
1309 3660 1487 3729 κούφα
1526 3661 1619 3712 καὶ
1663 3662 1835 3732 ῥᾷστα

256 3755 484 3823 ῖῖνεται,
542 3754 817 3808 ἀκούσατε
864 3754 959 3807 τού
1012 3752 1394 3825 πρωτοστάτου
1438 3751 1546 3804 τῶν
1578 3751 1835 3803 τοιούτων

258 3847 495 3914 ἀγαθῶν,
521 3847 798 3914 λέγοντος,
830 3846 900 3899 Τὸ
930 3845 1039 3914 γὰρ
1072 3844 1406 3912 παραυτίκα
1437 3843 1701 3911 ἐλαφρὸν
1728 3843 1837 3911 τῆς

263 3938 520 4005 θλῖψεως
554 3938 683 3989 καθ’
713 3935 1057 4004 ὑπερϐολὴν
1095 3938 1181 3999 εὶς
1231 3934 1569 4002 ὑπερϐολὴν
1599 3937 1838 3988 αἰώνιον

255 4028 441 4097 ,ϐάρος
470 4028 667 4096 δόξης
700 4026 1105 4095 κατεργάζεται
1136 4026 1299 4095 ἡμῖν.
1336 4029 1505 4095 Atque
1542 4034 1598 4078 ut
1637 4027 1835 4079 intelli-

260 4123 393 4189 getis
415 4138 498 4186 ea,
530 4136 651 4189 qua:
684 4128 880 4171 natura
908 4135 1005 4171 sua
1035 4119 1219 4187 gravia
1249 4127 1373 4170 sunt
1403 4128 1452 4171 et
1477 4116 1833 4181 intoleranda,

260 4228 344 4275 spe
395 4214 704 4279 futurorum
751 4210 883 4263 levia
928 4209 1077 4263 reddi
1109 4225 1170 4261 ac
1202 4208 1482 4276 facillima,
1533 4209 1836 4277 praefectum

261 4304 449 4353 talium
500 4301 759 4353 bonorum
797 4299 993 4363 audite,
1024 4300 1115 4369 qui
1154 4299 1326 4352 dicit:
1366 4318 1385 4350 ι
1427 4298 1492 4352 Id
1525 4301 1661 4353 enim
1699 4298 1838 4368 quod

261 4396 312 4444 in
367 4394 622 4461 presenti
674 4402 751 4446 est
800 4400 1218 4446 momentaneum
1247 4402 1296 4445 et
1335 4392 1439 4445 leve
1480 4392 1836 4445 tribulationis

262 4497 659 4552 nostrae,supra
693 4484 902 4537 modum
934 4486 987 4537 in
1021 4484 1347 4538 sublimitate
1375 4493 1627 4537 azternum
1652 4485 1837 4552 gloria:

1923 654 2198 707 locutione
2224 651 2277 707 in
2309 654 2527 709 citanaa
2560 655 2841 720 Scriptura
2867 668 2999 705 usus
3031 668 3135 707 εει.

1994 744 2047 799 8.
2079 743 2313 799 Gravius
2347 755 2430 799 est
2460 745 2605 815 quod
2642 745 2910 813 sequitur.
2939 746 3161 800 Monere
3186 760 3315 814 ergo
3337 746 3491 813 juvat

1924 836 2074 890 nulla
2123 836 2230 888 alia
2284 836 2504 890 dicendi
2547 835 2782 890 formula
2831 838 3002 895 magis
3032 836 3287 891 delectari
3315 834 3490 905 Chry-

1926 935 2251 993 sostomum,
2277 944 2440 998 quam
2467 944 2552 993 ea,
2581 944 2686 999 qua
2721 944 2813 983 aut
2842 944 3011 984 verbo
3040 945 3367 999 φιλοσοφειν,
3400 946 3497 985 au.

1926 1006 2094 1074 verbo
2125 1021 2441 1090 φιλοσοφίας
2474 1022 2527 1074 in
2566 1021 2910 1076 celebrandis
2943 1022 3275 1091 martyribus
3297 1021 3490 1075 utitur.

1925 1110 2206 1164 Proferam
2261 1114 2363 1165 hoc
2402 1112 2523 1165 loco
2568 1111 2750 1180 aliqua
2795 1112 3063 1179 exempla,
3093 1127 3157 1165 ex
3189 1112 3387 1181 quibus
3428 1110 3496 1165 de

1927 1203 2143 1256 cmteris
2183 1201 2421 1271 judicari
2455 1201 2626 1270 possit
2660 1220 2671 1253 :
2713 1199 2807 1254 sed
2840 1200 2885 1253 si
2918 1203 3041 1268 quis
3092 1216 3186 1269 per
3230 1216 3350 1255 sese
3380 1217 3493 1255 rem

1928 1293 2167 1363 experiri
2209 1294 2374 1355 volet,
2411 1293 2563 1346 nullo
2605 1292 2824 1360 negotio
2856 1292 3012 1363 longe
3048 1294 3201 1362 plura
3252 1293 3499 1347 invenire

1928 1386 2145 1457 poterit,
2177 1402 2299 1441 cum
2333 1385 2384 1439 id
2423 1384 2675 1455 loquendi
2709 1401 2885 1455 genus
2915 1386 3116 1455 passim
3158 1386 3213 1439 in
3244 1385 3333 1449 iis,
3359 1400 3498 1456 quas

1926 1477 2067 1539 dixi,
2109 1477 2487 1547 Cltrysostomi
2554 1478 2913 1533 concionibus
2975 1478 3276 1532 adhibitum
3348 1478 3500 1532 iuve-

1926 1570 2125 1622 niatur.
2158 1569 2530 1639 Chrysostomi
2584 1569 2750 1639 igitur
2797 1569 2911 1623 haec
2957 1578 3084 1623 sunt
3114 1570 3276 1624 verba
3300 1584 3330 1623 e
3358 1585 3496 1624 con-

1926 1662 2082 1715 cione
2117 1663 2169 1714 in
2210 1672 2493 1732 martyrem
2535 1660 2827 1715 Lucianum
2858 1662 2921 1731 (t.
2964 1661 3027 1725 Il,
3056 1678 3108 1730 p.
3143 1660 3268 1727 526)
3305 1680 3317 1715 :
3354 1661 3492 1713 Συν-

1929 1752 2049 1804 ιδὼν
2076 1753 2184 1823 γὰρ
2214 1754 2437 1815 ἐκεῖνος,
2468 1752 2549 1805 ὅτι
2576 1753 2755 1824 πάσης
2794 1752 3059 1823 τιμωρίας
3092 1752 3184 1804 καὶ
3218 1749 3493 1815 κολάσεως

1928 1842 2099 1905 εἴδους
2147 1842 2496 1911 κατεγέλασε,
2528 1845 2710 1897 κα“ι....
2737 1842 2859 1896 οὔτε
2886 1846 2965 1905 είς
3001 1843 3279 1912 κρημνοὺς
3304 1840 3491 1911 ῥίψας,

1927 1933 2048 1986 οὒτε
2088 1937 2166 1997 εἰς
2194 1934 2395 2004 θηρίων
2438 1935 2655 1997 ὀδόντας
2704 1933 2954 2004 ἐμϐαλὼν
2990 1934 3178 2004 ἴσχυσε
3218 1932 3503 2004 περιγενέ-

1930 2023 2051 2075 σθαι
2090 2024 2187 2093 τῆς
2226 2024 2319 2075 τοῦ
2354 2024 2508 2091 ἁγίου
2544 2024 2878 2092 φιλοσοφίας,
2913 2032 3021 2079 etc.
3065 2022 3504 2077 Animadvertens

1927 2116 2065 2168 enim
2102 2114 2213 2178 ille,
2258 2131 2407 2167 omne
2442 2116 2820 2183 suppliciorum
2851 2132 2911 2168 ac
2939 2130 3209 2181 poenarum
3244 2130 3403 2184 genus
3436 2113 3505 2166 ab

1927 2218 1986 2254 eo
2019 2202 2251 2256 derisum
2282 2202 2463 2271 fuisse,
2498 2220 2668 2274 seque,
2706 2221 2864 2274 neque
2922 2220 3042 2256 cum
3089 2204 3143 2256 in
3202 2205 3498 2272 prwcipitia

1928 2293 2252 2361 projecisset,
2285 2310 2447 2362 neque
2475 2312 2591 2347 cum
2624 2296 2858 2364 ferarum
2909 2295 3178 2363 objecisset
3236 2294 3503 2360 dentibus,

1931 2387 2103 2438 sancti
2134 2385 2519 2453 philosophiam
2552 2404 2799 2454 superare
2832 2388 3087 2455 potuisse,
3125 2396 3232 2441 etc.
3277 2388 3352 2441 Ea
3383 2405 3507 2458 qua:

1931 2476 2177 2547 proxime
2212 2478 2459 2547 sequitur
2489 2480 2682 2548 pagina
2721 2466 2864 2549 (327)
2890 2479 3133 2548 exempla
3168 2480 3273 2532 tria
3304 2495 3508 2549 suppe-

1932 2568 2150 2624 ditabit.
2206 2566 2384 2621 Unum
2427 2568 2514 2623 his
2568 2569 2749 2624 verbis
2778 2583 3119 2639 expressum,
3146 2570 3237 2622 τὸν
3266 2569 3324 2622 δὲ
3352 2570 3507 2638 ἅγιον

1930 2658 2118 2712 τοῦτον
2161 2658 2521 2721 ὑποσκελίσας
2564 2659 2664 2711 οὐκ
2710 2661 2948 2730 ἴσχυσεν,
3000 2660 3121 2713 οὐδὲ
3157 2663 3509 2731 περιεγένετο

1930 2750 2028 2819 τῆς
2060 2751 2376 2819 φιλοσοφίας
2406 2752 2438 2820 ἡ
2472 2749 2713 2814 κόλασις,
2750 2750 2884 2803 hunc
2928 2768 3046 2805 vero
3082 2762 3325 2805 sanctum
3381 2770 3507 2821 sup-

1930 2842 2173 2909 plantare
2211 2859 2313 2895 non
2345 2843 2536 2911 potuit,
2586 2859 2746 2911 neque
2781 2843 3164 2910 philosophiam
3193 2845 3509 2912 supplicium

1932 2933 2075 2985 vicit.
2110 2931 2168 2984 In
2204 2932 2373 2985 altero
2404 2931 2478 2984 ita
2518 2930 2943 3001 Chrysostomus
2969 2932 3228 3000 loquitur,
3264 2933 3322 2983 ἐν
3351 2932 3507 2985 ἁλλο-

1930 3022 2057 3093 τρία
2100 3025 2168 3093 γῇ
2209 3023 2303 3075 καὶ
2356 3022 2613 3093 βαρϐάρῳ
2661 3023 2814 3093 χώρα
2853 3024 3118 3093 τοσαύτην
3170 3022 3510 3087 ἐπεδείξαντο

1933 3113 2271 3182 φιλοσοφίαν,
2304 3114 2359 3166 in
2389 3123 2530 3167 terra
2557 3114 2733 3166 aliena
2768 3129 2829 3164 ac
2875 3112 3107 3165 barbara
3154 3116 3363 3184 regione
3389 3124 3510 3167 tan-

1857 3240 1900 3297 α
1934 3214 2042 3256 tam
2066 3206 2450 3279 philosophiam
2481 3205 2835 3259 ostenderunt.
2874 3202 2928 3258 ln
2958 3206 3119 3259 tertio
3151 3207 3229 3260 sic
3271 3206 3466 3275 legitur
3492 3225 3507 3261 :

1936 3298 1999 3352 El
2029 3298 2207 3350 τοίνυν
2230 3298 2278 3350 οί
2312 3297 2664 3367 αἰχμάλωτοι,
2696 3298 2789 3349 καὶ
2817 3296 3010 3356 δοῦλοι,
3038 3299 3131 3349 καὶ
3152 3295 3262 3349 νέοι
3291 3298 3395 3367 πρὸ
3411 3298 3511 3366 τῆς

1935 3389 2154 3459 χάριτος
2207 3386 2474 3456 τοσαύτην
2520 3386 2861 3449 ἐπεδείξαντο
2907 3386 3244 3455 φιλοσοφίαν,
3283 3394 3389 3440 etc.
3448 3385 3512 3440 Si

1935 3498 2056 3551 ergo
2088 3480 2299 3548 captivi,
2326 3480 2479 3539 servi,
2510 3494 2571 3531 ac
2592 3479 2797 3538 iuvenes
2834 3487 2954 3531 ante
2977 3478 3135 3548 legem
3166 3479 3356 3547 gratia:
3389 3487 3512 3530 tan--

1939 3584 2045 3627 tam
2080 3571 2465 3641 philosophiam
2498 3586 2608 3638 pra:
2637 3586 2690 3623 se
2726 3569 2983 3633 tulerunt,
3019 3578 3125 3623 etc.
3156 3569 3266 3624 Nec
3291 3570 3511 3624 silentio

1938 3665 2397 3735 praetereundum,
2432 3678 2549 3717 eam
2599 3662 2850 3731 loquendi
2911 3661 3179 3715 rationem
3235 3678 3407 3731 usque
3444 3678 3512 3715 eo

1937 3754 2207 3824 placuisse
2238 3753 2724 3823 Chrysostomo,ut
2750 3766 2873 3806 cum
2911 3751 3076 3820 hujus
3106 3752 3376 3807 orationis
3420 3752 3509 3804 in-

1938 3848 2036 3902 itio
2057 3862 2268 3901 sacram
2298 3845 2636 3915 Scripturam
2666 3844 2877 3907 citaret,
2897 3859 2962 3899 ea
2993 3860 3125 3900 usus
3156 3846 3243 3898 sit.
3268 3843 3341 3898 lbi
3366 3845 3514 3898 enim

1939 3940 2014 4011 (p.
2046 3940 2172 4009 524)
2208 3940 2282 3992 ita
2308 3939 2569 4007 scriptum
2602 3938 2937 3991 invenimus:
2975 3938 3031 3990 '0
3067 3939 3195 4007 περὶ
3223 3937 3315 3989 τοῦ
3345 3936 3511 3988 πλού-

1938 4051 2030 4086 του
2074 4032 2436 4102 φιλοσοφήσας
2493 4030 2663 4084 είπὼν
2694 4033 2774 4084 ὅτι
2807 4049 2821 4062 ·
2871 4032 2952 4084 Οὐ
2993 4029 3515 4099 συγκαταϐήσεται

1938 4123 2097 4189 αὐτῷ
2130 4125 2168 4191 ἡ
2199 4124 2347 4187 δόξα
2374 4121 2560 4175 αὑτοῦ
2592 4122 2783 4175 ὀπίσω
2816 4123 3022 4176 αὑτοῦ.
3057 4122 3162 4188 Qui
3202 4123 3265 4176 de
3313 4122 3513 4175 divitiis

1939 4217 2056 4268 istis
2100 4215 2514 4283 philosophando
2543 4214 2718 4269 dixit:
2758 4232 2778 4266 ‹
2822 4214 2944 4267 Non
2986 4214 3258 4267 descendet
3301 4231 3421 4267 cum
3451 4229 3512 4265 eo

1938 4308 2110 4379 gloria
2142 4308 2254 4376 ejus
2284 4315 2402 4374 post
2434 4323 2550 4359 eum
2576 4307 2618 4360 ⁸.
2656 4326 2673 4357 ι
2708 4305 2776 4359 Et
2809 4322 2871 4360 ex
2909 4320 2971 4359 ea
3001 4321 3218 4375 quoque
3242 4305 3511 4365 oratione,

1941 4414 2046 4469 qua
2069 4398 2493 4468 Chrysostomus
2520 4399 2764 4451 omnium
2796 4399 2959 4452 simul
2993 4407 3292 4468 martyrum
3318 4397 3512 4452 laudes

1942 4490 2257 4551 celebravit,
2297 4489 2415 4557 ejus
2462 4503 2624 4558 quam
2649 4488 2760 4542 dixi
2798 4489 2873 4543 rei
2906 4488 3150 4557 exempla
3189 4488 3397 4556 aliquot
3425 4503 3514 4541 re-

260 4578 466 4644 pondus
516 4586 763 4644 operatur
817 4576 1019 4629 nobis'.
1061 4594 1079 4626 ι
1125 4573 1191 4628 Ει
1234 4590 1363 4629 vero
1404 4574 1579 4628 notari
1638 4582 1834 4643 potest,
1873 4570 1915 4624 Β
1946 4578 2085 4633 ferre
2157 4580 2304 4633 libet.
2362 4578 2439 4631 lta
2508 4580 2673 4649 igitur
2732 4580 2974 4648 loquitur
3025 4577 3514 4646 praestantissimus

265 4670 607 4739 Scripturam
662 4678 893 4738 utroque
946 4670 1068 4722 loco
1117 4683 1213 4737 per
1258 4667 1619 4738 periphrasim
1650 4668 1828 4721 citari.

264 4759 379 4814 Non
435 4762 587 4815 enim
634 4760 955 4830 simpliciter
998 4760 1202 4814 dictum
1230 4767 1335 4823 est,
1376 4760 1470 4812 καὶ
1492 4758 1566 4821 ὡς
1593 4757 1777 4826 ἔλεγεν
1810 4760 1838 4811 ὁ

264 4853 563 4922 Δεσπότης,
599 4862 649 4905 et
682 4851 1120 4921 quemadmodum
1152 4851 1409 4905 Dominus
1462 4851 1661 4917 aiebat,
1716 4851 1837 4918 sed,

262 4946 357 4997 καὶ
378 4944 455 5007 ὡς
484 4944 641 5011 ἔλεγε
661 4942 769 4996 τῶν
799 4944 1002 4998 πιστῶν
1031 4946 1059 4997 ὁ
1088 4944 1383 5013 Δεσπότης,
1416 4950 1466 4996 et
1493 4941 1839 5011 quemadmo—

266 5036 390 5087 dum
427 5034 670 5105 ﬁdelium
713 5034 970 5090 Dominus
1003 5034 1197 5089 aiebat.
1240 5032 1451 5087 Rursus
1486 5047 1597 5086 non
1626 5032 1838 5100 simpli-

264 5130 402 5182 citer
416 5130 626 5183 dictum
642 5136 747 5191 est,
764 5129 1031 5183 ἀκούσατε
1050 5128 1143 5181 τοῦ
1162 5128 1365 5199 Κυρίου
1381 5126 1649 5195 λέγοντος,
1661 5128 1838 5179 audite

265 5221 578 5287 Dominum,
595 5224 686 5292 qui
706 5222 851 5283 dicit,
867 5222 963 5278 sed
980 5224 1273 5294 copiosius,
1289 5221 1557 5275 ἀκούσατε
1574 5219 1669 5273 τοῦ
1690 5238 1839 5291 πρω-

264 5317 526 5368 maran
556 5314 669 5367 τῶν
694 5314 946 5368 τοιούτων
980 5314 1217 5383 ἀγαθῶν,
1240 5314 1508 5382 λέγοντος,
1544 5312 1723 5367 audite
1762 5322 1843 5365 ta-

269 5402 398 5455 lium
423 5404 681 5456 bonorum
704 5403 1026 5474 praefectum,
1058 5405 1146 5474 qui
1171 5404 1316 5457 dicit.
1352 5402 1586 5458 Basilius
1636 5412 1840 5468 autem,

266 5507 391 5548 cum
420 5512 452 5549 e
477 5494 781 5565 Scripturis
807 5497 985 5566 aliqua
1005 5497 1315 5552 testimonia
1334 5494 1510 5561 atiert,
1532 5511 1837 5567 nunquam,

270 5586 413 5653 quod
435 5587 632 5650 sciam,
652 5587 814 5642 simili
830 5588 1117 5642 verborum
1147 5585 1472 5641 circuitione
1490 5587 1678 5641 utitur.
1696 5584 1837 5656 Ergo

268 5687 627 5732 controversa
659 5676 774 5731 hac
803 5679 978 5733 oratio
1014 5679 1194 5748 potius
1237 5678 1525 5734 tribuenda
1553 5685 1636 5734 est
1660 5676 1835 5748 Chry-

344 5833 363 5865 ³
402 5831 562 5891 Joan.
599 5850 690 5901 si,
722 5834 813 5893 25.
891 5837 912 5869 ³
948 5835 993 5891 ll
1021 5834 1144 5894 Cor.
1185 5852 1258 5908 tv,
1296 5837 1382 5893 17.

1945 4680 2130 4726 orator
2162 4686 2268 4725 non
2309 4673 2467 4741 longe
2496 4672 2564 4724 ab
2595 4671 2750 4725 initio
2773 4672 2836 4741 (t.
2876 4670 2939 4735 ll,
2982 4686 3036 4741 p.
3070 4670 3194 4739 651)
3233 4688 3247 4724 :
3280 4670 3371 4738 Μὴ
3404 4669 3515 4741 γάρ

1947 4782 2038 4834 μοι
2061 4764 2160 4834 τὴν
2180 4763 2475 4835 ,βάρόαρον
2506 4762 2682 4815 αὐτῶν
2709 4762 2888 4833 φωνὴν
2912 4762 3044 4835 ἴδῃς,
3076 4761 3211 4815 ἀλλὰ
3237 4761 3335 4832 τὴν
3366 4760 3517 4829 φιλο-

1948 4853 2215 4923 σοφούσαν
2248 4853 2423 4905 αὐτῶν
2444 4852 2700 4906 διάνοιαν.
2728 4851 2858 4906 Noli
2885 4854 3022 4906 enim
3058 4851 3343 4905 barbaram
3373 4853 3516 4918 ipso-

1947 4963 2065 5000 rum
2104 4946 2339 5014 linguam
2372 4952 2623 5011 spectare,
2675 4944 2766 4999 sed
2800 4945 3036 4997 animum
3075 4946 3311 5013 ipsorum
3344 4944 3518 5012 philo-

1945 5038 2130 5106 sophia
2163 5037 2448 5090 excultum.
2478 5037 2770 5107 Aliquanto
2804 5048 2925 5105 post
2956 5036 3153 5105 legitur
3177 5036 3281 5090 hoc
3310 5036 3470 5089 modo
3498 5054 3513 5091 :

1944 5131 2103 5201 Λόγῳ
2133 5129 2242 5200 γὰρ
2272 5130 2342 5182 τὰ
2360 5128 2581 5182 τοιαῦτα
2600 5128 2906 5196 φιλοσοφεῖν
2935 5128 3083 5180 οὐδὲν
3113 5127 3386 5192 δύσκολον,
3408 5130 3435 5179 ὁ
3458 5128 3516 5180 δὲ

1948 5223 2176 5292 μάρτυς,
2210 5229 2314 5275 etc.
2362 5219 2515 5273 Nihil
2558 5222 2741 5289 quippe
2784 5218 2993 5288 difﬁcile
3030 5220 3196 5273 verbis
3228 5220 3322 5273 hoc
3362 5230 3517 5287 pacto

1944 5314 2320 5384 philosophari,
2345 5322 2400 5369 at
2439 5324 2665 5383 martyr,
2697 5323 2800 5367 etc.
2837 5311 2950 5367 Sub
2989 5314 3149 5368 linem
3185 5314 3349 5382 hujus
3380 5329 3515 5368 con-

1947 5408 2124 5462 cionis
2154 5407 2230 5477 (p.
2261 5405 2387 5476 657)
2415 5406 2685 5475 reperitur
2729 5413 2784 5460 et
2832 5405 2973 5467 alius
3007 5405 3159 5459 locus
3194 5407 3287 5474 qui
3317 5412 3370 5458 et
3400 5403 3518 5472 ipse

1948 5501 2016 5555 ad
2050 5515 2163 5553 rem
2208 5498 2360 5553 facit.
2398 5497 2495 5553 Est
2524 5507 2704 5551 autem
2738 5499 3007 5566 ejusmodi
3060 5518 3071 5552 :
3122 5498 3403 5551 Ἀναλισκε
3436 5498 3518 5559 εἰς

1946 5594 2086 5659 δέον,
2110 5593 2240 5645 ὅταν
2266 5589 2415 5663 ῐχῃς,
2434 5590 2498 5641 ἵν’
2528 5590 2655 5641 ὅταν
2694 5589 3017 5661 ἀφαιρεθῇς,
3047 5590 3265 5642 διπλοῦν
3296 5588 3422 5660 ἔχῃς,
3458 5587 3517 5638 τὸ

1950 5684 2160 5757 κέρδος,
2192 5682 2281 5737 τόν
2308 5699 2368 5736 τε
2394 5683 2457 5735 ἐκ
2488 5681 2588 5752 τῆς
2616 5681 2839 5754 ἀρίστης
2874 5681 3117 5752 δαπάνης
3158 5679 3518 5749 ἀποκείμενον

1478 5838 1498 5870 ³
1521 5836 1667 5895 Psal.
1692 5852 1886 5904 sum,
1918 5837 2007 5894 18.
