3972 6202
460 470 528 526 15
1895 458 2058 514 ΡΒᾸΞ

2158 457 2291 512 'l'lO.
2872 424 2878 428 ’
3628 432 3696 486 te

460 600 542 638 σοι
583 579 791 649 μισθὸν,
840 578 935 632 καὶ
970 578 1067 650 τὴν
1099 580 1161 630 ὲκ
1199 578 1294 648 τῆς
1339 576 1637 649 ὑπεροψίας
1675 575 2030 648 ὲγγινομὲνην

2158 572 2351 643 [uidem
2396 568 2612 625 dicendi
2645 581 2819 638 genus
2855 558 3123 634 ejusmodi
3153 573 3293 621 esse,
3331 561 3389 608 ut
3416 550 3565 606 nullo
3587 549 3700 602 alio

459 672 775 743 φιλοσοφίαν
805 671 883 734 είς
912 669 1218 740 τὸν-καιρδν
1248 668 1349 739 τῆς
1376 669 1641 732 ἀπουσίας
1673 667 1849 721 αὐτῶν
1892 683 2027 737 χρη-

463 765 811 835 σιμεύουσαν.
845 760 1088 830 Eapeude
1125 761 1250 814 illas
1278 761 1331 813 in
1360 777 1440 813 res
1473 761 1651 824 utiles,
1689 761 1815 812 dum
1840 773 2027 826 suppe-

465 863 600 917 tunt,
625 861 682 904 ut
706 868 822 905 cum
845 860 1034 920 erepta:
1077 851 1293 915 fuerint,
1313 849 1506 918 duplex
1539 849 1629 901 tibi
1673 857 1902 918 qucestus
1931 846 2024 900 ob-

463 946 654 1010 veniat,
691 953 800 996 tum
851 942 913 996 ob
960 953 1204 1011 paratam
1267 941 1360 994 tibi
1414 940 1721 1004 mercedem,
1755 939 1892 1009 quod
1940 955 2028 992 eas

465 1036 658 1104 optime
678 1032 1002 1102 expenderis,
1033 1042 1142 1086 tum
1164 1031 1225 1086 ob
1259 1032 1572 1102 acquisitam
1600 1047 1664 1085 ea:
1696 1047 1876 1084 earum
1900 1048 1994 1083 con
2012 1057 2030 1071 -

467 1133 662 1195 tempta
693 1123 1074 1194 philosophiam
1107 1131 1154 1177 et
1174 1122 1633 1191 patientiam,quw
1663 1120 1756 1173 tibi
1792 1130 1900 1174 tum
1930 1121 2031 1174 erit

464 1218 609 1282 usui,
645 1231 765 1269 cum
810 1216 920 1270 illis
950 1216 1114 1286 fueris
1166 1215 1468 1268 destitutus.
1500 1213 1565 1266 Et
1613 1213 1868 1282 quoniam
1905 1227 2031 1266 sus-

465 1316 624 1378 cepta
668 1316 752 1363 est
794 1307 1090 1378 disputatio
1118 1307 1233 1361 haec
1277 1309 1530 1376 martyris
1561 1319 1728 1358 causa
1758 1303 2028 1366 Barlaam,

468 1400 706 1456 alienum
742 1414 851 1454 non
886 1398 1098 1452 videtur
1149 1396 1352 1467 aliquid
1385 1395 1625 1466 proferre
1676 1410 1742 1449 ex
1786 1410 1851 1449 ea
1902 1410 2029 1448 ora-

466 1494 637 1555 tione,
662 1503 822 1560 quam
847 1488 914 1544 de
932 1486 1231 1543 fortissimo
1256 1488 1350 1541 illo
1377 1487 1578 1541 athleta
1609 1485 2034 1557 Clll'ySOSlOJlllS

468 1583 682 1638 habuit.
725 1580 971 1635 Primum
1018 1581 1184 1650 igitur
1217 1587 1515 1634 occurrunt
1542 1579 1655 1632 haec
1684 1578 1850 1632 verba
1891 1574 2035 1648 (t.ll,

469 1691 524 1748 p.
539 1675 663 1746 682)
685 1693 699 1731 :
717 1674 919 1745 Ἀλγῶν
933 1674 988 1726 δὲ
1008 1675 1101 1727 καὶ
1125 1673 1368 1742 πάσχων,
1382 1670 1481 1742 τὴν
1498 1661 1604 1722 τῶν
1628 1669 1932 1739 ἀσωμάτων
1949 1667 2038 1720 δυ-

469 1768 686 1838 νάμεων
715 1768 771 1820 ὲν
793 1765 1003 1836 σώματι
1021 1763 1197 1836 θνητῷ
1222 1762 1533 1831 φιλοσοφίαν
1555 1761 1904 1815 ἐνεδείκνυτο.
1934 1757 2036 1813 Sed

471 1859 652 1914 dolens
685 1875 748 1912 ac
774 1859 1000 1928 patiens,
1018 1857 1439 1924 incorporearum
1474 1854 1722 1908 virtutum
1741 1854 1792 1904 in
1822 1851 2039 1905 mortali

2125 665 2300 736 magis
2337 663 2635 718 delectatus
2665 659 2736 715 sit
2763 657 3210 726 Clirysostomus,
3243 644 3514 718 posterius
3551 653 3685 695 vero

2126 756 2269 811 inter
2292 769 2356 809 ea
2393 753 2648 822 loquendi
2675 762 2870 821 genera
2901 743 3172 799 recenseri
3220 738 3440 799 debere,
3477 746 3599 802 qua:
3642 729 3694 783 si

2126 864 2238 903 non
2267 847 2343 901 ita
2374 845 2763 916 Chrysostomo
2807 838 2980 892 amica
3033 839 3217 890 essent
3253 837 3310 884 ut
3343 825 3472 881 illud
3515 823 3692 894 prius.

2129 944 2185 990 at
2215 937 2265 991 oi
2307 915 2747 988 tamenrmultum
2783 941 2998 998 quoque
3029 925 3328 993 placerent.
3376 915 3516 969 Hinc
3550 917 3704 982 patet

2128 1043 2258 1082 vere
2305 1025 2412 1079 dici
2460 1025 2702 1085 solitum,
2737 1021 2874 1074 alios
2924 1018 3047 1071 aliis
3071 1009 3354 1068 oblectari.
3383 1007 3519 1062 Cum
3552 1003 3706 1059 enim

2131 1134 2322 1174 recens
2363 1117 2464 1171 sim
2495 1130 2525 1168 a
2555 1115 2786 1169 lectione
2816 1107 3262 1182 panegyricarum
3291 1099 3474 1155 Basilii
3501 1096 3710 1151 oratio-

2134 1228 2293 1275 num,
2326 1210 2596 1264 aﬁirmare
2635 1207 2765 1260 mibi
2806 1207 2970 1259 licere
2995 1202 3251 1262 arbitror,
3282 1195 3413 1249 illud
3450 1186 3710 1259 loquendi

2135 1318 2326 1375 genus,
2355 1315 2462 1370 quo
2493 1305 2586 1351 aut
2615 1297 2837 1351 verbum
2875 1292 3199 1363 φιλοσοφεῖν,
3231 1294 3325 1339 aut
3363 1298 3462 1337 vox
3495 1279 3713 1349 φιλοσο-

2136 1373 2232 1463 ιρία
2279 1390 2481 1462 passim
2516 1404 2544 1441 a
2580 1387 2965 1457 Chrysostomo
3000 1381 3287 1435 adhibetur
3334 1374 3401 1428 ad
3445 1373 3710 1425 virtutem

2137 1491 2435 1556 martyrum
2469 1478 2902 1550 signiﬁcandam,
2933 1476 3107 1545 ipsum
3135 1480 3315 1525 tamen
3348 1477 3620 1534 nusquam
3652 1461 3713 1513 in

2139 1578 2229 1642 iis,
2274 1589 2411 1645 quas
2457 1572 2593 1638 dixi,
2626 1569 2811 1623 Basilii
2860 1565 3200 1621 orationibus
3251 1556 3502 1614 inveniri.
3535 1551 3716 1606 Velim

2138 1643 2386 1739 legantur
2409 1665 2744 1734 panegyricae
2777 1660 2881 1713 illa:
2909 1656 3207 1718 orationes,
3237 1666 3376 1721 quas
3413 1648 3481 1703 de
3510 1643 3720 1715 glorio-

2142 1757 2376 1816 sissimis
2403 1754 2729 1826 quibusdam
2761 1747 3092 1819 martyribus
3139 1743 3326 1798 habuit
3349 1741 3434 1796 vir
3468 1747 3720 1792 summus

2146 1849 2398 1914 Basilius,
2423 1825 2488 1902 ut
2546 1845 2718 1916 magis
2762 1842 3097 1910 intelligatur
3142 1850 3335 1892 verum
3396 1845 3521 1886 esse
3567 1825 3719 1898 quod

472 1965 685 2018 corpore
727 1917 1108 2018 philosophiam
1155 1917 1265 2015 pra:
1294 1960 1348 1998 se
1375 1943 1591 2013 ferebat.
1641 1938 1843 1994 Deinde
1887 1937 2047 1993 oli‘ert
2081 1923 2122 1979 Β
2149 1941 2284 1996 dixi.
2335 1938 2586 1994 Vidimus
2619 1950 2838 2007 quoque
2870 1931 3325 2002 Chrysostomum
3371 1923 3601 1978 libenter
3636 1917 3723 1972 uti

475 2057 535 2098 se
563 2041 695 2097 illud
720 2040 868 2112 (pag.
885 2039 1011 2109 686)
1045 2058 1059 2094 :
1087 2039 1149 2091 El
1177 2038 1233 2090 δὲ
1269 2037 1363 2090 ἐπὶ
1389 2037 1488 2106 τῆς
1507 2033 1751 2097 Παλαιᾶς
1777 2032 2050 2103 Διαθήκης

473 2134 644 2188 ταῦτα
679 2134 1043 2204 ἀπηγόρευτο,
1096 2129 1272 2200 πολλῷ
1313 2127 1511 2199 μᾶλλον
1549 2126 1641 2180 ἐπὶ
1669 2124 1770 2195 τῆς
1801 2123 2065 2204 χάριτος,

475 2227 604 2280 ἔνθα
657 2201 920 2295 πλείων-ἡ
955 2223 1261 2292 φιλοσοφία.
1306 2219 1458 2286 Quod
1489 2220 1535 2274 si
1561 2219 1670 2272 ha'c
1707 2215 1906 2270 Veteris
1943 2201 2065 2269 Te-=

475 2321 721 2373 stamenti
747 2329 971 2384 tempore
992 2313 1418 2384 prohibebantur,
1440 2311 1605 2365 multo
1631 2310 1799 2380 magis
1825 2318 2062 2376 tempore;

476 2411 684 2482 gratite,
714 2409 802 2463 ubi
829 2408 1002 2478 major
1020 2416 1097 2462 est
1125 2405 1475 2476 philosophia.
1494 2405 1640 2458 Inter
1669 2410 1864 2456 caetera
1887 2399 2051 2454 velim

477 2507 728 2575 legantur
771 2518 893 2575 qua:
931 2501 1354 2573 Chrysostomus
1399 2497 1619 2568 scripsit
1657 2495 1712 2550 in
1783 2491 2054 2548 strenuis-

479 2597 651 2653 simos
690 2603 957 2665 martyres
1002 2593 1311 2646 Romanum
1340 2597 1394 2644 et
1437 2586 1735 2652 lulianum,
1764 2585 1893 2640 item
1935 2597 2057 2652 qua:

480 2692 622 2748 idem
674 2686 897 2758 scripsit
951 2684 1009 2739 in
1079 2683 1293 2738 beatam
1350 2678 1632 2734 Drosidem
1701 2684 1758 2732 et
1821 2677 1880 2730 in
1945 2675 2058 2729 Ma-

480 2782 732 2838 chabaeos
781 2797 794 2832 :
834 2776 1034 2847 quibus
1084 2774 1141 2828 in
1190 2771 1532 2827 orationibus
1573 2777 1835 2838 praestare
1881 2767 2056 2820 ausim

480 2881 758 2945 repertum
817 2869 885 2922 iri
924 2866 1236 2922 testimonia
1282 2863 1471 2926 multa,
1517 2859 1717 2931 quibus
1750 2856 1896 2929 quod
1944 2855 2058 2911 dixi

483 2959 713 3015 miriﬁce
764 2956 1138 3012 conﬁrmetur.
1167 2951 1285 3006 Non
1334 2965 1527 3021 parum
1559 2963 1780 3019 quoque
1818 2946 2060 3016 Chryso-

484 3061 661 3108 stomo
688 3049 864 3120 placet
905 3053 1183 3116 pratorum
1214 3039 1548 3110 comparatio
1581 3039 1637 3091 in
1667 3035 2061 3106 signiﬁcatione

483 3143 565 3199 rei
598 3149 764 3213 grata:
797 3153 860 3193 ac
883 3135 1160 3207 jucundae.
1192 3132 1452 3202 Exempla
1484 3131 1710 3200 aliquot,
1738 3137 1796 3182 ut
1822 3127 2061 3198 quidque

485 3241 756 3296 occurret,
779 3229 1089 3302 subjiciam.
1111 3227 1185 3281 lta
1209 3227 1373 3296 igitur
1397 3223 1824 3294 Chrysostomus
1842 3221 2059 3274 locutus

485 3336 569 3380 est
597 3325 652 3378 in
691 3321 928 3393 quadam
969 3318 1217 3373 oratione
1243 3317 1305 3386 (t.
1345 3313 1408 3369 ll.
1437 3329 1491 3384 p.
1531 3311 1679 3382 670),
1709 3326 1818 3382 qua
1867 3325 2059 3364 omnes

488 3417 653 3471 simul
686 3421 948 3484 martyres
1000 3407 1186 3464 laudat
1217 3423 1232 3462 :
1262 3405 1424 3460 Ἀλλὰ
1475 3406 1672 3476 κήποις
1722 3402 2061 3474 ἐνδιατρῖψαι

490 3507 689 3579 βούλει,
729 3507 823 3558 καὶ
868 3501 1096 3574 λειμῶσι
1129 3500 1224 3555 καὶ
1258 3498 1639 3572 παραδείσοις;
1682 3495 1873 3552 Verum
1923 3497 2063 3550 enim

489 3616 608 3654 vero
633 3599 688 3652 in
719 3597 885 3652 hortis
920 3594 1120 3648 versari
1161 3592 1306 3662 cupis
1328 3629 1343 3658 ,
1368 3593 1424 3644 in
1462 3591 1632 3660 pratis
1666 3601 1715 3643 et
1755 3588 2064 3643 viridariis?

489 3691 600 3747 Nec
651 3691 726 3745 ita
781 3689 952 3742 multo
1007 3685 1150 3740 infra
1201 3700 1346 3748 eum,
1379 3699 1541 3755 quem
1592 3681 1728 3748 dixi,
1769 3681 1950 3737 locum
1983 3680 2064 3736 sic

493 3797 685 3839 rursus
718 3782 911 3852 legitur
941 3799 954 3838 ,:
989 3779 1174 3841 Οὕτως
1203 3778 1289 3831 ἀεὶ
1318 3777 1426 3830 ἀπὸ
1471 3774 1580 3829 τῶν
1634 3774 1924 3847 μαρτύρων
1970 3776 2067 3826 ὲπ-

492 3875 753 3944 ανίωμεν,
770 3873 876 3926 ἀπὸ
902 3871 1086 3942 μύρων
1116 3869 1519 3941 πνευματικῶν,
1538 3869 1644 3922 ἀπὸ
1670 3868 1949 3939 λειμώνων
1972 3867 2066 3920 ού-

495 3965 712 4038 ρανίων,
733 3975 836 4020 etc.
859 3961 947 4016 ]ta
971 3979 1167 4032 semper
1206 3979 1239 4015 a
1268 3961 1589 4031 martyribus
1621 3970 1964 4023 revertamur,
2002 3958 2067 4011 ab

494 4057 773 4130 unguentis
818 4055 1206 4124 spiritualibus,
1234 4071 1266 4107 a
1296 4053 1587 4108 cazlestibus
1613 4051 1805 4123 pratis,
1846 4059 1953 4106 etc.
1981 4048 2071 4102 Di-

496 4165 651 4204 scere
683 4149 831 4211 licet,
863 4155 922 4201 ut
952 4146 1159 4206 meuui,
1179 4161 1245 4200 ex
1273 4161 1336 4200 ea
1373 4145 1657 4207 concione,
1690 4157 1811 4212 quae
1841 4139 1910 4194 de
1937 4154 2068 4194 san-

497 4238 746 4293 ctissimo
779 4246 1018 4307 martyre
1045 4235 1290 4291 Romano
1320 4235 1505 4290 habita
1531 4243 1636 4298 est,
1661 4241 1871 4287 certum
1901 4231 2069 4301 quod-

497 4332 621 4383 tlam
653 4328 869 4384 dicendi
902 4344 1075 4399 genus
1107 4342 1368 4399 perquam
1393 4326 1658 4381 familiare
1677 4324 2072 4396 Cbrysostomo

499 4420 671 4474 fuisse
700 4439 714 4473 :
745 4435 938 4474 rursus
967 4435 1034 4474 ex
1067 4419 1258 4474 eadem
1287 4418 1466 4472 locum
1501 4431 1769 4487 promam,
1805 4431 1915 4486 quo
1946 4430 2068 4485 pro--

498 4513 618 4568 bari
650 4511 822 4582 possit
859 4527 998 4572 eam,
1037 4510 1104 4566 de
1144 4526 1251 4580 qua
1287 4524 1430 4564 nunc
1471 4510 1675 4579 agitur,
1710 4506 1928 4562 dicendi
1964 4504 2076 4560 for-

2149 2043 2426 2105 pratorum
2478 2026 2886 2098 comparatione
2939 2023 3008 2077 ad
3056 2017 3402 2076 indicandam
3439 2028 3554 2069 rem
3593 2024 3726 2082 gra-

2150 2136 2298 2187 tam;
2327 2132 2380 2180 et
2408 2130 2590 2177 tamen
2618 2120 2689 2176 ob
2715 2132 2858 2182 eam,
2887 2130 3049 2186 quam
3076 2111 3255 2177 attuli,
3284 2121 3530 2170 causam,
3566 2117 3725 2158 asse-

2151 2223 2404 2274 veranter
2447 2214 2629 2268 dicere
2660 2225 2821 2283 posse
2849 2209 3058 2270 videor,
3090 2204 3229 2259 nihil
3257 2201 3364 2256 tale
3402 2195 3547 2268 apud
3569 2194 3731 2249 Basi-

2151 2309 2285 2363 lium
2335 2305 2566 2377 reperiri
2609 2303 2666 2356 in
2720 2302 2790 2358 iis
2828 2296 3218 2357 concionibus,
3255 2294 3311 2347 in
3358 2290 3558 2362 quibus
3606 2287 3731 2356 ipse

2154 2400 2416 2473 praeclara
2460 2397 2885 2454 fortissimorum
2915 2389 3280 2462 quorumdam
3312 2394 3608 2454 martyrum
3643 2378 3733 2433 fa-

2155 2491 2344 2545 cinora
2398 2487 2595 2542 litteris
2647 2482 2911 2556 prodidit.
2943 2480 3057 2534 lmo
3105 2479 3268 2534 etiam
3300 2475 3416 2529 huic
3443 2481 3731 2542 pratorum

2155 2581 2517 2650 comparatio,
2549 2594 2671 2650 qua:
2711 2576 2847 2631 satis
2871 2573 3265 2644 Chrysostomo
3296 2565 3589 2628 arridebat,
3620 2558 3732 2616 Ba-

2156 2672 2342 2727 silium
2386 2677 2497 2724 tam
2540 2683 2734 2740 parum
2780 2663 3095 2727 commovit,
3125 2668 3187 2716 ut
3212 2661 3391 2730 ipsum
3413 2674 3483 2712 ne
3509 2657 3562 2710 in
3604 2653 3735 2708 aliis

2157 2765 2374 2835 quidem
2400 2765 2514 2818 suis
2536 2760 2877 2816 orationibus
2912 2773 2977 2813 ea
3009 2771 3168 2811 usum
3194 2753 3365 2808 fuisse
3386 2758 3588 2821 putem.
3609 2744 3736 2799 lam

2161 2853 2447 2910 redeamus
2473 2853 2540 2907 ad
2567 2859 2979 2906 controversam
3006 2847 3331 2909 orationem,
3360 2854 3414 2898 et
3446 2841 3736 2896 videamus

2158 2955 2279 3003 uter
2311 2946 2430 3016 ejus
2459 2946 2530 3000 sit
2564 2945 2834 3016 legitimus
2862 2956 3090 3012 parens,
3121 2940 3428 2995 B‘asiliusne
3459 2950 3527 2989 an
3557 2932 3738 3004 Chry-

2160 3048 2454 3096 sostomus.
2485 3038 2620 3092 lllud
2661 3047 2839 3092 autem
2880 3034 3134 3105 loquendi
3162 3047 3355 3103 genus,
3381 3027 3523 3099 quod
3552 3025 3738 3094 Chry-

2163 3139 2404 3187 sostomo
2454 3139 2564 3184 tam
2626 3129 2892 3185 familiare
2952 3144 3074 3183 esse
3127 3122 3363 3185 ostendi,
3405 3135 3514 3191 quo
3549 3127 3738 3172 tamen

2162 3220 2393 3276 Basilius
2460 3221 2515 3274 in
2561 3219 2846 3274 laudandis
2893 3216 3223 3288 martyribus
3285 3226 3553 3282 nusquam
3601 3223 3743 3262 usus

2161 3310 2332 3368 fuisse
2369 3312 2722 3381 comperitur,
2755 3313 2806 3364 in
2838 3325 2922 3372 ea,
2965 3309 3032 3362 de
3077 3321 3183 3376 qua
3231 3305 3446 3374 agitur,
3490 3300 3743 3355 oratione

2162 3403 2417 3474 usurpari
2475 3403 2868 3457 animadverto.
2916 3399 2974 3454 In
3026 3401 3143 3470 ipsa
3174 3397 3318 3453 enim
3361 3398 3433 3449 ita
3471 3394 3742 3460 scriptum

2163 3479 2376 3566 legitur.
2401 3494 2566 3565 (apud
2607 3493 2771 3547 Basil.
2805 3501 2842 3546 t.
2870 3491 2934 3555 Il,
2971 3508 3024 3562 p.
3056 3489 3177 3558 1'59)
3213 3507 3225 3542 :
3262 3483 3742 3552 Διασκαπτόμεναι

2164 3589 2394 3659 πλευραὶ
2426 3585 2819 3657 δεδαπάνηντο,
2854 3583 2966 3636 ἀλλ’
3002 3585 3034 3654 ἡ
3067 3581 3160 3634 τοῦ
3208 3579 3555 3650 φρονήματος
3585 3573 3740 3644 ἤνθει

2165 3677 2468 3747 φιλοσοφία.
2510 3675 2759 3744 Perfossa
2787 3675 2955 3728 latera
2987 3671 3398 3726 absumebantur
3431 3685 3449 3722 :
3477 3667 3566 3721 sed
3598 3682 3746 3719 men-
3840 3724 3852 3738 ‘

2167 3773 2234 3825 tis
2271 3768 2604 3840 philosophia
2650 3769 2930 3838 eﬁlorebat.
2986 3764 3249 3819 Similiter
3283 3759 3618 3831 comparatio
3649 3759 3746 3810 illa

2168 3873 2468 3936 pratorum,
2500 3876 2622 3931 quae
2659 3860 3050 3930 Chrysostomo
3092 3872 3201 3911 non
3254 3855 3462 3925 ingrata
3511 3859 3649 3914 erat,
3688 3859 3749 3903 et

2169 3955 2287 4025 ipsa
2322 3968 2538 4024 quoque
2569 3954 2624 4007 in
2656 3967 2742 4017 ea,
2777 3951 2844 4005 de
2873 3965 2979 4020 qua
3024 3963 3171 4002 nunc
3217 3943 3590 4000 controversia
3633 3948 3746 4002 est,

2168 4045 2415 4102 oratione
2450 4059 2478 4096 a
2508 4043 2752 4113 quolibet
2792 4044 2944 4095 cerni
2980 4047 3178 4110 potest.
3205 4035 3309 4091 Sed
3349 4037 3527 4105 ipsum
3554 4039 3738 4085 aucto-

2169 4152 2304 4203 rem,
2333 4135 2583 4205 quisquis
2612 4141 2714 4196 est,
2747 4132 2941 4186 audire
2972 4137 3212 4200 praestat.
3249 4126 3340 4180 Sic
3371 4126 3535 4195 igitur
3566 4122 3750 4192 loqui-

2171 4241 2258 4286 tur
2291 4227 2454 4299 (apud
2484 4227 2646 4281 Basil.
2673 4241 2727 4296 p.
2752 4223 2874 4294 MO)
2909 4242 2920 4277 :
2949 4222 3320 4291 Κολαστήριον
3349 4218 3504 4285 ξύλον
3529 4217 3604 4279 ὡς
3635 4232 3747 4267 σω-

2168 4323 2352 4393 τήριον
2381 4317 2775 4388 ἀσπαζόμενος,
2794 4315 3083 4383 κλείσμασι
3116 4309 3503 4382 δεσμωτηρίων
3528 4309 3603 4370 ὡς
3635 4307 3750 4360 λει-

2175 4413 2316 4486 μῶσι
2370 4412 2718 4483 τερπόμενος.
2769 4408 3027 4477 Supplicii
3085 4407 3280 4476 lignum
3323 4403 3457 4458 velut
3507 4402 3753 4456 salutare

2173 4503 2536 4567 osculabatur,
2584 4501 2741 4569 septis
2793 4515 3065 4553 carcerum
3116 4513 3208 4550 ceu
3247 4495 3415 4564 pratis
3457 4492 3747 4564 gaudebat.

499 4602 704 4656 mulam
749 4599 855 4671 ipsi
895 4615 1114 4669 quoque
1140 4614 1253 4653 non
1283 4613 1474 4667 parum
1500 4594 1946 4667 placuisse.Ejus
1973 4609 2068 4647 au-
2103 4608 2148 4663 1)
2174 4592 2459 4664 Quomodo
2491 4610 2619 4665 ergo
2666 4593 2891 4657 Basilio,
2922 4607 3046 4646 cum
3102 4589 3170 4644 de
3218 4597 3456 4659 martyre
3498 4586 3751 4640 Barlaam

502 4703 610 4750 tem
653 4693 767 4747 haec
797 4699 925 4747 sunt
952 4691 1116 4746 verba
1155 4690 1216 4760 (t.
1255 4689 1316 4755 ll,
1351 4705 1404 4759 p.
1446 4687 1608 4758 6H):
1638 4688 1750 4742 Καὶ
1778 4686 1967 4758 ὥσπερ
2015 4688 2073 4738 ὲν

504 4787 624 4858 ἱερᾷ
684 4787 876 4856 πομπῇ
933 4783 1266 4855 χορεύοντες,
1314 4783 1406 4835 καὶ
1438 4782 1495 4835 ἐν
1527 4779 1751 4852 λειμῶνι
1794 4778 2077 4844 παίζοντες

502 4876 727 4949 χλοερῷ,
786 4875 928 4928 οὕτω
974 4876 1071 4937 τὰς
1116 4872 1385 4944 τιμωρίας
1438 4872 1668 4934 ἕκαστος
1700 4870 1966 4942 ἥρπαζεν.
2007 4868 2078 4923 Et

503 4966 638 5021 velut
667 4968 720 5019 in
759 4982 916 5020 sacra
961 4979 1150 5032 pompa
1199 4963 1414 5016 choreas
1468 4961 1735 5026 ducentes,
1760 4969 1809 5013 et
1842 4962 1894 5013 in
1922 4958 2079 5013 viridi

502 5068 654 5128 prato
693 5057 950 5121 ludentes,
979 5059 1055 5110 ita
1083 5056 1371 5124 arripiebat
1400 5054 1753 5124 unusquisque
1786 5053 2075 5106 cruciatus.

503 5149 588 5204 Ad
616 5149 757 5205 idem
786 5146 1222 5204 conlirmandum
1255 5145 1434 5200 afferri
1465 5153 1697 5216 possunt
1732 5161 1852 5215 qua:
1884 5145 2077 5216 legun-

504 5253 598 5298 tur
627 5243 772 5312 apud
799 5241 1253 5312 Cbrysostomum
1279 5241 1336 5294 in
1365 5254 1428 5294 ea
1458 5255 1620 5310 quam
1647 5239 1758 5309 jam
1789 5241 2078 5294 citavimus

505 5334 792 5396 concione,
823 5333 917 5386 ubi
943 5332 1198 5387 videlicet
1230 5331 1486 5385 omnibus
1515 5331 1679 5385 simul
1708 5330 1914 5385 sanctis
1941 5345 2080 5400 prae-

507 5426 728 5480 conium
782 5424 972 5478 tribuit
1019 5431 1209 5478 orator
1263 5422 1524 5492 optimus.
1561 5421 1653 5475 Sic
1684 5432 1865 5476 autem
1901 5423 2082 5492 loqui-

505 5528 596 5572 tur
631 5517 697 5588 (t.
721 5514 784 5579 ιι,
815 5530 872 5585 ι).
906 5513 1064 5584 654);
1101 5515 1215 5584 Οὐχ
1234 5512 1376 5567 οὕτω
1401 5513 1663 5584 λειμῶνές
1691 5515 1794 5566 είσι
1828 5514 2078 5584 τερπνοὶ,

509 5609 636 5680 ῥόδα
658 5608 752 5661 καὶ
775 5606 829 5660 ia
851 5605 1211 5677 παρεχόμενοι
1230 5607 1342 5668 τοῖς
1359 5605 1670 5676 θεωμένοις,
1689 5604 1764 5666 ὡς
1785 5604 2080 5676 μαρτύρων

505 5704 685 5770 τάφοι.
713 5702 832 5756 Non
862 5699 942 5753 ita
979 5715 1073 5752 nos
1112 5707 1268 5766 prata
1310 5697 1590 5764 delectant,
1617 5698 1744 5750 dum
1779 5715 1930 5752 rosas
1969 5698 2081 5750 uio-

511 5795 692 5864 lasque
721 5792 1031 5862 spectandas
1072 5790 1428 5859 suppeditant,
1464 5799 1525 5844 ac
1546 5801 1840 5862 martyrum
1863 5790 2078 5846 tumuli.

511 5883 590 5940 Ex
645 5885 869 5959 quibus
898 5883 1172 5951 omnibus,
1200 5884 1415 5954 Opinor,
1465 5884 1626 5955 plane
1669 5889 1886 5940 constat
1927 5880 2082 5953 prius

2177 4701 2484 4744 sermonem
2507 4684 2756 4746 haberet,
2783 4683 2932 4737 venit
2961 4681 3018 4735 in
3049 4689 3286 4734 mentem
3316 4679 3396 4733 uti
3419 4674 3751 4748 quibusdam

2177 4777 2435 4848 loquendi
2479 4775 2791 4847 generibus,
2819 4773 3017 4843 quibus
3057 4785 3324 4840 nusquam
3371 4769 3427 4823 in
3481 4767 3647 4823 certis
3685 4782 3756 4820 ac

2179 4869 2503 4926 indubitatis
2538 4868 2656 4924 suis
2696 4867 3037 4922 orationibus
3074 4880 3208 4920 usus
3241 4862 3413 4917 fuisse
3440 4859 3755 4915 invenitur?

2177 4961 2370 5018 Nonne
2386 4962 2546 5031 longe
2571 4960 2913 5030 probabilius
2943 4965 3027 5014 est
3055 4967 3423 5012 controversae
3441 4954 3609 5023 hujus
3628 4967 3757 5007 ora-

2181 5055 2345 5110 tionis
2389 5067 2578 5108 verum
2615 5067 2678 5106 ac
2705 5051 3008 5119 legitimum
3057 5053 3339 5118 parentem
3367 5061 3492 5100 esse
3519 5044 3757 5113 Chryso-

2179 5155 2439 5209 stomum,
2467 5144 2560 5214 qui
2598 5144 2688 5207 iis,
2724 5157 2863 5212 quas
2888 5141 3020 5206 dixi,
3051 5139 3268 5195 dicendi
3305 5137 3558 5192 formulis
3591 5133 3756 5188 fami-

2179 5238 2389 5292 liariter
2418 5237 2497 5291 uti
2523 5235 2759 5291 soleret?
2790 5233 2941 5288 llauc
2975 5232 3277 5288 orationem
3301 5231 3601 5301 longiorem
3630 5242 3756 5282 esse

2179 5340 2553 5397 percupcrem.
2598 5323 2655 5377 ld
2689 5324 2735 5377 si
2784 5333 2951 5389 esset,
2990 5322 3208 5390 sapius,
3235 5321 3451 5390 opinor,
3485 5327 3599 5372 tum
3628 5332 3756 5371 ver-

2179 5416 2308 5471 bum
2371 5414 2702 5485 φιλοσοφεῖν,
2755 5421 2868 5466 tum
2914 5421 3195 5481 pratorum
3233 5409 3570 5479 comparatio
3603 5407 3657 5460 in
3689 5420 3758 5460 ea

2181 5517 2532 5574 occurreret;
2558 5507 2746 5576 sicque
2769 5509 2944 5575 magis
2967 5504 3361 5574 intelligeretur
3389 5503 3563 5572 ipsam
3585 5498 3759 5569 Chrys
3833 5554 3837 5557 γ

2183 5609 2429 5657 sostomo
2455 5598 2621 5654 tribui
2651 5598 2868 5652 debere.
2906 5595 3128 5649 Accedit
3149 5595 3337 5659 etiam,
3355 5591 3502 5662 quod
3524 5589 3760 5644 Basilius

2184 5693 2242 5746 in
2276 5691 2622 5762 panegyricis
2652 5689 2769 5746 suis
2797 5688 3142 5743 orationibus
3165 5699 3381 5755 semper
3409 5693 3594 5737 utatur
3623 5696 3760 5737 voce

2171 5787 2324 5856 ιάνήρ
2360 5784 2427 5838 ad
2472 5784 2621 5853 ipsos
2662 5790 3109 5851 martyres,quos
3141 5779 3347 5843 laudat,
3382 5775 3705 5830 iudicandos
3739 5793 3752 5828 :

2185 5877 2617 5948 Cbrysostomus
2647 5887 2777 5929 vero
2802 5873 2857 5929 in
2885 5874 2954 5930 iis
2975 5888 3113 5945 quas
3140 5871 3303 5926 citavi
3335 5868 3677 5926 orationibus
3704 5875 3758 5920 et
