3972 6202
256 323 321 379 Π
1708 319 2101 377 ΡΗᾸΕΕΑΤΙΟ.
3436 327 3513 384 13

255 444 313 498 in
351 440 671 512 quibusdam
700 438 828 497 aliis
853 456 1138 512 nunquam
1163 457 1283 499 eam
1314 456 1500 497 vocem
1532 441 1636 496 hoc
1669 457 1833 497 sensu

1939 443 2329 514 ὲκπιπτούσης,
2364 444 2462 514 τῆς
2492 443 2669 516 χειρὸς
2709 443 2765 497 δὲ
2798 443 2878 496 ἔτι
2920 442 3217 514 τεταμένης
3248 461 3379 516 προς
3403 446 3508 501 πά-

259 546 501 605 usurpat.
553 533 631 588 Ex
684 550 797 604 quo
850 536 930 599 fit,
968 544 1028 590 ut
1070 535 1187 590 haec
1224 534 1414 589 concio
1443 532 1834 605 Chrysostomo

259 625 437 694 potius
463 624 630 679 tribui
670 624 892 689 debeat,
924 640 1088 697 quam
1116 624 1339 679 Basilio.

324 714 376 768 9.
428 714 683 777 Exstant,
716 722 779 768 ut
814 731 880 770 ex
912 716 1077 770 dictis
1111 723 1276 786 patet,
1309 730 1590 773 sermones
1620 716 1729 771 duo
1777 715 1835 771 in

254 804 496 858 Barlaam
525 815 847 877 martyrem.
872 805 1025 861 Unus
1056 808 1123 861 ab
1150 808 1402 861 omnibus
1425 822 1534 860 uno
1563 822 1836 862 consensu

252 898 543 951 ascribitur
613 898 1013 969 Chrysostomo
1058 917 1071 952 :
1110 899 1266 962 alter,
1318 900 1386 954 de
1436 914 1544 968 quo
1601 900 1833 970 agimus,

252 989 304 1040 in
326 990 766 1043 controversiam
801 998 1049 1044 vocatur.
1090 988 1219 1053 Sed,
1246 990 1350 1045 nisi
1372 990 1529 1044 valde
1559 989 1719 1043 fallor
1740 1031 1754 1057 ,
1788 990 1834 1045 si

250 1078 372 1147 quis
426 1080 569 1132 duas
626 1078 729 1134 has
785 1079 1067 1134 orationes
1122 1078 1265 1133 inter
1313 1094 1372 1133 se
1414 1080 1834 1147 comparaverit,

249 1171 537 1240 utriusque
586 1171 844 1225 eumdem
886 1182 1168 1226 auctorem
1198 1186 1319 1225 esse
1362 1169 1520 1225 facile
1549 1171 1835 1241 intelliget.

251 1263 454 1316 Auctor
500 1263 676 1329 enim,
714 1264 1034 1332 quicunque
1064 1264 1153 1317 ille
1189 1262 1309 1326 fuit,
1339 1262 1431 1333 qui
1464 1262 1605 1317 hanc
1634 1264 1837 1317 oralio-

251 1368 370 1408 nem
426 1354 833 1423 pronuntiavit,
889 1370 1013 1409 cum
1060 1356 1250 1425 paucis
1301 1356 1480 1409 verbis
1522 1354 1837 1411 concionari

258 1446 571 1510 statuisset,
629 1447 767 1500 nihil
825 1446 974 1500 aliud
1034 1446 1139 1500 sibi
1196 1446 1547 1516 proposuisse
1600 1445 1835 1515 videtur,

250 1552 409 1607 quam
438 1538 719 1607 epitomen
763 1537 1057 1607 quamdam
1086 1537 1310 1592 alterius
1333 1537 1613 1592 concionis
1636 1536 1831 1593 facere.

250 1628 311 1683 Et
339 1647 471 1685 vero
519 1631 794 1701 quidquid
840 1631 894 1684 in
930 1631 1163 1699 longiori
1193 1630 1457 1684 concione
1488 1630 1555 1684 de
1593 1630 1836 1701 martyrii

250 1736 443 1790 genere
488 1729 777 1783 narratur,
805 1737 966 1775 omne
1011 1722 1064 1774 id
1110 1722 1164 1775 in
1205 1722 1375 1775 altera
1409 1721 1645 1776 breviter
1688 1738 1838 1777 sum-

249 1813 548 1881 matimque
600 1813 809 1867 dictum
842 1820 947 1875 est,
985 1811 1065 1865 sic
1113 1820 1173 1865 ut
1225 1811 1464 1866 dubitari
1513 1812 1598 1865 vix
1633 1813 1828 1882 possit,
1868 1790 1910 1844 Β

249 1903 372 1972 quin
416 1904 717 1972 utriusque
752 1904 1020 1959 orationis
1051 1919 1193 1957 unus
1223 1913 1277 1957 et
1308 1903 1448 1957 idem
1480 1919 1679 1973 parens
1729 1906 1825 1960 sit.

251 1992 353 2047 lino
392 2009 507 2048 non
551 1994 746 2049 eadem
796 1996 974 2049 solum
1025 1993 1337 2049 summatim
1392 1995 1740 2064 reperiuntur
1773 1998 1829 2051 in

251 2086 479 2140 breviori
533 2087 853 2142 concione:
891 2086 988 2142 sed
1042 2086 1233 2142 eadem
1272 2086 1435 2141 etiam
1477 2088 1640 2142 verba
1690 2104 1830 2143 non-

250 2194 523 2248 nunquam
555 2181 914 2235 adhibentur.
942 2179 1009 2233 Et
1039 2188 1098 2233 ut
1124 2194 1186 2234 ea
1228 2180 1295 2235 de
1321 2196 1378 2235 re
1407 2197 1436 2234 a
1468 2183 1660 2251 quovis
1697 2182 1831 2237 faci~

249 2271 346 2325 lius
374 2272 694 2325 existimari
730 2274 927 2342 possit,
960 2274 1140 2343 aliqua
1188 2274 1307 2327 loca
1336 2290 1402 2329 ex
1429 2284 1661 2345 utraque
1706 2291 1830 2329 ora-

255 2364 391 2419 tione
442 2365 791 2420 exscribam.
824 2364 881 2420 ln
939 2367 1170 2437 longiori
1227 2368 1393 2438 igitur
1441 2370 1705 2424 concione
1750 2368 1831 2423 sic

253 2455 434 2525 legitur
460 2456 637 2526 (apud
664 2455 951 2526 Chrysost.
984 2466 1024 2512 t.
1057 2456 1120 2521 ll,
1156 2475 1213 2528 p.
1236 2459 1339 2514 682
1360 2467 1412 2516 et
1442 2461 1585 2531 seq.)
1617 2480 1629 2514 :
1678 2460 1829 2515 Ὀλό-

262 2544 438 2616 κληρον
462 2549 521 2599 ἐν
560 2549 627 2618 τῇ
660 2546 812 2619 δεξιᾷ
848 2548 1023 2619 πυρὰν
1048 2549 1447 2619 βαστάζων.....
1484 2552 1711 2624 καὶγὰρ
1737 2554 1833 2607 καὶ

263 2635 405 2687 τοῦτο
438 2638 535 2706 τῆς
571 2638 791 2690 ἐκείνου
822 2641 1156 2711 κακουργίας
1184 2638 1271 2713 ἦν,
1302 2642 1393 2696 τὸν
1425 2644 1497 2715 μὴ
1527 2642 1728 2708 εὐθέως
1766 2646 1833 2698 ἐκ

261 2728 542 2797 προοιμίων
565 2728 790 2799 χαλεπὰ
818 2732 1115 2800 προσάγειν
1134 2732 1201 2785 τὰ
1232 2736 1661 2805 μηχανήματα...
1684 2735 1833 2801 ἐξελ-

256 2814 398 2867 θόντα
433 2816 491 2868 δὲ
538 2818 711 2870 αὐτὸν
745 2820 826 2882 είς
862 2820 1025 2891 μέσον
1055 2823 1364 2891 άγαγὼν....
1398 2824 1462 2877 Τί
1494 2825 1670 2878 τοίνυν
1715 2828 1833 2879 ἐστὶ

250 2906 306 2960 τὸ
330 2909 669 2980 urguet-qna;
691 2910 803 2982 Τὴν
827 2915 983 2983 χεῖρα
1004 2913 1356 2979 κελεύσαντες
1379 2915 1575 2981 ὑπτίαν
1597 2919 1833 2972 ἐκτεῖναι

252 3000 501 3071 ὑπεράνω
540 3003 638 3055 τοῦ
674 3002 881 3074 βωμοῦ,
918 3004 1192 3077 ἐπέθηκαν
1230 3006 1506 3079 ἄνθρακας
1553 3009 1645 3062 καὶ
1683 3008 1835 3064 λιϐα-

251 3094 409 3145 νωτὸν
448 3098 521 3165 τῇ
570 3096 837 3165 χειρὶ.....
870 3097 1029 3167 ἔμενε
1065 3097 1174 3169 γὰρ
1199 3101 1226 3151 ὁ
1260 3100 1526 3172 μακάριος
1571 3100 1835 3173 Βαρλαάμ

250 3182 435 3255 ἀκλινῆ
490 3186 591 3238 καὶ
636 3187 1041 3258 ἀπερίτρεπτον
1084 3191 1271 3262 τηρῶν
1304 3194 1403 3262 τὴν
1441 3196 1690 3266 χεῖρα....
1722 3196 1835 3250 ἀλλ’

250 3273 322 3337 ὡς
376 3274 435 3342 ἐξ
494 3276 811 3347 ἀδάμαντος
871 3283 1170 3351 πεπηγυῖα,
1220 3282 1391 3349 οὕτως
1436 3286 1837 3359 ἀπερίτρεπτος

253 3364 532 3433 Egestam...
572 3367 673 3420 καὶ
704 3369 755 3421 οἱ
796 3370 893 3439 μὲν
936 3371 1204 3442 ἄνθρακες
1230 3373 1292 3427 τὸ
1323 3375 1487 3445 μέσον
1523 3377 1621 3447 τῆς
1655 3379 1838 3450 χειρὸς

253 3455 649 3529 διατρήσαντες
665 3458 955 3525 ἐξέπιπτον
978 3463 1146 3528 κάτω,
1169 3466 1202 3536 ἡ
1223 3464 1277 3519 δὲ
1305 3466 1527 3538 ἀνδρεία
1546 3470 1643 3540 τῆς
1658 3469 1838 3541 ψυχῆς

254 3548 310 3599 ού
336 3549 649 3604 διέπιπτεν.
703 3550 974 3624 Integram
996 3554 1052 3609 in
1083 3556 1299 3611 dextera
1322 3574 1509 3629 pyram
1532 3571 1834 3631 gestans....

252 3640 437 3692 etenim
471 3641 575 3694 hoc
609 3658 817 3713 quoque
849 3644 1071 3700 malitia:
1096 3647 1246 3702 illius
1265 3648 1390 3717 fuit,
1422 3650 1560 3721 quod
1593 3654 1774 3706 statim
1805 3670 1840 3707 a

254 3732 507 3801 principio
552 3750 741 3803 graves
785 3736 1054 3791 machinas
1105 3755 1208 3793 non
1251 3739 1629 3797 admoverit....
1668 3760 1840 3813 egres-

255 3838 366 3875 sum
384 3834 568 3877 autem
587 3824 742 3878 illum
768 3842 883 3881 cum
902 3828 955 3881 in
984 3830 1210 3883 medium
1231 3829 1629 3889 adduxisset...
1658 3834 1839 3900 Quod-

260 3929 376 3966 nam
410 3915 582 3983 igitur
631 3914 769 3969 illud
822 3927 901 3970 est
952 3920 1473 3977 machinamentum?
1518 3922 1650 3978 Cum
1684 3942 1841 3993 super

260 4019 402 4057 aram
424 4004 711 4059 extendere
743 4022 957 4060 manum
981 4012 1224 4078 supinam
1240 4011 1547 4080 jussissent,
1572 4028 1768 4081 prunas
1791 4023 1839 4067 et

259 4099 371 4153 thus
428 4100 622 4152 manui
677 4098 1127 4169 imposuerunt....
1178 4101 1356 4156 beatus
1404 4104 1543 4157 enim
1581 4103 1839 4158 Barlaam

256 4208 345 4245 nec
374 4192 695 4245 inclinatam
727 4208 818 4249 nec
846 4194 1101 4247 inversam
1136 4211 1350 4248 manum
1391 4205 1565 4250 tenens
1594 4214 1840 4266 perman-

255 4284 418 4341 sit....
448 4283 565 4350 sed,
588 4285 745 4354 quasi
774 4300 839 4337 ea:
879 4286 1160 4339 adamante
1187 4297 1428 4341 concreta
1468 4299 1621 4352 esset,
1653 4307 1838 4346 manus

255 4375 353 4428 illa
405 4374 754 4444 permanebat
800 4377 1108 4432 immota....
1149 4386 1199 4432 et
1250 4394 1435 4447 pruna:
1480 4379 1689 4449 quidem
1721 4398 1839 4434 cum

1934 532 2051 603 λην.
2085 533 2238 600 Quod
2277 544 2597 603 postremum
2635 546 2949 589 tormentum
2980 536 3026 589 ei
3054 534 3117 589 ab
3156 536 3382 591 inimicis
3410 538 3510 592 ad-

1934 636 2134 680 motum
2153 636 2250 683 est.
2268 628 2478 683 Etenim
2507 629 2736 683 libamen
2762 628 3087 682 daemonibus
3108 629 3507 699 facturi,ignem

1935 735 2045 775 ara:
2066 736 2185 773 cum
2212 722 2602 788 imposuissent,
2628 721 2915 774 adductum
2946 730 3230 791 martyrem
3250 730 3370 774 ante
3388 737 3506 776 eum

1934 813 2149 875 sistunt,
2176 821 2328 883 atque
2349 813 2616 867 dexteram
2648 814 2892 881 supinam
2928 828 3079 881 super
3106 812 3275 867 altare
3296 824 3507 881 proten-

1935 900 2056 955 dere
2088 902 2354 971 jubentes,
2383 920 2545 957 manu
2590 904 2725 957 velut
2757 920 2895 958 terea
2928 920 3025 957 ara
3052 903 3205 956 abusi
3248 913 3391 962 sunt,
3419 920 3510 957 ar-

1936 992 2086 1047 dente
2117 994 2265 1047 thure
2291 995 2345 1047 in
2383 1011 2445 1049 ea
2481 995 2707 1065 maligne
2737 995 3069 1063 imposito....
3108 993 3317 1048 Etenim
3344 996 3506 1064 ﬂam-

1936 1097 2026 1134 ma
2074 1081 2283 1151 quidem
2322 1100 2535 1138 manum
2566 1085 2810 1152 perrosit,
2847 1084 2934 1137 sed
2959 1093 3134 1138 tamen
3173 1102 3359 1140 manus
3387 1102 3506 1156 per-

1938 1174 2135 1225 mansit
2165 1174 2439 1242 ﬂammam
2482 1176 2635 1244 quasi
2662 1176 2885 1228 cinerem
2912 1186 3121 1245 gestans
3157 1192 3173 1229 :
3214 1192 3317 1231 non
3365 1176 3508 1231 dedit

1942 1274 2141 1335 tergum
2203 1268 2439 1319 saevienti
2494 1268 2601 1337 igni
2651 1266 2990 1336 fugitivorum
3040 1268 3093 1319 in
3151 1283 3366 1331 morem,
3419 1266 3509 1320 sed

1940 1355 2158 1408 immota
2231 1357 2459 1424 perstitit
2516 1370 2701 1410 contra
2759 1358 3032 1426 ﬂammam
3087 1365 3294 1411 strenue
3353 1357 3511 1410 dimi-

1938 1463 2179 1500 cans.....
2212 1448 2490 1515 ﬂammam
2544 1449 2681 1502 inter
2726 1458 2775 1503 et
2823 1449 3094 1503 dexteram
3129 1448 3381 1518 martyris
3427 1450 3509 1502 in-

1939 1538 2241 1591 struebatur
2303 1537 2445 1591 lucta
2488 1554 2506 1590 :
2560 1538 2649 1592 sed
2699 1538 2916 1592 dextera
2981 1555 3165 1593 nocant
3224 1536 3509 1606 quamdam

1943 1627 2285 1680 luctaminum
2334 1628 2605 1681 victoriam
2666 1628 2907 1691 habebat,
2952 1626 3370 1697 quandoquidem
3418 1642 3509 1694 per

1940 1719 2165 1771 mediam
2208 1736 2420 1771 manum
2462 1728 2763 1772 transeunte
2804 1719 3047 1787 ﬂamma,
3097 1734 3285 1771 manus
3320 1717 3388 1770 ad
3427 1717 3510 1770 lu«

1937 1819 2076 1862 ctam
2110 1810 2495 1880 porrigebatur.
2537 1811 2614 1864 Ex
2646 1810 2845 1879 quibus
2889 1808 3207 1878 intelligitur
3231 1824 3339 1862 non
3368 1822 3509 1863 eam-

1937 1901 2059 1955 dem
2105 1902 2281 1955 solum
2315 1902 2637 1957 sententiam
2677 1901 2732 1955 in
2768 1900 2983 1957 duabus
3034 1900 3121 1954 his
3171 1898 3511 1955 orationibus

1937 1992 2186 2062 reperiri,
2218 1991 2334 2056 sed,
2369 2000 2426 2045 ut
2455 1991 2586 2054 dixi,
2609 1990 2795 2046 eadem
2822 1991 2987 2045 verba
3028 1990 3083 2044 in
3109 1999 3339 2059 utraque
3369 2004 3507 2043 non-

1937 2099 2212 2155 nunquam
2251 2083 2523 2153 usurpari.
2553 2083 2685 2136 Nam
2709 2084 2789 2138 ha:
2814 2098 2995 2147 voces,
3015 2083 3183 2150 δεξιὰ,
3207 2082 3509 2153 βαστάζων,

1937 2178 2255 2249 προσάγειν,
2278 2175 2521 2246 ἀγαγὼν,
2543 2176 2862 2247 μηχάνημα,
2888 2174 3261 2239 κελεύσαντες,
3288 2174 3508 2237 ὑπτίαν.

1938 2267 2144 2339 βωμοῦ,
2176 2267 2490 2333 λιϐανωτὸν,
2526 2267 2704 2338 ἔμενε,
2743 2275 2928 2338 μέσον,
2958 2268 3266 2335 ἐξέπιπτον,
3296 2286 3415 2341 qua:
3452 2270 3509 2325 in

1937 2358 2181 2429 longiore
2210 2358 2473 2412 concione
2500 2357 2873 2421 inveniuntur,
2887 2356 3085 2412 eaedem
3108 2367 3161 2413 et
3187 2359 3240 2412 in
3264 2360 3511 2416 breviore

1937 2448 2221 2513 leguntur,
2252 2448 2378 2502 licet
2420 2448 2622 2518 saepius
2669 2447 2827 2502 aliter
2860 2447 3089 2503 inﬂexae.
3125 2448 3251 2504 Scio
3291 2451 3508 2522 quidem

1938 2554 2122 2595 rarum
2153 2555 2262 2593 non
2290 2554 2433 2603 esse,
2468 2547 2530 2593 ut
2566 2538 2675 2594 duo
2712 2540 3009 2609 scriptores
3040 2541 3131 2611 qui
3177 2540 3317 2595 idem
3350 2558 3511 2611 argu-

1936 2639 2180 2687 mentum
2208 2638 2462 2697 tractent,
2481 2647 2592 2686 non
2617 2631 2674 2686 in
2701 2632 2987 2688 sententiis
3016 2633 3316 2698 modo,sed
3344 2636 3508 2689 etiam

1938 2723 1995 2779 in
2037 2724 2313 2795 aliquibus
2357 2724 2542 2779 verbis
2595 2724 2889 2795 aliquando
2917 2726 3284 2781 conveniant:
3316 2727 3410 2782 sed
3454 2728 3509 2781 in

1938 2816 2024 2872 bis
2062 2832 2184 2888 quae
2215 2818 2440 2888 protuli,
2473 2824 2583 2872 tam
2614 2819 2784 2872 multa
2818 2825 2947 2873 sunt
2974 2835 3095 2889 qua:
3124 2819 3266 2873 inter
3295 2834 3353 2874 se
3376 2834 3511 2874 con—

1939 2906 2186 2970 veniunt,
2218 2914 2278 2960 ut
2310 2914 2495 2977 putem
2528 2922 2642 2961 non
2682 2905 2839 2962 facile
2866 2907 3097 2977 proferri
3138 2923 3297 2978 posse
3327 2924 3511 2964 exem-

1939 2996 2088 3066 plum
2130 2995 2375 3066 aliquod,
2402 2994 2457 3048 in
2490 3010 2599 3063 quo
2627 2994 2736 3049 duo
2768 2996 3063 3065 scriptores
3094 2996 3149 3049 in
3180 3004 3287 3050 tam
3324 2995 3510 3049 multis

1942 3088 1999 3141 in
2023 3098 2134 3141 tam
2159 3088 2351 3158 paucis
2381 3088 2557 3143 verbis
2582 3087 2956 3141 convenerint.
2983 3086 3164 3153 Quare
3196 3086 3354 3157 longe
3377 3088 3508 3143 milii

1864 3145 1909 3208 Ο
1940 3179 2292 3235 verisimilius
2344 3178 2560 3234 videtur
2606 3178 2895 3248 utriusque
2944 3179 3211 3234 orationis
3255 3194 3421 3233 unum
3458 3186 3511 3235 ct

1937 3270 2191 3326 eumdem
2246 3279 2527 3327 auctorem
2571 3286 2715 3335 esse,
2749 3270 2843 3341 qui
2878 3285 3001 3325 cum
3044 3271 3184 3327 idem
3222 3287 3510 3342 argumen-

1938 3372 2051 3417 tum
2098 3361 2182 3417 bis
2223 3368 2455 3416 tractare
2487 3362 2793 3428 statuisset,
2822 3362 2877 3415 in
2921 3363 3220 3431 posteriore
3249 3362 3510 3417 concione

1939 3454 2212 3524 epitomen
2275 3454 2475 3523 prioris
2535 3453 2746 3509 fecerit.
2800 3454 2967 3510 Plane
3037 3462 3215 3510 autem
3296 3461 3511 3509 constat

1938 3547 2141 3615 prioris
2176 3554 2455 3601 auctorem
2487 3545 2939 3617 Chrysostomum
2975 3562 3098 3601 esse
3126 3563 3138 3597 :
3166 3561 3510 3617 consequens

1938 3646 2023 3694 est
2056 3638 2221 3708 igitur
2251 3646 2309 3691 ut
2340 3638 2613 3707 posterior
2648 3637 2698 3693 ei
2728 3654 2949 3710 quoque
2985 3640 3280 3693 tribuatur.

2012 3730 2097 3784 10.
2134 3728 2279 3783 Satis
2314 3729 2531 3797 quidem
2567 3728 2775 3794 sciunt,
2810 3729 2903 3800 qui
2939 3730 3161 3799 paulum
3202 3729 3364 3783 modo
3386 3743 3511 3783 ver-

1940 3820 2043 3875 sati
2062 3829 2187 3875 sunt
2215 3821 2267 3874 in
2290 3820 2532 3891 legendis
2556 3819 2931 3889 Chrysostomi
2965 3819 3207 3890 scriptis,
3235 3835 3508 3875 summum

1940 3912 2087 3967 hunc
2112 3913 2289 3965 virum
2318 3910 2611 3982 aliquando
2636 3914 3020 3967 concinnatum
3048 3912 3217 3967 fuiSse
3247 3920 3373 3966 ante
3396 3912 3513 3983 epi-

1940 4016 2167 4071 scopum
2202 3999 2521 4055 Flavianum
2550 4021 2561 4056 :
2602 4002 2696 4057 sed
2728 4013 2929 4067 tamen,
2956 4003 3215 4075 quoniam
3252 4002 3323 4056 ita
3347 4018 3511 4073 expe-

1939 4092 2039 4157 dit,
2073 4093 2191 4146 loca
2244 4093 2427 4162 aliqua
2477 4094 2677 4163 quibus
2727 4094 2782 4148 id
2832 4103 3017 4165 aperte
3058 4094 3399 4160 ostendatur,
3457 4097 3511 4150 in

1940 4184 2180 4237 medium
2235 4183 2507 4240 adducere
2542 4200 2651 4239 non
2690 4186 2912 4257 pigebit.
2966 4186 3098 4240 Cum
3148 4186 3313 4255 igitur
3341 4186 3513 4258 Chry‘

1941 4282 2219 4328 sostomus
2244 4274 2679 4329 Machabmorum
2716 4274 2904 4329 laudes
2952 4283 3218 4339 narraret,
3253 4275 3328 4329 ita
3357 4276 3511 4330 locu-

1941 4374 2031 4421 tus
2063 4375 2147 4419 est
2183 4365 2246 4436 (t.
2278 4367 2343 4433 ll,
2379 4383 2433 4437 p.
2468 4366 2593 4435 651)
2628 4386 2641 4421 :
2684 4367 2821 4419 Ἀλλ’
2853 4367 2972 4439 ὥρα
3017 4368 3199 4421 λοιπὸν
3229 4369 3511 4422 καταπαῦ-

256 4469 431 4519 solam
458 4482 648 4519 manus
669 4465 1045 4534 perforassent,
1062 4468 1305 4521 deorsum
1328 4468 1603 4536 cadebant,
1636 4480 1690 4523 at
1721 4472 1835 4525 ani-

1945 4476 2033 4511 σαι
2060 4459 2152 4512 τὸν
2179 4459 2353 4527 λόγον,
2383 4460 2522 4513 ὥστε
2555 4460 2812 4513 πλειόνων
2850 4462 3045 4525 αὐτοὺς
3071 4461 3374 4515 ἀπολαῦσαι
3406 4462 3513 4515 τῶν

255 4576 356 4613 Μ
384 4561 649 4629 fortitudo
678 4576 781 4613 non
812 4561 1132 4615 concidebat.
1154 4560 1284 4626 Quae
1310 4568 1490 4615 autem
1516 4562 1571 4615 in
1601 4563 1835 4618 breviori

256 4651 511 4706 oratione
545 4651 801 4720 leguntur
832 4650 995 4721 (apud
1027 4650 1193 4706 Basil.
1222 4669 1276 4722 p.
1310 4652 1455 4723 ΜΟ),
1492 4653 1607 4707 haec
1660 4663 1787 4709 sunt
1821 4674 1833 4707 :

263 4741 327 4793 '0
350 4741 416 4812 δὴ
443 4742 760 4795 τελευταῖον
789 4742 937 4812 αὺτῷ
958 4742 1107 4815 παρὰ
1136 4744 1240 4796 τῶν
1270 4743 1645 4815 πολεμούντων
1674 4763 1840 4817 προσ-

256 4829 391 4900 ῆκτο
426 4832 755 4903 μηχάνημα.
778 4833 967 4904 Βωμδν
1003 4836 1112 4905 γὰρ
1136 4835 1283 4906 ⁸’πρὸς
1307 4836 1403 4907 τὴν
1434 4837 1540 4888 τῶν
1570 4836 1839 4907 δαιμόνων

258 4921 494 4992 σπονδὴν
526 4921 956 4986 ἀνακαύσαντες,
984 4924 1162 4976 ἱστᾶσι
1206 4925 1334 4993 παρ’
1364 4924 1513 4994 αὐτῷ
1542 4925 1839 4993 ἀγαγόντες

258 5012 348 5064 τὸν
379 5014 770 5084 primaprima}
790 5014 868 5084 τῷ
899 5014 1065 5086 βωμῷ
1090 5014 1186 5085 τὴν
1208 5015 1383 5080 δεξιὰν
1411 5016 1605 5069 ὑπτίαν
1632 5018 1836 5069 ἐπαιω-

262 5103 426 5173 ρῆσαι
455 5104 836 5168 κελεύσαντες,
867 5105 940 5169 ὼς
973 5106 1157 5176 χαλκῷ
1187 5106 1557 5177 Ουσιαστηρίῳ
1597 5110 1663 5179 τῇ
1694 5108 1839 5179 χειρὶ

260 5196 697 5265 κατεχρήσαντο,
728 5194 1018 5248 λιϐανωτὸν
1066 5196 1202 5265 αὐτῇ
1236 5196 1559 5267 κακούργως
1597 5196 1839 5260 ἐνθέντες

261 5283 685 5355 φλεγόμενον....
726 5284 791 5337 Ἦ
826 5284 923 5355 μὲν
960 5284 1068 5357 γὰρ
1112 5285 1242 5354 φλὸξ
1281 5286 1379 5357 τὴν
1424 5290 1583 5358 χεῖρα
1615 5287 1835 5358 διέτρω-

259 5391 377 5441 γεν,
410 5375 573 5447 ἔμενε
618 5376 678 5428 δὲ
727 5376 763 5445 ή
802 5378 924 5449 χεὶρ
956 5377 1032 5441 ὼς
1070 5377 1275 5447 τέφραν
1301 5377 1401 5447 τὴν
1439 5378 1609 5447 φλόγα
1637 5379 1838 5449 βαστά-

260 5469 427 5531 ζουσα
444 5486 461 5500 ⁸
497 5470 601 5522 οὐκ
633 5468 800 5522 ἔδωκε
823 5468 902 5540 τῷ
928 5468 1253 5539 πολεμοῦντι
1281 5470 1421 5523 κατὰ
1443 5473 1567 5534 τοὺς
1597 5472 1841 5540 φυγάδας

259 5559 327 5613 τὰ
363 5560 535 5625 νῶτα,
572 5560 689 5616 ἀλλ’
731 5560 998 5630 ἄτρεπτος
1029 5562 1270 5633 εἱστήκει
1310 5560 1451 5616 κατά
1490 5562 1684 5631 φλογὸς
1718 5565 1839 5634 ἀριο

263 5651 617 5706 mximam...
648 5652 764 5705 ἀλλ’
788 5648 858 5721 ἦν
882 5653 982 5721 τῆς
1008 5652 1184 5717 δεξιᾶς
1210 5654 1369 5723 καινή
1401 5671 1487 5718 τις
1512 5652 1619 5707 τῶν
1648 5653 1840 5708 παλαι-

262 5745 483 5814 σμάτων
510 5749 543 5817 ἡ
572 5745 721 5816 νίκη,
750 5746 848 5817 τῆς
884 5746 985 5817 μὲν
1017 5745 1210 5813 φλογὸς
1236 5745 1322 5799 διὰ
1351 5746 1515 5817 μέσον
1543 5747 1639 5818 τῆς
1662 5748 1840 5818 χειρὸς

1944 4551 2235 4623 ἐγκωμίων
2277 4554 2425 4623 παρά
2455 4553 2530 4623 τῷ
2559 4553 2719 4625 κοινῷ
2756 4554 3075 4626 διδασκάλῳ.
3108 4554 3208 4610 Sed
3235 4557 3352 4625 jam
3384 4566 3512 4610 tem-

1938 4658 2035 4710 pus
2066 4653 2165 4711 est,
2197 4654 2251 4696 ut
2281 4646 2439 4713 ﬁnem
2476 4636 2683 4698 dicendi
2713 4647 2996 4715 faciamus,
3027 4665 3127 4719 quo
3164 4648 3400 4716 pluribus
3430 4647 3513 4700 illi

1942 4735 2188 4789 laudibus
2216 4754 2247 4789 a
2274 4736 2536 4790 communi
2564 4737 2775 4791 doctore
2799 4739 3147 4793 cumulentur.
3169 4739 3223 4792 In
3252 4754 3314 4793 ea
3332 4745 3511 4793 autem

1940 4830 2208 4893 oratione,
2251 4845 2369 4899 qua:
2427 4830 2479 4883 in
2516 4828 2698 4883 Natali
2746 4830 2959 4885 Domini
3003 4832 3356 4900 pronuntiata
3404 4839 3509 4896 est,

1940 4921 2016 4974 ita
2066 4922 2270 4976 editum
2299 4923 2569 4978 invenitur
2602 4941 2616 4977 :
2652 4924 2746 4976 "Ev
2772 4924 2829 4976 δὲ
2888 4923 3071 4976 λοιπὸν
3105 4920 3293 4986 εἰπὼν,
3338 4940 3509 4977 κατα-

1941 5012 2133 5066 παύσω
2160 5014 2250 5065 τὸν
2279 5014 2456 5082 λόγον,
2491 5013 2569 5085 τῷ
2604 5012 2767 5084 κοινῷ
2791 5014 3089 5084 διδασκάλῳ
3116 5013 3223 5065 τῶν
3252 5013 3511 5083 μειζόνων

1941 5107 2366 5177 παραχωρήσας.
2404 5104 2575 5159 Unum
2606 5114 2811 5159 tantum
2846 5106 2892 5159 si
2919 5121 3056 5158 nunc
3088 5104 3363 5169 addidero,
3398 5120 3513 5157 ora-

1950 5199 2079 5252 tioni
2104 5213 2230 5250 mete
2260 5198 2416 5265 ﬁnem
2447 5197 2754 5266 imponam:
2788 5212 2904 5265 qua:
2946 5200 3152 5264 majora
3192 5204 3334 5262 sunt,
3369 5211 3512 5249 com-

1946 5290 2092 5345 muni
2141 5289 2346 5342 doctori
2392 5287 2614 5343 dicenda
2670 5289 2984 5358 relinquens.
3036 5287 3225 5359 Opera
3275 5291 3511 5361 pretium

1940 5388 2024 5438 est
2051 5395 2199 5436 nunc
2230 5379 2437 5435 referre
2465 5395 2585 5449 quae
2629 5379 2683 5434 in
2715 5386 3069 5435 controversa
3119 5379 3385 5434 concione
3430 5379 3511 5434 le-

1944 5481 2171 5546 guntur,
2214 5481 2276 5527 ut
2330 5472 2574 5526 locorum
2608 5471 2956 5526 contentione
3003 5477 3056 5526 et
3107 5470 3512 5543 comparatione

1942 5566 2156 5622 facilius
2188 5564 2442 5635 cognosci
2474 5562 2648 5633 possit
2677 5562 2783 5615 utri
2822 5562 2937 5618 haec
2972 5563 3148 5617 oratio
3180 5562 3379 5618 ascribi
3415 5561 3514 5616 de-

1941 5658 2087 5722 beat,
2131 5655 2357 5719 Basilio,
2402 5669 2471 5707 an
2512 5654 2921 5723 Chrysostomo.
2975 5652 3115 5709 Sunt
3155 5660 3336 5709 autem
3363 5651 3521 5720 ejus-

1944 5747 2089 5804 modi
2113 5746 2301 5819 (Basil.
2332 5752 2371 5799 t.
2401 5742 2467 5811 11,
2498 5759 2550 5815 p.
2583 5744 2735 5817 Ml):
2769 5744 2992 5807 Ἀλλὰτί
3013 5744 3278 5808 παιδικοῖς
3305 5739 3515 5797 ἐλαττῶ
