3972 6202
461 351 532 410 19
1909 357 2294 418 ranarum.
2884 380 2887 382 -
3621 353 3695 408 ao

457 467 549 525 τδν
562 471 788 540 ἀριστέα
800 470 1120 544 ψελλίσμασι
1140 490 1155 539 ;
1173 475 1304 539 Ταῖς
1320 471 2012 546 μεγαλοπρεπεστέραιςτοί

2141 473 2418 538 omnibus,
2463 481 2730 547 quotquot
2771 474 3018 539 aderant,
3058 479 3354 544 martyrum
3407 467 3692 539 sepulcris,

459 577 553 614 vuv
582 562 674 614 τὸν
704 565 784 626 είς
809 564 971 617 αὑτὸν
1006 563 1174 635 ὕμνον
1203 567 1690 638 παραχωρήσωμεν
1720 565 1985 634 γλώτταις
2005 581 2018 595 ·

454 652 556 716 τὰς
585 653 1101 728 μγαλοφωνοτέρας
1120 657 1228 711 τῶν
1250 657 1578 710 διδασκάλων
1620 659 1709 710 ἐπ’
1735 655 1882 726 αὐτῷ
1918 673 2021 708 xa-

454 741 701 815 λέσωμεν
733 747 1056 817 σάλπιγγας.
1086 749 1225 814 Quid
1252 759 1425 803 autem
1464 749 1656 818 puerili
1679 748 1906 802 balbutie
1941 748 2022 802 ui-

453 846 648 889 ctorem
676 854 921 908 maguum
958 841 1229 910 deprime?
1261 840 1457 895 Locum
1487 843 1737 910 martyris
1765 839 2020 894 laudandi

456 924 704 981 cedamus
725 928 922 999 linguis
963 932 1524 1001 magniﬁcentioribus,
1552 943 1708 1000 atque
1735 930 2018 984 uocaliores

453 1015 727 1072 doctorum
773 1021 922 1076 tubas
963 1025 1032 1075 ad
1078 1024 1131 1076 id
1177 1027 1497 1092 pra'conium
1551 1025 1844 1078 invitemus.
1875 1021 2019 1076 Fieri

451 1110 668 1178 quidem
698 1121 898 1183 potest,
943 1125 1002 1170 ut
1034 1117 1190 1171 fallar
1222 1137 1233 1171 :
1266 1117 1360 1172 sed
1407 1132 1530 1171 cum
1566 1117 1830 1172 brevioris
1870 1115 2018 1169 illius

449 1202 734 1257 concionis
784 1216 1059 1262 auctorem
1109 1207 1271 1264 audio
1320 1210 1394 1263 ita
1446 1209 1787 1278 loquentem,
1845 1207 2017 1259 locum

449 1296 704 1364 martyris
744 1296 1000 1352 laudandi
1044 1300 1290 1353 cedamus
1324 1301 1514 1370 linguis
1543 1297 2016 1369 magniﬁcentiori-

452 1386 589 1452 bus,
615 1394 744 1450 etc.,
789 1390 978 1444 audire
1025 1389 1156 1444 mihi
1188 1391 1376 1446 videor
1417 1388 1889 1459 Chrysostomum,
1921 1386 2016 1456 qui

451 1489 578 1530 cum
625 1479 882 1549 episcopo
925 1479 1186 1536 Flaviano
1233 1482 1593 1537 concionaudi
1654 1480 1835 1534 locum
1883 1478 2016 1532 dare

450 1567 633 1630 vellet,
675 1569 750 1623 ita
781 1570 929 1641 loqui
965 1573 1193 1629 solebat.
1222 1573 1332 1628 Nec
1369 1574 1657 1644 quisquam
1689 1571 1888 1626 dixerit
1913 1585 2016 1622 uu-

447 1673 659 1713 merum
686 1660 1017 1731 singularem
1056 1664 1113 1718 in
1143 1665 1265 1720 aliis
1303 1680 1440 1736 quas
1476 1663 1708 1719 iudicavi
1734 1660 2014 1717 concioni-

448 1750 554 1807 bus
574 1755 854 1824 usurpari,
873 1756 962 1811 hic
980 1772 1108 1813 vero
1126 1759 1406 1827 pluralem.
1430 1757 1515 1811 Fit
1531 1757 1676 1813 enim
1698 1754 2012 1825 aliquando,

2133 565 2432 620 obscurum
2465 581 2573 620 non
2609 565 2825 620 videtur
2866 564 3314 636 Chrysostomum
3339 559 3408 614 ad
3436 559 3696 629 martyris

2129 653 2390 708 Barlaam
2445 656 2713 710 tumulum
2768 670 3074 710 sermonem
3121 659 3476 707 convertere:
3519 664 3698 718 eoque

2133 747 2328 815 magis,
2378 746 2524 816 quod
2553 747 3000 818 Chrysostomus,
3036 762 3158 801 cum
3189 745 3244 798 in
3281 744 3397 800 suis
3428 741 3689 796 orationi-

2126 839 2231 894 bus
2262 840 2434 893 utitur
2458 855 2685 895 uumero
2707 838 2964 910 singulari
2991 838 3217 909 μάρτυς,
3247 851 3370 891 eum
3399 842 3693 904 martyrem

2129 932 2418 1001 siguilicet,
2452 948 2610 1002 quem
2641 931 2894 987 laudibus
2917 946 3113 986 ornare
3137 929 3487 992 instituisset,
3513 927 3583 980 ob
3612 925 3696 978 id-

2129 1039 2234 1092 que
2265 1024 2356 1078 vix
2400 1024 2625 1078 dubium
2666 1039 2791 1079 esse
2826 1030 3025 1092 potest,
3069 1023 3200 1092 quin
3232 1022 3337 1074 hoc
3382 1019 3545 1074 etiam
3572 1015 3696 1071 loco

2129 1123 2429 1186 martyrem
2467 1115 2711 1169 Barlaam
2743 1115 2986 1170 iudicare
3020 1113 3273 1176 voluerit,
3304 1127 3428 1165 cum
3462 1121 3696 1163 numero

2127 1205 2395 1274 singulari
2426 1221 2558 1261 usus
2590 1207 2677 1260 sit.
2729 1205 2980 1260 Arbitror
3015 1205 3179 1274 igitur
3219 1202 3693 1272 Chrysostomum,

2124 1308 2248 1348 cum
2295 1295 2411 1348 haec
2452 1294 2616 1348 verba
2661 1295 3058 1362 pronuntiaret,
3091 1309 3208 1346 cum
3248 1293 3387 1345 enim
3434 1289 3697 1342 hominem

2126 1393 2425 1452 correptum
2452 1401 2484 1438 a
2531 1382 2767 1437 daemone
2804 1384 2966 1452 juxta
2999 1383 3251 1453 martyris
3291 1380 3585 1449 sepulcrum
3619 1379 3696 1432 vi-

2124 1479 2288 1542 deris,
2319 1487 2448 1543 etc.,
2479 1476 2733 1547 martyris
2756 1475 3000 1530 Barlaam
3026 1491 3188 1529 manu
3212 1475 3480 1529 tumulum
3508 1480 3696 1527 osten-

2127 1572 2296 1627 disse.
2330 1569 2436 1625 Sed
2485 1571 2529 1625 si
2565 1571 2806 1624 adversze
2838 1571 3110 1641 opinionis
3160 1569 3476 1624 defensores
3525 1565 3697 1620 semel

2125 1664 2404 1719 fateantur
2439 1665 2706 1730 prolixam
2743 1665 2885 1716 hanc
2923 1666 3224 1717 orationem
3255 1662 3495 1716 habitam
3525 1659 3698 1714 fuisse

2121 1775 2186 1814 eo
2218 1761 2362 1825 loco,
2393 1761 2484 1814 ubi
2531 1759 2788 1830 martyris
2824 1757 3074 1811 Barlaam
3111 1769 3312 1824 corpus
3337 1752 3575 1822 jacebat,
3609 1748 3695 1802 fa-

450 1850 512 1897 υῑ
538 1852 786 1901 oratores
809 1862 1036 1903 numero
1064 1849 1259 1920 plurali
1287 1856 1530 1912 utantur.
1555 1863 1677 1903 cum
1699 1847 1745 1903 si
1767 1851 2021 1901 accurate
2051 1832 2095 1889 Β
2132 1860 2354 1908 teantur
2382 1867 2606 1906 necesse
2633 1858 2719 1906 est
2747 1848 3006 1920 martyris
3031 1847 3178 1901 illius
3208 1845 3474 1900 tumulum
3500 1840 3694 1895 Antio-

448 1933 599 2004 loqui
648 1938 873 2006 vellent,
921 1951 1204 1995 uterentur
1249 1940 1510 2011 singulari
1548 1959 1561 1993 :
1617 1949 1711 1993 aut
1761 1938 2015 2002 fortasse,

447 2027 596 2096 quod
628 2043 659 2082 a
690 2044 820 2085 vero
864 2046 972 2086 non
1006 2033 1285 2098 abhorret,
1317 2033 1426 2087 duo
1461 2031 1700 2103 episcopi
1725 2031 2020 2085 concioua-

447 2119 559 2173 turi
591 2129 750 2176 erant
803 2131 927 2192 post
965 2123 1440 2196 Chrysostomum,
1474 2127 1567 2196 qui
1605 2132 1893 2196 pr0pterea
1923 2139 2020 2178 uu-

448 2224 661 2265 merum
696 2215 1062 2270 multitudinis
1109 2218 1366 2272 adhibere
1403 2217 1669 2273 debuerit.
1713 2221 1872 2272 Certe
1896 2216 2019 2286 qui-

447 2301 571 2356 dem
599 2319 668 2360 ex
693 2305 812 2376 ipsa
843 2310 1126 2365 conciouis
1152 2311 1413 2365 brevitate
1437 2311 1708 2380 conjicere
1737 2310 1884 2371 licet,
1905 2315 2017 2365 tres

447 2395 690 2452 vicissim
709 2406 841 2454 tunc
857 2405 1209 2457 conciouatos
1224 2402 1412 2468 fuisse,
1431 2418 1661 2473 quorum
1686 2403 1895 2474 primus
1909 2401 2019 2457 fue-

444 2487 972 2561 ritChrysostomus,
989 2494 1124 2549 alter
1135 2494 1444 2559 Flavianus,
1461 2497 1652 2550 tertius
1665 2496 1842 2566 quivis
1855 2495 2014 2550 alius.

443 2578 592 2636 Nihil
625 2589 806 2638 autem
840 2585 906 2638 ad
939 2587 1276 2654 propositum
1301 2585 1488 2651 refert,
1532 2595 1717 2641 utrum
1756 2603 1920 2654 unus,
1946 2602 2017 2642 an

442 2673 552 2728 duo
583 2675 822 2747 episc0pi
857 2676 944 2731 his
987 2692 1108 2746 qua:
1135 2677 1333 2747 protuli
1364 2679 1546 2733 verbis
1575 2679 1641 2732 ad
1684 2680 2018 2733 concionau—

445 2763 574 2817 dum
601 2766 924 2822 inviteutur.
952 2766 1163 2822 Etenim
1197 2768 1311 2823 sive
1337 2784 1529 2835 unum,
1546 2769 1660 2824 sive
1681 2769 1816 2825 duos
1839 2769 2012 2835 dicas,

443 2857 607 2926 plane
638 2857 910 2912 constabit
964 2859 1085 2928 ejus
1129 2860 1197 2916 de
1246 2875 1354 2930 qua
1390 2861 1704 2932 disputatur
1748 2862 2016 2918 orationis

443 2946 709 3002 Basilium
741 2956 1018 3003 auctorem
1054 2965 1163 3004 non
1205 2966 1349 3017 esse,
1391 2966 1518 3005 cum
1571 2967 1731 3006 nemo
1772 2966 2014 3020 unquam

442 3048 567 3108 post
593 3037 772 3108 ipsum
804 3041 1167 3097 conciouatus
1201 3041 1367 3098 fuisse
1398 3043 1726 3097 inveniatur.

517 3129 628 3183 40'.
660 3130 948 3186 lPraeterea
999 3134 1044 3188 si
1089 3134 1360 3205 quispiam
1407 3133 1506 3190 has
1549 3135 1687 3190 duas
1715 3135 2010 3192 conciones
2037 3170 2081 3228 α

443 3222 611 3292 paulo
649 3225 914 3280 attentius
951 3225 1160 3295 legerit.
1191 3233 1482 3297 utramque
1522 3243 1587 3283 eo
1620 3228 1742 3283 loco
1770 3228 2011 3284 habitam

440 3312 636 3377 fuisse,
668 3313 762 3369 ubi
799 3317 1056 3386 martyris
1095 3315 1340 3371 Barlaam
1383 3317 1625 3372 tumulus
1652 3327 1790 3385 erat,
1833 3317 2009 3382 facile,

442 3407 658 3474 opinor,
701 3406 963 3461 fatebitur
1007 3409 1105 3478 (al.
1154 3409 1230 3464 De
1277 3410 1514 3466 breviori
1561 3411 1778 3480 quidem
1829 3412 2012 3468 nullus

440 3496 751 3567 ambigendi
782 3497 936 3553 locus
967 3514 1089 3554 esse
1110 3507 1308 3570 potest,
1346 3515 1469 3555 cum
1497 3501 1549 3555 id
1582 3503 1655 3555 ita
1680 3517 1799 3559 esse
1828 3511 2013 3573 aperte

440 3587 735 3641 ostendant
764 3604 886 3658 quae
927 3605 1092 3660 supra
1120 3593 1428 3658 retulimus,
1469 3608 1698 3664 quaeque
1746 3595 1848 3649 hoc
1891 3595 2012 3650 loco

439 3689 637 3732 rursus
669 3679 983 3735 exscribere
1019 3681 1154 3735 nihil
1179 3697 1405 3738 necesse
1435 3693 1540 3740 est.
1570 3684 1755 3755 Neque
1793 3701 1920 3740 vero
1945 3686 2011 3741 de

439 3766 676 3837 longiori
709 3770 857 3825 aliud
890 3771 1159 3840 judicium
1202 3774 1472 3844 prolatum
1514 3775 1579 3829 iri
1619 3785 1767 3846 puto,
1802 3777 1907 3832 nisi
1942 3777 2010 3831 ab

439 3860 532 3924 iis,
560 3861 654 3930 qui
678 3863 860 3916 omnia
888 3864 946 3918 in
973 3872 1262 3935 utramque
1287 3875 1491 3935 partem
1521 3867 1866 3937 interpretari
1893 3885 2012 3938 pro—

439 3952 680 4020 fitentur,
711 3970 822 4009 nou
867 3963 1050 4010 autem
1097 3957 1165 4012 ab
1203 3958 1291 4022 iis,
1331 3959 1423 4028 qui
1468 3959 1789 4029 simpliciter
1820 3977 2007 4016 verum

438 4052 712 4112 quaerunt.
741 4047 817 4098 lta
843 4055 1023 4102 autem
1050 4047 1106 4101 in
1134 4048 1420 4116 prolixiori
1453 4049 1542 4103 illa
1575 4051 1837 4106 concione
1878 4053 2009 4122 legi-

439 4148 532 4190 tur
560 4137 622 4206 (t.
659 4135 725 4202 il,
761 4153 812 4208 p.
846 4137 1012 4206 685):
1056 4139 1339 4204 ’Υπὸδεξαι
1383 4141 1473 4194 τὸν
1526 4143 1871 4215 στεφανίτην,
1916 4147 2007 4199 καὶ

438 4223 710 4295 μηδέποτε
756 4227 900 4296 ἀφῇς
928 4225 1162 4290 ἐξελθεῖν
1197 4229 1295 4298 τῆς
1334 4228 1570 4293 διανοίας
1609 4232 1708 4301 τῆς
1755 4231 1874 4302 σῆς.
1908 4233 2007 4287 Διὰ

433 4313 594 4367 τοῦτο
625 4313 769 4385 ὑμᾶς
809 4317 904 4368 καὶ
935 4317 1088 4388 παρὰ
1121 4317 1220 4380 τὰς
1253 4318 1427 4390 θήκας
1453 4319 1564 4372 τῶν
1609 4321 1776 4390 ἁγίων
1800 4322 2007 4394 μαρτύ-

434 4422 547 4476 ρων
580 4406 882 4476 ἠγάγομεν,
914 4408 1000 4460 ἴνα
1029 4409 1141 4473 καί,
1171 4416 1280 4465 etc.
1313 4408 1528 4480 Suscipe
1568 4413 1812 4466 victorem
1853 4431 2004 4468 coro-

2123 1943 2261 1998 chiae
2291 1943 2590 2005 exstitisse,
2616 1949 2711 1994 aut
2743 1939 2921 2008 potius
2946 1940 3001 1992 in
3024 1952 3155 2008 agro
3181 1934 3542 1995 Antiocheuo,
3567 1945 3695 1986 cum

2127 2035 2579 2107 Chrysostomum
2608 2033 2904 2102 longiorem
2952 2032 3100 2085 illam
3138 2030 3456 2085 concionem
3485 2027 3558 2081 ibi
3589 2026 3695 2079 ba-

2121 2126 2309 2181 buisse
2340 2130 2579 2178 constet.
2607 2122 2748 2192 Ergo
2775 2121 2993 2176 brevior
3016 2121 3192 2175 oratio
3219 2117 3523 2172 Antiochiae
3548 2130 3695 2193 quo-

2119 2235 2225 2290 que
2265 2218 2618 2288 pronuntiata
2652 2224 2757 2280 est,
2801 2229 2925 2268 cum
2964 2212 3314 2284 pronuntiata
3347 2211 3418 2265 sit
3451 2223 3690 2279 quoque,

2123 2316 2188 2363 ut
2212 2324 2278 2363 ex
2309 2308 2473 2362 dictis
2507 2313 2656 2377 patet
2686 2305 2784 2376 (b),
2824 2321 2889 2360 eo
2919 2305 3037 2374 ipso
3065 2303 3119 2356 in
3151 2302 3292 2364 loco,
3325 2300 3415 2354 ubi
3447 2299 3694 2353 tumulus

2118 2401 2379 2473 martyris
2408 2398 2658 2453 Barlaam
2683 2397 2893 2452 aderat.
2929 2395 3064 2449 Nam
3097 2394 3215 2448 sine
3239 2391 3402 2446 dubio
3422 2405 3532 2444 non
3551 2389 3693 2444 duo-

2121 2494 2228 2548 hus
2254 2494 2394 2547 locis
2419 2493 2634 2562 positus
2673 2490 2853 2544 fuerat
2880 2489 3000 2559 ejus
3028 2488 3284 2558 martyris
3310 2484 3572 2539 tumulus.
3609 2479 3693 2534 Ex

2119 2586 2319 2656 quibus
2369 2585 2599 2639 elIicitur
2642 2584 2945 2639 breviorem
2974 2582 3119 2635 illam
3169 2581 3488 2634 concionem
3519 2575 3694 2643 Chry-

2120 2679 2350 2734 sostomi
2380 2693 2524 2741 esse,
2550 2693 2661 2732 non
2702 2676 2909 2738 Basilii,
2937 2675 3031 2744 qui
3076 2672 3380 2726 Antiochiae
3408 2681 3688 2737 nunquam

2118 2767 2478 2823 conciouatus
2507 2767 2598 2821 sit.
2625 2765 2779 2832 Quod
2819 2764 3076 2827 diximus,
3119 2769 3407 2832 martyrem
3435 2758 3688 2810 Barlaam

2117 2867 2353 2915 mortem
2385 2859 2590 2914 obiisse
2632 2856 2959 2920 Antiochiae,
2994 2854 3048 2909 id
3078 2860 3257 2923 potest
3289 2848 3602 2907 confirmari
3633 2857 3689 2902 et

2118 2969 2184 3009 ex
2213 2951 2473 3017 Eusebio,
2498 2951 2593 3021 qui
2620 2966 2744 3005 cum
2778 2948 2846 3004 de
2867 2948 3199 3018 martyribus
3231 2943 3586 3026 Cappadocia:
3607 2943 3691 2995 lo-

2116 3046 2324 3116 quitur.
2345 3043 2476 3098 nihil
2505 3042 2658 3107 dicit,
2687 3041 2831 3111 quod
2861 3040 2914 3094 in
2945 3040 3091 3093 hunc
3114 3044 3363 3092 sanctum
3394 3042 3687 3104 martyrem

2117 3135 2414 3192 convenire
2443 3133 2618 3205 possit
2650 3152 2664 3186 :
2695 3141 2749 3187 et
2777 3139 2991 3196 contra,
3026 3144 3151 3186 cum
3181 3127 3424 3198 loquitur
3452 3125 3519 3180 de
3541 3138 3690 3177 mar-

2115 3228 2332 3298 tyribus
2355 3226 2678 3291 Antiochia,
2706 3223 2978 3296 quoddam
3018 3220 3267 3291 supplicii
3296 3233 3466 3289 genus
3495 3215 3687 3278 refert,

2113 3319 2260 3390 quod
2314 3334 2426 3373 non
2471 3317 2547 3372 ita
2579 3317 2813 3371 multum
2864 3314 2932 3368 ab
2971 3313 3202 3368 historia
3245 3311 3384 3366 beati
3434 3309 3687 3362 Barlaam

2114 3412 2346 3467 abludit.
2379 3411 2511 3481 Ejus
2540 3412 2656 3466 haec
2693 3417 2824 3466 sunt
2850 3411 3015 3465 verba
3041 3408 3109 3479 (c)
3138 3428 3150 3461 :
3176 3407 3309 3460 Τοτὲ
3338 3405 3434 3474 μὲν
3465 3401 3687 3466 πέλυξιν

2113 3506 2506 3577 ἀναιρομὲνων,
2539 3500 2626 3559 οἷα
2666 3505 2857 3574 γέγονε
2903 3505 3015 3565 τοῖς
3049 3503 3135 3556 ἐπ’
3171 3499 3445 3564 Ἀραϐίας,
3479 3494 3600 3548 τοτὲ
3630 3493 3686 3546 δὲ

2111 3597 2179 3650 τὰ
2233 3597 2398 3668 σκέλη
2454 3598 2903 3668 καταγνυμένων,
2937 3589 3026 3648 οἷα
3079 3596 3191 3657 τοῖς
3221 3595 3278 3646 ἐν
3321 3585 3688 3656 Καππαδοκίᾳ

2115 3687 2568 3758 συμϐέϐηκε......
2597 3688 2662 3739 Τί
2685 3687 2765 3739 δεῖ
2793 3686 2899 3738 τῶν
2929 3685 3015 3738 ἐπ’
3056 3682 3382 3753 Ἀντιοχείας
3403 3678 3688 3742 ἁναζωπυ·

2115 3783 2226 3851 ρεῖν
2251 3779 2346 3850 τὴν
2383 3781 2639 3851 μνήμην;
2680 3779 2940 3849 ἐσχάραις
2969 3775 3141 3846 πυρὸς
3181 3776 3282 3827 οὐκ
3319 3775 3398 3835 εἰς
3435 3771 3682 3833 θάνατον,

2109 3871 2223 3924 ἀλλ’
2263 3872 2356 3924 ἐπὶ
2387 3873 2572 3942 μακρᾷ
2598 3870 2838 3941 τιμωρίᾳ
2879 3866 3347 3948 πιίαιτοςπιττωμένων⁹
3380 3863 3583 3934 ἐτέρων
3621 3876 3683 3913 τε

2112 3963 2305 4016 θᾶττον
2337 3963 2435 4032 τὴν
2469 3962 2646 4028 δεξιὰν
2677 3961 2856 4014 αὐτῶν
2887 3960 3020 4032 πυρὶ
3042 3958 3358 4025 καθιέντων,
3387 3957 3420 4027 ἢ
3456 3957 3554 4025 τῆς
3599 3956 3684 4008 ἐν-

2111 4053 2276 4123 αγοῦς
2299 4053 2489 4116 Θυσίας
2536 4051 2948 4122 ὲφαπτομένων.
2985 4051 3184 4120 Quippe
3223 4066 3340 4102 cum
3380 4046 3685 4100 admirandi

2110 4155 2395 4214 martyres,
2440 4145 2635 4213 partim
2681 4142 2949 4197 securibus
2986 4143 3109 4196 σαίθὶ
3136 4143 3262 4204 sint,
3301 4149 3358 4192 ut
3388 4141 3440 4192 in
3483 4136 3684 4190 Arabia

2111 4239 2352 4307 contigit,
2378 4240 2574 4304 partim
2601 4237 2871 4305 suﬂ‘ractis
2895 4235 3135 4288 cruribus
3153 4233 3467 4296 interierint,
3503 4247 3683 4300 quem-

2111 4330 2399 4385 admodum
2458 4330 2652 4384 accidit
2697 4329 2752 4381 in
2795 4325 3219 4396 Cappadociam.
3257 4325 3382 4378 Jam
3438 4340 3561 4378 vero
3617 4339 3680 4376 ea

2108 4439 2224 4494 qua:
2263 4424 2404 4492 apud
2447 4421 2780 4475 Antiochiam
2822 4430 2967 4490 gesta
3006 4430 3149 4483 sunt,
3191 4418 3315 4489 quid
3349 4434 3476 4486 opus
3516 4426 3593 4470 est
3625 4417 3679 4468 in

432 4504 642 4561 natum,
688 4514 781 4550 nec
826 4514 1056 4568 unquam
1105 4515 1170 4554 ea:
1213 4510 1380 4554 mente
1423 4510 1514 4555 tua
1555 4505 1697 4558 exire
1746 4507 2004 4572 permitte.
2038 4517 2084 4571 D
2111 4513 2424 4566 memoriam
2446 4514 2720 4567 revocare?
2744 4513 2833 4564 ubi
2856 4510 2952 4563 alii
2991 4509 3262 4563 craticulis
3293 4508 3542 4577 impositi,
3576 4522 3680 4559 non

433 4588 644 4644 Idcirco
671 4607 758 4646 vos
793 4593 952 4646 etiam
986 4592 1055 4646 ad
1085 4595 1227 4662 ipsos
1271 4607 1574 4650 sanctorum
1607 4608 1899 4668 martyrum
1924 4601 2002 4654 lo-

431 4685 578 4740 culos
622 4687 964 4752 adduximus,
1004 4701 1080 4754 ut,
1115 4699 1220 4744 etc.
1266 4690 1377 4746 Nec
1409 4693 1484 4745 ita
1530 4692 1711 4746 multo
1734 4702 1858 4763 post
1887 4695 2000 4749 haec

428 4774 713 4845 subjungit
752 4776 1176 4848 Chrysostomus
1217 4780 1371 4844 (ibid.
1416 4797 1470 4851 p.
1502 4781 1627 4853 686)
1659 4803 1670 4837 :
1698 4784 1797 4837 Διὰ
1841 4785 2001 4838 τοῦτο

427 4869 523 4921 καὶ
549 4871 711 4940 ἡμεῖς
749 4870 979 4924 ἐνταῦθα
1025 4873 1458 4944 συνεληλύθαμεν
1483 4893 1494 4902 ·
1526 4877 1696 4948 σκηνὴ
1729 4877 1837 4948 γάρ
1884 4880 2000 4931 ἐστι

430 4961 796 5031 στρατιωτικὴ
839 4961 947 5014 τῶν
999 4963 1290 5034 μαρτύρων
1336 4968 1364 5017 ὁ
1393 4966 1654 5034 τάφος....
1690 4968 1856 5023 Ὅταν
1892 4972 1999 5043 γὰρ

431 5049 547 5121 ἴδῃς
573 5050 933 5120 δαιμονιῶντα
953 5055 1234 5126 ἄνθρωπον
1253 5056 1401 5128 παρὰ
1429 5059 1518 5111 τὸν
1535 5059 1703 5128 τάφον
1731 5061 1824 5114 τοῦ
1861 5065 2000 5134 μάρ-

428 5157 591 5211 τυρος
613 5142 860 5212 κείμενον
885 5145 1096 5212 ὕπτιον,
1125 5155 1230 5202 etc.
1255 5147 1464 5204 Idcirco
1488 5167 1581 5205 nos
1602 5153 1761 5206 etiam
1779 5153 1862 5206 hic
1881 5172 2000 5207 con-

427 5233 660 5287 venimus
689 5249 708 5287 :
740 5238 1020 5290 tentorium
1049 5240 1186 5292 enim
1213 5251 1288 5293 est
1320 5242 1550 5296 militare
1590 5255 1886 5315 martyrum
1915 5256 1998 5298 tu—

431 5325 701 5383 muius....
735 5327 868 5381 Cum
903 5331 1041 5383 enim
1085 5331 1343 5387 hominem
1377 5345 1669 5403 correptum
1699 5353 1732 5390 a
1763 5337 1996 5394 dremone

424 5419 586 5490 juxta
645 5423 898 5490 martyris
945 5424 1244 5493 sepulcrum
1291 5427 1481 5481 videris
1523 5430 1770 5498 supinum
1805 5430 1993 5510 jacen-

431 5519 555 5572 tem,
587 5519 693 5565 etc.
739 5510 1033 5569 Postquam
1065 5517 1208 5572 enim
1245 5518 1528 5578 institutus
1569 5537 1750 5578 sermo
1781 5523 1884 5580 fuit
1927 5524 1996 5581 de

495 5661 575 5782 (αξ
607 5661 744 5735 Lege
768 5682 919 5721 num.
953 5668 1006 5724 5.

499 5731 549 5782 ib
602 5733 741 5782 Luae.
768 5753 911 5782 num.
948 5755 1006 5782 ριι

499 5731 571 5804 (b)
602 5731 741 5804 Lege
767 5753 916 5794 num.
948 5740 1219 5798 eumdem.

2107 4606 2182 4659 ad
2208 4615 2427 4659 mortem
2459 4621 2641 4674 usque,
2670 4603 2759 4657 sed
2790 4609 2857 4656 ad
2881 4603 3285 4656 diuturnitatem
3313 4600 3555 4670 supplicii
3577 4611 3681 4653 tor-

2109 4699 2398 4763 rebantur;
2424 4698 2520 4751 alii
2550 4698 2765 4751 dextras
2809 4714 2935 4750 suas
2964 4697 3020 4750 in
3047 4697 3215 4766 ignem
3254 4695 3532 4748 immittere
3562 4709 3680 4744 ma-

2110 4791 2344 4854 luerunt,
2383 4807 2538 4860 quam
2589 4789 2756 4856 impia
2806 4787 3093 4842 libamenta
3149 4789 3463 4856 contingere.
3505 4783 3678 4839 Nemo

2105 4884 2273 4946 enim,
2311 4885 2527 4952 opinor,
2569 4881 2734 4936 homo
2781 4879 3099 4935 diﬂitebitur
3138 4879 3394 4949 martyris
3425 4877 3676 4931 Barlaam

2108 4977 2392 5031 historiam
2442 4976 2646 5032 ultimis
2672 4975 2893 5031 Eusebii
2932 4976 3112 5031 verbis
3156 4975 3290 5029 satis
3337 4982 3460 5044 apte
3490 4973 3678 5026 adum-

2109 5066 2284 5122 brari.
2319 5064 2430 5120 Nec
2465 5067 2756 5137 quisquam
2790 5067 2989 5122 dixerit
3032 5067 3090 5121 in
3120 5067 3331 5122 duabus
3358 5067 3445 5122 his
3472 5067 3675 5120 oratio-

2109 5158 2273 5212 nibus
2306 5159 2540 5228 reperiri
2571 5174 2692 5228 quae
2728 5160 2870 5214 inter
2901 5174 2961 5214 se
2987 5168 3082 5213 aut
3109 5161 3381 5213 contraria
3422 5159 3552 5225 sint,
3579 5165 3674 5213 aut

2105 5249 2382 5303 contraria
2421 5265 2546 5305 esse
2579 5250 2887 5318 videantur,
2916 5251 2988 5306 ob
3018 5251 3180 5322 idque
3219 5249 3366 5321 ipsas
3392 5252 3481 5305 uni
3512 5259 3565 5304 et
3589 5252 3673 5305 ei-

2103 5342 2227 5410 dem
2265 5341 2521 5412 scriptori
2557 5343 2724 5398 tribui
2763 5359 2872 5398 nou
2911 5343 3126 5399 debere.
3173 5342 3368 5398 Notum
3409 5349 3492 5398 est
3525 5344 3670 5398 enim

2099 5443 2369 5499 oratores,
2405 5450 2530 5490 cum
2581 5436 2893 5506 quempiam
2949 5437 3279 5490 laudandum
3327 5436 3431 5491 sibi
3470 5451 3672 5506 propo-

2099 5535 2262 5596 nunt,
2291 5528 2428 5583 locis
2454 5527 2781 5598 quibusdam
2809 5528 3191 5584 communibus
3210 5528 3289 5584 uti
3311 5528 3520 5592 solitos,
3545 5542 3668 5583 eos-

2174 5685 2252 5758 (c)
2281 5685 2424 5743 Hist.
2459 5687 2588 5744 ccci.
2614 5686 2709 5745 lib.
2746 5703 2866 5754 vni,
2896 5702 3016 5760 cap.
3050 5689 3136 5744 12.
