3972 6202
265 290 328 343 2i
1698 290 2085 347 ΡΙῖΑΞΡᾹΤΙθ.
3440 295 3524 349 29

265 422 376 474 que
394 422 556 476 saepe,
589 406 635 461 si
658 407 744 462 bis
760 406 964 463 de-uno
985 415 1038 464 et
1060 410 1252 466 eodem
1281 410 1840 474 sermonemlhabent,

1949 413 2132 478 ξαντος
2154 411 2240 465 διὰ
2270 412 2367 481 τῆς
2400 411 2778 482 ὲμφυσήσεως,
2817 411 2895 464 ὅτι
2927 411 2985 463 τὸ
3025 410 3247 481 Πνεῦμα
3278 413 3377 483 τῆς
3403 412 3517 465 θεῖς

269 516 380 553 non
415 510 521 553 tam
567 515 786 563 curare,
826 513 885 555 ut
932 517 996 555 ea
1029 517 1247 571 quae:
1280 503 1662 557 communibus
1707 503 1844 560 locis

272 592 440 661 petita
466 600 609 655 sunt,
638 593 1138 650 conveniantinter
1165 610 1245 657 se,
1274 610 1435 665 quam
1467 602 1525 649 ut
1556 596 1602 650 is
1628 636 1642 659 ,
1683 610 1843 666 quem

272 684 493 738 laudare
528 685 737 748 volunt,
768 702 991 755 quoquo
1024 686 1187 742 modo
1236 688 1506 743 laudetur.
1540 687 1719 753 Quare
1760 689 1845 742 ni-

272 776 344 828 hil
369 778 566 830 mirum
596 777 644 833 si
665 778 1114 849 Chrysostomus,
1141 781 1233 850 qui
1250 781 1317 836 de
1342 788 1579 851 martyre
1596 780 1844 835 Barlaam

271 869 574 923 orationem
632 872 1023 941 panegyricam
1066 872 1152 927 bis
1201 873 1411 937 habuit,
1443 874 1703 928 contrarii
1744 874 1844 927 ali-

274 960 400 1028 quid
429 960 486 1012 in
516 961 907 1017 communibus
937 962 1026 1017 his
1056 963 1194 1018 locis
1216 974 1310 1018 aut
1337 963 1505 1029 dicat,
1535 972 1627 1017 aut
1665 964 1847 1019 dicere

270 1049 538 1103 videatur.
573 1050 846 1105 Praeterea
893 1054 940 1108 si
969 1054 1230 1125 martyris
1268 1054 1516 1108 Barlaam
1540 1055 1843 1108 .historiam

271 1144 464 1197 melius
498 1145 848 1213 postmodum
867 1146 1019 1200 novit
1050 1146 1497 1217 Chrysostomus,
1533 1162 1643 1201 non
1684 1146 1847 1201 video

269 1249 368 1287 cur
397 1236 452 1289 in
494 1238 790 1305 posteriori
830 1254 930 1293 sua
965 1241 1232 1296 concione
1269 1240 1718 1297 circumstantias
1746 1242 1846 1294 ali-

269 1342 405 1395 quas
428 1329 590 1383 aliter
617 1346 848 1386 narrare
869 1348 977 1387 non
1001 1336 1258 1403 potuerit.
1280 1333 1393 1389 lmo
1414 1350 1544 1389 vero
1566 1334 1640 1388 ita
1668 1334 1847 1390 facere

269 1416 477 1473 debuit.
507 1419 659 1474 Nihil
686 1436 820 1491 ergo
857 1423 1024 1478 oﬂicit
1053 1433 1256 1480 nostra:
1293 1423 1535 1493 opinioni
1577 1438 1845 1493 quarum-

269 1508 389 1564 dam
425 1513 969 1569 circumstantiarum
998 1516 1233 1571 varietas
1259 1535 1273 1571 :
1311 1516 1406 1571 sed
1436 1516 1565 1569 illud
1590 1530 1708 1571 eam
1736 1531 1847 1570 ma-

268 1602 409 1655 xime
439 1602 753 1668 conﬁrmat,
778 1604 925 1673 quod
958 1606 1138 1675 ipsum
1168 1606 1415 1677 martyrii
1450 1620 1621 1675 genus
1650 1605 1844 1659 iisdem

269 1689 377 1746 fere
408 1694 621 1757 verbis,
655 1703 794 1749 utex
808 1696 972 1752 dictis
1009 1704 1223 1752 constat
1248 1697 1348 1767 (a),
1377 1698 1431 1750 in
1450 1705 1679 1767 utraque
1717 1712 1843 1749 ora-

271 1786 411 1839 tione
439 1788 771 1855 explicetur.
806 1788 884 1842 Ex
917 1790 1118 1859 quibus
1156 1790 1412 1844 omnibus
1461 1789 1597 1843 eﬂici
1631 1790 1843 1843 videtur

270 1883 565 1946 martyrem
619 1876 872 1932 Barlaam
938 1896 1117 1950 neque
1179 1880 1440 1935 Caesareae
1488 1879 1846 1951 Cappadocia:

271 1976 540 2022 mortuum
567 1984 712 2035 esse,
742 1987 921 2041 neque
942 1973 1011 2028 de
1038 1989 1104 2027 eo
1126 1973 1386 2028 Basilium
1419 1974 1719 2028 orationem
1747 1975 1847 2028 ha-

269 2057 468 2121 buisse,
532 2076 716 2131 neque
768 2078 834 2117 eo
868 2079 1031 2132 quem
1064 2080 1189 2118 mox
1238 2064 1350 2119 dixi
1403 2066 1526 2119 loco
1573 2066 1843 2135 sepultum

269 2150 455 2207 inisse.
487 2151 673 2207 Monet
696 2155 1104 2211 eruditissimus
1140 2156 1223 2209 vir
1261 2156 1661 2219 Tillemontius,
1696 2172 1844 2210 mar-

270 2247 395 2314 tyris
416 2244 674 2299 Barlaam
699 2247 898 2301 festum
926 2249 1068 2303 diem
1090 2250 1141 2303 in
1174 2251 1499 2319 qutbusdam
1530 2251 1844 2305 Grzecorum

271 2334 587 2405 )lenologiis
617 2335 708 2390 die
734 2336 948 2391 decima
992 2349 1145 2392 sexta
1177 2338 1501 2396 Novembris
1531 2343 1710 2397 notari
1738 2361 1751 2395 ;
1790 2342 1844 2396 in

274 2428 381 2481 aliis
406 2443 561 2491 vero,
614 2430 1078 2497 quemadmodum
1120 2441 1173 2487 et
1206 2433 1259 2486 in
1303 2433 1689 2505 Martyrologio
1738 2434 1847 2488 Ro-

280 2532 445 2581 mano,
474 2518 569 2573 die
596 2518 812 2573 decima
841 2536 985 2575 nona
1012 2523 1216 2578 mensis
1247 2524 1513 2593 ejusdem.

310 2671 440 2744 μη.
464 2673 546 2728 De
598 2675 825 2731 homilia
855 2680 935 2750 Ain
977 2688 1218 2733 sanctum
1264 2681 1548 2750 baptisma,
1594 2701 1685 2738 seu
1747 2684 1811 2739 de

839 2748 1045 2817 Spiritu
1076 2762 1278 2805 sancto.

336 2879 421 2934 il.
452 2879 585 2937 Haec
617 2884 799 2938 oratio
833 2884 908 2937 ita
940 2885 995 2939 in
1021 2893 1251 2955 utraque
1276 2886 1515 2942 editione
1544 2886 1846 2945 Parisiensi

272 2971 613 3039 inscribitur,
661 2976 879 3046 Ὀμιλία
912 2980 991 3039 εἰς
1019 2978 1079 3029 τὸ
1101 2978 1254 3045 ἅγιον
1275 2977 1579 3049 βάπτισμα,
1610 2979 1847 3035 Mamilia

1944 506 2045 576 κῆς
2087 505 2272 568 οὐσίας
2294 505 2430 570 ἐστὶ,
2458 505 2551 557 καὶ
2579 505 2641 557 οὐ
2674 505 2773 573 τῆς
2800 506 3024 575 κτιστῆς
3050 505 3282 573 φύσεως,
3307 506 3524 576 aliquid'

1943 599 2179 668 reperio,
2208 597 2355 668 quod
2388 613 2419 652 e
2448 597 2842 653 consuetudine
2881 596 3067 651 Basilii
3100 598 3306 653 dictum
3340 598 3511 654 fuisse

1944 704 2053 744 non
2087 697 2237 759 puto.
2272 688 2388 743 Etsi
2430 688 2574 743 enim
2607 696 2793 742 orator
2819 688 3056 757 optimus
3098 688 3285 743 multis
3322 688 3511 745 admo-

1946 781 2074 834 dum
2119 781 2255 836 tocis
2287 782 2543 850 quiddam
2579 779 2821 834 divinum
2857 780 3145 850 exprimat,
3166 788 3348 837 tamen
3378 797 3513 839 voce

1946 873 2130 937 Θεῖκός
2163 890 2452 943 nusquam.
2477 873 2619 943 quod
2644 874 2861 942 quidem
2895 874 3086 936 sciam,
3112 874 3305 928 utitur.
3334 874 3514 939 Quare

1946 978 2069 1018 cum
2096 964 2327 1033 probare
2362 979 2590 1018 conarer
2617 963 2838 1016 ultimos
2860 961 2998 1017 duos
3028 963 3082 1016 in
3103 961 3420 1017 Eunomium
3447 965 3514 1019 li-

1946 1055 2076 1111 bros
2100 1056 2154 1109 in
2192 1056 2399 1125 spuriis
2433 1055 2561 1125 poni
2596 1054 2812 1121 debere,
2851 1055 2994 1109 inter
3035 1054 3140 1109 alia
3171 1064 3509 1126 argumenta,

1947 1146 2147 1216 quibus
2170 1146 2237 1198 ad
2265 1146 2316 1199 id
2339 1145 2802 1214 comprobandum
2836 1160 2967 1199 usus
2998 1161 3141 1203 sum.
3167 1145 3270 1199 hoc
3296 1160 3514 1215 quoque

1947 1238 2238 1307 reperitur,
2266 1238 2409 1307 quod
2442 1253 2545 1291 vox
2571 1237 2767 1301 θεῖκός,
2810 1254 2930 1307 quae
2958 1238 3026 1291 ab
3050 1238 3371 1293 indubitatis
3404 1237 3512 1291 Ba-

1949 1329 2056 1383 silii
2078 1328 2337 1398 operibus
2367 1328 2541 1391 abest,
2568 1328 2766 1397 saepius
2800 1328 2855 1381 in
2886 1328 2972 1388 iis.
3021 1343 3158 1397 quos
3196 1327 3332 1393 dixi,
3362 1328 3517 1382 libris

1948 1430 2221 1474 occurrat.
2248 1418 2311 1472 Et
2332 1418 2478 1489 quod
2508 1419 2870 1487 suspicionem
2895 1427 3073 1488 auget,
3099 1418 3154 1471 in
3171 1417 3275 1473 hoc
3305 1408 3515 1474 brevis-

1949 1509 2093 1564 simo
2118 1510 2381 1579 opusculo
2410 1524 2514 1561 vox
2539 1508 2718 1571 θεῖκός
2744 1523 2852 1562 non
2883 1508 2956 1561 ita
2976 1507 3145 1562 multo
3172 1516 3295 1577 post
3321 1523 3515 1563 rursus

1948 1602 2255 1657 adhibetur.
2291 1600 2357 1654 Et
2398 1601 2530 1655 illud
2573 1615 2793 1671 quoque
2822 1600 3074 1671 displicet
3106 1598 3252 1669 (pag.
3281 1599 3429 1668 584),
3455 1600 3516 1653 τὸ

1947 1694 2076 1767 γὰρ,
2122 1696 2325 1750 Πάντα
2356 1694 2428 1748 δι’
2460 1692 2647 1747 αὐτοῦ
2685 1692 2939 1762 ἐγένετο,
2984 1692 3111 1765 περὶ
3163 1692 3257 1745 τοῦ
3281 1692 3517 1762 πλήθους

1946 1786 2053 1837 τῶν
2085 1784 2396 1855 κτισμάτων
2422 1783 2557 1836 ἐστί.
2594 1780 2737 1835 Illud
2765 1782 2922 1843 enim,
2947 1798 2966 1829 ι
2993 1778 3185 1834 Omnia
3223 1794 3314 1847 per
3347 1778 3517 1846 ipsum

1947 1879 2092 1947 facta
2124 1886 2245 1932 sunt
2278 1878 2339 1941 ³⁴,
2381 1894 2399 1926 ι
2430 1874 2498 1927 ad
2520 1883 2883 1928 creaturarum
2908 1871 3296 1947 multitudinem
3332 1869 3518 1938 referri

1946 1944 2111 2022 debet.
2134 1968 2377 2021 Primum
2403 1966 2548 2021 cnim
2575 1965 2763 2019 ultima
2786 1964 2971 2029 verba,
3007 1963 3135 2034 napi.
3160 1944 3519 2031 τοῖπλήθους

1944 2060 2051 2113 τῶν
2075 2060 2388 2130 κτισμάτων
2414 2058 2550 2123 ἐστί,
2576 2067 2636 2112 ιιι
2664 2056 2849 2112 Graece
2877 2064 3093 2126 repunt,
3122 2053 3197 2108 ita
3222 2062 3276 2109 et
3303 2052 3513 2108 Latine.

1945 2148 2022 2203 Ita
2055 2150 2199 2204 enim
2230 2150 2297 2203 ad
2332 2150 2557 2205 verbum
2600 2149 2947 2219 interpretari
2988 2148 3113 2202 licet
3139 2167 3152 2202 :
3182 2146 3315 2200 illud
3354 2147 3515 2209 enim.

1951 2258 1969 2291 ι
2013 2240 2207 2294 Omnia
2259 2257 2349 2309 per
2394 2242 2566 2309 ipsum
2609 2239 2753 2309 facta
2807 2248 2951 2305 sunt,
2992 2259 3010 2292 ι
3042 2238 3105 2293 de
3152 2248 3520 2293 creaturarum

1946 2332 2286 2386 multitudine
2312 2340 2411 2386 est.
2444 2333 2605 2386 Certe
2635 2332 2703 2393 si,
2735 2331 2826 2399 qui
2868 2330 3060 2385 Latine
3091 2331 3293 2394 sciunt,
3328 2330 3409 2385 sic
3439 2330 3521 2385 lo-

1947 2427 2039 2496 qui
2067 2442 2174 2480 non
2211 2426 2410 2490 solent,
2444 2424 2701 2487 Basilius,
2741 2425 2833 2493 qui
2867 2422 3181 2477 Graecarum
3211 2422 3520 2476 litterarum

1946 2518 2313 2588 peritissimus
2338 2522 2476 2579 erat,
2510 2514 2584 2567 ita
2609 2513 2795 2567 Graece
2819 2512 3036 2565 locutus
3064 2510 3235 2566 fuisse
3260 2526 3367 2564 non
3393 2525 3521 2564 cen-

1948 2608 2155 2663 sendus
2201 2615 2306 2662 est.
2334 2606 2539 2661 Deinde
2568 2604 2724 2668 illud,
2765 2603 2909 2674 quod
2936 2602 3092 2657 initio
3134 2603 3343 2671 periodi
3372 2604 3521 2671 posi-

1947 2709 2062 2755 tum
2092 2707 2195 2765 est,
2223 2714 2331 2751 non
2364 2696 2535 2767 magis
2553 2697 2775 2750 arridet.
2802 2694 2935 2749 Cum
2956 2695 3099 2749 enim
3125 2693 3358 2749 Basilius
3388 2710 3520 2765 pro-

1947 2794 2065 2864 pria
2098 2792 2393 2861 Scriptura:
2412 2791 2574 2845 verba
2598 2790 2783 2853 relert,
2818 2788 2872 2843 in
2912 2802 3012 2842 suo
3041 2801 3293 2842 sermone
3315 2787 3519 2857 aliquid

1949 2885 2163 2949 inserit,
2202 2899 2312 2953 quo
2365 2883 2459 2953 qui
2502 2881 2753 2945 audiunt,
2794 2888 2889 2934 aut
2927 2882 3135 2951 legunt,
3179 2879 3521 2950 Scripturam

1949 2978 2105 3033 citari
2125 2984 2485 3042 moneantur;
2510 2990 2609 3031 nec
2627 2983 2758 3045 puto
2780 2989 2902 3029 eum
2920 2974 2994 3029 ita
3017 2974 3327 3028 locuturum
3353 2972 3523 3029 fuisse

272 3064 324 3116 in
348 3076 591 3118 sanctum
643 3067 905 3133 baptisma
929 3083 947 3119 :
979 3068 1073 3122 sed
1110 3068 1306 3121 mirum
1336 3070 1506 3124 videri
1539 3071 1697 3126 debet
1742 3072 1845 3127 hoc
1874 3084 1915 3141 α
1950 3071 2093 3126 mide
2134 3078 2188 3126 et
2218 3070 2561 3140 simpliciter,
2597 3068 2658 3120 τὸ
2690 3067 2819 3137 γὰρ,
2849 3066 3052 3130 Πάντα,
3084 3075 3189 3122 etc.
3226 3065 3308 3121 Me
3352 3067 3522 3123 movit

272 3157 595 3225 opusculum
630 3159 713 3212 sic
755 3159 811 3212 in
850 3160 1088 3230 vulgatis
1138 3161 1464 3231 inscriptum
1503 3162 1695 3231 fuisse,
1725 3180 1849 3219 cum

276 3248 327 3301 in
354 3248 438 3303 his
478 3266 656 3304 unum
698 3251 964 3305 duntaxat
994 3254 1219 3307 verbum
1270 3253 1448 3308 obiter
1474 3255 1539 3309 de
1581 3257 1850 3325 baptismo

275 3340 485 3395 dicatur
508 3341 576 3395 ad
606 3346 1070 3414 comprobandam
1116 3344 1351 3416 Spiritus
1379 3350 1555 3404 sancti
1590 3348 1844 3403 divinita-

277 3445 399 3487 tem.
442 3433 605 3488 Nunc
641 3434 711 3498 is,
757 3453 916 3505 quem
968 3453 1095 3491 mox
1141 3441 1344 3506 notavi,
1374 3441 1589 3502 titulus,
1635 3441 1849 3511 Ὀμιλία

275 3528 346 3588 εἰς
366 3525 428 3578 τὸ
457 3526 615 3593 ἅγιον
642 3527 944 3598 βάπτισμα,
968 3529 1273 3585 Homiliain
1302 3543 1542 3586 sanctum
1565 3532 1847 3601 baptisma,

274 3616 397 3671 huic
426 3619 924 3675 lucubratiuncula:
955 3623 1151 3676 melius
1181 3625 1520 3689 conveniret,
1555 3640 1679 3679 cum
1713 3642 1849 3679 non-

275 3710 420 3763 nulla
457 3725 489 3765 e
524 3710 697 3779 Regio
741 3712 930 3767 codice
972 3714 1105 3767 1907
1136 3714 1530 3780 addiderimus,
1564 3718 1617 3770 in
1650 3719 1848 3785 quibus

276 3802 532 3872 scriptor,
583 3802 838 3872 quisquis
886 3814 990 3870 est,
1031 3805 1099 3859 de
1149 3806 1474 3875 baptismate
1525 3809 1650 3861 data
1684 3825 1847 3878 opera

275 3894 609 3947 mentionem
646 3893 796 3947 facit.
834 3894 938 3948 Sed
970 3894 1084 3948 lucc
1122 3894 1262 3949 levia
1296 3903 1453 3961 sunt;
1479 3897 1589 3964 jam
1625 3895 1692 3950 ad
1726 3914 1851 3967 gra-

276 3984 421 4037 viora
454 3986 882 4055 properandum.
914 3985 1207 4041 Videamus
1237 3986 1404 4055 igitur
1428 4002 1557 4039 num
1586 3986 1700 4041 haec
1727 4002 1849 4041 ora~

276 4075 523 4128 tiuncula
554 4076 746 4130 Basilii
777 4076 867 4137 sit,
914 4075 1075 4145 cujus
1105 4076 1159 4129 in
1188 4077 1344 4131 libris
1368 4076 1658 4130 invenitur.
1691 4075 1755 4128 Et
1784 4092 1851 4129 ne

277 4166 363 4220 diu
398 4168 617 4223 animos
664 4183 962 4237 suspensos
1010 4167 1321 4232 distineam,
1367 4168 1492 4221 dico
1536 4169 1672 4221 nihil
1720 4168 1849 4222 mihi

275 4260 446 4314 videri
473 4260 531 4313 in
562 4260 668 4314 hac
690 4261 956 4315 concione
980 4260 1182 4316 Basilio
1204 4259 1400 4330 Magno
1434 4260 1681 4330 dignum.
1714 4258 1849 4313 Cum

275 4352 421 4404 enim
452 4353 508 4405 in
528 4351 718 4407 Basilii
744 4353 1088 4407 orationibus
1120 4354 1446 4422 prommium
1493 4352 1763 4423 quoddam
1796 4362 1851 4407 et

1954 3164 2140 3227 etiam,
2186 3162 2331 3232 quod
2378 3163 2603 3217 verbum
2655 3163 2886 3230 φάσκειν
2943 3160 2999 3213 in
3041 3160 3131 3213 illa
3176 3159 3517 3213 oratiuncula

1953 3254 2037 3308 bis
2070 3254 2363 3323 repererim
2399 3272 2411 3307 :
2453 3250 2600 3322 quod
2645 3252 2834 3306 nescio
2866 3257 3046 3305 tamen
3093 3264 3161 3303 an
3194 3250 3249 3303 in
3290 3249 3523 3306 sinceris

1951 3344 2140 3399 Basilii
2177 3344 2522 3399 orationibus
2553 3344 2777 3399 totidem
2813 3344 3041 3413 legatur.
3074 3342 3183 3398 Nec
3228 3357 3359 3397 sane
3403 3356 3521 3397 mer

1952 3436 2088 3491 liora
2143 3445 2271 3491 sunt
2303 3452 2426 3507 quae
2457 3453 2488 3490 e
2522 3434 2692 3505 Regio
2736 3435 2925 3491 codice
2976 3433 3326 3490 addidimus:
3374 3436 3523 3506 quod

1950 3530 2085 3585 satis
2118 3546 2181 3585 ex
2212 3530 2330 3585 solo
2369 3530 2524 3583 initio
2551 3529 2808 3597 cognosci
2856 3534 3055 3598 potest.
3098 3526 3177 3581 Ita
3206 3527 3350 3583 enim
3384 3528 3521 3582 inci-

1953 3621 2030 3690 pit
2057 3622 2200 3691 (pag.
2239 3622 2363 3681 585)
2396 3638 2409 3674 :
2462 3622 2611 3674 Ἐπεὶ
2640 3622 2695 3674 δὲ
2722 3620 2855 3673 Θεοῦ
2879 3619 2971 3673 τοῦ
3001 3620 3205 3687 ἀγαθοῦ
3227 3621 3428 3691 χάριτι,
3454 3624 3520 3691 τῇ

1954 3713 2139 3781 μνήμῃ
2168 3711 2275 3763 τῶν
2296 3712 2390 3763 τοῦ
2425 3710 2746 3781 μονογενοῦς
2778 3709 2905 3763 Υἱοῦ
2928 3711 3020 3763 τοῦ
3048 3709 3183 3763 Θεοῦ
3205 3710 3297 3763 τοῦ
3324 3709 3523 3774 ζῶντικ

1952 3803 2233 3873 ῥημάτων,
2267 3804 2361 3856 καὶ
2400 3803 2506 3855 τῶν
2534 3803 2701 3870 ἁγίων
2725 3802 2889 3855 αὑτοῦ
2918 3802 3318 3870 εὐαγγελιστῶν
3342 3820 3402 3855 τε
3430 3805 3523 3855 καὶ

1951 3893 2263 3944 ἀποστόλων
2301 3894 2395 3947 καὶ
2442 3892 2757 3963 προφητῶν,
2794 3892 3083 3963 αὐτάρκως
3134 3893 3265 3962 ἡμῖν
3300 3910 3524 3961 σαφηνι-

1952 3985 2157 4036 σάντων
2185 3985 2274 4036 τὸν
2309 3984 2435 4053 περὶ
2475 3984 2568 4037 τοῦ
2604 3984 2743 4037 κατὰ
2762 3984 2822 4037 τὸ
2855 3984 3167 4053 εὐαγγέλιον
3198 3983 3292 4037 τοῦ
3316 3984 3521 4054 Κυρίου

1952 4077 2108 4147 ἡμῶν
2153 4076 2330 4148 Ἰησοῦ
2377 4075 2609 4147 Χριστοῦ
2648 4070 3019 4147 βαπτίσματος
3055 4075 3236 4144 λόγον,
3275 4076 3524 4129 ἐπαιδεύ-

1952 4169 2122 4239 θημεν
2154 4169 2320 4221 ὅτιτὸ
2361 4169 2457 4236 μὲν
2482 4170 2542 4221 ὲν
2583 4168 2660 4238 τῷ
2708 4158 2839 4239 πορν.
2883 4166 3165 4237 βάπτισμα
3211 4166 3523 4235 ἐλεγκτικὸν

1954 4260 2050 4329 μέν
2074 4261 2190 4312 ἐστι
2215 4262 2392 4330 πάσης
2416 4260 2632 4325 κακίας,
2658 4259 2899 4313 δεκτικὸν
2929 4259 2985 4312 δὲ
3009 4259 3106 4330 τῆς
3128 4258 3269 4311 κατὰ
3290 4258 3523 4328 Χριστὸν

1951 4350 2315 4422 δικαιοσύνης,
2351 4355 2504 4423 μῖσος
2541 4353 2639 4423 μὲν
2662 4350 2923 4421 ἐμποιοῦν
2954 4351 3055 4422 τῆς
3088 4350 3305 4415 κακίας,
3337 4348 3524 4403 ἐπιου-

276 4442 707 4511 pulcherrimum
724 4450 779 4497 et
800 4444 1261 4514 elegantissimum
1284 4445 1478 4513 prmire
1500 4444 1846 4515 soleat,ejus,
1882 4425 1927 4479 D
1957 4443 2086 4513 μίαν
2129 4442 2185 4495 δὲ
2216 4443 2317 4511 τῆς
2366 4442 2588 4513 ἀρετῆς,
2623 4454 2728 4497 etc.
2767 4442 2872 4497 Sed
2917 4443 3057 4496 enim
3087 4457 3151 4495 ea:
3198 4440 3297 4495 Dei
3339 4440 3524 4508 optimi

277 4534 345 4589 de
371 4550 483 4605 qua
539 4536 909 4589 controversia
951 4543 1056 4597 est,
1088 4535 1354 4589 orationis
1402 4544 1614 4598 auctor,
1657 4534 1850 4605 frigide

276 4627 352 4680 ita
406 4626 601 4696 incipit
630 4626 772 4697 (pag.
798 4626 961 4696 585):
1007 4628 1065 4678 Ὀ
1110 4626 1500 4698 βαπτιζόμενος
1538 4628 1618 4690 είς
1648 4627 1851 4698 Τριάδα
1892 4667 1904 4675 .

280 4718 624 4787 βαπτίζεται,
655 4721 736 4780 εἰς
767 4718 987 4788 Πατέρα
1014 4720 1108 4770 καὶ
1140 4719 1267 4771 Υἱὺν
1296 4721 1387 4772 καὶ
1422 4720 1575 4786 ἅγιον
1604 4719 1847 4789 Πνεῦμα,

278 4811 398 4866 οὔτε
420 4813 503 4875 εις
529 4812 725 4884 ἀρχάς,
760 4811 882 4864 οὔτε
917 4814 995 4875 εἰς
1034 4812 1311 4881 δυνάμεις,
1338 4820 1443 4866 etc.
1473 4812 1577 4877 Qui
1611 4812 1851 4881 baptiza-

281 4914 386 4966 tur,
416 4906 475 4958 in
502 4904 817 4958 Trinitatem
845 4903 1164 4973 baptizatur,
1196 4905 1250 4957 in
1283 4904 1516 4967 Patrem,
1546 4914 1596 4959 et
1626 4904 1847 4972 Filium,

278 5006 327 5047 et
356 4993 621 5062 Spiritum
664 5007 925 5059 sanctum,
958 5012 1118 5065 neque
1144 4999 1197 5050 in
1224 5000 1570 5068 principatus,
1612 5017 1771 5071 neque
1795 5001 1850 5055 in

280 5089 516 5153 virtutes,
542 5098 649 5143 etc.
676 5087 930 5152 Basilius,
957 5096 1019 5141 ut
1047 5088 1182 5152 dixi,
1206 5105 1510 5145 sermonem
1538 5107 1696 5146 suum
1722 5100 1849 5161 apto

280 5179 463 5249 aliquo
477 5189 531 5234 et
546 5180 777 5250 eleganti
789 5179 1013 5234 exordio
1031 5189 1300 5244 ornasset,
1317 5192 1369 5236 et
1381 5182 1454 5235 ita
1473 5182 1689 5237 demum
1704 5199 1767 5238 ea
1784 5183 1849 5240 de

280 5285 339 5325 re
358 5285 523 5341 quam
555 5269 895 5324 tractandam
915 5270 1018 5324 sibi
1038 5281 1414 5340 pr0posuerat,
1430 5272 1700 5327 disserere
1731 5286 1847 5327 c03-

279 5362 468 5431 pisset.
512 5362 572 5415 ln
602 5363 691 5424 iis,
720 5379 841 5433 qua:
868 5378 996 5418 mox
1042 5371 1345 5435 sequuntur
1377 5363 1580 5437 (ibid.),
1612 5363 1706 5418 καὶ
1742 5363 1853 5417 δεί-

347 5545 392 5575 ν
428 5541 583 5597 Joan.
622 5545 746 5598 1.3.

355 5700 434 5780 (ᾳ)
476 5699 609 5773 Lege
641 5718 695 5755 n.
740 5701 796 5756 9.

1952 4536 2150 4604 gratia,
2202 4534 2563 4588 recordatione
2616 4534 2887 4588 verborum
2940 4535 3191 4605 unigeniti
3241 4532 3373 4586 Filii
3426 4532 3523 4585 Dei

1953 4626 2191 4689 viventis,
2224 4636 2272 4680 et
2303 4636 2605 4681 sanctorum
2635 4627 2749 4695 ejus
2776 4627 3209 4695 evangelistarum
3242 4634 3291 4679 et
3320 4635 3524 4688 aposto-

1953 4716 2124 4770 lorum
2152 4729 2200 4771 et
2226 4719 2617 4787 prophetarum,
2636 4720 2723 4788 qui
2745 4720 2856 4787 ejus
2877 4717 3013 4786 quod
3036 4717 3320 4772 secundum
3346 4714 3524 4768 Evan-

1954 4808 2145 4878 gelium
2175 4808 2386 4862 Domini
2437 4814 2605 4863 nostri
2631 4808 2760 4863 Jesu
2801 4808 3002 4862 Christi
3046 4817 3145 4869 est,
3185 4807 3519 4875 baptismatis

1955 4899 2251 4953 doctrinam
2295 4900 2426 4953 satis
2474 4900 2623 4953 nobis
2674 4902 3061 4969 explanarunt,
3119 4895 3290 4951 edocti
3338 4907 3521 4950 sumus

1958 4996 2221 5064 baptisma
2261 4994 2395 5048 illud
2439 4993 2575 5065 quod
2604 4995 2654 5047 in
2695 4995 2811 5064 igne
2842 4994 2922 5061 ﬁt,
2946 5002 3002 5045 ut
3038 4990 3107 5051 ad
3136 5006 3337 5045 omnem
3361 4990 3523 5043 mali-

1958 5088 2086 5140 tiam
2114 5086 2455 5157 argucndam,
2479 5086 2553 5141 ita
2573 5086 2641 5137 ad
2664 5082 2861 5138 Christi
2876 5083 3145 5152 justitiam
3170 5080 3521 5150 recipiendam

1954 5182 2199 5236 idoneum
2236 5197 2365 5245 esse,
2398 5186 2504 5234 etc.
2537 5197 2550 5233 :
2588 5178 2786 5247 quibus
2832 5176 3085 5230 omnibus
3118 5174 3253 5229 nihil
3279 5175 3389 5229 dici
3417 5189 3517 5243 po-

1954 5274 2061 5328 tuit
2088 5283 2181 5328 aut
2210 5271 2543 5343 languidius,
2576 5279 2668 5324 aut
2698 5269 2971 5340 frigidius,
3007 5274 3102 5321 aut
3134 5266 3516 5337 inelegantius.

1958 5365 2243 5435 Similiter,
2290 5364 2436 5435 quod
2488 5362 2589 5419 sub
2647 5360 2803 5416 linem
2857 5359 3075 5439 legitur,
3121 5358 3391 5414 Δεσπότου
3425 5356 3519 5410 καὶ
