3972 6202
421 248 493 304 25
1848 232 2218 291 PREFATIO

3585 241 3673 296 ‘24

423 365 685 433 πλάστου,
715 363 1049 420 Basilianum
1086 376 1210 420 esse
1242 357 1334 416 vix
1371 357 1718 415 crediderim.
1746 354 1881 410 Nam
1908 355 1992 411 vir
2015 355 2068 416 Α
2095 354 2276 410 Iimius
2326 356 2573 425 expende.
2603 358 2858 428 lmprobo
2904 359 3124 429 quidem
3158 361 3529 431 interpretem,
3557 364 3670 433 qui

419 458 900 534 eloquentissimus
922 455 1096 512 utitur
1121 454 1305 526 potius
1327 452 1433 508 alio
1454 451 1648 523 quovis
1679 449 1897 504 nomine
1916 448 1983 502 ad

420 569 606 612 rerum
635 553 971 608 conditorem
1011 547 1448 621 significandum,
1483 559 1645 616 quam
1678 558 1810 598 voce
1845 542 1984 596 πλά-

421 662 575 718 στης.
617 643 842 699 Accedit
863 643 1047 705 etiam,
1085 639 1230 711 quod
1261 653 1368 692 non
1391 637 1524 693 satis
1557 634 1887 704 intelligatur
1917 633 1986 687 ad

422 738 568 809 quod
602 736 918 806 scriptionis
948 749 1120 806 genus
1174 731 1288 786 haec
1328 727 1806 784 lucubratiuncula
1841 724 1985 778 refe-

420 830 593 886 renda
632 829 723 885 sit.
757 828 966 883 Etenim
1003 827 1049 880 si
1080 825 1309 895 primam
1338 829 1546 892 partem
1575 829 1807 892 spectes,
1834 817 1986 872 dicas

422 922 613 977 rudem
645 919 933 990 quemdam
963 932 1087 972 esse
1119 915 1185 969 de
1208 913 1414 983 Spiritu
1440 919 1632 967 sancto
1655 915 1982 963 tractatum:

425 1015 473 1071 si
497 1016 743 1078 alteram,
789 1011 1101 1082 imperfecta
1137 1007 1383 1077 quaedam
1425 1006 1493 1060 de
1530 1005 1856 1075 baptismate
1889 1001 1988 1055 ho-

425 1107 578 1162 milia
599 1121 720 1162 esse
742 1105 1035 1160 videbitur.
1063 1100 1167 1156 Sed
1196 1108 1305 1153 tam
1337 1099 1390 1154 in
1419 1113 1524 1152 una
1550 1111 1712 1166 quam
1737 1096 1789 1149 in
1821 1095 1987 1148 altera

426 1203 584 1267 parte
634 1193 770 1248 nihil
829 1192 1052 1246 omnino
1084 1191 1318 1259 reperio,
1363 1189 1506 1259 quod
1543 1187 1744 1242 Basilio
1798 1185 1989 1255 Magno

428 1285 653 1355 dignum
685 1284 777 1338 sit.
813 1281 972 1338 Certe
1003 1282 1047 1336 si
1078 1288 1355 1335 oratorum
1391 1281 1627 1349 optimus
1653 1277 1887 1331 Basilius
1923 1275 1992 1330 de

428 1377 640 1449 Spiritu
672 1383 863 1430 sancto
905 1391 969 1428 ac
998 1374 1064 1428 de
1099 1373 1424 1442 baptismate
1456 1371 1601 1440 loqui
1643 1369 1988 1432 instituisset,

427 1471 497 1524 de
526 1470 632 1533 his,
659 1477 718 1522 ut
744 1469 821 1522 rei
855 1466 1090 1535 dignitas
1122 1463 1451 1534 postulabat,
1487 1462 1857 1523 disseruisset,
1883 1473 1992 1512 non

427 1562 709 1625 indiserte,
743 1575 854 1614 non
888 1558 1239 1627 ineleganter,
1269 1571 1376 1609 non
1417 1554 1684 1608 inerudite
1715 1572 1726 1606 :
1762 1566 1883 1622 quae
1909 1558 1995 1604 ta-

428 1667 554 1707 men
593 1651 720 1705 vitia
761 1651 815 1704 in
861 1649 964 1703 hac
1004 1646 1346 1703 oratiuncula
1385 1643 1543 1700 facile
1571 1659 1599 1698 a
1631 1643 1873 1714 quolibet
1898 1642 1991 1696 de-

428 1743 690 1816 prehendi
712 1750 960 1813 possunt.

533 1881 562 1952 §
594 1880 790 1938 IV.~.De
817 1880 1037 1933 Itomilia
1070 1895 1186 1949 qua:
1230 1879 1284 1931 in
1327 1875 1537 1930 Lacizis
1572 1875 1753 1928 habita
1791 1881 1888 1928 est.

500 2012 590 2068 12.
624 2010 743 2078 Quo
771 2021 1035 2068 terrarum
1079 2011 1276 2081 angulo
1324 2012 1462 2065 situs
1491 2007 1655 2062 fuerit
1691 2008 1844 2061 locus
1885 2004 1994 2067 ille,

429 2103 528 2159 ubi
557 2103 671 2159 haec
700 2105 878 2158 oratio
907 2105 1089 2158 habita
1121 2103 1291 2158 fuisse
1327 2102 1548 2165 dicitur,
1584 2117 1654 2155 ne
1681 2099 1996 2167 conjectura

431 2196 650 2266 quidem
685 2195 935 2266 judicare
977 2211 1288 2265 possumus.
1317 2193 1414 2248 Vir
1452 2185 1806 2248 doctissimus
1829 2191 1996 2245 Tille-

431 2289 696 2352 montius,
720 2290 812 2360 qui
839 2289 980 2342 hanc
1019 2287 1319 2340 orationem
1349 2284 1537 2339 Basilii
1566 2298 1688 2339 esse
1715 2281 1999 2336 existima-

433 2391 539 2449 ret,
569 2381 766 2436 Laciza
798 2381 976 2435 locum
1008 2381 1240 2450 aliquem
1269 2394 1391 2434 esse
1423 2376 1677 2432 diwcesis
1706 2373 2001 2430 Cassarien-

434 2474 514 2530 sis
563 2474 874 2544 su5picatus
909 2480 1027 2539 est;
1063 2488 1162 2526 nec
1193 2487 1331 2542 nego
1365 2485 1465 2540 ego
1491 2485 1613 2525 eum
1650 2469 1774 2538 jure
1803 2468 1878 2520 ita
1907 2481 1999 2521 su-

435 2566 635 2637 spicari
688 2566 966 2635 potuisse,
1012 2566 1248 2619 maxime
1301 2579 1426 2618 cum
1476 2577 1638 2617 nemo
1696 2561 1996 2624 hactenus,

433 2656 579 2726 quod
619 2655 839 2726 quidem
875 2655 1067 2716 sciam,
1093 2669 1212 2708 eam
1243 2653 1543 2707 orationem
1573 2658 1881 2720 suspectam
1903 2648 2002 2700 ha-

433 2747 634 2802 buerit.
668 2745 734 2799 Et
765 2755 913 2800 certe
942 2753 1179 2799 veterem
1233 2743 1378 2796 illam
1419 2743 1729 2812 opinionem
1766 2755 1876 2794 non
1906 2754 2002 2809 pa-

433 2854 557 2892 rum
606 2835 913 2898 confirmat,
943 2835 1089 2905 quod
1134 2834 1248 2888 haec
1291 2832 1514 2888 homilia
1557 2831 1700 2886 inter
1735 2829 2001 2900 genuinas

433 2927 624 2983 Basilii
654 2927 932 2982 orationes
965 2926 1021 2980 in
1062 2925 1316 2980 omnibus
1361 2924 1515 2978 libris
1549 2930 1605 2977 et
1646 2937 1753 2976 tere
1780 2921 2030 2977 excusis

2086 465 2210 504 eum
2256 451 2423 504 verba
2462 448 2649 506 Grmca
2693 466 2805 507 non
2844 453 3028 509 statim
3075 454 3421 524 intelligeret,
3471 455 3671 526 inepte

2088 542 2437 612 interpretari
2471 543 2683 611 maluit,
2712 560 2897 614 quam
2920 562 3108 602 eorum
3149 548 3472 602 sententiam
3499 548 3672 602 labo-

2086 637 2285 690 riosius
2302 637 2577 706 inquirere
2603 657 2617 692 :
2646 641 2740 694 sed
2761 640 2932 694 multo
2957 640 3128 709 magis
3148 641 3668 711 reprehendendum

2087 736 2219 798 puto
2247 729 2569 798 scriptorem
2618 731 2817 800 ipsum,
2845 733 2938 802 qui
2971 733 3113 803 quod
3151 733 3386 802 pessime
3441 734 3673 787 locutus

2088 820 2180 886 sit,
2223 821 2379 875 malae
2429 823 2866 892 interpretationi
2915 826 3095 880 locum
3137 824 3364 878 dederit.
3419 823 3672 878 Basilius

2089 913 2279 982 igitur,
2316 921 2409 967 aut
2430 915 2612 981 potius
2637 915 2776 970 alius
2806 915 3005 984 quivis,
3033 917 3080 971 si
3109 916 3268 970 modo
3298 931 3405 970 non
3432 917 3674 969 omnino

2088 1004 2347 1074 loquendi
2379 1005 2664 1074 imperitus
2697 1005 2911 1070 fuisset,
2938 1007 3013 1060 ita
3048 1007 3378 1076 scripsisset,
3407 1005 3540 1058 ἀλλὰ
3572 1005 3671 1068 τὸ,

2099 1099 2162 1150 Ὅ
2185 1096 2435 1162 βλέπων
2464 1099 2618 1164 λεῖα,
2647 1099 2757 1153 νόει
2791 1117 2877 1170 μοι
2903 1098 3140 1169 ὑψηλῶς,
3175 1116 3296 1169 quae
3333 1099 3497 1153 verba
3533 1114 3673 1152 cum

2089 1190 2237 1244 clara
2268 1192 2378 1246 sint
2405 1191 2508 1245 hoc
2537 1191 2699 1246 modo
2721 1193 2920 1262 posita,
2951 1192 3154 1246 nemini
3184 1190 3514 1247 offendiculo
3536 1207 3677 1247 esse

2090 1283 2439 1353 potuissent:
2480 1283 2732 1353 quisquis
2758 1283 2903 1338 enim
2943 1299 3008 1338 ea
3049 1283 3132 1336 vel
3166 1283 3463 1342 oscitanter
3491 1284 3672 1353 legis-

2093 1383 2196 1436 set,
2228 1377 2412 1430 statim
2444 1375 2672 1431 vidisset
2703 1375 2819 1446 ipsa
2851 1376 2930 1430 sic
2963 1375 3101 1429 verti
3128 1375 3348 1437 debere,
3385 1377 3475 1428 sed
3498 1375 3671 1440 illud,

2100 1485 2120 1518 ί
2162 1467 2266 1533 Qui
2290 1466 2426 1520 videt
2473 1466 2626 1530 levia,
2658 1487 2676 1519 ι
2710 1483 2865 1520 sensu
2912 1467 3100 1520 altiore
3136 1465 3382 1536 intellige.
3423 1464 3490 1519 Et
3523 1480 3674 1535 quo-

2092 1558 2240 1612 niam
2271 1573 2450 1613 sermo
2477 1565 2562 1612 est
2594 1559 2662 1613 de
2693 1558 2808 1617 illo,
2848 1557 2911 1610 '0
2939 1557 3190 1622 βλέπων
3232 1556 3367 1610 λεῖα
3413 1554 3676 1624 ἐλεηθή-

2094 1664 2285 1713 σεται,
2324 1650 2556 1704 monebo
2588 1649 2666 1702 uti
2703 1657 2756 1703 et
2787 1647 3015 1704 Ducmus
3037 1649 3150 1718 jam
3178 1659 3337 1702 antea
3373 1647 3431 1700 in
3476 1647 3680 1701 erudi-

2096 1742 2326 1797 tissimis
2359 1744 2474 1798 suis
2505 1742 2648 1796 notis
2682 1740 2913 1803 monuit,
2943 1739 3060 1794 haec
3084 1739 3246 1794 verba
3269 1741 3326 1792 in
3351 1735 3677 1792 Proverbiis

2095 1849 2362 1904 nusquam
2392 1834 2638 1904 reperiri.
2671 1833 2954 1899 Quomodo
2975 1847 3105 1902 ergo
3130 1841 3320 1885 auctor
3352 1829 3516 1900 paulo
3537 1836 3677 1882 ante

2096 1927 2242 1995 (pag.
2271 1924 2489 1993 587).ita
2516 1924 2663 1993 loqui
2697 1923 2906 1992 potuit:
2932 1921 3159 1994 Εἴρηται
3183 1920 3399 1992 πρῶτος
3427 1919 3586 1987 λόγος
3606 1919 3674 1971 ὲν

2095 2016 2421 2088 Παροιμίαις
2448 2017 2590 2069 κατὰ
2620 2015 2680 2068 τὸ
2705 2013 2844 2078 εἶδος
2868 2015 2929 2068 τὸ
2969 2015 3353 2086 παροιμιακὸν,
3376 2013 3514 2083 πρὸς
3563 2028 3672 2080 γυ·

2101 2108 2332 2179 μνασίαν
2353 2106 2448 2160 τοῦ
2483 2107 2573 2160 νοῦ
2591 2106 2682 2161 τοῦ
2697 2106 2964 2178 ἡμετέρου
2992 2105 3094 2176 τῆς
3111 2105 3374 2174 ἀσαφείας
3399 2101 3645 2157 ὲπιτεθεί
3661 2131 3678 2140 -

2097 2217 2216 2271 σης,
2247 2201 2349 2264 ὅτι,
2389 2201 2452 2253 Ὃ
2477 2199 2728 2264 ,ϐλέπων
2751 2199 2886 2253 λεῖα
2921 2197 3330 2266 ἐλεηθήσεταιο
3361 2195 3548 2249 Dictus
3589 2201 3678 2249 est

2093 2294 2294 2357 primus
2318 2308 2488 2346 sermo
2525 2293 2580 2345 in
2609 2291 2888 2350 Parmmiis
2943 2292 2997 2344 in
3029 2291 3237 2343 modum
3268 2288 3542 2358 proverbii,
3579 2287 3682 2341 ad-

2098 2385 2232 2448 iecta
2270 2383 2497 2454 quadam
2537 2383 2857 2438 obscuritate
2893 2381 2960 2435 ad
2999 2392 3220 2437 mentem
3252 2390 3488 2436 nastram
3519 2396 3681 2433 exer-

2099 2476 2338 2539 cendam,
2376 2495 2395 2525 (
2433 2476 2537 2539 Qui
2579 2474 2714 2529 videt
2744 2475 2898 2538 levia,
2942 2473 3358 2528 misericordiam
3398 2488 3682 2542 conseque-

2100 2570 2228 2622 tur?
2265 2587 2283 2620 ι
2311 2567 2421 2621 Nec
2445 2569 2734 2638 quisquam
2767 2567 2968 2622 dixerit
2998 2568 3196 2622 similia
3226 2567 3279 2620 in
3310 2565 3626 2620 Proverbiis
3653 2563 3683 2597 ⁵

2100 2659 2355 2727 inveniri,
2386 2660 2478 2714 ubi
2511 2661 2585 2713 ita
2619 2659 2837 2729 legitur,
2859 2659 2922 2712 Οἱ
2961 2657 3228 2727 ὀφθαλμοί
3261 2673 3353 2710 σου
3381 2656 3515 2727 ὀρθὰ
3547 2653 3678 2725 βλε-

2101 2750 2370 2813 πέτωσαν,
2404 2749 2543 2803 oculi
2570 2750 2646 2802 tui
2677 2757 2819 2802 recta
2851 2749 3080 2802 uideant.
3122 2747 3236 2802 Etsi
3271 2748 3415 2802 enim
3445 2763 3510 2800 ex
3539 2746 3674 2810 illis,

2100 2845 2129 2896 ὁ
2163 2842 2373 2913 βλέπων
2406 2842 2546 2905 λεῖα,
2589 2841 2776 2896 eadem
2800 2841 2936 2895 eilici
2967 2841 3144 2909 possit
3169 2839 3462 2902 sententia,
3506 2845 3676 2908 atque

2101 2948 2166 2988 ex
2207 2933 2311 2997 his,
2342 2936 2389 2986 οἱ
2433 2932 2698 3004 ὀφθαλμοί
2742 2949 2836 2985 σου
2878 2931 3014 3002 ὀρθὰ
3055 2931 3435 3001 βλεπέτωσανε
3489 2936 3678 2983 tamen

435 3028 492 3075 ει
527 3019 739 3074 calamo
770 3017 971 3072 ηοιίιῐῖε
1003 3018 1294 3082 Peperit!"-
1328 3013 1434 3069 Sed
1468 3014 1513 3070 Si
1538 3014 1660 3084 ψιῖε
1691 3028 1804 3068 rem
1840 3013 2002 3082 Paulo
2027 3026 2071 3085 (Ξ
2107 3026 2238 3094 ipsae
2271 3041 2366 3096 per
2393 3039 2452 3079 se
2483 3038 2645 3078 voces
2674 3031 2782 3076 tam
2813 3025 2956 3077 inter
2986 3039 3044 3078 se
3067 3021 3344 3084 diﬂerunt,
3374 3031 3434 3074 ut
3452 3019 3682 3090 diligen-

437 3110 699 3166 attentius
736 3106 1187 3168 consideraverit,
1232 3120 1342 3160 non
1387 3105 1544 3160 valde
1583 3103 1871 3158 admodum
1898 3102 2001 3156 du-

434 3203 554 3260 bito
581 3203 712 3273 quin
750 3217 868 3258 eam
903 3202 1204 3256 orationem
1236 3206 1332 3252 aut
1361 3198 1416 3252 in
1468 3197 1692 3267 Spuriis,
1724 3204 1817 3248 aut
1857 3203 2003 3249 certe

435 3298 496 3352 in
543 3295 814 3366 suspectis
839 3293 1122 3362 positurus
1159 3291 1248 3348 sit.
1288 3290 1495 3344 Interea
1533 3287 1748 3342 afferam
1781 3299 2000 3348 causas,

437 3402 539 3443 cur
570 3387 637 3441 de
661 3401 725 3441 ea
755 3383 1113 3440 dubitandum
1145 3389 1349 3451 putem.
1378 3379 1618 3433 Primum
1662 3376 1901 3431 occurrit
1923 3376 2005 3428 lo-

439 3494 538 3534 cus
565 3477 674 3543 ille,
698 3475 792 3531 ubi
816 3476 886 3528 ita
914 3473 1112 3544 legitur
1137 3475 1282 3542 (pag.
1303 3470 1462 3540 588):
1501 3469 1652 3522 Ἐπεὶ
1673 3467 1849 3520 τοίνυν
1874 3464 2006 3519 ἀνώ-

443 3569 613 3640 μαλός
653 3569 769 3621 ἐστι
813 3565 922 3619 τῶν
954 3565 1246 3638 ὁρωμένων
1286 3565 1319 3634 ἡ
1350 3561 1531 3631 φύσις,
1577 3559 1692 3624 πῶς
1726 3560 1937 3612 ἐπαινεῖ
1971 3558 2005 3628 ή

442 3656 632 3729 Γραφὴ
657 3657 747 3711 τὸν
778 3655 1040 3726 βλέποντα
1065 3654 1204 3715 λεῖα,
1230 3653 1371 3723 ὑπὲρ
1390 3651 1480 3704 τὸν
1507 3649 1712 3721 τραχέα
1733 3664 1747 3712 ;
1777 3647 1884 3699 Καὶ
1907 3663 2006 3698 κα-

443 3752 688 3822 τακρίνει
708 3749 798 3803 τὸν
831 3749 932 3820 ὖρη
963 3749 1057 3802 καὶ
1097 3746 1411 3808 σκοπέλους,
1446 3751 1552 3798 etc.
1585 3741 1717 3796 Cum
1749 3742 2008 3810 igitureo-

442 3860 564 3898 rum
593 3859 710 3912 qua:
746 3840 1009 3905 videntur,
1052 3839 1328 3909 inaequalis
1363 3838 1432 3890 sit
1475 3844 1691 3894 natura.
1732 3834 1820 3903 qui
1859 3833 1919 3901 ﬁt
1950 3841 2007 3884 ut

440 3951 561 3991 cum
587 3935 677 4006 qui
710 3934 845 3988 levia
887 3931 1044 3998 videt,
1076 3941 1266 4001 praeter
1291 3931 1516 3984 alterum
1558 3929 1647 3999 qui
1679 3943 1868 3997 aspera
1892 3942 2010 3980 con-

440 4029 617 4097 spicit,
659 4025 836 4080 laudet
880 4023 1202 4094 Scriptura?
1248 4022 1336 4076 Ita
1391 4021 1702 4076 condemnat
1754 4018 2008 4073 ridentem

438 4127 642 4176 montes
671 4129 722 4173 et
754 4117 1016 4186 scopulos,
1056 4123 1163 4172 etc.
1198 4113 1334 4169 Illud
1369 4115 1462 4169 τόν
1491 4114 1636 4184 quod
1660 4113 1853 4167 ultimo
1888 4113 2009 4166 loco

439 4210 682 4282 positum
704 4216 808 4272 est,
830 4224 939 4263 non
958 4208 1156 4277 placet,
1181 4214 1235 4262 et
1262 4214 1346 4262 est
1362 4207 1491 4273 tale,
1517 4213 1572 4258 ut
1593 4206 1768 4275 primo
1785 4212 2006 4274 aspectu

442 4301 636 4358 credas
672 4301 792 4355 vitii
831 4300 1038 4371 aliquid
1079 4299 1261 4356 inesse
1289 4300 1348 4354 in
1383 4297 1606 4353 Graecis.
1634 4296 1760 4352 Scio
1789 4297 2008 4367 quidem

2101 3119 2348 3174 tissimus
2370 3117 2456 3173 vir
2485 3117 2718 3171 Basilius
2741 3117 2877 3171 alias
2910 3131 3010 3186 pro
3033 3115 3155 3170 aliis
3193 3115 3492 3183 sumpsisse
3523 3111 3679 3167 credi

2103 3209 2300 3264 merito
2341 3225 2450 3263 non
2498 3208 2691 3279 possit,
2747 3208 3047 3278 praesertim
3080 3222 3202 3260 cum
3250 3203 3678 3259 Proverbiorum

2103 3301 2258 3356 locus
2289 3300 2450 3355 modo
2493 3301 2666 3355 lectus
2702 3300 2871 3355 fuisse
2905 3300 3138 3354 dicatur.
3176 3297 3446 3352 Prteterea
3498 3296 3680 3350 libens

2107 3407 2402 3463 quaererem
2435 3392 2578 3446 unde
2605 3399 2796 3446 auctor
2828 3390 2982 3454 illud,
3005 3389 3379 3460 ὲλεηθήσεται,
3406 3386 3678 3441 hauserit.

2109 3483 2165 3538 Si
2199 3484 2265 3540 de
2296 3499 2396 3540 suo
2424 3485 2568 3538 hanc
2607 3497 2794 3537 vocem
2830 3481 3058 3544 addidit,
3087 3495 3197 3535 non
3243 3481 3316 3534 ita
3351 3481 3490 3534 solet
3521 3478 3683 3532 Basi-

2106 3577 2212 3631 lius
2241 3596 2252 3630 :
2286 3577 2368 3630 sin
2397 3591 2462 3630 ex
2494 3576 2677 3645 aliquo
2720 3574 3140 3628 Proverbiorum
3184 3574 3304 3628 loco
3333 3573 3506 3642 ipsam
3531 3586 3685 3626 sum-

2107 3678 2252 3740 ptam
2284 3667 2453 3724 fuisse
2499 3667 2672 3730 dicas,
2704 3665 3022 3736 jamdudum
3055 3666 3141 3720 vir
3179 3663 3532 3720 doctissimus
3569 3661 3683 3716 Du-

2108 3766 2252 3814 casbs
2283 3757 2554 3829 ejusmodi
2593 3759 2773 3811 locum
2804 3757 2859 3810 in
2898 3755 3210 3812 Proverbiis
3234 3771 3503 3825 nusquam
3527 3769 3684 3809 com-

2108 3865 2300 3919 parere
2331 3849 2464 3903 satis
2505 3855 2690 3917 aperte
2739 3846 3084 3917 significavit,
3121 3861 3243 3900 cum
3287 3849 3363 3899 ita
3397 3845 3623 3914 scripsit
3663 3863 3678 3898 :

2110 3941 2319 3995 Citatur
2346 3939 2440 3993 hoc
2475 3958 2493 3990 ι
2535 3940 2640 4004 Qui
2673 3939 2804 3993 levia
2845 3939 3056 4007 respicit
3103 3957 3121 3989 ι
3151 3954 3216 3992 ea:
3258 3937 3576 4002 Proverbiis,
3625 3938 3682 3990 in

2109 4032 2294 4102 quibus
2323 4039 2494 4083 tamen
2522 4045 2780 4100 nusquam
2811 4031 3025 4096 reperiri
3046 4031 3256 4097 poterit,
3288 4030 3352 4083 ab
3384 4046 3442 4083 eo
3471 4027 3682 4099 quidem

2111 4132 2266 4188 certe,
2299 4123 2388 4191 qui
2415 4119 2595 4175 Greece
2638 4121 2932 4174 Bibliorum
2971 4121 3139 4175 indice
3185 4139 3217 4174 a
3249 4120 3505 4174 liirclcero
3550 4137 3680 4173 con-

2110 4215 2305 4283 scripto
2329 4213 2409 4266 uti
2452 4212 2690 4266 coluerit.
2729 4213 2906 4282 Neque
2938 4215 3076 4267 enim
3107 4231 3329 4282 usquam
3357 4214 3411 4266 in
3454 4213 3683 4267 Prover-

2112 4307 2210 4361 biis
2243 4306 2492 4366 occurrit,
2533 4314 2625 4357 aut
2645 4305 2762 4358 λεῖα
2793 4305 3026 4374 βλέπειν,
3050 4315 3140 4358 aut
3177 4305 3527 4376 ἐλεγχθήσεται
3557 4305 3678 4375 βλέ-

443 4409 633 4450 vocem
660 4361 1055 4464 βλέποντα-ΜΟ
1087 4393 1207 4449 loco
1243 4391 1481 4461 suppleri
1509 4391 1707 4446 debere
1739 4407 1753 4444 :
1795 4361 1891 4444 sed
1919 4389 2000 4442 hic

2117 4417 2255 4453 πων.
2297 4397 2544 4453 Vidimus
2598 4398 2919 4467 scriptorem
2961 4402 3034 4452 ita
3079 4399 3450 4468 indiligentem
3485 4397 3679 4459 fuisse,

443 4488 712 4546 articulus
742 4489 862 4545 sine
893 4487 1006 4543 ullo
1035 4487 1201 4543 verbo
1231 4486 1529 4552 adhibitus,
1559 4485 1780 4542 obscuri
1805 4482 2008 4553 aliquid

443 4588 501 4638 et
532 4580 850 4638 inconcinni
882 4581 1066 4645 habet,
1099 4596 1198 4636 nec
1231 4588 1352 4650 apte
1378 4579 1481 4634 hoc
1501 4580 1623 4632 loco
1644 4578 1819 4648 posita
1842 4576 2012 4632 fuisse

442 4673 662 4730 videtur
703 4672 931 4742 ellipsis.
973 4670 1224 4726 Arbitror
1273 4671 1438 4742 igitur
1475 4671 1800 4741 scriptorem
1849 4668 2011 4739 paulo

444 4765 824 4820 humaniorem
867 4776 960 4818 aut
1004 4778 1191 4819 vocem
1221 4763 1433 4835 ὁρῶντα
1472 4763 1786 4817 additurum
1815 4759 2008 4822 fuisse,

445 4865 543 4912 aut
590 4858 697 4912 alio
741 4857 939 4928 quovis
982 4857 1270 4926 eloquendi
1315 4871 1508 4926 genere
1550 4869 1799 4909 usurum.
1850 4852 2009 4919 Quod

446 4949 630 5005 statim
670 4950 938 5020 sequitur,
973 4947 1108 5002 ἀλλὰ
1146 4947 1254 5000 νόει
1299 4964 1388 5016 μοι
1426 4945 1662 5017 ὑψηλῶς,
1705 4945 1762 4999 Ὀ
1798 4945 2009 5016 βλέπων

445 5040 583 5103 λεῖα,
630 5041 812 5096 minus
852 5041 1032 5096 adhuc
1073 5039 1203 5094 mihi
1259 5039 1540 5108 probatur.
1587 5037 1655 5091 Et
1693 5052 1823 5092 vero
1861 5037 2011 5107 prior

445 5133 603 5188 locus
640 5140 725 5187 est
749 5132 1038 5202 ejusmodi,
1069 5141 1131 5186 ut
1154 5131 1362 5194 monui,
1385 5131 1478 5200 qui
1510 5144 1750 5186 errorem
1774 5129 2010 5183 incautis

446 5223 689 5293 objicere
727 5223 940 5292 possit:
974 5221 1245 5293 posterior
1283 5221 1465 5290 reipsa
1507 5222 1680 5275 veteri
1728 5217 2010 5288 interpreti

445 5330 690 5371 errorem
731 5314 955 5385 objecit.
988 5313 1199 5370 Etenim
1243 5314 1402 5384 quasi
1442 5312 1498 5366 in
1539 5311 1733 5368 mediis
1767 5311 2009 5366 tenebris

447 5408 782 5462 constitutus
825 5405 1036 5472 fuisset,
1071 5407 1146 5460 ita
1181 5421 1243 5461 ea
1291 5421 1412 5477 quae
1461 5405 1575 5461 dixi
1611 5405 1776 5460 verba
1817 5403 2010 5460 Latine

449 5497 705 5562 reddidit,
749 5496 972 5570 [Verum
1005 5498 1136 5552 nihil
1163 5497 1343 5570 illud.]
1378 5497 1482 5565 Qui
1529 5498 1658 5553 levia
1700 5496 1864 5564 videt,
1892 5496 2008 5551 sub-

519 5659 538 5688 δ
577 5659 735 5714 Prov.
775 5676 843 5724 iv,
879 5659 968 5714 ‘25.

2114 4499 2175 4546 ut
2208 4506 2420 4555 eorum,
2449 4505 2570 4560 quae
2607 4504 2674 4544 ex
2730 4490 3038 4543 Proverbiis
3082 4489 3244 4559 paulo
3278 4496 3402 4543 ante
3452 4490 3679 4542 recitata

2111 4583 2346 4646 fuerant,
2399 4583 2603 4636 oblitus
2649 4590 2844 4636 esset:
2892 4596 3040 4635 nunc
3075 4580 3381 4634 videbimus
3427 4577 3678 4633 eumdem

2111 4673 2340 4728 oblitum
2380 4672 2548 4727 fuisse
2575 4687 2785 4737 eorum,
2817 4687 2938 4741 qua:
2965 4673 3080 4741 ipse
3107 4673 3353 4741 proxime
3387 4678 3509 4724 ante
3531 4669 3680 4722 dixe-

2109 4772 2215 4819 rat.
2240 4763 2373 4817 Nam
2412 4773 2532 4833 post
2577 4764 2676 4818 has
2731 4778 2914 4827 voces,
2943 4763 3157 4834 εἴρηται
3193 4763 3407 4834 πρῶτος
3432 4762 3589 4828 λόγος
3621 4764 3679 4813 ἐν

2110 4856 2552 4926 Παροιμίαις.....
2593 4856 2651 4908 Ὀ
2674 4855 2883 4925 βλέπων
2906 4855 3020 4908 λεῖα
3042 4854 3410 4926 ἐλεηθήσεται,
3433 4855 3519 4923 qui
3546 4855 3681 4905 levia

2110 4947 2272 5010 videt,
2301 4945 2715 5000 misericordiam
2737 4956 3110 5015 consequetur;
3141 4945 3353 5000 duobus
3379 4944 3680 5010 interjectis

2110 5037 2361 5092 versibus
2407 5038 2674 5107 sequitur,
2705 5035 2822 5101 πῶς
2855 5039 2883 5089 ὁ
2919 5037 3034 5089 λεῖα
3072 5036 3282 5106 βλέπων
3323 5036 3677 5104 ἐπαινεθήσε-

2109 5145 2236 5193 ται;
2265 5129 2526 5198 quomodo
2551 5129 2641 5199 qui
2673 5129 2802 5181 levia
2839 5127 2996 5191 videt,
3039 5127 3384 5182 laudabitur?
3411 5125 3546 5178 Nam
3577 5126 3679 5178 hoc

2112 5223 2308 5276 ultimo
2336 5223 2458 5277 loco
2491 5222 2594 5292 legi
2619 5220 2817 5277 debere
2856 5219 3290 5290 ἐπαινεθήσεται,
3321 5236 3444 5275 cum
3479 5236 3543 5273 ex
3577 5233 3676 5271 no-

2109 5314 2205 5379 tis,
2245 5321 2360 5367 tum
2389 5329 2457 5368 ex
2486 5311 2750 5368 orationis
2775 5314 2918 5368 serie
2948 5320 3182 5366 constat.
3216 5312 3306 5365 Sic
3334 5313 3477 5365 enim
3503 5327 3677 5381 persc-

2111 5408 2298 5478 quitur
2349 5407 2585 5477 scriptor
2624 5405 2768 5476 (pag.
2804 5406 2952 5474 587),
3002 5405 3254 5460 ἐπαινετὰ
3291 5406 3398 5476 γάρ
3446 5406 3560 5457 ἐστι
3609 5402 3675 5454 τὰ

2113 5498 2701 5574 κατὰΙπροαίρεσιν....
2739 5499 2898 5552 πόθεν
2926 5499 2954 5550 ὁ
3000 5498 3216 5561 ἔπαινος
3261 5497 3339 5569 τῷ
3382 5496 3573 5568 ὁρῶντι
3608 5494 3674 5548 τὰ
