3972 6202
427 215 503 271 25

1865 207 2254 266 PREFATIO.

3602 205 3678 263 9-6

431 331 588 390 ista;
618 337 732 384 etc.
767 327 968 382 Etenim
1010 343 1125 396 quia
1157 345 1191 380 a
1230 327 1494 382 voluntate
1523 327 1766 396 pendent,
1805 342 2007 380 meren-
2031 333 2082 390 Α
2115 323 2272 378 dacto
2300 324 2490 393 decipit
2529 332 2684 395 atque
2712 325 3068 386 circumvenit,
3095 332 3343 393 putasses
3370 328 3426 375 te
3460 319 3680 390 quidvis

433 434 519 476 tur
569 422 844 478 laudem...
903 421 1042 475 unde
1100 421 1218 475 laus
1283 421 1536 475 tribuetur
1600 421 1734 475 levia
1793 420 1999 487 conspi-

430 516 584 568 cienti
604 516 630 568 ?
658 523 768 567 etc.
803 513 938 580 Quis
966 521 1147 568 autem
1180 512 1338 567 facile
1381 510 1676 567 crediderit
1722 519 1830 565 tam
1859 511 1999 564 obli-

424 606 633 662 viosum
681 604 854 660 fuisse
883 604 1170 667 Basiliam,
1199 611 1256 658 ut
1287 605 1335 658 ei
1375 603 1677 658 exciderint
1721 617 1842 672 qua
1873 608 1998 655 tan-

418 709 532 753 tum
556 715 670 754 non
704 698 1053 768 proferebat?

483 789 572 842 t5.
601 789 933 843 Audivimus
975 797 1254 842 auctorem
1296 784 1632 854 Scripturam
1688 783 1868 851 inepte
1919 781 1997 836 ci-

411 889 618 935 tantem
654 901 668 934 :
696 896 841 935 nunc
863 881 1114 934 eumdem
1140 879 1424 933 audiamus
1455 877 1634 946 inepte
1664 876 1992 944 loquentem.

411 972 486 1026 lta
523 973 702 1042 igitur
734 973 1012 1042 aliquanto
1055 979 1180 1040 post
1222 976 1362 1040 (pag.
1408 969 1533 1037 589)
1578 969 1836 1036 loquitur,
1875 964 1995 1018 εἰπὲ

407 1065 463 1117 δὲ
501 1065 587 1116 ὅτι
626 1063 752 1118 ἐστι
781 1082 863 1127 τις
910 1066 968 1116 ὲν
1012 1065 1145 1134 ἡμῖν
1188 1061 1478 1132 φιλόδοξος,
1505 1061 1598 1112 καὶ
1623 1060 1683 1111 οὐ
1710 1057 1935 1128 Θυμικός
1977 1074 1992 1111 :

407 1158 500 1211 ubi
521 1157 762 1211 verbum
821 1157 945 1209 εἰπέ
996 1172 1095 1226 pro
1144 1154 1332 1208 futuro
1364 1152 1602 1223 positum
1651 1149 1884 1212 videtur,
1915 1148 1995 1202 sic

407 1258 468 1302 ut
493 1249 586 1303 hic
617 1250 784 1314 locus
808 1251 881 1303 ita
913 1247 1208 1303 vertendus
1233 1249 1303 1302 sit
1330 1262 1343 1296 :
1380 1245 1474 1298 Est
1500 1253 1674 1297 autem
1712 1243 1992 1295 dicturus:

409 1340 528 1394 Est-
553 1341 705 1394 inter
729 1358 824 1395 nos
851 1341 941 1410 qui
983 1341 1052 1394 sit
1079 1341 1265 1410 gloria:
1297 1337 1536 1406 cupidus,
1577 1337 1665 1406 qui
1693 1347 1863 1389 tamen
1886 1337 1996 1387 ira-

407 1431 611 1487 cundus
647 1449 761 1487 non
787 1435 878 1486 sit.
912 1433 1125 1486 Rursus
1170 1447 1280 1485 non
1323 1431 1482 1499 longe
1513 1430 1587 1483 ita
1615 1428 1875 1496 scriptum
1911 1426 1994 1477 in-

403 1525 664 1579 venitur:
722 1525 848 1578 Ἐὰν
887 1528 1171 1597 παραστῇς
1221 1522 1300 1593 τῷ
1347 1520 1549 1593 ἰατρῷ,
1593 1521 1684 1573 καὶ
1739 1520 1855 1589 ἴδῃς
1894 1519 1992 1587 τὴν

405 1616 769 1670 πολυτέλειαν
791 1618 898 1670 τῶν
922 1618 1230 1688 φαρμάκων
1251 1618 1308 1668 ἐν
1333 1617 1452 1677 ταῖς
1479 1611 1838 1681 πολυπτύχοις
1858 1613 1992 1663 ἀπο-

2105 419 2289 489 potius
2316 419 2628 472 auditurum
2664 433 2826 487 quam
2857 417 3012 481 illud,
3044 416 3407 487 quoniamiter
3440 414 3492 467 in
3514 429 3680 483 para-

2104 507 2282 561 disum
2310 506 2624 576 facientibus
2656 523 2839 560 murus
2868 506 3196 560 mendacium
3225 514 3320 558 est.

2171 599 2258 654 14.
2287 597 2441 665 Quod
2477 599 2524 654 si
2562 614 2722 654 voces
2754 615 2861 652 non
2906 599 3040 654 satis
3089 606 3224 667 aptae
3257 597 3518 666 optimum
3551 610 3676 651 ora-

2098 699 2279 747 torum
2332 693 2591 746 Basilinm
2625 707 2815 761 parum
2867 691 3082 754 decent,
3117 707 3204 744 res
3231 691 3362 760 ipsa:
3398 706 3505 744 non
3537 690 3672 744 satis

2102 799 2298 855 graves
2328 785 2566 838 omnium
2590 783 2970 854 gravissimum
2998 781 3210 836 Patrem
3255 797 3446 850 parum
3480 780 3677 845 decere

2097 877 2369 930 videntur.
2409 873 2700 945 Postquam
2733 875 2967 945 scriptor
3012 875 3166 945 plura
3206 890 3368 944 quam
3413 890 3510 943 par
3554 881 3672 927 erat

2098 967 2166 1023 de
2194 969 2429 1022 hominis
2480 966 2789 1036 praestantia
2821 967 3054 1030 dixerat,
3095 975 3154 1020 ut
3203 966 3456 1034 colligere
3489 975 3671 1033 posset

2099 1061 2376 1116 diabolum
2404 1060 2452 1114 ei
2475 1061 2545 1114 ob
2589 1067 2769 1114 tantas
2819 1059 3203 1128 praerogativas
3234 1057 3516 1119 invidisse,
3556 1065 3669 1109 tum

2096 1153 2313 1207 demum
2339 1151 2406 1206 de
2430 1151 2654 1206 muliere
2680 1166 2984 1205 sermonem
3015 1152 3300 1205 instituere
3332 1151 3540 1219 incipit,
3566 1150 3670 1204 hoc

2097 1243 2262 1297 modo
2314 1242 2491 1313 (ibid)
2527 1261 2539 1296 :
2579 1242 2718 1304 Ἕως
2741 1242 2848 1312 γὰρ
2894 1241 3050 1311 μόνος
3085 1237 3152 1310 ἦν
3185 1240 3535 1309 ὁᾶνθρωπος,
3571 1239 3670 1292 οὐκ

2098 1332 2208 1406 εἶχε
2233 1335 2402 1406 λαϐὴν
2425 1337 2453 1387 ὁ
2474 1334 2716 1396 διάϐολος
2742 1353 2754 1367 ·
2782 1334 2904 1385 ἐπεὶ
2928 1333 2983 1384 δὲ
3023 1332 3244 1403 ἐκτίσθη
3267 1333 3298 1402 ἠ
3339 1330 3494 1401 γυνὴ,
3529 1332 3670 1383 ἁπα-

2095 1428 2184 1481 λὺν
2209 1427 2366 1490 ζῶον,
2393 1426 2702 1494 ἀναγκαίως
2733 1425 2824 1477 τοῦ
2861 1424 3202 1495 Δημιουργοῦ
3233 1425 3328 1495 τὴν
3358 1425 3669 1494 ἁπαλότητα

2097 1520 2330 1590 φυσικὴν
2352 1521 2768 1589 ἐμποιήσαντος,
2816 1519 2901 1570 ἵνα
2927 1518 3030 1570 ὑπὸ
3066 1517 3159 1569 τοῦ
3183 1517 3560 1588 φιλανθρώπου
3585 1520 3669 1570 εὐ-

2099 1609 2287 1680 μαρῶς
2309 1611 2488 1680 τραφῇ
2520 1609 2586 1661 τὰ
2621 1609 2808 1678 νήπια.
2842 1609 2902 1660 Εἰ
2944 1607 3050 1678 γὰρ
3085 1607 3330 1678 αὐστηρὰ
3359 1604 3474 1678 ἦνή
3505 1610 3662 1678 γυνὴ.

402 1707 666 1776 κειμένην
688 1708 916 1771 δέλτοις,
943 1707 1268 1779 περισκόπει
1295 1705 1348 1758 τί
1379 1706 1574 1756 οἰκεῖον
1599 1703 1887 1756 ἀπόκειται
1913 1700 1990 1768 τῷ
2023 1673 2066 1732 Β
2097 1701 2196 1752 οὐκ
2223 1699 2288 1752 ἂν
2315 1699 2743 1768 ἁποκλαιόμενον
2771 1699 2829 1751 τὸ
2860 1701 3049 1768 νήπιον
3078 1703 3189 1761 τοῖς
3220 1699 3468 1769 στήθεσιν
3502 1702 3664 1769 ἐνηγ-

402 1795 481 1866 σῷ
539 1797 880 1852 πάθειειώἰ
939 1799 1145 1866 pariter
1171 1812 1274 1851 vox
1322 1793 1645 1867 περισκόπει
1701 1793 1877 1862 posita
1906 1800 1990 1845 est

401 1899 502 1954 pro
560 1894 825 1956 tempore
880 1887 1088 1951 futuro,
1120 1903 1244 1942 cum
1282 1902 1344 1942 ea
1376 1902 1494 1956 quae
1529 1885 1686 1940 retuli
1712 1884 1876 1938 verba
1913 1883 1987 1935 ita

402 1975 592 2031 Latine
621 1979 911 2034 reddenda
930 1982 1070 2034 sint:
1094 1979 1247 2046 Quod
1269 1981 1316 2033 si
1347 1980 1506 2032 adeas
1530 1978 1807 2039 medicum,
1843 1985 1890 2028 et
1912 1975 1987 2028 vi—

400 2069 536 2124 deris
565 2072 813 2138 pretiosa
835 2072 1214 2126 medicamenta
1235 2073 1289 2124 in
1302 2073 1462 2125 variis
1485 2069 1681 2123 tabulis
1701 2067 1984 2130 collocata,

403 2163 774 2217 considerabis
807 2163 931 2234 quid
968 2173 1055 2216 tuo
1102 2163 1284 2217 morbo
1315 2163 1607 2216 conveniat.
1639 2158 1773 2214 Illud
1803 2166 1982 2212 autem

401 2254 664 2322 loquendi
715 2271 890 2325 genus
949 2254 1281 2310 Basiliauum
1314 2268 1421 2306 non
1452 2267 1574 2306 esse
1603 2252 1688 2306 vel
1709 2267 1776 2304 ex
1813 2266 1877 2304 eo
1904 2251 1986 2303 in-

399 2344 561 2413 telligi
615 2353 831 2414 potest,
891 2345 1040 2414 quod
1099 2342 1455 2399 eruditissimi
1487 2341 1598 2394 duo
1633 2341 1757 2405 viri,
1795 2340 1888 2409 qui
1929 2339 1983 2391 in

404 2434 645 2505 legendis
673 2436 987 2505 gravissimi
1011 2434 1190 2489 Patris
1213 2435 1435 2503 scriptis
1457 2433 1608 2486 multi
1624 2440 1799 2495 erant,
1833 2432 1982 2500 prio-

403 2541 505 2582 rem
534 2527 738 2582 locum
756 2543 866 2582 non
899 2527 1285 2582 intellexerint.
1305 2525 1478 2581 Velim
1503 2525 1646 2595 legas
1677 2523 1795 2578 eam
1819 2537 1980 2592 quam

404 2613 450 2668 in
476 2615 527 2669 id
561 2616 766 2671 addidi
798 2627 1001 2672 notam.
1025 2615 1283 2686 Reperias
1303 2616 1526 2687 quidem
1558 2615 1650 2669 ubi
1680 2629 1841 2667 voces
1855 2613 1983 2683 δρᾶ-

401 2724 484 2760 σον
525 2717 582 2764 et
641 2710 878 2780 ποίησον
912 2725 1012 2778 pro
1061 2709 1244 2764 futuro
1285 2708 1474 2777 posita:
1509 2707 1640 2769 sint,
1683 2706 1925 2774 facturus
1959 2719 1978 2756 :

400 2797 551 2868 idque
611 2799 752 2855 inde
792 2799 997 2854 factum
1023 2799 1257 2863 videtur,
1289 2799 1432 2868 quod
1457 2796 1795 2850 deducantur
1833 2808 1863 2846 a
1897 2789 1981 2844 fu-

398 2897 534 2954 turo,
555 2890 776 2962 δράσω,
810 2892 1059 2962 ποιήσωξ
1100 2891 1194 2946 sed
1225 2892 1316 2946 tibi
1354 2905 1517 2944 voces
1566 2887 1688 2941 είπὲ
1726 2895 1780 2940 et
1824 2901 1980 2955 περι-

2093 1794 2358 1859 καλίζετο,
2388 1795 2486 1846 οὐκ
2509 1795 2573 1845 ἂν
2592 1797 2690 1864 τῆς
2725 1793 2857 1856 ἰδίας
2876 1793 3082 1862 τροφῆς
3107 1792 3319 1861 ἡμέλει,
3354 1793 3444 1844 τὸν
3469 1793 3525 1845 δὲ
3559 1810 3663 1862 μα-

2089 1889 2179 1953 ζὸν
2223 1889 2403 1956 ἐπεῖχε
2451 1886 2585 1956 πρὸς
2633 1886 2898 1953 ὠφέλειαν
2942 1885 3035 1937 τοῦ
3078 1884 3380 1954 ὑπομαζίου
3428 1885 3659 1938 παιδίου.

2088 1981 2199 2033 Νῦν
2249 1980 2434 2049 μέντοι
2492 1979 2744 2049 μητέρων
2779 1979 3170 2047 εὐσπλαγχνίαι
3205 1976 3296 2029 τὸν
3338 1977 3502 2030 ὕπνον
3536 1976 3663 2028 πολ-

2087 2069 2241 2132 λάκις
2273 2068 2381 2121 τῶν
2424 2069 2705 2138 βλεφάρων
2747 2065 3161 2126 ἀποδιώκουσιν,
3207 2065 3423 2119 ἐπειδὰν
3470 2066 3662 2136 μικρὸν

2087 2159 2463 2230 παρενοχληθῇ
2503 2158 2562 2210 τὸ
2606 2159 2819 2228 νήπιον.
2847 2159 2962 2208 Ἱνα
3000 2157 3178 2208 τοίνυν
3213 2156 3660 2226 ἐκτρέφῃταινή-

2085 2270 2227 2316 πιον,
2268 2253 2448 2322 ἁπαλὴ
2481 2255 2512 2322 ὴ
2550 2253 2708 2320 φύσις
2752 2253 2785 2320 ἡ
2829 2249 3111 2318 γυναικεία
3166 2247 3436 2318 παρήχθη,
3480 2246 3660 2317 ἁπαλὴ

2085 2347 2178 2399 καὶ
2206 2345 2600 2414 φιλάνθρωπος.
2633 2343 2722 2411 Τῷ
2753 2339 2866 2402 οὖν,
2888 2350 2992 2395 etc.
3022 2341 3222 2394 Etenim
3256 2340 3486 2406 quandiu
3515 2339 3660 2393 solus

2085 2438 2185 2506 fuit
2221 2437 2394 2499 homo,
2423 2451 2609 2489 ansam
2654 2451 2756 2487 non
2810 2433 3033 2486 habebat
3069 2433 3347 2496 diabolus;
3388 2432 3476 2486 sed
3522 2432 3660 2485 istuc

2083 2528 2322 2596 contigit,
2343 2536 2620 2595 postquam
2653 2524 2865 2577 condita
2897 2533 2973 2576 est
3009 2523 3218 2582 mulier,
3257 2531 3488 2574 tenerum
3523 2518 3658 2572 illud

2083 2619 2304 2681 animal,
2327 2619 2412 2670 cui
2442 2615 2698 2672 Conditor
2739 2616 3030 2670 necessario
3057 2613 3455 2667 teneritudinem
3503 2623 3660 2665 natu-

2083 2711 2251 2764 ralem
2284 2709 2498 2772 indidit,
2541 2719 2596 2760 ut
2630 2711 2692 2761 ob
2745 2708 3115 2776 benignitatem
3165 2722 3354 2774 pueros
3409 2721 3658 2773 propensa

2080 2803 2346 2856 educaret.
2377 2801 2587 2854 Etenim
2613 2801 2660 2853 si
2685 2810 2899 2853 austera
2939 2809 3073 2852 esset
3117 2799 3324 2861 mulier,
3374 2814 3476 2850 non
3529 2813 3657 2850 sane

2081 2896 2376 2964 plorantem
2430 2894 2686 2962 infantem
2739 2892 2879 2945 ulnis
2910 2891 3179 2959 complexa
3204 2893 3256 2944 in
3299 2891 3418 2944 sinu
3441 2891 3651 2959 foveret,

401 2983 585 3036 σκόπει
621 2991 725 3038 aut
754 2984 963 3038 similes
976 2985 1163 3038 eodem
1186 2984 1276 3038 illo
1304 2999 1467 3039 sensu
1491 2987 1844 3050 usurpentur,
1863 2979 1973 3040 vix,

2081 3007 2241 3060 neque
2273 2990 2522 3042 alimento
2570 3004 2664 3041 suo
2702 2986 2952 3055 neglecto,
2983 3001 3268 3037 mammam
3314 2984 3382 3036 ad
3413 2983 3656 3036 lactentis

398 3072 611 3143 opinor,
676 3077 822 3145 apud
867 3076 1094 3132 idoneos
1127 3078 1422 3146 scriptores
1473 3075 1702 3128 inveniri
1741 3072 1974 3142 poterit;

402 3174 488 3220 aut
516 3176 678 3222 certe
730 3168 852 3237 ejus
890 3169 973 3222 rei
1003 3170 1308 3238 exemplum
1340 3169 1508 3222 ullum
1544 3166 1686 3237 apud
1709 3165 1972 3221 Basilium

400 3267 614 3314 exstare
645 3273 760 3314 non
789 3268 945 3330 puto.
984 3259 1093 3315 Nec
1137 3261 1316 3330 aptius
1347 3259 1550 3314 dictum
1580 3259 1794 3312 videtur
1826 3256 1972 3326 quod

400 3348 683 3418 aliquanto
723 3348 866 3402 infra
911 3350 1060 3420 (pag.
1117 3350 1239 3420 591)
1287 3351 1566 3419 sequitur,
1609 3348 1878 3418 θησαυρὸς
1916 3346 1973 3398 δέ

400 3439 536 3493 ἐστιν
553 3442 592 3512 ἡ
620 3440 876 3493 εὐσέϐεια
893 3441 1211 3513 χρημάτων,
1238 3441 1304 3494 ad
1328 3441 1575 3504 verbum,
1606 3457 1730 3492 nam
1768 3440 1976 3493 thesau-

399 3545 584 3589 rusest
638 3536 809 3604 pietas
866 3536 1229 3604 pecuniarum.
1274 3534 1485 3599 Quibus
1521 3535 1576 3588 in
1604 3534 1784 3586 verbis
1816 3549 1971 3602 pere-

397 3627 533 3696 grini
599 3627 807 3697 aliquid
849 3636 904 3682 et
931 3626 1122 3682 absoni
1172 3627 1362 3681 inesse
1405 3641 1588 3688 nemo,
1611 3625 1828 3695 opinor,
1862 3639 1972 3677 non

397 3713 538 3768 videt
585 3732 605 3768 :
652 3713 750 3770 sed
798 3715 1071 3784 suspicari
1122 3712 1359 3769 fortasse
1421 3714 1622 3783 poterit
1667 3713 1970 3783 quispiam,

396 3819 581 3862 vocem
646 3807 1058 3877 προτιμότερος,
1122 3815 1216 3858 aut
1267 3806 1500 3860 similem
1551 3821 1616 3860 eo
1645 3822 1804 3876 quem
1846 3819 1970 3858 mox

401 3899 507 3952 diri
525 3901 653 3954 loco
675 3915 703 3952 a
727 3900 1081 3970 typographis
1105 3900 1364 3956 omissam
1402 3881 1592 3962 fuisse,
1623 3897 1970 3966 supplerique

397 3991 593 4047 debere
618 3993 723 4047 hoc
755 3993 937 4059 modo,
973 3993 1240 4063 θησαυρὸς
1257 3992 1314 4044 δέ
1345 3993 1487 4044 ἐστιν
1513 3992 1811 4061 ἡεὺσέὅεια
1835 4008 1965 4061 χρη-

403 4083 583 4151 μάτων
617 4084 1028 4155 προτιμότερος,
1046 4085 1211 4152 pietas
1243 4093 1416 4137 autem
1454 4083 1726 4137 thesaurus
1758 4092 1834 4135 est
1852 4099 1969 4152 pre-

402 4175 582 4228 tiosior
605 4191 767 4245 quam
797 4175 1015 4229 divitiat.
1045 4175 1185 4244 Ergo
1216 4193 1282 4232 ne
1298 4177 1586 4245 quisquam
1619 4175 1672 4228 in
1699 4175 1966 4242 eiusmodi

404 4268 762 4337 suspicionem
829 4269 1152 4332 adducatur,
1203 4270 1437 4323 monebo
1491 4269 1566 4320 ita
1616 4283 1843 4337 prorsus
1907 4267 1961 4320 in

2078 3082 2226 3153 pueri
2273 3078 2600 3134 commodum
2646 3078 2916 3148 pra'beret.
2955 3075 3109 3129 Nunc
3144 3093 3260 3130 vero
3293 3087 3530 3128 materna
3559 3074 3656 3127 illa

2077 3173 2311 3226 charitas
2337 3186 2578 3224 somnum
2610 3186 2637 3223 e
2665 3168 2926 3238 palpebris
2951 3186 3050 3221 non
3087 3185 3209 3221 raro
3237 3168 3406 3238 fugat,
3437 3169 3525 3220 ubi
3572 3168 3628 3220 in

2078 3265 2409 3319 commodum
2437 3264 2541 3317 leve
2570 3263 2766 3326 infanti
2794 3262 3006 3316 accidit.
3041 3259 3106 3314 Ut
3136 3262 3298 3330 igitur
3331 3260 3506 3328 infans
3549 3274 3653 3312 nu-

2078 3357 2315 3420 triretur,
2352 3354 2624 3407 muliebris
2672 3369 2828 3406 sexus
2863 3362 3004 3406 tener
3029 3352 3272 3405 conditus
3304 3361 3402 3416 est,
3441 3361 3584 3405 tener
3602 3361 3652 3404 et

2076 3445 2357 3498 humanus.
2406 3442 2758 3510 Quamobrem
2820 3451 3008 3497 tenerae
3057 3460 3120 3496 ac
3159 3442 3327 3504 molli,
3364 3452 3472 3496 etc.
3510 3441 3652 3508 Quid

2075 3543 2179 3599 est,
2210 3551 2417 3606 quzeso,
2456 3532 2672 3606 nugari,
2716 3535 2762 3591 si
2810 3535 2913 3590 hoc
2972 3551 3080 3589 non
3111 3535 3231 3590 est?
3258 3533 3418 3589 Certe
3441 3534 3487 3590 si
3524 3533 3651 3588 talia

2075 3635 2356 3683 narrasset
2387 3629 2706 3682 muliercula
2738 3627 2942 3697 aliqua,
2987 3627 3222 3680 fortasse
3247 3641 3357 3680 non
3385 3633 3531 3681 esset
3552 3640 3653 3679 cur

2075 3721 2434 3774 miraremur:
2460 3721 2554 3776 sed
2578 3722 2662 3775 cui
2693 3720 3013 3790 persuaderi
3042 3719 3239 3789 poterit
3267 3718 3650 3788 gravissimum

2072 3813 2249 3864 virum
2275 3810 2533 3865 Basilium
2571 3810 2842 3879 ejusmodi
2878 3825 3054 3879 nugas
3084 3808 3420 3864 eﬂ‘ulivisse?
3441 3807 3648 3873 Quibus

2071 3903 2125 3956 in
2153 3902 2336 3956 verbis
2389 3902 2596 3972 aliquid
2653 3912 2775 3971 post
2807 3918 2995 3957 vocem
3024 3903 3194 3974 νήπια
3227 3902 3355 3971 poni
3394 3901 3650 3956 debuisse

2070 4007 2286 4056 moneo,
2323 3995 2481 4063 quale
2505 4003 2588 4049 est
2621 3994 2774 4056 illud,
2795 3994 2915 4047 τότε
2948 3993 3107 4046 τοῦτο
3135 3993 3370 4062 ἐγένετο,
3395 4001 3448 4046 ιιι
3474 3993 3650 4046 oratio

2070 4093 2124 4139 et
2168 4086 2370 4140 clarior
2413 4094 2582 4148 esset,
2614 4094 2667 4138 et
2697 4087 2893 4141 melius
2934 4085 3234 4139 cohaereret
3267 4103 3278 4137 :
3317 4101 3438 4154 qua:
3485 4096 3647 4138 voces

2070 4177 2115 4230 si
2141 4176 2338 4230 additae
2395 4177 2631 4232 fuissent
2662 4191 2727 4230 eo
2763 4192 2922 4246 quem
2959 4176 3070 4229 dixi
3101 4176 3242 4241 loco,
3275 4177 3348 4229 ita
3378 4175 3647 4244 interpre-

2067 4270 2170 4321 tari
2190 4268 2434 4322 licuisset
2469 4286 2482 4320 :
2519 4267 2728 4321 Etenim
2767 4267 3003 4337 quandiu
3030 4268 3174 4322 solus
3221 4268 3318 4336 fuit
3351 4267 3526 4330 homo,
3548 4283 3646 4320 an-

404 4354 651 4408 omnibus
691 4354 847 4410 libris
887 4364 939 4409 et
982 4356 1265 4425 impressis
1315 4367 1369 4412 et
1422 4357 1695 4411 veteribus
1735 4355 1856 4426 legi,
1885 4358 1961 4410 uti
1996 4354 2038 4408 D
2067 4377 2183 4414 sam
2215 4378 2317 4414 non
2351 4361 2571 4414 habebat
2623 4361 2890 4425 diabolus,
2927 4361 3015 4414 sed
3061 4373 3400 4430 posteaquam
3431 4358 3644 4413 condita

405 4443 663 4498 edendum
687 4447 1024 4502 curavimus.
1052 4447 1318 4502 Praeterea
1355 4464 1476 4501 cum
1515 4449 1751 4518 scriptor
1781 4449 1965 4503 nmltis

406 4533 534 4591 locis
577 4536 758 4607 inepte
797 4538 1073 4608 loquatur,
1126 4541 1256 4609 quid
1299 4541 1496 4593 mirum
1550 4541 1721 4594 videri
1771 4541 1961 4604 debet,

403 4628 445 4681 si
494 4628 602 4682 hoc
653 4645 869 4699 quoque
917 4631 1038 4685 loco
1079 4632 1260 4700 inepte
1310 4633 1523 4687 locutus
1560 4633 1669 4686 sit?
1701 4632 1964 4702 Deinceps

402 4719 461 4774 de
495 4721 716 4776 diabolo
745 4722 970 4792 loquens
1017 4729 1225 4788 auctor,
1257 4724 1338 4778 sic
1370 4725 1563 4777 scribit
1617 4723 1761 4794 (pag.
1811 4725 1958 4793 59$):

402 4812 630 4866 Κλέπτει
679 4815 770 4868 διὰ
813 4814 910 4868 τοῦ
959 4816 1205 4885 ψεύδους,
1240 4817 1424 4888 ἐπειδὴ
1461 4818 1638 4887 τεῖχός
1699 4820 1814 4872 ἐστι
1852 4821 1964 4881 τοῖς

399 4902 662 4958 ὁδεύουσιν
714 4908 794 4969 εἰς
850 4909 1176 4978 παράδεισον
1224 4909 1286 4962 τὸ
1313 4908 1526 4978 ψεῦδος,
1568 4909 1773 4979 Decipit
1813 4928 1959 4963 men-

401 4993 543 5049 dacio
566 5007 722 5067 atque
751 5000 1092 5054 circumvenit
1121 5016 1140 5054 :
1170 5002 1425 5070 siquidem
1457 5003 1556 5056 iter
1578 5004 1632 5056 in
1652 5003 1961 5072 paradisum

404 5085 704 5152 facientibus
752 5107 934 5146 murus
983 5092 1315 5148 mendacium
1339 5105 1435 5149 est.
1463 5095 1634 5151 Velim
1659 5098 1750 5166 qui
1777 5097 1961 5166 legunt

403 5191 456 5231 se
507 5179 608 5249 ipsi
665 5181 1024 5254 interrogent,
1053 5200 1121 5240 an
1178 5185 1252 5240 ita
1289 5187 1664 5258 loquerentur,
1714 5189 1958 5244 diabolus

403 5272 661 5325 mendacio
696 5273 909 5344 decipit,
938 5284 1093 5346 atque
1126 5277 1478 5341 circumvenit,
1507 5281 1756 5350 quoniam
1785 5282 1885 5333 iter
1903 5281 1958 5333 in

405 5363 700 5425 paradisum
751 5367 1064 5436 facientibus
1096 5387 1278 5425 murus
1328 5372 1655 5426 mendacium
1677 5383 1776 5427 est.
1810 5372 1958 5427 Scri-

408 5460 518 5518 ptor
537 5455 709 5519 solus,
741 5464 802 5511 ut
831 5458 962 5512 mihi
993 5459 1210 5529 quidem
1245 5460 1482 5525 videtur,
1509 5473 1618 5515 tam
1654 5477 1793 5516 nove
1815 5471 1956 5515 tam-

406 5558 499 5611 que
525 5545 746 5602 insolite
778 5557 833 5602 et
865 5550 1118 5620 cogitare.
1159 5558 1213 5606 et
1250 5551 1399 5622 loqui
1429 5552 1624 5622 potuit.
1656 5550 1952 5622 Postquam

407 5633 533 5689 enim
555 5635 846 5694 audiveras
869 5639 1043 5694 virum
1076 5640 1149 5695 ita
1172 5641 1502 5712 loquentem,
1537 5642 1780 5700 diabolus
1811 5663 1953 5701 men-

2067 4463 2143 4508 est
2176 4455 2434 4509 mulier...
2461 4463 2518 4506 ut
2540 4453 2599 4506 ob
2633 4453 3002 4524 benignitatem
3036 4469 3221 4522 pueros
3252 4467 3500 4519 propensc
3515 4451 3644 4504 edu-

2067 4557 2230 4610 caret,
2265 4557 2384 4600 tunc
2415 4547 2630 4616 contigit
2658 4559 2714 4598 ut
2746 4563 2930 4599 ansam
2947 4546 3176 4601 haberet.
3205 4545 3337 4598 Illud
3367 4553 3544 4598 autem
3576 4559 3642 4598 eo

2067 4639 2274 4704 notavi,
2312 4648 2370 4691 ut
2423 4639 2595 4708 magis
2640 4645 2848 4706 pateret
2894 4654 3078 4702 error,
3123 4653 3282 4705 quem
3329 4636 3525 4690 similis
3561 4636 3640 4689 lo-

2065 4732 2268 4801 quendi
2325 4734 2466 4786 ratio
2528 4733 2663 4788 viris
2718 4732 3052 4786 doctissimis
3102 4731 3324 4798 objecit.
3360 4727 3405 4783 Is
3434 4735 3636 4790 autem,

2065 4840 2225 4893 quem
2245 4824 2390 4886 dico,
2418 4825 2571 4878 locus
2593 4840 2654 4878 ea
2680 4840 2799 4893 qum
2823 4825 2980 4879 retuli
3010 4823 3174 4875 verba
3208 4821 3451 4890 proxime
3486 4826 3639 4873 ante—

2063 4914 2227 4968 cedit.
2269 4915 2347 4966 lbi
2397 4922 2578 4968 autem
2637 4914 2710 4967 ita
2773 4915 2970 4984 legitur
3027 4913 3170 4981 (pag.
3210 4911 3378 4980 593):
3421 4908 3636 4978 Ἐπειδὴ

2063 5005 2337 5077 κατέμαθε
2371 5007 2460 5059 τὸν
2502 5005 2816 5078 ἄνθρωπον·
2853 5004 3037 5076 ἐπειδὴ
3071 5001 3207 5057 εἶδεν
3233 5005 3314 5057 ὅτι
3347 5003 3405 5056 τὸ
3443 4999 3638 5073 μικρὸν

2061 5096 2218 5149 τοῦτο
2250 5096 2387 5160 ζῶον
2410 5097 2544 5168 πρὸς
2572 5099 2668 5168 τὴν
2684 5099 2789 5152 τῶν
2805 5098 3052 5166 ἀγγέλων
3084 5097 3371 5167 ὀμοτιμίαν
3388 5099 3414 5149 ὁ
3436 5094 3636 5166 Κύριος

2061 5187 2430 5256 προεκαλεῖτο,
2457 5188 2545 5240 διὰ
2574 5190 2671 5258 τῆς
2703 5189 2901 5259 ἀρετῆς
2932 5189 3146 5255 ἀνάγων
3195 5187 3376 5248 αὑτὸν,
3414 5185 3505 5238 καὶ
3546 5183 3637 5236 διὰ

2063 5279 2420 5349 σωφροσύνης
2453 5279 2561 5331 τῶν
2601 5280 2742 5332 κατὰ
2787 5280 2876 5331 τὸν
2919 5279 3052 5349 βίον,
3091 5281 3213 5332 ἐπεὶ
3233 5278 3329 5348 τὴν
3358 5277 3635 5329 τελείωσιν

2058 5369 2157 5439 τῆς
2193 5371 2391 5440 ψυχῆς·
2419 5371 2612 5423 λείπει.
2650 5371 2791 5433 Ἕως
2816 5371 2943 5442 γάρ,
2973 5381 3077 5425 etc.
3129 5370 3417 5439 Postquam
3457 5369 3632 5421 consi-

2058 5464 2261 5517 deravit
2301 5464 2600 5517 hominem:
2627 5476 2903 5534 postquam
2941 5464 3066 5518 vidit
3107 5465 3294 5533 exigua
3385 5463 3481 5515 hoc
3511 5462 3628 5514 αηίο

2058 5553 2169 5607 mal
2199 5571 2230 5606 a
2257 5553 2482 5607 Domino
2515 5553 2584 5606 ad
2638 5556 2943 5622 angelorum
2974 5555 3329 5624 a'qualitatem
3359 5553 3624 5616 advocari,

2059 5657 2116 5701 ut
2163 5648 2251 5717 qui
2308 5648 2477 5715 ipsum
2540 5661 2628 5714 per
2658 5637 2897 5702 uirtutem
2930 5666 2990 5701 ac
3043 5639 3628 5701 rcrummundanarum
