  <div class='ocr_page' id='page_1' title='image "/cluster/home/n/w/nwhite01/storage/ocr_20150623/31/mdp.39015012934363/021.png"; bbox 0 0 3972 6202; ppageno 0'>
   <div class='ocr_carea' id='block_1_1' title="bbox 279 245 3523 314">
    <p class='ocr_par' dir='ltr' id='par_1_1' title="bbox 279 245 3523 314">
     <span class='ocr_line' id='line_1_1' title="bbox 279 245 3523 314; baseline -0.003 0"><span class='ocrx_word' id='word_1_1' title='bbox 279 260 348 314; x_wconf 78' lang='lat'><strong>27</strong></span> <span class='ocrx_word' id='word_1_2' title='bbox 1714 251 2100 309; x_wconf 63' lang='lat' dir='ltr'><strong>PREFATIO.</strong></span> <span class='ocrx_word' id='word_1_3' title='bbox 3452 245 3523 303; x_wconf 69' lang='grc'><strong>28</strong></span> 
     </span>
    </p>
   </div>
   <div class='ocr_carea' id='block_1_2' title="bbox 279 367 3524 446">
    <p class='ocr_par' dir='ltr' id='par_1_2' title="bbox 279 367 3524 446">
     <span class='ocr_line' id='line_1_2' title="bbox 279 367 3524 446; baseline -0.004 -10"><span class='ocrx_word' id='word_1_4' title='bbox 279 382 608 436; x_wconf 77' lang='lat' dir='ltr'><strong>moderatum</strong></span> <span class='ocrx_word' id='word_1_5' title='bbox 625 395 776 432; x_wconf 84' lang='lat' dir='ltr'><strong>usum</strong></span> <span class='ocrx_word' id='word_1_6' title='bbox 797 377 1025 433; x_wconf 84' lang='lat' dir='ltr'><strong>eveheret</strong></span> <span class='ocrx_word' id='word_1_7' title='bbox 1045 375 1114 430; x_wconf 86' lang='lat' dir='ltr'><strong>ad</strong></span> <span class='ocrx_word' id='word_1_8' title='bbox 1125 375 1316 430; x_wconf 74' lang='lat' dir='ltr'><strong>anima</strong></span> <span class='ocrx_word' id='word_1_9' title='bbox 1332 374 1725 445; x_wconf 73' lang='lat' dir='ltr'><strong>perfectionem,</strong></span> <span class='ocrx_word' id='word_1_10' title='bbox 1744 385 1851 432; x_wconf 92' lang='lat' dir='ltr'><strong>etc.</strong></span> <span class='ocrx_word' id='word_1_11' title='bbox 1884 383 1930 440; x_wconf 79' lang='grc' dir='ltr'><strong>Α</strong></span> <span class='ocrx_word' id='word_1_12' title='bbox 1959 375 2078 446; x_wconf 84' lang='lat' dir='ltr'><strong>ipsa</strong></span> <span class='ocrx_word' id='word_1_13' title='bbox 2115 374 2256 440; x_wconf 92' lang='lat' dir='ltr'><strong>loca,</strong></span> <span class='ocrx_word' id='word_1_14' title='bbox 2287 373 2343 427; x_wconf 93' lang='lat' dir='ltr'><strong>in</strong></span> <span class='ocrx_word' id='word_1_15' title='bbox 2372 372 2572 444; x_wconf 88' lang='lat' dir='ltr'><strong>quibus</strong></span> <span class='ocrx_word' id='word_1_16' title='bbox 2605 371 2836 429; x_wconf 85' lang='lat' dir='ltr'><strong>Basilius</strong></span> <span class='ocrx_word' id='word_1_17' title='bbox 2866 385 2930 428; x_wconf 90' lang='lat' dir='ltr'><strong>ea</strong></span> <span class='ocrx_word' id='word_1_18' title='bbox 2969 384 3130 442; x_wconf 89' lang='lat' dir='ltr'><strong>quam</strong></span> <span class='ocrx_word' id='word_1_19' title='bbox 3151 368 3261 425; x_wconf 91' lang='lat' dir='ltr'><strong>dixi</strong></span> <span class='ocrx_word' id='word_1_20' title='bbox 3292 367 3524 424; x_wconf 82' lang='lat' dir='ltr'><strong>formula</strong></span> 
     </span>
    </p>
   </div>
   <div class='ocr_carea' id='block_1_3' title="bbox 281 463 1856 538">
    <p class='ocr_par' dir='ltr' id='par_1_3' title="bbox 281 463 1856 538">
     <span class='ocr_line' id='line_1_3' title="bbox 281 463 1856 538; baseline -0.005 -12"><span class='ocrx_word' id='word_1_21' title='bbox 281 469 386 526; x_wconf 78' lang='lat' dir='ltr'><strong>Ubi</strong></span> <span class='ocrx_word' id='word_1_22' title='bbox 416 476 610 525; x_wconf 91' lang='lat' dir='ltr'><strong>notare</strong></span> <span class='ocrx_word' id='word_1_23' title='bbox 636 483 815 538; x_wconf 71' lang='lat' dir='ltr'><strong>operae</strong></span> <span class='ocrx_word' id='word_1_24' title='bbox 850 466 1085 538; x_wconf 90' lang='lat' dir='ltr'><strong>pretium</strong></span> <span class='ocrx_word' id='word_1_25' title='bbox 1119 473 1225 529; x_wconf 85' lang='lat' dir='ltr'><strong>est,</strong></span> <span class='ocrx_word' id='word_1_26' title='bbox 1255 479 1447 520; x_wconf 92' lang='lat' dir='ltr'><strong>vocem</strong></span> <span class='ocrx_word' id='word_1_27' title='bbox 1474 465 1648 518; x_wconf 79' lang='grc' dir='ltr'>λείπει</span> <span class='ocrx_word' id='word_1_28' title='bbox 1670 465 1726 518; x_wconf 91' lang='lat' dir='ltr'><strong>in</strong></span> <span class='ocrx_word' id='word_1_29' title='bbox 1752 463 1856 518; x_wconf 86' lang='lat' dir='ltr'><strong>Pa-</strong></span> 
     </span>
    </p>
   </div>
   <div class='ocr_carea' id='block_1_4' title="bbox 279 554 1852 622">
    <p class='ocr_par' dir='ltr' id='par_1_4' title="bbox 279 554 1852 622">
     <span class='ocr_line' id='line_1_4' title="bbox 279 554 1852 622; baseline -0.007 -3"><span class='ocrx_word' id='word_1_30' title='bbox 279 563 502 619; x_wconf 88' lang='lat' dir='ltr'><strong>risiensi</strong></span> <span class='ocrx_word' id='word_1_31' title='bbox 569 561 808 616; x_wconf 76' lang='lat' dir='ltr'><strong>editione</strong></span> <span class='ocrx_word' id='word_1_32' title='bbox 842 558 1083 613; x_wconf 91' lang='lat' dir='ltr'><strong>additam</strong></span> <span class='ocrx_word' id='word_1_33' title='bbox 1141 554 1334 620; x_wconf 84' lang='lat' dir='ltr'><strong>fuisse,</strong></span> <span class='ocrx_word' id='word_1_34' title='bbox 1369 563 1429 611; x_wconf 94' lang='lat' dir='ltr'><strong>ut</strong></span> <span class='ocrx_word' id='word_1_35' title='bbox 1478 565 1852 622; x_wconf 90' lang='lat' dir='ltr'><strong>monerentur,</strong></span> 
     </span>
    </p>
   </div>
   <div class='ocr_carea' id='block_1_5' title="bbox 277 649 1855 728">
    <p class='ocr_par' dir='ltr' id='par_1_5' title="bbox 277 649 1855 728">
     <span class='ocr_line' id='line_1_5' title="bbox 277 649 1855 728; baseline -0.006 -18"><span class='ocrx_word' id='word_1_36' title='bbox 277 657 374 728; x_wconf 91' lang='lat' dir='ltr'><strong>qui</strong></span> <span class='ocrx_word' id='word_1_37' title='bbox 426 657 686 725; x_wconf 82' lang='lat' dir='ltr'><strong>legerent,</strong></span> <span class='ocrx_word' id='word_1_38' title='bbox 739 651 947 721; x_wconf 90' lang='lat' dir='ltr'><strong>aliquid</strong></span> <span class='ocrx_word' id='word_1_39' title='bbox 990 651 1097 704; x_wconf 90' lang='lat' dir='ltr'><strong>hoc</strong></span> <span class='ocrx_word' id='word_1_40' title='bbox 1139 650 1263 704; x_wconf 91' lang='lat' dir='ltr'><strong>loco</strong></span> <span class='ocrx_word' id='word_1_41' title='bbox 1289 649 1510 715; x_wconf 89' lang='lat' dir='ltr'><strong>deesse;</strong></span> <span class='ocrx_word' id='word_1_42' title='bbox 1549 649 1644 704; x_wconf 90' lang='lat' dir='ltr'><strong>sed</strong></span> <span class='ocrx_word' id='word_1_43' title='bbox 1675 655 1855 702; x_wconf 88' lang='lat' dir='ltr'><strong>tamen</strong></span> 
     </span>
    </p>
   </div>
   <div class='ocr_carea' id='block_1_6' title="bbox 278 740 1859 813">
    <p class='ocr_par' dir='ltr' id='par_1_6' title="bbox 278 740 1859 813">
     <span class='ocr_line' id='line_1_6' title="bbox 278 740 1859 813; baseline -0.007 -10"><span class='ocrx_word' id='word_1_44' title='bbox 278 747 606 810; x_wconf 85' lang='lat' dir='ltr'><strong>nihildeest,</strong></span> <span class='ocrx_word' id='word_1_45' title='bbox 637 759 935 813; x_wconf 79' lang='lat' dir='ltr'><strong>vocemque</strong></span> <span class='ocrx_word' id='word_1_46' title='bbox 950 741 1130 794; x_wconf 81' lang='grc' dir='ltr'>).είπει</span> <span class='ocrx_word' id='word_1_47' title='bbox 1160 740 1446 795; x_wconf 87' lang='lat' dir='ltr'><strong>delendam</strong></span> <span class='ocrx_word' id='word_1_48' title='bbox 1486 754 1611 795; x_wconf 92' lang='lat' dir='ltr'><strong>esse</strong></span> <span class='ocrx_word' id='word_1_49' title='bbox 1639 747 1859 794; x_wconf 81' lang='lat' dir='ltr'><strong>constat</strong></span> 
     </span>
    </p>
   </div>
   <div class='ocr_carea' id='block_1_7' title="bbox 277 831 1854 904">
    <p class='ocr_par' dir='ltr' id='par_1_7' title="bbox 277 831 1854 904">
     <span class='ocr_line' id='line_1_7' title="bbox 277 831 1854 904; baseline -0.008 -9"><span class='ocrx_word' id='word_1_50' title='bbox 277 855 348 896; x_wconf 84' lang='lat' dir='ltr'><strong>ex</strong></span> <span class='ocrx_word' id='word_1_51' title='bbox 402 838 556 893; x_wconf 88' lang='lat' dir='ltr'><strong>libris</strong></span> <span class='ocrx_word' id='word_1_52' title='bbox 613 836 909 901; x_wconf 84' lang='lat' dir='ltr'><strong>veteribus,</strong></span> <span class='ocrx_word' id='word_1_53' title='bbox 946 835 1003 888; x_wconf 89' lang='lat' dir='ltr'><strong>in</strong></span> <span class='ocrx_word' id='word_1_54' title='bbox 1041 835 1240 904; x_wconf 90' lang='lat' dir='ltr'><strong>quibus</strong></span> <span class='ocrx_word' id='word_1_55' title='bbox 1271 833 1417 888; x_wconf 90' lang='lat' dir='ltr'><strong>illius</strong></span> <span class='ocrx_word' id='word_1_56' title='bbox 1453 847 1521 887; x_wconf 91' lang='lat' dir='ltr'><strong>ne</strong></span> <span class='ocrx_word' id='word_1_57' title='bbox 1567 831 1854 901; x_wconf 82' lang='lat' dir='ltr'><strong>vestigium</strong></span> 
     </span>
    </p>
   </div>
   <div class='ocr_carea' id='block_1_8' title="bbox 282 923 1858 1000">
    <p class='ocr_par' dir='ltr' id='par_1_8' title="bbox 282 923 1858 1000">
     <span class='ocr_line' id='line_1_8' title="bbox 282 923 1858 1000; baseline -0.006 -16"><span class='ocrx_word' id='word_1_58' title='bbox 282 931 500 1000; x_wconf 86' lang='lat' dir='ltr'><strong>quidem</strong></span> <span class='ocrx_word' id='word_1_59' title='bbox 535 934 735 984; x_wconf 89' lang='lat' dir='ltr'><strong>exstat.</strong></span> <span class='ocrx_word' id='word_1_60' title='bbox 762 925 947 996; x_wconf 85' lang='lat' dir='ltr'><strong>Inepta</strong></span> <span class='ocrx_word' id='word_1_61' title='bbox 975 936 1155 980; x_wconf 91' lang='lat' dir='ltr'><strong>autem</strong></span> <span class='ocrx_word' id='word_1_62' title='bbox 1191 925 1282 979; x_wconf 91' lang='lat' dir='ltr'><strong>illa</strong></span> <span class='ocrx_word' id='word_1_63' title='bbox 1323 923 1580 993; x_wconf 89' lang='lat' dir='ltr'><strong>loquendi</strong></span> <span class='ocrx_word' id='word_1_64' title='bbox 1627 923 1769 976; x_wconf 85' lang='lat' dir='ltr'><strong>ratio</strong></span> <span class='ocrx_word' id='word_1_65' title='bbox 1800 928 1858 975; x_wconf 93' lang='lat' dir='ltr'><strong>ut</strong></span> 
     </span>
    </p>
   </div>
   <div class='ocr_carea' id='block_1_9' title="bbox 281 1015 1855 1079">
    <p class='ocr_par' dir='ltr' id='par_1_9' title="bbox 281 1015 1855 1079">
     <span class='ocr_line' id='line_1_9' title="bbox 281 1015 1855 1079; baseline -0.006 -4"><span class='ocrx_word' id='word_1_66' title='bbox 281 1021 609 1076; x_wconf 85' lang='lat' dir='ltr'><strong>Parisiensis</strong></span> <span class='ocrx_word' id='word_1_67' title='bbox 663 1019 920 1075; x_wconf 84' lang='lat' dir='ltr'><strong>editionis</strong></span> <span class='ocrx_word' id='word_1_68' title='bbox 973 1025 1261 1079; x_wconf 89' lang='lat' dir='ltr'><strong>auctores,</strong></span> <span class='ocrx_word' id='word_1_69' title='bbox 1303 1016 1379 1068; x_wconf 87' lang='lat' dir='ltr'><strong>ita</strong></span> <span class='ocrx_word' id='word_1_70' title='bbox 1422 1015 1855 1069; x_wconf 89' lang='lat' dir='ltr'><strong>eruditissimum</strong></span> 
     </span>
    </p>
   </div>
   <div class='ocr_carea' id='block_1_10' title="bbox 281 1104 1860 1184">
    <p class='ocr_par' dir='ltr' id='par_1_10' title="bbox 281 1104 1860 1184">
     <span class='ocr_line' id='line_1_10' title="bbox 281 1104 1860 1184; baseline -0.009 -15"><span class='ocrx_word' id='word_1_71' title='bbox 281 1129 498 1184; x_wconf 91' lang='lat' dir='ltr'><strong>quoque</strong></span> <span class='ocrx_word' id='word_1_72' title='bbox 576 1113 752 1164; x_wconf 88' lang='lat' dir='ltr'><strong>virum</strong></span> <span class='ocrx_word' id='word_1_73' title='bbox 830 1108 1215 1165; x_wconf 82' lang='lat' dir='ltr'><strong>Combeﬁsium</strong></span> <span class='ocrx_word' id='word_1_74' title='bbox 1277 1107 1511 1176; x_wconf 80' lang='lat' dir='ltr'><strong>decepit.</strong></span> <span class='ocrx_word' id='word_1_75' title='bbox 1589 1104 1860 1158; x_wconf 88' lang='lat' dir='ltr'><strong>Putarunt</strong></span> 
     </span>
    </p>
   </div>
   <div class='ocr_carea' id='block_1_11' title="bbox 283 1194 1858 1272">
    <p class='ocr_par' dir='ltr' id='par_1_11' title="bbox 283 1194 1858 1272">
     <span class='ocr_line' id='line_1_11' title="bbox 283 1194 1858 1272; baseline -0.01 -11"><span class='ocrx_word' id='word_1_76' title='bbox 283 1205 398 1261; x_wconf 72' lang='lat' dir='ltr'><strong>hate</strong></span> <span class='ocrx_word' id='word_1_77' title='bbox 441 1205 629 1266; x_wconf 88' lang='lat' dir='ltr'><strong>verba,</strong></span> <span class='ocrx_word' id='word_1_78' title='bbox 677 1201 863 1272; x_wconf 74' lang='grc' dir='ltr'>ἐπειδὴ</span> <span class='ocrx_word' id='word_1_79' title='bbox 898 1199 1175 1269; x_wconf 77' lang='grc' dir='ltr'>κατέμαθε</span> <span class='ocrx_word' id='word_1_80' title='bbox 1220 1198 1311 1251; x_wconf 76' lang='grc' dir='ltr'><strong>τὸν</strong></span> <span class='ocrx_word' id='word_1_81' title='bbox 1345 1197 1646 1267; x_wconf 85' lang='grc' dir='ltr'>ἄνθρωπον,</span> <span class='ocrx_word' id='word_1_82' title='bbox 1669 1194 1858 1264; x_wconf 71' lang='grc' dir='ltr'>ἐπειδὴ</span> 
     </span>
    </p>
   </div>
   <div class='ocr_carea' id='block_1_12' title="bbox 285 1287 1856 1361">
    <p class='ocr_par' dir='ltr' id='par_1_12' title="bbox 285 1287 1856 1361">
     <span class='ocr_line' id='line_1_12' title="bbox 285 1287 1856 1361; baseline -0.008 -11"><span class='ocrx_word' id='word_1_83' title='bbox 285 1294 421 1350; x_wconf 80' lang='grc' dir='ltr'>εἶδεν</span> <span class='ocrx_word' id='word_1_84' title='bbox 444 1297 546 1361; x_wconf 84' lang='grc' dir='ltr'>ὅτι,</span> <span class='ocrx_word' id='word_1_85' title='bbox 569 1305 700 1356; x_wconf 91' lang='lat' dir='ltr'><strong>etc.,</strong></span> <span class='ocrx_word' id='word_1_86' title='bbox 718 1292 906 1346; x_wconf 79' lang='lat' dir='ltr'><strong>referri</strong></span> <span class='ocrx_word' id='word_1_87' title='bbox 936 1291 1002 1345; x_wconf 90' lang='lat' dir='ltr'><strong>ad</strong></span> <span class='ocrx_word' id='word_1_88' title='bbox 1028 1290 1231 1359; x_wconf 87' lang='lat' dir='ltr'><strong>aliquid</strong></span> <span class='ocrx_word' id='word_1_89' title='bbox 1252 1288 1398 1359; x_wconf 89' lang='lat' dir='ltr'><strong>quod</strong></span> <span class='ocrx_word' id='word_1_90' title='bbox 1429 1287 1586 1353; x_wconf 90' lang='lat' dir='ltr'><strong>sequi</strong></span> <span class='ocrx_word' id='word_1_91' title='bbox 1613 1287 1856 1351; x_wconf 85' lang='lat' dir='ltr'><strong>deberet,</strong></span> 
     </span>
    </p>
   </div>
   <div class='ocr_carea' id='block_1_13' title="bbox 283 1379 1858 1452">
    <p class='ocr_par' dir='ltr' id='par_1_13' title="bbox 283 1379 1858 1452">
     <span class='ocr_line' id='line_1_13' title="bbox 283 1379 1858 1452; baseline -0.006 -10"><span class='ocrx_word' id='word_1_92' title='bbox 283 1402 407 1442; x_wconf 90' lang='lat' dir='ltr'><strong>cum</strong></span> <span class='ocrx_word' id='word_1_93' title='bbox 431 1394 612 1440; x_wconf 92' lang='lat' dir='ltr'><strong>tamen</strong></span> <span class='ocrx_word' id='word_1_94' title='bbox 633 1384 698 1438; x_wconf 91' lang='lat' dir='ltr'><strong>ad</strong></span> <span class='ocrx_word' id='word_1_95' title='bbox 718 1399 780 1438; x_wconf 91' lang='lat' dir='ltr'><strong>ea</strong></span> <span class='ocrx_word' id='word_1_96' title='bbox 804 1398 924 1452; x_wconf 74' lang='lat' dir='ltr'><strong>qum</strong></span> <span class='ocrx_word' id='word_1_97' title='bbox 945 1382 1259 1450; x_wconf 84' lang='lat' dir='ltr'><strong>praecedunt</strong></span> <span class='ocrx_word' id='word_1_98' title='bbox 1284 1379 1642 1436; x_wconf 83' lang='lat' dir='ltr'><strong>referrentur.</strong></span> <span class='ocrx_word' id='word_1_99' title='bbox 1669 1379 1858 1447; x_wconf 84' lang='lat' dir='ltr'><strong>Itaque</strong></span> 
     </span>
    </p>
   </div>
   <div class='ocr_carea' id='block_1_14' title="bbox 283 1471 1859 1546">
    <p class='ocr_par' dir='ltr' id='par_1_14' title="bbox 283 1471 1859 1546">
     <span class='ocr_line' id='line_1_14' title="bbox 283 1471 1859 1546; baseline -0.008 -12"><span class='ocrx_word' id='word_1_100' title='bbox 283 1494 353 1534; x_wconf 78' lang='lat' dir='ltr'><strong>ex</strong></span> <span class='ocrx_word' id='word_1_101' title='bbox 383 1479 450 1532; x_wconf 92' lang='lat' dir='ltr'><strong>iis</strong></span> <span class='ocrx_word' id='word_1_102' title='bbox 479 1492 598 1546; x_wconf 75' lang='lat' dir='ltr'><strong>qua:</strong></span> <span class='ocrx_word' id='word_1_103' title='bbox 629 1475 791 1544; x_wconf 86' lang='lat' dir='ltr'><strong>paulo</strong></span> <span class='ocrx_word' id='word_1_104' title='bbox 815 1481 940 1527; x_wconf 90' lang='lat' dir='ltr'><strong>ante</strong></span> <span class='ocrx_word' id='word_1_105' title='bbox 969 1473 1223 1540; x_wconf 88' lang='lat' dir='ltr'><strong>leguntur</strong></span> <span class='ocrx_word' id='word_1_106' title='bbox 1248 1471 1429 1526; x_wconf 79' lang='lat' dir='ltr'><strong>verbis</strong></span> <span class='ocrx_word' id='word_1_107' title='bbox 1457 1471 1576 1540; x_wconf 88' lang='lat' dir='ltr'><strong>ejus</strong></span> <span class='ocrx_word' id='word_1_108' title='bbox 1597 1471 1700 1525; x_wconf 90' lang='lat' dir='ltr'><strong>loci</strong></span> <span class='ocrx_word' id='word_1_109' title='bbox 1733 1485 1859 1523; x_wconf 89' lang='lat' dir='ltr'><strong>sen-</strong></span> 
     </span>
    </p>
   </div>
   <div class='ocr_carea' id='block_1_15' title="bbox 285 1562 1859 1638">
    <p class='ocr_par' dir='ltr' id='par_1_15' title="bbox 285 1562 1859 1638">
     <span class='ocr_line' id='line_1_15' title="bbox 285 1562 1859 1638; baseline -0.007 -15"><span class='ocrx_word' id='word_1_110' title='bbox 285 1570 457 1625; x_wconf 86' lang='lat' dir='ltr'><strong>tentia</strong></span> <span class='ocrx_word' id='word_1_111' title='bbox 493 1568 598 1638; x_wconf 88' lang='lat' dir='ltr'><strong>peti</strong></span> <span class='ocrx_word' id='word_1_112' title='bbox 621 1566 801 1628; x_wconf 87' lang='lat' dir='ltr'><strong>debet,</strong></span> <span class='ocrx_word' id='word_1_113' title='bbox 829 1564 910 1619; x_wconf 92' lang='lat' dir='ltr'><strong>sic</strong></span> <span class='ocrx_word' id='word_1_114' title='bbox 939 1571 997 1617; x_wconf 91' lang='lat' dir='ltr'><strong>ut</strong></span> <span class='ocrx_word' id='word_1_115' title='bbox 1020 1579 1123 1616; x_wconf 77' lang='lat' dir='ltr'><strong>vox</strong></span> <span class='ocrx_word' id='word_1_116' title='bbox 1154 1562 1580 1634; x_wconf 78' lang='grc' dir='ltr'>ὲπονηρεύσατο,</span> <span class='ocrx_word' id='word_1_117' title='bbox 1625 1575 1745 1630; x_wconf 66' lang='lat' dir='ltr'><strong>quae</strong></span> <span class='ocrx_word' id='word_1_118' title='bbox 1774 1563 1859 1613; x_wconf 89' lang='lat' dir='ltr'><strong>in-</strong></span> 
     </span>
    </p>
   </div>
   <div class='ocr_carea' id='block_1_16' title="bbox 287 1648 1854 1727">
    <p class='ocr_par' dir='ltr' id='par_1_16' title="bbox 287 1648 1854 1727">
     <span class='ocr_line' id='line_1_16' title="bbox 287 1648 1854 1727; baseline -0.008 -14"><span class='ocrx_word' id='word_1_119' title='bbox 287 1660 383 1714; x_wconf 76' lang='lat' dir='ltr'><strong>izio</strong></span> <span class='ocrx_word' id='word_1_120' title='bbox 406 1657 619 1727; x_wconf 87' lang='lat' dir='ltr'><strong>periodi</strong></span> <span class='ocrx_word' id='word_1_121' title='bbox 648 1653 1261 1725; x_wconf 88' lang='lat' dir='ltr'><strong>superiorisinvenitur,</strong></span> <span class='ocrx_word' id='word_1_122' title='bbox 1291 1650 1649 1708; x_wconf 90' lang='lat' dir='ltr'><strong>subaudialur</strong></span> <span class='ocrx_word' id='word_1_123' title='bbox 1680 1669 1696 1704; x_wconf 85' lang='lat'>:</span> <span class='ocrx_word' id='word_1_124' title='bbox 1729 1648 1854 1719; x_wconf 87' lang='lat' dir='ltr'><strong>qui-</strong></span> 
     </span>
    </p>
   </div>
   <div class='ocr_carea' id='block_1_17' title="bbox 1957 462 3522 535">
    <p class='ocr_par' dir='ltr' id='par_1_17' title="bbox 1957 462 3522 535">
     <span class='ocr_line' id='line_1_17' title="bbox 1957 462 3522 535; baseline -0.002 -15"><span class='ocrx_word' id='word_1_125' title='bbox 1957 482 2094 521; x_wconf 89' lang='lat' dir='ltr'><strong>usus</strong></span> <span class='ocrx_word' id='word_1_126' title='bbox 2115 473 2198 519; x_wconf 88' lang='lat' dir='ltr'><strong>est</strong></span> <span class='ocrx_word' id='word_1_127' title='bbox 2225 483 2239 519; x_wconf 87' lang='lat'><strong>:</strong></span> <span class='ocrx_word' id='word_1_128' title='bbox 2265 479 2388 533; x_wconf 83' lang='lat' dir='ltr'><strong>quae</strong></span> <span class='ocrx_word' id='word_1_129' title='bbox 2418 464 2465 518; x_wconf 92' lang='lat' dir='ltr'><strong>si</strong></span> <span class='ocrx_word' id='word_1_130' title='bbox 2490 464 2766 535; x_wconf 88' lang='lat' dir='ltr'><strong>quispiam</strong></span> <span class='ocrx_word' id='word_1_131' title='bbox 2807 463 3015 535; x_wconf 89' lang='lat' dir='ltr'><strong>legerit,</strong></span> <span class='ocrx_word' id='word_1_132' title='bbox 3047 463 3219 532; x_wconf 89' lang='lat' dir='ltr'><strong>magis</strong></span> <span class='ocrx_word' id='word_1_133' title='bbox 3249 476 3314 516; x_wconf 91' lang='lat' dir='ltr'><strong>ac</strong></span> <span class='ocrx_word' id='word_1_134' title='bbox 3348 462 3522 530; x_wconf 87' lang='lat' dir='ltr'><strong>magis</strong></span> 
     </span>
    </p>
   </div>
   <div class='ocr_carea' id='block_1_18' title="bbox 1954 551 3524 626">
    <p class='ocr_par' dir='ltr' id='par_1_18' title="bbox 1954 551 3524 626">
     <span class='ocr_line' id='line_1_18' title="bbox 1954 551 3524 626; baseline -0.002 -16"><span class='ocrx_word' id='word_1_135' title='bbox 1954 556 2216 626; x_wconf 78' lang='lat' dir='ltr'><strong>intelliget</strong></span> <span class='ocrx_word' id='word_1_136' title='bbox 2246 554 2504 609; x_wconf 90' lang='lat' dir='ltr'><strong>Basilium</strong></span> <span class='ocrx_word' id='word_1_137' title='bbox 2532 554 2667 608; x_wconf 84' lang='lat' dir='ltr'><strong>nihil</strong></span> <span class='ocrx_word' id='word_1_138' title='bbox 2725 554 2830 610; x_wconf 90' lang='lat' dir='ltr'><strong>tale</strong></span> <span class='ocrx_word' id='word_1_139' title='bbox 2865 554 3092 617; x_wconf 82' lang='lat' dir='ltr'><strong>dixisse,</strong></span> <span class='ocrx_word' id='word_1_140' title='bbox 3134 552 3296 622; x_wconf 87' lang='lat' dir='ltr'><strong>quale</strong></span> <span class='ocrx_word' id='word_1_141' title='bbox 3327 551 3381 605; x_wconf 89' lang='lat' dir='ltr'><strong>in</strong></span> <span class='ocrx_word' id='word_1_142' title='bbox 3418 551 3524 607; x_wconf 89' lang='lat' dir='ltr'><strong>hac</strong></span> 
     </span>
    </p>
   </div>
   <div class='ocr_carea' id='block_1_19' title="bbox 1955 643 3524 716">
    <p class='ocr_par' dir='ltr' id='par_1_19' title="bbox 1955 643 3524 716">
     <span class='ocr_line' id='line_1_19' title="bbox 1955 643 3524 716; baseline -0.004 -15"><span class='ocrx_word' id='word_1_143' title='bbox 1955 649 2220 702; x_wconf 90' lang='lat' dir='ltr'><strong>concione</strong></span> <span class='ocrx_word' id='word_1_144' title='bbox 2272 647 2564 716; x_wconf 90' lang='lat' dir='ltr'><strong>reperitur.</strong></span> <span class='ocrx_word' id='word_1_145' title='bbox 2616 643 2797 699; x_wconf 87' lang='lat' dir='ltr'><strong>Unum</strong></span> <span class='ocrx_word' id='word_1_146' title='bbox 2862 645 2907 700; x_wconf 93' lang='lat' dir='ltr'><strong>si</strong></span> <span class='ocrx_word' id='word_1_147' title='bbox 2971 644 3253 710; x_wconf 86' lang='lat' dir='ltr'><strong>addidero,</strong></span> <span class='ocrx_word' id='word_1_148' title='bbox 3313 643 3524 712; x_wconf 91' lang='lat' dir='ltr'><strong>reliqua</strong></span> 
     </span>
    </p>
   </div>
   <div class='ocr_carea' id='block_1_20' title="bbox 1955 733 3523 805">
    <p class='ocr_par' dir='ltr' id='par_1_20' title="bbox 1955 733 3523 805">
     <span class='ocr_line' id='line_1_20' title="bbox 1955 733 3523 805; baseline -0.002 -16"><span class='ocrx_word' id='word_1_149' title='bbox 1955 736 2222 789; x_wconf 90' lang='lat' dir='ltr'><strong>omittam.</strong></span> <span class='ocrx_word' id='word_1_150' title='bbox 2252 733 2447 788; x_wconf 87' lang='lat' dir='ltr'><strong>Statim</strong></span> <span class='ocrx_word' id='word_1_151' title='bbox 2470 735 2633 803; x_wconf 85' lang='lat' dir='ltr'><strong>igitur</strong></span> <span class='ocrx_word' id='word_1_152' title='bbox 2663 735 2737 788; x_wconf 88' lang='lat' dir='ltr'><strong>ita</strong></span> <span class='ocrx_word' id='word_1_153' title='bbox 2773 735 2964 790; x_wconf 88' lang='lat' dir='ltr'><strong>scribit</strong></span> <span class='ocrx_word' id='word_1_154' title='bbox 2997 743 3186 789; x_wconf 85' lang='lat' dir='ltr'><strong>auctor</strong></span> <span class='ocrx_word' id='word_1_155' title='bbox 3207 737 3349 805; x_wconf 86' lang='lat' dir='ltr'><strong>(pag.</strong></span> <span class='ocrx_word' id='word_1_156' title='bbox 3373 733 3523 804; x_wconf 83' lang='lat'><strong>595):</strong></span> 
     </span>
    </p>
   </div>
   <div class='ocr_carea' id='block_1_21' title="bbox 1957 824 3523 897">
    <p class='ocr_par' dir='ltr' id='par_1_21' title="bbox 1957 824 3523 897">
     <span class='ocr_line' id='line_1_21' title="bbox 1957 824 3523 897; baseline 0.001 -19"><span class='ocrx_word' id='word_1_157' title='bbox 1957 825 2114 879; x_wconf 73' lang='grc' dir='ltr'><strong>Οὕτω</strong></span> <span class='ocrx_word' id='word_1_158' title='bbox 2129 827 2224 879; x_wconf 76' lang='grc' dir='ltr'><strong>καὶ</strong></span> <span class='ocrx_word' id='word_1_159' title='bbox 2251 827 2279 878; x_wconf 88' lang='grc' dir='ltr'><strong>ὁ</strong></span> <span class='ocrx_word' id='word_1_160' title='bbox 2309 824 2552 888; x_wconf 78' lang='grc' dir='ltr'>διάϐολος</span> <span class='ocrx_word' id='word_1_161' title='bbox 2584 826 2640 879; x_wconf 84' lang='grc' dir='ltr'>ὲν</span> <span class='ocrx_word' id='word_1_162' title='bbox 2665 829 2730 897; x_wconf 80' lang='grc' dir='ltr'>τῇ</span> <span class='ocrx_word' id='word_1_163' title='bbox 2753 825 2919 879; x_wconf 83' lang='grc' dir='ltr'>εἰκόνι</span> <span class='ocrx_word' id='word_1_164' title='bbox 2951 826 3011 879; x_wconf 84' lang='grc' dir='ltr'><strong>τὸ</strong></span> <span class='ocrx_word' id='word_1_165' title='bbox 3037 826 3284 896; x_wconf 79' lang='grc' dir='ltr'>μισόθεον</span> <span class='ocrx_word' id='word_1_166' title='bbox 3304 826 3523 894; x_wconf 74' lang='grc' dir='ltr'>ἔδειξεν,</span> 
     </span>
    </p>
   </div>
   <div class='ocr_carea' id='block_1_22' title="bbox 1957 915 3527 988">
    <p class='ocr_par' dir='ltr' id='par_1_22' title="bbox 1957 915 3527 988">
     <span class='ocr_line' id='line_1_22' title="bbox 1957 915 3527 988; baseline 0.001 -18"><span class='ocrx_word' id='word_1_167' title='bbox 1957 917 2144 988; x_wconf 85' lang='grc' dir='ltr'>ἐπειδὴ</span> <span class='ocrx_word' id='word_1_168' title='bbox 2163 916 2298 970; x_wconf 81' lang='grc' dir='ltr'><strong>Θεθῦ</strong></span> <span class='ocrx_word' id='word_1_169' title='bbox 2333 915 2716 988; x_wconf 62' lang='grc' dir='ltr'>προσάψασθαι</span> <span class='ocrx_word' id='word_1_170' title='bbox 2761 919 2860 970; x_wconf 77' lang='grc' dir='ltr'>οὐκ</span> <span class='ocrx_word' id='word_1_171' title='bbox 2906 918 3146 972; x_wconf 78' lang='grc' dir='ltr'>ἐδύνατο.</span> <span class='ocrx_word' id='word_1_172' title='bbox 3174 917 3360 983; x_wconf 72' lang='grc' dir='ltr'>οὓτως</span> <span class='ocrx_word' id='word_1_173' title='bbox 3393 923 3420 973; x_wconf 84' lang='grc' dir='ltr'>ὁ</span> <span class='ocrx_word' id='word_1_174' title='bbox 3446 921 3527 983; x_wconf 86' lang='grc' dir='ltr'>εἰς</span> 
     </span>
    </p>
   </div>
   <div class='ocr_carea' id='block_1_23' title="bbox 1955 1005 3529 1080">
    <p class='ocr_par' dir='ltr' id='par_1_23' title="bbox 1955 1005 3529 1080">
     <span class='ocr_line' id='line_1_23' title="bbox 1955 1005 3529 1080; baseline 0.003 -20"><span class='ocrx_word' id='word_1_175' title='bbox 1955 1010 2103 1078; x_wconf 78' lang='grc' dir='ltr'>ἡμᾶς</span> <span class='ocrx_word' id='word_1_176' title='bbox 2126 1008 2358 1078; x_wconf 82' lang='grc' dir='ltr'>πόλεμος</span> <span class='ocrx_word' id='word_1_177' title='bbox 2389 1008 2659 1072; x_wconf 82' lang='grc' dir='ltr'>ἀπόδειξιν</span> <span class='ocrx_word' id='word_1_178' title='bbox 2684 1009 2794 1078; x_wconf 77' lang='grc' dir='ltr'>ἔχει</span> <span class='ocrx_word' id='word_1_179' title='bbox 2825 1007 2917 1062; x_wconf 79' lang='grc' dir='ltr'>τοῦ</span> <span class='ocrx_word' id='word_1_180' title='bbox 2965 1008 3230 1080; x_wconf 82' lang='grc' dir='ltr'>θεομάχον</span> <span class='ocrx_word' id='word_1_181' title='bbox 3260 1005 3398 1064; x_wconf 82' lang='grc' dir='ltr'>εἶναι</span> <span class='ocrx_word' id='word_1_182' title='bbox 3434 1011 3529 1064; x_wconf 84' lang='grc' dir='ltr'><strong>τὸν</strong></span> 
     </span>
    </p>
   </div>
   <div class='ocr_carea' id='block_1_24' title="bbox 1957 1097 3529 1172">
    <p class='ocr_par' dir='ltr' id='par_1_24' title="bbox 1957 1097 3529 1172">
     <span class='ocr_line' id='line_1_24' title="bbox 1957 1097 3529 1172; baseline 0.002 -21"><span class='ocrx_word' id='word_1_183' title='bbox 1957 1098 2212 1170; x_wconf 79' lang='grc' dir='ltr'>πονηρὸν,</span> <span class='ocrx_word' id='word_1_184' title='bbox 2237 1098 2330 1150; x_wconf 72' lang='grc' dir='ltr'>καὶ</span> <span class='ocrx_word' id='word_1_185' title='bbox 2349 1097 2564 1169; x_wconf 85' lang='grc' dir='ltr'>πρῶτον</span> <span class='ocrx_word' id='word_1_186' title='bbox 2594 1099 2849 1169; x_wconf 84' lang='grc' dir='ltr'>πολεμεῖν</span> <span class='ocrx_word' id='word_1_187' title='bbox 2871 1098 2949 1169; x_wconf 82' lang='grc' dir='ltr'><strong>τῷ</strong></span> <span class='ocrx_word' id='word_1_188' title='bbox 2987 1100 3250 1172; x_wconf 84' lang='grc' dir='ltr'>Δεσπότῃ.</span> <span class='ocrx_word' id='word_1_189' title='bbox 3294 1101 3529 1165; x_wconf 86' lang='grc' dir='ltr'>Ἐκεῖνος</span> 
     </span>
    </p>
   </div>
   <div class='ocr_carea' id='block_1_25' title="bbox 1958 1189 3528 1264">
    <p class='ocr_par' dir='ltr' id='par_1_25' title="bbox 1958 1189 3528 1264">
     <span class='ocr_line' id='line_1_25' title="bbox 1958 1189 3528 1264; baseline 0.001 -22"><span class='ocrx_word' id='word_1_190' title='bbox 1958 1192 2267 1262; x_wconf 81' lang='grc' dir='ltr'>κατήγαγεν</span> <span class='ocrx_word' id='word_1_191' title='bbox 2293 1189 2401 1242; x_wconf 81' lang='grc' dir='ltr'>ἀπὸ</span> <span class='ocrx_word' id='word_1_192' title='bbox 2459 1190 2812 1262; x_wconf 81' lang='grc' dir='ltr'>Ἰερουσαλὴμ</span> <span class='ocrx_word' id='word_1_193' title='bbox 2860 1193 2940 1255; x_wconf 83' lang='grc' dir='ltr'><strong>εἰς</strong></span> <span class='ocrx_word' id='word_1_194' title='bbox 2975 1190 3184 1262; x_wconf 83' lang='grc' dir='ltr'>Ἰεριχὼ</span> <span class='ocrx_word' id='word_1_195' title='bbox 3206 1192 3296 1245; x_wconf 81' lang='grc' dir='ltr'><strong>τὸν</strong></span> <span class='ocrx_word' id='word_1_196' title='bbox 3317 1191 3528 1264; x_wconf 72' lang='grc' dir='ltr'><strong>ἄνθρω-</strong></span> 
     </span>
    </p>
   </div>
   <div class='ocr_carea' id='block_1_26' title="bbox 1958 1280 3530 1354">
    <p class='ocr_par' dir='ltr' id='par_1_26' title="bbox 1958 1280 3530 1354">
     <span class='ocr_line' id='line_1_26' title="bbox 1958 1280 3530 1354; baseline 0.001 -19"><span class='ocrx_word' id='word_1_197' title='bbox 1958 1299 2080 1348; x_wconf 86' lang='grc' dir='ltr'>πον,</span> <span class='ocrx_word' id='word_1_198' title='bbox 2125 1282 2234 1335; x_wconf 84' lang='grc' dir='ltr'>ἀπὸ</span> <span class='ocrx_word' id='word_1_199' title='bbox 2270 1281 2376 1334; x_wconf 82' lang='grc' dir='ltr'><strong>τῶν</strong></span> <span class='ocrx_word' id='word_1_200' title='bbox 2415 1280 2635 1352; x_wconf 77' lang='grc' dir='ltr'>ὑψηλῶν</span> <span class='ocrx_word' id='word_1_201' title='bbox 2673 1283 2766 1335; x_wconf 77' lang='grc' dir='ltr'>ἐπὶ</span> <span class='ocrx_word' id='word_1_202' title='bbox 2807 1282 2876 1336; x_wconf 82' lang='grc' dir='ltr'>τὰ</span> <span class='ocrx_word' id='word_1_203' title='bbox 2924 1283 3106 1336; x_wconf 82' lang='grc' dir='ltr'>κοῖλα’</span> <span class='ocrx_word' id='word_1_204' title='bbox 3158 1284 3250 1335; x_wconf 77' lang='grc' dir='ltr'><strong>ἐπὶ</strong></span> <span class='ocrx_word' id='word_1_205' title='bbox 3287 1283 3388 1354; x_wconf 81' lang='grc' dir='ltr'>μὲν</span> <span class='ocrx_word' id='word_1_206' title='bbox 3427 1284 3530 1353; x_wconf 84' lang='grc' dir='ltr'>τῆς</span> 
     </span>
    </p>
   </div>
   <div class='ocr_carea' id='block_1_27' title="bbox 1957 1370 3529 1443">
    <p class='ocr_par' dir='ltr' id='par_1_27' title="bbox 1957 1370 3529 1443">
     <span class='ocr_line' id='line_1_27' title="bbox 1957 1370 3529 1443; baseline 0.001 -19"><span class='ocrx_word' id='word_1_207' title='bbox 1957 1372 2169 1443; x_wconf 74' lang='grc' dir='ltr'>ὀρεινῆς</span> <span class='ocrx_word' id='word_1_208' title='bbox 2229 1373 2260 1440; x_wconf 81' lang='grc' dir='ltr'>ἡ</span> <span class='ocrx_word' id='word_1_209' title='bbox 2325 1370 2697 1443; x_wconf 84' lang='grc' dir='ltr'>Ἰερουσαλὴμ,</span> <span class='ocrx_word' id='word_1_210' title='bbox 2742 1373 2776 1442; x_wconf 84' lang='grc' dir='ltr'>ἡ</span> <span class='ocrx_word' id='word_1_211' title='bbox 2823 1371 2879 1424; x_wconf 84' lang='grc' dir='ltr'>δὲ</span> <span class='ocrx_word' id='word_1_212' title='bbox 2925 1370 3132 1443; x_wconf 83' lang='grc' dir='ltr'>Ἱεριχὼ</span> <span class='ocrx_word' id='word_1_213' title='bbox 3161 1374 3310 1426; x_wconf 82' lang='grc' dir='ltr'>κάτω</span> <span class='ocrx_word' id='word_1_214' title='bbox 3358 1376 3417 1426; x_wconf 82' lang='grc' dir='ltr'>ἐν</span> <span class='ocrx_word' id='word_1_215' title='bbox 3463 1376 3529 1443; x_wconf 82' lang='grc' dir='ltr'>τῇ</span> 
     </span>
    </p>
   </div>
   <div class='ocr_carea' id='block_1_28' title="bbox 1959 1459 3534 1534">
    <p class='ocr_par' dir='ltr' id='par_1_28' title="bbox 1959 1459 3534 1534">
     <span class='ocr_line' id='line_1_28' title="bbox 1959 1459 3534 1534; baseline 0.001 -19"><span class='ocrx_word' id='word_1_216' title='bbox 1959 1463 2180 1533; x_wconf 75' lang='grc' dir='ltr'>ἁλμυρᾷ</span> <span class='ocrx_word' id='word_1_217' title='bbox 2231 1461 2494 1533; x_wconf 81' lang='grc' dir='ltr'>Θαλάσσῃ.</span> <span class='ocrx_word' id='word_1_218' title='bbox 2527 1461 2595 1513; x_wconf 77' lang='lat' dir='ltr'><strong>El’</strong></span> <span class='ocrx_word' id='word_1_219' title='bbox 2639 1480 2722 1525; x_wconf 88' lang='grc' dir='ltr'><strong>τις</strong></span> <span class='ocrx_word' id='word_1_220' title='bbox 2750 1462 2902 1534; x_wconf 84' lang='grc' dir='ltr'>ὑμῶν</span> <span class='ocrx_word' id='word_1_221' title='bbox 2940 1459 3046 1517; x_wconf 75' lang='grc' dir='ltr'>εἶδε</span> <span class='ocrx_word' id='word_1_222' title='bbox 3083 1464 3174 1517; x_wconf 68' lang='grc' dir='ltr'>τὸν</span> <span class='ocrx_word' id='word_1_223' title='bbox 3212 1465 3394 1529; x_wconf 83' lang='grc' dir='ltr'>τόπον,</span> <span class='ocrx_word' id='word_1_224' title='bbox 3424 1461 3534 1518; x_wconf 77' lang='grc' dir='ltr'>οἶδε</span> 
     </span>
    </p>
   </div>
   <div class='ocr_carea' id='block_1_29' title="bbox 1957 1551 3535 1625">
    <p class='ocr_par' dir='ltr' id='par_1_29' title="bbox 1957 1551 3535 1625">
     <span class='ocr_line' id='line_1_29' title="bbox 1957 1551 3535 1625; baseline 0.001 -20"><span class='ocrx_word' id='word_1_225' title='bbox 1957 1552 2066 1605; x_wconf 81' lang='grc' dir='ltr'><strong>τῶν</strong></span> <span class='ocrx_word' id='word_1_226' title='bbox 2098 1551 2404 1622; x_wconf 77' lang='grc' dir='ltr'>λεγομένων</span> <span class='ocrx_word' id='word_1_227' title='bbox 2430 1552 2526 1622; x_wconf 76' lang='grc' dir='ltr'>τὴν</span> <span class='ocrx_word' id='word_1_228' title='bbox 2549 1551 2828 1623; x_wconf 81' lang='grc' dir='ltr'>ἀλήθειαν,</span> <span class='ocrx_word' id='word_1_229' title='bbox 2861 1553 2943 1606; x_wconf 83' lang='grc' dir='ltr'><strong>ὅτι</strong></span> <span class='ocrx_word' id='word_1_230' title='bbox 2979 1553 3186 1625; x_wconf 83' lang='grc' dir='ltr'><strong>Ἰεριχὼ</strong></span> <span class='ocrx_word' id='word_1_231' title='bbox 3212 1554 3309 1625; x_wconf 79' lang='grc' dir='ltr'>μὲν</span> <span class='ocrx_word' id='word_1_232' title='bbox 3330 1554 3440 1623; x_wconf 81' lang='grc' dir='ltr'>ἔχει</span> <span class='ocrx_word' id='word_1_233' title='bbox 3466 1553 3535 1607; x_wconf 77' lang='grc' dir='ltr'>τὰ</span> 
     </span>
    </p>
   </div>
   <div class='ocr_carea' id='block_1_30' title="bbox 1961 1643 3533 1716">
    <p class='ocr_par' dir='ltr' id='par_1_30' title="bbox 1961 1643 3533 1716">
     <span class='ocr_line' id='line_1_30' title="bbox 1961 1643 3533 1716; baseline 0.001 -18"><span class='ocrx_word' id='word_1_234' title='bbox 1961 1645 2117 1698; x_wconf 84' lang='grc' dir='ltr'>κοῖλα</span> <span class='ocrx_word' id='word_1_235' title='bbox 2148 1643 2249 1714; x_wconf 81' lang='grc' dir='ltr'>τῆς</span> <span class='ocrx_word' id='word_1_236' title='bbox 2270 1643 2650 1715; x_wconf 80' lang='grc' dir='ltr'>Παλαιστίνης,</span> <span class='ocrx_word' id='word_1_237' title='bbox 2690 1644 3040 1716; x_wconf 74' lang='grc' dir='ltr'>Ἰερουσαλὴμ</span> <span class='ocrx_word' id='word_1_238' title='bbox 3067 1645 3122 1698; x_wconf 84' lang='grc' dir='ltr'><strong>δὲ</strong></span> <span class='ocrx_word' id='word_1_239' title='bbox 3144 1647 3236 1698; x_wconf 74' lang='grc' dir='ltr'><strong>ἐπὶ</strong></span> <span class='ocrx_word' id='word_1_240' title='bbox 3252 1646 3346 1716; x_wconf 76' lang='grc' dir='ltr'>τῆς</span> <span class='ocrx_word' id='word_1_241' title='bbox 3372 1663 3533 1716; x_wconf 80' lang='grc' dir='ltr'>κορυ-</span> 
     </span>
    </p>
   </div>
   <div class='ocr_carea' id='block_1_31' title="bbox 286 1734 1871 1820">
    <p class='ocr_par' dir='ltr' id='par_1_31' title="bbox 286 1739 1862 1820">
     <span class='ocr_line' id='line_1_31' title="bbox 286 1739 1862 1820; baseline -0.008 -14"><span class='ocrx_word' id='word_1_242' title='bbox 286 1751 390 1806; x_wconf 82' lang='lat' dir='ltr'><strong>Lus</strong></span> <span class='ocrx_word' id='word_1_243' title='bbox 417 1749 584 1820; x_wconf 89' lang='lat' dir='ltr'><strong>probe</strong></span> <span class='ocrx_word' id='word_1_244' title='bbox 641 1748 957 1808; x_wconf 86' lang='lat' dir='ltr'><strong>intellectis,</strong></span> <span class='ocrx_word' id='word_1_245' title='bbox 1011 1746 1360 1815; x_wconf 87' lang='lat' dir='ltr'><strong>perspicuum</strong></span> <span class='ocrx_word' id='word_1_246' title='bbox 1401 1749 1486 1798; x_wconf 92' lang='lat' dir='ltr'><strong>est</strong></span> <span class='ocrx_word' id='word_1_247' title='bbox 1534 1742 1699 1796; x_wconf 88' lang='lat' dir='ltr'><strong>totius</strong></span> <span class='ocrx_word' id='word_1_248' title='bbox 1742 1739 1862 1809; x_wconf 88' lang='lat' dir='ltr'><strong>ejus</strong></span> 
     </span>
    </p>
   </div>
   <div class='ocr_carea' id='block_1_32' title="bbox 1975 1734 3533 1820">
    <p class='ocr_par' dir='ltr' id='par_1_32' title="bbox 1975 1734 3533 1808">
     <span class='ocr_line' id='line_1_32' title="bbox 1975 1734 3533 1808; baseline -0.001 -19"><span class='ocrx_word' id='word_1_249' title='bbox 1975 1738 2068 1808; x_wconf 61' lang='grc' dir='ltr'><strong>φῆς</strong></span> <span class='ocrx_word' id='word_1_250' title='bbox 2089 1737 2421 1808; x_wconf 80' lang='grc' dir='ltr'>ὲρήρεισται,</span> <span class='ocrx_word' id='word_1_251' title='bbox 2469 1736 2566 1805; x_wconf 80' lang='grc' dir='ltr'><strong>τὴν</strong></span> <span class='ocrx_word' id='word_1_252' title='bbox 2600 1736 2772 1806; x_wconf 82' lang='grc' dir='ltr'>ἄκραν</span> <span class='ocrx_word' id='word_1_253' title='bbox 2806 1735 3107 1805; x_wconf 78' lang='grc' dir='ltr'>κατέχουσα</span> <span class='ocrx_word' id='word_1_254' title='bbox 3139 1734 3232 1787; x_wconf 78' lang='grc' dir='ltr'><strong>τοῦ</strong></span> <span class='ocrx_word' id='word_1_255' title='bbox 3265 1735 3420 1805; x_wconf 83' lang='grc' dir='ltr'>ὅρους</span> <span class='ocrx_word' id='word_1_256' title='bbox 3440 1735 3533 1788; x_wconf 74' lang='grc' dir='ltr'>τοῦ</span> 
     </span>
    </p>
   </div>
   <div class='ocr_carea' id='block_1_33' title="bbox 288 1833 1866 1903">
    <p class='ocr_par' dir='ltr' id='par_1_33' title="bbox 288 1833 1866 1903">
     <span class='ocr_line' id='line_1_33' title="bbox 288 1833 1866 1903; baseline -0.006 -8"><span class='ocrx_word' id='word_1_257' title='bbox 288 1842 394 1895; x_wconf 80' lang='lat' dir='ltr'><strong>loci</strong></span> <span class='ocrx_word' id='word_1_258' title='bbox 420 1841 560 1894; x_wconf 90' lang='lat' dir='ltr'><strong>hanc</strong></span> <span class='ocrx_word' id='word_1_259' title='bbox 587 1854 709 1893; x_wconf 80' lang='lat' dir='ltr'><strong>esse</strong></span> <span class='ocrx_word' id='word_1_260' title='bbox 744 1839 1068 1893; x_wconf 85' lang='lat' dir='ltr'><strong>sententiam</strong></span> <span class='ocrx_word' id='word_1_261' title='bbox 1099 1856 1111 1891; x_wconf 93' lang='lat'>:</span> <span class='ocrx_word' id='word_1_262' title='bbox 1143 1835 1398 1889; x_wconf 82' lang='lat' dir='ltr'><strong>Diabolus</strong></span> <span class='ocrx_word' id='word_1_263' title='bbox 1430 1833 1656 1903; x_wconf 83' lang='lat' dir='ltr'><strong>maligne</strong></span> <span class='ocrx_word' id='word_1_264' title='bbox 1676 1848 1729 1886; x_wconf 88' lang='lat' dir='ltr'><strong>se</strong></span> <span class='ocrx_word' id='word_1_265' title='bbox 1752 1848 1866 1902; x_wconf 87' lang='lat' dir='ltr'><strong>ges-</strong></span> 
     </span>
    </p>
   </div>
   <div class='ocr_carea' id='block_1_34' title="bbox 289 1923 1862 1996">
    <p class='ocr_par' dir='ltr' id='par_1_34' title="bbox 289 1923 1862 1996">
     <span class='ocr_line' id='line_1_34' title="bbox 289 1923 1862 1996; baseline -0.008 -10"><span class='ocrx_word' id='word_1_266' title='bbox 289 1935 378 1991; x_wconf 79' lang='lat' dir='ltr'><strong>sit.</strong></span> <span class='ocrx_word' id='word_1_267' title='bbox 409 1948 525 1984; x_wconf 88' lang='lat' dir='ltr'><strong>cum</strong></span> <span class='ocrx_word' id='word_1_268' title='bbox 573 1930 702 1984; x_wconf 88' lang='lat' dir='ltr'><strong>vidit</strong></span> <span class='ocrx_word' id='word_1_269' title='bbox 763 1931 986 1981; x_wconf 90' lang='lat' dir='ltr'><strong>multum</strong></span> <span class='ocrx_word' id='word_1_270' title='bbox 1015 1927 1212 1981; x_wconf 80' lang='lat' dir='ltr'><strong>homini</strong></span> <span class='ocrx_word' id='word_1_271' title='bbox 1243 1926 1448 1996; x_wconf 76' lang='lat' dir='ltr'><strong>aﬁluere</strong></span> <span class='ocrx_word' id='word_1_272' title='bbox 1489 1923 1862 1992; x_wconf 84' lang='lat' dir='ltr'><strong>voluptatis....</strong></span> 
     </span>
    </p>
   </div>
   <div class='ocr_carea' id='block_1_35' title="bbox 289 2013 1864 2090">
    <p class='ocr_par' dir='ltr' id='par_1_35' title="bbox 289 2013 1864 2090">
     <span class='ocr_line' id='line_1_35' title="bbox 289 2013 1864 2090; baseline -0.008 -14"><span class='ocrx_word' id='word_1_273' title='bbox 289 2021 492 2076; x_wconf 79' lang='lat' dir='ltr'><strong>Rursus</strong></span> <span class='ocrx_word' id='word_1_274' title='bbox 516 2039 570 2075; x_wconf 88' lang='lat' dir='ltr'><strong>se</strong></span> <span class='ocrx_word' id='word_1_275' title='bbox 607 2021 832 2090; x_wconf 82' lang='lat' dir='ltr'><strong>maligne</strong></span> <span class='ocrx_word' id='word_1_276' title='bbox 859 2021 1039 2089; x_wconf 80' lang='lat' dir='ltr'><strong>gessit,</strong></span> <span class='ocrx_word' id='word_1_277' title='bbox 1069 2035 1186 2071; x_wconf 89' lang='lat' dir='ltr'><strong>cum</strong></span> <span class='ocrx_word' id='word_1_278' title='bbox 1205 2015 1554 2070; x_wconf 84' lang='lat' dir='ltr'><strong>consideravit</strong></span> <span class='ocrx_word' id='word_1_279' title='bbox 1584 2013 1864 2077; x_wconf 85' lang='lat' dir='ltr'><strong>hominem,</strong></span> 
     </span>
    </p>
   </div>
   <div class='ocr_carea' id='block_1_36' title="bbox 289 2103 1870 2181">
    <p class='ocr_par' dir='ltr' id='par_1_36' title="bbox 289 2103 1870 2181">
     <span class='ocr_line' id='line_1_36' title="bbox 289 2103 1870 2181; baseline -0.007 -14"><span class='ocrx_word' id='word_1_280' title='bbox 289 2125 338 2167; x_wconf 90' lang='lat' dir='ltr'><strong>et</strong></span> <span class='ocrx_word' id='word_1_281' title='bbox 367 2130 484 2167; x_wconf 89' lang='lat' dir='ltr'><strong>cum</strong></span> <span class='ocrx_word' id='word_1_282' title='bbox 514 2113 640 2166; x_wconf 86' lang='lat' dir='ltr'><strong>vidit</strong></span> <span class='ocrx_word' id='word_1_283' title='bbox 675 2112 921 2181; x_wconf 79' lang='lat' dir='ltr'><strong>exiguum</strong></span> <span class='ocrx_word' id='word_1_284' title='bbox 956 2111 1052 2162; x_wconf 90' lang='lat' dir='ltr'><strong>hoc</strong></span> <span class='ocrx_word' id='word_1_285' title='bbox 1093 2108 1298 2161; x_wconf 90' lang='lat' dir='ltr'><strong>animal</strong></span> <span class='ocrx_word' id='word_1_286' title='bbox 1331 2125 1363 2160; x_wconf 89' lang='lat' dir='ltr'><strong>a</strong></span> <span class='ocrx_word' id='word_1_287' title='bbox 1405 2106 1631 2160; x_wconf 87' lang='lat' dir='ltr'><strong>Domino</strong></span> <span class='ocrx_word' id='word_1_288' title='bbox 1671 2103 1740 2158; x_wconf 88' lang='lat' dir='ltr'><strong>ad</strong></span> <span class='ocrx_word' id='word_1_289' title='bbox 1771 2121 1870 2157; x_wconf 88' lang='lat' dir='ltr'><strong>an-</strong></span> 
     </span>
    </p>
   </div>
   <div class='ocr_carea' id='block_1_37' title="bbox 288 2197 1869 2275">
    <p class='ocr_par' dir='ltr' id='par_1_37' title="bbox 288 2197 1869 2275">
     <span class='ocr_line' id='line_1_37' title="bbox 288 2197 1869 2275; baseline -0.008 -16"><span class='ocrx_word' id='word_1_290' title='bbox 288 2207 523 2275; x_wconf 87' lang='lat' dir='ltr'><strong>gelorum</strong></span> <span class='ocrx_word' id='word_1_291' title='bbox 554 2204 909 2267; x_wconf 83' lang='lat' dir='ltr'><strong>a’qualilalem</strong></span> <span class='ocrx_word' id='word_1_292' title='bbox 942 2201 1213 2264; x_wconf 87' lang='lat' dir='ltr'><strong>advocari,</strong></span> <span class='ocrx_word' id='word_1_293' title='bbox 1247 2209 1354 2253; x_wconf 85' lang='lat' dir='ltr'><strong>etc.</strong></span> <span class='ocrx_word' id='word_1_294' title='bbox 1381 2197 1522 2266; x_wconf 80' lang='lat' dir='ltr'><strong>Ergo</strong></span> <span class='ocrx_word' id='word_1_295' title='bbox 1550 2203 1869 2251; x_wconf 90' lang='lat' dir='ltr'><strong>erraverunt</strong></span> 
     </span>
    </p>
   </div>
   <div class='ocr_carea' id='block_1_38' title="bbox 291 2286 1872 2366">
    <p class='ocr_par' dir='ltr' id='par_1_38' title="bbox 291 2286 1872 2366">
     <span class='ocr_line' id='line_1_38' title="bbox 291 2286 1872 2366; baseline -0.004 -18"><span class='ocrx_word' id='word_1_296' title='bbox 291 2297 532 2366; x_wconf 86' lang='lat' dir='ltr'><strong>quidem,</strong></span> <span class='ocrx_word' id='word_1_297' title='bbox 585 2296 677 2364; x_wconf 91' lang='lat' dir='ltr'><strong>qui</strong></span> <span class='ocrx_word' id='word_1_298' title='bbox 723 2295 809 2347; x_wconf 90' lang='lat' dir='ltr'><strong>hic</strong></span> <span class='ocrx_word' id='word_1_299' title='bbox 838 2293 1043 2361; x_wconf 88' lang='lat' dir='ltr'><strong>aliquid</strong></span> <span class='ocrx_word' id='word_1_300' title='bbox 1070 2308 1098 2344; x_wconf 91' lang='lat' dir='ltr'><strong>a</strong></span> <span class='ocrx_word' id='word_1_301' title='bbox 1137 2291 1377 2345; x_wconf 90' lang='lat' dir='ltr'><strong>librariis</strong></span> <span class='ocrx_word' id='word_1_302' title='bbox 1402 2289 1666 2342; x_wconf 88' lang='lat' dir='ltr'><strong>omissum</strong></span> <span class='ocrx_word' id='word_1_303' title='bbox 1701 2286 1872 2342; x_wconf 88' lang='lat' dir='ltr'><strong>fuisse</strong></span> 
     </span>
    </p>
   </div>
   <div class='ocr_carea' id='block_1_39' title="bbox 293 2374 1871 2445">
    <p class='ocr_par' dir='ltr' id='par_1_39' title="bbox 293 2374 1871 2445">
     <span class='ocr_line' id='line_1_39' title="bbox 293 2374 1871 2445; baseline -0.003 -11"><span class='ocrx_word' id='word_1_304' title='bbox 293 2381 539 2434; x_wconf 85' lang='lat' dir='ltr'><strong>arbitrati</strong></span> <span class='ocrx_word' id='word_1_305' title='bbox 558 2387 685 2434; x_wconf 88' lang='lat' dir='ltr'><strong>sunt</strong></span> <span class='ocrx_word' id='word_1_306' title='bbox 715 2395 727 2430; x_wconf 86' lang='lat'><strong>:</strong></span> <span class='ocrx_word' id='word_1_307' title='bbox 752 2380 847 2433; x_wconf 91' lang='lat' dir='ltr'><strong>sed</strong></span> <span class='ocrx_word' id='word_1_308' title='bbox 875 2394 969 2433; x_wconf 91' lang='lat' dir='ltr'><strong>eos</strong></span> <span class='ocrx_word' id='word_1_309' title='bbox 995 2379 1166 2432; x_wconf 83' lang='lat' dir='ltr'><strong>multo</strong></span> <span class='ocrx_word' id='word_1_310' title='bbox 1185 2378 1367 2432; x_wconf 92' lang='lat' dir='ltr'><strong>minus</strong></span> <span class='ocrx_word' id='word_1_311' title='bbox 1395 2374 1871 2445; x_wconf 85' lang='lat' dir='ltr'><strong>reprehendendos</strong></span> 
     </span>
    </p>
   </div>
   <div class='ocr_carea' id='block_1_40' title="bbox 291 2465 1872 2541">
    <p class='ocr_par' dir='ltr' id='par_1_40' title="bbox 291 2465 1872 2541">
     <span class='ocr_line' id='line_1_40' title="bbox 291 2465 1872 2541; baseline -0.006 -15"><span class='ocrx_word' id='word_1_312' title='bbox 291 2487 414 2527; x_wconf 75' lang='lat' dir='ltr'><strong>esse</strong></span> <span class='ocrx_word' id='word_1_313' title='bbox 443 2471 650 2541; x_wconf 78' lang='lat' dir='ltr'><strong>judico,</strong></span> <span class='ocrx_word' id='word_1_314' title='bbox 683 2485 842 2540; x_wconf 88' lang='lat' dir='ltr'><strong>quam</strong></span> <span class='ocrx_word' id='word_1_315' title='bbox 863 2469 1186 2538; x_wconf 85' lang='lat' dir='ltr'><strong>scriptorem</strong></span> <span class='ocrx_word' id='word_1_316' title='bbox 1215 2468 1416 2538; x_wconf 88' lang='lat' dir='ltr'><strong>ipsum,</strong></span> <span class='ocrx_word' id='word_1_317' title='bbox 1451 2471 1545 2534; x_wconf 85' lang='lat' dir='ltr'><strong>qui</strong></span> <span class='ocrx_word' id='word_1_318' title='bbox 1568 2465 1713 2536; x_wconf 85' lang='lat' dir='ltr'><strong>quod</strong></span> <span class='ocrx_word' id='word_1_319' title='bbox 1731 2465 1872 2518; x_wconf 90' lang='lat' dir='ltr'><strong>male</strong></span> 
     </span>
    </p>
   </div>
   <div class='ocr_carea' id='block_1_41' title="bbox 293 2555 1872 2624">
    <p class='ocr_par' dir='ltr' id='par_1_41' title="bbox 293 2555 1872 2624">
     <span class='ocr_line' id='line_1_41' title="bbox 293 2555 1872 2624; baseline -0.003 -8"><span class='ocrx_word' id='word_1_320' title='bbox 293 2564 505 2617; x_wconf 87' lang='lat' dir='ltr'><strong>locutus</strong></span> <span class='ocrx_word' id='word_1_321' title='bbox 568 2568 686 2624; x_wconf 90' lang='lat' dir='ltr'><strong>est,</strong></span> <span class='ocrx_word' id='word_1_322' title='bbox 747 2559 967 2614; x_wconf 89' lang='lat' dir='ltr'><strong>errandi</strong></span> <span class='ocrx_word' id='word_1_323' title='bbox 1020 2560 1368 2614; x_wconf 84' lang='lat' dir='ltr'><strong>occasionem</strong></span> <span class='ocrx_word' id='word_1_324' title='bbox 1413 2557 1584 2612; x_wconf 88' lang='lat' dir='ltr'><strong>dedit.</strong></span> <span class='ocrx_word' id='word_1_325' title='bbox 1639 2555 1750 2611; x_wconf 87' lang='lat' dir='ltr'><strong>Nec</strong></span> <span class='ocrx_word' id='word_1_326' title='bbox 1798 2559 1872 2611; x_wconf 88' lang='lat' dir='ltr'><strong>ita</strong></span> 
     </span>
    </p>
   </div>
   <div class='ocr_carea' id='block_1_42' title="bbox 292 2649 1873 2721">
    <p class='ocr_par' dir='ltr' id='par_1_42' title="bbox 292 2649 1873 2721">
     <span class='ocr_line' id='line_1_42' title="bbox 292 2649 1873 2721; baseline -0.002 -14"><span class='ocrx_word' id='word_1_327' title='bbox 292 2653 465 2709; x_wconf 84' lang='lat' dir='ltr'><strong>multo</strong></span> <span class='ocrx_word' id='word_1_328' title='bbox 493 2652 637 2707; x_wconf 87' lang='lat' dir='ltr'><strong>infra</strong></span> <span class='ocrx_word' id='word_1_329' title='bbox 680 2667 806 2706; x_wconf 91' lang='lat' dir='ltr'><strong>cum</strong></span> <span class='ocrx_word' id='word_1_330' title='bbox 860 2659 1051 2706; x_wconf 89' lang='lat' dir='ltr'><strong>auctor</strong></span> <span class='ocrx_word' id='word_1_331' title='bbox 1085 2651 1476 2721; x_wconf 86' lang='lat' dir='ltr'><strong>pantherarum</strong></span> <span class='ocrx_word' id='word_1_332' title='bbox 1529 2649 1582 2702; x_wconf 90' lang='lat' dir='ltr'><strong>in</strong></span> <span class='ocrx_word' id='word_1_333' title='bbox 1627 2649 1873 2704; x_wconf 86' lang='lat' dir='ltr'><strong>homines</strong></span> 
     </span>
    </p>
   </div>
   <div class='ocr_carea' id='block_1_43' title="bbox 292 2738 1870 2808">
    <p class='ocr_par' dir='ltr' id='par_1_43' title="bbox 292 2738 1870 2808">
     <span class='ocr_line' id='line_1_43' title="bbox 292 2738 1870 2808; baseline -0.004 -9"><span class='ocrx_word' id='word_1_334' title='bbox 292 2746 478 2799; x_wconf 90' lang='lat' dir='ltr'><strong>odium</strong></span> <span class='ocrx_word' id='word_1_335' title='bbox 528 2743 841 2797; x_wconf 85' lang='lat' dir='ltr'><strong>describere</strong></span> <span class='ocrx_word' id='word_1_336' title='bbox 868 2742 1048 2804; x_wconf 89' lang='lat' dir='ltr'><strong>vellet,</strong></span> <span class='ocrx_word' id='word_1_337' title='bbox 1085 2742 1171 2795; x_wconf 92' lang='lat' dir='ltr'><strong>his</strong></span> <span class='ocrx_word' id='word_1_338' title='bbox 1202 2741 1386 2793; x_wconf 85' lang='lat' dir='ltr'><strong>verbis</strong></span> <span class='ocrx_word' id='word_1_339' title='bbox 1429 2754 1568 2793; x_wconf 88' lang='lat' dir='ltr'><strong>usus</strong></span> <span class='ocrx_word' id='word_1_340' title='bbox 1611 2748 1696 2792; x_wconf 79' lang='lat' dir='ltr'><strong>est</strong></span> <span class='ocrx_word' id='word_1_341' title='bbox 1725 2738 1870 2808; x_wconf 85' lang='lat' dir='ltr'><strong>(pag.</strong></span> 
     </span>
    </p>
   </div>
   <div class='ocr_carea' id='block_1_44' title="bbox 293 2827 1874 2904">
    <p class='ocr_par' dir='ltr' id='par_1_44' title="bbox 293 2827 1874 2904">
     <span class='ocr_line' id='line_1_44' title="bbox 293 2827 1874 2904; baseline -0.004 -16"><span class='ocrx_word' id='word_1_342' title='bbox 293 2833 466 2904; x_wconf 80' lang='lat'><strong>595):</strong></span> <span class='ocrx_word' id='word_1_343' title='bbox 504 2832 658 2886; x_wconf 80' lang='grc' dir='ltr'>Εἶδον</span> <span class='ocrx_word' id='word_1_344' title='bbox 685 2832 796 2901; x_wconf 77' lang='grc' dir='ltr'><strong>ἐγὼ</strong></span> <span class='ocrx_word' id='word_1_345' title='bbox 838 2831 909 2884; x_wconf 82' lang='grc' dir='ltr'>τὰ</span> <span class='ocrx_word' id='word_1_346' title='bbox 949 2831 1436 2903; x_wconf 79' lang='grc' dir='ltr'>μισανθρωπότατα</span> <span class='ocrx_word' id='word_1_347' title='bbox 1476 2829 1584 2882; x_wconf 80' lang='grc' dir='ltr'><strong>τῶν</strong></span> <span class='ocrx_word' id='word_1_348' title='bbox 1620 2827 1772 2892; x_wconf 79' lang='grc' dir='ltr'><strong>ζώων</strong></span> <span class='ocrx_word' id='word_1_349' title='bbox 1817 2830 1874 2881; x_wconf 84' lang='grc' dir='ltr'>ἐν</span> 
     </span>
    </p>
   </div>
   <div class='ocr_carea' id='block_1_45' title="bbox 293 2917 1877 2993">
    <p class='ocr_par' dir='ltr' id='par_1_45' title="bbox 293 2917 1877 2993">
     <span class='ocr_line' id='line_1_45' title="bbox 293 2917 1877 2993; baseline -0.006 -14"><span class='ocrx_word' id='word_1_350' title='bbox 293 2928 408 2988; x_wconf 82' lang='grc' dir='ltr'>τοῖς</span> <span class='ocrx_word' id='word_1_351' title='bbox 431 2924 663 2987; x_wconf 84' lang='grc' dir='ltr'>σταδίοις</span> <span class='ocrx_word' id='word_1_352' title='bbox 685 2922 965 2985; x_wconf 80' lang='grc' dir='ltr'>πολλάκις,</span> <span class='ocrx_word' id='word_1_353' title='bbox 988 2923 1020 2993; x_wconf 83' lang='grc' dir='ltr'>ἢ</span> <span class='ocrx_word' id='word_1_354' title='bbox 1045 2917 1182 2974; x_wconf 81' lang='grc' dir='ltr'>εἶδον</span> <span class='ocrx_word' id='word_1_355' title='bbox 1203 2921 1235 2991; x_wconf 86' lang='grc' dir='ltr'>ἢ</span> <span class='ocrx_word' id='word_1_356' title='bbox 1261 2921 1468 2990; x_wconf 73' lang='grc' dir='ltr'>ἥκουσα</span> <span class='ocrx_word' id='word_1_357' title='bbox 1485 2917 1560 2989; x_wconf 85' lang='lat' dir='ltr'><strong>(a)</strong></span> <span class='ocrx_word' id='word_1_358' title='bbox 1582 2935 1595 2948; x_wconf 85' lang='lat'><strong><em>°</em></strong></span> <span class='ocrx_word' id='word_1_359' title='bbox 1629 2917 1877 2989; x_wconf 78' lang='grc' dir='ltr'>ἀσφαλὴς</span> 
     </span>
    </p>
   </div>
   <div class='ocr_carea' id='block_1_46' title="bbox 295 3010 1875 3090">
    <p class='ocr_par' dir='ltr' id='par_1_46' title="bbox 295 3010 1875 3090">
     <span class='ocr_line' id='line_1_46' title="bbox 295 3010 1875 3090; baseline -0.004 -19"><span class='ocrx_word' id='word_1_360' title='bbox 295 3018 405 3090; x_wconf 80' lang='grc' dir='ltr'><strong>γὰρ</strong></span> <span class='ocrx_word' id='word_1_361' title='bbox 427 3017 568 3070; x_wconf 81' lang='grc' dir='ltr'>ἔστω</span> <span class='ocrx_word' id='word_1_362' title='bbox 596 3015 815 3084; x_wconf 80' lang='grc' dir='ltr'>ὁλόγος.</span> <span class='ocrx_word' id='word_1_363' title='bbox 849 3013 968 3068; x_wconf 87' lang='lat' dir='ltr'><strong>Vidi</strong></span> <span class='ocrx_word' id='word_1_364' title='bbox 991 3031 1081 3084; x_wconf 86' lang='lat' dir='ltr'><strong>ego</strong></span> <span class='ocrx_word' id='word_1_365' title='bbox 1101 3029 1235 3081; x_wconf 69' lang='lat' dir='ltr'><strong>sa’pe</strong></span> <span class='ocrx_word' id='word_1_366' title='bbox 1251 3013 1305 3066; x_wconf 89' lang='lat' dir='ltr'><strong>in</strong></span> <span class='ocrx_word' id='word_1_367' title='bbox 1323 3011 1510 3065; x_wconf 88' lang='lat' dir='ltr'><strong>stadiis</strong></span> <span class='ocrx_word' id='word_1_368' title='bbox 1529 3010 1875 3080; x_wconf 77' lang='lat' dir='ltr'><strong>infestissima</strong></span> 
     </span>
    </p>
   </div>
   <div class='ocr_carea' id='block_1_47' title="bbox 298 3102 1870 3169">
    <p class='ocr_par' dir='ltr' id='par_1_47' title="bbox 298 3102 1870 3169">
     <span class='ocr_line' id='line_1_47' title="bbox 298 3102 1870 3169; baseline -0.005 -6"><span class='ocrx_word' id='word_1_369' title='bbox 298 3109 496 3164; x_wconf 73' lang='lat' dir='ltr'><strong>homini</strong></span> <span class='ocrx_word' id='word_1_370' title='bbox 557 3107 836 3169; x_wconf 83' lang='lat' dir='ltr'><strong>animalia,</strong></span> <span class='ocrx_word' id='word_1_371' title='bbox 867 3114 957 3158; x_wconf 91' lang='lat' dir='ltr'><strong>aut</strong></span> <span class='ocrx_word' id='word_1_372' title='bbox 988 3103 1116 3168; x_wconf 90' lang='lat' dir='ltr'><strong>vidi,</strong></span> <span class='ocrx_word' id='word_1_373' title='bbox 1167 3113 1257 3157; x_wconf 91' lang='lat' dir='ltr'><strong>aut</strong></span> <span class='ocrx_word' id='word_1_374' title='bbox 1301 3102 1478 3156; x_wconf 87' lang='lat' dir='ltr'><strong>audivi</strong></span> <span class='ocrx_word' id='word_1_375' title='bbox 1507 3119 1523 3156; x_wconf 92' lang='lat'><strong><em>:</em></strong></span> <span class='ocrx_word' id='word_1_376' title='bbox 1549 3113 1691 3156; x_wconf 86' lang='lat' dir='ltr'><strong>tutus</strong></span> <span class='ocrx_word' id='word_1_377' title='bbox 1733 3104 1870 3156; x_wconf 90' lang='lat' dir='ltr'><strong>enim</strong></span> 
     </span>
    </p>
   </div>
   <div class='ocr_carea' id='block_1_48' title="bbox 299 3193 1871 3264">
    <p class='ocr_par' dir='ltr' id='par_1_48' title="bbox 299 3193 1871 3264">
     <span class='ocr_line' id='line_1_48' title="bbox 299 3193 1871 3264; baseline -0.004 -9"><span class='ocrx_word' id='word_1_378' title='bbox 299 3202 368 3255; x_wconf 88' lang='lat' dir='ltr'><strong>sit</strong></span> <span class='ocrx_word' id='word_1_379' title='bbox 393 3199 540 3253; x_wconf 90' lang='lat' dir='ltr'><strong>nobis</strong></span> <span class='ocrx_word' id='word_1_380' title='bbox 565 3215 758 3253; x_wconf 83' lang='lat' dir='ltr'><strong>sermo.</strong></span> <span class='ocrx_word' id='word_1_381' title='bbox 792 3197 1032 3250; x_wconf 84' lang='lat' dir='ltr'><strong>Primum</strong></span> <span class='ocrx_word' id='word_1_382' title='bbox 1058 3196 1295 3264; x_wconf 82' lang='lat' dir='ltr'><strong>scriptor</strong></span> <span class='ocrx_word' id='word_1_383' title='bbox 1316 3194 1393 3248; x_wconf 88' lang='lat' dir='ltr'><strong>ait</strong></span> <span class='ocrx_word' id='word_1_384' title='bbox 1413 3195 1614 3249; x_wconf 87' lang='lat' dir='ltr'><strong>vidisse</strong></span> <span class='ocrx_word' id='word_1_385' title='bbox 1645 3211 1703 3248; x_wconf 91' lang='lat' dir='ltr'><strong>se</strong></span> <span class='ocrx_word' id='word_1_386' title='bbox 1735 3210 1747 3244; x_wconf 89' lang='lat'>:</span> <span class='ocrx_word' id='word_1_387' title='bbox 1775 3193 1871 3248; x_wconf 84' lang='lat' dir='ltr'><strong>sed</strong></span> 
     </span>
    </p>
   </div>
   <div class='ocr_carea' id='block_1_49' title="bbox 299 3286 1870 3363">
    <p class='ocr_par' dir='ltr' id='par_1_49' title="bbox 299 3286 1870 3363">
     <span class='ocr_line' id='line_1_49' title="bbox 299 3286 1870 3363; baseline -0.003 -19"><span class='ocrx_word' id='word_1_388' title='bbox 299 3291 459 3363; x_wconf 89' lang='lat' dir='ltr'><strong>quasi</strong></span> <span class='ocrx_word' id='word_1_389' title='bbox 484 3291 748 3360; x_wconf 81' lang='lat' dir='ltr'><strong>religione</strong></span> <span class='ocrx_word' id='word_1_390' title='bbox 799 3297 998 3351; x_wconf 92' lang='lat' dir='ltr'><strong>tactus,</strong></span> <span class='ocrx_word' id='word_1_391' title='bbox 1029 3286 1214 3341; x_wconf 88' lang='lat' dir='ltr'><strong>statim</strong></span> <span class='ocrx_word' id='word_1_392' title='bbox 1260 3287 1410 3340; x_wconf 89' lang='lat' dir='ltr'><strong>addit</strong></span> <span class='ocrx_word' id='word_1_393' title='bbox 1437 3301 1496 3341; x_wconf 88' lang='lat' dir='ltr'><strong>se</strong></span> <span class='ocrx_word' id='word_1_394' title='bbox 1525 3293 1617 3339; x_wconf 89' lang='lat' dir='ltr'><strong>aut</strong></span> <span class='ocrx_word' id='word_1_395' title='bbox 1645 3286 1870 3348; x_wconf 89' lang='lat' dir='ltr'><strong>vidisse,</strong></span> 
     </span>
    </p>
   </div>
   <div class='ocr_carea' id='block_1_50' title="bbox 302 3375 1872 3446">
    <p class='ocr_par' dir='ltr' id='par_1_50' title="bbox 302 3375 1872 3446">
     <span class='ocr_line' id='line_1_50' title="bbox 302 3375 1872 3446; baseline -0.006 -10"><span class='ocrx_word' id='word_1_396' title='bbox 302 3390 395 3436; x_wconf 88' lang='lat' dir='ltr'><strong>aut</strong></span> <span class='ocrx_word' id='word_1_397' title='bbox 425 3381 720 3434; x_wconf 87' lang='lat' dir='ltr'><strong>audivisse.</strong></span> <span class='ocrx_word' id='word_1_398' title='bbox 755 3381 833 3431; x_wconf 90' lang='lat' dir='ltr'><strong>lta</strong></span> <span class='ocrx_word' id='word_1_399' title='bbox 889 3387 1069 3432; x_wconf 90' lang='lat' dir='ltr'><strong>autem</strong></span> <span class='ocrx_word' id='word_1_400' title='bbox 1099 3377 1270 3446; x_wconf 88' lang='lat' dir='ltr'><strong>loqui,</strong></span> <span class='ocrx_word' id='word_1_401' title='bbox 1292 3385 1350 3431; x_wconf 91' lang='lat' dir='ltr'><strong>ut</strong></span> <span class='ocrx_word' id='word_1_402' title='bbox 1381 3377 1514 3430; x_wconf 90' lang='lat' dir='ltr'><strong>mihi</strong></span> <span class='ocrx_word' id='word_1_403' title='bbox 1543 3375 1759 3446; x_wconf 87' lang='lat' dir='ltr'><strong>quidem</strong></span> <span class='ocrx_word' id='word_1_404' title='bbox 1790 3375 1872 3428; x_wconf 91' lang='lat' dir='ltr'><strong>vi-</strong></span> 
     </span>
    </p>
   </div>
   <div class='ocr_carea' id='block_1_51' title="bbox 303 3467 1874 3540">
    <p class='ocr_par' dir='ltr' id='par_1_51' title="bbox 303 3467 1874 3540">
     <span class='ocr_line' id='line_1_51' title="bbox 303 3467 1874 3540; baseline -0.003 -13"><span class='ocrx_word' id='word_1_405' title='bbox 303 3473 484 3537; x_wconf 90' lang='lat' dir='ltr'><strong>detur,</strong></span> <span class='ocrx_word' id='word_1_406' title='bbox 530 3473 650 3540; x_wconf 86' lang='lat' dir='ltr'><strong>ejus</strong></span> <span class='ocrx_word' id='word_1_407' title='bbox 709 3479 828 3534; x_wconf 88' lang='lat' dir='ltr'><strong>est,</strong></span> <span class='ocrx_word' id='word_1_408' title='bbox 868 3471 963 3540; x_wconf 90' lang='lat' dir='ltr'><strong>qui</strong></span> <span class='ocrx_word' id='word_1_409' title='bbox 1015 3471 1069 3523; x_wconf 90' lang='lat' dir='ltr'><strong>in</strong></span> <span class='ocrx_word' id='word_1_410' title='bbox 1132 3469 1358 3538; x_wconf 84' lang='lat' dir='ltr'><strong>privatis</strong></span> <span class='ocrx_word' id='word_1_411' title='bbox 1407 3483 1470 3522; x_wconf 90' lang='lat' dir='ltr'><strong>ac</strong></span> <span class='ocrx_word' id='word_1_412' title='bbox 1517 3467 1874 3522; x_wconf 78' lang='lat' dir='ltr'><strong>familiaribus</strong></span> 
     </span>
    </p>
   </div>
   <div class='ocr_carea' id='block_1_52' title="bbox 304 3559 1873 3634">
    <p class='ocr_par' dir='ltr' id='par_1_52' title="bbox 304 3559 1873 3634">
     <span class='ocr_line' id='line_1_52' title="bbox 304 3559 1873 3634; baseline -0.003 -15"><span class='ocrx_word' id='word_1_413' title='bbox 304 3564 590 3634; x_wconf 88' lang='lat' dir='ltr'><strong>colloquiis</strong></span> <span class='ocrx_word' id='word_1_414' title='bbox 641 3575 854 3632; x_wconf 88' lang='lat' dir='ltr'><strong>tempus</strong></span> <span class='ocrx_word' id='word_1_415' title='bbox 887 3561 1128 3630; x_wconf 88' lang='lat' dir='ltr'><strong>jucunde</strong></span> <span class='ocrx_word' id='word_1_416' title='bbox 1177 3567 1351 3615; x_wconf 91' lang='lat' dir='ltr'><strong>terere</strong></span> <span class='ocrx_word' id='word_1_417' title='bbox 1390 3561 1560 3629; x_wconf 88' lang='lat' dir='ltr'><strong>cupit,</strong></span> <span class='ocrx_word' id='word_1_418' title='bbox 1588 3576 1694 3612; x_wconf 90' lang='lat' dir='ltr'><strong>non</strong></span> <span class='ocrx_word' id='word_1_419' title='bbox 1732 3559 1873 3628; x_wconf 87' lang='lat' dir='ltr'><strong>ejus,</strong></span> 
     </span>
    </p>
   </div>
   <div class='ocr_carea' id='block_1_53' title="bbox 305 3650 1877 3726">
    <p class='ocr_par' dir='ltr' id='par_1_53' title="bbox 305 3650 1877 3726">
     <span class='ocr_line' id='line_1_53' title="bbox 305 3650 1877 3726; baseline -0.003 -16"><span class='ocrx_word' id='word_1_420' title='bbox 305 3658 400 3726; x_wconf 87' lang='lat' dir='ltr'><strong>qui</strong></span> <span class='ocrx_word' id='word_1_421' title='bbox 436 3656 706 3726; x_wconf 90' lang='lat' dir='ltr'><strong>publicam</strong></span> <span class='ocrx_word' id='word_1_422' title='bbox 761 3654 1082 3708; x_wconf 84' lang='lat' dir='ltr'><strong>concionem</strong></span> <span class='ocrx_word' id='word_1_423' title='bbox 1126 3650 1194 3705; x_wconf 89' lang='lat' dir='ltr'><strong>ad</strong></span> <span class='ocrx_word' id='word_1_424' title='bbox 1227 3652 1486 3721; x_wconf 87' lang='lat' dir='ltr'><strong>populum</strong></span> <span class='ocrx_word' id='word_1_425' title='bbox 1521 3651 1703 3706; x_wconf 85' lang='lat' dir='ltr'><strong>habet.</strong></span> <span class='ocrx_word' id='word_1_426' title='bbox 1735 3650 1877 3705; x_wconf 72' lang='lat' dir='ltr'><strong>Prm-</strong></span> 
     </span>
    </p>
   </div>
   <div class='ocr_carea' id='block_1_54' title="bbox 304 3744 1876 3818">
    <p class='ocr_par' dir='ltr' id='par_1_54' title="bbox 304 3744 1876 3818">
     <span class='ocr_line' id='line_1_54' title="bbox 304 3744 1876 3818; baseline -0.004 -15"><span class='ocrx_word' id='word_1_427' title='bbox 304 3759 454 3804; x_wconf 88' lang='lat' dir='ltr'><strong>terea</strong></span> <span class='ocrx_word' id='word_1_428' title='bbox 489 3748 583 3818; x_wconf 92' lang='lat' dir='ltr'><strong>qui</strong></span> <span class='ocrx_word' id='word_1_429' title='bbox 631 3747 762 3801; x_wconf 85' lang='lat' dir='ltr'><strong>dicit</strong></span> <span class='ocrx_word' id='word_1_430' title='bbox 811 3763 869 3802; x_wconf 89' lang='lat' dir='ltr'><strong>se</strong></span> <span class='ocrx_word' id='word_1_431' title='bbox 917 3745 1120 3816; x_wconf 90' lang='lat' dir='ltr'><strong>aliquid</strong></span> <span class='ocrx_word' id='word_1_432' title='bbox 1156 3759 1298 3814; x_wconf 82' lang='lat' dir='ltr'><strong>saepe</strong></span> <span class='ocrx_word' id='word_1_433' title='bbox 1346 3745 1569 3803; x_wconf 87' lang='lat' dir='ltr'><strong>vidisse.</strong></span> <span class='ocrx_word' id='word_1_434' title='bbox 1606 3744 1876 3814; x_wconf 87' lang='lat' dir='ltr'><strong>quomodo</strong></span> 
     </span>
    </p>
   </div>
   <div class='ocr_carea' id='block_1_55' title="bbox 307 3834 1875 3908">
    <p class='ocr_par' dir='ltr' id='par_1_55' title="bbox 307 3834 1875 3908">
     <span class='ocr_line' id='line_1_55' title="bbox 307 3834 1875 3908; baseline -0.002 -17"><span class='ocrx_word' id='word_1_435' title='bbox 307 3838 490 3904; x_wconf 77' lang='lat' dir='ltr'><strong>dicere</strong></span> <span class='ocrx_word' id='word_1_436' title='bbox 541 3845 744 3908; x_wconf 88' lang='lat' dir='ltr'><strong>potest,</strong></span> <span class='ocrx_word' id='word_1_437' title='bbox 780 3852 839 3891; x_wconf 86' lang='lat' dir='ltr'><strong>se</strong></span> <span class='ocrx_word' id='word_1_438' title='bbox 897 3843 990 3889; x_wconf 90' lang='lat' dir='ltr'><strong>aut</strong></span> <span class='ocrx_word' id='word_1_439' title='bbox 1019 3835 1248 3898; x_wconf 88' lang='lat' dir='ltr'><strong>vidisse,</strong></span> <span class='ocrx_word' id='word_1_440' title='bbox 1284 3842 1378 3889; x_wconf 89' lang='lat' dir='ltr'><strong>aut</strong></span> <span class='ocrx_word' id='word_1_441' title='bbox 1405 3834 1875 3890; x_wconf 81' lang='lat' dir='ltr'><strong>audivisse?Nam</strong></span> 
     </span>
    </p>
   </div>
   <div class='ocr_carea' id='block_1_56' title="bbox 309 3925 1876 3997">
    <p class='ocr_par' dir='ltr' id='par_1_56' title="bbox 309 3925 1876 3997">
     <span class='ocr_line' id='line_1_56' title="bbox 309 3925 1876 3997; baseline -0.003 -15"><span class='ocrx_word' id='word_1_442' title='bbox 309 3927 427 3982; x_wconf 82' lang='lat' dir='ltr'><strong>ﬁeri</strong></span> <span class='ocrx_word' id='word_1_443' title='bbox 481 3936 662 3997; x_wconf 84' lang='lat' dir='ltr'><strong>potest</strong></span> <span class='ocrx_word' id='word_1_444' title='bbox 715 3927 931 3996; x_wconf 88' lang='lat' dir='ltr'><strong>quidem</strong></span> <span class='ocrx_word' id='word_1_445' title='bbox 978 3925 1292 3995; x_wconf 84' lang='lat' dir='ltr'><strong>aliquando,</strong></span> <span class='ocrx_word' id='word_1_446' title='bbox 1336 3936 1396 3978; x_wconf 91' lang='lat' dir='ltr'><strong>ut</strong></span> <span class='ocrx_word' id='word_1_447' title='bbox 1426 3925 1472 3980; x_wconf 93' lang='lat' dir='ltr'><strong>si</strong></span> <span class='ocrx_word' id='word_1_448' title='bbox 1506 3941 1617 3981; x_wconf 84' lang='lat' dir='ltr'><strong>rem</strong></span> <span class='ocrx_word' id='word_1_449' title='bbox 1641 3925 1876 3995; x_wconf 90' lang='lat' dir='ltr'><strong>aliquam</strong></span> 
     </span>
    </p>
   </div>
   <div class='ocr_carea' id='block_1_57' title="bbox 310 4018 1876 4086">
    <p class='ocr_par' dir='ltr' id='par_1_57' title="bbox 310 4018 1876 4086">
     <span class='ocr_line' id='line_1_57' title="bbox 310 4018 1876 4086; baseline -0.001 -12"><span class='ocrx_word' id='word_1_450' title='bbox 310 4020 478 4074; x_wconf 84' lang='lat' dir='ltr'><strong>semel</strong></span> <span class='ocrx_word' id='word_1_451' title='bbox 507 4019 825 4086; x_wconf 88' lang='lat' dir='ltr'><strong>viderimus,</strong></span> <span class='ocrx_word' id='word_1_452' title='bbox 858 4019 1173 4073; x_wconf 87' lang='lat' dir='ltr'><strong>dubitemus</strong></span> <span class='ocrx_word' id='word_1_453' title='bbox 1201 4024 1383 4070; x_wconf 90' lang='lat' dir='ltr'><strong>utrum</strong></span> <span class='ocrx_word' id='word_1_454' title='bbox 1411 4033 1530 4072; x_wconf 91' lang='lat' dir='ltr'><strong>eam</strong></span> <span class='ocrx_word' id='word_1_455' title='bbox 1561 4018 1876 4084; x_wconf 89' lang='lat' dir='ltr'><strong>viderimus,</strong></span> 
     </span>
    </p>
   </div>
   <div class='ocr_carea' id='block_1_58' title="bbox 311 4107 1876 4176">
    <p class='ocr_par' dir='ltr' id='par_1_58' title="bbox 311 4107 1876 4176">
     <span class='ocr_line' id='line_1_58' title="bbox 311 4107 1876 4176; baseline -0.001 -13"><span class='ocrx_word' id='word_1_456' title='bbox 311 4125 382 4163; x_wconf 88' lang='lat' dir='ltr'><strong>an</strong></span> <span class='ocrx_word' id='word_1_457' title='bbox 440 4109 810 4163; x_wconf 88' lang='lat' dir='ltr'><strong>audiverimus</strong></span> <span class='ocrx_word' id='word_1_458' title='bbox 843 4127 855 4161; x_wconf 89' lang='lat'>:</span> <span class='ocrx_word' id='word_1_459' title='bbox 884 4108 978 4162; x_wconf 89' lang='lat' dir='ltr'><strong>sed</strong></span> <span class='ocrx_word' id='word_1_460' title='bbox 1043 4109 1090 4162; x_wconf 91' lang='lat' dir='ltr'><strong>si</strong></span> <span class='ocrx_word' id='word_1_461' title='bbox 1141 4121 1284 4176; x_wconf 83' lang='lat' dir='ltr'><strong>saepe</strong></span> <span class='ocrx_word' id='word_1_462' title='bbox 1327 4107 1530 4176; x_wconf 87' lang='lat' dir='ltr'><strong>aliquid</strong></span> <span class='ocrx_word' id='word_1_463' title='bbox 1556 4107 1876 4174; x_wconf 87' lang='lat' dir='ltr'><strong>viderimus,</strong></span> 
     </span>
    </p>
   </div>
   <div class='ocr_carea' id='block_1_59' title="bbox 311 4200 1879 4270">
    <p class='ocr_par' dir='ltr' id='par_1_59' title="bbox 311 4200 1879 4270">
     <span class='ocr_line' id='line_1_59' title="bbox 311 4200 1879 4270; baseline -0.001 -13"><span class='ocrx_word' id='word_1_464' title='bbox 311 4203 490 4257; x_wconf 91' lang='lat' dir='ltr'><strong>omnis</strong></span> <span class='ocrx_word' id='word_1_465' title='bbox 540 4210 594 4256; x_wconf 87' lang='lat' dir='ltr'><strong>et</strong></span> <span class='ocrx_word' id='word_1_466' title='bbox 644 4201 915 4256; x_wconf 79' lang='lat' dir='ltr'><strong>dubitatio</strong></span> <span class='ocrx_word' id='word_1_467' title='bbox 956 4207 1012 4254; x_wconf 91' lang='lat' dir='ltr'><strong>et</strong></span> <span class='ocrx_word' id='word_1_468' title='bbox 1067 4200 1257 4269; x_wconf 86' lang='lat' dir='ltr'><strong>religio</strong></span> <span class='ocrx_word' id='word_1_469' title='bbox 1297 4200 1526 4265; x_wconf 88' lang='lat' dir='ltr'><strong>tollitur,</strong></span> <span class='ocrx_word' id='word_1_470' title='bbox 1565 4200 1879 4270; x_wconf 88' lang='lat' dir='ltr'><strong>consciique</strong></span> 
     </span>
    </p>
   </div>
   <div class='ocr_carea' id='block_1_60' title="bbox 311 4290 1877 4361">
    <p class='ocr_par' dir='ltr' id='par_1_60' title="bbox 311 4290 1877 4361">
     <span class='ocr_line' id='line_1_60' title="bbox 311 4290 1877 4361; baseline -0.002 -13"><span class='ocrx_word' id='word_1_471' title='bbox 311 4309 502 4348; x_wconf 91' lang='lat' dir='ltr'><strong>sumus</strong></span> <span class='ocrx_word' id='word_1_472' title='bbox 539 4293 717 4357; x_wconf 88' lang='lat' dir='ltr'><strong>nobis,</strong></span> <span class='ocrx_word' id='word_1_473' title='bbox 770 4307 870 4346; x_wconf 89' lang='lat' dir='ltr'><strong>nos</strong></span> <span class='ocrx_word' id='word_1_474' title='bbox 914 4291 966 4345; x_wconf 90' lang='lat' dir='ltr'><strong>id</strong></span> <span class='ocrx_word' id='word_1_475' title='bbox 997 4291 1220 4346; x_wconf 88' lang='lat' dir='ltr'><strong>vidisse.</strong></span> <span class='ocrx_word' id='word_1_476' title='bbox 1266 4290 1460 4345; x_wconf 84' lang='lat' dir='ltr'><strong>Moneo</strong></span> <span class='ocrx_word' id='word_1_477' title='bbox 1520 4292 1718 4346; x_wconf 83' lang='lat' dir='ltr'><strong>alicubi</strong></span> <span class='ocrx_word' id='word_1_478' title='bbox 1768 4292 1877 4361; x_wconf 89' lang='lat' dir='ltr'><strong>(b),</strong></span> 
     </span>
    </p>
   </div>
   <div class='ocr_carea' id='block_1_61' title="bbox 312 4383 1882 4454">
    <p class='ocr_par' dir='ltr' id='par_1_61' title="bbox 312 4383 1882 4454">
     <span class='ocr_line' id='line_1_61' title="bbox 312 4383 1882 4454; baseline 0 -16"><span class='ocrx_word' id='word_1_479' title='bbox 312 4385 454 4438; x_wconf 73' lang='lat' dir='ltr'><strong>hanc</strong></span> <span class='ocrx_word' id='word_1_480' title='bbox 514 4385 729 4438; x_wconf 89' lang='lat' dir='ltr'><strong>dicendi</strong></span> <span class='ocrx_word' id='word_1_481' title='bbox 783 4383 1108 4446; x_wconf 78' lang='lat' dir='ltr'><strong>formulam,</strong></span> <span class='ocrx_word' id='word_1_482' title='bbox 1145 4400 1237 4454; x_wconf 87' lang='lat' dir='ltr'><strong>ego</strong></span> <span class='ocrx_word' id='word_1_483' title='bbox 1276 4384 1408 4448; x_wconf 83' lang='lat' dir='ltr'><strong>vidi,</strong></span> <span class='ocrx_word' id='word_1_484' title='bbox 1435 4401 1526 4454; x_wconf 86' lang='lat' dir='ltr'><strong>ego</strong></span> <span class='ocrx_word' id='word_1_485' title='bbox 1562 4386 1699 4448; x_wconf 88' lang='lat' dir='ltr'><strong>novi,</strong></span> <span class='ocrx_word' id='word_1_486' title='bbox 1734 4385 1882 4438; x_wconf 88' lang='lat' dir='ltr'><strong>fami-</strong></span> 
     </span>
    </p>
   </div>
   <div class='ocr_carea' id='block_1_62' title="bbox 312 4472 1881 4543">
    <p class='ocr_par' dir='ltr' id='par_1_62' title="bbox 312 4472 1881 4543">
     <span class='ocr_line' id='line_1_62' title="bbox 312 4472 1881 4543; baseline -0.001 -15"><span class='ocrx_word' id='word_1_487' title='bbox 312 4474 659 4529; x_wconf 80' lang='lat' dir='ltr'><strong>liarissimam</strong></span> <span class='ocrx_word' id='word_1_488' title='bbox 716 4473 888 4528; x_wconf 89' lang='lat' dir='ltr'><strong>fuisse</strong></span> <span class='ocrx_word' id='word_1_489' title='bbox 938 4472 1142 4526; x_wconf 84' lang='lat' dir='ltr'><strong>Basilio</strong></span> <span class='ocrx_word' id='word_1_490' title='bbox 1199 4473 1412 4543; x_wconf 78' lang='lat' dir='ltr'><strong>Magno,</strong></span> <span class='ocrx_word' id='word_1_491' title='bbox 1457 4473 1526 4527; x_wconf 93' lang='lat' dir='ltr'><strong>ob</strong></span> <span class='ocrx_word' id='word_1_492' title='bbox 1563 4473 1725 4542; x_wconf 87' lang='lat' dir='ltr'><strong>idque</strong></span> <span class='ocrx_word' id='word_1_493' title='bbox 1771 4489 1881 4527; x_wconf 89' lang='lat' dir='ltr'><strong>non</strong></span> 
     </span>
    </p>
   </div>
   <div class='ocr_carea' id='block_1_63' title="bbox 314 4565 1880 4634">
    <p class='ocr_par' dir='ltr' id='par_1_63' title="bbox 314 4565 1880 4634">
     <span class='ocr_line' id='line_1_63' title="bbox 314 4565 1880 4634; baseline 0 -16"><span class='ocrx_word' id='word_1_494' title='bbox 314 4565 470 4620; x_wconf 90' lang='lat' dir='ltr'><strong>valde</strong></span> <span class='ocrx_word' id='word_1_495' title='bbox 492 4565 781 4620; x_wconf 88' lang='lat' dir='ltr'><strong>admodum</strong></span> <span class='ocrx_word' id='word_1_496' title='bbox 813 4565 1023 4627; x_wconf 89' lang='lat' dir='ltr'><strong>dubito,</strong></span> <span class='ocrx_word' id='word_1_497' title='bbox 1049 4565 1182 4634; x_wconf 93' lang='lat' dir='ltr'><strong>quin</strong></span> <span class='ocrx_word' id='word_1_498' title='bbox 1218 4565 1482 4620; x_wconf 91' lang='lat' dir='ltr'><strong>orationis</strong></span> <span class='ocrx_word' id='word_1_499' title='bbox 1517 4574 1728 4632; x_wconf 89' lang='lat' dir='ltr'><strong>auctor,</strong></span> <span class='ocrx_word' id='word_1_500' title='bbox 1757 4580 1880 4619; x_wconf 88' lang='lat' dir='ltr'><strong>cum</strong></span> 
     </span>
    </p>
   </div>
   <div class='ocr_carea' id='block_1_64' title="bbox 315 4655 1883 4726">
    <p class='ocr_par' dir='ltr' id='par_1_64' title="bbox 315 4655 1883 4726">
     <span class='ocr_line' id='line_1_64' title="bbox 315 4655 1883 4726; baseline -0.001 -16"><span class='ocrx_word' id='word_1_501' title='bbox 315 4659 388 4710; x_wconf 89' lang='lat' dir='ltr'><strong>ita</strong></span> <span class='ocrx_word' id='word_1_502' title='bbox 436 4657 653 4711; x_wconf 83' lang='lat' dir='ltr'><strong>locutus</strong></span> <span class='ocrx_word' id='word_1_503' title='bbox 694 4663 779 4711; x_wconf 91' lang='lat' dir='ltr'><strong>est</strong></span> <span class='ocrx_word' id='word_1_504' title='bbox 811 4673 824 4709; x_wconf 88' lang='lat'><strong>:</strong></span> <span class='ocrx_word' id='word_1_505' title='bbox 861 4655 980 4708; x_wconf 79' lang='lat' dir='ltr'><strong>Vidi</strong></span> <span class='ocrx_word' id='word_1_506' title='bbox 1003 4672 1095 4725; x_wconf 87' lang='lat' dir='ltr'><strong>ego</strong></span> <span class='ocrx_word' id='word_1_507' title='bbox 1119 4673 1256 4726; x_wconf 61' lang='lat' dir='ltr'><strong>sa’pc</strong></span> <span class='ocrx_word' id='word_1_508' title='bbox 1283 4657 1341 4709; x_wconf 89' lang='lat' dir='ltr'><strong>in</strong></span> <span class='ocrx_word' id='word_1_509' title='bbox 1383 4657 1594 4719; x_wconf 84' lang='lat' dir='ltr'><strong>stadiis,</strong></span> <span class='ocrx_word' id='word_1_510' title='bbox 1624 4665 1752 4717; x_wconf 88' lang='lat' dir='ltr'><strong>etc.,</strong></span> <span class='ocrx_word' id='word_1_511' title='bbox 1789 4663 1883 4709; x_wconf 91' lang='lat' dir='ltr'><strong>aut</strong></span> 
     </span>
    </p>
   </div>
   <div class='ocr_carea' id='block_1_65' title="bbox 317 4746 1883 4816">
    <p class='ocr_par' dir='ltr' id='par_1_65' title="bbox 317 4746 1883 4816">
     <span class='ocr_line' id='line_1_65' title="bbox 317 4746 1883 4816; baseline -0.001 -16"><span class='ocrx_word' id='word_1_512' title='bbox 317 4746 548 4802; x_wconf 84' lang='lat' dir='ltr'><strong>Basilius</strong></span> <span class='ocrx_word' id='word_1_513' title='bbox 600 4747 738 4816; x_wconf 89' lang='lat' dir='ltr'><strong>ipse,</strong></span> <span class='ocrx_word' id='word_1_514' title='bbox 771 4754 864 4800; x_wconf 88' lang='lat' dir='ltr'><strong>aut</strong></span> <span class='ocrx_word' id='word_1_515' title='bbox 909 4755 1056 4802; x_wconf 89' lang='lat' dir='ltr'><strong>certe</strong></span> <span class='ocrx_word' id='word_1_516' title='bbox 1105 4747 1227 4816; x_wconf 90' lang='lat' dir='ltr'><strong>ejus</strong></span> <span class='ocrx_word' id='word_1_517' title='bbox 1259 4747 1457 4816; x_wconf 90' lang='lat' dir='ltr'><strong>aliquis</strong></span> <span class='ocrx_word' id='word_1_518' title='bbox 1491 4747 1735 4801; x_wconf 90' lang='lat' dir='ltr'><strong>imitator</strong></span> <span class='ocrx_word' id='word_1_519' title='bbox 1767 4747 1883 4801; x_wconf 83' lang='lat' dir='ltr'><strong>exi-</strong></span> 
     </span>
    </p>
   </div>
   <div class='ocr_carea' id='block_1_66' title="bbox 318 4835 1884 4905">
    <p class='ocr_par' dir='ltr' id='par_1_66' title="bbox 318 4835 1884 4905">
     <span class='ocr_line' id='line_1_66' title="bbox 318 4835 1884 4905; baseline -0.001 -16"><span class='ocrx_word' id='word_1_520' title='bbox 318 4836 461 4891; x_wconf 89' lang='lat' dir='ltr'><strong>mius</strong></span> <span class='ocrx_word' id='word_1_521' title='bbox 505 4837 676 4891; x_wconf 90' lang='lat' dir='ltr'><strong>videri</strong></span> <span class='ocrx_word' id='word_1_522' title='bbox 724 4836 960 4891; x_wconf 89' lang='lat' dir='ltr'><strong>voluerit</strong></span> <span class='ocrx_word' id='word_1_523' title='bbox 994 4837 1124 4892; x_wconf 88' lang='lat' dir='ltr'><strong>:sed</strong></span> <span class='ocrx_word' id='word_1_524' title='bbox 1166 4851 1289 4890; x_wconf 93' lang='lat' dir='ltr'><strong>cum</strong></span> <span class='ocrx_word' id='word_1_525' title='bbox 1323 4837 1396 4890; x_wconf 90' lang='lat' dir='ltr'><strong>ita</strong></span> <span class='ocrx_word' id='word_1_526' title='bbox 1423 4835 1664 4890; x_wconf 89' lang='lat' dir='ltr'><strong>futurum</strong></span> <span class='ocrx_word' id='word_1_527' title='bbox 1695 4851 1884 4905; x_wconf 91' lang='lat' dir='ltr'><strong>spera-</strong></span> 
     </span>
    </p>
   </div>
   <div class='ocr_carea' id='block_1_67' title="bbox 318 4925 1888 4996">
    <p class='ocr_par' dir='ltr' id='par_1_67' title="bbox 318 4925 1888 4996">
     <span class='ocr_line' id='line_1_67' title="bbox 318 4925 1888 4996; baseline 0.001 -17"><span class='ocrx_word' id='word_1_528' title='bbox 318 4934 421 4993; x_wconf 92' lang='lat' dir='ltr'><strong>ret,</strong></span> <span class='ocrx_word' id='word_1_529' title='bbox 456 4927 558 4980; x_wconf 89' lang='lat' dir='ltr'><strong>sibi</strong></span> <span class='ocrx_word' id='word_1_530' title='bbox 592 4928 756 4982; x_wconf 90' lang='lat' dir='ltr'><strong>nimis</strong></span> <span class='ocrx_word' id='word_1_531' title='bbox 796 4927 1192 4982; x_wconf 84' lang='lat' dir='ltr'><strong>blandiebatur.</strong></span> <span class='ocrx_word' id='word_1_532' title='bbox 1237 4925 1449 4981; x_wconf 85' lang='lat' dir='ltr'><strong>Nemini</strong></span> <span class='ocrx_word' id='word_1_533' title='bbox 1484 4928 1626 4982; x_wconf 90' lang='lat' dir='ltr'><strong>enim</strong></span> <span class='ocrx_word' id='word_1_534' title='bbox 1665 4943 1888 4996; x_wconf 89' lang='lat' dir='ltr'><strong>persua-</strong></span> 
     </span>
    </p>
   </div>
   <div class='ocr_carea' id='block_1_68' title="bbox 319 5017 1894 5087">
    <p class='ocr_par' dir='ltr' id='par_1_68' title="bbox 319 5017 1894 5087">
     <span class='ocr_line' id='line_1_68' title="bbox 319 5017 1894 5087; baseline -0.001 -17"><span class='ocrx_word' id='word_1_535' title='bbox 319 5017 436 5072; x_wconf 87' lang='lat' dir='ltr'><strong>deri</strong></span> <span class='ocrx_word' id='word_1_536' title='bbox 498 5018 716 5087; x_wconf 90' lang='lat' dir='ltr'><strong>poterit,</strong></span> <span class='ocrx_word' id='word_1_537' title='bbox 749 5018 1012 5074; x_wconf 90' lang='lat' dir='ltr'><strong>Basilium</strong></span> <span class='ocrx_word' id='word_1_538' title='bbox 1066 5033 1190 5072; x_wconf 92' lang='lat' dir='ltr'><strong>eum</strong></span> <span class='ocrx_word' id='word_1_539' title='bbox 1238 5017 1430 5080; x_wconf 90' lang='lat' dir='ltr'><strong>fuisse,</strong></span> <span class='ocrx_word' id='word_1_540' title='bbox 1462 5019 1555 5087; x_wconf 93' lang='lat' dir='ltr'><strong>qui</strong></span> <span class='ocrx_word' id='word_1_541' title='bbox 1580 5017 1788 5071; x_wconf 89' lang='lat' dir='ltr'><strong>diceret</strong></span> <span class='ocrx_word' id='word_1_542' title='bbox 1809 5017 1894 5069; x_wconf 75' lang='lat' dir='ltr'><strong>vi.</strong></span> 
     </span>
    </p>
   </div>
   <div class='ocr_carea' id='block_1_69' title="bbox 321 5107 1891 5177">
    <p class='ocr_par' dir='ltr' id='par_1_69' title="bbox 321 5107 1891 5177">
     <span class='ocr_line' id='line_1_69' title="bbox 321 5107 1891 5177; baseline -0.001 -16"><span class='ocrx_word' id='word_1_543' title='bbox 321 5108 468 5162; x_wconf 89' lang='lat' dir='ltr'><strong>disse</strong></span> <span class='ocrx_word' id='word_1_544' title='bbox 500 5122 558 5162; x_wconf 89' lang='lat' dir='ltr'><strong>se</strong></span> <span class='ocrx_word' id='word_1_545' title='bbox 593 5108 796 5176; x_wconf 87' lang='lat' dir='ltr'><strong>aliquid</strong></span> <span class='ocrx_word' id='word_1_546' title='bbox 859 5125 1020 5177; x_wconf 71' lang='lat' dir='ltr'><strong>stepc,</strong></span> <span class='ocrx_word' id='word_1_547' title='bbox 1055 5116 1108 5163; x_wconf 92' lang='lat' dir='ltr'><strong>et</strong></span> <span class='ocrx_word' id='word_1_548' title='bbox 1149 5115 1331 5162; x_wconf 89' lang='lat' dir='ltr'><strong>tamen</strong></span> <span class='ocrx_word' id='word_1_549' title='bbox 1367 5108 1550 5161; x_wconf 89' lang='lat' dir='ltr'><strong>statim</strong></span> <span class='ocrx_word' id='word_1_550' title='bbox 1596 5107 1891 5172; x_wconf 88' lang='lat' dir='ltr'><strong>dubitaret,</strong></span> 
     </span>
    </p>
   </div>
   <div class='ocr_carea' id='block_1_70' title="bbox 323 5197 1897 5269">
    <p class='ocr_par' dir='ltr' id='par_1_70' title="bbox 323 5197 1897 5269">
     <span class='ocr_line' id='line_1_70' title="bbox 323 5197 1897 5269; baseline 0 -19"><span class='ocrx_word' id='word_1_551' title='bbox 323 5213 392 5252; x_wconf 90' lang='lat' dir='ltr'><strong>an</strong></span> <span class='ocrx_word' id='word_1_552' title='bbox 419 5197 474 5253; x_wconf 92' lang='lat' dir='ltr'><strong>id</strong></span> <span class='ocrx_word' id='word_1_553' title='bbox 510 5215 750 5269; x_wconf 89' lang='lat' dir='ltr'><strong>unquam</strong></span> <span class='ocrx_word' id='word_1_554' title='bbox 790 5200 1018 5254; x_wconf 87' lang='lat' dir='ltr'><strong>vidisset</strong></span> <span class='ocrx_word' id='word_1_555' title='bbox 1053 5199 1255 5254; x_wconf 88' lang='lat' dir='ltr'><strong>:velim</strong></span> <span class='ocrx_word' id='word_1_556' title='bbox 1292 5197 1467 5252; x_wconf 89' lang='lat' dir='ltr'><strong>oculis</strong></span> <span class='ocrx_word' id='word_1_557' title='bbox 1495 5198 1897 5266; x_wconf 91' lang='lat' dir='ltr'><strong>perlustrentur</strong></span> 
     </span>
    </p>
   </div>
   <div class='ocr_carea' id='block_1_71' title="bbox 392 5352 806 5420">
    <p class='ocr_par' dir='ltr' id='par_1_71' title="bbox 392 5352 806 5420">
     <span class='ocr_line' id='line_1_71' title="bbox 392 5352 806 5420; baseline 0.005 -14"><span class='ocrx_word' id='word_1_558' title='bbox 392 5353 414 5385; x_wconf 85' lang='grc'><strong><em>⁸</em></strong></span> <span class='ocrx_word' id='word_1_559' title='bbox 453 5352 582 5407; x_wconf 88' lang='lat' dir='ltr'><strong>Luc.</strong></span> <span class='ocrx_word' id='word_1_560' title='bbox 616 5369 686 5420; x_wconf 90' lang='lat' dir='ltr'><strong>x,</strong></span> <span class='ocrx_word' id='word_1_561' title='bbox 719 5353 806 5408; x_wconf 83' lang='lat'><strong>&#39;50.</strong></span> 
     </span>
    </p>
   </div>
   <div class='ocr_carea' id='block_1_72' title="bbox 407 5505 1894 5580">
    <p class='ocr_par' dir='ltr' id='par_1_72' title="bbox 407 5505 1894 5580">
     <span class='ocr_line' id='line_1_72' title="bbox 407 5505 1894 5580; baseline -0.001 -21"><span class='ocrx_word' id='word_1_562' title='bbox 407 5507 474 5575; x_wconf 41' lang='lat' dir='ltr'><strong>\a)</strong></span> <span class='ocrx_word' id='word_1_563' title='bbox 492 5506 808 5580; x_wconf 85' lang='lat' dir='ltr'><strong>Emendatio</strong></span> <span class='ocrx_word' id='word_1_564' title='bbox 833 5508 1009 5572; x_wconf 85' lang='lat' dir='ltr'><strong>obvia,</strong></span> <span class='ocrx_word' id='word_1_565' title='bbox 1034 5509 1125 5561; x_wconf 73' lang='grc' dir='ltr'><strong>καὶ</strong></span> <span class='ocrx_word' id='word_1_566' title='bbox 1153 5505 1288 5562; x_wconf 77' lang='grc' dir='ltr'>εἶδον</span> <span class='ocrx_word' id='word_1_567' title='bbox 1316 5509 1409 5563; x_wconf 72' lang='grc' dir='ltr'><strong>καὶ</strong></span> <span class='ocrx_word' id='word_1_568' title='bbox 1442 5509 1666 5580; x_wconf 72' lang='grc' dir='ltr'>ἤκουσα,</span> <span class='ocrx_word' id='word_1_569' title='bbox 1692 5519 1740 5562; x_wconf 87' lang='lat' dir='ltr'><strong>et</strong></span> <span class='ocrx_word' id='word_1_570' title='bbox 1769 5508 1894 5568; x_wconf 83' lang='lat' dir='ltr'><strong>vidi,</strong></span> 
     </span>
    </p>
   </div>
   <div class='ocr_carea' id='block_1_73' title="bbox 326 5579 1898 5649">
    <p class='ocr_par' dir='ltr' id='par_1_73' title="bbox 326 5579 1898 5649">
     <span class='ocr_line' id='line_1_73' title="bbox 326 5579 1898 5649; baseline 0.004 -24"><span class='ocrx_word' id='word_1_571' title='bbox 326 5587 372 5628; x_wconf 65' lang='lat' dir='ltr'><strong>et</strong></span> <span class='ocrx_word' id='word_1_572' title='bbox 419 5579 592 5631; x_wconf 83' lang='lat' dir='ltr'><strong>audivi</strong></span> <span class='ocrx_word' id='word_1_573' title='bbox 628 5579 762 5632; x_wconf 84' lang='lat' dir='ltr'><strong>alios</strong></span> <span class='ocrx_word' id='word_1_574' title='bbox 804 5581 893 5649; x_wconf 78' lang='lat' dir='ltr'><strong>qui</strong></span> <span class='ocrx_word' id='word_1_575' title='bbox 935 5579 1210 5642; x_wconf 86' lang='lat' dir='ltr'><strong>viderant;</strong></span> <span class='ocrx_word' id='word_1_576' title='bbox 1246 5581 1278 5648; x_wconf 79' lang='grc' dir='ltr'>ἦ</span> <span class='ocrx_word' id='word_1_577' title='bbox 1324 5597 1416 5647; x_wconf 85' lang='lat' dir='ltr'><strong>pro</strong></span> <span class='ocrx_word' id='word_1_578' title='bbox 1458 5580 1549 5632; x_wconf 84' lang='grc' dir='ltr'><strong>καί</strong></span> <span class='ocrx_word' id='word_1_579' title='bbox 1595 5579 1898 5649; x_wconf 77' lang='lat' dir='ltr'><strong>descriptor</strong></span> 
     </span>
    </p>
   </div>
   <div class='ocr_carea' id='block_1_74' title="bbox 328 5647 1890 5718">
    <p class='ocr_par' dir='ltr' id='par_1_74' title="bbox 328 5647 1890 5718">
     <span class='ocr_line' id='line_1_74' title="bbox 328 5647 1890 5718; baseline 0.001 -18"><span class='ocrx_word' id='word_1_580' title='bbox 328 5649 519 5718; x_wconf 86' lang='lat' dir='ltr'><strong>legerit</strong></span> <span class='ocrx_word' id='word_1_581' title='bbox 547 5667 559 5701; x_wconf 84' lang='lat'><strong>:</strong></span> <span class='ocrx_word' id='word_1_582' title='bbox 596 5664 762 5718; x_wconf 82' lang='lat' dir='ltr'><strong>prona</strong></span> <span class='ocrx_word' id='word_1_583' title='bbox 817 5647 1048 5706; x_wconf 78' lang='lat' dir='ltr'><strong>estenim</strong></span> <span class='ocrx_word' id='word_1_584' title='bbox 1079 5647 1373 5718; x_wconf 68' lang='lat' dir='ltr'><strong>utriusque.</strong></span> <span class='ocrx_word' id='word_1_585' title='bbox 1405 5650 1605 5705; x_wconf 74' lang='lat' dir='ltr'><strong>vocula:</strong></span> <span class='ocrx_word' id='word_1_586' title='bbox 1636 5651 1686 5702; x_wconf 90' lang='lat' dir='ltr'><strong>in</strong></span> <span class='ocrx_word' id='word_1_587' title='bbox 1732 5647 1890 5701; x_wconf 82' lang='lat' dir='ltr'><strong>codd.</strong></span> 
     </span>
    </p>
   </div>
   <div class='ocr_carea' id='block_1_75' title="bbox 1965 1826 3537 1899">
    <p class='ocr_par' dir='ltr' id='par_1_75' title="bbox 1965 1826 3537 1899">
     <span class='ocr_line' id='line_1_75' title="bbox 1965 1826 3537 1899; baseline -0.002 -18"><span class='ocrx_word' id='word_1_588' title='bbox 1965 1828 2052 1882; x_wconf 86' lang='grc' dir='ltr'>διὰ</span> <span class='ocrx_word' id='word_1_589' title='bbox 2082 1827 2262 1899; x_wconf 81' lang='grc' dir='ltr'>πάσης</span> <span class='ocrx_word' id='word_1_590' title='bbox 2283 1828 2495 1898; x_wconf 78' lang='grc' dir='ltr'>ἐκείνης</span> <span class='ocrx_word' id='word_1_591' title='bbox 2516 1828 2613 1898; x_wconf 84' lang='grc' dir='ltr'><strong>τῆς</strong></span> <span class='ocrx_word' id='word_1_592' title='bbox 2630 1827 2812 1898; x_wconf 83' lang='grc' dir='ltr'>χώρας</span> <span class='ocrx_word' id='word_1_593' title='bbox 2845 1828 3218 1898; x_wconf 77' lang='grc' dir='ltr'>ἀνεστηκότος.</span> <span class='ocrx_word' id='word_1_594' title='bbox 3257 1826 3346 1882; x_wconf 89' lang='lat' dir='ltr'><strong>Sic</strong></span> <span class='ocrx_word' id='word_1_595' title='bbox 3376 1828 3537 1880; x_wconf 88' lang='lat' dir='ltr'><strong>etiam</strong></span> 
     </span>
    </p>
   </div>
   <div class='ocr_carea' id='block_1_76' title="bbox 1963 1917 3538 1992">
    <p class='ocr_par' dir='ltr' id='par_1_76' title="bbox 1963 1917 3538 1992">
     <span class='ocr_line' id='line_1_76' title="bbox 1963 1917 3538 1992; baseline -0.002 -19"><span class='ocrx_word' id='word_1_596' title='bbox 1963 1918 2210 1985; x_wconf 76' lang='lat' dir='ltr'><strong>diabolus</strong></span> <span class='ocrx_word' id='word_1_597' title='bbox 2239 1935 2414 1992; x_wconf 17' lang='lat' dir='ltr'><strong>{suum</strong></span> <span class='ocrx_word' id='word_1_598' title='bbox 2447 1921 2504 1971; x_wconf 89' lang='lat' dir='ltr'><strong>in</strong></span> <span class='ocrx_word' id='word_1_599' title='bbox 2536 1917 2702 1971; x_wconf 88' lang='lat' dir='ltr'><strong>Deum</strong></span> <span class='ocrx_word' id='word_1_600' title='bbox 2731 1919 2906 1985; x_wconf 85' lang='lat' dir='ltr'><strong>odium</strong></span> <span class='ocrx_word' id='word_1_601' title='bbox 2935 1917 3185 1986; x_wconf 78' lang='lat' dir='ltr'><strong>patefacit</strong></span> <span class='ocrx_word' id='word_1_602' title='bbox 3232 1917 3285 1969; x_wconf 87' lang='lat' dir='ltr'><strong>in</strong></span> <span class='ocrx_word' id='word_1_603' title='bbox 3314 1917 3538 1987; x_wconf 87' lang='lat' dir='ltr'><strong>imagine</strong></span> 
     </span>
    </p>
   </div>
   <div class='ocr_carea' id='block_1_77' title="bbox 1967 2010 3535 2080">
    <p class='ocr_par' dir='ltr' id='par_1_77' title="bbox 1967 2010 3535 2080">
     <span class='ocr_line' id='line_1_77' title="bbox 1967 2010 3535 2080; baseline -0.001 -16"><span class='ocrx_word' id='word_1_604' title='bbox 1967 2025 2094 2064; x_wconf 84' lang='lat' dir='ltr'><strong>cum‘</strong></span> <span class='ocrx_word' id='word_1_605' title='bbox 2122 2010 2289 2064; x_wconf 89' lang='lat' dir='ltr'><strong>Deum</strong></span> <span class='ocrx_word' id='word_1_606' title='bbox 2313 2011 2568 2080; x_wconf 85' lang='lat' dir='ltr'><strong>attingere</strong></span> <span class='ocrx_word' id='word_1_607' title='bbox 2590 2027 2689 2064; x_wconf 88' lang='lat' dir='ltr'><strong>non</strong></span> <span class='ocrx_word' id='word_1_608' title='bbox 2715 2011 2900 2077; x_wconf 84' lang='lat' dir='ltr'><strong>possit.</strong></span> <span class='ocrx_word' id='word_1_609' title='bbox 2927 2010 3013 2064; x_wconf 87' lang='lat' dir='ltr'><strong>Sic</strong></span> <span class='ocrx_word' id='word_1_610' title='bbox 3045 2010 3276 2063; x_wconf 74' lang='lat' dir='ltr'><strong>exillato</strong></span> <span class='ocrx_word' id='word_1_611' title='bbox 3306 2010 3438 2063; x_wconf 89' lang='lat' dir='ltr'><strong>bello</strong></span> <span class='ocrx_word' id='word_1_612' title='bbox 3466 2010 3535 2062; x_wconf 89' lang='lat' dir='ltr'><strong>li-</strong></span> 
     </span>
    </p>
   </div>
   <div class='ocr_carea' id='block_1_78' title="bbox 1967 2100 3615 2172">
    <p class='ocr_par' dir='ltr' id='par_1_78' title="bbox 1967 2100 3615 2172">
     <span class='ocr_line' id='line_1_78' title="bbox 1967 2100 3615 2172; baseline -0.002 -17"><span class='ocrx_word' id='word_1_613' title='bbox 1967 2109 2085 2172; x_wconf 88' lang='lat' dir='ltr'><strong>quet</strong></span> <span class='ocrx_word' id='word_1_614' title='bbox 2112 2101 2570 2170; x_wconf 88' lang='lat' dir='ltr'><strong>malignumillum</strong></span> <span class='ocrx_word' id='word_1_615' title='bbox 2597 2100 2690 2155; x_wconf 88' lang='lat' dir='ltr'><strong>Dei</strong></span> <span class='ocrx_word' id='word_1_616' title='bbox 2711 2101 2909 2155; x_wconf 79' lang='lat' dir='ltr'><strong>hostem</strong></span> <span class='ocrx_word' id='word_1_617' title='bbox 2929 2117 3061 2166; x_wconf 81' lang='lat' dir='ltr'><strong>esse,</strong></span> <span class='ocrx_word' id='word_1_618' title='bbox 3091 2117 3153 2154; x_wconf 89' lang='lat' dir='ltr'><strong>ac</strong></span> <span class='ocrx_word' id='word_1_619' title='bbox 3173 2101 3401 2169; x_wconf 79' lang='lat' dir='ltr'><strong>primunt</strong></span> <span class='ocrx_word' id='word_1_620' title='bbox 3434 2101 3540 2153; x_wconf 83' lang='lat' dir='ltr'><strong>Do-</strong></span> <span class='ocrx_word' id='word_1_621' title='bbox 3608 2154 3615 2161; x_wconf 88' lang='lat'>_</span> 
     </span>
    </p>
   </div>
   <div class='ocr_carea' id='block_1_79' title="bbox 1969 2191 3541 2261">
    <p class='ocr_par' dir='ltr' id='par_1_79' title="bbox 1969 2191 3541 2261">
     <span class='ocr_line' id='line_1_79' title="bbox 1969 2191 3541 2261; baseline 0.001 -16"><span class='ocrx_word' id='word_1_622' title='bbox 1969 2193 2110 2246; x_wconf 89' lang='lat' dir='ltr'><strong>mino</strong></span> <span class='ocrx_word' id='word_1_623' title='bbox 2143 2193 2245 2260; x_wconf 83' lang='lat' dir='ltr'><strong>ipsi</strong></span> <span class='ocrx_word' id='word_1_624' title='bbox 2272 2192 2460 2246; x_wconf 81' lang='lat' dir='ltr'><strong>bellant</strong></span> <span class='ocrx_word' id='word_1_625' title='bbox 2495 2208 2692 2261; x_wconf 86' lang='lat' dir='ltr'><strong>gerere.</strong></span> <span class='ocrx_word' id='word_1_626' title='bbox 2729 2191 2828 2246; x_wconf 83' lang='lat' dir='ltr'><strong>Ille</strong></span> <span class='ocrx_word' id='word_1_627' title='bbox 2861 2193 3118 2246; x_wconf 84' lang='lat' dir='ltr'><strong>hominem</strong></span> <span class='ocrx_word' id='word_1_628' title='bbox 3152 2192 3215 2244; x_wconf 87' lang='lat' dir='ltr'><strong>ab</strong></span> <span class='ocrx_word' id='word_1_629' title='bbox 3243 2191 3541 2247; x_wconf 81' lang='lat' dir='ltr'><strong>Jerusalem</strong></span> 
     </span>
    </p>
   </div>
   <div class='ocr_carea' id='block_1_80' title="bbox 1969 2283 3542 2348">
    <p class='ocr_par' dir='ltr' id='par_1_80' title="bbox 1969 2283 3542 2348">
     <span class='ocr_line' id='line_1_80' title="bbox 1969 2283 3542 2348; baseline -0.001 -11"><span class='ocrx_word' id='word_1_630' title='bbox 1969 2286 2023 2337; x_wconf 90' lang='lat' dir='ltr'><strong>in</strong></span> <span class='ocrx_word' id='word_1_631' title='bbox 2039 2283 2251 2338; x_wconf 84' lang='lat' dir='ltr'><strong>Jericho</strong></span> <span class='ocrx_word' id='word_1_632' title='bbox 2275 2283 2517 2348; x_wconf 75' lang='lat' dir='ltr'><strong>abduxit,</strong></span> <span class='ocrx_word' id='word_1_633' title='bbox 2549 2283 2613 2337; x_wconf 89' lang='lat' dir='ltr'><strong>ab</strong></span> <span class='ocrx_word' id='word_1_634' title='bbox 2649 2284 2774 2337; x_wconf 89' lang='lat' dir='ltr'><strong>altis</strong></span> <span class='ocrx_word' id='word_1_635' title='bbox 2807 2283 2877 2336; x_wconf 88' lang='lat' dir='ltr'><strong>ad</strong></span> <span class='ocrx_word' id='word_1_636' title='bbox 2913 2301 3060 2338; x_wconf 90' lang='lat' dir='ltr'><strong>cava.</strong></span> <span class='ocrx_word' id='word_1_637' title='bbox 3089 2283 3356 2337; x_wconf 63' lang='lat' dir='ltr'><strong>Nimirum</strong></span> <span class='ocrx_word' id='word_1_638' title='bbox 3385 2283 3542 2338; x_wconf 81' lang='lat' dir='ltr'><strong>Jeru-</strong></span> 
     </span>
    </p>
   </div>
   <div class='ocr_carea' id='block_1_81' title="bbox 1971 2375 3542 2445">
    <p class='ocr_par' dir='ltr' id='par_1_81' title="bbox 1971 2375 3542 2445">
     <span class='ocr_line' id='line_1_81' title="bbox 1971 2375 3542 2445; baseline -0.001 -15"><span class='ocrx_word' id='word_1_639' title='bbox 1971 2379 2136 2430; x_wconf 85' lang='lat' dir='ltr'><strong>salem</strong></span> <span class='ocrx_word' id='word_1_640' title='bbox 2169 2376 2224 2428; x_wconf 88' lang='lat' dir='ltr'><strong>in</strong></span> <span class='ocrx_word' id='word_1_641' title='bbox 2257 2386 2510 2429; x_wconf 86' lang='lat' dir='ltr'><strong>montana</strong></span> <span class='ocrx_word' id='word_1_642' title='bbox 2565 2376 2771 2445; x_wconf 88' lang='lat' dir='ltr'><strong>regione</strong></span> <span class='ocrx_word' id='word_1_643' title='bbox 2805 2377 2908 2429; x_wconf 90' lang='lat' dir='ltr'><strong>sita</strong></span> <span class='ocrx_word' id='word_1_644' title='bbox 2937 2386 3045 2438; x_wconf 85' lang='lat' dir='ltr'><strong>est;</strong></span> <span class='ocrx_word' id='word_1_645' title='bbox 3098 2375 3309 2430; x_wconf 82' lang='lat' dir='ltr'><strong>Jericho</strong></span> <span class='ocrx_word' id='word_1_646' title='bbox 3343 2393 3459 2429; x_wconf 80' lang='lat' dir='ltr'><strong>vero</strong></span> <span class='ocrx_word' id='word_1_647' title='bbox 3487 2377 3542 2429; x_wconf 89' lang='lat' dir='ltr'><strong>in</strong></span> 
     </span>
    </p>
   </div>
   <div class='ocr_carea' id='block_1_82' title="bbox 1971 2466 3542 2540">
    <p class='ocr_par' dir='ltr' id='par_1_82' title="bbox 1971 2466 3542 2540">
     <span class='ocr_line' id='line_1_82' title="bbox 1971 2466 3542 2540; baseline 0.001 -19"><span class='ocrx_word' id='word_1_648' title='bbox 1971 2469 2214 2540; x_wconf 85' lang='lat' dir='ltr'><strong>depresso</strong></span> <span class='ocrx_word' id='word_1_649' title='bbox 2249 2484 2312 2520; x_wconf 91' lang='lat' dir='ltr'><strong>ac</strong></span> <span class='ocrx_word' id='word_1_650' title='bbox 2357 2467 2543 2520; x_wconf 85' lang='lat' dir='ltr'><strong>humili</strong></span> <span class='ocrx_word' id='word_1_651' title='bbox 2581 2467 2695 2520; x_wconf 90' lang='lat' dir='ltr'><strong>loco</strong></span> <span class='ocrx_word' id='word_1_652' title='bbox 2747 2467 2814 2520; x_wconf 90' lang='lat' dir='ltr'><strong>ad</strong></span> <span class='ocrx_word' id='word_1_653' title='bbox 2851 2466 3063 2522; x_wconf 88' lang='lat' dir='ltr'><strong>Salsum</strong></span> <span class='ocrx_word' id='word_1_654' title='bbox 3097 2485 3260 2522; x_wconf 89' lang='lat' dir='ltr'><strong>mare.</strong></span> <span class='ocrx_word' id='word_1_655' title='bbox 3317 2467 3376 2522; x_wconf 91' lang='lat' dir='ltr'><strong>Si</strong></span> <span class='ocrx_word' id='word_1_656' title='bbox 3427 2469 3542 2536; x_wconf 75' lang='lat' dir='ltr'><strong>quis</strong></span> 
     </span>
    </p>
   </div>
   <div class='ocr_carea' id='block_1_83' title="bbox 1972 2559 3544 2630">
    <p class='ocr_par' dir='ltr' id='par_1_83' title="bbox 1972 2559 3544 2630">
     <span class='ocr_line' id='line_1_83' title="bbox 1972 2559 3544 2630; baseline -0.003 -15"><span class='ocrx_word' id='word_1_657' title='bbox 1972 2571 2198 2616; x_wconf 72' lang='lat' dir='ltr'><strong>vestrum</strong></span> <span class='ocrx_word' id='word_1_658' title='bbox 2213 2560 2342 2614; x_wconf 87' lang='lat' dir='ltr'><strong>vidit</strong></span> <span class='ocrx_word' id='word_1_659' title='bbox 2399 2561 2592 2623; x_wconf 90' lang='lat' dir='ltr'><strong>locum,</strong></span> <span class='ocrx_word' id='word_1_660' title='bbox 2645 2576 2765 2613; x_wconf 83' lang='lat' dir='ltr'><strong>vera</strong></span> <span class='ocrx_word' id='word_1_661' title='bbox 2797 2576 2908 2614; x_wconf 87' lang='lat' dir='ltr'><strong>esse</strong></span> <span class='ocrx_word' id='word_1_662' title='bbox 2949 2561 3087 2613; x_wconf 81' lang='lat' dir='ltr'><strong>novit</strong></span> <span class='ocrx_word' id='word_1_663' title='bbox 3121 2577 3237 2630; x_wconf 73' lang='lat' dir='ltr'><strong>qua:</strong></span> <span class='ocrx_word' id='word_1_664' title='bbox 3272 2559 3544 2624; x_wconf 87' lang='lat' dir='ltr'><strong>dicuntur,</strong></span> 
     </span>
    </p>
   </div>
   <div class='ocr_carea' id='block_1_84' title="bbox 1971 2649 3546 2715">
    <p class='ocr_par' dir='ltr' id='par_1_84' title="bbox 1971 2649 3546 2715">
     <span class='ocr_line' id='line_1_84' title="bbox 1971 2649 3546 2715; baseline -0.001 -10"><span class='ocrx_word' id='word_1_665' title='bbox 1971 2652 2182 2708; x_wconf 86' lang='lat' dir='ltr'><strong>Jericho</strong></span> <span class='ocrx_word' id='word_1_666' title='bbox 2210 2651 2445 2705; x_wconf 80' lang='lat' dir='ltr'><strong>videlicet</strong></span> <span class='ocrx_word' id='word_1_667' title='bbox 2481 2652 2536 2703; x_wconf 91' lang='lat' dir='ltr'><strong>in</strong></span> <span class='ocrx_word' id='word_1_668' title='bbox 2571 2649 2876 2704; x_wconf 75' lang='lat' dir='ltr'><strong>Palwstina:</strong></span> <span class='ocrx_word' id='word_1_669' title='bbox 2921 2653 3061 2705; x_wconf 88' lang='lat' dir='ltr'><strong>cavis</strong></span> <span class='ocrx_word' id='word_1_670' title='bbox 3102 2652 3286 2715; x_wconf 83' lang='lat' dir='ltr'><strong>locari,</strong></span> <span class='ocrx_word' id='word_1_671' title='bbox 3328 2650 3546 2705; x_wconf 83' lang='lat' dir='ltr'><strong>Jerusa-</strong></span> 
     </span>
    </p>
   </div>
   <div class='ocr_carea' id='block_1_85' title="bbox 1977 2744 3547 2815">
    <p class='ocr_par' dir='ltr' id='par_1_85' title="bbox 1977 2744 3547 2815">
     <span class='ocr_line' id='line_1_85' title="bbox 1977 2744 3547 2815; baseline -0.001 -16"><span class='ocrx_word' id='word_1_672' title='bbox 1977 2747 2075 2800; x_wconf 87' lang='lat' dir='ltr'><strong>lem</strong></span> <span class='ocrx_word' id='word_1_673' title='bbox 2106 2761 2222 2798; x_wconf 87' lang='lat' dir='ltr'><strong>vero</strong></span> <span class='ocrx_word' id='word_1_674' title='bbox 2247 2745 2302 2796; x_wconf 87' lang='lat' dir='ltr'><strong>in</strong></span> <span class='ocrx_word' id='word_1_675' title='bbox 2325 2760 2528 2798; x_wconf 86' lang='lat' dir='ltr'><strong>summa</strong></span> <span class='ocrx_word' id='word_1_676' title='bbox 2559 2744 2672 2797; x_wconf 87' lang='lat' dir='ltr'><strong>loco</strong></span> <span class='ocrx_word' id='word_1_677' title='bbox 2716 2744 2876 2797; x_wconf 88' lang='lat' dir='ltr'><strong>sitam</strong></span> <span class='ocrx_word' id='word_1_678' title='bbox 2921 2761 3033 2798; x_wconf 88' lang='lat' dir='ltr'><strong>esse</strong></span> <span class='ocrx_word' id='word_1_679' title='bbox 3063 2746 3259 2797; x_wconf 83' lang='lat' dir='ltr'><strong>montis</strong></span> <span class='ocrx_word' id='word_1_680' title='bbox 3291 2744 3428 2813; x_wconf 84' lang='lat' dir='ltr'><strong>ejus,</strong></span> <span class='ocrx_word' id='word_1_681' title='bbox 3458 2747 3547 2815; x_wconf 75' lang='lat' dir='ltr'><strong>qui</strong></span> 
     </span>
    </p>
   </div>
   <div class='ocr_carea' id='block_1_86' title="bbox 1972 2837 3548 2906">
    <p class='ocr_par' dir='ltr' id='par_1_86' title="bbox 1972 2837 3548 2906">
     <span class='ocr_line' id='line_1_86' title="bbox 1972 2837 3548 2906; baseline -0.001 -16"><span class='ocrx_word' id='word_1_682' title='bbox 1972 2846 2251 2904; x_wconf 81' lang='lat' dir='ltr'><strong>perlatam</strong></span> <span class='ocrx_word' id='word_1_683' title='bbox 2307 2837 2460 2890; x_wconf 82' lang='lat' dir='ltr'><strong>illam</strong></span> <span class='ocrx_word' id='word_1_684' title='bbox 2509 2838 2772 2906; x_wconf 83' lang='lat' dir='ltr'><strong>regionem</strong></span> <span class='ocrx_word' id='word_1_685' title='bbox 2823 2837 3079 2905; x_wconf 82' lang='lat' dir='ltr'><strong>assurgit,</strong></span> <span class='ocrx_word' id='word_1_686' title='bbox 3126 2853 3371 2888; x_wconf 88' lang='lat' dir='ltr'><strong>cacumen</strong></span> <span class='ocrx_word' id='word_1_687' title='bbox 3402 2852 3548 2889; x_wconf 72' lang='lat' dir='ltr'><strong>occu—</strong></span> 
     </span>
    </p>
   </div>
   <div class='ocr_carea' id='block_1_87' title="bbox 1975 2926 3549 2998">
    <p class='ocr_par' dir='ltr' id='par_1_87' title="bbox 1975 2926 3549 2998">
     <span class='ocr_line' id='line_1_87' title="bbox 1975 2926 3549 2998; baseline -0.001 -16"><span class='ocrx_word' id='word_1_688' title='bbox 1975 2938 2206 2998; x_wconf 84' lang='lat' dir='ltr'><strong>pantem.</strong></span> <span class='ocrx_word' id='word_1_689' title='bbox 2242 2926 2367 2983; x_wconf 73' lang='lat' dir='ltr'><strong>Haec</strong></span> <span class='ocrx_word' id='word_1_690' title='bbox 2390 2928 2520 2981; x_wconf 91' lang='lat' dir='ltr'><strong>dum</strong></span> <span class='ocrx_word' id='word_1_691' title='bbox 2544 2927 2952 2997; x_wconf 86' lang='lat' dir='ltr'><strong>legerem,mihi</strong></span> <span class='ocrx_word' id='word_1_692' title='bbox 2979 2929 3090 2981; x_wconf 88' lang='lat' dir='ltr'><strong>visa</strong></span> <span class='ocrx_word' id='word_1_693' title='bbox 3118 2935 3244 2982; x_wconf 92' lang='lat' dir='ltr'><strong>sunt</strong></span> <span class='ocrx_word' id='word_1_694' title='bbox 3275 2942 3381 2980; x_wconf 91' lang='lat' dir='ltr'><strong>non</strong></span> <span class='ocrx_word' id='word_1_695' title='bbox 3417 2927 3549 2982; x_wconf 89' lang='lat' dir='ltr'><strong>satis</strong></span> 
     </span>
    </p>
   </div>
   <div class='ocr_carea' id='block_1_88' title="bbox 1980 3015 3550 3075">
    <p class='ocr_par' dir='ltr' id='par_1_88' title="bbox 1980 3015 3550 3075">
     <span class='ocr_line' id='line_1_88' title="bbox 1980 3015 3550 3075; baseline -0.003 0"><span class='ocrx_word' id='word_1_696' title='bbox 1980 3021 2124 3075; x_wconf 90' lang='lat' dir='ltr'><strong>inter</strong></span> <span class='ocrx_word' id='word_1_697' title='bbox 2177 3035 2238 3074; x_wconf 90' lang='lat' dir='ltr'><strong>se</strong></span> <span class='ocrx_word' id='word_1_698' title='bbox 2286 3017 2582 3073; x_wconf 77' lang='lat' dir='ltr'><strong>coluerere.</strong></span> <span class='ocrx_word' id='word_1_699' title='bbox 2622 3015 2720 3071; x_wconf 88' lang='lat' dir='ltr'><strong>llic</strong></span> <span class='ocrx_word' id='word_1_700' title='bbox 2771 3018 2816 3072; x_wconf 92' lang='lat' dir='ltr'><strong>si</strong></span> <span class='ocrx_word' id='word_1_701' title='bbox 2871 3031 3050 3071; x_wconf 88' lang='lat' dir='ltr'><strong>sermo</strong></span> <span class='ocrx_word' id='word_1_702' title='bbox 3088 3023 3234 3071; x_wconf 89' lang='lat' dir='ltr'><strong>esset</strong></span> <span class='ocrx_word' id='word_1_703' title='bbox 3265 3016 3332 3070; x_wconf 91' lang='lat' dir='ltr'><strong>de</strong></span> <span class='ocrx_word' id='word_1_704' title='bbox 3365 3031 3550 3071; x_wconf 90' lang='lat' dir='ltr'><strong>amore</strong></span> 
     </span>
    </p>
   </div>
   <div class='ocr_carea' id='block_1_89' title="bbox 1977 3105 3551 3179">
    <p class='ocr_par' dir='ltr' id='par_1_89' title="bbox 1977 3105 3551 3179">
     <span class='ocr_line' id='line_1_89' title="bbox 1977 3105 3551 3179; baseline -0.001 -16"><span class='ocrx_word' id='word_1_705' title='bbox 1977 3109 2232 3179; x_wconf 78' lang='lat' dir='ltr'><strong>proximi,</strong></span> <span class='ocrx_word' id='word_1_706' title='bbox 2284 3107 2484 3162; x_wconf 80' lang='lat' dir='ltr'><strong>faterer</strong></span> <span class='ocrx_word' id='word_1_707' title='bbox 2511 3107 2817 3176; x_wconf 76' lang='lat' dir='ltr'><strong>exemplum</strong></span> <span class='ocrx_word' id='word_1_708' title='bbox 2861 3107 2982 3174; x_wconf 89' lang='lat' dir='ltr'><strong>ejus</strong></span> <span class='ocrx_word' id='word_1_709' title='bbox 3033 3106 3292 3172; x_wconf 89' lang='lat' dir='ltr'><strong>hominis,</strong></span> <span class='ocrx_word' id='word_1_710' title='bbox 3332 3107 3424 3176; x_wconf 89' lang='lat' dir='ltr'><strong>qui</strong></span> <span class='ocrx_word' id='word_1_711' title='bbox 3481 3105 3551 3161; x_wconf 89' lang='lat' dir='ltr'><strong>ab</strong></span> 
     </span>
    </p>
   </div>
   <div class='ocr_carea' id='block_1_90' title="bbox 1977 3196 3552 3266">
    <p class='ocr_par' dir='ltr' id='par_1_90' title="bbox 1977 3196 3552 3266">
     <span class='ocr_line' id='line_1_90' title="bbox 1977 3196 3552 3266; baseline -0.003 -12"><span class='ocrx_word' id='word_1_712' title='bbox 1977 3199 2278 3256; x_wconf 84' lang='lat' dir='ltr'><strong>Jerusalem</strong></span> <span class='ocrx_word' id='word_1_713' title='bbox 2319 3201 2374 3252; x_wconf 90' lang='lat' dir='ltr'><strong>in</strong></span> <span class='ocrx_word' id='word_1_714' title='bbox 2427 3196 2646 3251; x_wconf 75' lang='lat' dir='ltr'><strong>Iericho</strong></span> <span class='ocrx_word' id='word_1_715' title='bbox 2687 3197 3050 3251; x_wconf 86' lang='lat' dir='ltr'><strong>descendebat</strong></span> <span class='ocrx_word' id='word_1_716' title='bbox 3091 3198 3134 3263; x_wconf 79' lang='grc'>⁵,</span> <span class='ocrx_word' id='word_1_717' title='bbox 3175 3207 3298 3266; x_wconf 88' lang='lat' dir='ltr'><strong>apte</strong></span> <span class='ocrx_word' id='word_1_718' title='bbox 3323 3205 3377 3251; x_wconf 93' lang='lat' dir='ltr'><strong>et</strong></span> <span class='ocrx_word' id='word_1_719' title='bbox 3408 3212 3552 3250; x_wconf 90' lang='lat' dir='ltr'><strong>com-</strong></span> 
     </span>
    </p>
   </div>
   <div class='ocr_carea' id='block_1_91' title="bbox 1979 3278 3552 3358">
    <p class='ocr_par' dir='ltr' id='par_1_91' title="bbox 1979 3278 3552 3358">
     <span class='ocr_line' id='line_1_91' title="bbox 1979 3278 3552 3358; baseline -0.004 -12"><span class='ocrx_word' id='word_1_720' title='bbox 1979 3291 2139 3346; x_wconf 91' lang='lat' dir='ltr'><strong>mode</strong></span> <span class='ocrx_word' id='word_1_721' title='bbox 2172 3291 2394 3344; x_wconf 89' lang='lat' dir='ltr'><strong>allatum</strong></span> <span class='ocrx_word' id='word_1_722' title='bbox 2421 3289 2592 3344; x_wconf 88' lang='lat' dir='ltr'><strong>fuisse</strong></span> <span class='ocrx_word' id='word_1_723' title='bbox 2625 3304 2640 3342; x_wconf 90' lang='lat'><strong>:</strong></span> <span class='ocrx_word' id='word_1_724' title='bbox 2669 3288 2762 3342; x_wconf 92' lang='lat' dir='ltr'><strong>sed</strong></span> <span class='ocrx_word' id='word_1_725' title='bbox 2797 3289 2899 3341; x_wconf 91' lang='lat' dir='ltr'><strong>hoc</strong></span> <span class='ocrx_word' id='word_1_726' title='bbox 2923 3288 3043 3342; x_wconf 93' lang='lat' dir='ltr'><strong>loco</strong></span> <span class='ocrx_word' id='word_1_727' title='bbox 3075 3278 3342 3358; x_wconf 86' lang='lat' dir='ltr'><strong>ejusmodi</strong></span> <span class='ocrx_word' id='word_1_728' title='bbox 3369 3303 3552 3342; x_wconf 84' lang='lat' dir='ltr'><strong>exem-</strong></span> 
     </span>
    </p>
   </div>
   <div class='ocr_carea' id='block_1_92' title="bbox 1979 3377 3553 3452">
    <p class='ocr_par' dir='ltr' id='par_1_92' title="bbox 1979 3377 3553 3452">
     <span class='ocr_line' id='line_1_92' title="bbox 1979 3377 3553 3452; baseline -0.003 -17"><span class='ocrx_word' id='word_1_729' title='bbox 1979 3383 2129 3452; x_wconf 91' lang='lat' dir='ltr'><strong>plum</strong></span> <span class='ocrx_word' id='word_1_730' title='bbox 2185 3382 2258 3435; x_wconf 88' lang='lat' dir='ltr'><strong>ita</strong></span> <span class='ocrx_word' id='word_1_731' title='bbox 2319 3379 2701 3449; x_wconf 88' lang='lat' dir='ltr'><strong>intempestive</strong></span> <span class='ocrx_word' id='word_1_732' title='bbox 2765 3377 3058 3431; x_wconf 93' lang='lat' dir='ltr'><strong>adductum</strong></span> <span class='ocrx_word' id='word_1_733' title='bbox 3109 3387 3214 3442; x_wconf 90' lang='lat' dir='ltr'><strong>est,</strong></span> <span class='ocrx_word' id='word_1_734' title='bbox 3273 3389 3329 3430; x_wconf 93' lang='lat' dir='ltr'><strong>ut</strong></span> <span class='ocrx_word' id='word_1_735' title='bbox 3375 3378 3553 3431; x_wconf 84' lang='lat' dir='ltr'><strong>oratio</strong></span> 
     </span>
    </p>
   </div>
   <div class='ocr_carea' id='block_1_93' title="bbox 1980 3469 3553 3543">
    <p class='ocr_par' dir='ltr' id='par_1_93' title="bbox 1980 3469 3553 3543">
     <span class='ocr_line' id='line_1_93' title="bbox 1980 3469 3553 3543; baseline -0.003 -17"><span class='ocrx_word' id='word_1_736' title='bbox 1980 3487 2213 3543; x_wconf 82' lang='lat' dir='ltr'><strong>prorsus</strong></span> <span class='ocrx_word' id='word_1_737' title='bbox 2251 3471 2518 3526; x_wconf 90' lang='lat' dir='ltr'><strong>dissoluta</strong></span> <span class='ocrx_word' id='word_1_738' title='bbox 2547 3486 2670 3525; x_wconf 91' lang='lat' dir='ltr'><strong>esse</strong></span> <span class='ocrx_word' id='word_1_739' title='bbox 2705 3470 2971 3524; x_wconf 85' lang='lat' dir='ltr'><strong>videatur.</strong></span> <span class='ocrx_word' id='word_1_740' title='bbox 2997 3469 3158 3524; x_wconf 84' lang='lat' dir='ltr'><strong>Certe</strong></span> <span class='ocrx_word' id='word_1_741' title='bbox 3195 3469 3240 3525; x_wconf 92' lang='lat' dir='ltr'><strong>si</strong></span> <span class='ocrx_word' id='word_1_742' title='bbox 3275 3469 3412 3524; x_wconf 91' lang='lat' dir='ltr'><strong>alius</strong></span> <span class='ocrx_word' id='word_1_743' title='bbox 3435 3470 3553 3538; x_wconf 86' lang='lat' dir='ltr'><strong>qui-</strong></span> 
     </span>
    </p>
   </div>
   <div class='ocr_carea' id='block_1_94' title="bbox 1981 3559 3553 3621">
    <p class='ocr_par' dir='ltr' id='par_1_94' title="bbox 1981 3559 3553 3621">
     <span class='ocr_line' id='line_1_94' title="bbox 1981 3559 3553 3621; baseline 0 -3"><span class='ocrx_word' id='word_1_744' title='bbox 1981 3565 2064 3621; x_wconf 85' lang='lat' dir='ltr'><strong>vis</strong></span> <span class='ocrx_word' id='word_1_745' title='bbox 2096 3564 2324 3618; x_wconf 89' lang='lat' dir='ltr'><strong>idoncus</strong></span> <span class='ocrx_word' id='word_1_746' title='bbox 2357 3573 2548 3616; x_wconf 89' lang='lat' dir='ltr'><strong>auctor</strong></span> <span class='ocrx_word' id='word_1_747' title='bbox 2568 3561 2769 3616; x_wconf 87' lang='lat' dir='ltr'><strong>diaboli</strong></span> <span class='ocrx_word' id='word_1_748' title='bbox 2804 3561 2856 3614; x_wconf 90' lang='lat' dir='ltr'><strong>in</strong></span> <span class='ocrx_word' id='word_1_749' title='bbox 2886 3559 3054 3616; x_wconf 87' lang='lat' dir='ltr'><strong>Deum</strong></span> <span class='ocrx_word' id='word_1_750' title='bbox 3089 3569 3182 3615; x_wconf 91' lang='lat' dir='ltr'><strong>aut</strong></span> <span class='ocrx_word' id='word_1_751' title='bbox 3223 3563 3276 3615; x_wconf 91' lang='lat' dir='ltr'><strong>in</strong></span> <span class='ocrx_word' id='word_1_752' title='bbox 3304 3562 3553 3618; x_wconf 88' lang='lat' dir='ltr'><strong>homines</strong></span> 
     </span>
    </p>
   </div>
   <div class='ocr_carea' id='block_1_95' title="bbox 1983 3651 3554 3722">
    <p class='ocr_par' dir='ltr' id='par_1_95' title="bbox 1983 3651 3554 3722">
     <span class='ocr_line' id='line_1_95' title="bbox 1983 3651 3554 3722; baseline -0.002 -13"><span class='ocrx_word' id='word_1_753' title='bbox 1983 3657 2166 3709; x_wconf 91' lang='lat' dir='ltr'><strong>odium</strong></span> <span class='ocrx_word' id='word_1_754' title='bbox 2224 3654 2512 3709; x_wconf 88' lang='lat' dir='ltr'><strong>ostendere</strong></span> <span class='ocrx_word' id='word_1_755' title='bbox 2543 3653 2893 3718; x_wconf 81' lang='lat' dir='ltr'><strong>instituisset,</strong></span> <span class='ocrx_word' id='word_1_756' title='bbox 2943 3651 3047 3706; x_wconf 92' lang='lat' dir='ltr'><strong>hoc</strong></span> <span class='ocrx_word' id='word_1_757' title='bbox 3076 3653 3380 3722; x_wconf 82' lang='lat' dir='ltr'><strong>exemplum</strong></span> <span class='ocrx_word' id='word_1_758' title='bbox 3430 3669 3554 3722; x_wconf 51' lang='lat' dir='ltr'><strong>pro-</strong></span> 
     </span>
    </p>
   </div>
   <div class='ocr_carea' id='block_1_96' title="bbox 1984 3745 3554 3816">
    <p class='ocr_par' dir='ltr' id='par_1_96' title="bbox 1984 3745 3554 3816">
     <span class='ocr_line' id='line_1_96' title="bbox 1984 3745 3554 3816; baseline 0.001 -17"><span class='ocrx_word' id='word_1_759' title='bbox 1984 3747 2127 3802; x_wconf 84' lang='lat' dir='ltr'><strong>ferre</strong></span> <span class='ocrx_word' id='word_1_760' title='bbox 2184 3760 2462 3816; x_wconf 88' lang='lat' dir='ltr'><strong>nunquam</strong></span> <span class='ocrx_word' id='word_1_761' title='bbox 2521 3745 2836 3814; x_wconf 87' lang='lat' dir='ltr'><strong>cogitasset,</strong></span> <span class='ocrx_word' id='word_1_762' title='bbox 2896 3760 3021 3798; x_wconf 89' lang='lat' dir='ltr'><strong>cum</strong></span> <span class='ocrx_word' id='word_1_763' title='bbox 3054 3757 3310 3800; x_wconf 84' lang='lat' dir='ltr'><strong>sexcenta</strong></span> <span class='ocrx_word' id='word_1_764' title='bbox 3350 3746 3461 3800; x_wconf 90' lang='lat' dir='ltr'><strong>sint</strong></span> <span class='ocrx_word' id='word_1_765' title='bbox 3500 3756 3554 3801; x_wconf 91' lang='lat' dir='ltr'><strong>et</strong></span> 
     </span>
    </p>
   </div>
   <div class='ocr_carea' id='block_1_97' title="bbox 1984 3836 3556 3910">
    <p class='ocr_par' dir='ltr' id='par_1_97' title="bbox 1984 3836 3556 3910">
     <span class='ocr_line' id='line_1_97' title="bbox 1984 3836 3556 3910; baseline -0.002 -17"><span class='ocrx_word' id='word_1_766' title='bbox 1984 3839 2264 3910; x_wconf 87' lang='lat' dir='ltr'><strong>aptissima</strong></span> <span class='ocrx_word' id='word_1_767' title='bbox 2293 3847 2346 3892; x_wconf 92' lang='lat' dir='ltr'><strong>et</strong></span> <span class='ocrx_word' id='word_1_768' title='bbox 2372 3840 2682 3899; x_wconf 91' lang='lat' dir='ltr'><strong>notissima,</strong></span> <span class='ocrx_word' id='word_1_769' title='bbox 2719 3837 2918 3905; x_wconf 90' lang='lat' dir='ltr'><strong>quibus</strong></span> <span class='ocrx_word' id='word_1_770' title='bbox 2943 3836 3009 3889; x_wconf 88' lang='lat' dir='ltr'><strong>ad</strong></span> <span class='ocrx_word' id='word_1_771' title='bbox 3042 3837 3092 3889; x_wconf 92' lang='lat' dir='ltr'><strong>id</strong></span> <span class='ocrx_word' id='word_1_772' title='bbox 3123 3846 3556 3892; x_wconf 88' lang='lat' dir='ltr'><strong>commonstran-</strong></span> 
     </span>
    </p>
   </div>
   <div class='ocr_carea' id='block_1_98' title="bbox 1985 3926 3554 3998">
    <p class='ocr_par' dir='ltr' id='par_1_98' title="bbox 1985 3926 3554 3998">
     <span class='ocr_line' id='line_1_98' title="bbox 1985 3926 3554 3998; baseline -0.002 -14"><span class='ocrx_word' id='word_1_773' title='bbox 1985 3931 2114 3984; x_wconf 92' lang='lat' dir='ltr'><strong>dum</strong></span> <span class='ocrx_word' id='word_1_774' title='bbox 2162 3930 2241 3983; x_wconf 90' lang='lat' dir='ltr'><strong>uti</strong></span> <span class='ocrx_word' id='word_1_775' title='bbox 2293 3930 2502 3984; x_wconf 87' lang='lat' dir='ltr'><strong>liceret.</strong></span> <span class='ocrx_word' id='word_1_776' title='bbox 2560 3926 2845 3995; x_wconf 84' lang='lat' dir='ltr'><strong>Quomodo</strong></span> <span class='ocrx_word' id='word_1_777' title='bbox 2915 3944 3044 3998; x_wconf 80' lang='lat' dir='ltr'><strong>ergo</strong></span> <span class='ocrx_word' id='word_1_778' title='bbox 3093 3927 3327 3984; x_wconf 83' lang='lat' dir='ltr'><strong>Basilius</strong></span> <span class='ocrx_word' id='word_1_779' title='bbox 3365 3929 3554 3983; x_wconf 90' lang='lat' dir='ltr'><strong>horum</strong></span> 
     </span>
    </p>
   </div>
   <div class='ocr_carea' id='block_1_99' title="bbox 1986 4020 3556 4106">
    <p class='ocr_par' dir='ltr' id='par_1_99' title="bbox 1986 4020 3556 4106">
     <span class='ocr_line' id='line_1_99' title="bbox 1986 4020 3556 4106; baseline -0.001 -31"><span class='ocrx_word' id='word_1_780' title='bbox 1986 4028 2177 4075; x_wconf 89' lang='lat' dir='ltr'><strong>auctor</strong></span> <span class='ocrx_word' id='word_1_781' title='bbox 2204 4020 2322 4106; x_wconf 58' lang='lat' dir='ltr'><strong>dici</strong></span> <span class='ocrx_word' id='word_1_782' title='bbox 2364 4021 2560 4073; x_wconf 89' lang='lat' dir='ltr'><strong>merito</strong></span> <span class='ocrx_word' id='word_1_783' title='bbox 2616 4021 2810 4090; x_wconf 87' lang='lat' dir='ltr'><strong>possit,</strong></span> <span class='ocrx_word' id='word_1_784' title='bbox 2861 4021 2954 4089; x_wconf 89' lang='lat' dir='ltr'><strong>qui</strong></span> <span class='ocrx_word' id='word_1_785' title='bbox 3017 4037 3161 4076; x_wconf 88' lang='lat' dir='ltr'><strong>unus</strong></span> <span class='ocrx_word' id='word_1_786' title='bbox 3205 4022 3446 4074; x_wconf 90' lang='lat' dir='ltr'><strong>omnium</strong></span> <span class='ocrx_word' id='word_1_787' title='bbox 3501 4021 3556 4074; x_wconf 90' lang='lat' dir='ltr'><strong>in</strong></span> 
     </span>
    </p>
   </div>
   <div class='ocr_carea' id='block_1_100' title="bbox 1987 4108 3558 4181">
    <p class='ocr_par' dir='ltr' id='par_1_100' title="bbox 1987 4108 3558 4181">
     <span class='ocr_line' id='line_1_100' title="bbox 1987 4108 3558 4181; baseline -0.002 -17"><span class='ocrx_word' id='word_1_788' title='bbox 1987 4112 2132 4181; x_wconf 91' lang='lat' dir='ltr'><strong>aptis</strong></span> <span class='ocrx_word' id='word_1_789' title='bbox 2154 4110 2423 4179; x_wconf 83' lang='lat' dir='ltr'><strong>exemplis</strong></span> <span class='ocrx_word' id='word_1_790' title='bbox 2447 4109 2787 4180; x_wconf 90' lang='lat' dir='ltr'><strong>proferendis</strong></span> <span class='ocrx_word' id='word_1_791' title='bbox 2827 4108 3181 4164; x_wconf 82' lang='lat' dir='ltr'><strong>felicissimus</strong></span> <span class='ocrx_word' id='word_1_792' title='bbox 3214 4109 3382 4163; x_wconf 88' lang='lat' dir='ltr'><strong>fuisse</strong></span> <span class='ocrx_word' id='word_1_793' title='bbox 3409 4125 3558 4162; x_wconf 89' lang='lat' dir='ltr'><strong>com-</strong></span> 
     </span>
    </p>
   </div>
   <div class='ocr_carea' id='block_1_101' title="bbox 1987 4199 3556 4271">
    <p class='ocr_par' dir='ltr' id='par_1_101' title="bbox 1987 4199 3556 4271">
     <span class='ocr_line' id='line_1_101' title="bbox 1987 4199 3556 4271; baseline 0 -17"><span class='ocrx_word' id='word_1_794' title='bbox 1987 4201 2240 4271; x_wconf 86' lang='lat' dir='ltr'><strong>peritur?</strong></span> <span class='ocrx_word' id='word_1_795' title='bbox 2267 4199 2534 4254; x_wconf 68' lang='lat' dir='ltr'><strong>Prmterea</strong></span> <span class='ocrx_word' id='word_1_796' title='bbox 2565 4216 2686 4270; x_wconf 76' lang='lat' dir='ltr'><strong>qua:</strong></span> <span class='ocrx_word' id='word_1_797' title='bbox 2720 4211 3040 4270; x_wconf 87' lang='lat' dir='ltr'><strong>sequuntur,</strong></span> <span class='ocrx_word' id='word_1_798' title='bbox 3074 4201 3322 4254; x_wconf 87' lang='lat' dir='ltr'><strong>nimirum</strong></span> <span class='ocrx_word' id='word_1_799' title='bbox 3337 4201 3556 4254; x_wconf 81' lang='lat' dir='ltr'><strong>Jerusa-</strong></span> 
     </span>
    </p>
   </div>
   <div class='ocr_carea' id='block_1_102' title="bbox 1992 4290 3557 4362">
    <p class='ocr_par' dir='ltr' id='par_1_102' title="bbox 1992 4290 3557 4362">
     <span class='ocr_line' id='line_1_102' title="bbox 1992 4290 3557 4362; baseline 0 -17"><span class='ocrx_word' id='word_1_800' title='bbox 1992 4293 2088 4346; x_wconf 90' lang='lat' dir='ltr'><strong>lem</strong></span> <span class='ocrx_word' id='word_1_801' title='bbox 2118 4293 2172 4345; x_wconf 90' lang='lat' dir='ltr'><strong>in</strong></span> <span class='ocrx_word' id='word_1_802' title='bbox 2198 4300 2450 4345; x_wconf 85' lang='lat' dir='ltr'><strong>montana</strong></span> <span class='ocrx_word' id='word_1_803' title='bbox 2479 4293 2684 4361; x_wconf 85' lang='lat' dir='ltr'><strong>regione</strong></span> <span class='ocrx_word' id='word_1_804' title='bbox 2731 4293 2835 4362; x_wconf 81' lang='lat' dir='ltr'><strong>sita</strong></span> <span class='ocrx_word' id='word_1_805' title='bbox 2866 4302 2974 4354; x_wconf 86' lang='lat' dir='ltr'><strong>est;</strong></span> <span class='ocrx_word' id='word_1_806' title='bbox 3003 4290 3215 4346; x_wconf 86' lang='lat' dir='ltr'><strong>Jericho</strong></span> <span class='ocrx_word' id='word_1_807' title='bbox 3248 4309 3362 4346; x_wconf 88' lang='lat' dir='ltr'><strong>vero</strong></span> <span class='ocrx_word' id='word_1_808' title='bbox 3389 4292 3442 4344; x_wconf 91' lang='lat' dir='ltr'><strong>in</strong></span> <span class='ocrx_word' id='word_1_809' title='bbox 3468 4291 3557 4345; x_wconf 83' lang='lat' dir='ltr'><strong>de-</strong></span> 
     </span>
    </p>
   </div>
   <div class='ocr_carea' id='block_1_103' title="bbox 1987 4382 3559 4452">
    <p class='ocr_par' dir='ltr' id='par_1_103' title="bbox 1987 4382 3559 4452">
     <span class='ocr_line' id='line_1_103' title="bbox 1987 4382 3559 4452; baseline 0 -16"><span class='ocrx_word' id='word_1_810' title='bbox 1987 4399 2165 4452; x_wconf 86' lang='lat' dir='ltr'><strong>presso</strong></span> <span class='ocrx_word' id='word_1_811' title='bbox 2191 4399 2254 4436; x_wconf 93' lang='lat' dir='ltr'><strong>ac</strong></span> <span class='ocrx_word' id='word_1_812' title='bbox 2280 4382 2467 4436; x_wconf 86' lang='lat' dir='ltr'><strong>humili</strong></span> <span class='ocrx_word' id='word_1_813' title='bbox 2521 4382 2633 4436; x_wconf 92' lang='lat' dir='ltr'><strong>loco</strong></span> <span class='ocrx_word' id='word_1_814' title='bbox 2663 4384 2730 4435; x_wconf 86' lang='lat' dir='ltr'><strong>ad</strong></span> <span class='ocrx_word' id='word_1_815' title='bbox 2760 4382 2974 4436; x_wconf 86' lang='lat' dir='ltr'><strong>Salsum</strong></span> <span class='ocrx_word' id='word_1_816' title='bbox 3004 4400 3186 4447; x_wconf 85' lang='lat' dir='ltr'><strong>mare;</strong></span> <span class='ocrx_word' id='word_1_817' title='bbox 3225 4384 3272 4434; x_wconf 86' lang='lat' dir='ltr'><strong>si</strong></span> <span class='ocrx_word' id='word_1_818' title='bbox 3299 4384 3416 4452; x_wconf 86' lang='lat' dir='ltr'><strong>quis</strong></span> <span class='ocrx_word' id='word_1_819' title='bbox 3478 4400 3559 4436; x_wconf 83' lang='lat' dir='ltr'><strong>ve-</strong></span> 
     </span>
    </p>
   </div>
   <div class='ocr_carea' id='block_1_104' title="bbox 1989 4475 3556 4545">
    <p class='ocr_par' dir='ltr' id='par_1_104' title="bbox 1989 4475 3556 4545">
     <span class='ocr_line' id='line_1_104' title="bbox 1989 4475 3556 4545; baseline -0.001 -16"><span class='ocrx_word' id='word_1_820' title='bbox 1989 4486 2157 4529; x_wconf 85' lang='lat' dir='ltr'><strong>strum</strong></span> <span class='ocrx_word' id='word_1_821' title='bbox 2180 4475 2310 4529; x_wconf 85' lang='lat' dir='ltr'><strong>vidit</strong></span> <span class='ocrx_word' id='word_1_822' title='bbox 2343 4475 2534 4543; x_wconf 86' lang='lat' dir='ltr'><strong>locum,</strong></span> <span class='ocrx_word' id='word_1_823' title='bbox 2559 4477 2697 4530; x_wconf 83' lang='lat' dir='ltr'><strong>novit</strong></span> <span class='ocrx_word' id='word_1_824' title='bbox 2718 4493 2837 4529; x_wconf 77' lang='lat' dir='ltr'><strong>vera</strong></span> <span class='ocrx_word' id='word_1_825' title='bbox 2863 4493 2973 4529; x_wconf 85' lang='lat' dir='ltr'><strong>esse</strong></span> <span class='ocrx_word' id='word_1_826' title='bbox 2997 4493 3112 4545; x_wconf 80' lang='lat' dir='ltr'><strong>qua:</strong></span> <span class='ocrx_word' id='word_1_827' title='bbox 3143 4476 3408 4539; x_wconf 86' lang='lat' dir='ltr'><strong>dicuntur,</strong></span> <span class='ocrx_word' id='word_1_828' title='bbox 3425 4484 3556 4538; x_wconf 87' lang='lat' dir='ltr'><strong>etc.,</strong></span> 
     </span>
    </p>
   </div>
   <div class='ocr_carea' id='block_1_105' title="bbox 1991 4565 3559 4638">
    <p class='ocr_par' dir='ltr' id='par_1_105' title="bbox 1991 4565 3559 4638">
     <span class='ocr_line' id='line_1_105' title="bbox 1991 4565 3559 4638; baseline 0.001 -20"><span class='ocrx_word' id='word_1_829' title='bbox 1991 4567 2226 4621; x_wconf 90' lang='lat' dir='ltr'><strong>hominis</strong></span> <span class='ocrx_word' id='word_1_830' title='bbox 2248 4575 2396 4631; x_wconf 92' lang='lat' dir='ltr'><strong>sunt,</strong></span> <span class='ocrx_word' id='word_1_831' title='bbox 2426 4568 2519 4637; x_wconf 91' lang='lat' dir='ltr'><strong>qui</strong></span> <span class='ocrx_word' id='word_1_832' title='bbox 2557 4582 2698 4620; x_wconf 90' lang='lat' dir='ltr'><strong>vana</strong></span> <span class='ocrx_word' id='word_1_833' title='bbox 2737 4567 2882 4621; x_wconf 89' lang='lat' dir='ltr'><strong>serio</strong></span> <span class='ocrx_word' id='word_1_834' title='bbox 2913 4568 3066 4633; x_wconf 89' lang='lat' dir='ltr'><strong>dicit,</strong></span> <span class='ocrx_word' id='word_1_835' title='bbox 3107 4584 3214 4622; x_wconf 91' lang='lat' dir='ltr'><strong>non</strong></span> <span class='ocrx_word' id='word_1_836' title='bbox 3252 4565 3559 4638; x_wconf 87' lang='lat' dir='ltr'><strong>gravissimi</strong></span> 
     </span>
    </p>
   </div>
   <div class='ocr_carea' id='block_1_106' title="bbox 1989 4651 3560 4728">
    <p class='ocr_par' dir='ltr' id='par_1_106' title="bbox 1989 4651 3560 4728">
     <span class='ocr_line' id='line_1_106' title="bbox 1989 4651 3560 4728; baseline 0.003 -22"><span class='ocrx_word' id='word_1_837' title='bbox 1989 4651 2206 4721; x_wconf 87' lang='lat' dir='ltr'><strong>Patris,</strong></span> <span class='ocrx_word' id='word_1_838' title='bbox 2265 4655 2357 4724; x_wconf 88' lang='lat' dir='ltr'><strong>qui</strong></span> <span class='ocrx_word' id='word_1_839' title='bbox 2412 4657 2615 4727; x_wconf 89' lang='lat' dir='ltr'><strong>ubique</strong></span> <span class='ocrx_word' id='word_1_840' title='bbox 2649 4656 3174 4713; x_wconf 90' lang='lat' dir='ltr'><strong>convenientissima</strong></span> <span class='ocrx_word' id='word_1_841' title='bbox 3235 4672 3462 4728; x_wconf 64' lang='lat' dir='ltr'><strong>quaeque</strong></span> <span class='ocrx_word' id='word_1_842' title='bbox 3507 4666 3560 4710; x_wconf 86' lang='lat' dir='ltr'><strong>et</strong></span> 
     </span>
    </p>
   </div>
   <div class='ocr_carea' id='block_1_107' title="bbox 1989 4743 2480 4802">
    <p class='ocr_par' dir='ltr' id='par_1_107' title="bbox 1989 4743 2480 4802">
     <span class='ocr_line' id='line_1_107' title="bbox 1989 4743 2480 4802; baseline 0.006 -5"><span class='ocrx_word' id='word_1_843' title='bbox 1989 4743 2279 4800; x_wconf 88' lang='lat' dir='ltr'><strong>utilissima</strong></span> <span class='ocrx_word' id='word_1_844' title='bbox 2301 4747 2480 4802; x_wconf 90' lang='lat' dir='ltr'><strong>docet.</strong></span> 
     </span>
    </p>
   </div>
   <div class='ocr_carea' id='block_1_108' title="bbox 2062 4836 3559 4910">
    <p class='ocr_par' dir='ltr' id='par_1_108' title="bbox 2062 4836 3559 4910">
     <span class='ocr_line' id='line_1_108' title="bbox 2062 4836 3559 4910; baseline 0.001 -22"><span class='ocrx_word' id='word_1_845' title='bbox 2062 4836 2148 4888; x_wconf 79' lang='grc'><strong>15.</strong></span> <span class='ocrx_word' id='word_1_846' title='bbox 2179 4836 2407 4901; x_wconf 92' lang='lat' dir='ltr'><strong>Auctor,</strong></span> <span class='ocrx_word' id='word_1_847' title='bbox 2442 4837 2696 4910; x_wconf 91' lang='lat' dir='ltr'><strong>quisquis</strong></span> <span class='ocrx_word' id='word_1_848' title='bbox 2725 4848 2829 4906; x_wconf 91' lang='lat' dir='ltr'><strong>est,</strong></span> <span class='ocrx_word' id='word_1_849' title='bbox 2861 4847 2955 4894; x_wconf 91' lang='lat' dir='ltr'><strong>aut</strong></span> <span class='ocrx_word' id='word_1_850' title='bbox 2981 4838 3216 4895; x_wconf 85' lang='lat' dir='ltr'><strong>Basilius</strong></span> <span class='ocrx_word' id='word_1_851' title='bbox 3243 4838 3360 4909; x_wconf 89' lang='lat' dir='ltr'><strong>ipse</strong></span> <span class='ocrx_word' id='word_1_852' title='bbox 3387 4836 3559 4892; x_wconf 88' lang='lat' dir='ltr'><strong>videri</strong></span> 
     </span>
    </p>
   </div>
   <div class='ocr_carea' id='block_1_109' title="bbox 1986 4924 3562 4986">
    <p class='ocr_par' dir='ltr' id='par_1_109' title="bbox 1986 4924 3562 4986">
     <span class='ocr_line' id='line_1_109' title="bbox 1986 4924 3562 4986; baseline 0.002 -10"><span class='ocrx_word' id='word_1_853' title='bbox 1986 4924 2182 4986; x_wconf 88' lang='lat' dir='ltr'><strong>voluit,</strong></span> <span class='ocrx_word' id='word_1_854' title='bbox 2217 4934 2312 4980; x_wconf 91' lang='lat' dir='ltr'><strong>aut</strong></span> <span class='ocrx_word' id='word_1_855' title='bbox 2339 4936 2486 4981; x_wconf 90' lang='lat' dir='ltr'><strong>certe</strong></span> <span class='ocrx_word' id='word_1_856' title='bbox 2519 4927 2827 4984; x_wconf 87' lang='lat' dir='ltr'><strong>Basilianus</strong></span> <span class='ocrx_word' id='word_1_857' title='bbox 2866 4945 2989 4985; x_wconf 82' lang='lat' dir='ltr'><strong>esse</strong></span> <span class='ocrx_word' id='word_1_858' title='bbox 3034 4930 3262 4984; x_wconf 88' lang='lat' dir='ltr'><strong>studuit.</strong></span> <span class='ocrx_word' id='word_1_859' title='bbox 3304 4929 3434 4982; x_wconf 65' lang='lat' dir='ltr'><strong>Nam</strong></span> <span class='ocrx_word' id='word_1_860' title='bbox 3463 4928 3562 4980; x_wconf 87' lang='lat' dir='ltr'><strong>ali-</strong></span> 
     </span>
    </p>
   </div>
   <div class='ocr_carea' id='block_1_110' title="bbox 1990 5017 3563 5090">
    <p class='ocr_par' dir='ltr' id='par_1_110' title="bbox 1990 5017 3563 5090">
     <span class='ocr_line' id='line_1_110' title="bbox 1990 5017 3563 5090; baseline 0.004 -24"><span class='ocrx_word' id='word_1_861' title='bbox 1990 5017 2210 5086; x_wconf 87' lang='lat' dir='ltr'><strong>quando</strong></span> <span class='ocrx_word' id='word_1_862' title='bbox 2232 5018 2397 5071; x_wconf 78' lang='lat' dir='ltr'><strong>verba</strong></span> <span class='ocrx_word' id='word_1_863' title='bbox 2426 5018 2563 5088; x_wconf 89' lang='lat' dir='ltr'><strong>ipsa,</strong></span> <span class='ocrx_word' id='word_1_864' title='bbox 2584 5036 2725 5089; x_wconf 64' lang='lat' dir='ltr'><strong>saepe</strong></span> <span class='ocrx_word' id='word_1_865' title='bbox 2742 5022 3043 5076; x_wconf 88' lang='lat' dir='ltr'><strong>sententias</strong></span> <span class='ocrx_word' id='word_1_866' title='bbox 3084 5021 3153 5075; x_wconf 92' lang='lat' dir='ltr'><strong>ab</strong></span> <span class='ocrx_word' id='word_1_867' title='bbox 3173 5037 3238 5075; x_wconf 90' lang='lat' dir='ltr'><strong>eo</strong></span> <span class='ocrx_word' id='word_1_868' title='bbox 3259 5021 3563 5090; x_wconf 91' lang='lat' dir='ltr'><strong>sumpsisse</strong></span> 
     </span>
    </p>
   </div>
   <div class='ocr_carea' id='block_1_111' title="bbox 1991 5109 3559 5182">
    <p class='ocr_par' dir='ltr' id='par_1_111' title="bbox 1991 5109 3559 5182">
     <span class='ocr_line' id='line_1_111' title="bbox 1991 5109 3559 5182; baseline 0.001 -20"><span class='ocrx_word' id='word_1_869' title='bbox 1991 5109 2437 5177; x_wconf 86' lang='lat' dir='ltr'><strong>deprehenditur.</strong></span> <span class='ocrx_word' id='word_1_870' title='bbox 2466 5110 2597 5176; x_wconf 62' lang='lat' dir='ltr'><strong>Quae</strong></span> <span class='ocrx_word' id='word_1_871' title='bbox 2636 5129 2765 5182; x_wconf 83' lang='lat' dir='ltr'><strong>ergo</strong></span> <span class='ocrx_word' id='word_1_872' title='bbox 2811 5113 2898 5167; x_wconf 91' lang='lat' dir='ltr'><strong>hic</strong></span> <span class='ocrx_word' id='word_1_873' title='bbox 2923 5112 3066 5167; x_wconf 89' lang='lat' dir='ltr'><strong>dicta</strong></span> <span class='ocrx_word' id='word_1_874' title='bbox 3090 5123 3216 5167; x_wconf 90' lang='lat' dir='ltr'><strong>sunt</strong></span> <span class='ocrx_word' id='word_1_875' title='bbox 3245 5123 3337 5166; x_wconf 89' lang='lat' dir='ltr'><strong>aut</strong></span> <span class='ocrx_word' id='word_1_876' title='bbox 3357 5111 3422 5166; x_wconf 90' lang='lat' dir='ltr'><strong>de</strong></span> <span class='ocrx_word' id='word_1_877' title='bbox 3455 5112 3559 5172; x_wconf 92' lang='lat' dir='ltr'><strong>ira,</strong></span> 
     </span>
    </p>
   </div>
   <div class='ocr_carea' id='block_1_112' title="bbox 1996 5199 3566 5274">
    <p class='ocr_par' dir='ltr' id='par_1_112' title="bbox 1996 5199 3566 5274">
     <span class='ocr_line' id='line_1_112' title="bbox 1996 5199 3566 5274; baseline 0.004 -21"><span class='ocrx_word' id='word_1_878' title='bbox 1996 5209 2090 5254; x_wconf 89' lang='lat' dir='ltr'><strong>aut</strong></span> <span class='ocrx_word' id='word_1_879' title='bbox 2116 5199 2181 5254; x_wconf 92' lang='lat' dir='ltr'><strong>de</strong></span> <span class='ocrx_word' id='word_1_880' title='bbox 2212 5201 2438 5269; x_wconf 89' lang='lat' dir='ltr'><strong>invidia,</strong></span> <span class='ocrx_word' id='word_1_881' title='bbox 2472 5212 2566 5257; x_wconf 87' lang='lat' dir='ltr'><strong>aut</strong></span> <span class='ocrx_word' id='word_1_882' title='bbox 2593 5204 2661 5258; x_wconf 92' lang='lat' dir='ltr'><strong>de</strong></span> <span class='ocrx_word' id='word_1_883' title='bbox 2703 5205 2956 5270; x_wconf 86' lang='lat' dir='ltr'><strong>avaritia,</strong></span> <span class='ocrx_word' id='word_1_884' title='bbox 2997 5220 3104 5260; x_wconf 91' lang='lat' dir='ltr'><strong>nou</strong></span> <span class='ocrx_word' id='word_1_885' title='bbox 3144 5203 3360 5259; x_wconf 89' lang='lat' dir='ltr'><strong>aliunde</strong></span> <span class='ocrx_word' id='word_1_886' title='bbox 3390 5203 3566 5274; x_wconf 87' lang='lat' dir='ltr'><strong>magis</strong></span> 
     </span>
    </p>
   </div>
   <div class='ocr_carea' id='block_1_113' title="bbox 2000 5506 2709 5576">
    <p class='ocr_par' dir='ltr' id='par_1_113' title="bbox 2000 5506 2709 5576">
     <span class='ocr_line' id='line_1_113' title="bbox 2000 5506 2709 5576; baseline -0.004 -13"><span class='ocrx_word' id='word_1_887' title='bbox 2000 5524 2131 5564; x_wconf 87' lang='lat' dir='ltr'><strong>mss.</strong></span> <span class='ocrx_word' id='word_1_888' title='bbox 2164 5508 2506 5576; x_wconf 89' lang='lat' dir='ltr'><strong>permutatio.</strong></span> <span class='ocrx_word' id='word_1_889' title='bbox 2551 5506 2709 5562; x_wconf 72' lang='lat' dir='ltr'><strong>Eutr.</strong></span> 
     </span>
    </p>
   </div>
   <div class='ocr_carea' id='block_1_114' title="bbox 2071 5576 2598 5650">
    <p class='ocr_par' dir='ltr' id='par_1_114' title="bbox 2071 5576 2598 5650">
     <span class='ocr_line' id='line_1_114' title="bbox 2071 5576 2598 5650; baseline 0 -20"><span class='ocrx_word' id='word_1_890' title='bbox 2071 5579 2143 5649; x_wconf 78' lang='grc' dir='ltr'><strong>(ὁ)</strong></span> <span class='ocrx_word' id='word_1_891' title='bbox 2180 5579 2315 5650; x_wconf 82' lang='lat' dir='ltr'><strong>Lege</strong></span> <span class='ocrx_word' id='word_1_892' title='bbox 2339 5595 2462 5633; x_wconf 88' lang='lat' dir='ltr'><strong>num</strong></span> <span class='ocrx_word' id='word_1_893' title='bbox 2475 5619 2486 5634; x_wconf 94' lang='lat'><strong>.</strong></span> <span class='ocrx_word' id='word_1_894' title='bbox 2509 5576 2598 5631; x_wconf 76' lang='lat'><strong>9.9.</strong></span> 
     </span>
    </p>
   </div>
  </div>
