3972 6202
399 238 475 292 29
670 220 677 225 ’
1830 226 1997 284 ΡΒΔΞ·

2102 222 2220 283 ΙῚΟ.
3584 230 3654 286 30

412 353 626 418 sumpta
654 358 780 402 esse
812 350 1057 407 constat,
1086 356 1251 413 quam
1280 357 1312 398 e
1340 341 1525 400 Basilii
1552 341 1743 407 libris,
1774 342 1891 412 qui,
1925 344 1988 394 ut
2014 341 2058 398 Α
2088 338 2303 394 illorum
2323 349 2372 394 et
2393 342 2594 411 proprii
2613 348 2664 397 et
2684 344 2918 397 consueti
2946 343 3086 398 oculi
3121 359 3223 398 non
3247 354 3647 415 cognoscuntur,

410 449 596 494 notum
645 446 755 501 est,
802 437 891 493 bis
937 438 1006 491 de
1058 436 1208 491 vitiis
1259 435 1657 506 pulcherrimas
1704 436 1983 490 orationes

410 528 619 584 babuit.
648 526 763 580 [mo
782 528 946 580 etiam
980 525 1028 581 si
1058 525 1185 596 quis
1212 524 1501 595 diligenter
1533 524 1676 595 legat
1704 538 1824 579 eam
1850 538 1984 578 con-

407 637 643 687 nonem,
680 621 771 674 cui
811 619 1008 675 titulus
1049 626 1134 675 cst
1160 635 1172 670 :
1203 617 1354 683 Quod
1388 618 1528 673 Deus
1560 635 1665 672 non
1688 627 1766 673 est
1799 627 1985 673 auctor

406 712 696 777 malorum,
739 711 868 766 inde
918 725 1140 781 quoque
1181 711 1386 781 aliquid
1432 725 1754 781 expressum
1813 709 1985 767 fuisse

407 815 690 875 agnoscet.
716 802 895 865 Nunc,
928 811 988 857 ut
1026 817 1090 858 ea
1113 802 1181 857 de
1226 817 1287 858 re
1327 802 1645 858 existimare
1684 801 1882 872 cuique
1918 801 1987 855 li-

409 902 551 957 ceat,
586 895 862 965 proferam
888 895 1066 948 locum
1098 909 1290 955 unum,
1322 910 1386 948 ex
1410 908 1519 963 quo
1534 893 1602 949 de
1625 895 1835 949 caeteris
1854 910 1987 949 con-

408 987 621 1057 jectura
683 985 799 1040 tieri
856 985 1079 1056 possit.
1121 985 1325 1039 Auctor
1394 985 1563 1054 igitur
1615 985 1695 1040 sic
1746 984 1989 1055 loquitur

412 1081 558 1150 (pag.
584 1077 711 1151 589)
736 1096 749 1131 :
775 1078 900 1140 Πῶς
930 1078 1232 1149 ἀσχημονεῖ
1251 1080 1280 1131 6
1312 1076 1599 1149 θυμώδης;
1645 1077 1987 1131 Ἀποτίθεται

408 1173 473 1225 τὸ
504 1172 692 1242 σχῆμα
721 1170 782 1223 τὺ
828 1168 1189 1242 ἀνθρώπινον,
1243 1168 1432 1241 θηρίου
1481 1170 1670 1241 σχῆμα
1708 1171 1988 1241 μεταλαμ-

413 1264 583 1319 ϐάνει.
650 1261 936 1335 Ἐννόησον
961 1262 1053 1316 τὸν
1074 1261 1414 1334 θυμούμενον
1432 1278 1446 1292 ·
1502 1262 1761 1328 ἐπέζεσεν
1790 1263 1937 1333 αὐτῷ
1960 1265 1990 1316 6

413 1355 602 1426 θυμὸς,
647 1356 743 1408 καὶ
783 1357 832 1407 οι
878 1353 1149 1424 ὀφθαλμοὶ
1185 1353 1593 1426 ὑπηλλάγησαν,
1620 1356 1721 1409 οὐκ
1762 1357 1898 1409 εἰσὶν
1940 1358 1989 1409 οἱ

413 1447 564 1499 αὐτοὶ
615 1445 917 1516 ὀφθαλμοί·
963 1444 1077 1516 πῦρ
1132 1443 1341 1515 βλέπει,
1388 1446 1692 1518 ἀνέδραμεν
1746 1446 1894 1517 αὐτῷ
1930 1448 1992 1501 τὸ

414 1534 572 1609 αἷμα,
598 1537 884 1609 περιέξεσε
899 1537 1001 1608 τὴν
1018 1540 1266 1612 καρδίαν,
1296 1538 1574 1611 ὑπέδραμε
1602 1541 1728 1604 τοὺς
1758 1540 1992 1611 χιτῶνας

410 1631 517 1684 τῶν
553 1629 868 1700 ὀφθαλμῶν,
891 1631 1109 1699 ἐγένετο
1138 1630 1373 1702 ὕφαιμος
1404 1631 1665 1703 ἐγχωρῶν
1686 1631 1767 1703 τῷ
1803 1630 1987 1698 πάθει,

412 1720 706 1792 ἡλλοίωσεν
752 1721 915 1775 αὑτοῦ
970 1723 1098 1787 τοὺς
1129 1722 1459 1795 ὀφθαλμούς.
1507 1723 1677 1793 Ἀνὴρ
1716 1723 1987 1794 θυμώδης

414 1817 522 1869 οὐκ
574 1814 919 1884 εὐσχήμων.
1007 1816 1134 1870 Ἐἀν
1176 1818 1291 1891 ἴδῃς
1335 1817 1427 1870 τὸν
1481 1817 1817 1889 θυμούμενον
1860 1820 1987 1883 τοὺς

414 1906 630 1968 ὀδόντας
669 1905 1081 1977 παραθήγοντα,
1133 1908 1463 1981 ἐνθυμήθητι
1516 1909 1599 1962 ὅτι
1639 1909 1727 1962 συῒ
1762 1909 1987 1964 ἔοικενό

413 1998 741 2063 τοιοῦτος...
767 2000 863 2054 ἐὰν
885 2001 1003 2071 ῐδῃς
1026 2000 1119 2054 τὸν
1160 1999 1499 2073 θυμούμενον
1523 2002 1726 2074 πατρὸς
1750 2003 1848 2072 μὲν
1869 2005 1988 2056 ἐπι-

417 2093 639 2147 mem
646 2110 827 2164 μενον,
842 2093 1029 2155 παιδὸς
1043 2093 1102 2147 δὲ
1119 2094 1412 2162 ἀγνοοῦντα
1430 2093 1674 2163 σῶμα....
1693 2095 1785 2147 καὶ
1798 2094 1988 2163 γέγονε

418 2182 601 2236 κακῶν
645 2182 966 2250 φιλονεικία.
1005 2183 1066 2235 '0
1116 2182 1173 2235 δὲ
1212 2185 1268 2236 ὲν
1298 2183 1483 2238 κακῶν
1518 2183 1767 2255 ἁμίλλαις
1799 2184 1987 2252 νικῶν,

418 2269 568 2338 οὗτος
618 2274 948 2347 ἀθλιώτερος
998 2277 1166 2330 ἐστιν.
1223 2277 1497 2342 Quomodo
1545 2278 1846 2333 inhonestus
1887 2289 1986 2346 est,

422 2366 504 2436 qui
520 2365 811 2420 iracundus
836 2368 961 2422 est?
999 2365 1165 2420 Exuit
1195 2367 1431 2421 habitum
1468 2368 1777 2435 humanum,
1804 2371 1992 2425 bellui-

424 2474 537 2510 nam
571 2457 814 2510 habitum
835 2456 1029 2511 induit.
1050 2455 1217 2527 Finge
1246 2458 1340 2511 tibi
1363 2458 1541 2511 animo
1564 2460 1797 2525 iratum;
1834 2460 1991 2529 e/fer—

431 2546 525 2599 fuit
545 2548 602 2600 in
639 2548 753 2614 ipso
771 2548 879 2608 ira,
914 2557 964 2601 et
994 2547 1133 2601 rntuli
1152 2549 1343 2601 mutati
1374 2557 1497 2602 sunt
1520 2563 1659 2603 :non
1685 2559 1807 2604 sunt
1831 2550 1992 2604 iidem

427 2633 579 2697 oculi,
604 2635 924 2703 ignescunt:
945 2639 1180 2690 excurrit
1208 2639 1371 2707 ipsius
1402 2640 1640 2709 sanguis,
1672 2641 1870 2693 circum
1903 2656 1995 2695 cor

426 2725 623 2792 ebullit,
649 2727 861 2780 tunicas
884 2726 1026 2781 subit
1046 2729 1354 2783 oculorum:
1372 2730 1700 2800 suffunditur
1720 2734 1991 2804 sanguine,

426 2832 539 2869 cum
580 2816 767 2870 morbo
819 2821 1144 2885 succumbit;
1197 2822 1387 2876 atterat
1427 2823 1604 2879 oculos
1636 2841 1781 2879 suos.
1830 2842 1852 2877 ι
1904 2823 1995 2879 Vir

430 2907 715 2962 iracundus
746 2917 827 2962 est
863 2908 1191 2964 inhonestus.
1221 2930 1241 2963 ι
1270 2910 1332 2966 Si
1356 2911 1549 2967 videris
1588 2915 1783 2970 iratum
1814 2916 1994 2972 dentes

2085 432 2334 503 επεν-απυδ
2361 442 2441 487 est
2462 442 2719 502 aspectus,
2753 443 2906 505 atque
2939 437 3055 507 igne
3075 437 3192 507 jam
3220 438 3401 491 micat.
3429 435 3569 504 Quin
3603 446 3653 493 et

2082 523 2444 592 grassantium
2467 539 2621 576 suum
2651 539 2795 578 more
2833 523 3010 578 dentes
3049 525 3210 580 acuit.
3246 522 3434 579 Facies
3462 533 3541 581 est
3586 527 3656 580 li-

2084 613 2206 668 vida
2227 622 2275 668 et
2303 614 2557 684 sanguine
2579 615 2853 684 suffusa...
2884 614 3030 669 Nam
3076 618 3133 669 in
3154 617 3311 671 malis
3341 618 3531 688 pugnis
3561 618 3658 671 mi-

2088 706 2258 759 serior
2298 714 2376 760 est
2433 706 2525 776 qui
2575 707 2753 761 uincit.
2810 706 2936 763 Haec
2982 715 3160 763 autem
3190 723 3255 764 eo
3291 710 3450 765 retuli
3492 712 3656 781 paulo

2086 798 2290 863 fusius,
2338 813 2406 853 ne
2448 799 2574 869 quis
2620 800 2913 855 miraretur
2951 800 3097 872 quod
3141 801 3257 857 haec
3284 802 3461 858 oratio
3514 805 3659 860 inter

2088 905 2249 946 veras
2279 904 2342 945 ac
2385 905 2673 962 germanas
2715 892 2897 947 Basilii
2958 894 3235 950 orationes
3290 894 3346 948 in
3403 896 3658 951 omnibus

2096 980 2251 1036 libris
2278 983 2454 1051 posita
2484 980 2574 1036 sit.
2603 980 2739 1037 Cum
2764 983 2908 1037 enim
2952 984 3462 1040 animadvertissent
3491 986 3660 1039 libra-

2090 1071 2184 1135 rii,
2215 1072 2387 1127 multa
2414 1072 2469 1127 in
2494 1088 2557 1128 ea
2580 1074 2830 1144 reperiri,
2862 1090 2984 1144 quae
3019 1077 3073 1129 in
3096 1075 3282 1132 Basilii
3303 1078 3661 1133 concionibus

2092 1166 2484 1235 reperirentur,
2516 1164 2673 1221 facile
2701 1167 2918 1222 adducti
2938 1176 3085 1233 sunt,
3117 1177 3173 1222 ut
3199 1170 3372 1241 ipsam
3408 1171 3551 1225 inter
3577 1186 3664 1243 ge-

2087 1259 2255 1312 nuina
2290 1258 2436 1313 illius
2474 1259 2680 1329 scripta
2710 1260 3064 1314 collocarent.

2137 1348 2165 1420 ᾗ
2183 1347 2247 1403 V.
2274 1347 2350 1414 De
2364 1348 2584 1402 homilia
2604 1350 2657 1403 in
2679 1349 2966 1405 humanam
2984 1349 3186 1406 Christi
3205 1354 3589 1423 generationem

2166 1440 2253 1495 16.
2285 1440 2591 1511 Antequam
2651 1441 2992 1497 eruditorum
3029 1442 3098 1497 de
3135 1443 3238 1499 hac
3272 1445 3521 1499 oratione
3543 1444 3666 1515 opi-

2088 1530 2283 1587 niones
2316 1529 2638 1597 referamus,
2664 1532 2760 1587 abs
2790 1547 2849 1588 re
2876 1548 2983 1587 non
3025 1533 3129 1588 erit
3164 1534 3353 1603 paucis
3383 1535 3661 1601 adnotare,

2095 1639 2216 1694 quas
2246 1624 2404 1679 nobis
2436 1624 2489 1678 in
2518 1639 2583 1678 ea
2618 1626 2758 1679 scitu
2788 1624 2950 1695 digna
2982 1626 3098 1680 visa
3122 1633 3269 1682 sunt.
3290 1625 3532 1681 Primum
3564 1627 3666 1697 igi-

2096 1723 2186 1770 tur
2218 1716 2476 1786 scriptor,
2506 1716 2821 1786 quicunque
2855 1716 2945 1770 ille
2975 1714 3097 1779 fuit,
3130 1717 3328 1773 multas
3348 1716 3502 1773 all‘ert
3534 1733 3666 1773 cau—

2092 1824 2207 1873 sas,
2234 1823 2336 1863 cur
2362 1807 2531 1862 Maria
2565 1808 2894 1878 desponsata
2931 1809 3002 1863 sit
3038 1810 3159 1863 viro
3193 1829 3211 1865 ι
3235 1824 3391 1881 quas,
3419 1811 3466 1866 si
3499 1826 3662 1865 unam

2097 1902 2361 1974 excipias,
2385 1901 2454 1957 de
2483 1916 2591 1972 qua
2621 1902 2788 1974 paulo
2819 1910 2943 1974 post
2973 1903 3315 1958 commodius
3333 1903 3529 1969 dicam,
3562 1907 3667 1960 hoc

2094 1995 2216 2049 loco
2260 1994 2573 2050 exscribere
2622 2011 2732 2050 non
2788 1995 3012 2065 pigebit.
3047 1994 3114 2048 Et
3156 1996 3412 2066 quoniam
3446 1986 3668 2067 praestat

2094 2086 2244 2157 ipsos
2284 2094 2538 2142 auctores
2584 2086 2805 2152 audire,
2838 2089 2956 2157 ipsa
3000 2086 3187 2142 (ἔπειτα
3246 2089 3409 2143 verba
3463 2087 3670 2145 referre

2096 2178 2285 2231 statui.
2311 2176 2402 2232 Sic
2427 2178 2846 2249 igiturloquitur
2867 2179 3013 2249 (pag.
3045 2180 3169 2248 598)
3204 2200 3216 2235 :
3244 2180 3355 2234 Kal.
3381 2179 3666 2252 παρθένος,

2095 2269 2191 2322 καὶ
2242 2269 2691 2341 μεμνηστευμένη
2746 2270 2920 2342 ἀνδρὶ,
2956 2271 3236 2343 ἐπιτηδεία
3271 2271 3404 2342 πρὸς
3444 2273 3541 2343 τὴν
3570 2271 3670 2342 τῆς

2095 2365 2404 2435 οἰκονομίας
2457 2364 2730 2419 διακονίαν
2783 2365 2999 2436 ἐκρίθη,
3044 2364 3130 2418 ἴνα
3182 2364 3274 2418 καὶ
3324 2365 3359 2435 ἡ
3408 2361 3671 2434 παρθενία

2096 2456 2323 2528 τιμηθῇ,
2359 2458 2452 2510 καὶ
2477 2459 2504 2509 ὁ
2526 2457 2702 2528 γάμος
2738 2457 2812 2529 μὴ
2847 2456 3134 2528 φαυλισθῇ.
3178 2456 3243 2509 Ἡ
3276 2453 3538 2526 παρθενία
3573 2453 3671 2525 μὲν

2097 2550 2206 2621 γὰρ
2234 2549 2307 2613 ὡς
2329 2549 2611 2620 ἐπιτηδεία
2642 2550 2777 2620 πρὸς
2801 2548 3069 2618 ἀγιασμὸν
3100 2546 3321 2617 ὲξελέγη
3341 2564 3354 2578 ·
3379 2546 3467 2600 διὰ
3492 2544 3549 2599 δὲ
3572 2543 3673 2613 τῆς

2103 2638 2396 2709 μνηστείας
2429 2640 2485 2709 al
2528 2638 2691 2709 ἀρχαὶ
2741 2637 2835 2692 τοῦ
2876 2638 3056 2707 γάμου
3093 2633 3668 2707 συμπαρελήφθησανο

2099 2707 2231 2800 δμοῧ
2253 2729 2309 2782 δὲ
2353 2707 2453 2782 ἵνα.
2485 2707 2581 2782 καί
2603 2707 2839 2801 Πμάρτυς
2887 2720 3136 2798 οἰκεῖοςῇ
3172 2725 3271 2796 τῆς
3301 2723 3673 2797 καθαρότητος

2098 2823 2318 2895 Μαρίας
2349 2824 2378 2875 6
2419 2823 2639 2895 Ἰωσὴφ,
2672 2823 2765 2875 καὶ
2792 2821 2866 2894 μὴ
2908 2821 3122 2884 ἔκδοτος
3150 2819 3233 2892 εἴη
3266 2821 3376 2883 τοῖς
3405 2817 3675 2887 συκοφάν-

2099 2929 2220 2976 ταις
2246 2912 2320 2976 ὡς
2358 2912 2455 2983 τὴν
2503 2912 2797 2985 παρθενίαν
2832 2912 3203 2984 βεβηλώσασα,
3235 2909 3518 2981 μνηστῆρα
3560 2904 3675 2977 εἶχε

433 3005 715 3059 acuentem,
756 2999 931 3069 cogita
967 2999 1229 3056 hominem
1278 3003 1541 3073 ejusmodi
1595 3022 1724 3075 apro
1768 3009 1995 3063 similem
2024 3035 2072 3095 ο
2101 3006 2194 3061 τοῦ
2225 3006 2340 3078 βίου
2368 3006 2602 3076 φύλακα.
2637 3004 2706 3059 Et
2730 3006 2894 3075 virgo,
2923 3014 2971 3058 et
2995 3004 3104 3058 viro
3126 3002 3461 3072 desponsata,
3495 3000 3674 3053 habita

674 3092 722 3145 si
778 3091 972 3148 videris
1004 3094 1202 3147 iratum
1232 3097 1405 3165 patris
1446 3097 1855 3164 obliciscentem,
1897 3117 2000 3155 non

436 3192 795 3251 agnoscentem
843 3200 1032 3254 corpus
1090 3186 1260 3255 ﬁlii...
1303 3188 1477 3258 sicque
1513 3189 1774 3245 malorum
1800 3193 2005 3261 ﬁtcon-

436 3273 611 3328 tentia.
643 3271 749 3339 Qui
783 3283 959 3328 autem
1003 3276 1163 3329 vincit
1200 3277 1256 3329 in
1312 3279 1576 3333 malorum
1621 3282 1923 3347 certamine,
1955 3283 2001 3337 is

435 3362 598 3431 magis
626 3363 789 3415 miser
809 3373 907 3418 est.
942 3362 1129 3420 Basilii
1168 3376 1346 3420 autem
1379 3368 1538 3422 verba
1561 3377 1689 3422 sunt
1722 3369 1835 3424 haec
1852 3371 1999 3441 (pag.

434 3452 521 3515 85,
549 3452 619 3507 84
651 3467 706 3508 et
738 3453 880 3526 seq.)
914 3474 930 3508 :
960 3455 1058 3508 Διὰ
1104 3454 1292 3511 τοῦτον
1339 3458 1557 3529 ἀδελφοὶ
1602 3460 1699 3530 μὲν
1742 3460 2003 3530 ἀλλήλους

432 3544 738 3616 ἠγνόησαν
774 3547 950 3623 γονεῖς
988 3545 1043 3599 δὲ
1077 3547 1172 3599 καὶ
1219 3548 1383 3602 τέκνα
1420 3540 1520 3620 τῆς
1557 3550 1772 3619 φύσεως
1809 3552 2005 3606 ἐπελά-

435 3633 674 3689 θοντο....
704 3637 800 3689 καὶ
819 3635 965 3700 τίνος
994 3638 1116 3708 οὐχὶ
1158 3638 1375 3693 ἰοϐόλων
1419 3640 1794 3713 ἀναιδέστερον
1842 3645 2005 3715 ἐφορ-

437 3725 665 3796 μῶντες,
714 3727 775 3779 οὐ
824 3729 1087 3800 πρότερον
1129 3730 1373 3784 ἵστανται
1412 3735 1541 3804 πρὶν
1583 3733 1616 3804 ἣ
1651 3735 1737 3789 διὰ
1768 3737 2004 3807 μεγάλου

432 3819 528 3872 καὶ
551 3819 851 3890 ἀνηκέστου
875 3821 1112 3876 κακοῦ...
1148 3823 1473 3897 διαπνευσθῇ
1512 3826 1573 3880 τὸ
1605 3827 2001 3899 φλεγμαῖνον...

447 3909 821 3980 Ὀρεγομένοις
847 3910 955 3984 γὰρ
978 3912 1078 3983 τῆς
1120 3914 1546 3987 ἀντιλυπήσεως.
1573 3920 1784 3991 περιζεῖ
1815 3920 1914 3990 μὲν
1938 3924 2004 3993 τῇ

431 3998 632 4070 καρδίᾳ
689 3998 752 4052 τὸ
806 3993 965 4070 αἷμα,
1007 4001 1195 4074 ὥσπερ
1250 4004 1340 4077 βίᾳ
1371 4008 1541 4081 πυρὸς
1573 4008 1890 4079 κυκώμενον
1913 4013 2008 4065 καὶ

432 4089 741 4156 mnam-
794 4091 933 4163 πρὸς
968 4091 1026 4145 δὲ
1062 4094 1163 4164 τὴν
1203 4096 1520 4165 ἐπιφάνειαν
1576 4099 1903 4171 ὲξανθῆσαν,
1950 4104 2008 4157 ἐν

431 4179 568 4254 ἄλλῃ
595 4183 775 4253 μορφῇ
809 4182 900 4235 τὸν
918 4180 1265 4254 ὀργιζόμενον
1295 4185 1460 4251 ἔδειξε
1482 4205 1496 4219 ·
1522 4188 1619 4261 τὴν
1649 4191 1852 4263 συνήθη
1875 4195 2009 4246 πᾶσι

436 4280 532 4331 καὶ
586 4278 891 4351 γνωριμην,
941 4277 1131 4350 ὥσπερ
1188 4297 1240 4334 τι
1273 4287 1608 4354 προσωπεῖον
1645 4288 1738 4341 ἐπὶ
1782 4292 2005 4361 σκηνῆς,

2102 3109 2178 3155 est
2202 3098 2392 3153 idonea
2442 3095 2515 3152 ad
2564 3097 2721 3168 hujus
2765 3096 3173 3167 dispensationis
3215 3094 3586 3156 ministerium,
3618 3101 3676 3144 ut

2102 3200 2152 3246 et
2180 3192 2454 3262 virginitas
2483 3190 2669 3243 honori
2726 3199 2879 3254 esset,
2907 3199 2955 3242 et
2987 3186 3379 3242 matrimonium
3421 3201 3523 3238 non
3552 3201 3678 3237 con-

2104 3280 2436 3347 temneretur.
2506 3282 2795 3353 l’irginitas
2852 3281 2990 3335 enim
3040 3291 3097 3333 ut
3147 3280 3215 3333 ad
3272 3277 3677 3333 sanctimoniam

2103 3384 2249 3445 apta,
2279 3375 2471 3429 selccta
2520 3385 2597 3428 est
2628 3390 2647 3428 :
2675 3389 2769 3445 per
2797 3372 3251 3443 desponsationcm
3290 3388 3406 3426 vero
3443 3386 3677 3437 compre-

2103 3468 2265 3521 hensa
2291 3476 2411 3527 sunt
2436 3467 2591 3520 initia
2626 3466 2948 3534 nuptiarum.
2984 3463 3159 3520 Simul
3189 3473 3383 3527 autem,
3420 3472 3478 3517 ut
3509 3470 3558 3516 et
3580 3460 3678 3515 Jo-

2104 3558 2229 3629 seph
2276 3558 2525 3628 puritatis
2571 3554 2764 3611 Maria:
2804 3566 2937 3611 esset
2988 3557 3135 3610 testis
3168 3554 3507 3618 domesticus,
3533 3564 3581 3608 et
3616 3570 3679 3607 ne

2105 3651 2577 3707 calumniatoribus
2628 3649 2763 3720 [oret
2816 3648 3072 3714 obnoxia,
3116 3648 3269 3719 quasi
3323 3647 3675 3718 virginitatem

2105 3747 2536 3806 contaminasset,
2570 3758 2815 3812 sponsum
2850 3741 3071 3795 habebat
3111 3741 3230 3795 vitta
3256 3739 3544 3794 custodem.
3566 3738 3678 3795 Nec

2106 3840 2181 3893 ita
2202 3839 2373 3892 multo
2405 3836 2569 3898 infra,
2596 3834 2805 3904 antiqui
2855 3832 3142 3903 cujusdam
3186 3831 3510 3887 sententiam
3552 3846 3678 3899 pro-

2108 3941 2337 3997 ponens,
2380 3926 2522 3979 idem
2559 3932 2751 3978 auctor
2803 3924 2884 3978 sic
2926 3922 3113 3978 scribit
3147 3939 3162 3976 :
3195 3921 3423 3994 Εἴρηται
3470 3921 3526 3973 δὲ
3571 3920 3678 3973 τῶν

2108 4017 2352 4071 παλαιῶν
2393 4033 2497 4069 τινι
2525 4016 2618 4070 καὶ
2660 4017 2845 4087 ἕτερος
2871 4015 3048 4084 λόγος,
3084 4016 3165 4069 ὅτι
3208 4014 3347 4086 ὑπὲρ
3374 4012 3467 4067 τοῦ
3499 4011 3679 4065 λαθεῖν

2106 4109 2198 4161 τὸν
2222 4109 2456 4180 ἄρχοντα
2511 4106 2603 4159 τοῦ
2649 4107 2842 4169 αἰῶνος
2891 4105 3077 4159 τούτου
3130 4105 3230 4175 τὴν
3262 4102 3553 4175 παρθενίαν
3580 4103 3680 4172 τῆς

2108 4201 2327 4272 Μαρίας
2354 4202 2388 4271 ἡ
2412 4197 2505 4252 τοῦ
2545 4199 2742 4268 Ἰωσὴφ
2772 4197 3037 4269 ἐπενοήθη
3073 4197 3352 4269 μνηστεία.
3388 4195 3571 4249 Allata
3602 4204 3681 4249 est

2108 4305 2159 4350 et
2191 4295 2303 4349 alia
2332 4296 2473 4348 ratio
2496 4310 2529 4347 a
2553 4293 2783 4365 quodam
2818 4310 2883 4349 ea:
2916 4294 3168 4363 antiquis,
3205 4292 3439 4347 videlicet
3468 4292 3680 4361 excogi-

438 4370 770 4436 ὁπαλλὰξαν.
810 4371 1109 4443 Ὀφθαλμοὶ
1137 4373 1233 4445 μὲν
1258 4374 1369 4446 γὰρ
1393 4377 1619 4442 ἐκείνοις
1646 4381 1696 4431 oi
1722 4381 1911 4435 οἰκεῖοί
1945 4399 1997 4436 τε

2112 4396 2280 4440 tatam
2302 4386 2467 4456 fuisse
2480 4384 2515 4439 ,1
2519 4386 2694 4455 osephi
2713 4385 3186 4455 desponsationem,
3216 4395 3272 4438 ut
3301 4383 3493 4438 Maria:
3514 4384 3676 4453 virgi-

441 4462 535 4515 καὶ
561 4461 811 4534 συνήθεις
846 4464 1159 4536 ὴγνόηνται,
1186 4468 1504 4540 παράφορον
1533 4469 1589 4522 δὲ
1622 4470 1684 4524 τὸ
1710 4472 1886 4543 ὄμμα,
1915 4476 2009 4528 καὶ

418 4552 553 4625 -πῦρ
711 4553 917 4623 βλέπει,
944 4556 1041 4609 καὶ
1058 4557 1367 4629 παραθήγει
1401 4560 1490 4613 τὸν
1518 4560 1701 4615 ὀδόντα
1730 4563 1872 4617 κατά
1899 4564 2008 4618 τῶν

436 4642 585 4695 συῶν
606 4644 730 4707 τοὺς
758 4644 923 4714 ὁμόσε
946 4646 1275 4717 χωροῦντας.
1308 4648 1605 4719 Πρόσοδπον
1642 4651 1883 4706 πελιδνὸν
1913 4657 2008 4709 καὶ

435 4732 741 4803 ὕφαιμον...
802 4739 862 4789 ὲν
902 4735 1013 4807 γὰρ
1047 4738 1301 4808 ἁμίλλαις
1354 4745 1636 4813 πονηραῖς,
1685 4745 2010 4819 ἀθλιώτερος

434 4826 736 4896 δνικήσας.
766 4825 873 4881 Per
902 4829 1041 4882 iram
1079 4829 1271 4898 fratres
1311 4849 1364 4886 se
1402 4833 1617 4888 inuicem
1651 4838 1953 4907 ignoravere
1987 4859 2007 4897 :

435 4928 679 4986 parentes
725 4935 927 4990 quoque
975 4930 1025 4973 et
1058 4920 1210 4975 liberi
1260 4934 1467 4979 natura
1513 4926 1664 4981 obliti
1716 4940 1906 4988 sunt...
1945 4950 2010 4988 ac

439 5009 796 5079 impudentius
841 5021 1094 5066 venenata
1148 5016 1331 5083 quavis
1377 5015 1543 5072 bestia
1588 5021 1864 5086 irruentes,
1907 5041 2011 5079 non

436 5101 586 5167 prius
615 5099 875 5154 desistunt
911 5118 1073 5172 quam
1127 5104 1477 5173 inﬂammatio
1506 5124 1598 5176 per
1635 5128 1880 5181 magnam
1910 5114 2012 5168 im-

440 5188 903 5262 medicabilemque
962 5193 1330 5260 perniciem...
1408 5199 1796 5256 discutiatur...
1865 5201 2010 5257 Nam

442 5285 584 5336 circa
620 5299 710 5336 cor
729 5283 941 5354 quidem
965 5285 1020 5338 in
1048 5286 1115 5339 iis
1146 5288 1235 5356 qui
1251 5288 1535 5343 vindictam
1563 5291 1832 5359 anhelant,
1854 5296 2012 5363 θιγεῖ-

441 5375 597 5427 uescit
626 5376 863 5444 sanguis,
898 5385 1077 5446 utpote
1096 5378 1146 5432 u‘i
1174 5380 1311 5449 ignis
1330 5382 1630 5452 exagitatus
1660 5402 1723 5438 ac
1743 5396 2008 5443 a’stuans:

442 5463 498 5516 in
546 5466 818 5535 superficie
852 5477 1030 5521 autem
1086 5469 1424 5540 efﬂorescens,
1465 5473 1775 5531 irascentem
1807 5480 1862 5534 in
1898 5481 2012 5537 alia

445 5551 617 5621 {arma
666 5556 921 5622 ostendit,
960 5570 1264 5615 consuetam
1317 5576 1365 5618 et
1395 5574 1573 5620 notam
1618 5571 1858 5627 omnibus
1897 5575 2010 5643 {or-

446 5659 585 5697 main
623 5654 874 5715 tanquam
904 5664 1177 5719 personam
1206 5654 1258 5707 in
1292 5671 1445 5710 scena
1482 5669 1829 5721 commutons.
1866 5663 2007 5721 Nam

2111 4482 2254 4535 nitas
2286 4480 2470 4535 lateret
2498 4481 2656 4549 hujus
2686 4481 2871 4533 mundi
2909 4480 3214 4550 principem.
3244 4478 3343 4534 Vix
3368 4488 3546 4533 autem
3577 4478 3679 4532 du-

2110 4573 2273 4628 bitari
2310 4580 2509 4647 potest,
2539 4576 2671 4644 quin
2698 4572 2905 4644 antiqui
2937 4574 3156 4628 nomine
3187 4571 3570 4643 intelligendus
3607 4573 3680 4627 sit

2110 4673 2319 4735 martyr
2341 4664 2608 4733 lgnatius,
2642 4664 2800 4732 cujus
2852 4666 2964 4719 haec
2988 4672 3117 4719 sunt
3145 4664 3309 4718 verba
3350 4664 3403 4718 in
3437 4662 3681 4733 Epistula

2111 4755 2181 4810 ad
2220 4754 2472 4826 Ephesios
2506 4772 2525 4810 :
2571 4756 2628 4810 Ὀ
2649 4756 2757 4829 γὰρ
2786 4756 2916 4823 Θεὸς
2963 4756 3120 4828 ἡμῶν
3157 4754 3361 4827 Ἰησοῦς
3394 4755 3422 4807 6
3447 4755 3678 4828 Χριστὸς

2110 4849 2454 4921 ὲκυοφορήθη
2491 4848 2596 4902 ὑπὸ
2625 4849 2843 4920 Μαρίας
2891 4850 3009 4901 κατ’
3063 4846 3370 4917 οἰκονομίαν
3414 4846 3569 4912 Θεοῦ,
3614 4848 3680 4899 ἐκ

2112 4942 2426 5013 σπέρματος
2465 4942 2563 5011 μὲν
2605 4942 2797 5005 Δαϐὶδ,
2832 4940 3147 5011 Πνεύματος
3180 4939 3236 4992 δὲ
3280 4941 3525 5008 ἁγίου....
3569 4940 3680 4992 Καὶ

2110 5030 2299 5085 ἔλαθεν
2319 5030 2409 5084 τὸν
2437 5030 2674 5102 ἄρχοντα
2735 5029 2828 5083 τοῦ
2871 5029 3065 5092 αἰῶνος
3114 5028 3303 5083 τούτου
3338 5031 3371 5100 ἡ
3415 5029 3678 5100 παρθενία

2109 5124 2348 5207 Μαρίας,
2388 5126 2481 5178 καὶ
2515 5127 2545 5177 6
2576 5125 2794 5188 τοκετὸς
2821 5124 3011 5194 αὐτῆς,
3039 5125 3238 5194 ὁμοίιος
3278 5125 3370 5177 καὶ
3396 5125 3424 5177 6
3453 5122 3678 5185 θάνατος

2110 5214 2205 5268 τοῦ
2243 5217 2470 5286 Κυρίου.
2500 5215 2639 5270 Deus
2686 5219 2823 5270 enim
2862 5228 3036 5271 noster
3070 5215 3228 5271 Iesus
3271 5215 3512 5271 Christus
3549 5230 3678 5266 con-

2111 5313 2286 5373 ceptus
2333 5316 2410 5358 est
2436 5321 2502 5359 ex
2553 5304 2754 5373 Maria,
2786 5306 3069 5359 secundum
3091 5307 3524 5375 dispensationem
3557 5303 3656 5357 Dei

2109 5411 2178 5451 ea:
2219 5398 2414 5451 semine
2460 5396 2669 5466 quidem
2708 5397 2901 5462 David,
2947 5397 3148 5469 Spiritu
3182 5409 3358 5452 autem
3403 5408 3676 5452 sancto....

2112 5487 2184 5544 Et
2210 5489 2368 5544 latuit
2408 5489 2693 5560 principem
2724 5491 2907 5545 saeculi
2945 5491 3103 5562 hujus
3147 5492 3421 5562 virginitas
3467 5489 3678 5557 Marica,

2110 5587 2161 5633 et
2196 5590 2381 5648 partus
2404 5581 2590 5648 ipsius,
2619 5582 2861 5637 similiter
2886 5591 2933 5636 et
2958 5598 3096 5636 mors
3125 5580 3359 5636 Domini.
3392 5577 3495 5635 Ubi
3522 5582 3682 5650 quasi

2115 5672 2431 5742 praeteriens
2460 5673 2714 5741 monebo,
2750 5673 3035 5744 deceptum
3069 5672 3238 5729 videri
3299 5671 3679 5728 doctissimum
