3972 6202
309 267 372 324 5|
1753 257 2140 318 PRIEFATIO.
3486 264 3557 320 59

311 388 489 441 virum
538 386 972 452 Tillemontium,
1023 401 1148 443 cum
1209 387 1432 458 scripsit
1476 383 1552 456 (a)
1599 383 1888 454 Origenem

1991 380 2095 450 τῆς
2128 381 2445 452 μνηστείας,
2478 382 2698 453 ὲξελέγη
2728 385 2760 454 ἡ
2797 383 3039 455 μακαρία
3071 385 3366 456 Παρύενος,
3404 380 3558 436 οὐδὲν

313 479 370 533 in
401 479 503 534 hac
547 479 771 534 homilia
801 480 1021 535 nomine
1051 478 1338 549 cujusdam
1371 476 1582 547 antiqui
1631 473 1882 531 indicari.

311 570 449 626 Nam
504 572 732 642 intelligi
766 571 967 626 debere
1012 579 1306 642 martyrem
1357 569 1643 641 lgnatium,
1674 583 1740 622 ex
1771 579 1887 636 gra-

311 662 537 717 vissimo
568 671 792 718 auctore
830 662 1160 733 llieronymo
1197 660 1507 717 confirmari
1548 665 1763 728 potest:
1790 657 1882 728 qui

313 766 436 805 cum
463 751 699 820 primum
726 759 891 821 caput
917 751 1156 805 Matthzei
1183 753 1635 819 interpretaretur
1675 747 1771 817 (ὁ),
1809 747 1881 800 ita

312 841 580 910 scripsit:
617 841 831 914 Martyr
884 841 1126 912 lgnatins
1181 843 1340 896 etiam
1391 850 1635 911 quartam
1679 836 1884 892 addidit

312 949 553 1000 causam,
575 950 669 988 cur
712 952 745 988 a
790 935 1106 1002 desponsata
1138 944 1410 1001 conceptus
1453 934 1560 986 sit:
1589 940 1643 984 ut
1675 939 1880 999 partus,

313 1025 569 1094 inquiens,
603 1026 717 1095 ejus
743 1027 1006 1080 celaretur
1025 1025 1262 1089 diabolo,
1298 1026 1422 1078 dum
1453 1041 1571 1078 eum
1609 1032 1758 1091 putat
1779 1039 1880 1076 non

311 1114 374 1168 de
430 1116 645 1185 virgine,
691 1116 781 1170 sed
807 1116 870 1170 de
902 1133 1063 1170 uxore
1090 1127 1413 1186 generatum.
1457 1114 1565 1170 Nec
1602 1114 1882 1184 indignum

311 1212 442 1275 puto
472 1205 619 1274 quod
639 1213 879 1269 notetur,
904 1207 1012 1262 duo
1032 1207 1286 1278 mysteria
1311 1208 1437 1260 olim
1454 1221 1563 1260 uno
1585 1205 1883 1273 eodemque

312 1297 399 1350 die
451 1297 620 1353 fuisse
671 1299 965 1364 celebrata,
1023 1307 1203 1352 ortum
1256 1298 1468 1352 Domini
1516 1306 1570 1350 et
1603 1296 1882 1365 Magorum

311 1385 703 1442 adorationem.
767 1389 976 1442 Auctor
1030 1389 1176 1442 enim
1222 1387 1331 1441 duo
1373 1387 1487 1440 haec
1521 1386 1774 1456 mysteria
1810 1385 1883 1438 ita

308 1477 530 1544 exponit
555 1493 621 1532 ac
657 1480 963 1549 coniungit,
1002 1489 1060 1533 ut
1090 1481 1384 1533 obscurum
1417 1493 1523 1530 non
1577 1477 1646 1531 sit.
1670 1483 1883 1529 utrum-

311 1581 416 1634 que
449 1567 559 1620 illis
591 1570 928 1636 temporibus
961 1569 1125 1623 simul
1153 1568 1486 1621 cclebratnm
1524 1566 1713 1620 fuisse.
1754 1565 1883 1618 Erat

309 1665 490 1711 autem
545 1674 743 1711 nomen
794 1659 900 1713 diei
939 1660 1097 1723 festo,
1151 1659 1506 1727 Theophania.
1553 1660 1685 1712 Cum
1735 1657 1880 1710 enim

309 1749 633 1818 auctorjain
658 1751 891 1804 orationi
925 1768 1036 1805 suae
1077 1753 1235 1805 linem
1284 1752 1560 1819 imponere
1595 1751 1879 1820 cogitaret,

309 1841 391 1895 sic
418 1841 656 1909 loquitur
688 1842 832 1913 (pag.
863 1843 989 1908 602)
1024 1863 1036 1899 :
1062 1841 1425 1914 Φοεγξώμεθὰ
1449 1860 1567 1895 τινα
1602 1844 1694 1896 καὶ
1724 1845 1884 1912 ἡμεῖς

310 1931 492 2002 φωνὴν
519 1931 892 2002 ἀγαλλιάσεως
915 1952 927 1964 ’
960 1935 1128 2006 ὄνομα
1171 1933 1391 2004 Θὼμεθα
1422 1937 1487 2006 τῇ
1519 1935 1676 2006 ἑορτῇ
1706 1937 1736 2003 ἡ
1748 1933 1882 2002 μῶν,

309 2019 596 2089 Θεοφάνια.
646 2021 976 2092 Eloquamnr
1002 2035 1053 2077 et
1101 2041 1194 2077 nos
1230 2041 1399 2078 vocem
1447 2024 1678 2092 aliquant
1715 2024 1888 2078 exsul-

310 2113 530 2165 tationis
566 2129 584 2166 :
619 2112 812 2182 festum
842 2124 1080 2167 nostrum
1126 2115 1441 2182 appellemus
1475 2115 1881 2181 Theophaniam.

309 2200 397 2268 Et,
426 2205 645 2272 quando
662 2206 792 2258 talia
816 2207 1071 2275 colligere
1101 2207 1264 2276 coepi,
1285 2206 1476 2258 addam
1499 2207 1629 2260 illud
1647 2222 1883 2276 quoque,

309 2293 574 2363 virginem
611 2294 836 2348 Mariam
864 2295 1184 2350 Theotocon
1225 2298 1503 2366 appellari.

381 2384 468 2439 17.
500 2383 617 2439 Jam
648 2401 801 2441 more
822 2395 1012 2442 nostro
1053 2389 1398 2457 disputemus
1452 2389 1648 2443 merito
1677 2403 1746 2441 an
1779 2389 1883 2441 im-

311 2477 504 2534 merito
544 2477 658 2532 haac
699 2479 879 2532 oratio
917 2479 1193 2533 tribuatur
1242 2480 1465 2534 Basilio.
1505 2479 1879 2534 Eruditissimi

313 2567 415 2621 viri
447 2567 812 2625 Combcﬁsius
858 2580 912 2625 et
960 2571 1207 2641 Dupinus
1257 2588 1324 2626 ne
1377 2571 1630 2626 videntur
1660 2571 1881 2641 quidem

311 2661 452 2715 hanc
491 2662 792 2716 orationem
827 2671 1137 2731 suspectam
1189 2663 1471 2716 habuisse.
1505 2662 1886 2718 Tillemontius

312 2767 463 2818 vero,
501 2752 586 2805 vir
635 2753 908 2806 acerrimo
954 2752 1164 2821 judicio
1225 2754 1517 2821 prmditus,
1553 2751 1628 2804 ait
1678 2767 1797 2805 eam
1831 2752 1884 2804 in

312 2840 498 2896 dubiis
517 2841 648 2910 poni
674 2856 856 2903 posse.
879 2839 989 2895 Nec
1011 2841 1449 2911 prastereundum
1476 2841 1714 2905 silentio,
1746 2841 1887 2894 hanc

312 2931 634 2986 concionem
663 2931 854 2986 deesse
882 2932 936 2984 in
966 2932 1241 3001 aliquibus
1269 2931 1424 2985 libris
1449 2931 1758 2985 veteribus:
1791 2931 1886 2985 sed

1987 474 2086 543 τῆς
2137 473 2434 545 παρθενίας
2479 478 2544 529 ὲκ
2590 476 2691 545 τῆς
2753 477 3044 546 μνηστείας
3092 473 3554 546 πραὸλαὸείσης.

1989 561 2218 618 Possum
2243 575 2294 619 et
2325 565 2490 618 aliam
2521 565 2811 636 quamdam
2832 569 3091 622 rationem
3112 568 3368 636 proferre,
3388 567 3555 621 nihilo

1987 651 2068 706 his
2096 670 2228 722 quas
2256 656 2572 722 protulimus
2596 658 2854 721 viliorem,
2884 660 3021 728 quod
3042 660 3278 714 videlicet
3309 658 3554 712 idoneum

1987 743 2058 796 ad
2080 745 2499 800 incarnationem
2525 748 2738 802 Domini
2770 758 2969 819 tempus
3005 751 3129 805 olim
3164 751 3486 820 praeﬁnitum
3503 757 3555 803 et

1986 845 2109 890 ante
2151 839 2426 890 conditum
2472 839 2649 894 orbem
2681 841 3110 909 prwdestinatum
3149 852 3272 896 tunc
3308 843 3552 906 instaret,

1986 928 2039 980 in
2064 945 2164 998 quo
2205 927 2461 997 Spiritum
2499 942 2740 985 sanctum
2768 942 2819 986 et
2837 933 3104 988 Altissimi
3130 936 3369 989 virtutem
3392 952 3553 1004 opor-

1989 1019 2128 1073 tebat
2188 1037 2396 1075 carnem
2439 1023 2590 1076 illam
2636 1023 2736 1078 Dei
2805 1026 3136 1095 gestatricem
3200 1026 3550 1094 conformare.

1989 1108 2252 1174 Quoniam
2306 1127 2424 1164 vero
2491 1112 2587 1166 illa
2631 1114 2902 1168 hominum
2951 1126 3081 1170 aetas
3143 1117 3275 1170 nihil
3330 1118 3555 1184 puritati

1987 1200 2178 1256 Maria:
2230 1205 2546 1270 wquandum
2585 1206 2827 1275 habebat,
2878 1210 2955 1262 sic
3009 1219 3067 1262 ut
3098 1208 3327 1278 Spiritus
3379 1212 3555 1264 sancti

1986 1295 2270 1362 susciperet
2300 1299 2674 1365 operationem,
2700 1311 2953 1370 occupata
2983 1312 3157 1356 autem
3176 1305 3293 1372 jam
3319 1313 3434 1356 erat
3461 1320 3554 1372 per

1985 1382 2462 1452 desponsationem,
2504 1387 2667 1440 electa
2696 1398 2774 1442 est
2811 1388 2963 1443 beata
2993 1391 3159 1459 rirgo,
3199 1389 3330 1444 nihil
3366 1406 3430 1444 ea:
3460 1391 3554 1444 de-

1984 1475 2324 1540 sponsatione
2374 1476 2673 1545 virginitate
2701 1477 2850 1531 la'sa.
2880 1478 3084 1531 Auctor
3118 1479 3460 1548 promiserat,
3493 1487 3554 1533 ut

1985 1563 2120 1627 dixi,
2156 1565 2448 1618 allaturum
2490 1583 2548 1621 se
2572 1568 2827 1621 eximiam
2861 1568 3149 1637 quamdam
3179 1583 3422 1634 causam,
3453 1585 3554 1624 cur

1986 1655 2320 1724 desponsata
2374 1655 2571 1711 fuisset
2609 1659 2761 1727 virgo
2799 1657 2965 1710 Maria
2997 1676 3010 1711 :
3062 1657 3156 1713 sed
3198 1673 3307 1712 non
3336 1658 3553 1712 videtur

1989 1747 2278 1817 promissis
2309 1749 2548 1802 stetisse.
2592 1747 2826 1811 Etenim,
2867 1749 2911 1803 si
2948 1764 3035 1804 res
3069 1750 3328 1804 attentius
3369 1751 3555 1804 consi-

1986 1838 2228 1903 deretur,
2255 1856 2364 1893 non
2400 1840 2618 1910 proprie
2647 1840 2802 1895 allert
2824 1855 3067 1905 causam,
3099 1855 3198 1894 cur
3222 1841 3554 1910 desponsata

1987 1930 2152 1986 fuerit
2177 1951 2190 1986 :
2220 1935 2314 1988 sed
2340 1936 2415 1988 ait
2445 1935 2620 1988 solum
2653 1949 2794 1995 eam,
2825 1949 2948 1987 cum
2982 1934 3199 1988 inventa
3222 1931 3417 1988 fuisset
3437 1934 3553 2002 jam

1986 2039 2085 2094 per
2132 2025 2612 2095 desponsationem
2665 2034 2963 2096 occupata,
3011 2034 3295 2096 prapterea
3321 2026 3553 2080 electam

1986 2116 2179 2179 fuisse,
2217 2117 2362 2186 quod
2397 2119 2503 2171 alia
2531 2118 2679 2171 nulla
2708 2120 2863 2189 virgo
2892 2119 2942 2174 ei
2972 2120 3064 2173 illa
3085 2126 3244 2173 aetate
3283 2133 3382 2188 par
3404 2124 3553 2173 esset

1985 2209 2244 2277 puritate.
2283 2208 2358 2262 Ex
2406 2212 2648 2266 auctoris
2693 2211 2858 2281 igitur
2885 2212 3065 2266 verbis
3108 2212 3405 2275 discimus,
3441 2225 3552 2265 non

1987 2322 2086 2359 cur
2112 2305 2278 2360 fuerit
2309 2307 2429 2360 viro
2460 2306 2812 2378 desponsata,
2851 2307 2945 2362 sed
2980 2323 3079 2361 cur
3119 2307 3421 2375 virginibus
3447 2321 3553 2360 ca:-

1987 2401 2118 2454 tcris
2153 2401 2462 2469 anteposita
2493 2401 2585 2463 sit,
2626 2401 2878 2455 videlicet
2925 2400 2996 2454 ob
3036 2399 3350 2469 puritatem.
3394 2397 3552 2464 Quod

1987 2493 2138 2547 addit
2170 2502 2384 2556 auctor,
2429 2493 2722 2562 puritatem
2757 2491 2939 2545 Mariae
2971 2491 3108 2544 nihil
3148 2491 3330 2545 laesam
3382 2489 3555 2544 fuisse

1987 2601 2053 2638 ex
2081 2585 2524 2654 desponsatione,
2557 2584 2610 2638 id
2636 2591 2695 2636 ut
2740 2583 2805 2636 ad
2836 2598 2950 2636 rem
2983 2597 3090 2636 non
3118 2581 3374 2652 pertinet,
3409 2580 3484 2634 ita
3521 2595 3554 2634 a

1986 2677 2206 2730 nemine
2241 2677 2294 2730 in
2341 2676 2567 2731 dubium
2602 2685 2912 2731 revocatur.
2964 2675 3070 2727 Aut
3097 2674 3233 2727 nihil
3277 2675 3384 2728 tale
3428 2687 3554 2742 pro-

1988 2768 2230 2823 misisset
2291 2767 2560 2834 Basilins,
2605 2774 2721 2831 aut,
2787 2767 2834 2822 si
2891 2765 3268 2835 promisisset,
3325 2765 3554 2834 dignum

1989 2859 2194 2926 aliquid
2222 2859 2510 2928 promissis
2547 2857 2798 2913 dixisset.
2835 2855 2971 2911 lllud
2997 2870 3212 2926 quoque
3245 2855 3389 2925 quod
3425 2869 3553 2909 mox

1990 2954 2191 3023 legitur
2223 2972 2236 3008 :
2278 2952 2589 3026 Ἀμφὸτερα
2619 2948 2775 3024 εὗρεν
2803 2955 2831 3006 ὁ
2869 2951 3084 3022 Ἰωσὴφ,
3109 2951 3203 3004 καὶ
3227 2951 3326 3021 τὴν
3359 2948 3556 3020 κύησιν

313 3021 450 3075 nihil
482 3021 606 3076 inde
635 3023 774 3076 satis
798 3022 938 3074 lirmi
983 3022 1049 3074 ad
1093 3037 1214 3075 eam
1243 3020 1600 3090 rcjiciendam
1633 3022 1884 3076 concludi

1990 3020 2082 3100 κοῖι
2114 3046 2213 3115 τὴν
2249 3020 2448 3112 αἰτέαν,
2480 3020 2563 3098 ὅτι
2596 3046 2660 3097 ὲκ
2688 3020 3020 3114 *Πνεύματοςή
3053 3042 3229 3109 ἁγίου.
3268 3020 3560 3110 Utrumque

313 3126 497 3182 posse,
537 3109 757 3176 vident,
809 3113 1043 3182 opinor,
1080 3128 1292 3167 omnes.
1343 3114 1522 3178 Quare
1574 3117 1886 3169 necessario

313 3203 707 3258 recurrendum
743 3202 809 3256 ad
831 3205 938 3256 alia
962 3204 1255 3274 principia,
1287 3204 1513 3274 ipsaque
1543 3207 1718 3260 oratio
1746 3209 1797 3261 in
1829 3222 1890 3262 se

313 3293 742 3362 consideranda;
770 3311 900 3349 num
929 3295 1058 3365 quid
1088 3296 1141 3349 in
1171 3311 1235 3350 ea
1266 3297 1494 3350 inveniri
1529 3300 1726 3367 possit,
1745 3298 1888 3369 quod

315 3387 474 3442 nobis
501 3387 569 3440 ad
593 3386 950 3456 iudicandum
984 3387 1154 3442 facem
1197 3390 1469 3458 praeferat.
1505 3388 1748 3444 Primum
1794 3407 1890 3446 oc-

314 3479 492 3532 currit
518 3478 651 3532 illud
684 3480 830 3549 (pag.
863 3478 989 3548 596)
1013 3498 1026 3533 :
1053 3478 1179 3543 Πῶς
1207 3477 1301 3533 οὖν
1327 3481 1394 3534 δι’
1421 3482 1558 3547 ὲνδς,
1585 3483 1769 3553 φησὶν,
1809 3485 1890 3548 εις

313 3570 526 3634 πάντας
584 3566 718 3640 ἦλθε
759 3572 820 3624 τὸ
863 3569 1244 3643 λαμπτήριον;
1297 3573 1572 3638 Quomodo
1601 3577 1762 3644 igitur
1799 3593 1890 3646 per

314 3677 500 3728 unum,
535 3661 736 3732 inquit,
775 3664 829 3716 in
865 3679 1042 3717 omnes
1087 3663 1336 3732 splendor
1359 3663 1603 3722 devenit?
1633 3667 1790 3733 Quod
1832 3678 1890 3721 ut

315 3769 505 3809 verum
538 3754 736 3819 fatear,
769 3771 998 3826 prorsus
1026 3757 1374 3826 peregrinum
1413 3766 1466 3811 et
1497 3774 1525 3810 a
1550 3758 1732 3814 Basilii
1758 3775 1892 3814 con-

315 3845 608 3901 suetudine
639 3847 878 3901 alienum
913 3848 1046 3900 mihi
1103 3848 1339 3902 videtur.
1393 3849 1552 3913 Nam,
1593 3851 1698 3906 nisi
1735 3854 1890 3908 valde

315 3936 499 4004 fallor,
546 3946 606 3992 ut
664 3939 807 4009 apud
840 3949 1068 3994 cretei-os
1103 3941 1278 3996 bonos
1325 3956 1596 4007 aucrores,
1641 3944 1712 3996 ita
1747 3945 1887 4013 apud

316 4027 583 4083 Basilium
608 4029 870 4102 λαμπτήρ
895 4033 1096 4086 usitate
1131 4031 1352 4095 dicitur,
1392 4049 1498 4087 non
1526 4033 1887 4106 λαμπτὴριον.

316 4121 609 4192 Aliquanto
653 4131 779 4192 post
812 4124 993 4194 magni
1029 4124 1233 4192 aliquid
1277 4125 1550 4178 dicturum
1592 4142 1648 4179 se
1681 4127 1890 4194 pollici-

318 4222 408 4270 tus
461 4225 698 4278 auctor,
757 4223 942 4270 tamen
991 4224 1188 4285 prazter
1237 4219 1697 4287 exspectationem
1756 4219 1890 4272 nihil

317 4305 586 4374 ejusmodi
636 4305 789 4360 dicit.
842 4305 1135 4375 Postquam
1183 4309 1327 4360 enim
1386 4309 1640 4362 attulerat
1684 4309 1891 4378 aliquot

319 4411 540 4459 causas,
571 4412 672 4450 cur
696 4395 863 4450 Maria
891 4397 1044 4467 virgo
1078 4397 1408 4468 desponsata
1435 4401 1526 4460 sit,
1558 4401 1718 4453 aliain
1764 4417 1889 4470 pro-
1924 4393 1965 4446 Β

320 4486 568 4551 laturus,
626 4488 706 4542 sic
755 4489 1176 4557 loquiturlpag.
1229 4488 1404 4560 5'98):
1451 4491 1598 4560 Ἔχω
1637 4491 1756 4544 τινὰ
1801 4493 1894 4544 καὶ

320 4579 478 4634 ἄλλον
503 4580 660 4649 λόγον
693 4583 866 4634 εἰπεῖν
895 4581 1044 4633 οὐδὲν
1078 4583 1396 4653 ἀτιμότερον
1429 4583 1534 4634 τῶν
1570 4583 1891 4653 εἰρημένων,

321 4673 402 4724 ὅτι
435 4674 463 4725 ὁ
503 4672 805 4743 ἐπιτήδειος
839 4673 974 4742 πρὸς
1005 4672 1101 4742 τὴν
1136 4673 1544 4743 ὲνανθρώπησιν
1567 4675 1659 4726 τοῦ
1689 4674 1893 4745 Κυρίου

320 4765 514 4837 καιρὸς
538 4805 552 4828 ,
589 4767 756 4819 πάλαι
801 4766 1210 4837 προωρισμὲνος
1247 4766 1340 4818 καὶ
1377 4767 1896 4837 προδιατεταγμένος

325 4857 430 4930 πρὸ
455 4857 761 4928 καταϐολῆς
791 4858 1017 4927 κόσμου,
1051 4857 1170 4909 τότε
1205 4858 1526 4928 ἐνειστήκει,
1552 4859 1669 4911 καθ’
1704 4859 1761 4910 ὃν
1793 4859 1895 4911 ἔδει

321 4951 383 5003 τὸ
422 4950 642 5020 Πνεῦμα
692 4951 752 5002 τὸ
790 4951 943 5018 ἅγιον
986 4949 1078 5001 καὶ
1111 4949 1209 5019 τὴν
1242 4949 1466 5020 δύναμιν
1511 4951 1603 5002 τοῦ
1641 4951 1894 5018 Ὑψίστου

323 5043 420 5115 τὴν
449 5042 716 5113 Θεοφόρον
755 5042 972 5112 εκείνην
1014 5040 1383 5110 συστήσασθαι
1432 5042 1628 5112 σάρκα.
1679 5042 1896 5111 Ἐπειδὴ

321 5135 380 5188 δὲ
422 5135 680 5206 ὁμότιμον
731 5137 828 5206 τῆς
876 5135 1248 5206 καθαρότητος
1289 5133 1505 5203 Μαρίας
1555 5135 1654 5186 οὐκ
1684 5129 1825 5202 εἶχεν
1864 5135 1896 5203 ἡ

325 5229 446 5280 κατ’
478 5228 694 5296 ἐκείνην
726 5227 890 5295 γενεὰ
931 5227 1039 5278 τῶν
1073 5224 1397 5298 ἀνθρώπιον,
1434 5225 1572 5278 ὥστε
1619 5226 1898 5295 ἐνέργειαν

325 5320 417 5373 τοῦ
443 5319 756 5390 Πνεύματος
805 5319 1186 5386 ὑποδέξασθαι,
1213 5320 1218 5325 ’
1243 5317 1676 5389 προκατείληπτο
1703 5319 1756 5372 δὲ
1813 5319 1901 5372 διὰ

398 5503 418 5533 ⁸
457 5500 645 5556 Matth.
685 5517 737 5565 I,
771 5500 859 5554 20.

401 5662 476 5735 (a)
520 5661 607 5716 Vic
629 5660 691 5715 de
710 5661 765 5718 S.
793 5657 990 5724 Basile,
1019 5674 1070 5729 p.
1093 5658 1216 5713 501.

1989 3137 2183 3190 invenit
2213 3135 2431 3204 Ioseph,
2459 3149 2509 3190 et
2538 3135 2930 3206 grai-iditatem,
2964 3144 3015 3189 et
3041 3151 3280 3196 causam,
3326 3134 3463 3205 quod
3489 3147 3556 3188 es

1989 3228 2195 3297 Spiritu
2228 3238 2433 3294 sancto,
2458 3228 2589 3282 mihi
2615 3228 2886 3298 displicet.
2915 3226 2981 3281 Et
3017 3242 3147 3282 vero
3177 3227 3231 3280 in
3257 3227 3342 3281 his
3377 3226 3560 3281 verbis

1989 3323 2203 3376 videtur
2251 3322 2432 3376 inesse
2476 3320 2702 3374 insuave
2749 3319 2951 3388 aliquid
2992 3329 3046 3373 et
3079 3317 3394 3388 inelegans;
3453 3332 3556 3373 nec

1991 3415 2279 3470 admodum
2337 3411 2527 3468 dubito
2571 3412 2703 3481 quin
2743 3411 2883 3466 alius
2912 3411 3092 3481 quivis
3132 3410 3366 3479 scriptor
3396 3409 3554 3464 addi-

1989 3507 2160 3562 disset
2189 3505 2439 3560 voculam
2464 3503 2725 3574 aliquam,
2751 3518 2856 3572 qua
2879 3503 3181 3557 orationem
3208 3517 3361 3557 suam
3386 3515 3556 3556 orna-

1992 3597 2184 3651 tiorem
2235 3593 2580 3649 reddidisset.
2642 3592 2751 3647 Nec
2809 3593 2982 3663 magis
3037 3593 3212 3666 placet
3254 3593 3408 3647 locus
3465 3592 3556 3645 ille

1991 3682 2193 3753 (ibid.),
2213 3683 2301 3736 ubi
2341 3683 2572 3750 srt-Tptor
2605 3683 2853 3751 angelum
2884 3683 2954 3736 ita
2983 3697 3105 3735 cum
3128 3680 3365 3752 Josepho
3384 3682 3553 3736 collo-

1989 3784 2250 3844 quentem
2287 3774 2452 3828 facit:
2509 3773 2600 3844 Μὴ
2650 3772 2890 3843 φοϐηθῇς
2944 3773 3276 3844 παραλαϐεῖν
3326 3774 3562 3845 Μαριὰμ,

1989 3866 2085 3936 τὴν
2116 3866 2346 3933 γυναῖκα
2367 3882 2458 3918 σου
2479 3883 2492 3895 ·
2515 3865 2632 3936 μηδ’
2657 3867 2830 3917 ἐκεῖνο
2851 3865 3156 3935 ὲνουμηῦῇς
3177 3866 3256 3918 ὅτι
3283 3866 3560 3928 ὑπονοίαις

1989 3958 2211 4019 ἀτόποις
2238 3957 2547 4019 συσκιάσεις
2567 3957 2624 4008 τὸ
2647 3957 2963 4026 ἁμάρτημα.
3007 3958 3219 4021 Δίκαιος
3247 3958 3351 4029 γὰρ
3394 3975 3562 4028 προσ-

1991 4049 2327 4120 ηγορεύθης
2358 4049 2417 4101 οὐ
2460 4049 2614 4118 πρός,
2650 4056 2758 4102 etc.
2799 4046 2928 4101 Noli
2952 4049 3131 4102 timere
3163 4050 3394 4115 accipere
3434 4048 3558 4102 Ma—

1991 4144 2127 4193 riam
2164 4142 2434 4210 conjugem
2467 4150 2635 4201 tuam,
2682 4156 2841 4208 neque
2868 4139 3002 4193 illud
3033 4142 3342 4210 cogitaveris
3380 4140 3563 4194 obum-

1993 4231 2272 4285 braturum
2323 4243 2370 4285 te
2410 4242 2678 4300 peccatum
2717 4232 2928 4286 absonis
2957 4231 3271 4300 quibusdam
3305 4249 3564 4286 commen-

1994 4322 2083 4374 tis.
2113 4320 2255 4375 Nam
2287 4333 2498 4375 vocatus
2530 4339 2583 4375 es
2608 4323 2815 4391 justus,
2837 4339 2936 4374 non
2964 4332 3040 4375 est
3072 4333 3264 4385 autem,
3290 4332 3393 4379 etc.
3425 4322 3564 4379 Nam

1999 4411 2134 4466 illud
2165 4412 2386 4481 quidem
2415 4431 2426 4466 :
2458 4413 2547 4482 Μὴ
2579 4412 2818 4482 φοϐηθῇς
2848 4414 3182 4483 παραλαϐεῖν
3208 4413 3440 4485 Μαριὰμ
3465 4416 3564 4486 τὴν

1997 4503 2232 4571 γυναῖκά
2260 4522 2376 4565 σου,
2418 4504 2562 4557 unde
2594 4511 2867 4573 sumptum
2905 4504 2975 4558 sit
2997 4505 3037 4566 °,
3081 4505 3248 4574 probe
3282 4506 3432 4559 scio:
3469 4504 3565 4561 sed

1999 4595 2209 4664 reliqua
2243 4595 2332 4648 ubi
2376 4595 2647 4664 lcgantur,
2683 4595 2892 4657 nescio,
2927 4594 3033 4648 nisi
3068 4594 3204 4649 forte
3233 4596 3288 4649 in
3337 4611 3566 4666 apocry-

2001 4689 2124 4757 phis
2151 4687 2479 4756 quibusdam
2506 4687 2818 4756 scripturis,
2852 4687 3052 4756 quibus
3095 4695 3286 4741 auctor
3311 4688 3418 4740 alio
3446 4687 3566 4740 loco

1999 4779 2291 4834 manifeste
2341 4795 2477 4833 usus
2519 4786 2622 4844 est,
2661 4779 2730 4833 ob
2767 4777 2927 4848 idque
2978 4779 3210 4848 idipsum
3259 4796 3326 4834 ex
3372 4779 3565 4834 iisdem

2001 4870 2252 4925 fontibus
2290 4871 2541 4925 hausisse
2574 4871 2766 4925 merito
2805 4871 2954 4925 credi
2991 4878 3190 4940 potest.
3233 4870 3302 4925 At
3333 4871 3568 4926 Basilius

2001 4972 2062 5016 ut
2095 4979 2256 5018 veras
2289 4962 2602 5032 Scripturas
2635 4963 2860 5018 assiduo
2889 4963 3141 5018 versabat
3179 4963 3234 5017 in
3276 4979 3462 5026 manu,
3492 4964 3567 5018 ita

2003 5055 2352 5125 apocrypbas
2385 5071 2497 5110 non
2530 5056 2772 5126 legebat:
2826 5063 2920 5109 aut
2951 5056 2996 5110 si
3029 5055 3246 5125 legeret,
3268 5070 3362 5110 eas
3391 5063 3566 5109 tanto-

1999 5162 2128 5215 pere
2160 5147 2581 5209 contemnebat,
2615 5155 2673 5200 ut
2727 5147 2861 5216 ipsis
2900 5147 2978 5200 uti
3027 5162 3242 5216 semper
3289 5146 3563 5217 puducrit.

2004 5239 2122 5293 Mox
2149 5239 2471 5308 suspicabar
2490 5239 2811 5308 scriptorem
2835 5237 3036 5308 aliquid
3065 5245 3369 5293 mutuatum
3397 5237 3569 5293 fuisse

2001 5346 2066 5385 ex
2127 5328 2495 5399 apocryphis:
2548 5343 2696 5383 nunc
2737 5328 2790 5382 id
2845 5329 2895 5384 ei
2945 5329 3242 5401 contigisse
3300 5328 3570 5386 aliirrnare

2076 5654 2150 5727 (b)
2178 5650 2490 5722 Hieronym.
2530 5652 2582 5706 in
2605 5650 2799 5709 Matth.
2835 5653 2929 5710 lib.
2967 5669 3006 5720 ι,
3048 5668 3166 5724 cap.
3204 5653 3255 5708 Ι.
