3972 6202
339 407 407 460 53
1779 405 2165 465 PBFFATIO.
3521 420 3590 475 54

343 535 569 591 possunt.
606 518 738 586 Ejus
774 518 893 571 haec
923 530 1057 572 sum
1093 521 1259 573 verba
1292 521 1434 589 (pag.
1472 520 1633 585 600):
1670 523 1830 589 Δηλοῖ
1861 521 1916 572 δὲ
1949 525 1988 578 Α
2019 537 2139 589 quze
2165 523 2296 576 mihi
2324 524 2670 595 displiceant,
2709 527 2842 581 nihil
2872 537 3051 582 tamen
3086 545 3171 583 me
3198 532 3370 599 magis
3397 535 3587 599 movit,

343 612 481 680 καὶὴ
511 610 647 662 κατὰ
682 610 774 661 τὸν
804 611 1090 680 Ζαχαρίαν
1127 612 1357 681 ἱστορία,
1397 613 1476 664 ὅτι
1513 612 1676 684 μέχρι
1710 612 1908 673 παντὸς

340 700 591 770 παρθένος
620 701 887 771 ήΜαρία.
914 702 1089 769 Λόγος
1122 702 1229 771 γάρ
1262 702 1343 765 τίς
1374 703 1509 764 ἐστι,
1542 704 1636 754 καὶ
1669 698 1820 764 οὗτος
1847 706 1911 754 ἐκ

337 791 677 861 παραδόσεως
709 794 791 853 είς
823 794 971 862 ἡμᾶς
1011 794 1333 863 ἀφιγμένος,
1374 795 1456 846 ὅτι
1489 794 1516 844 ὁ
1552 794 1823 863 Ζαχαρίας
1854 796 1910 846 ἐν

335 886 397 952 τῇ
421 882 523 934 τῶν
550 883 839 953 παρθένων
870 884 1026 955 χώρᾳ
1052 888 1150 956 τὴν
1178 886 1407 955 Μαριὰμ
1435 887 1743 950 κατατάξας
1774 887 1913 954 μετὰ

334 978 429 1045 την
463 976 555 1027 τοῦ
593 977 803 1045 Κυρίου
843 978 1057 1048 κύησιν,
1098 980 1203 1031 ὑπὸ
1230 978 1335 1031 τῶν
1380 979 1645 1031 Ἰουδαίων
1681 997 1911 1047 κατεφο-

334 1066 493 1134 νεύθη
526 1068 730 1136 μεταξὺ
760 1066 856 1120 τοῦ
887 1068 1016 1120 ναοῦ
1044 1071 1137 1121 καὶ
1162 1069 1250 1121 τοῦ
1282 1069 1685 1139 θυσιαστηρίου,
1714 1070 1913 1140 ἐγκλη-

332 1158 443 1221 θεὶς
472 1159 575 1211 ὑπὸ
626 1161 722 1211 τοῦ
756 1159 886 1211 λαοῦ
920 1161 995 1222 ὡς
1030 1160 1120 1212 διὰ
1166 1161 1353 1213 τούτου
1393 1162 1817 1225 κατασκευάζων
1851 1162 1911 1213 τὸ

330 1250 631 1319 παράδοξον
648 1254 827 1303 ἐκεῖνο
851 1252 944 1303 καὶ
973 1251 1348 1321 πολυύμνητον
1370 1256 1614 1322 σημεῖον,
1644 1253 1911 1323 παρθένον

330 1344 706 1412 γεννήσασαν,
742 1344 836 1395 καὶ
881 1344 978 1412 τὴν
1036 1344 1333 1413 παρθενίαν
1389 1346 1462 1413 μὴ
1496 1345 1905 1416 διαφθείρασαν.

332 1429 580 1482 Declarat
615 1440 795 1483 autem
829 1442 879 1484 et
921 1431 1203 1487 Zacharia?
1238 1434 1481 1497 historia,
1521 1434 1755 1488 Mariam
1792 1453 1910 1504 per-

326 1534 482 1590 petuo
514 1524 769 1592 virginem
808 1526 1181 1591 permansisse.
1220 1524 1422 1578 Ferunt
1467 1528 1626 1589 enim,
1662 1536 1711 1580 et
1750 1528 1803 1580 id
1846 1545 1911 1581 ea:

329 1614 619 1667 traditione
662 1615 731 1665 ad
779 1632 871 1668 nos
922 1632 1086 1681 usque
1131 1618 1390 1684 pervenit,
1424 1616 1743 1672 Zachariam
1790 1638 1909 1673 cum

327 1701 567 1757 Mariam
617 1707 675 1758 in
703 1707 962 1775 virginum
993 1707 1106 1761 loco
1149 1720 1265 1777 post
1309 1710 1523 1763 Domini
1569 1722 1783 1779 partum
1824 1727 1911 1778 po-

329 1799 557 1860 suisset,
601 1799 852 1867 templum
889 1800 1023 1852 inter
1064 1812 1112 1853 et
1155 1818 1305 1854 aram
1354 1804 1583 1856 occisum
1621 1821 1654 1855 a
1701 1802 1907 1856 Judazis

326 1891 516 1957 fuisse,
531 1890 774 1944 videlicet
800 1901 1107 1945 accusatum
1136 1910 1167 1944 a
1188 1895 1400 1963 populo,
1423 1894 1561 1966 quod
1584 1897 1681 1948 hac
1711 1898 1913 1950 ratione

325 1986 673 2053 conﬁrmaret
707 1986 1025 2041 admirabile
1054 1987 1189 2040 illud
1223 1998 1270 2042 et
1291 2003 1544 2057 perquam
1567 1988 1910 2042 decantatum

324 2079 561 2147 signum,
596 2080 851 2147 rirginem
886 2081 1168 2147 peperisse,
1198 2097 1291 2134 nec
1340 2091 1515 2134 tamen
1556 2083 1913 2152 virginitatem

324 2173 653 2237 corrupisse.
691 2170 887 2225 Mirum
941 2171 1117 2225 videri
1168 2172 1327 2228 debet
1372 2182 1557 2227 tantas
1592 2174 1826 2243 ineptias
1857 2175 1913 2228 in

326 2277 386 2315 re
431 2262 579 2315 seria
631 2261 741 2316 dici
801 2263 1082 2332 potuisse:
1131 2278 1232 2318 nec
1290 2264 1473 2319 minus
1518 2265 1707 2318 mirari
1766 2266 1914 2319 subit

327 2353 600 2421 ejusmodi
648 2355 954 2408 orationem
989 2362 1101 2407 tam
1142 2354 1235 2408 diu
1267 2355 1475 2409 Basilio
1516 2355 1708 2426 Magno
1744 2354 1915 2410 fuisse

333 2446 614 2499 tributam.
641 2444 785 2500 Olim
830 2457 997 2516 caput
1030 2448 1352 2502 vicesimum
1399 2447 1650 2516 quintum
1678 2444 1913 2499 Matthazi

338 2553 610 2599 exponens
626 2536 1021 2609 Hieronymus,
1046 2538 1279 2593 similem
1308 2536 1561 2592 fabellam
1584 2535 1908 2590 confutavit.

341 2618 463 2682 Cum
492 2645 631 2700 ergo
679 2630 922 2684 venisset
973 2628 1041 2683 ad
1088 2644 1211 2684 cum
1249 2629 1451 2692 locum,
1480 2628 1572 2681 ubi
1614 2628 1821 2682 mentio
1855 2627 1914 2681 fit

342 2722 452 2790 ejus
472 2720 784 2784 Zachariae,
811 2721 905 2791 qui
937 2719 1082 2775 inter
1110 2721 1371 2789 templum
1405 2726 1460 2774 et
1490 2719 1665 2773 altare
1694 2718 1913 2773 occisus

336 2819 441 2874 est,
480 2818 865 2882 quaereretque
895 2812 1019 2882 quis
1051 2812 1124 2865 sit
1158 2812 1260 2866 iste
1280 2810 1596 2873 Zacharias,
1630 2811 1703 2863 ita
1737 2811 1914 2879 loqui-

339 2913 429 2955 tur
452 2923 465 2956 :
497 2904 607 2955 Alii
635 2902 961 2956 Zachariam
983 2913 1186 2971 patrem
1205 2902 1428 2956 Joannis
1452 2902 1677 2971 intelligi
1711 2903 1911 2965 volunt,

336 3009 409 3046 τε
453 2994 774 3063 quibusdam
817 2996 1231 3064 apocryphorum
1274 2994 1504 3049 somniis
1546 2994 1912 3061 approbantes,

330 3088 471 3153 quod
503 3096 783 3156 propterea
812 3089 1016 3141 occisus
1035 3088 1123 3149 sit,
1144 3088 1265 3157 quia
1290 3085 1583 3141 Saluatoris
1608 3088 1913 3154 prcedicarit

321 3176 755 3231 adventum.Hoc
775 3179 899 3247 quia
924 3178 986 3230 de
1013 3177 1300 3246 Scripturis
1328 3194 1428 3231 non
1447 3177 1598 3231 habet
1624 3178 1912 3229 auctorita-

322 3282 447 3337 tem,
466 3272 651 3326 eadem
674 3272 936 3340 facilitate
954 3272 1321 3336 contemnitur,
1338 3287 1440 3341 qua
1461 3270 1734 3339 probatur.
1751 3268 1911 3323 Certe

322 3365 445 3418 dua:
480 3366 587 3419 illa:
621 3364 834 3419 fabella:
864 3365 938 3418 ita
970 3365 1114 3419 inter
1144 3380 1203 3419 se
1235 3365 1587 3427 conveniunt,
1620 3373 1679 3417 ut
1711 3379 1777 3417 ex
1800 3377 1910 3417 uno

322 3458 631 3525 eodemque
653 3456 800 3511 fonte
830 3456 1086 3527 profecta:
1113 3472 1234 3513 esse
1267 3458 1573 3511 vidcantur.
1598 3456 1706 3527 Ego
1730 3467 1908 3509 autem

324 3550 471 3600 male
500 3546 569 3601 de
592 3548 789 3617 Magno
819 3549 911 3602 illo
938 3548 1142 3602 Basilio
1164 3549 1481 3603 existimare
1512 3549 1644 3602 mihi
1668 3548 1906 3611 viderer,

326 3641 370 3693 si
402 3656 535 3693 eum
568 3648 819 3709 putarem
861 3649 972 3693 tam
999 3640 1141 3695 [ωδε
1164 3641 1487 3707 somniasse,
1517 3649 1576 3694 ut
1616 3656 1715 3710 pro
1761 3642 1905 3696 veris

324 3733 777 3802 apocryphorum
826 3733 1039 3787 somnia
1074 3734 1329 3787 narrarit.
1362 3732 1466 3787 Ubi
1513 3741 1565 3789 ct
1603 3734 1735 3788 illud
1768 3750 1907 3804 pra:-

325 3836 478 3879 terea
516 3828 695 3879 notari
750 3835 958 3895 potest,
995 3826 1236 3881 auctoris
1288 3827 1617 3882 sententiam
1656 3826 1794 3880 nihil
1840 3842 1906 3881 ex

322 3916 429 3969 hoc
454 3928 772 3970 commento
794 3918 997 3986 juvari.
1029 3916 1163 3971 Nam
1190 3918 1425 3988 probare
1456 3918 1774 3974 instituerat
1793 3918 1904 3972 Ma—

322 4010 465 4059 riam
522 3998 891 4077 virginitatem
938 4010 1199 4063 illibatam
1254 4025 1471 4078 semper
1508 4025 1808 4065 servasse:
1852 4010 1905 4063 id

322 4097 472 4163 quod
504 4112 612 4149 non
657 4098 921 4167 probavit.
956 4097 1069 4152 Etsi
1102 4099 1246 4153 enim
1278 4100 1332 4152 in
1357 4099 1605 4154 ordinem
1629 4100 1904 4169 virginum

323 4192 525 4241 allecta
561 4189 755 4243 fuisset
801 4188 991 4253 Maria,
1021 4192 1184 4245 etiam
1242 4200 1366 4261 post
1414 4191 1628 4245 Domini
1666 4201 1903 4261 partum,

325 4289 513 4333 tamen
547 4296 765 4351 semper
815 4283 984 4351 quieri
1039 4290 1263 4352 posset,
1313 4293 1498 4336 utrum
1545 4284 1599 4337 in
1627 4299 1692 4337 eo
1732 4283 1904 4353 gradu

325 4389 495 4440 quem
544 4382 840 4428 consecuta
900 4376 1097 4438 fuerat,
1154 4376 1222 4430 ad
1265 4384 1495 4432 mortem
1555 4393 1730 4446 usque
1778 4392 1903 4447 per-

326 4465 616 4517 manserit.
665 4464 874 4520 Etenim
907 4467 952 4521 si
986 4469 1148 4535 paulo
1174 4476 1298 4536 post
1334 4467 1549 4521 Domini
1582 4478 1803 4537 partum
1838 4468 1907 4523 ab

2014 624 2176 677 quam
2218 612 2359 679 quod
2384 615 2451 666 de
2474 615 2702 669 cometis
2724 615 2945 669 dicitur.
2980 615 3156 671 Verba
3184 621 3423 675 auctoris
3461 632 3589 677 sunt

2014 700 2128 754 lucc
2160 702 2305 771 (pag.
2337 702 2459 772 60l)
2490 723 2501 758 :
2536 706 2608 757 Οὐ
2649 706 2754 777 μὴν
2788 708 2896 760 οὐδ’
2922 711 3101 761 ἐκεῖνο
3136 714 3247 774 τοῖς
3282 713 3589 782 περιέργως

2012 790 2080 842 τὰ
2126 793 2262 844 κατὰ
2308 794 2397 846 τὸν
2432 794 2590 847 τόκον
2634 796 3060 867 ὲκλαμόάνουσιν
3107 802 3279 854 εἰπεῖν
3322 803 3585 874 ὑπάρχει,

2012 884 2092 935 ὅτι
2129 884 2156 934 ὁ
2200 886 2372 956 ἀστὴρ
2402 890 2514 949 τοῖς
2566 892 2834 958 κομήταις
2879 892 3257 964 παραπλήσιος
3293 890 3394 965 ἧν,
3432 898 3589 968 οἵπερ

2017 975 2250 1042 μάλιστα
2288 977 2504 1029 δοκοῦσι
2548 978 2810 1048 βασιλέων
2844 982 3094 1051 διαδοχὰς
3138 984 3425 1054 δηλοῦντες
3469 989 3588 1038 κατ’

2013 1068 2237 1135 οὐρανὸν
2272 1070 2543 1122 ἵστασθαι.
2603 1070 2785 1142 Neque
2815 1090 2932 1127 vero
2965 1076 3028 1127 iis
3060 1078 3149 1145 qui
3194 1078 3400 1130 curiose
3430 1094 3591 1147 expo-

2014 1167 2143 1209 nunt
2199 1175 2314 1228 qum
2360 1165 2428 1212 ad
2478 1170 2691 1228 partum
2736 1166 3021 1231 pertinent,
3062 1166 3196 1218 illud
3240 1166 3414 1221 dicere
3444 1168 3588 1231 licet,

2014 1250 2221 1301 stellam
2272 1251 2437 1318 fuisse
2480 1254 2697 1307 cometis
2747 1256 3059 1318 assimilcm,
3114 1259 3204 1326 qui
3252 1261 3479 1313 maxime
3521 1258 3591 1311 ad

2014 1341 2397 1408 signiﬁcandas
2450 1358 2629 1412 regum
2684 1350 3033 1399 successiones
3087 1346 3327 1399 videntur
3369 1348 3423 1401 in
3463 1350 3591 1400 ca'lo

2013 1435 2317 1487 consistere.
2357 1435 2518 1489 Certe
2544 1439 2619 1491 ita
2652 1438 2827 1492 videri
2879 1440 3056 1508 potuit
3096 1441 3271 1496 cuivis
3305 1442 3460 1495 alteri
3496 1458 3593 1511 po-

2014 1526 2121 1579 tius
2152 1543 2316 1596 quam
2349 1526 2555 1582 Basilio
2588 1528 2802 1601 Magno.
2835 1529 3050 1584 Etenim
3098 1533 3147 1587 is
3180 1549 3289 1587 non
3319 1542 3459 1595 crat,
3496 1534 3591 1603 qui

2013 1625 2105 1669 aut
2129 1619 2379 1672 crederet
2402 1635 2589 1689 regum
2608 1623 2992 1676 successiones
3016 1624 3247 1679 cometis
3270 1625 3593 1693 signiﬁcari,

2012 1714 2107 1757 aut
2162 1706 2233 1759 ad
2287 1707 2341 1760 id
2395 1709 2729 1762 credendum
2780 1711 2919 1765 alios
2963 1713 3269 1767 induceret.
3320 1714 3398 1767 lla
3444 1716 3592 1769 enim

2012 1811 2230 1852 errores
2270 1799 2741 1866 genethliacorum
2780 1813 2944 1871 atque
2980 1813 3290 1859 commenta
3320 1806 3590 1874 confutat,

1944 1872 1986 1927 Β
2019 1899 2074 1942 ut
2106 1891 2373 1958 ejusmodi
2406 1901 2745 1947 cometarum
2768 1894 3008 1949 fabulam
3035 1906 3246 1951 tantum
3278 1915 3386 1953 non
3416 1900 3593 1953 nomi-

2023 1982 2205 2033 natim.
2239 1982 2507 2050 repudiet.
2548 1980 2729 2037 Pauca
2778 2000 2845 2039 ex
2885 1986 3071 2041 multis
3111 1988 3341 2042 referam
3370 1988 3467 2061 (a).
3502 1989 3594 2045 Sic

2015 2072 2182 2142 igitur
2222 2073 2495 2143 loquitur:
2527 2069 2629 2128 υἷα
2670 2076 2727 2129 δὲ
2760 2077 2946 2131 καὶτὰ
2980 2079 3486 2151 ἀποτελεσματικά;
3534 2081 3593 2135 '0

2012 2164 2156 2217 δεῖνα
2176 2161 2349 2229 οὖλος,
2378 2167 2532 2235 φησὶ,
2552 2166 2649 2238 τὴν
2679 2168 2861 2239 τρίχα,
2891 2168 2985 2223 καὶ
3009 2170 3267 2241 χαροπὸς,
3293 2172 3463 2243 Κριοῦ
3484 2170 3593 2243 γὰρ

2014 2257 2126 2327 ἔχει
2175 2258 2274 2329 τὴν
2308 2258 2457 2331 ὥραν
2482 2276 2495 2289 ο
2546 2259 2787 2315 τοιοῦτον
2819 2261 2875 2313 δέ
2920 2278 3038 2325 πως
3066 2261 3297 2332 ὀφθῆναι
3338 2262 3401 2314 τὸ
3433 2262 3591 2326 ζῶον.

2027 2349 2187 2403 ’Λλλὰ
2222 2351 2317 2404 καὶ
2348 2352 2725 2423 μεγαλόφρων,
2767 2353 2955 2424 ἐπειδὴ
2988 2354 3313 2424 ἡγεμονικὸν
3339 2354 3367 2405 ὁ
3404 2354 3591 2425 κριός·

2014 2441 2107 2493 καὶ
2146 2444 2453 2513 προετικὸς,
2480 2445 2572 2496 καὶ
2602 2444 2762 2497 πάλιν
2794 2446 3130 2515 ποριστικὸς,
3155 2447 3342 2517 ἐπειδὴ
3372 2447 3429 2499 τὸ
3456 2447 3594 2511 ζῶον

2014 2531 2169 2585 τοῦτο
2203 2534 2296 2586 καὶ
2340 2535 2655 2588 ἀποτίθεται
2696 2536 2917 2601 ἀλύπως
2970 2537 3031 2589 τὸ
3064 2537 3243 2609 ἔριον,
3292 2540 3385 2593 καὶ
3432 2540 3593 2593 πάλιν

2014 2626 2165 2695 παρὰ
2196 2627 2293 2696 τῆς
2324 2626 2537 2695 φύσεως
2572 2628 2768 2699 ῥᾳδίως
2807 2631 3261 2700 ὲπαμφιέννυται.
3305 2630 3464 2683 Ἀλλὰ
3498 2630 3593 2684 καὶ

2014 2716 2045 2766 ὁ
2082 2718 2384 2788 Ταυριανὸς
2427 2718 2725 2789 τληπαθὴς,
2764 2721 2934 2790 φησὶ,
2966 2721 3059 2773 καὶ
3100 2721 3363 2786 δουλικὸς,
3405 2721 3594 2792 ἐπειδὴ

2016 2811 2118 2863 ὑπὸ
2151 2811 2312 2879 ζυγὸν
2350 2814 2377 2864 ὁ
2404 2810 2625 2883 ταῦρος.
2662 2814 2771 2865 Καὶ
2803 2815 2831 2865 ὁ
2861 2814 3194 2884 Σκορπιανὺς
3221 2812 3467 2885 πλήκτης
3504 2812 3596 2866 διὰ

2015 2904 2111 2973 τὴν
2140 2905 2275 2974 πρὸς
2304 2904 2364 2956 τὸ
2396 2905 2580 2976 θηρίον
2604 2904 2883 2975 ὁμοίωσιν.
2919 2906 2975 2958 '0
2992 2905 3046 2957 δὲ
3076 2906 3334 2973 Ζυγιανὸς
3364 2905 3592 2967 δίκαιος,

2016 2990 2104 3043 διὰ
2135 2992 2233 3062 τὴν
2255 2995 2387 3063 παρ’
2423 2995 2553 3063 ἡμῖν
2580 2994 2686 3047 τῶν
2715 2995 2895 3063 ζυγῶν
2934 2996 3172 3067 ἰσότητα.
3202 2996 3419 3049 Τούτων
3444 2996 3497 3048 τί
3527 2996 3593 3048 ἂν

2016 3084 2222 3150 γένοιτο
2275 3087 2841 3159 καταγελαστότερον;
2870 3130 2882 3143 .
2916 3128 2929 3141 .
2961 3129 2975 3142 .
3008 3129 3021 3141 .
3055 3088 3179 3151 Πῶς
3239 3084 3331 3141 οὖν
3384 3087 3593 3141 ἐκεῖθεν

2019 3178 2113 3241 τὰς
2154 3179 2565 3250 προηγουμένας
2600 3181 2778 3242 αἰτίας
2819 3181 2992 3248 λέγων
3039 3182 3304 3251 ὑπάρχειν
3345 3183 3456 3242 τοῖς
3484 3178 3591 3231 τῶν

2014 3271 2313 3342 ἀνθρώπων
2344 3272 2499 3343 βίοις,
2528 3276 2593 3327 ὲκ
2618 3274 2722 3327 τῶν
2754 3276 2884 3344 παρ’
2920 3277 3052 3344 ἡμῖν
3089 3274 3451 3345 βοσκημάτων
3484 3275 3593 3332 τῶν

2011 3364 2365 3433 γεννωμένων
2394 3364 2694 3435 ἀνθρώπων
2721 3364 2790 3416 τὰ
2832 3364 2936 3435 ἢθη
2966 3366 3428 3436 χαρακτηρίζεις;
3456 3407 3470 3420 .
3494 3406 3508 3420 .
3533 3408 3547 3423 .
3574 3406 3589 3422 .

2011 3455 2074 3505 Τί
2103 3451 2194 3507 οὖν
2226 3456 2491 3519 δ’δσωπεῖς
2528 3457 2624 3525 μὲν
2654 3458 2803 3527 ἡμᾶς
2842 3457 2950 3509 ἀπὸ
2980 3457 3079 3527 τῆς
3110 3458 3453 3523 ἀξιοπιστίας
3484 3460 3594 3513 τῶν

2011 3547 2256 3617 ἄστρων;
2289 3558 2395 3601 etc.
2449 3549 2643 3611 Quales
2692 3557 2868 3601 autent
2912 3552 3279 3616 producuntur
3330 3550 3595 3619 effectus?

2015 3637 2191 3706 Hujus
2224 3640 2427 3705 capilli.
2480 3640 2746 3709 inquiunt,
2778 3640 2953 3708 futuri
3005 3650 3129 3694 sunt
3173 3643 3356 3709 crispi,
3392 3643 3592 3696 oculive

2009 3730 2223 3782 decori:
2255 3731 2447 3783 Arietis
2473 3731 2675 3783 scilicet
2709 3730 2862 3785 habet
2887 3731 3073 3784 harant
3096 3749 3114 3785 :
3140 3749 3364 3802 namque
3388 3733 3592 3787 animo:

2010 3822 2147 3874 illud
2178 3823 2563 3893 quodammodo
2592 3824 2685 3876 tali
2720 3832 2797 3877 est
2836 3833 3072 3893 aspectu.
3108 3823 3249 3889 Quin
3289 3826 3450 3879 etiam
3490 3828 3591 3879 erit

2008 3916 2198 3983 grandi
2232 3916 2409 3969 animo
2442 3926 2491 3969 et
2520 3914 2681 3981 elato,
2707 3916 2891 3985 quippe
2921 3931 3073 3983 penes
3113 3917 3329 3971 arietem
3347 3919 3591 3984 estprin-

2009 4010 2212 4077 cipatus
2240 4026 2256 4062 :
2284 4011 2383 4062 erit
2427 4020 2476 4063 et
2508 4010 2711 4079 largus,
2740 4018 2789 4063 et
2819 4026 3007 4062 rursus
3040 4020 3395 4079 quwstuosus,
3424 4028 3591 4079 quan-

2010 4098 2289 4169 doquidem
2316 4099 2412 4152 hoc
2443 4100 2646 4153 animal
2672 4109 2721 4152 et
2762 4100 2901 4153 citra
2928 4099 3229 4153 molestiam
3267 4100 3479 4168 deponit
3510 4101 3591 4153 la-

2008 4210 2153 4255 nam,
2192 4202 2240 4245 et
2274 4208 2456 4245 rursus
2491 4191 2648 4260 facile
2681 4208 2713 4244 a
2744 4202 2939 4245 natura
2984 4193 3225 4246 vestitur.
3262 4190 3366 4247 Sed
3406 4202 3590 4246 natum

2008 4284 2063 4335 in
2097 4281 2309 4345 Tauro,
2370 4282 2681 4334 tolerantem
2729 4298 2841 4336 esse
2877 4280 3123 4335 laborum
3176 4281 3377 4345 dicunt,
3434 4294 3591 4351 atque

2008 4371 2713 4441 servilem:quoniamjugo
2758 4380 2944 4425 taurus
2978 4372 3284 4441 subjicitur.
3325 4372 3429 4437 Qui
3471 4389 3589 4427 vero

2006 4464 2177 4517 editus
2206 4474 2283 4517 est
2308 4463 2402 4517 sub
2428 4464 2734 4533 Scorpione,
2751 4465 3174 4533 eritpercussor,
3200 4462 3262 4517 ob
3287 4480 3402 4517 eam
3429 4480 3592 4535 quam

325 4570 394 4609 eo
422 4555 615 4609 ordine
636 4556 924 4621 exciderit,
967 4559 1214 4625 aliosque
1262 4560 1464 4613 liberos
1497 4576 1561 4614 ex
1598 4575 1660 4613 ea
1715 4575 1907 4614 susce-
1940 4572 1983 4627 ι)
2008 4574 2126 4610 cum
2164 4560 2269 4610 isto
2326 4557 2551 4610 animali
2591 4557 2747 4610 habet
2804 4556 3234 4612 similitudinem.
3272 4556 3378 4622 Qui
3412 4568 3590 4611 autent

325 4646 472 4716 perit
504 4640 810 4715 Josephus,
856 4649 1030 4717 ipsam
1066 4664 1173 4702 non
1234 4665 1449 4719 semper
1493 4652 1756 4720 virginem
1803 4666 1903 4704 ex-

323 4740 536 4794 stitisse
587 4748 823 4794 constat.
884 4740 1064 4806 Quare
1127 4742 1175 4796 si
1223 4754 1414 4797 auctor
1475 4742 1629 4797 firma
1692 4744 1904 4797 ratione

328 4835 562 4900 irobare
592 4835 771 4899 vellet,
792 4833 1015 4887 Mariam
1044 4849 1258 4903 semper
1280 4833 1547 4903 virginem
1578 4832 1770 4896 fuisse,
1795 4848 1903 4887 non

326 4928 466 4982 satis
495 4934 617 4980 erat
639 4927 842 4989 dicere,
878 4942 998 4980 eam
1030 4927 1085 4979 in
1114 4928 1384 4996 virginum
1418 4926 1539 4979 loco
1568 4940 1599 4979 a
1631 4924 1901 4978 Zacharia

325 5025 452 5084 post
482 5018 701 5070 Domini
736 5026 949 5087 partum
996 5018 1236 5087 positam
1269 5033 1411 5081 esse,
1463 5017 1558 5073 sed
1605 5017 1902 5072 ostendere

325 5110 628 5171 debuisset,
658 5109 832 5178 ipsam
878 5110 933 5163 in
961 5125 1028 5165 eo
1061 5110 1254 5166 ordine
1292 5112 1348 5164 in
1375 5125 1486 5179 quo
1519 5111 1688 5165 semel
1724 5109 1902 5163 fuerat

326 5200 615 5264 collocata,
653 5217 827 5271 usque
877 5203 942 5255 ad
982 5211 1290 5259 extremum
1338 5202 1592 5272 spiritum
1646 5216 1903 5269 perseve-

328 5308 482 5347 rasse
509 5312 521 5345 :
556 5294 608 5346 id
631 5293 777 5363 quod
804 5310 912 5348 non
945 5294 1527 5365 pmstitit.Auctoretu
1563 5293 1618 5347 in
1650 5310 1710 5349 re
1738 5293 1903 5349 simili

327 5399 356 5436 a
389 5397 556 5454 scopo
585 5400 800 5441 errasse
824 5388 936 5455 jam
968 5386 1205 5441 vidimus
1234 5405 1246 5441 :
1279 5386 1511 5442 Basilius
1532 5395 1716 5441 autem
1759 5402 1903 5440 unus

326 5478 573 5528 omnium
602 5477 917 5533 felicissime
943 5480 1210 5547 attingere
1232 5494 1456 5548 scopum
1488 5478 1668 5542 novit,
1696 5488 1751 5531 et
1778 5493 1903 5532 cum

330 5569 499 5622 semel
538 5569 739 5639 aliquid
774 5571 876 5625 sibi
903 5571 1242 5640 probandum
1271 5572 1579 5640 proposuit,
1615 5584 1901 5638 nunquam

330 5659 480 5714 aliud
510 5659 893 5728 probat.Porro
913 5677 1036 5716 cum
1063 5663 1234 5716 multa
1267 5663 1377 5717 sint
1402 5663 1458 5716 in
1484 5663 1586 5716 hac
1616 5663 1890 5727 oratione,

413 5840 489 5909 (ο)
520 5840 670 5899 Hom.
696 5845 726 5898 6
756 5845 807 5899 in
835 5842 998 5911 Hex.,
1030 5860 1081 5915 p.
1119 5843 1185 5899 55
1212 5849 1266 5899 et
1302 5859 1417 5915 seq.

2008 4648 2063 4701 in
2088 4646 2250 4700 Libra
2281 4658 2438 4701 natus
2482 4657 2581 4711 est,
2607 4648 2819 4716 futurus
2847 4656 2925 4701 est
2947 4648 3151 4716 justus,
3184 4658 3394 4715 propter
3425 4647 3591 4701 libra-

2007 4757 2125 4793 rum
2161 4740 2300 4809 apud
2322 4758 2416 4795 nos
2440 4740 2819 4811 wqualitatem.
2839 4740 2980 4808 Quid
3000 4740 3081 4795 his
3105 4741 3274 4811 magis
3304 4742 3588 4794 ridiculum

2006 4850 2118 4887 esse
2171 4834 2340 4901 possit
2366 4836 2391 4888 ?
2412 4875 2423 4887 .
2449 4875 2461 4887 .
2486 4872 2499 4887 .
2524 4873 2537 4885 .
2580 4832 2856 4899 Quomodo
2892 4833 3057 4903 igitur
3103 4833 3251 4885 illinc
3292 4833 3587 4901 prwcipttas

2007 4927 2128 4980 vita:
2162 4926 2405 4979 humanae
2453 4942 2643 4978 causas
2667 4924 2936 4993 proﬁcisci
2981 4924 3155 4987 doces,
3182 4933 3232 4977 et
3275 4938 3339 4977 ex
3369 4924 3587 4977 terrenis

2005 5018 2289 5087 pecudibus
2311 5020 2641 5072 nascentium
2665 5018 2937 5070 hominum
2963 5032 3133 5070 mores
3156 5016 3410 5085 exprimis
3433 5024 3589 5084 atque

2006 5112 2272 5181 efﬁngi”.
2295 5153 2307 5165 .
2328 5152 2341 5164 .
2365 5150 2380 5166 .
2412 5110 2550 5177 Quid
2580 5127 2704 5180 ergo
2746 5109 2905 5179 ﬁdem
2946 5123 3011 5163 ea:
3047 5108 3210 5161 astris
3248 5108 3345 5161 tibi
3387 5107 3585 5175 faciens

2006 5205 2373 5274 perterrefacis
2406 5207 2547 5260 nos?
2592 5202 2720 5269 Qui,
2772 5201 2921 5273 quod
2969 5201 3036 5255 ad
3068 5201 3351 5255 hominum
3403 5208 3585 5254 ortum

2010 5297 2227 5360 attinet,
2271 5312 2379 5350 non
2412 5295 2588 5365 pluris
2613 5295 2743 5349 fecit
2766 5300 2915 5348 astra
2944 5307 3247 5363 eorumque
3276 5298 3480 5355 motus,
3512 5291 3583 5355 is,

2008 5396 2068 5441 ut
2128 5388 2260 5441 mihi
2308 5388 2529 5458 quidem
2557 5386 2795 5449 videtur,
2844 5386 3073 5440 minime
3126 5386 3369 5439 omnium
3402 5382 3589 5438 dicere

2008 5482 2187 5551 potuit
2221 5496 2410 5552 regum
2438 5478 2820 5533 successiones
2843 5478 3073 5533 cometis
3098 5476 3351 5529 indicari.
3370 5472 3487 5527 Jam
3516 5473 3585 5527 ad

2008 5570 2113 5622 alia
2148 5570 2587 5639 properabimus,
2624 5569 2720 5623 sed
2765 5570 2813 5623 si
2853 5570 3006 5639 prius
3039 5567 3175 5621 illud
3226 5582 3395 5620 unum
3436 5564 3587 5632 adje-

2008 5662 2268 5727 ccrimus,
2310 5669 2516 5717 tantam
2558 5662 2887 5717 variantiqu
2938 5661 3232 5718 lectionum
3277 5658 3488 5728 copiam
3528 5657 3585 5711 in
