3972 6202
377 416 448 475 55
1805 405 2198 467 PREFATIO.
3548 418 3619 474 se

377 532 533 588 libris
577 529 818 600 antiquis
875 526 1136 598 reperiri,
1196 534 1254 580 ut
1298 525 1344 580 si
1398 520 1593 579 omnes
1648 523 1945 578 voluissem
1978 520 2382 580 A'dulcescendi
2411 524 2575 581 locus.
2606 524 2728 580 "me
2766 527 2910 582 enim
2944 542 3068 582 cum
3090 542 3155 583 eo
3176 529 3320 598 quod
3345 530 3617 599 sequitur,

374 626 704 687 exscribere,
733 623 951 678 modum
982 622 1369 677 excessisscm.
1401 619 1825 674 Ernditissimns
1858 617 1944 671 vir

373 717 736 779 Combelisius
770 715 874 768 hoc
905 728 1031 767 cum
1060 711 1539 766 animadvertisset
1573 712 1644 765 ita
1675 708 1899 780 scripsit
1924 726 1938 761 :

374 808 505 862 Hac
555 805 797 867 liomilia,
850 803 987 873 quod
1034 801 1215 855 crebro
1262 799 1622 853 Ecclesiarum
1661 816 1759 853 usu
1816 799 1945 851 trita

372 898 603 952 maxime
652 896 995 965 plurimisque
1028 891 1180 945 libris
1227 890 1597 944 ecclesiasticis
1640 889 1941 958 descripta,

370 988 589 1043 diversis
639 994 803 1040 scatet
850 982 1193 1044 lectionibus,
1236 996 1331 1043 pro
1384 998 1443 1035 eo
1471 998 1533 1034 ac
1573 979 1675 1034 sibi
1727 981 1945 1051 quisque

373 1077 669 1133 describens
702 1078 758 1130 in
787 1091 897 1129 sua:
930 1090 1085 1127 usum
1109 1071 1380 1135 Ecclesiaz,
1405 1072 1650 1136 indulsit,
1682 1081 1737 1124 ut
1769 1087 1944 1125 vocem

372 1173 605 1241 aliquam
632 1176 883 1234 mutaret,
914 1182 1003 1219 seu
1034 1164 1235 1235 aliquid
1265 1165 1629 1233 interpolaret,
1661 1179 1755 1232 pro
1786 1173 1943 1232 captu

372 1264 544 1334 ﬁdelis
589 1261 777 1330 plebis,
831 1261 916 1314 cui
951 1256 1228 1320 studebat,
1272 1257 1377 1309 sive
1413 1255 1575 1309 etiam
1623 1255 1939 1325 antiquariis

369 1360 448 1412 ita
477 1354 725 1425 obrepsit.
762 1350 945 1406 Nolim
975 1350 1197 1419 quidem
1229 1363 1354 1402 cum
1386 1347 1705 1402 doctissimo
1736 1348 1852 1400 viro
1876 1362 1940 1401 ea

368 1449 436 1505 de
466 1464 526 1502 re
564 1446 936 1502 contendere:
977 1443 1070 1496 sed
1123 1451 1304 1494 tamen
1342 1441 1483 1494 hanc
1531 1440 1808 1494 homiliam
1836 1438 1940 1493 Ec-

367 1540 657 1593 clesiarum
710 1552 813 1589 usu
873 1533 1110 1587 maxime
1170 1532 1355 1586 tritam
1411 1530 1605 1593 fuisse,
1665 1545 1937 1600 nusquam

366 1631 605 1685 invenio.
633 1627 901 1683 Praeterea
952 1624 1092 1678 idem
1125 1624 1214 1678 ille
1259 1639 1418 1693 quem
1453 1623 1564 1677 dixi
1595 1623 1758 1676 homo
1789 1622 1936 1690 peri-

366 1723 616 1779 tissimus
642 1721 858 1775 monuit
905 1721 1040 1774 duas
1069 1717 1255 1773 Basilii
1292 1718 1344 1771 in
1360 1717 1635 1786 jejunium
1659 1717 1936 1771 orationes

363 1817 520 1871 initio
567 1812 1010 1883 Quadragesima:
1066 1811 1288 1866 recitari
1328 1810 1559 1865 solitas:
1616 1809 1673 1862 in
1732 1809 1934 1878 quibus

2047 613 2321 670 cohaerere
2359 631 2468 670 non
2515 618 2809 685 videntur;
2842 627 2897 675 et
2945 635 3051 691 qua
3110 622 3324 677 ratione
3379 623 3623 693 scriptor

2046 707 2183 762 dixit
2215 709 2515 763 relaturum
2536 726 2595 767 se
2620 721 2937 782 argumenta
2964 728 3030 768 ex
3047 711 3227 768 Veteri
3241 712 3616 781 Testamento,

2044 797 2292 863 quoniam
2311 797 2461 852 rebus
2478 799 2748 870 salsugine
2769 801 2982 856 imbutis
2999 819 3100 856 non
3117 803 3276 856 datur
3289 803 3622 861 dulcescendi

2047 884 2215 950 locus,
2245 888 2433 943 eadem
2453 889 2614 959 plane
2634 891 2817 946 dicere
2838 892 3108 961 potuisset
3132 894 3433 948 relaturum
3453 912 3509 952 se
3528 912 3621 951 ar-

2050 986 2315 1046 gumenta
2348 995 2415 1035 ex
2450 981 2600 1036 Novo
2621 980 2969 1038 Testamento
2984 1024 2998 1048 ,
3016 989 3262 1055 quoniam
3278 986 3428 1042 rebus
3442 989 3622 1042 salsu—

2043 1071 2162 1140 gine
2211 1071 2425 1128 imbutis
2456 1091 2559 1128 non
2588 1075 2750 1129 datur
2800 1077 3134 1133 dulcescendi
3174 1082 3339 1136 locus.
3378 1081 3444 1137 Et
3480 1098 3619 1137 vero

2045 1176 2155 1216 non
2194 1178 2363 1217 unum
2413 1165 2590 1236 magis
2620 1167 2862 1223 cohaeret
2913 1184 3036 1223 cum
3082 1184 3149 1224 eo
3186 1171 3333 1240 quod
3359 1171 3617 1234 infertur,

2044 1267 2207 1322 quam
2240 1255 2389 1311 aliud
2416 1274 2430 1311 :
2459 1257 2543 1312 vel
2589 1266 2649 1312 ut
2682 1259 2867 1314 verius
2896 1259 3107 1326 dicam,
3148 1270 3403 1317 neutrum
3437 1263 3618 1318 cohae-

2043 1352 2144 1400 ret.
2164 1344 2290 1400 Haec
2318 1354 2378 1400 ut
2407 1347 2593 1403 Basilii
2626 1365 2735 1405 non
2766 1359 2918 1415 sunt,
2947 1352 3019 1404 ita
3043 1368 3145 1408 nec
3165 1369 3286 1422 qure
3312 1363 3619 1424 sequuntur

2045 1435 2062 1502 (
2083 1450 2205 1506 pag.
2239 1434 2378 1507 604)
2402 1455 2415 1492 ε
2453 1439 2538 1502 Ὠς
2561 1439 2888 1512 προσέχουσι
2917 1442 2972 1494 δὲ
3001 1442 3163 1510 λέγω,
3185 1443 3309 1497 ὅθεν
3328 1446 3423 1498 καὶ
3453 1445 3618 1518 βαρύ-

2040 1544 2197 1599 τερον
2229 1527 2488 1599 ἅπτομαι.
2511 1573 2524 1587 .
2550 1570 2564 1583 .
2588 1572 2602 1585 .
2643 1531 2740 1596 Τίς
2798 1532 3152 1607 ἀσεϐέστερος
3200 1536 3616 1609 ἀναγέγραπται

2040 1619 2134 1671 τοῦ
2171 1618 2403 1689 Ἀχαά6;
2444 1620 2521 1684 ὡς
2552 1621 2986 1691 ἀναγινώσκουσι
3015 1625 3177 1695 λέγω.
3203 1627 3456 1698 Alloquor
3477 1631 3617 1683 velut

2041 1719 2288 1776 attentos,
2318 1713 2452 1767 unde
2479 1716 2727 1783 graviora
2750 1719 2974 1788 attingo.
3005 1761 3017 1773 .
3048 1759 3061 1773 .
3086 1761 3099 1773 .
3132 1719 3264 1786 Quis
3309 1724 3476 1793 magis
3512 1723 3617 1776 im-

2041 1800 2159 1866 pius
2203 1817 2362 1870 quam
2395 1804 2608 1859 Achaab
2663 1806 2956 1876 descriptus
3010 1813 3130 1866 est?
3158 1812 3295 1865 velut
3326 1813 3616 1883 legentibus

363 1870 544 1960 {amen
575 1870 725 1959 fama
754 1870 1098 1956 αῖγθτεξπωη
1129 1901 1421 1955 ιθριίοηωη
1450 1900 1608 1969 capia
1639 1915 1748 1953 non
1776 1914 1934 1969 ι-ερε-
1964 1870 2008 1925 Β
2038 1887 2244 1960 loquor.
2279 1891 2376 1948 His
2412 1896 2658 1965 auctoris
2683 1898 2886 1967 verbis,
2928 1900 3066 1954 velut
3090 1901 3375 1971 legentibus
3406 1904 3612 1975 loquor,

361 1994 523 2050 ritur.
551 1991 681 2056 Sed,
712 1998 773 2046 ut
803 1999 861 2044 ut
884 1991 998 2045 haec
1032 1998 1178 2055 sunt,
1213 2004 1314 2060 ego
1347 1989 1580 2042 arbitror
1609 1989 1931 2043 immensam

360 2085 512 2141 illam
542 2083 871 2137 variantium
901 2083 1193 2137 lectionum
1217 2080 1620 2135 multitudinem
1655 2079 1719 2133 ad
1754 2096 1929 2133 meam

361 2179 673 2249 opinionem
730 2174 1166 2230 conﬁrmandam
1236 2173 1488 2228 nonnihil
1539 2172 1739 2227 valere.
1793 2171 1930 2226 Nam

359 2268 696 2337 experientia
749 2266 979 2321 edoctus
1047 2280 1169 2320 sum
1223 2273 1332 2318 tam
1379 2260 1622 2317 multam‘
1667 2263 1928 2317 librorum

358 2362 721 2430 antiquorum.
738 2361 878 2413 inter
910 2373 969 2413 se
1010 2356 1436 2436 discrepantiam
1470 2354 1681 2419 νοθείας
1731 2357 1930 2425 sacpius

359 2455 725 2511 certissimum
761 2450 977 2520 signum
1006 2463 1149 2504 esse.

703 2583 795 2640 Vl.
820 2582 899 2636 De
920 2581 1141 2636 humilia
1170 2581 1224 2635 in
1245 2581 1630 2649 penitentiam.

427 2719 512 2775 i8.
543 2718 751 2773 Auctor
789 2715 957 2785 hujus
985 2712 1273 2780 orationis,
1309 2714 1561 2783 quisquis
1589 2721 1695 2777 est,
1733 2730 1842 2768 non
1875 2714 1929 2771 in

354 2811 462 2868 sibi
497 2809 802 2882 proposuit,
842 2816 902 2861 ut
936 2807 1217 2861 auditores
1266 2820 1398 2860 suos
1430 2805 1499 2859 ad
1544 2806 1928 2875 paenitentiam

355 2901 687 2964 hortaretur,
715 2898 811 2955 sed
845 2904 904 2952 ut
942 2895 1277 2952 Novatianos
1327 2904 1381 2951 et
1416 2894 1801 2958 Montanistas,
1835 2896 1928 2965 qui

354 2992 730 3065 paenitentiam
761 2989 1055 3059 negabant,
1089 2987 1417 3045 confutaret.
1449 2986 1601 3041 lianc
1623 2988 1927 3042 orationem

354 3084 425 3139 ab
465 3084 648 3154 aliquo
685 3083 947 3152 episcopo
1003 3079 1232 3135 alterius
1257 3079 1501 3149 episc0pi
1540 3086 1730 3149 rogatu
1779 3094 1930 3133 com-

353 3176 589 3247 positam
652 3174 858 3238 luisse,
919 3174 1096 3244 prima
1150 3172 1316 3227 verba
1377 3180 1562 3241 aperte
1609 3171 1922 3226 ostendunt.

352 3267 777 3323 Eruditissimus
811 3264 898 3319 vir
937 3262 1327 3319 Tillemontius
1370 3262 1445 3317 ita
1488 3262 1554 3319 de
1579 3263 1685 3317 hoc
1717 3263 1925 3333 scripto

352 3359 574 3415 disserit
623 3357 730 3430 (a),
783 3364 844 3412 ut
890 3355 941 3411 ei
996 3353 1192 3409 exilem
1246 3353 1541 3424 quamdam
1594 3352 1927 3423 suspicionis

352 3458 538 3504 notam
572 3450 793 3515 inurat;
826 3448 922 3504 sed
954 3445 1158 3501 fatetur
1192 3447 1365 3516 ipsam
1396 3462 1496 3516 pro
1530 3462 1659 3502 vera
1693 3447 1764 3502 ab
1794 3462 1924 3503 eru-

351 3540 481 3596 ditis
512 3539 829 3595 hominibus
857 3538 1123 3591 hactenus
1169 3536 1412 3590 habitam
1459 3537 1647 3592 fuisse.
1686 3537 1800 3608 Ego
1827 3555 1927 3593 au-

352 3636 463 3682 tem
487 3627 603 3681 sive
628 3626 817 3689 verba,
840 3626 955 3681 sive
977 3625 1268 3680 verborum
1301 3627 1793 3692 constructionem,
1810 3629 1927 3685 sive

351 3716 650 3773 sententias
693 3717 841 3787 ipsas
881 3716 1246 3782 considerem,
1280 3717 1416 3770 nihil
1449 3733 1691 3787 unquam
1736 3720 1923 3774 minus

350 3808 683 3863 Basilianum
715 3807 845 3864 vidi.
874 3806 1158 3861 Proferam
1193 3806 1402 3875 aliquot
1429 3807 1568 3872 loca,
1611 3825 1679 3864 ex
1720 3811 1922 3879 quibus

351 3900 404 3954 id
426 3901 570 3968 quod
596 3900 742 3963 dico,
778 3899 997 3969 probari
1037 3900 1233 3970 possit.
1282 3899 1479 3954 Statim
1507 3901 1750 3956 occurrit
1790 3902 1923 3956 illud

349 3991 427 4061 (p.
445 3989 571 4059 605)
599 4016 611 4043 -.
641 3990 807 4060 Φησὶν
829 3989 1045 4043 ὁταῦτα
1074 3990 1291 4054 πλάσας
1314 3992 1415 4045 ὃτι·
1448 3992 1571 4045 Ἐὰν
1584 3993 1849 4061 γένωνται
1865 3994 1922 4046 αἱ

347 4083 612 4155 ἁμαρτίαι
633 4081 787 4153 ὑμῶν
807 4081 883 4145 ὡς
903 4081 972 4135 τὰ
997 4081 1207 4136 ἄπλυτα
1231 4081 1519 4154 χρώματα,
1544 4085 1592 4137 εί
1620 4084 1920 4151 λούσοισθε,

352 4174 679 4246 μεταπίπτει
723 4176 801 4237 είς
833 4173 1182 4246 καθαρότητα
1210 4176 1405 4245 χιόνος.
1443 4176 1589 4230 Dicit
1618 4187 1791 4232 tamen
1832 4180 1923 4248 qui

348 4266 461 4321 liazc
481 4265 749 4319 condidit:
787 4264 849 4320 Si
870 4265 1067 4335 fuerint
1099 4278 1313 4335 peccata
1351 4279 1523 4322 vestra
1552 4270 1690 4323 velut
1720 4270 1920 4325 colores

347 4357 440 4425 qui
470 4356 577 4410 elui
603 4371 708 4408 non
737 4364 977 4424 possunt,
1017 4357 1064 4408 si
1096 4358 1250 4410 modo
1273 4357 1537 4423 lavemini,
1564 4360 1618 4412 in
1653 4360 1785 4412 nivis
1824 4376 1922 4429 pu-

347 4443 561 4497 ritatem
593 4442 930 4506 transibunt;
977 4443 1069 4497 ubi
1105 4445 1286 4514 quivis
1329 4444 1469 4500 alius
1496 4447 1659 4501 homo
1692 4448 1917 4518 paulum

348 4535 512 4590 modo
557 4535 873 4607 diligentior
934 4551 1033 4605 pro
1085 4536 1450 4606 μεταπίπτει,
1500 4541 1733 4604 transit,
1781 4543 1918 4596 scri-

347 4626 549 4697 psisset
581 4626 999 4696 μεταπίπτουσι,
1021 4626 1342 4694 transibunt,
1376 4629 1629 4685 videlicet
1652 4634 1708 4684 at
1736 4633 1918 4702 ἀμαρ-

348 4718 480 4773 τίαὶ.
510 4717 623 4773 Nec
658 4719 735 4772 ita
783 4719 955 4771 multo
983 4727 1108 4788 post
1153 4720 1228 4775 ita
1280 4721 1546 4790 scriptum
1600 4722 1913 4777 invenitur:

360 4808 500 4863 Ἀλλ’
522 4809 708 4882 ἐπειδὴ
726 4810 827 4863 οὐκ
845 4808 956 4880 ἔχει
977 4808 1159 4881 χώραν
1179 4809 1564 4878 γλυκαίνεσθαι
1584 4811 1653 4865 τὰ
1672 4813 1915 4893 ἀλμυρά,

347 4901 577 4972 λέγομεν
606 4903 662 4955 δὲ
699 4903 793 4956 καὶ
818 4906 983 4975 ἡμεῖς
1020 4902 1116 4958 νῦν
1148 4904 1256 4957 ἀπὸ
1288 4904 1554 4969 Παλαιᾶς,
1594 4906 1838 4978 εἴπωμεν
1867 4910 1920 4962 τί

347 4992 686 5060 ἀντιλέγουσι
716 4993 853 5064 πρὸς
880 4993 949 5046 τὰ
990 4996 1054 5047 ὲκ
1077 4994 1177 5065 τῆς
1208 4994 1455 5058 Παλαιᾶς
1497 4995 1782 5068 λεγόμενα.
1810 4998 1915 5054 Sed

347 5085 594 5154 quoniam
635 5084 788 5139 rebus
826 5086 1096 5156 salsugine
1135 5085 1352 5141 imbutis
1394 5105 1497 5141 non
1534 5087 1696 5143 datur
1735 5090 1917 5146 dulce-

346 5175 525 5229 scendi
552 5175 721 5241 locus,
739 5191 933 5247 nosque
962 5194 1099 5232 nunc
1120 5177 1276 5232 verba
1302 5179 1618 5249 proferimus
1646 5198 1712 5235 ea:
1741 5182 1916 5238 Veteri

348 5264 699 5330 Testamento,
747 5268 1038 5338 referamus
1078 5270 1205 5337 quid
1260 5282 1523 5341 opponant
1568 5274 1818 5329 adversus
1847 5292 1911 5330 ea

344 5374 462 5426 qua
489 5374 553 5412 ea:
588 5359 760 5414 Veteri
789 5359 1060 5417 dicuntur.
1094 5361 1309 5428 Melius,
1345 5364 1452 5419 nisi
1481 5363 1659 5430 fallor,
1698 5369 1917 5423 abesset

346 5448 519 5516 illud,
587 5450 772 5522 ἐπειδὴ
830 5452 931 5506 οὐκ
983 5452 1096 5524 ἔχει
1159 5453 1341 5527 χώραν
1400 5457 1786 5525 γλυκαίνεσθαι
1846 5461 1925 5515 ea

344 5538 583 5611 ἁλμυρά,
611 5542 861 5612 quoniam
891 5542 1044 5598 rebus
1076 5543 1343 5617 salsugine
1371 5548 1583 5604 imbutis
1613 5567 1720 5605 non
1752 5551 1914 5606 datur

407 5695 493 5782 fu]
525 5696 658 5769 Reg.
692 5714 804 5766 xu,
838 5700 926 5756 15.

414 5831 492 5906 (a)
524 5833 681 5893 Tom.
716 5836 808 5907 ιχ,
840 5853 895 5910 p.
925 5838 1030 5897 296
1058 5847 1113 5897 ει
1141 5840 1283 5899 687..

2038 1983 2175 2036 nihil
2205 1984 2389 2041 simile
2422 1986 2480 2041 in
2518 1989 2664 2045 veris
2710 2005 2777 2045 ac
2812 1992 3134 2049 indubitatis
3166 1995 3349 2050 Basilii
3407 1998 3615 2050 oratiu-

2038 2074 2201 2127 nibus
2234 2074 2510 2130 invenitur
2537 2096 2550 2131 :
2578 2089 2671 2134 aut
2699 2088 2850 2135 certe
2880 2098 3003 2136 cum
3040 2083 3198 2148 illud,
3230 2084 3373 2153 λέγω
3399 2087 3493 2151 ὡς,
3527 2088 3615 2143 bis

2038 2164 2181 2217 intra
2215 2176 2420 2235 paucos
2444 2184 2638 2225 versus
2664 2174 2904 2241 positum
2928 2175 3063 2240 vidi,
3100 2178 3373 2247 peregrini
3407 2179 3613 2251 aliquid

2037 2263 2092 2308 et
2116 2255 2319 2311 insoliti
2342 2259 2528 2315 videre
2553 2262 2688 2315 mihi
2712 2264 2866 2320 visus
2897 2282 3040 2323 sum.
3067 2271 3244 2340 Atque
3280 2273 3335 2326 in
3365 2272 3467 2329 hac
3490 2291 3613 2331 mea

2038 2350 2311 2403 sententia
2346 2352 2704 2411 conﬁrmatus
2773 2355 2882 2421 fui,
2930 2374 3055 2415 cum
3092 2362 3257 2418 incidi
3293 2365 3347 2418 in
3395 2381 3459 2422 ea
3490 2382 3613 2437 quas

2038 2444 2222 2497 statim
2265 2445 2694 2518 subjunguntur,
2727 2451 2914 2525 ἐπειδὴ
2948 2456 3075 2526 ὑμῖν
3114 2457 3404 2530 λαλοῦμεν,
3446 2461 3612 2517 είπω-

2040 2551 2138 2604 μεν
2173 2536 2267 2588 καὶ
2305 2538 2661 2610 σαφέστερον,
2706 2545 2956 2613 quoniam
3000 2547 3324 2621 alloquimur
3371 2569 3494 2617 vos,
3531 2554 3613 2608 la-

2036 2641 2264 2695 quamur
2284 2636 2336 2681 et
2369 2629 2591 2686 clarius.
2630 2631 2765 2689 Mihi
2800 2639 2942 2693 enim
2977 2643 3307 2710 persuadere
3331 2660 3438 2699 non
3456 2648 3611 2716 potui

2035 2713 2297 2772 Basilium
2331 2718 2583 2792 Magnum
2610 2726 2685 2781 ita
2714 2728 2798 2783 sui
2829 2728 3151 2787 dissimilem
3177 2734 3369 2802 fuisse,
3399 2713 3614 2810 ιιι-ρηο-

2036 2812 2119 2860 ter
2151 2812 2600 2869 consuetudinem
2645 2818 2816 2872 multa
2847 2818 2964 2876 fere
3000 2825 3345 2883 continenter
3386 2829 3609 2893 dixerit,

2036 2911 2156 2965 quae
2187 2897 2372 2954 dicere
2403 2917 2515 2957 non
2553 2906 2731 2961 solum
2763 2909 2899 2964 nihil
2929 2914 3215 2980 attinebat,
3247 2918 3341 2973 sed
3370 2936 3491 2991 qua:
3513 2936 3613 2991 per

2038 3001 2097 3041 se
2137 2990 2368 3057 puerilia
2419 3003 2548 3048 sunt
2606 3005 2662 3053 et
2711 3005 3024 3073 nugatoria.
3074 3004 3251 3073 Nunc,
3310 2990 3611 3068 utleviora

2034 3081 2283 3148 quaedam
2318 3086 2659 3159 omittamus,
2697 3093 2764 3148 de
2798 3097 3089 3168 scriptoris
3127 3099 3378 3156 doctrina
3416 3104 3612 3175 loqua-

2034 3186 2176 3226 mur.
2211 3174 2399 3245 ltaque
2432 3178 2499 3234 de
2528 3181 2683 3251 lapsu
2716 3183 2939 3244 Davidis
2966 3190 3129 3244 verba
3165 3192 3369 3251 faciens
3393 3204 3607 3264 auctor,

2031 3262 2112 3319 sic
2147 3267 2340 3361 scribit
2369 3270 2528 3342 (pag.
2575 3273 2716 3348 604)
2749 3296 2763 3333 :
2795 3279 2959 3335 Ὅσον
3005 3282 3070 3336 ἂν
3110 3284 3252 3357 πέσῃ
3291 3289 3320 3339 ὁ
3366 3262 3607 3361 ἰσχυρὸς,

2027 3361 2250 3427 ταχεῖαν
2276 3360 2387 3433 ἔχει
2419 3364 2518 3441 τὴν
2539 3367 2857 3425 ἀνάστασιν.
2898 3374 3224 3443 Ἀγανακτεῖ
3251 3381 3279 3433 ὁ
3314 3360 3501 3434 Δαόὶδξ
3519 3423 3534 3438 .
3552 3423 3567 3437 .
3589 3426 3604 3438 .

2032 3448 2208 3515 Εὐθὺς
2237 3454 2332 3507 ἐπὶ
2358 3456 2419 3509 τὸ
2453 3459 2746 3531 φάρμακον
2780 3464 3040 3536 ἐλήλυθεν
3059 3483 3075 3496 ’
3110 3465 3227 3523 εἶδέ
3249 3472 3310 3525 τὸ
3350 3474 3603 3547 τραῦμα’

2027 3543 2338 3639 προσέφυγε
2368 3549 2446 3619 τῷ
2475 3551 2662 3623 ἰατρῷ.
2698 3554 3013 3624 ’Ήμαρτοη
3050 3561 3207 3631 φησὶ,
3239 3563 3332 3616 καὶ
3371 3543 3533 3630 εὐθὺ-ς
3564 3570 3600 3639 ἡ

2029 3630 2190 3724 ἴασις.
2205 3636 2314 3690 Καὶ
2334 3640 2367 3691 ό
2375 3640 2590 3708 Κύριος
2606 3643 2945 3715 impria-erue
2961 3662 3076 3703 σου
3098 3630 3163 3703 τὸ
3187 3652 3517 3724 ἁμάρτημα.
3540 3630 3608 3711 Τί

2025 3720 2133 3793 γὰρ
2163 3723 2361 3793 βούλει,
2380 3727 2438 3780 ἓν
2462 3730 2763 3805 ἁμάρτημα
2783 3735 3097 3808 λογισθῆναι
3124 3720 3314 3806 ὁσίοις,
3338 3743 3371 3813 ἢ
3403 3720 3604 3817 πολλὴν

2023 3815 2404 3888 δικαιοσύνην;
2447 3822 2733 3897 Ἐποίησεν
2777 3829 3074 3901 ἁμαρτίαν,
3104 3832 3221 3887 ἀλλ’
3251 3836 3474 3907 ἐποίησε
3508 3815 3604 3892 καὶ

2025 3907 2224 3972 πολλὰς
2263 3910 2622 3980 δικαιοσύνας.
2681 3918 2746 3972 Τί
2789 3920 2994 3976 δίκαιον
3041 3924 3191 3995 παρὰ
3240 3926 3434 4001 δικαίῳ
3460 3930 3601 4000 Θεῷ,

2022 3997 2132 4051 τῶν
2164 3999 2359 4068 ὀλίγων
2403 4007 2795 4075 μνημονεῦσαι,
2832 4010 2864 4082 ἢ
2907 4012 3016 4067 τῶν
3053 4016 3268 4071 πολλῶν
3312 3997 3606 4077 ὲαιεςιλανθά-ὲ

2023 4089 2237 4155 νεσθαι;
2259 4092 2438 4146 Ἔστω
2465 4094 2649 4164 ζυγὸς,
2666 4100 2760 4153 καὶ
2784 4094 2828 4167 ᾧ
2848 4104 3174 4175 μετροῦμεν,
3200 4109 3602 4181 μετρηθήσεται

2021 4183 2171 4251 ἡμῖν.
2206 4184 2268 4235 El
2303 4185 2521 4240 πλείονα
2555 4188 2621 4242 τὰ
2651 4192 3044 4265 ἁμαρτήματα,
3071 4198 3214 4252 ἔστω
3241 4202 3561 4274 ἁμαρτωλός
3581 4222 3596 4235 ο

2023 4279 2077 4362 εί
2098 4277 2154 4329 δὲ
2188 4279 2406 4333 πλείονα
2435 4283 2504 4336 τὰ
2544 4284 2906 4358 δικαιώματα,
2938 4290 3078 4345 ἔστω
3116 4294 3340 4360 δίκαιος.
3377 4293 3473 4362 Εἷς
3505 4300 3599 4354 καὶ

2022 4359 2135 4430 εἷς·
2166 4367 2236 4420 τά
2267 4369 2376 4440 γὰρ
2411 4375 2543 4443 παρ’
2575 4376 2706 4445 ἡμῖν
2738 4379 2917 4432 πάντα
2941 4382 3006 4434 ὲκ
3040 4383 3133 4436 τοῦ
3164 4359 3406 4451 πλείονος
3447 4359 3601 4458 λέγε-

2022 4475 2133 4513 ται.
2159 4462 2268 4515 Καὶ
2289 4464 2380 4516 τοῦ
2412 4464 2608 4519 λευκοῦ
2634 4471 2748 4523 ἐστι
2769 4470 3109 4545 λευκότερον,
3134 4477 3228 4530 καὶ
3254 4478 3348 4532 τοῦ
3368 4479 3599 4548 γλυκέος

2023 4552 2103 4614 είς
2143 4552 2429 4626 σύγκρισιν
2467 4557 2593 4612 ἄλλο
2623 4561 2986 4637 γλυκύτερον’
3020 4566 3161 4621 οὕτω
3194 4570 3288 4623 καὶ
3317 4574 3365 4624 οί
3399 4573 3598 4627 δίκαιοί

2023 4642 2190 4734 εσμεν
2215 4644 2290 4707 ὡς
2329 4647 2625 4718 ἄνθρωποι,
2657 4652 2754 4723 οὐχ
2800 4654 2876 4717 ὼς
2915 4657 2947 4728 ἡ
2981 4658 3222 4730 ἁμαρτία
3260 4661 3595 4734 δικαιοσύνη.

2025 4731 2186 4786 Ὅθεν
2218 4737 2246 4788 ὀ
2280 4735 2406 4800 Υἱὸς
2437 4739 2531 4791 τοῦ
2573 4740 2711 4794 Θεοῦ
2745 4744 3056 4819 δικαιοσύνη
3088 4751 3308 4817 ἀκούει,
3343 4756 3501 4826 ἡμεῖς
3541 4731 3599 4811 δὲ

2023 4826 2323 4897 μεταλήψει
2354 4829 2696 4906 δικαιοσύνης
2723 4835 2938 4893 δίκαιοι.
2958 4841 3066 4895 Καὶ
3089 4844 3327 4917 Μωῦσῆς
3363 4847 3595 4920 ἐλάλησέ

2020 4934 2074 4969 τι
2107 4920 2172 4990 τῇ
2196 4919 2431 4994 γλώττῃ,
2464 4923 2579 4977 ἀλλ’
2618 4928 2718 4981 οὐκ
2737 4930 3025 5005 ἀπελήφθη
3051 4937 3117 5005 τῇ
3152 4938 3381 5010 ἱστορίᾳ.
3412 4919 3597 5006 Quan-

2023 5011 2212 5065 tumvis
2241 5029 2369 5067 sane
2403 5016 2561 5070 cadat
2596 5019 2777 5089 fortis,
2809 5023 2912 5075 cito
2944 5028 3188 5096 resurgit.
3228 5028 3355 5083 Rem
3380 5033 3598 5088 moleste

2019 5099 2126 5168 fert
2154 5101 2349 5158 David.
2371 5147 2388 5163 .
2410 5148 2424 5162 .
2450 5149 2461 5159 .
2504 5108 2703 5165 Statim
2729 5118 2949 5169 accessit
2989 5124 3058 5170 ad
3100 5122 3387 5177 remedium
3411 5140 3429 5178 :
3462 5128 3593 5183 uidit

2021 5194 2229 5260 vulnus,
2252 5197 2321 5252 ad
2359 5202 2621 5258 medicum
2654 5207 2910 5276 confugit.
2960 5228 2978 5261 ι
3006 5209 3246 5278 Peccavi,
3278 5235 3298 5267 ι
3332 5218 3519 5288 inquit,
3543 5232 3596 5275 et

2020 5285 2295 5356 confestim
2317 5291 2463 5346 adest
2488 5295 2709 5353 medela.
2742 5317 2760 5349 ι
2788 5298 2858 5352 Et
2886 5300 3145 5359 Dominus
3169 5285 3446 5363 transtulit
3473 5329 3594 5382 pec-

2019 5386 2195 5431 catum
2227 5384 2432 5438 tuum".
2470 5404 2488 5437 ι
2528 5387 2671 5451 Quid
2702 5391 2851 5455 enim
2893 5393 2992 5456 vis,
3043 5412 3272 5452 unumne
3318 5413 3592 5468 peceatum

2018 5467 2271 5537 imputari
2297 5481 2518 5538 sanctis,
2543 5494 2611 5530 an
2629 5478 2903 5547 justitiam
2934 5485 3203 5542 multam?
3227 5467 3378 5544 Fecit
3408 5508 3592 5561 pecca-

2018 5568 2149 5627 tum,
2183 5572 2239 5616 at
2284 5564 2410 5633 fecit
2446 5567 2613 5625 etiam
2647 5569 2894 5638 justitias
2930 5574 3149 5631 multas.
3206 5578 3350 5645 Quid
3379 5582 3591 5651 justum
