3972 6202
351 354 419 406 37
1779 345 2171 403 PREFATIO.
3512 354 3582 408 δε

351 480 425 524 est
454 467 580 536 apud
617 468 831 537 justum
862 465 1057 528 Deum,
1109 480 1459 533 paucorumne
1490 465 1807 527 meminisse,
1839 480 1906 515 an
1937 467 1982 524 Α
2011 466 2102 532 qui
2138 463 2300 518 Persa
2337 480 2444 519 non
2483 465 2665 530 fuerit,
2693 467 2766 521 ita
2795 470 3104 538 scripsisse.
3149 469 3406 542 Sequitur
3437 473 3584 543 (pag.

351 563 618 614 multorum
668 559 957 614 oblivisci?
1017 558 1102 613 Sit
1155 567 1395 622 statera;
1430 567 1478 612 et
1519 574 1622 627 qua
1660 572 1906 609 mensura

349 649 499 702 mensi
526 648 808 716 fuerimus,
842 646 1164 700 admetiatur
1209 646 1377 699 nobis.
1421 644 1482 699 Si
1509 653 1724 712 peccata
1751 643 1905 710 plura

341 749 474 804 sunt,
519 740 590 792 sit
620 748 908 807 peccator:
947 738 1032 791 sin
1057 737 1286 806 justitia:
1327 735 1532 804 plures,
1590 735 1659 787 sit
1701 733 1902 801 justus.

345 831 483 884 Unus
536 839 586 883 et
621 845 794 882 unus:
826 845 951 881 nam
1012 829 1191 881 omnia
1224 837 1404 881 nostra
1431 841 1495 878 ea:
1533 823 1909 878 abundantiori

329 923 662 990 judicantur.
711 920 782 972 Et
823 936 905 973 res
964 936 1074 972 una
1120 918 1243 971 alba
1287 917 1466 970 albore
1507 924 1786 984 superatur
1841 913 1905 967 ab

335 1015 532 1076 altera;
575 1023 627 1066 et
660 1012 828 1076 dulci,
857 1013 905 1065 si
948 1027 1238 1079 compares,
1271 1009 1473 1079 aliquid
1512 1007 1659 1060 aliud
1697 1006 1904 1060 dulcius

333 1114 425 1159 est.
474 1103 569 1159 Sic
627 1104 942 1172 etiamjusti
983 1120 1165 1156 sumus
1221 1113 1469 1169 tanquam
1512 1099 1766 1162 homines,
1806 1115 1908 1151 non

333 1195 467 1256 quod
499 1206 776 1264 peccatum
803 1195 1026 1263 justitia
1058 1195 1144 1247 sit.
1182 1192 1324 1246 Unde
1349 1191 1524 1245 Filius
1559 1189 1655 1243 Dei
1688 1191 1907 1259 justitia

333 1299 552 1342 vocatur
573 1306 592 1341 :
616 1304 713 1342 nos
744 1303 863 1340 vero
884 1287 1292 1354 participatione
1314 1284 1679 1352 iustiticejusti
1701 1300 1902 1337 sumus.

334 1379 398 1433 Et
439 1379 659 1449 Moyses
703 1380 882 1448 lingua
926 1377 1136 1431 locutus
1164 1387 1239 1430 est
1271 1375 1496 1445 aliquid,
1544 1374 1682 1445 quod
1729 1387 1907 1428 tamen

335 1489 434 1526 non
469 1471 907 1540 comprehensum
959 1479 1036 1522 est
1089 1469 1330 1521 historia.
1360 1466 1520 1533 Quid,
1565 1482 1768 1536 QUIBSO,
1804 1467 1908 1520 hac

335 1562 590 1616 doctrina
637 1569 733 1615 aut
785 1563 963 1631 pejus,
1000 1571 1097 1616 aut
1145 1561 1325 1615 minus
1367 1560 1699 1614 Basilianum
1744 1575 1909 1614 exco-

333 1654 494 1723 gitari
527 1652 747 1722 potuit?
787 1652 1098 1717 Quamlibet
1129 1650 1307 1719 gravis
1358 1649 1426 1702 sit
1453 1650 1638 1718 lapsus
1662 1648 1764 1701 viri
1799 1648 1910 1702 for-

335 1747 421 1808 tis,
450 1746 591 1808 cito,
624 1745 672 1799 si
701 1743 834 1798 ﬁdes
860 1743 1073 1796 auctori
1107 1740 1351 1795 habenda
1379 1750 1483 1804 est,
1508 1740 1774 1808 resurgit!
1803 1737 1904 1792 Sed

331 1837 372 1889 si
404 1836 484 1888 ita
520 1842 627 1900 est,
661 1835 969 1903 horumque
1009 1833 1241 1887 Basilius
1276 1839 1467 1885 auctor
1504 1832 1597 1894 sit,
1631 1831 1904 1900 quomodo

331 1925 442 1980 ﬁeri
471 1931 681 1994 potest,
708 1932 767 1977 ut
810 1925 1063 1995 egregius
1094 1923 1181 1976 ille
1222 1923 1412 1976 doctor
1454 1922 1745 1992 praeclaros
1780 1923 1904 1977 illos

329 2029 574 2070 canones
605 2013 867 2076 ediderit,
902 2013 1100 2080 quibus
1137 2011 1204 2064 ad
1233 2015 1572 2082 purgandum
1625 2011 1904 2081 quodlibet

332 2115 617 2176 peccatum
646 2115 760 2158 tam
785 2105 943 2174 longa
969 2111 1187 2172 tamque
1209 2118 1398 2157 severa
1425 2103 1746 2172 pmnitentia
1769 2118 1904 2172 pra:-

333 2196 518 2250 linitur
555 2193 679 2266 (a)?
707 2193 918 2247 Etenim
957 2193 1004 2246 si
1052 2193 1133 2245 vir
1165 2190 1344 2256 fortis,
1377 2193 1625 2261 quamvis
1667 2193 1905 2261 graviter

333 2287 682 2357 peccaverit,
728 2293 840 2338 tam
896 2283 1058 2337 facile
1107 2283 1375 2353 resurgit,
1422 2284 1560 2338 nihil
1605 2283 1903 2338 necessarii

335 2385 480 2432 erant
525 2390 771 2430 canones
813 2374 914 2440 illi,
945 2374 1145 2443 quibus
1177 2382 1231 2428 et
1269 2374 1441 2428 fortes
1489 2380 1543 2428 et
1585 2373 1791 2427 debiles
1836 2371 1904 2425 ad

340 2465 734 2539 resurgendum
765 2474 878 2518 tum
912 2465 1005 2519 diu
1042 2472 1444 2520 exercerentur.
1484 2464 1590 2519 Sed
1615 2465 1744 2533 quid
1792 2472 1904 2518 tam

345 2575 554 2620 novum,
582 2565 684 2611 aut
721 2556 895 2627 magis
922 2555 1253 2619 inauditum,
1275 2572 1386 2609 non
1416 2555 1542 2609 dico
1574 2556 1716 2625 apud
1748 2553 1906 2608 Basi-

345 2652 479 2715 lium,
514 2651 619 2706 sed
671 2649 817 2718 apud
866 2664 994 2714 eos,
1019 2648 1111 2716 qui
1147 2649 1227 2702 vel
1257 2648 1589 2716 primoribus
1616 2646 1787 2701 labris
1817 2661 1906 2700 sa-

339 2757 449 2797 cras
488 2740 820 2811 Scripturas
863 2740 1183 2811 attigerunt,
1219 2754 1382 2808 quam
1422 2739 1513 2792 illa
1567 2737 1904 2808 comparatio

333 2831 559 2903 iustitia:
588 2841 647 2888 et
685 2834 920 2902 peccati,
949 2833 1029 2886 sic
1059 2839 1118 2885 ut
1153 2832 1370 2901 aliquis,
1407 2831 1453 2885 si
1489 2837 1712 2900 peccata
1749 2830 1905 2899 plura

334 2923 640 2988 admiserit,
685 2932 940 2992 peccator
989 2922 1096 2987 sit;
1138 2921 1222 2976 sin
1273 2928 1454 2975 autem
1497 2920 1652 2989 plura
1680 2919 1907 2988 justitias

334 3030 498 3085 opera
529 3015 746 3078 fecerit,
778 3014 990 3069 futurus
1025 3015 1096 3068 sit
1117 3013 1331 3082 justus?
1368 3010 1494 3066 Haec
1539 3013 1666 3065 dum
1700 3011 1907 3066 scribe-

331 3120 467 3172 rem,
521 3107 578 3160 in
627 3114 864 3161 mentem
897 3105 1045 3160 venit
1091 3105 1374 3174 cujusdam
1415 3105 1550 3175 legis
1590 3103 1902 3169 Persarum,

334 3213 498 3269 quam
552 3197 754 3267 legisse
800 3213 858 3252 se
907 3199 983 3249 ait
1034 3197 1196 3250 homo
1240 3197 1626 3267 peritissimus,
1659 3196 1912 3266 idemque

333 3286 779 3358 elegantissimus
804 3285 912 3355 (b):
943 3282 1131 3337 Multa:
1175 3286 1322 3348 olim,
1365 3284 1562 3352 inquit,
1597 3283 1736 3352 apud
1780 3283 1912 3336 Per-

333 3397 417 3436 sas
447 3380 591 3449 leges
623 3378 786 3447 fuisse
814 3375 1141 3428 traduntur:
1169 3390 1234 3428 ex
1260 3373 1446 3444 quibus
1486 3373 1644 3441 facile
1689 3373 1913 3443 intelligi

332 3481 528 3541 potest,
563 3469 884 3539 singularem
913 3466 1197 3537 quamdam
1247 3465 1359 3534 ejus
1393 3465 1558 3536 gentis
1600 3465 1913 3533 sapientiam

333 3567 570 3636 fuisse...
603 3561 739 3615 Erat
762 3563 921 3631 igitur
943 3558 1081 3628 apud
1101 3575 1186 3612 eos
1219 3560 1295 3610 ita
1324 3558 1686 3621 constitutum,
1711 3567 1769 3610 ut
1796 3574 1913 3610 cum

333 3656 443 3723 quis
479 3653 537 3706 in
556 3650 764 3721 judicio
789 3658 1091 3720 argueretur
1111 3647 1315 3717 aliquid
1342 3648 1525 3716 fecisse
1547 3657 1731 3700 contra
1755 3647 1912 3718 leges,

331 3745 548 3800 etiamsi
589 3741 788 3812 liquido
833 3749 1093 3795 constaret
1139 3755 1258 3792 eum
1315 3738 1482 3805 culpae
1533 3740 1735 3808 afﬁnem
1782 3757 1912 3805 esse,

332 3854 435 3890 non
471 3844 652 3889 tamen
681 3835 862 3888 statim
891 3831 1348 3898 condemnaretur,
1379 3829 1466 3885 sed
1501 3832 1646 3899 prius
1680 3831 1914 3901 inquire-

334 3940 482 3984 retur
510 3926 907 3997 diligentissime
935 3928 991 3978 in
1025 3940 1227 3977 omnem
1264 3924 1408 3976 illius
1445 3924 1628 3989 vitam,
1660 3924 1914 3977 iniretur-

333 4037 428 4090 que
479 4021 642 4080 ratio,
691 4017 910 4086 plurane
966 4017 1189 4084 turpiter
1238 4024 1287 4068 et
1331 4015 1612 4085 ﬂagitiose,
1665 4031 1733 4067 an
1794 4015 1918 4069 bene

337 4110 780 4178 laudabiliterque
808 4108 1072 4177 gessisset.
1122 4106 1256 4160 Tum
1294 4107 1341 4158 si
1405 4105 1642 4160 vincebat
1685 4107 1918 4175 turpium

337 4219 609 4265 numerus,
633 4187 1078 4254 condemnabatur
1094 4215 1112 4262 ;
1152 4199 1235 4251 sin
1263 4197 1798 4265 prmponderabantur
1825 4197 1917 4250 hoc

343 4296 507 4347 uestis
536 4293 742 4361 turpia,
776 4289 1160 4344 absolvebatur.
1196 4288 1513 4359 Cogitabant
1540 4289 1701 4353 enim,
1730 4288 1917 4342 Imma-

345 4401 536 4437 narum
553 4384 743 4437 virium
773 4398 874 4436 non
910 4397 1041 4444 esse,
1078 4390 1274 4434 rectum
1317 4395 1525 4432 cursum
1564 4388 1807 4447 perpetuo
1843 4389 1916 4433 te-

2007 556 2140 624 605)
2172 576 2184 610 :
2217 555 2372 610 Οὖτω
2397 559 2490 610 καὶ
2522 559 2570 609 οἱ
2601 558 2801 612 δίκαιοί
2844 563 3007 631 ἐσμεν
3045 561 3118 624 ὡς
3163 561 3457 633 ἄνθρωποι,
3489 565 3589 635 οὐχ

2008 647 2081 710 ὡς
2115 649 2148 716 ἡ
2183 649 2430 720 ἁμαρτία
2462 649 2795 720 δικαιοσύνη.
2827 651 3009 714 Ὅθεν,
3039 661 3143 707 etc.
3183 652 3271 706 Sic
3315 655 3474 707 etiam
3497 657 3589 724 ju-

2006 740 2076 791 sti
2115 755 2296 791 suntus
2335 748 2584 809 tanquam
2613 740 2869 804 homines,
2914 758 3015 794 non
3055 751 3110 793 ut
3140 752 3406 810 peccatum
3422 746 3589 812 justi-

2008 828 2102 880 tia.
2137 825 2303 895 Unde,
2328 836 2433 883 etc.
2467 830 2674 884 Cmtera
2698 848 2807 885 non
2836 833 3083 902 improbo
3105 850 3119 896 ;
3145 833 3239 887 sed
3271 834 3326 886 in
3351 833 3460 897 illo,
3489 836 3588 904 οὐχ

2007 918 2082 980 ὠς
2107 920 2141 988 ἡ
2169 919 2409 989 ἁμαρτία
2441 919 2774 990 δικαιοσύνη,
2815 939 2918 974 non
2963 932 3019 974 ut
3049 933 3317 990 peccatum
3346 925 3586 992 justitia,

2008 1010 2228 1062 obscuri
2255 1011 2456 1080 aliquid
2490 1021 2544 1066 et
2575 1014 2763 1067 absoni
2807 1014 2986 1068 inesse
3026 1017 3156 1068 mihi
3186 1017 3419 1068 videtur.
3449 1015 3588 1070 Rur—

2009 1115 2104 1153 sus
2146 1101 2218 1154 ita
2250 1103 2432 1156 statim
2470 1103 2666 1174 legitur
2698 1125 2710 1159 :
2753 1107 2943 1176 Ἡμεῖς
2977 1107 3032 1159 δὲ
3061 1107 3358 1178 μεταλήψει
3388 1109 3588 1161 δικαιο-

2011 1191 2176 1258 σύνης
2217 1190 2431 1244 δίκαιοι.
2480 1195 2589 1246 Καὶ
2620 1193 2858 1262 Μωῦσῆς
2900 1194 3126 1263 ὲλὰλησέ
3160 1212 3212 1246 τι
3251 1198 3314 1265 τῇ
3349 1195 3586 1268 γλώττῃ,

2008 1280 2122 1332 ἀλλ’
2175 1281 2273 1333 οὐκ
2311 1283 2599 1354 ἀπελήφθη
2638 1287 2703 1356 τῇ
2761 1286 2990 1356 ἱστορίᾳ.
3032 1287 3139 1338 Καὶ
3175 1285 3447 1358 ’Λϐραάμ,
3479 1296 3586 1341 elc.

2013 1369 2124 1425 Nos
2195 1389 2312 1426 vero
2353 1377 2756 1444 participatione
2799 1377 3029 1445 justitia:
3077 1378 3218 1445 justi
3269 1395 3469 1432 sumus.
3520 1379 3588 1429 Et

2012 1461 2218 1531 Moyses
2264 1465 2442 1534 lingua
2479 1467 2682 1520 locutus
2718 1478 2795 1520 est
2830 1468 3056 1537 aliquid,
3106 1467 3243 1538 quod
3277 1478 3450 1521 tamen
3485 1485 3589 1520 non

2007 1556 2428 1621 comprehensum
2473 1567 2549 1612 est
2597 1559 2842 1612 historia.
2893 1559 2959 1612 Et
3008 1559 3300 1623 Abraham,
3343 1569 3445 1614 etc.
3485 1558 3587 1615 Ubi

2007 1643 2162 1708 illud,
2199 1645 2265 1698 Et
2323 1647 2531 1717 Moyses
2582 1651 2762 1718 lingua
2811 1649 3014 1702 locutus
3059 1658 3136 1702 est
3186 1650 3408 1720 aliquid,
3449 1650 3586 1719 quod

2012 1745 2185 1790 tamen
2237 1755 2339 1791 non
2386 1741 2810 1807 comprehensum
2862 1750 2939 1794 est
2991 1741 3237 1803 historia,
3287 1757 3394 1794 non
3450 1740 3591 1794 belle

2011 1830 2354 1883 connectitur
2397 1831 2622 1901 reliquis
2681 1832 2948 1886 orationis
3002 1834 3251 1901 partibus
3296 1852 3307 1886 :
3361 1849 3426 1886 ex
3479 1847 3589 1901 quo

2012 1919 2090 1981 fit,
2141 1927 2198 1973 ut
2252 1924 2427 1975 oratio
2475 1924 2577 1975 hoc
2633 1923 2753 1977 loco
2811 1923 3078 1977 dissoluta
3140 1939 3262 1978 esse
3316 1925 3584 1978 videatur.

2009 2010 2236 2066 Constat
2266 2013 2431 2082 igitur
2469 2030 2578 2066 non
2607 2029 2673 2067 ex
2699 2015 2989 2069 sententiis
3025 2014 3208 2077 modo,
3249 2018 3340 2068 sed
3367 2031 3433 2067 ex
3471 2016 3589 2084 ipsa

2010 2103 2173 2154 etiam
2210 2105 2482 2158 scribendi
2546 2107 2778 2171 ratione,
2829 2105 2970 2159 hanc
3021 2107 3338 2159 concionem
3387 2105 3590 2160 Basilio

2013 2191 2209 2262 Magno
2237 2195 2400 2249 tribui
2429 2197 2623 2251 merito
2653 2212 2761 2250 non
2804 2213 2986 2267 posse.
3035 2199 3260 2260 Auctor,
3297 2205 3589 2266 antequam

2011 2284 2077 2337 ad
2102 2283 2311 2338 Novum
2338 2285 2746 2341 Testamentum
2793 2290 3026 2353 veniret,
3055 2305 3120 2342 ex
3146 2288 3329 2342 Veteri
3374 2289 3477 2343 hoc
3509 2299 3590 2341 te-

2011 2375 2326 2430 stimonium
2359 2377 2582 2444 protulit
2614 2376 2758 2447 (pag.
2802 2378 2925 2447 605)
2957 2397 2969 2431 :
3008 2378 3118 2430 Καὶ
3147 2379 3253 2449 γὰρ
3285 2379 3587 2448 Μανασσῆς

2008 2465 2038 2517 ὀ
2080 2465 2509 2536 τετραπρόσωπα
2555 2467 2745 2520 εἴδωλα
2793 2471 2850 2521 ἐν
2894 2468 2971 2538 τῷ
3014 2468 3125 2538 ναῷ
3166 2468 3258 2520 τοῦ
3292 2469 3423 2521 Θεοῦ
3452 2469 3584 2532 θεὶς,

2011 2555 2076 2608 ἵν’
2106 2555 2227 2608 ὃθεν
2267 2556 2332 2610 ἄν
2363 2575 2445 2620 τις
2489 2559 2737 2632 εἰσέλθῃ.
2775 2563 2885 2623 τοῖς
2929 2560 3167 2623 εἰδώλοις
3212 2562 3586 2630 προσκυνήσῃ,

2014 2649 2348 2716 μετανοήσας
2385 2649 2654 2721 ἀνεκλήθη
2694 2654 2757 2702 ὲκ
2795 2651 2893 2720 τῆς
2924 2651 3316 2722 αἰχμαλωσίας.
3363 2650 3505 2704 Ναηι
3537 2661 3589 2704 et

2011 2734 2287 2790 Manasses
2319 2738 2408 2806 qui
2452 2737 2601 2791 idola
2653 2741 3050 2809 quadruplicem
3101 2742 3290 2810 facient
3343 2741 3590 2794 habentia

2010 2825 2066 2878 in
2098 2827 2285 2894 templo
2315 2827 2410 2881 Dei
2438 2829 2746 2893 collocarat,
2780 2842 2833 2884 ut
2884 2832 3220 2901 undecunque
3267 2833 3380 2901 quis
3416 2834 3588 2901 ingre-

2010 2914 2241 2980 deretur,
2292 2918 2436 2970 idola
2488 2919 2756 2984 adoraret,
2808 2932 2929 2973 acta
2971 2923 3273 2988 pwnitentia
3318 2930 3586 2974 revocatus

2011 3016 2087 3060 est
2142 3022 2206 3060 ea:
2262 3009 2575 3076 captivitate.
2633 3009 2687 3063 In
2749 3027 2815 3066 eo
2873 3021 3053 3066 autem
3107 3014 3351 3081 peccavit
3399 3021 3590 3066 auctor

2013 3099 2157 3166 quod
2209 3099 2386 3152 locum
2438 3099 2648 3157 Veteris
2693 3101 3023 3158 Testamenti
3078 3119 3186 3157 non
3239 3103 3585 3158 iudicaverit.

2014 3187 2150 3240 Nam
2178 3189 2267 3242 ubi
2308 3188 2711 3260 Scripturarum
2740 3193 3008 3262 ejusmodi
3042 3193 3312 3247 idolorum
3347 3195 3591 3264 quadru-

2012 3279 2204 3349 plicem
2256 3279 2444 3334 faciem
2501 3281 2818 3336 habentium
2872 3284 3075 3338 mentio
3135 3284 3267 3348 ﬁat,
3320 3284 3590 3354 hodieque

2012 3371 2326 3440 ignoratur;
2357 3387 2456 3426 nec
2508 3373 2732 3428 dubium
2774 3390 2896 3429 esse
2933 3383 3132 3444 potest,
3163 3376 3296 3445 quin
3350 3377 3463 3430 haec
3506 3377 3591 3429 hi-

2015 3461 2183 3515 storia
2208 3477 2274 3516 ex
2303 3462 2409 3516 alio
2439 3464 2622 3534 aliquo
2649 3464 2798 3519 fonte
2824 3465 3018 3519 hausta
3054 3466 3144 3520 sit.

2087 3553 2171 3606 l9.
2222 3552 2578 3625 Posteaquam
2637 3556 2872 3625 scriptor
2933 3559 3242 3612 testimonia
3300 3559 3504 3628 aliquot
3560 3574 3591 3612 e

2015 3641 2196 3698 Veteri
2229 3642 2578 3700 Testamento
2603 3649 2808 3709 retulit,
2836 3665 2866 3703 e
2899 3647 3048 3702 Novo
3079 3665 3294 3719 quoque
3324 3649 3590 3702 nonnulla

2015 3735 2354 3804 excerpenda
2411 3752 2531 3792 esse
2582 3738 2870 3806 judicavit.
2928 3741 3008 3793 lta
3065 3741 3228 3809 igitur
3281 3741 3349 3795 de.
3400 3741 3589 3794 adole-

2017 3836 2199 3884 scente
2226 3829 2452 3899 prodigo
2488 3830 2728 3899 loquitur
2759 3830 2914 3901 (ibid)
2954 3849 2965 3884 :
3009 3832 3273 3896 Ἐδέξατο,
3310 3831 3403 3886 καί
3435 3845 3587 3901 φησιο

2017 3919 2226 3972 Θύσατε
2257 3919 2476 3991 ταῦρον,
2524 3921 2617 3973 καὶ
2649 3920 2839 3990 στολὴν
2870 3922 3212 3992 ἐξενέγκατε,
3251 3923 3346 3976 καὶ
3386 3921 3592 3992 ταύτην

2019 4010 2269 4081 ἀρχαίαν,
2302 4012 2393 4065 καὶ
2445 4011 2726 4065 δακτύλιον
2771 4015 2827 4065 ὲν
2869 4017 2934 4084 τῇ
2984 4014 3145 4086 χειρί.
3183 4013 3368 4067 Ταῦτα
3413 4015 3591 4086 πάντα

2017 4101 2488 4172 παρερμηνεύεται
2520 4099 2638 4170 μὲν,
2675 4101 2825 4172 δηλοῖ
2849 4101 2903 4154 δὲ
2933 4104 3210 4174 συντόμως
3233 4104 3331 4173 τὴν
3359 4119 3590 4173 προτρο-

2020 4192 2127 4262 πὴν
2153 4193 2250 4262 τὴν
2280 4192 2488 4263 ἀγαθὴν
2520 4192 2610 4246 τοῦ
2640 4193 3061 4264 ὑποδεξαμένου,
3101 4196 3160 4248 οὐ
3190 4196 3324 4266 προς
3363 4194 3398 4248 ἃ.
3429 4195 3589 4257 θέλω,

2019 4281 2151 4336 ἀλλὰ
2179 4282 2313 4351 πρὸς
2341 4283 2376 4336 ἃ
2404 4283 2568 4351 λέγει.
2599 4284 2660 4336 Εἰ
2684 4283 2759 4349 δέ,
2785 4295 2890 4340 etc.
2920 4284 3137 4355 Excepit
3166 4285 3333 4358 [pater
3369 4285 3590 4358 ﬁlium],

2019 4383 2067 4427 et
2093 4375 2164 4426 ait
2191 4390 2208 4426 :
2240 4373 2470 4428 Mactate
2505 4383 2735 4441 taurum,
2808 4386 2857 4430 et
2903 4380 3096 4432 stolam
3131 4379 3334 4447 a/Terte,
3377 4393 3591 4446 eamque

345 4495 471 4532 nere
501 4493 518 4531 :
564 4478 826 4532 habendos
871 4491 966 4544 pro
1008 4475 1154 4528 bonis
1193 4475 1315 4527 viris
1353 4489 1462 4539 eos,
1509 4489 1613 4526 non
1647 4475 1736 4543 qui
1768 4490 1914 4540 nun-
1945 4487 1990 4543 ι)
2017 4465 2317 4531 pristinam,
2346 4476 2395 4520 et
2424 4469 2676 4520 annulum
2703 4469 2754 4520 in
2787 4485 3000 4521 manum
3028 4470 3212 4537 ipsius.
3247 4469 3374 4524 Haec
3413 4471 3588 4522 omnia

343 4585 505 4639 quam
549 4576 853 4639 peccarent,
895 4565 985 4621 sed
1030 4567 1120 4636 qui
1168 4566 1359 4634 scepius
1411 4565 1622 4617 honeste
1682 4572 1908 4633 agerent.

341 4663 498 4726 Esto,
548 4662 630 4716 lex
664 4659 937 4730 ejusmodi
983 4659 1163 4729 vigeat
1214 4657 1354 4728 apud
1407 4655 1606 4712 Persas
1649 4675 1661 4711 :
1712 4656 1807 4710 sed
1846 4655 1914 4709 ab

342 4753 591 4809 Ecclesia
616 4753 710 4808 Dei
739 4767 967 4823 prorsus
997 4759 1266 4806 arceatur.
1301 4748 1405 4804 Sed
1437 4765 1536 4804 nos
1575 4749 1641 4803 ad
1666 4749 1915 4818 proposi-

344 4853 462 4897 tum
503 4842 830 4908 referamus,
882 4857 982 4897 nec
1033 4842 1168 4897 satis
1205 4841 1502 4896 habeamus
1546 4841 1725 4893 locum
1775 4841 1916 4894 inte-

347 4947 503 5001 grum
554 4932 950 5002 exscripsisse,
1002 4931 1098 4986 sed
1145 4930 1262 5009 ejus
1305 4938 1486 5000 partes
1525 4930 1735 5000 aliquas
1791 4929 1914 4982 dili-

348 5024 561 5092 gentius
608 5022 999 5093 expendamus.
1050 5020 1129 5076 Ita
1175 5021 1340 5092 igitur
1388 5029 1577 5075 auctor
1619 5021 1910 5090 loquitur:

348 5115 413 5166 Εἰ
446 5115 662 5168 πλείονα
707 5115 774 5168 τὰ
808 5103 1194 5186 ἁμαρτήματα,
1224 5114 1364 5166 ἔστω
1391 5113 1710 5183 ἁμαρτωλός
1729 5128 1741 5141 ·
1783 5114 1831 5164 εἰ
1859 5111 1916 5164 δὲ

350 5206 568 5260 πλείονα
604 5207 674 5261 τὰ
700 5207 1058 5278 δικαιώματα,
1107 5207 1244 5260 ἔστω
1288 5205 1509 5266 δίκαιος.
1554 5198 1649 5266 Εἷς
1679 5204 1773 5256 καὶ
1800 5197 1911 5266 εἷς·

350 5297 420 5348 τὰ
451 5297 575 5369 γάρ,
598 5308 702 5352 etc.
742 5297 804 5353 Si
845 5306 1059 5367 peccata
1097 5296 1254 5366 plura
1290 5303 1432 5356 sunt,
1467 5293 1530 5346 sit
1560 5301 1836 5359 peccator;
1869 5293 1915 5344 si

345 5389 568 5457 justitite
603 5391 800 5460 plures,
834 5391 906 5444 sit
933 5390 1133 5458 justus.
1169 5385 1314 5441 Unus
1342 5397 1389 5440 et
1419 5402 1555 5439 unus
1583 5400 1600 5437 :
1632 5401 1774 5447 nam,
1806 5393 1910 5440 etc.

356 5478 500 5543 Quid
528 5490 700 5536 autem
730 5481 838 5536 sibi
867 5480 997 5534 velit
1028 5480 1180 5542 illud,
1202 5495 1336 5532 unus
1371 5487 1421 5531 et
1449 5493 1604 5541 unus,
1627 5477 1760 5531 non‘
1781 5475 1914 5530 satis

357 5567 632 5638 intelligo;
670 5584 772 5625 nec
805 5569 964 5624 facile
993 5569 1233 5624 adducar
1271 5578 1327 5623 ut
1364 5568 1580 5625 credam
1614 5561 1924 5633 hominem,

444 5748 512 5818 (α)
541 5749 701 5819 Epist.
735 5750 803 5805 ad
836 5749 1067 5821 Amphil.

2016 4557 2068 4610 in
2101 4559 2263 4610 aliam
2294 4557 2500 4628 quidem
2524 4562 2834 4614 sententiam
2863 4571 3231 4630 exponuntur;
3275 4563 3366 4616 sed
3415 4572 3589 4614 tamen

2015 4649 2317 4718 compendio
2346 4651 2647 4720 signiﬁcant
2677 4653 2866 4705 bonam
2894 4655 3223 4722 suscipientis
3271 4653 3591 4707 cohortatio-

2016 4763 2152 4811 nem,
2189 4764 2291 4801 non
2325 4747 2394 4800 ad
2417 4765 2479 4802 ea
2507 4765 2623 4818 qua:
2652 4750 2788 4814 volo,
2811 4751 2901 4805 sed
2932 4751 3000 4804 ad
3027 4769 3089 4805 ea
3114 4768 3228 4822 quae
3255 4750 3400 4805 dicit.
3436 4750 3588 4816 Quod

2015 4841 2083 4904 si,
2114 4849 2220 4893 etc.
2257 4840 2466 4905 Quibus
2515 4857 2580 4896 ex
2610 4843 2806 4910 ,verbis
2848 4843 3122 4914 quomodo
3172 4842 3366 4898 idonea
3406 4844 3589 4913 aliqua

2017 4930 2284 4984 sententia
2299 4931 2432 4984 ellici
2458 4932 2651 5002 possit,
2673 4933 2764 4987 alii
2789 4935 3019 4988 viderint
3045 4953 3056 4988 :
3082 4949 3181 5004 ego
3202 4950 3423 4990 monere
3453 4936 3590 4990 satis

2016 5020 2246 5086 habebo,
2272 5022 2539 5090 ejusmodi
2575 5025 2849 5079 scribendi
2879 5025 3145 5078 rationem
3177 5035 3231 5080 et
3265 5027 3503 5096 ineptam
3533 5034 3588 5080 et

2017 5113 2306 5167 obscuram
2363 5113 2416 5168 in
2476 5131 2747 5170 summum
2789 5117 2966 5170 virum
3007 5116 3265 5171 Basilium
3311 5134 3416 5172 non
3457 5134 3589 5171 con-

2016 5201 2219 5256 venire.
2255 5200 2388 5256 Cum
2434 5211 2626 5260 aut-tor
2657 5204 2826 5257 multa
2860 5204 3088 5259 dixisset
3136 5207 3202 5261 de
3242 5206 3588 5261 adolescente

2018 5291 2265 5362 prodigo,
2298 5302 2410 5345 tum
2437 5292 2654 5347 demum
2683 5292 2825 5346 Petri
2865 5303 2919 5347 et
2958 5293 3108 5349 Pauli
3138 5297 3468 5350 mentionem
3508 5296 3588 5348 fa-

2018 5384 2118 5445 cit,
2169 5384 2271 5438 boc
2317 5384 2480 5438 modo
2523 5385 2665 5455 (pag.
2717 5385 2844 5456 606)
2881 5405 2893 5440 :
2931 5387 3131 5459 Πέτρος
3183 5390 3302 5458 τρὶς
3337 5390 3588 5458 ἀπαρνεῖ-

2016 5489 2126 5535 ται,
2157 5473 2249 5524 καὶ
2281 5476 2456 5525 κεῖται
2479 5475 2536 5525 ὲν
2565 5473 2816 5546 θεμελίῳ.
2849 5477 3061 5541 Παῦλος
3088 5477 3194 5530 ἀπὸ
3229 5476 3469 5531 διωκτῶν
3495 5480 3588 5547 xi}-

2022 5565 2134 5634 ρυξ.
2181 5563 2318 5615 Ἀλλ’
2361 5563 2594 5617 ἐνταῦθα
2633 5566 2746 5617 ἐστι
2808 5565 3043 5636 ζήτημα.
3116 5567 3273 5620 Ἀλλὰ
3331 5569 3384 5621 τι
3442 5567 3587 5636 λέγει

2091 5740 2165 5812 (b)
2199 5740 2416 5807 Μαι-ειη
2465 5740 2589 5796 Var.
2629 5743 2746 5801 lect.
2779 5743 2872 5798 lib.
2915 5759 3029 5810 vm,
3062 5759 3110 5799 c.
3143 5744 3232 5798 25.
