3972 6202
367 403 438 459 59
1808 393 2196 450 PB/EFATIO.
3537 399 3613 456 to

364 513 559 576 αὐτὸς·
612 510 845 579 Ἰησοῦς
893 507 1146 578 Χριστὸς
1187 504 1377 579 ἦλθεν
1417 509 1503 572 εἷς
1548 506 1654 559 τὸν
1707 504 1939 573 κόσμον
1966 511 2010 564 Α
2040 504 2334 574 καμάτων;
2371 504 2485 558 Οὐκ
2532 503 2753 572 ἄγγελοί
2795 506 2979 574 ἐσμεν,
3017 503 3127 558 ἀλλ’
3172 504 3463 577 ἂνθρωποι.
3502 508 3614 565 Καὶ

363 602 747 674 ἁμαρτωλοὺς
774 600 989 667 σῶσαι,
1015 595 1103 654 ὧν
1133 597 1365 668 πρῶτός
1388 601 1506 668 ειμι
1542 595 1674 668 ἐγώ.
1710 596 1783 648 Τὸ
1814 595 1941 649 ἴδιον

363 695 651 766 ἐλάττωμα
674 696 916 764 φανεροῖ,
944 694 1031 747 ἵνα
1057 691 1206 765 δείξῃ
1236 691 1297 743 τὸ
1326 689 1551 761 μέγεθος
1577 688 1676 758 τῆς
1701 687 1937 759 χάριτος.

377 785 536 838 Ἀλλά
598 786 805 856 Πέτρος
850 783 1020 837 εἰπὼν
1072 783 1168 836 καὶ
1229 780 1559 851 εὐλογηθεὶς,
1604 778 1774 832 εἰπὼν
1802 793 1816 807 ο
1857 778 1941 830 ὅτι

362 879 492 942 Υἱὸς
520 877 573 930 εἶ
606 876 713 930 τοῦ
746 875 892 929 Θεοῦ
922 875 1027 929 τοῦ
1071 874 1359 942 ὑψίστου,
1406 872 1501 925 καὶ
1525 872 1781 934 ἀκούσας,
1826 870 1937 923 ὃτι·

360 968 557 1038 Πέτρα
600 965 683 1031 εἴ,
737 966 1170 1038 ὲνεγκωμιάσθη.
1209 966 1272 1018 Εἰ
1320 963 1429 1036 γὰρ
1476 965 1570 1017 καὶ
1622 964 1815 1032 πέτρα,
1845 962 1941 1030 οὐχ

359 1059 434 1122 ὡς
466 1060 699 1132 Χριστὸς
729 1060 920 1129 πέτρα,
958 1058 1035 1120 ὡς
1079 1058 1284 1131 Πέτρος
1336 1056 1528 1128 πέτρα.
1561 1054 1790 1126 Χριστὸς
1833 1053 1941 1124 γὰρ

360 1150 526 1214 ὄντως
566 1151 738 1222 πέτρα
764 1151 1076 1213 ἀσάλευτος,
1114 1149 1316 1220 Πέτρος
1360 1148 1415 1200 δὲ
1441 1148 1526 1200 διὰ
1574 1148 1673 1217 τὴν
1710 1146 1935 1216 πέτραν.

360 1240 552 1296 Petrus
594 1251 670 1295 ter
702 1250 875 1310 negat,
913 1249 1086 1293 tamen
1134 1241 1183 1292 in
1235 1237 1576 1308 fundamento
1628 1234 1936 1289 collocatur.

359 1332 568 1388 Paulus
595 1349 660 1387 ea:
686 1332 1099 1403 persecutoribus
1130 1332 1303 1400 [actus
1349 1340 1426 1384 est
1457 1329 1795 1398 prtedicator.
1834 1326 1937 1381 Sed

359 1426 443 1478 hic
494 1426 714 1495 qumstio
760 1435 856 1478 est.
911 1423 1052 1489 Quid
1102 1434 1277 1477 autem
1331 1423 1459 1475 dicit
1509 1421 1657 1489 ipse?
1712 1438 1730 1471 ι
1781 1419 1937 1473 Jesus

358 1516 606 1573 Christus
640 1517 776 1570 venit
805 1518 861 1569 in
903 1517 1178 1580 mundum,
1219 1525 1275 1568 ut
1308 1523 1603 1584 peccatores
1646 1514 1819 1568 salvos
1848 1512 1936 1582 fa-

358 1618 515 1674 ceret,
545 1624 766 1679 quarum
813 1609 1014 1677 primus
1065 1624 1183 1661 sum
1237 1624 1327 1677 ego
1354 1606 1397 1661 ’.
1437 1626 1454 1658 ι
1490 1605 1738 1659 Declarat
1783 1620 1937 1658 suum

358 1701 524 1753 iusius
556 1700 763 1763 citium,
811 1709 866 1750 ut
897 1699 1084 1768 gratia:
1119 1698 1538 1767 magnitudinem
1576 1696 1839 1750 ostendat.
1868 1696 1938 1747 At

358 1791 564 1846 dixerat
596 1790 810 1854 Petrus,
850 1800 899 1844 et
938 1790 1341 1843 benedictionem
1387 1798 1691 1842 consecutus
1722 1787 1933 1857 fuerat;

2040 593 2310 665 πίπτομεν
2342 595 2436 648 καὶ
2479 595 2824 666 ὲγειρόμεθα,
2872 597 2966 650 καὶ
3005 597 3261 661 πολλάκις
3306 598 3407 669 τῆς
3441 600 3613 672 αὐτῆς

2039 683 2277 755 ὦρας....
2313 686 2376 738 Εἰ
2417 686 2474 739 δὲ
2526 686 2739 750 οὐδενὸς
2789 687 3205 759 ἁμαρτήσαντος
3249 691 3284 761 ή
3326 689 3540 759 ἄφεσις,
3574 693 3612 765 ἠ

2038 776 2267 848 διαιρορά
2307 772 2376 847 ἦν
2418 779 2476 830 ὲν
2510 780 2577 849 τῇ
2617 777 2875 850 ποικιλίᾳ.
2920 779 3079 834 Ἀλλά
3129 781 3336 853 ἐπειδή.
3373 781 3606 839 Unumtte

2040 872 2237 924 malum
2271 882 2478 941 reputat
2506 872 2668 939 Deus,
2700 873 2868 927 multa
2897 890 3016 927 vero
3062 872 3197 928 bona
3233 889 3336 927 non
3367 874 3610 942 reputat!

2039 961 2178 1028 Quot
2215 974 2474 1032 martyres
2498 963 2586 1033 qui
2625 964 2854 1031 primum
2884 973 3157 1033 negarant,
3206 978 3392 1017 rursus
3432 964 3607 1018 redin-

2039 1063 2243 1120 tegrata
2293 1071 2466 1124 pugna
2516 1055 2719 1109 cladem
2761 1058 3063 1111 resarsere?
3089 1055 3190 1110 Sed
3219 1065 3474 1126 negarant
3504 1073 3608 1110 non

2038 1147 2237 1209 animo,
2260 1146 2349 1200 sed
2372 1147 2572 1217 lingua.
2605 1145 2746 1201 Caro
2777 1163 3000 1218 namque
3027 1147 3240 1216 in/irma
3263 1157 3362 1205 est.
3395 1148 3607 1201 Excidit

2036 1238 2126 1306 qui
2178 1237 2438 1307 abnegat,
2489 1255 2675 1293 rursus
2728 1255 2847 1292 cum
2892 1241 3195 1308 conﬁtetur,
3254 1241 3607 1297 instauratur.

2039 1328 2151 1382 Nec
2190 1329 2326 1383 enim
2365 1331 2512 1384 mala
2540 1330 2778 1385 observat
2808 1331 2966 1394 Deus,
2998 1330 3136 1385 bona
3166 1348 3285 1386 vero
3322 1334 3467 1387 nullo
3494 1334 3608 1388 loco

2038 1432 2300 1477 numerat.
2334 1421 2401 1477 Et
2430 1439 2547 1476 cum
2573 1423 2691 1494 quis
2723 1431 3068 1495 torqueretur,
3117 1440 3468 1494 swpenumero
3496 1442 3606 1480 ces-

2037 1517 2127 1577 sit,
2157 1531 2275 1567 cum
2311 1514 2446 1582 ferre
2476 1531 2578 1568 non
2606 1525 2799 1582 posset,
2830 1532 2934 1568 non
2965 1527 3291 1570 commutans
3324 1516 3608 1572 voluntatis

2035 1606 2380 1674 propositum,
2409 1604 2499 1659 sed
2540 1605 2722 1660 labore
2763 1608 2928 1660 uictus
2964 1622 2982 1659 :
3021 1615 3075 1659 at
3123 1607 3394 1671 dimissus,
3425 1624 3488 1661 ac
3525 1624 3608 1662 re-

2036 1697 2206 1765 quiem
2258 1705 2480 1762 nactus,
2555 1706 2910 1752 restauratur.
2978 1696 3351 1752 Seruabiturne
3408 1700 3608 1753 dictum

2040 1786 2184 1841 breve
2231 1787 2482 1841 adversus
2515 1787 2690 1853 illum,
2742 1799 2999 1843 tormenta
3035 1807 3153 1844 vero
3192 1807 3295 1843 non
3331 1807 3608 1845 enumera-

357 1883 563 1938 diu”,
591 1900 608 1938 ;
641 1903 660 1934 ε
707 1852 883 1936 Εξίγίηδ
920 1899 975 1937 ε,
1024 1881 1116 1935 θεῖ
1164 1881 1413 1935 altissimi
1439 1880 1493 1947 ’ς
1535 1899 1554 1931 ι
1587 1852 1806 1950 cumque
1836 1895 1935 1932 au-
1966 1852 2013 1912 Β
2042 1876 2274 1929 buntur?
2310 1874 2379 1926 At
2408 1874 2546 1929 Deus
2577 1875 2746 1945 judea:
2776 1888 2876 1942 est,
2909 1895 3012 1932 non
3051 1877 3320 1933 hominum
3355 1880 3605 1935 audacia.

356 1975 540 2041 disset,
571 1995 589 2027 ‹
628 1974 789 2029 Petra
819 1990 895 2037 es,
929 1992 948 2025 ι
977 1975 1240 2043 ρνατοηίο
1285 1971 1591 2024 nobilitatus
1629 1979 1725 2024 est.
1753 1968 1938 2033 Quan-

356 2082 516 2136 quam
547 2074 720 2118 autem
754 2072 901 2132 petra
930 2071 1028 2130 est,
1056 2078 1159 2116 non
1188 2070 1245 2115 ut
1276 2060 1516 2115 Christus
1542 2071 1708 2128 petra,
1744 2069 1803 2113 ut
1836 2060 1935 2114 Pe-

360 2170 471 2212 trus
515 2168 682 2227 petra.
722 2155 959 2212 Christus
987 2156 1127 2209 enim
1158 2169 1271 2207 uere
1300 2163 1447 2222 petra
1473 2160 1549 2206 est
1577 2153 1889 2207 inconcussa
1917 2168 1936 2206 :

359 2248 550 2303 Petrus
588 2264 705 2303 vero
747 2256 958 2318 propter
1001 2255 1225 2314 petram.
1273 2243 1485 2313 Ubique
1534 2243 1806 2313 abjectum
1851 2251 1938 2297 est

358 2340 573 2396 dicendi
625 2356 814 2411 genus,
860 2347 914 2394 et
948 2338 1194 2401 humile;
1238 2337 1335 2391 sed
1383 2345 1745 2405 prazterquam
1789 2335 1936 2405 quod

357 2432 460 2487 hoc
483 2433 601 2486 loco
640 2445 821 2487 sermo
863 2428 1087 2483 humilis
1127 2434 1213 2483 est
1256 2437 1311 2481 et
1354 2426 1621 2495 abiectus,
1654 2427 1831 2495 aliqua
1855 2427 1939 2480 di-

356 2534 446 2591 cta
474 2532 603 2579 sunt
635 2522 993 2593 ineptissime.
1036 2519 1177 2586 Quid
1226 2519 1373 2573 enim
1412 2520 1505 2571 illa
1559 2517 1813 2587 loquendi
1850 2533 1938 2571 ra-

357 2623 524 2684 tione,
575 2615 710 2671 ἀλλά
754 2615 961 2686 Πέτρος
1013 2611 1182 2666 εἰπὼν
1243 2612 1337 2665 καὶ
1390 2610 1735 2682 εὐλογηθεὶς,
1766 2608 1936 2664 εἰπὼν

355 2711 458 2772 ὅτι,
493 2718 547 2763 at
572 2708 764 2765 Petrus
805 2707 1032 2770 locutus,
1060 2712 1111 2758 et
1157 2702 1563 2758 benedictionem
1603 2711 1935 2767 consecutus,

358 2803 584 2864 locutus,
623 2809 715 2855 aut
758 2800 996 2870 ineptius
1030 2807 1137 2862 est,
1174 2805 1269 2853 aut
1318 2796 1643 2852 absurdius?
1680 2794 1937 2851 Fortasse

357 2909 467 2947 non
489 2893 816 2948 videbuntur
853 2891 1080 2945 meliora
1117 2904 1239 2960 quae
1268 2897 1593 2958 sequuntur,
1621 2886 1697 2950 ὡς
1727 2886 1935 2955 Πέτρος

357 2984 574 3055 πέτρα,
624 2991 683 3037 ut
731 2982 923 3037 Petrus
970 2993 1141 3050 petra.
1194 2981 1529 3051 Scriptorem
1578 2979 1935 3048 quaestionem

357 3073 647 3142 quamdam
700 3072 788 3127 hic
836 3071 1227 3142 pr0posuisse,
1282 3085 1384 3124 nec
1436 3080 1616 3123 tamen
1665 3068 1935 3122 imitatum

357 3167 528 3222 fuisse
560 3166 734 3221 bonos
782 3164 1101 3235 scriptores,
1138 3163 1254 3233 qui,
1286 3177 1408 3216 cum
1448 3162 1801 3232 quaestionem
1829 3160 1932 3213 ali-
1960 3186 2007 3248 ο

356 3273 519 3328 quam
561 3258 874 3322 instituunt,
915 3254 1037 3325 ejus
1075 3255 1341 3309 rationem
1374 3252 1565 3324 paucis
1615 3252 1931 3322 explanant,

356 3349 704 3405 dissimulare
746 3348 912 3403 volui.
970 3346 1196 3418 Magnus
1261 3346 1352 3400 ille
1415 3344 1630 3401 dicendi
1676 3345 1936 3415 magister

354 3439 603 3511 quisquis
636 3446 739 3502 est,
764 3440 1047 3508 aliquanto
1076 3444 1199 3508 post
1227 3438 1300 3491 ita
1332 3437 1574 3506 loquitur
1596 3437 1739 3507 (pag.
1760 3435 1886 3503 607)
1916 3453 1930 3489 :

354 3532 543 3600 Μέγας
569 3525 637 3601 ἦν
665 3529 833 3592 ὅντως
875 3527 1152 3599 Ἀϐραάμ*
1181 3526 1351 3590 οὕτως
1386 3522 1453 3597 ἦν
1484 3527 1675 3597 μέγας,
1699 3526 1830 3580 διότι
1858 3524 1932 3595 γῆ

354 3622 474 3674 ἐστι
504 3621 596 3674 καὶ
632 3618 843 3682 σποδός.
889 3617 1013 3672 Vere
1048 3634 1270 3688 magnus
1317 3624 1433 3670 erat
1468 3616 1781 3670 Abraham:
1815 3626 1933 3670 tan-

355 3724 439 3767 tus
471 3722 604 3776 erat,
640 3713 888 3784 quoniam
923 3719 1064 3763 terra
1090 3719 1166 3763 est
1194 3720 1243 3762 et
1271 3711 1421 3764 cinis.
1454 3707 1557 3763 Ubi
1589 3724 1697 3763 non
1729 3710 1931 3765 obscu-

355 3820 475 3857 rum
513 3811 597 3859 est
634 3819 822 3858 vocem
859 3802 992 3855 διότι
1035 3802 1271 3872 positam
1319 3802 1491 3857 fuisse
1535 3816 1636 3871 pro
1679 3804 1848 3873 ὅμως,
1873 3809 1933 3856 ut

354 3896 447 3961 sit,
474 3905 646 3949 tamen
678 3904 820 3947 terra
855 3902 933 3947 est
969 3894 1122 3947 cinis.
1164 3892 1300 3946 Cum
1340 3894 1575 3963 scriptor
1607 3895 1736 3948 talia
1770 3910 1932 3966 supe-

352 3988 469 4042 rius
491 3987 558 4041 de
590 3985 875 4055 multiplici
909 3984 1125 4054 iustitia
1147 3984 1353 4039 dixisse
1378 4001 1487 4040 non
1510 3987 1643 4040 satis
1683 3985 1929 4051 haberet,

353 4080 428 4132 ita
457 4077 804 4148 persequitur
835 4075 1013 4146 (ibid.)
1046 4093 1061 4129 :
1094 4074 1168 4128 Τὸ
1207 4075 1304 4145 μὲν
1342 4074 1398 4128 ἓν
1440 4074 1710 4144 λογίζεται
1737 4077 1929 4143 κακὸν,

351 4169 421 4223 τά
445 4169 502 4222 δὲ
542 4165 712 4220 πολλά
745 4165 924 4234 ἀγαθά
953 4165 1013 4218 οὐ
1037 4164 1305 4232 λογίζεται
1334 4165 1499 4231 Θεός;
1527 4166 1687 4219 Πόσοι
1723 4168 1930 4238 μάρτυ-

357 4277 447 4331 ρες
482 4258 695 4330 πρῶτον
734 4257 1120 4329 ἀρνησάμενοι,
1150 4255 1211 4308 τὸ
1246 4255 1497 4326 δεύτερον
1534 4256 1932 4311 ἀνεκαλέσαντο

351 4350 452 4421 τήν
502 4344 710 4419 ἦτταν;
754 4345 892 4398 Ἀλλ’
949 4345 1347 4417 ἀρνησάμενοι,
1404 4346 1525 4415 οὐχὶ
1580 4348 1645 4416 τῇ
1699 4345 1928 4417 διανοίᾳ,

351 4441 487 4494 ἀλλά
513 4442 579 4511 τῇ
618 4437 853 4508 γλώττῃ.
898 4438 965 4490 Ἦ
1005 4436 1142 4507 σάρξ
1185 4436 1293 4505 γὰρ
1330 4436 1583 4507 ἀσθενής.
1626 4437 1929 4509 Ἀπαρνού-

2035 1961 2210 2016 Audes
2241 1964 2399 2034 legem
2428 1964 2765 2032 prtescribere
2808 1966 2939 2033 Deo,
2975 1969 3065 2038 qui
3109 1970 3470 2039 inﬁrmitatem
3518 1988 3608 2026 ιιι)⁴

2037 2055 2140 2118 vit,
2194 2064 2243 2107 et
2290 2055 2585 2124 suppeditat
2638 2058 2937 2122 auxilium,
2983 2060 3229 2130 dabitque
3288 2046 3619 2119 uictoriam?

2038 2144 2175 2208 Quot
2208 2154 2329 2198 sunt
2359 2147 2447 2215 qui
2485 2155 2603 2215 post
2640 2147 2800 2200 vitam
2840 2147 3040 2200 malam
3083 2150 3398 2221 martyrium
3443 2150 3607 2204 susti-

2038 2237 2303 2289 nuerunt?
2331 2233 2473 2289 Num
2503 2236 2751 2306 quoniam
2794 2240 3056 2308 cupiditas
3087 2240 3277 2304 illexit,
3313 2241 3605 2308 privabim-

2037 2332 2123 2377 tur
2169 2324 2481 2383 laboribus?
2516 2326 2638 2383 Non
2683 2332 2855 2401 angeli
2903 2348 3105 2397 sumus,
3151 2332 3240 2387 sed
3277 2333 3528 2399 homines,
3557 2342 3608 2389 et

2035 2414 2272 2470 cadimus
2300 2426 2349 2470 et
2381 2420 2732 2490 resurgimus,
2780 2420 2934 2492 idque
2970 2439 3323 2492 scepenumero
3350 2424 3481 2479 hora
3510 2441 3607 2480 ea-

2035 2507 2242 2561 dem...
2278 2508 2431 2575 Quod
2458 2511 2505 2565 si
2534 2513 2729 2566 nemini
2753 2514 2844 2582 qui
2866 2526 3149 2582 peccasset,
3185 2516 3402 2571 daretur
3432 2519 3603 2582 uenia,

2034 2605 2168 2650 esset
2211 2596 2496 2654 discrimen
2539 2601 2596 2656 in
2640 2604 2910 2660 uarietate.
2950 2604 3093 2672 Quot
3136 2623 3319 2673 voces,
3368 2614 3450 2662 tot
3494 2608 3609 2664 fere

2035 2693 2438 2761 peregrinitatis
2485 2701 2649 2765 atque
2703 2696 2914 2761 νοθείας
2969 2710 3310 2770 argumenta.
3368 2699 3609 2757 Unumns

2036 2782 2257 2845 malum,
2280 2781 2478 2853 inquit,
2507 2795 2713 2855 reputat
2756 2787 2920 2855 Deus,
2952 2791 3121 2846 multa
3160 2808 3278 2846 vero
3325 2792 3462 2847 bona
3501 2808 3607 2849 non

2035 2878 2282 2942 reputat?
2317 2874 2394 2929 ita
2440 2884 2546 2943 est,
2591 2894 2755 2933 unum
2804 2881 3006 2936 malum
3056 2884 3347 2955 aliquando
3398 2894 3607 2956 reputat

2035 2964 2198 3031 Deus,
2226 2967 2396 3021 multa
2429 2985 2545 3023 vero
2582 2969 2719 3026 bona
2747 2988 2849 3027 non
2877 2983 3123 3043 reputat;
3156 2992 3332 3047 neque
3366 2976 3422 3032 id
3453 2978 3608 3048 igno-

2036 3073 2158 3112 rare
2191 3060 2367 3130 potuit
2389 3059 2644 3118 Basilius.
2677 3061 2915 3119 Noverat
2937 3068 3081 3121 enim
3108 3066 3302 3123 doctor
3334 3070 3606 3141 egregius,

2036 3148 2309 3205 hominem
2346 3168 2735 3223 nonnunquam
2769 3157 2840 3212 ob
2878 3159 3098 3213 unicum
3149 3161 3378 3216 mortale
3415 3176 3608 3231 pecca-

2039 3250 2150 3295 tum
2176 3243 2326 3313 juslo
2363 3242 2456 3298 Dei
2486 3244 2695 3315 judicio
2737 3255 2792 3302 et
2829 3248 3005 3303 deseri
3040 3256 3094 3303 et
3126 3250 3324 3320 perire.
3374 3250 3479 3307 Sed
3509 3266 3608 3306 au—

2035 3334 2265 3407 diendus
2308 3344 2393 3391 est
2424 3337 2564 3407 ipse,
2595 3337 2688 3407 qui
2733 3353 2856 3393 cum
2899 3341 3257 3411 quadraginta
3304 3346 3606 3414 martyrum

2034 3428 2225 3484 laudes
2260 3430 2584 3493 celebraret,
2610 3433 2684 3486 ita
2722 3432 2790 3487 de
2826 3433 3027 3489 misero
3065 3436 3298 3504 quodam
3326 3437 3497 3491 milite
3525 3437 3608 3492 lo-

2034 3527 2197 3574 cutus
2225 3527 2310 3574 est
2336 3519 2411 3589 (a)
2443 3539 2455 3574 :
2500 3520 2588 3584 Ὠς
2619 3520 2676 3573 δὲ
2701 3523 2748 3574 οἱ
2788 3523 2887 3592 μὲν
2925 3521 3288 3593 ἠγωνίζοντο,
3321 3524 3350 3576 6
3386 3525 3443 3578 δὲ
3476 3527 3606 3578 ἐπε-

2032 3613 2187 3683 τήρει
2240 3611 2300 3665 τὸ
2338 3612 2723 3684 ἐκϐησόμενον,
2776 3609 2882 3667 εἶδε
2926 3614 3105 3686 θέαμα
3140 3615 3308 3680 ξένον,
3351 3617 3607 3688 δυνάμεις

2032 3704 2183 3767 τινάς
2208 3703 2266 3770 ἐξ
2286 3703 2526 3776 οὐρανῶν
2560 3705 2869 3770 κατιούσας,
2904 3708 2997 3761 καὶ
3025 3702 3135 3760 οἷον
3165 3708 3314 3779 παρὰ
3345 3708 3607 3779 βασιλέως

2032 3794 2240 3867 δωρεὰς
2279 3796 2519 3866 μεγάλας
2562 3796 2920 3868 διανεμούσας
2962 3801 3073 3861 τοῖς
3126 3799 3518 3871 στρατιώταις·
3549 3802 3606 3856 αἶ

2032 3889 2144 3950 τοῖς
2177 3886 2275 3957 μὲν
2311 3886 2488 3950 ἄλλοις
2509 3889 2640 3942 πᾶσι
2674 3888 2891 3960 διήρουν
2914 3888 2983 3942 τὰ
3023 3889 3191 3961 δῶρα,
3227 3890 3322 3945 ἕνα
3360 3891 3417 3945 δὲ
3447 3893 3605 3962 μόνον

2033 3976 2251 4046 ἀφῆκαν
2296 3975 2615 4048 ἀγέραστον,
2646 3978 2862 4043 ἀνάξιον
2910 3978 3162 4050 κρίνασαι
3192 3979 3301 4034 τῶν
3341 3980 3604 4055 οὐρανίων

2032 4063 2241 4133 τιμῶν*
2286 4064 2344 4128 ὃς
2386 4065 2547 4130 εὐθὺς
2598 4068 2734 4137 πρὸς
2774 4069 2900 4132 τοὺς
2947 4070 3139 4133 πόνους
3198 4070 3601 4141 ἀπαγορεύσας,

2033 4157 2168 4228 πρὸς
2189 4158 2314 4221 τοὺς
2342 4159 2615 4223 ἐναντίους
2640 4161 3104 4233 ἀπηυτομόλησεν.
3150 4163 3409 4218 Ἐλεεινὸν
3431 4165 3604 4236 θέαμα

2030 4250 2143 4312 τοῖς
2185 4248 2432 4313 δικαίοις,
2462 4251 2490 4302 6
2525 4250 2862 4321 στρατιώτης
2904 4252 3101 4322 φυγάς,
3148 4255 3177 4307 6
3226 4257 3479 4327 ἀριστεὺς
3514 4259 3600 4309 αί-

2032 4339 2335 4409 χμάλωτος,
2360 4341 2422 4394 τὸ
2449 4341 2684 4414 Χριστοῦ
2716 4344 2981 4420 πρόδατον
3014 4344 3375 4417 θηριάλωτον’
3417 4348 3511 4401 καὶ
3542 4349 3602 4401 τό

2032 4448 2095 4499 γε
2121 4432 2494 4504 ἐλεεινότερον,
2531 4436 2612 4488 δτι
2646 4436 2740 4489 καὶ
2775 4437 2872 4509 τῆς
2900 4438 3116 4491 αἰωνίου
3141 4436 3286 4510 ζωῆς
3311 4439 3599 4512 διήμαρτε,

354 4550 514 4605 μενος
560 4531 836 4594 ἐκπίπτει,
886 4528 1046 4583 πάλιν
1097 4528 1372 4601 ὁμολογῶν
1421 4528 1789 4582 ἀνακαλεῖται.
1849 4530 1925 4583 Οὐ
1958 4522 2004 4577 D
2032 4528 2126 4580 καὶ
2152 4526 2273 4580 οὐδὲ
2310 4526 2513 4598 ταύτης
2549 4529 2872 4595 ἀπέλαυσεν,
2896 4530 3055 4594 εὐθὺς
3090 4530 3241 4602 αὒτῷ
3270 4532 3371 4603 τῆς
3401 4534 3602 4604 σαρκὸς

349 4624 459 4694 γὰρ
492 4623 561 4676 τὰ
593 4622 738 4676 κακά
771 4619 1026 4690 φυλάττει
1065 4622 1094 4673 6
1135 4619 1289 4684 Θεὸς,
1331 4619 1401 4673 τὰ
1444 4619 1502 4672 δὲ
1536 4619 1676 4674 καλά
1723 4619 1925 4675 ἀθετεῖ.

348 4717 459 4770 Καὶ
486 4712 908 4786 βασανιζόμενός
945 4730 1051 4779 τις,
1102 4711 1359 4776 πολλάκις
1391 4712 1619 4765 ἐνέδωκε
1661 4710 1735 4783 μὴ
1771 4714 1927 4781 ἐνεγ-

350 4805 483 4871 κὼν,
504 4806 564 4858 οὐ
595 4805 696 4876 τὴν
728 4803 1057 4877 προθυμίαν,
1089 4801 1225 4855 ἀλλὰ
1251 4802 1342 4855 τὸν
1388 4802 1576 4855 πόνονο
1623 4800 1760 4855 ἀλλά
1795 4818 1926 4855 κατ-

348 4896 584 4968 ενεχθεὶς
624 4897 718 4949 καὶ
764 4895 946 4950 ἄνεσιν
984 4892 1167 4948 λαϐὼν
1200 4892 1574 4947 ἀνακαλεῖται.
1618 4894 1691 4947 Τὸ
1732 4893 1928 4964 μικρὸν

348 4988 500 5059 ῥῆμα
538 4986 943 5059 φυλαχθήσεται
973 4984 1145 5057 αὐτῷ,
1187 4986 1245 5038 αἱ
1296 4986 1354 5038 δὲ
1397 4986 1618 5056 βάσανοι
1657 4988 1757 5039 οὐκ
1801 4988 1926 5059 ἀρε..

348 5078 751 5150 θμηθήσονται;
798 5078 958 5131 Ἀλλά
993 5077 1127 5140 Θεὸς
1169 5077 1382 5149 κριτής,
1419 5078 1519 5130 οὐκ
1560 5077 1862 5150 ἀνθρώπων
1892 5079 1925 5147 ή

345 5169 539 5240 τόλμα.
572 5169 790 5240 Τολμᾷς
823 5170 1131 5240 νομοθετεῖν
1180 5168 1319 5239 Θεῷ,
1368 5168 1428 5233 ὃς
1477 5165 1586 5222 οἶδε
1632 5171 1728 5239 τὴν
1762 5169 1925 5223 ἀσθέ-

345 5273 514 5319 νειαν,
554 5256 648 5310 καὶ⁵
684 5259 909 5328 χορηγεῖ
938 5257 1034 5328 τὴν
1076 5256 1347 5328 βοήθειαν,
1385 5259 1478 5311 καὶ
1516 5256 1675 5311 δώσει
1716 5259 1816 5330 τήν
1849 5260 1928 5312 νί-

346 5363 482 5417 uno;
516 5346 678 5399 Πόσοι
718 5346 817 5399 οὐκ
852 5347 959 5399 ἀπὸ
992 5347 1156 5401 καλοῦ
1190 5348 1304 5420 βίου
1335 5349 1721 5421 ἐμαρτύρησαν
1741 5366 1755 5414 ;
1779 5346 1927 5420 'Apa

341 5437 530 5510 ἐπειδὴ
564 5438 896 5509 ἐπέστρεψεν
933 5438 1215 5511 ἐπιθυμία,
1246 5442 1782 5514 ἀποστερηθήσονται
1813 5442 1923 5498 τῶν
1954 5524 1958 5527 Ἴ

415 5592 442 5628 ⁸
467 5596 490 5649 Ι
518 5592 662 5651 Tim.
688 5610 729 5661 ι,
761 5593 849 5649 15.
924 5596 945 5627 ⁹
972 5594 1161 5651 Matth.
1198 5613 1310 5665 xw,
1344 5599 1411 5656 16
1445 5609 1500 5657 et
1532 5599 1619 5657 18.

416 5768 495 5842 (a)
520 5766 676 5827 Tom.
703 5769 768 5839 ll,
786 5769 933 5829 hom.
966 5771 1054 5843 i9,
1088 5789 1143 5830 n.
1169 5773 1220 5831 7.

2030 4617 2087 4669 ὲν
2118 4620 2183 4688 τῇ
2220 4618 2488 4690 προσϐολῇ
2532 4621 2631 4690 τῆς
2662 4620 2870 4693 θέρμης
2908 4622 3268 4695 διαλυθείσης.
3309 4625 3417 4678 Καὶ
3445 4626 3473 4678 6
3501 4626 3602 4695 μὲν

2031 4707 2289 4777 φιλόζωος
2321 4709 2513 4763 ἔπεσεν
2546 4711 2823 4783 ἀνομήσας
2856 4712 3126 4784 διακενῆς,
3150 4716 3178 4767 6
3207 4716 3285 4780 δέ,
3316 4724 3438 4771 etc“
3466 4715 3601 4771 Cum

2031 4808 2202 4853 autem
2225 4800 2264 4852 ii
2286 4800 2631 4866 decertarent,
2668 4813 2842 4857 custos
2873 4822 2990 4860 vero
3017 4817 3251 4860 eventum
3282 4806 3599 4871 observaret,

2029 4892 2381 4960 spectaculum
2422 4894 2615 4946 mirum
2649 4895 2799 4958 uidit,
2842 4899 3055 4952 uirtutes
3100 4897 3358 4968 quasdam
3387 4918 3414 4954 e
3455 4900 3600 4955 caelis

2029 4982 2413 5049 descendentes,
2441 4994 2492 5038 et
2525 4985 2661 5040 velut
2696 5004 2728 5040 a
2771 5004 2886 5059 rege
2922 5007 3138 5044 munera
3182 5008 3372 5062 magna
3416 4991 3600 5046 distri-

2029 5077 2279 5132 buentes:
2312 5095 2429 5148 quae
2459 5080 2581 5134 aliis
2627 5082 2836 5150 quidem
2872 5084 3112 5139 omnibus
3156 5085 3297 5140 dona
3329 5087 3601 5156 dispertie-

2030 5168 2174 5228 bant.
2211 5169 2302 5224 sed
2334 5180 2505 5224 tamen
2545 5189 2705 5226 unum
2732 5175 3050 5244 reliquerunt
3080 5195 3182 5232 non
3211 5180 3485 5246 donatum,
3516 5184 3601 5236 in-
3668 5196 3671 5199 '

2027 5258 2240 5329 dignum
2286 5278 2403 5316 eum
2447 5263 2748 5332 judicantes
2798 5266 3082 5323 honoribus
3133 5270 3424 5326 caelestibus
3458 5288 3476 5326 .'
3510 5273 3599 5342 qui

2027 5354 2209 5406 statim
2248 5354 2309 5407 ab
2330 5357 2563 5410 dolorem
2592 5359 2796 5417 cedens.
2834 5362 3117 5432 transfugit
3142 5363 3212 5416 ad
3241 5364 3594 5422 adversarios.

1986 5525 1992 5530 ‘
2027 5442 2330 5523 Misergbile
2368 5451 2721 5518 spectaculum
2752 5452 2912 5522 justis
2934 5470 2953 5518 ;
3000 5455 3148 5510 miles
3182 5457 3479 5529 transfuga,
3521 5460 3598 5513 uir
