3972 6202
320 322 383 374 »ιι

1755 333 2147 404 ΡΜΕΡΑΤΙΟ.

3496 380 3567 435 32

318 440 705 496 strenuissimus
733 448 996 513 captivus,
1032 453 1238 522 direpta
1278 475 1307 509 α
1345 458 1464 527 lupo
1508 463 1616 514 oris
1647 461 1887 516 Christi:
1919 464 1965 518 Α
1992 465 2259 522 vulnerari
2285 482 2580 538 poterat....
2613 475 2681 532 Et
2716 499 2831 536 vero
2865 488 3231 553 spiritualibus
3267 493 3431 546 oculis
3462 496 3569 548 cir-

321 543 470 600 atque
521 533 656 585 illud
701 538 1082 605 miserabilius,
1139 549 1274 614 quod
1325 558 1373 602 et
1427 561 1676 606 a’ternam
1729 558 1890 610 vitam

318 620 511 683 asttisit,
540 632 590 674 et
615 640 680 677 ne
710 626 810 678 hac
839 631 1052 698 quidem
1091 635 1282 702 fruitus
1310 648 1407 697 est,
1439 656 1596 695 carne
1626 645 1790 710 ipsius
1818 647 1887 698 ad

314 708 503 762 caloris
527 726 793 766 accessum
825 720 1010 772 statim
1037 725 1295 780 exsoluta.
1326 728 1390 780 Et
1421 730 1503 782 hic
1535 734 1741 800 quidem
1771 739 1888 791 uiue

311 812 516 858 amans,
549 799 756 867 frustra
799 806 1036 863 admisso
1076 813 1266 868 scelere
1311 818 1535 874 cecidit:
1565 825 1717 878 lictor
1746 844 1881 890 uero,

307 892 411 938 etc.
442 885 582 942 Ecce
608 907 754 948 unus
785 897 964 962 miles,
1005 902 1288 972 multiplici
1313 906 1526 974 justiti-a
1551 918 1708 980 quasi
1740 931 1883 970 onu-

307 983 443 1041 stus,
471 980 563 1046 qui
593 983 686 1036 di
723 990 1022 1054 pertulerat
1051 994 1156 1047 vim
1195 1005 1611 1068 tormentorum,
1643 1009 1731 1074 qui
1764 1020 1883 1062 tan-

303 1070 416 1118 tum
463 1085 576 1123 non
608 1073 680 1126 ad
722 1088 953 1134 mortem
1004 1099 1177 1154 usque
1214 1091 1507 1156 restiterat,
1543 1097 1635 1164 qui
1669 1108 1878 1154 tantum

304 1170 409 1209 non
438 1157 623 1216 fuerat
661 1179 981 1236 coronatus,
1026 1178 1194 1232 semel
1241 1188 1479 1252 negavit,
1511 1198 1562 1240 et
1597 1190 1648 1242 in
1681 1195 1880 1263 sempi-

306 1257 514 1305 ternum
545 1263 762 1327 tempus
793 1263 971 1332 periit.
999 1264 1120 1322 Non
1150 1284 1534 1342 comparantur
1559 1295 1682 1336 cum
1719 1289 1876 1342 malis

303 1341 464 1408 bona,
499 1363 676 1418 neque
714 1371 1110 1418 numerantur:
1146 1377 1200 1421 at
1235 1367 1374 1426 Deus
1417 1373 1566 1440 justo
1595 1383 1647 1428 et
1675 1392 1875 1435 arcano

298 1431 506 1500 judicio
543 1445 712 1496 semel
760 1446 969 1516 lapsum
1015 1456 1238 1512 militem
1288 1464 1462 1529 poenis
1506 1469 1724 1524 mternis
1774 1474 1864 1525 ad-

301 1523 452 1626 dixit.
487 1527 771 1594 Quomodo
802 1555 932 1610 ergo
964 1543 1214 1614 Basilius,
1258 1523 1425 1624 a-quo
1466 1557 1631 1626 hujus
1683 1523 1871 1620 militis

295 1613 579 1675 historiam
644 1631 988 1698 audivimus,
1051 1639 1233 1700 dicere
1293 1613 1560 1716 potuisset
1629 1672 1750 1727 quae
1816 1661 1869 1713 in

297 1715 647 1768 comi-aversa
703 1717 807 1774 hac
861 1728 1108 1782 oratione
1168 1715 1417 1802 leguntur
1458 1760 1470 1794 :
1519 1745 1869 1808 Quantumvis

296 1812 419 1852 sane
447 1802 603 1857 cadat
633 1807 812 1877 fortis,
849 1816 958 1871 cito
1005 1828 1249 1894 resurgit,
1286 1843 1410 1883 cum
1446 1833 1561 1902 ipse
1591 1836 1694 1891 hoc
1725 1841 1868 1894 mili-

294 1891 363 1951 tis
390 1900 640 1968 exemplo
665 1904 910 1964 docuerit
933 1915 1102 1968 virum
1135 1925 1558 1980 strenuissimum
1591 1934 1861 2001 cecidisse,

293 2000 391 2040 nec
421 1997 603 2047 tamen
636 2012 870 2067 unquam
924 2014 1327 2067 resurrexisse?
1351 2017 1633 2082 Quomodo
1669 2041 1862 2085 rursus

291 2075 363 2129 ita
391 2079 538 2150 loqui
572 2092 840 2154 potuisset
868 2113 882 2148 :
917 2095 1060 2162 Quid
1094 2105 1232 2157 enim
1267 2109 1360 2174 vis,
1405 2127 1633 2170 unumne
1673 2136 1859 2187 perca-

290 2177 394 2223 tum
429 2175 680 2243 imputari
728 2190 949 2255 sanctis,
993 2208 1062 2246 an
1095 2195 1366 2262 justitiam
1412 2208 1677 2265 multam?
1713 2211 1860 2267 Fecit

283 2279 571 2335 peccatum,
607 2284 664 2327 at
699 2277 820 2344 fecit
857 2285 1017 2337 etiam
1051 2288 1295 2354 justitias
1335 2297 1551 2355 multas.
1593 2303 1731 2369 Quid
1758 2307 1854 2374 ju-

283 2366 417 2411 stum
441 2373 520 2417 est
541 2368 680 2434 apud
709 2371 912 2439 justum
944 2378 1129 2447 Deum,
1155 2403 1507 2454 paucorumne
1537 2401 1851 2469 meminisse,

293 2461 350 2469 __
859 2467 869 2469 _

287 2461 352 2498 an
394 2451 676 2511 multorum
714 2462 1120 2537 oblivisci?......
1155 2451 1224 2530 'Si
1256 2495 1472 2545 peccata
1518 2489 1673 2554 plura
1710 2505 1850 2558 sunt.

285 2540 351 2592 sit
381 2556 619 2607 peccator
649 2565 669 2602 .·
705 2556 789 2609 sin
837 2559 1067 2626 justitia:
1099 2569 1308 2637 plures,
1362 2577 1429 2629 sit
1462 2579 1675 2648 justus,
1727 2602 1849 2642 cum

286 2631 397 2700 ipse
429 2651 614 2696 narret
653 2649 805 2703 militi
835 2652 990 2718 justo
1041 2660 1167 2722 (nisi
1217 2666 1362 2720 enim
1411 2671 1603 2727 fuisset
1645 2677 1848 2746 justus,

1499 2725 1600 2727 ἡγῇ-
1645 2725 1846 2746 ,π--“υ,

281 2725 396 2792 ejus
427 2738 730 2804 exemplum
759 2742 926 2810 justis
956 2765 1064 2805 non
1108 2753 1297 2812 fuisset
1336 2769 1699 2840 propositum)
1748 2772 1846 2825 im-

280 2828 521 2885 putatum
553 2844 676 2885 esse
717 2849 880 2892 unum
912 2854 1217 2911 peccatum,
1265 2868 1373 2909 non
1404 2856 1669 2924 justitiam
1702 2868 1847 2919 mul-

275 2912 422 2963 tam?
466 2913 678 2976 Rursus
724 2934 1000 2992 quomodo
1053 2937 1123 2991 ita
1164 2912 1742 3018 scribere-potuisset:
1781 2958 1848 3011 Et

273 3015 388 3054 cum
421 3009 535 3075 quis
566 3022 910 3084 torqueretur,
944 3043 1298 3095 sarpenumero
1346 3043 1521 3105 cessit,
1555 3062 1671 3098 cum
1710 3049 1846 3116 ferre

271 3105 374 3143 non
405 3110 600 3165 posset,
649 3122 750 3159 non
787 3128 1121 3174 commutans
1167 3125 1448 3185 uoluntatis
1495 3141 1840 3205 propositum,

278 3184 360 3205 --.Ι
405 3189 430 3205 J
475 3192 486 3205 ⁸
661 3200 670 3205 ³

1432 3184 1438 3185 ,
1495 3184 1840 3205 ,,,-r--...-...,

272 3184 360 3236 sed
393 3189 576 3248 dolore
623 3200 803 3263 uictus.
835 3211 992 3275 quasi
1032 3228 1119 3270 res
1175 3219 1326 3274 nihili
1371 3225 1460 3290 sit,
1511 3229 1556 3282 si
1606 3233 1727 3301 quis
1771 3237 1841 3288 ob

273 3275 500 3301 ΑΑΙΑ-Αᾼ-
542 3285 570 3301 Λ
596 3288 609 3301 ι

1511 3275 1556 3282 --
1608 3275 1727 3301 τηρ
1772 3275 1836 3288 νυ

270 3275 506 3336 dolorem
540 3285 696 3344 ﬁdem
738 3308 916 3366 neget,
948 3318 1071 3358 cum
1118 3307 1233 3378 ipse
1265 3314 1549 3372 tradiderit
1589 3324 1836 3392 militem,

270 3371 358 3392 ,ιι-..Ξ
406 3372 486 3392 .I-l
661 3383 670 3392 '

267 3371 360 3433 qui
400 3372 584 3433 dolore
623 3383 797 3442 victus
848 3405 1110 3462 cesserat,
1153 3409 1332 3458 tamen
1374 3410 1542 3463 vitam
1576 3422 1835 3473 aeternam

267 3464 534 3524 amisisse.
569 3471 675 3529 Sed
710 3480 775 3533 ad
809 3481 1009 3552 locum,
1041 3506 1198 3560 quem
1241 3498 1432 3555 ultimo
1476 3504 1599 3559 loco.
1636 3524 1836 3580 propo-

1059 3553 1070 3560 υ
1409 3553 1423 3555 ,
1476 3553 1591 3559 -,--
1637 3553 1803 3580 ν.ννν

264 3553 495 3625 suimus,
528 3565 836 3625 redeamus.
891 3574 968 3631 Ita
1023 3581 1188 3652 igitur
1232 3601 1426 3646 auctor
1468 3595 1830 3666 loquebatur:

264 3644 334 3666 ΠΣ
359 3665 366 3666 κ
529 3657 540 3666 ⁸

259 3644 748 3768 ξΙὸσοιῃμάρτυρες
791 3668 1009 3737 πρῶτον
1045 3644 1439 3753 ξρνησάμενοι,
1480 3644 1553 3744 τί
1585 3693 1835 3768 δεύτερον

1095 3739 1106 3748 -
1182 3739 1192 3750 .
1273 3739 1283 3753 .
1409 3739 1439 3753 ν.
1492 3739 1536 3744 η
1588 3739 1832 3768 "mw.-.

253 3739 649 3806 ἀνεκαλέσαντο
697 3758 794 3829 τὴν
836 3759 1042 3834 ἦττανζ
1092 3772 1226 3826 Ἀλλ’
1274 3778 1662 3853 ἀρνησάμενοι,
1715 3792 1833 3862 οὐχὶ

253 3833 315 3862 ’ἃ
359 3834 562 3862 ἒ.--.-ι..
649 3846 758 3862 9“.
863 3857 888 3862 ..
987 3859 998 3862 -
1039 3860 1047 3862 .

357 3834 586 3911 διανοίᾳ,
637 3846 770 3902 ἀλλά
949 3859 1180 3935 γλώττῃ.
1229 3833 1368 3934 Quot
1399 3833 1691 3948 .mb—rtg—res
1743 3833 1832 3952 ηεξ

867 3924 887 3925 η
960 3924 968 3926 .
1134 3924 1159 3935 ..
1232 3924 1268 3934 η
1452 3924 1689 3948 «rmng
1778 3924 1830 3936 υ..

250 3924 480 3988 Primum
504 3951 780 4005 negarant,
819 3963 1003 4006 rursus
1039 3956 1393 4031 redintegrata
1422 3983 1595 4038 pugna
1628 3924 1830 4031 ειαάέηι

251 4031 625 4084 resarserunt?
657 4031 760 4088 Sed
803 4056 1056 4112 negarant
1112 4067 1213 4105 non
1255 4058 1451 4122 animo,
1491 4065 1582 4115 sed
1626 4066 1825 4137 lingua.

251 4108 416 4137 η,...,ε
451 4132 508 4137 μΑ

867 4108 880 4112 _
1491 4108 1577 4115 --π
1626 4108 1825 4137 ....,,.....

251 4108 416 4174 Quasi
451 4132 582 4175 vero
612 4139 801 4193 parum
845 4147 989 4191 esset
1035 4142 1217 4213 lingua
1264 4165 1479 4220 negare,
1527 4159 1688 4213 modo
1716 4179 1828 4218 non

255 4216 540 4322 negaretur
568 4219 772 4275 animo.
830 4223 1011 4300 Longe
1041 4235 1144 4289 alia
1195 4251 1276 4294 est
1325 4216 1575 4304 doctrina
1617 4251 1824 4322 Basilii,

952 4296 969 4300 _
1617 4296 1824 4322 .,.......,

257 4296 411 4364 cujus
454 4301 567 4360 haec
620 4322 750 4365 sunt
797 4316 850 4370 in
897 4335 958 4373 ea
1005 4340 1167 4393 quam
1215 4330 1282 4387 de
1329 4347 1568 4409 martyre
1624 4344 1825 4404 Gordio

258 4385 439 4409 L_l__,9.
577 4403 609 4409 μ·

255 4385 444 4444 habuit
471 4403 717 4458 oratione
747 4410 820 4478 (α)
856 4431 869 4464 :
903 4411 1028 4469 Iam
1062 4419 1223 4488 igitur
1249 4424 1457 4482 beatum
1474 4385 1623 4488 Jliunc
1654 4439 1821 4494 uirum

252 4493 418 4535 morte
438 4491 505 4540 ad
524 4491 679 4548 vitam
709 4513 1069 4568 properantem
1093 4515 1486 4577 circumstantes
1517 4530 1674 4583 amici
1702 4549 1820 4587 cum

245 4575 520 4679 gemitibus
549 4589 1014 4662 amplectebantur,
1045 4620 1108 4655 ac
1150 4617 1437 4667 extremam
1472 4619 1696 4676 salutem
1736 4626 1820 4679 di-

241 4661 448 4732 cebant,
477 4681 630 4742 atque
655 4680 838 4748 e/fusis
871 4688 1186 4757 ferventibus
1227 4700 1497 4774 lacrytttis,
1527 4715 1818 4778 precaban-

1341 4759 1364 4774 υ
1459 4759 1497 4772 ν,
1527 4759 1788 4778 r---_-....

243 4759 329 4804 tur
352 4772 414 4809 ne
437 4774 596 4816 semet
628 4770 854 4828 traderet
886 4779 1013 4845 igni,
1047 4801 1109 4838 ne
1134 4804 1286 4844 suam
1313 4794 1608 4853 absumeret
1635 4803 1814 4869 juven-

243 4855 522 4959 tutem',.ne
556 4857 852 4922 jucundum
895 4870 1032 4925 hunc
1076 4878 1237 4933 solem
1273 4855 1814 4959 derelinquerebiilii

1459 4941 1668 4959 τω--.

239 4941 473 4995 consiliis
505 4946 576 4996 ad
602 4958 1020 5014 persuadendum
1067 4967 1264 5025 idoneis
1304 4992 1419 5029 eum
1461 4981 1694 5052 decipere
1729 4993 1810 5043 ni-

242 5027 446 5052 .-μω-μ
571 5038 611 5052 ι’
838 5048 847 5052 ⁸

1463 5027 1692 5052 "mp-.-
1729 5027 1806 5043 ...—

240 5027 481 5084 tebantur
507 5052 526 5088 :
559 5038 710 5109 Nega
740 5048 890 5101 uerbo
919 5054 1068 5108 solo:
1093 5059 1148 5112 in
1181 5065 1357 5121 animo
1388 5086 1524 5136 vero,
1563 5087 1618 5127 ut
1647 5083 1806 5138 voles.

237 5134 382 5175 serua
409 5126 588 5191 ﬁdem.
621 5131 808 5205 Utique
855 5159 955 5196 non
989 5152 1214 5205 attendit
1252 5156 1390 5213 Deus
1427 5165 1682 5234 linguam,
1718 5175 1807 5227 sed

245 5210 382 5234 ,μω
430 5219 464 5234 __
828 5231 845 5234 _

1370 5210 1384 5213 -
1427 5210 1682 5234 -..-;,.-.....,
1718 5210 1802 5227 υιυ.

240 5210 490 5280 loquentis
521 5236 762 5281 mentem.
817 5231 905 5287 Ita
954 5241 1090 5293 enim
1146 5246 1240 5299 tibi
1284 5252 1455 5307 licebit
1497 5269 1543 5310 et
1577 5261 1802 5325 iudicem

240 5306 492 5423 mitigare,
521 5325 570 5366 et
598 5317 760 5371 Deum
791 5330 1071 5394 propitium
1103 5337 1334 5396 reddere.
1369 5346 1434 5398 At
1471 5349 1559 5403 ille
1577 5306 1803 5423 lin/lexi-

279 5396 491 5423 .,_.____,
561 5413 799 5423 _.__

887 5392 892 5394 _
1292 5392 1334 5396 --
1471 5392 1557 5403 .-.ν
1596 5392 1803 5423 ...νωι-

243 5392 355 5452 bilis
380 5415 492 5457 erat
523 5419 572 5460 et
598 5413 906 5485 indomitus,
937 5442 1026 5478 nec
1072 5429 1179 5484 ullo
1227 5439 1570 5495 tentationum
1609 5447 1804 5515 impetu

1994 573 2404 618 cumcurrentem
2454 571 2723 628 diabolum
2770 596 2886 630 cum
2933 594 3183 647 cerneret,
3219 589 3567 642 concitantem

1993 650 2158 703 alium
2191 655 2259 705 ad
2293 656 2590 726 lugendum,
2642 668 2976 735 adjuvantem
3014 673 3177 727 alium
3225 679 3293 728 ad
3345 694 3566 746 persua-

1989 741 2237 807 dendum,
2284 748 2610 813 plorantilms
2653 759 2857 826 quidem
2914 763 3050 817 illud
3087 766 3300 822 Domini
3345 741 3562 825 uerbum

1987 829 2164 886 dixit:
2203 854 2220 885 ‹
2265 836 2444 893 Nolite
2474 843 2598 910 [lere
2642 864 2796 916 super
2838 869 2917 905 me
2953 855 3015 914 “.
3064 876 3080 907 ι
3127 858 3216 910 sed
3243 860 3363 927 ﬂete
3407 879 3564 931 super

1985 921 2156 977 hostes
2183 926 2297 991 Dei,
2329 935 2418 998 qui
2451 935 2501 986 in
2534 939 2743 1004 pietatis
2771 944 2997 999 cultores
3030 948 3160 1000 talia
3191 951 3403 1017 audent,
3437 958 3558 1023 qui-

1982 1028 2080 1078 que
2104 1031 2196 1082 per
2221 1019 2353 1072 hanc
2386 1023 2659 1089 ﬂammam
2700 1049 2856 1101 quam
2909 1037 2976 1089 ad
3028 1056 3122 1092 nos
3180 1044 3558 1100 comburendos

1982 1110 2292 1177 accendunt,
2348 1118 2589 1185 gehenna:
2636 1124 2804 1193 ignem
2855 1130 3061 1185 sibimet
3099 1125 3385 1202 paranti”
3418 1141 3556 1193 Aliis

1980 1215 2118 1263 vero,
2166 1207 2254 1268 qui
2306 1220 2362 1259 ut
2411 1211 2589 1280 lingua
2645 1229 2854 1286 negaret
2907 1224 3218 1288 suadebant,
3263 1235 3550 1292 respondit.

1980 1291 2215 1362 linguam
2257 1317 2371 1367 qua:
2415 1320 2446 1355 a
2497 1303 2708 1362 Christo
2756 1323 2933 1366 creata
2987 1330 3123 1380 erat,
3177 1321 3458 1390 quidquam
3495 1325 3551 1376 in

1977 1384 2311 1444 Conditorem
2347 1394 2491 1464 loqui
2521 1415 2622 1452 non
2660 1418 2829 1469 posse.
2874 1426 2892 1457 ι
2928 1405 3097 1463 Corde
3125 1413 3261 1464 enim
3285 1416 3550 1471 credimus

1976 1478 2043 1530 ad
2063 1479 2356 1548 justitiam,
2387 1505 2473 1541 ore
2503 1507 2618 1542 vero
2648 1497 2960 1563 conﬁtemur
2992 1501 3062 1552 ad
3105 1503 3327 1558 salutem
3355 1508 3484 1561 ”....
3523 1529 3542 1559 ›

1971 1665 2232 1723 adoravi?
2282 1669 2468 1727 Nonne
2530 1676 2788 1732 horres-cet
2845 1684 3029 1738 cadum
3072 1686 3329 1756 desuper?
3377 1709 3542 1748 nonne

1971 1756 2392 1816 obscurabuntur
2418 1783 2530 1819 mea
2559 1786 2721 1824 causa
2751 1774 2966 1830 sidera?
2996 1793 3118 1831 num
3147 1782 3300 1835 tellus
3331 1801 3409 1837 me
3434 1787 3544 1839 ulla

1972 1849 2125 1903 modo
2164 1857 2474 1912 sustinebit?
2512 1879 2528 1909 ‹
2572 1861 2748 1917 Nolite
2792 1883 2990 1931 errare,
3026 1869 3163 1924 Deus
3209 1890 3308 1927 non
3354 1876 3544 1930 irride-

1972 1950 2058 1992 tur
2096 1943 2155 1995 ¹².
2192 1963 2210 1995 ι
2247 1945 2330 1998 Ea:
2362 1967 2449 2002 ore
2472 1964 2648 2005 nostro
2681 1973 2772 2009 nos
2793 1959 3025 2026 judicat,
3057 1979 3120 2015 ex
3150 1965 3314 2019 verbis
3333 1966 3540 2037 justiﬁ-

1966 2043 2073 2099 cat,
2116 2053 2280 2106 exque
2319 2042 2484 2096 verbis
2537 2049 2867 2105 condemnat.
2935 2057 3121 2108 Annon
3178 2057 3374 2126 legistis
3435 2071 3542 2113 tre-

1967 2129 2207 2182 mendam
2242 2133 2377 2186 Itanc
2412 2135 2621 2193 Domini
2661 2148 3156 2202 comminationem?
3195 2171 3213 2201 ι
3245 2151 3348 2216 Qui
3380 2171 3537 2225 nega-

1962 2218 2088 2270 uerit
2123 2237 2202 2273 me
2233 2239 2411 2277 coram
2440 2227 2756 2297 hominibus,
2783 2237 2977 2304 negabo
3004 2249 3050 2291 et
3079 2257 3171 2308 ego
3209 2259 3324 2295 eum
3356 2260 3535 2298 coram

1960 2305 2124 2362 Patre
2155 2329 2287 2376 meo,
2319 2319 2410 2385 qui
2443 2321 2494 2371 in
2520 2324 2662 2376 caelis
2684 2335 2760 2378 est
2795 2327 2856 2380 ¹³.
2897 2347 2913 2377 ι
2948 2328 3058 2382 Cur
3086 2342 3259 2384 autem
3303 2333 3412 2388 lucc
3455 2338 3533 2388 si-

1961 2399 2151 2452 mulem
2181 2407 2413 2461 suadetis
2433 2413 2458 2464 ζ)
2487 2421 2541 2462 ut
2571 2416 2702 2467 milii
2722 2419 2988 2487 quidpiam
3020 2439 3084 2474 ex
3114 2425 3210 2476 tali
3247 2435 3361 2478 arte
3392 2444 3534 2480 como

1955 2500 2179 2560 parem?
2205 2509 2260 2550 ut
2288 2518 2482 2568 paucos
2515 2505 2625 2559 dies
2655 2509 2983 2578 lucrifaciam
3004 2515 3027 2564 ξ’
3057 2526 3114 2568 at
3151 2516 3421 2584 jacturam
3447 2519 3532 2590 fa-

1955 2588 2091 2643 ciam
2123 2594 2282 2648 totius
2308 2601 2620 2655 a’lernilatis
2653 2619 2669 2655 :
2709 2615 2766 2657 ut
2793 2607 3038 2677 effugiam
3070 2613 3246 2665 carnis
3285 2613 3532 2670 dolores?

1953 2680 2044 2732 sed
2075 2699 2398 2755 nequaquam
2429 2691 2606 2746 videbo
2655 2694 2790 2749 bona
2825 2701 3116 2766 justorum.
3149 2702 3329 2759 Perire
3361 2708 3528 2762 soler-

1953 2781 2050 2833 ter.
2081 2785 2128 2828 et
2159 2788 2330 2832 astute
2359 2798 2420 2834 ac
2449 2783 2627 2838 dolose
2653 2799 2899 2844 a’ternum
2945 2794 3046 2846 sibi
3090 2797 3403 2865 supplicium
3433 2817 3525 2855 ac-

1951 2881 2167 2933 cersere,
2211 2873 2490 2941 manifesta
2533 2878 2693 2943 fuerit
2743 2886 3026 2940 dementia.
3081 2886 3225 2951 "me,
3275 2889 3375 2943 etsi
3407 2891 3526 2944 lon-

1949 2960 2119 3026 giora,
2173 2961 2274 3015 hoc
2315 2965 2434 3019 loco
2484 2969 2684 3024 referre
2743 2973 2932 3038 libuit,
2979 2986 3037 3030 ut
3090 2981 3374 3052 utriusque
3421 2983 3525 3037 d0-

1951 3056 2146 3116 ctrina,
2182 3057 2364 3113 Basilii
2396 3070 2447 3113 et
2493 3066 2750 3127 allt'loris,
2794 3069 2960 3122 altera
3001 3087 3124 3126 cum
3165 3075 3334 3130 altera
3373 3093 3524 3134 com-

1874 3159 1914 3212 ο
1951 3149 2165 3203 modius
2200 3165 2565 3223 comparetur.
2607 3169 2770 3227 utque
2813 3178 2875 3214 ex
2927 3168 3316 3222 sententiarum
3353 3171 3525 3228 diver-

1945 3239 2102 3294 sitate
2120 3242 2275 3313 plane
2292 3256 2503 3299 constet
2523 3249 2659 3303 banc
2677 3252 2742 3306 de
2758 3270 2861 3322 qua
2884 3263 3256 3315 contraversia
3278 3272 3382 3329 est,
3405 3279 3525 3319 ora-

1943 3333 2141 3387 tionem
2165 3333 2365 3391 Basilio
2387 3339 2549 3394 tribui
2574 3345 2762 3398 merito
2792 3363 2896 3401 non
2927 3365 3105 3418 posse.
3136 3351 3197 3406 Et
3217 3370 3344 3410 vero
3376 3355 3526 3413 Basi-

1940 3426 2066 3489 lius,
2094 3428 2184 3497 qui
2205 3445 2266 3483 ea
2287 3447 2408 3500 qua:
2430 3432 2698 3491 edidimus
2715 3439 2980 3497 dicentem
2999 3444 3257 3500 Gordium
3282 3449 3515 3518 induxit,

1938 3521 2211 3585 quomodo
2250 3521 2322 3575 ita
2375 3523 2521 3594 loqui
2566 3530 2832 3596 potuisset
2867 3551 2879 3585 :
2916 3534 3056 3600 Quot
3105 3549 3386 3610 martyres,
3426 3547 3518 3612 qui

1935 3608 2162 3674 primum
2192 3624 2468 3680 negarant,
2495 3632 2678 3671 rursus
2710 3621 3064 3695 redintegrata
3108 3642 3283 3698 pugna
3312 3631 3518 3688 cladem

1937 3708 2242 3760 resarsere?
2274 3720 2529 3778 negarant
2570 3723 2744 3766 autem
2793 3733 2893 3770 non
2936 3721 3142 3784 animo,
3177 3723 3267 3776 sed
3311 3725 3514 3797 lingua,

1936 3802 2194 3864 tanquam
2241 3798 2287 3852 si
2331 3815 2417 3854 res
2467 3802 2599 3859 levis
2639 3805 2709 3858 sit
2755 3807 2936 3880 lingua
2985 3828 3202 3883 negare.
3243 3814 3515 3876 Praeterea

1935 3885 2166 3941 libenter
2187 3906 2484 3958 quaererem
2510 3896 2578 3950 ab
2608 3906 2850 3964 auctore,
2875 3903 2918 3956 si
2945 3903 3169 3971 viveret,
3198 3918 3331 3977 quot
3361 3922 3510 3980 sunt,

1932 3979 2027 4047 qui
2057 3994 2179 4034 cum
2215 3985 2381 4039 semel
2407 3998 2720 4057 negassent,
2759 4008 3034 4063 nunquam
3067 3999 3510 4074 redintegrarunt

1932 4086 2190 4142 pugnam,
2246 4093 2346 4132 nec
2390 4095 2628 4150 unquam
2674 4085 2879 4142 cladem
2927 4105 3290 4148 resarserunt.
3333 4093 3504 4152 Velim

1931 4173 2108 4220 autem
2162 4170 2294 4224 illud
2335 4181 2552 4228 notetur
2597 4179 2850 4244 maxime,
2902 4183 3089 4240 militis
3132 4190 3438 4259 exemplum
3477 4209 3506 4247 a

1931 4256 2126 4313 Basilio
2158 4265 2386 4332 proponi
2432 4281 2540 4320 non
2587 4275 2988 4340 peccatoribus,
3023 4278 3115 4332 sed
3171 4256 3332 4347 iustis
3371 4283 3507 4351 (spe-

1925 4351 2210 4416 ctaculum,
2243 4354 2621 4426 inquit,justis
2659 4362 2978 4437 miserabile)
3007 4384 3018 4418 :
3049 4369 3128 4424 sic
3161 4381 3219 4424 ut
3255 4373 3417 4428 simul
3449 4383 3505 4429 et

1928 4445 2290 4513 perniciosam
2350 4450 2497 4503 illam
2544 4456 2782 4511 auctoris
2828 4457 2897 4514 de
2962 4463 3245 4533 multiplici
3285 4467 3501 4535 justitia

1925 4539 2246 4592 sententiam
2288 4541 2534 4596 funditus
2581 4556 2806 4613 evertat,
2869 4560 2923 4606 et
2960 4553 3140 4623 justos
3193 4569 3409 4614 moneat
3442 4570 3501 4614 ut

1921 4639 2151 4685 caveant
2205 4635 2332 4700 sibi,
2373 4654 2442 4693 ne
2487 4639 2629 4696 forte
2674 4649 2730 4698 et
2774 4645 2878 4715 ipsi
2927 4648 2997 4702 ob
3044 4650 3264 4706 unicum
3317 4655 3499 4708 scelus

1917 4735 2121 4782 πίει·ηο
2152 4729 2262 4799 igni
2305 4731 2606 4787 tradantur.
2658 4734 2881 4801 Sedyut
2919 4740 3032 4810 jam
3072 4743 3207 4805 dixi.
3263 4745 3309 4799 si
3362 4746 3495 4801 nihil

1918 4813 2067 4869 aliud
2120 4816 2407 4888 impediret
2449 4826 2744 4893 quominus
2779 4829 2956 4884 oratio
3003 4831 3118 4885 haec
3165 4831 3368 4888 Basilio
3397 4837 3497 4888 tri-

1915 4905 2193 4971 bueretur,
2233 4911 2408 4981 ipsum
2448 4924 2595 4972 certe
2639 4919 2854 4975 dicendi
2893 4939 3064 4993 genus
3104 4939 3201 4993 per
3251 4941 3309 4980 se
3359 4930 3497 4985 satis

1913 5008 2059 5053 esset
2091 5021 2102 5054 :
2138 5004 2282 5072 quod
2315 5021 2520 5063 rursus
2561 5027 2626 5065 ex
2669 5013 2861 5068 ultimo
2905 5017 3025 5070 loco
3054 5017 3366 5074 conﬁrmari
3395 5037 3496 5091 po-

1912 5098 2038 5143 test.
2072 5090 2144 5146 lta
2183 5097 2330 5150 enim
2378 5099 2614 5156 locutum
2653 5114 2929 5161 auctorem
2969 5109 3225 5174 vidimus,
3263 5113 3356 5166 καὶ
3391 5113 3491 5181 βα-

1913 5183 2260 5255 σανιζόμενός
2301 5207 2382 5254 τις
2432 5195 2688 5260 πολλάκις
2743 5198 2970 5252 ἐνέδωκε
3003 5201 3077 5271 μὴ
3113 5201 3370 5270 ἐνεγκὼν,
3427 5204 3489 5258 οὐ

1905 5277 2005 5347 τὴν
2040 5279 2366 5350 προθυμίαν,
2398 5285 2531 5339 ἀλλὰ
2561 5289 2647 5341 τὸν
2676 5290 2855 5355 πόνον,
2889 5302 2938 5346 et
2977 5309 3094 5346 cum
3115 5297 3231 5364 quis
3277 5306 3487 5365 torque-

1907 5377 2069 5432 retur,
2101 5388 2455 5439 swpenumcro
2489 5382 2662 5442 εθδδέι,
2693 5398 2812 5445 cum
2850 5382 2988 5450 ferre
3020 5401 3123 5438 ηοη
3155 5394 3348 5451 posset,
3383 5402 3486 5438 non

1903 5470 2230 5515 commutans
2256 5466 2538 5522 voluntatis
2576 5473 2920 5540 propositum,
2952 5474 3042 5529 sed
3077 5474 3255 5530 labore
3279 5477 3444 5530 victus
3462 5489 3484 5530 :

311 5551 352 5581 ¹⁰
388 5553 513 5617 Luc.
555 5583 692 5624 um
722 5613 735 5634 ,
774 5575 860 5630 ‘28.
939 5582 976 5610 ¹¹
1021 5581 1176 5641 Rom.
1221 5607 1282 5655 x,
1325 5595 1410 5649 10.
1494 5600 1536 5628 ¹²
1574 5599 1752 5660 Galat.
1802 5622 1845 5661 σι

1948 5611 1971 5665 ’.
2055 5615 2096 5646 η
2139 5615 2322 5674 Matth.
2360 5636 2428 5688 χ,
2465 5621 2553 5675 5.3.

313 5713 383 5781 (α)
413 5715 566 5771 Hem.
611 5719 699 5782 is,
725 5745 778 5781 η.
810 5732 842 5786 6
873 5743 925 5788 et
956 5736 1004 5790 7.

507 5813 777 5878 PATROL
812 5825 926 5884 Gn.
971 5833 1200 5899 XXXI.
