3972 6202
336 5646 341 5661 t

322 5672 342 5702 ’4

330 315 404 373 ΔΞ

1768 289 2158 348 ΡΒΙΕῈΛΤῙΟἏ

3501 280 3573 335 ιι

336 428 430 483 ubi
464 422 619 489 iltud,
648 422 709 475 οὐ
743 420 845 493 τὴν
886 416 1211 491 προθυμίαν,
1255 411 1388 466 ἀλλὰ
1440 410 1530 462 τὸν
1576 407 1755 471 πόνον,
1804 418 1930 474 per,

2029 418 2060 456 n
2094 400 2217 454 aliis
2263 397 2380 452 suis
2419 396 2756 451 orationibus
2804 410 3039 465 unquam
3076 412 3237 452 usum
3263 395 3434 453 fuisse
3462 408 3572 455 non

335 514 573 589 elli'psim
602 514 829 578 dictum,
853 508 1074 566 violenti
1109 505 1314 576 aliquid
1342 510 1395 558 et
1430 498 1671 556 inusitati
1700 512 1809 568 prae
1841 510 1901 550 se

339 610 462 667 fert.
486 606 719 663 Basilius
748 620 871 660 cum
902 603 969 657 de
1005 599 1205 655 misero
1242 597 1334 651 illo
1367 594 1536 648 milite
1566 592 1898 660 loqueretur,

340 703 416 757 ita
447 698 696 772 superius
726 695 1039 766 scripserat,
1062 691 1198 762 πρὸς
1226 688 1350 751 τοὺς
1374 686 1564 747 πόνους
1596 678 1902 772 ἀπαγορεύ-

341 810 461 857 σας,
490 771 599 847 non
632 804 728 860 per
769 785 1022 856 ellipsin],
1049 785 1174 845 τοὺς
1217 782 1427 841 πόνους.
1465 775 1586 828 Mox
1615 771 1866 860 sequitur:
1884 785 1899 821 :

337 854 490 938 Εί-θὲ
512 854 721 942 οὐδενὸς
762 854 1173 948 ἁμαρτήσαντος
1207 872 1241 942 ἡ
1280 869 1490 939 ἄφεσις,
1514 867 1548 936 ἡ
1580 859 1811 932 διαιρορά
1836 854 1905 929 ἦν

339 978 396 1028 ὲν
435 977 501 1045 τῇ
532 970 796 1042 ποικιλίᾳ·
826 966 963 1038 quod
993 968 1039 1021 si
1066 963 1258 1019 nemini
1286 960 1383 1031 qui
1419 964 1697 1028 peccasset,
1751 951 1908 1005 dare-

343 1077 427 1121 tur
450 1069 618 1132 venia,
648 1064 929 1118 discrimen
964 1067 1097 1115 esset
1135 1059 1192 1112 in
1219 1056 1471 1111 varietate
1498 1067 1516 1104 :
1550 1048 1694 1120 quod
1723 1053 1777 1101 et
1812 1045 1908 1099 ob-

340 1157 721 1214 scurissimum
751 1161 805 1208 et
830 1149 1224 1221 ineptissimum
1255 1160 1375 1200 esse
1412 1156 1568 1197 nemo
1596 1153 1705 1192 non
1736 1133 1903 1189 videt.

343 1246 473 1302 Scio
514 1246 729 1318 quidem
776 1240 1151 1298 doctissimum
1200 1236 1376 1290 virum
1406 1228 1812 1287 “Combelisium
1848 1231 1908 1278 ut

346 1339 482 1395 alios
515 1337 799 1409 quosdam,
835 1336 908 1388 ita
945 1332 1090 1385 hunc
1120 1329 1367 1383 ultimum
1413 1325 1590 1378 locum
1619 1318 1910 1376 emendare

348 1430 625 1485 voluisse:
656 1427 749 1482 sed
774 1440 896 1480 cum
929 1423 981 1478 id
1017 1437 1127 1476 non
1152 1418 1345 1475 iecerit
1371 1432 1436 1472 ex
1473 1422 1715 1471 veterum
1741 1410 1909 1465 libro-

330 1536 474 1576 'rum
523 1517 864 1582 auctoritate,
899 1513 994 1571 sed
1033 1513 1100 1569 de
1139 1527 1260 1575 suo,
1293 1506 1729 1566 emendationum
1763 1501 1910 1556 illius

349 1626 460 1666 non
503 1607 749 1664 habenda
796 1602 881 1661 est
921 1605 1100 1666 ratio,
1151 1602 1432 1672 magisque
1492 1596 1683 1651 vellem
1732 1592 1910 1647 fassus

351 1702 565 1764 fuisset,
590 1700 643 1755 id
663 1696 808 1769 quod
830 1712 918 1752 res
954 1704 1059 1758 est,
1080 1694 1223 1748 hanc
1240 1692 1540 1746 orationem
1561 1685 1753 1757 optimi
1774 1683 1912 1740 scri-

2003 501 2155 561 puto.
2178 487 2293 542 Vox
2339 503 2466 543 vero
2509 488 2691 558 κτῆμα
2738 486 2943 540 idcirco
2986 487 3255 557 displicet,
3311 484 3458 558 quod
3504 488 3573 542 ad

2002 583 2150 637 hunc
2187 581 2366 635 locum
2399 595 2507 634 non
2540 582 2676 635 satis
2706 580 3115 633 accommodata
3150 596 3273 636 esse
3300 580 3571 636 videatur.

2004 674 2105 741 Qui
2141 674 2284 728 enim
2318 672 2449 726 illud
2491 672 2662 734 audit,
2707 667 2789 734 οἷς
2815 671 3125 743 περισσεύει
3160 672 3221 725 τὸ
3255 672 3441 744 κτῆμα
3477 671 3574 727 τοῦ

2009 767 2214 837 μίσους,
2241 765 2381 833 apud
2410 781 2540 834 quos
2578 763 2809 817 abundat
2855 764 3118 833 possessio
3144 764 3273 827 odii,
3318 765 3386 829 is,
3432 764 3478 819 si
3516 766 3575 820 in

2005 856 2249 927 legendis
2274 854 2456 909 Basilii
2480 855 2634 908 libris
2656 852 2942 924 diligenter
2975 861 3222 909 versatus
3246 854 3336 917 sit,
3362 856 3572 920 statim,

2004 949 2112 1003 nisi
2155 947 2311 1001 valde
2357 945 2535 1012 fallor,
2581 960 2779 999 novum
2820 944 3078 1014 quiddam
3123 952 3177 998 et
3228 945 3575 1014 peregrinum

2008 1038 2195 1094 audire
2224 1039 2335 1093 ‘sibi
2365 1037 2652 1092 videbitur.
2685 1036 2879 1091 Totum
2915 1036 3048 1091 illud
3095 1035 3314 1108 (ibim):
3347 1035 3442 1100 Τίς
3486 1054 3578 1109 μοι

2006 1130 2165 1183 δώσει
2212 1129 2434 1200 θέατρον
2477 1129 2576 1199 τὴν
2617 1129 2937 1200 οἰκουμένην
2969 1129 3206 1193 ἅπασαν,
3257 1129 3351 1182 καὶ
3394 1128 3580 1199 φωνὴν

2011 1221 2307 1289 σάλπιγγος
2339 1220 2732 1292 εὐτονωτέραν,
2771 1222 2863 1274 καὶ
2908 1220 3136 1291 θρήνους
3172 1220 3453 1292 Ἱερεμίου,
3485 1220 3570 1273 καὶ

2009 1315 2239 1386 δάκρυον
2263 1312 2478 1382 δαψιλὲς
2509 1312 2849 1385 καταρρἧαι
2880 1313 3107 1384 καρδίαν
3151 1313 3366 1375 ὀδύναις
3390 1327 3574 1364 συντε-

2008 1405 2333 1481 τριμμένην,
2366 1406 2729 1477 καταχέασθαι
2751 1407 2898 1460 κόνιν
2917 1405 3015 1476 τὴν
3036 1405 3130 1459 νῦν
3150 1409 3218 1458 ὲκ
3232 1406 3338 1475 τῆς
3359 1402 3577 1475 ἀτιμίας

2011 1501 2142 1571 ἡμῖν
2175 1500 2643 1570 κατακεχυμένην,
2686 1498 2948 1569 πενθῆσαι
2988 1515 3047 1551 τε
3078 1497 3394 1569 τὴν¹κοινὴν
3441 1507 3580 1567 συμ-

2013 1590 2184 1662 φοράν
2209 1606 2223 1656 ;
2248 1591 2329 1643 ὃτι
2351 1588 2687 1643 ἐπιλέλοιπεν
2720 1591 2753 1659 ἠ
2798 1590 2981 1660 ἀγάπη
3032 1591 3064 1659 ἠ
3122 1588 3247 1659 ῥίζα
3286 1587 3392 1642 τῶν
3428 1586 3582 1639 ἐντο-

2014 1681 2141 1735 λῶν.
2187 1681 2320 1748 Quis
2368 1681 2498 1735 mihi
2543 1680 2692 1734 dabit
2748 1680 3008 1734 theatrum
3061 1680 3355 1733 universum
3406 1679 3583 1732 orben‘t

345 1794 518 1863 ptui-is
541 1791 725 1846 Basilii
753 1805 861 1843 non
876 1804 1025 1844 esse.
1043 1785 1209 1841 ‘Tunc
1230 1785 1372 1840 enim
1390 1783 1457 1838 de
1486 1796 1548 1837 ea
1575 1777 1911 1835 emendanda
1942 1771 1984 1800 ¹³
2006 1784 2296 1837 terrarum,
2346 1784 2397 1828 et
2438 1790 2612 1827 vocem
2647 1772 2773 1826 tuba
2802 1772 3130 1835 validiorem,
3164 1771 3584 1825 etiantentatio-

346 1900 459 1939 non
486 1891 768 1953 tantopere
793 1882 1128 1945 laborasset};
1158 1892 1258 1931 nec
1293 1875 1342 1930 ei
1367 1875 1563 1928 mirum
1586 1872 1918 1926 fuisset-ma-

346 1983 458 2035 lum
488 1986 764 2033 auctorem
793 1975 933 2031 male
964 1975 1104 2028 mala
1128 1970 1434 2041 scripsisse.

337 2089 375 2161 ’ᾗ
411 2087 521 2145 νη.
584 2088 662 2142 De
702 2086 933 2140 homilia-
960 2084 1210 2161 adversus
1258 2078 1482 2161 eoslqui
1525 2073 1918 2129 calumniantur

707 2174 821 2223 nos,
850 2156 986 2226 quod
1017 2163 1119 2207 tres
1141 2154 1265 2206 deos
1294 2149 1550 2204 colamus.

417 2248 509 2305 20.
532 2248 687 2304 Hanc
708 2249 1010 2302 orationem
1044 2256 1203 2298 nemo
1235 2241 1521 2303 hactenus,
1544 2234 1700 2306 quod
1723 2235 1915 2296 sciam,

347 2341 404 2395 in
427 2339 630 2411 spuriis
666 2337 869 2409 posuit.
906 2317 1422 2401 ‘Tillemontius(a),
1472 2326 1562 2382 ubi
1612 2325 1748 2380 alias
1798 2338 1921 2377 ora-

347 2433 529 2487 tiones
570 2434 839 2490 recenset,
882 2425 951 2481 de
988 2424 1164 2493 iisque
1184 2421 1453 2493 judicium
1485 2416 1714 2489 profert,
1755 2415 1920 2484 hujus

350 2527 441 2580 vix
468 2523 733 2587 meminit,
763 2517 858 2577 sed
884 2518 964 2573 sic
1004 2526 1204 2579 tamen,
1234 2520 1291 2567 ut
1320 2513 1428 2568 alio
1458 2511 1579 2566 loco
1615 2510 1788 2581 ipsam
1820 2508 1921 2561 Ba-

351 2617 476 2671 silio
506 2623 691 2686 aperte
721 2613 941 2668 tribuat.
972 2592 1294 2680 Egoautem
1317 2605 1389 2662 ob
1415 2604 1720 2675 argumenti
1745 2601 1925 2673 gravi-

352 2713 519 2758 tatem
575 2703 829 2773 optabam
873 2699 1113 2766 phrasim
1163 2706 1326 2767 atque
1366 2695 1683 2751 "sententias
1721 2691 1925 2747 Basilio

352 2795 550 2865 Magno
603 2795 797 2865 dignas
848 2794 902 2847 in
952 2791 1054 2846 hac
1093 2789 1340 2846 oratione
1379 2773 1659 2843 invenire:
1692 2785 1785 2840 sed
1812 2798 1925 2854 quo

352 2889 528 2959 magis
559 2902 678 2944 eam
705 2877 836 2956 legi,
853 2899 921 2941 eo
950 2884 1125 2954 magis
1161 2882 1294 2937 mihi
1325 2881 1441 2951 ipse
1469 2879 1715 2952 persuasi
1750 2879 1924 2949 ipsam

354 2981 634 3053 indignam
665 2995 807 3044 esse,
855 2991 977 3049 quae
1012 2984 1165 3032 tanto
1198 2977 1316 3032 viro
1362 2974 1717 3030 tribueretur.
1767 2967 1925 3040 Apud

355 3072 620 3128 Basilium
644 3070 826 3126 omnia
844 3068 1077 3139 propriis
1097 3077 1150 3124 et
1169 3065 1594 3122 accommodatis
1617 3063 1683 3119 ad
1706 3062 1758 3117 id
1780 3061 1926 3130 quod
1951 3084 2002 3148 ο

357 3167 539 3245 agitur
563 3165 789 3222 vocibus
820 3163 1237 3235 exprimuntur:
1271 3168 1346 3225 et,
1370 3159 1462 3215 ubi
1488 3173 1597 3213 non
1623 3166 1928 3228 exspectes,

356 3253 567 3331 aliquid
632 3257 950 3330 plerumque
1022 3252 1316 3310 reconditae
1384 3251 1708 3307 eruditionis
1776 3249 1927 3302 latet.

357 3340 639 3420 Nusquam
682 3346 917 3403 Basilius
957 3347 1041 3402 sui
1085 3344 1372 3401 dissimilis
1420 3350 1543 3400 est:
1590 3340 1685 3398 sed
1731 3340 1933 3409 ubique

361 3458 424 3499 se
449 3449 672 3513 praestat
693 3455 838 3504 eum,
867 3440 959 3511 qui
977 3440 1101 3509 jure
1139 3445 1418 3494 oratorum
1454 3435 1694 3505 optimus
1714 3432 1934 3487 habitus

363 3537 457 3588 sit.
484 3524 870 3604 Praetereaque
910 3531 1060 3587 illius
1100 3531 1276 3586 oratio
1305 3530 1380 3584 ita
1423 3525 1690 3583 naturalis
1726 3532 1831 3588 est,
1877 3532 1937 3578 ut

367 3627 505 3681 nihil
553 3634 749 3697 praeter
799 3623 1259 3694 exspectationem
1309 3621 1549 3675 audias:
1599 3617 1695 3674 sed
1752 3616 1935 3671 omnia

366 3723 479 3769 tam
506 3722 630 3787 apte
658 3722 881 3785 tamque
914 3712 1302 3769 convenienter
1341 3712 1482 3765 inter
1524 3724 1582 3766 se
1603 3721 1938 3762 connectun'

362 3815 479 3872 tur,
531 3816 591 3862 ut
642 3803 848 3863 fateare
891 3820 1117 3860 necesse
1166 3804 1237 3859 sit
1278 3802 1415 3858 nihil
1466 3808 1560 3854 aut
1599 3800 1792 3854 melius
1846 3807 1935 3852 aut

364 3900 784 3957 ednveuientius
811 3899 920 3955 dici
948 3898 1210 3969 potuisse.
1233 3882 1462 3950 .Horum
1502 3900 1684 3947 autem
1715 3891 1852 3945 nihil
1885 3892 1938 3945 in

352 3993 473 4048 hac
511 3994 774 4048 concione
798 3990 1048 4055 inveniri,
1073 4003 1284 4052 omnes,
1305 3988 1519 4057 cpin‘or,
1550 3984 1708 4040 facile
1738 3982 1939 4039 intelli-

369 4088 518 4155 gent,
543 4086 591 4141 si
620 4100 739 4140 eam
768 4084 929 4155 paulo
949 4080 1208 4138 attentius
1228 4080 1405 4149 legere
1417 4076 1706 4133 voluerint.
1730 4077 1941 4130 Interea

366 4189 473 4246 ego
489 4176 606 4231 loca
619 4177 886 4245 quaedam,
902 4173 1101 4246 quibus
1122 4170 1352 4225 maxime
1367 4169 1480 4224 haec
1497 4162 1673 4222 oratio
1689 4173 1941 4237 suspecta

372 4266 525 4322 reddi
576 4268 769 4338 possit,
817 4274 876 4321 ut
921 4272 1232 4325 Occurrent,
1279 4266 1334 4316 in
1378 4259 1612 4315 medium
1655 4259 1939 4314 adducam.

354 4359 617 4415 Primum
660 4359 823 4431 igitur
862 4359 966 4414 sub
1008 4356 1334 4427 principium
1380 4353 1643 4408 orationis
1693 4353 1767 4405 ita
1812 4350 1945 4420 legi-

2015 1883 2103 1920 nes
2134 1865 2396 1929 Jeremiw,
2432 1875 2481 1919 et
2531 1865 2795 1935 lacrymas
2833 1865 3037 1927 uberes,
3082 1862 3269 1933 quibus
3317 1877 3407 1915 cor
3433 1861 3586 1915 dolo‘o

2016 1954 2162 2009 ribus
2205 1956 2489 2009 contritum
2516 1954 2837 2025 dirumpam,
2871 1956 3232 2026 pulveremque
3271 1955 3419 2010 nobis
3448 1960 3588 2010 nunc

2016 2047 2360 2117 ignominiose
2388 2063 2659 2117 aspersum
2699 2048 3036 2117 perfundam,
3066 2057 3115 2101 et
3140 2047 3403 2116 deplorem
3441 2048 3587 2100 cala-

2019 2140 2260 2193 mitatem
2317 2141 2685 2194 communem?
2729 2140 2914 2209 quippe
2967 2139 3158 2209 defecit
3208 2139 3583 2193 mandatorum

2021 2231 2180 2284 radix
2207 2231 2440 2284 charitas
2463 2246 2482 2284 :
2534 2239 2733 2296 totum,
2767 2232 3014 2301 inquam,
3047 2231 3180 2285 illud
3223 2231 3588 2302 fragmentum

2021 2324 2076 2377 in
2124 2323 2867 2393 hominemgrandiloquum
2915 2322 3208 2377 convenire
3249 2331 3448 2392 putest,
3481 2335 3589 2375 non

2025 2415 2080 2467 in
2104 2412 2371 2468 Basilium
2412 2413 2690 2484 Magnum,
2718 2415 2811 2485 qui
2842 2416 3023 2469 omnia
3054 2416 3379 2485 eloquentiae
3420 2429 3590 2469 orna-

2025 2517 2207 2562 menta
2253 2522 2375 2562 cum
2405 2507 2545 2561 mira
2588 2508 2824 2578 quadam
2857 2508 3206 2577 simplicitate
3237 2508 3593 2562 solertissime

2024 2598 2357 2668 conjungere
2408 2598 2566 2653 solet.
2618 2597 2685 2651 Et
2736 2605 2794 2652 ut
2830 2599 3004 2667 magis
3051 2597 3383 2668 intelligatur
3426 2612 3591 2667 quam

2026 2690 2261 2745 alienum
2287 2690 2356 2746 sit
2386 2705 2415 2745 a
2444 2689 2632 2743 Basilii
2663 2691 2909 2746 moribus
2937 2690 3207 2759 ejusmodi
3251 2690 3469 2745 dicendi
3500 2705 3596 2760 ge-

2026 2796 2132 2836 nus
2162 2780 2441 2851 turgidum
2470 2788 2524 2836 et
2556 2779 2826 2846 inﬂatum,
2852 2782 3160 2851 exemplum
3192 2797 3360 2836 unum
3390 2797 3455 2838 ex
3486 2783 3597 2852 qu'o

2027 2872 2096 2927 de
2142 2872 2266 2927 aliis
2305 2871 2541 2941 judicari
2574 2873 2770 2943 possit,
2812 2874 2867 2927 in
2914 2875 3153 2929 medium
3196 2873 3439 2944 proferre
3487 2875 3594 2926 non

2028 2962 2249 3035 pigebit.
2303 2962 2420 3017 Etsi
2469 2962 2635 3032 igitur
2685 2962 2917 3019 Basilius
2969 2980 3112 3033 saepe
3156 2964 3596 3019 Christianorum

2033 3053 2175 3107 inter
2227 3068 2287 3110 se
2337 3053 2711 3112 dissensiones
2763 3070 2827 3111 ac
2872 3056 3052 3126 jurgia
3096 3063 3381 3120 memorat,
3417 3062 3599 3110 tamen

2034 3146 2173 3202 libro
2225 3146 2304 3201 De
2366 3145 2568 3217 Spiritu
2623 3160 2804 3201 sancto
2854 3148 3128 3217 copiosius
3180 3156 3236 3202 et
3291 3147 3602 3202 accuratius

2033 3255 2195 3311 quam
2228 3239 2351 3295 aliis
2395 3240 2532 3295 locis
2578 3241 2946 3296 miserabilem
2999 3241 3151 3294 illum
3186 3240 3446 3295 Ecclesia:
3488 3248 3599 3294 sta-

2034 3340 2146 3385 tum
2197 3330 2479 3387 describit.
2533 3330 2676 3403 Ergo
2713 3332 2909 3397 sicubi,
2962 3332 3075 3386 illic
3123 3332 3359 3385 maxime
3389 3330 3603 3384 tumido

2034 3422 2128 3477 illo
2158 3423 2413 3493 loquendi
2441 3439 2638 3494 genere
2677 3425 2754 3478 uti
2781 3422 3039 3477 Basilium
3068 3421 3304 3478 decebat
3344 3440 3357 3474 :
3391 3420 3605 3475 sed‘ta-

2036 3529 2160 3569 men
2191 3530 2260 3569 ne
2295 3514 2370 3568 ibi
2413 3515 2632 3585 quidem
2664 3522 2840 3585 turget
2879 3515 3025 3568 illius
3052 3515 3254 3577 oratio,
3287 3520 3343 3565 at
3373 3511 3607 3585 simplex

2036 3613 2143 3671 est,
2182 3614 2237 3662 et
2291 3607 2359 3661 ab
2398 3607 2549 3661 omni
2594 3607 2842 3677 emphasi
2891 3606 3247 3661 alienissima.
3306 3603 3605 3673 Postquam

2037 3698 2182 3752 enim
2217 3706 2294 3752 tot
2319 3712 2385 3752 ac
2421 3704 2573 3751 tanta
2612 3698 2753 3751 mala
2786 3696 3176 3763 recensuistset,
3202 3694 3310 3748 hoc
3342 3694 3501 3747 modo
3528 3692 3610 3746 lo:

2039 3789 2230 3858 quitur
2282 3787 2395 3858 (b):
2439 3787 2538 3841 Διὰ
2591 3787 2765 3842 ταῦτα
2818 3786 3263 3857 λυσιτελεστέραν
3309 3784 3403 3837 τοῦ
3449 3784 3608 3851 λόγου

2038 3879 2137 3951 τὴν
2180 3877 2388 3949 σιωπὴν
2412 3864 2694 3949 ἐτιθέμην,
2746 3878 2821 3942 ὡς
2857 3879 2917 3931 ού
2964 3870 3269 3948 δυναμένης
3308 3875 3490 3945 φωνῆς
3519 3874 3612 3926 ἀνι

2041 3968 2257 4041 θρώπου
2314 3969 2717 4043 διάτοσούτων
2768 3969 3012 4040 θορύϐων
3063 3966 3502 4035 εἰσακουσθῆναι.
3548 3963 3613 4017 Et

2041 4061 2149 4132 γὰρ
2176 4059 2350 4132 ἀληθῆ
2393 4059 2462 4114 τὰ
2505 4058 3203 4131 Ἐκκλησιαστούρήματα,
3237 4057 3319 4110 ὃτι
3345 4054 3492 4122 λόγοι
3524 4069 3612 4105 σο-

2043 4154 2158 4223 φῶν
2191 4155 2248 4207 ὲν
2276 4152 2578 4208 ἀναπαύσει
2611 4151 2920 4218 ἀκούονται,
2945 4150 3141 4205 πολλοῦ
3165 4150 3230 4204 ἂν
3246 4150 3354 4203 δέοι
3383 4147 3615 4219 πρέπειν

2044 4247 2109 4316 τῇ
2143 4243 2236 4297 νῦν
2267 4243 2596 4297 καταστάσει
2629 4229 2690 4296 τὸ
2736 4244 2863 4314 περὶ
2909 4242 3114 4295 τούτων
3146 4241 3346 4310 λέγειν.
3401 4237 3512 4291 Has
3554 4233 3617 4290 ob

2046 4353 2126 4390 res
2155 4336 2311 4391 silere
2339 4336 2524 4390 utilius
2545 4336 2808 4406 judicavi,
2838 4351 2998 4407 quam
3030 4335 3197 4404 loqui,
3234 4343 3487 4403 tanquam
3519 4327 3618 4382 ho-

375 4458 467 4508 tur
496 4452 638 4524 (pag.
666 4422 792 4523 609)
828 4472 840 4505 :
872 4451 962 4505 Διὸ
993 4422 1040 4503 ἐξ
1067 4451 1096 4502 ό
1120 4422 1398 4520 ἀγαπητὸς
1427 4449 1681 4518 μισεῖται,
1716 4432 1767 4497 τί
1794 4443 1930 4514 μέγα

2051 4430 2205 4483 mittis
2238 4444 2337 4482 vox
2365 4444 2457 4498 per
2505 4438 2681 4483 tantos
2714 4429 2970 4481 tumultus
2999 4426 3245 4481 exaudiri
3276 4443 3379 4480 non
3428 4424 3619 4493 possit.

376 4542 616 4623 είὴμεϊς
657 4549 749 4602 τοῦ
796 4547 984 4619 μίσους
1013 4542 1311 4615 ἀξιούμεθα
1354 4544 1480 4614 παρ’
1510 4540 1834 4611 ἀνθρώποις,
1861 4532 1946 4622 ,οἷς

379 4618 691 4714 περισσεύει
718 4625 779 4692 τὸ
800 4618 995 4709 κτῆμα
1038 4635 1131 4689 τοῦ
1168 4635 1390 4706 μίσους;
1427 4632 1754 4702 Quapropter
1785 4631 1833 4684 si
1861 4618 1948 4681 di-

364 4733 545 4786 siectus
575 4730 695 4784 odio
727 4728 970 4789 habetur,
1004 4725 1128 4797 quid
1161 4734 1236 4779 est
1260 4725 1436 4796 magni
1479 4725 1525 4777 si
1563 4738 1656 4776 nos
1685 4719 1827 4791 apud
1854 4719 1951 4774 ho-

381 4824 570 4887 mines,
602 4821 738 4890 apud
768 4836 896 4891 quos
927 4818 1035 4873 odii
1072 4817 1331 4887 possessio
1361 4807 1615 4879 abundat,
1655 4812 1774 4868 odio
1807 4810 1952 4882 digni

374 4902 717 4967 luibeamur?
765 4909 895 4964 Duae
924 4907 1019 4963 ‘hm
1061 4922 1259 4973 voces,
1314 4904 1607 4977 ἀγαπητός
1646 4898 1700 4958 et
1748 4902 1950 4973 κτῆμα,

385 5002 521 5057 mihi
545 5018 655 5058 non
683 5002 935 5056 videntur
960 4999 1094 5056 satis
1121 5013 1309 5067 sapere
1342 5012 1546 5051 morem
1586 4976 1649 5049 ἕο
1681 4992 1955 5064 ingenium

375 5092 891 5151 4Basilii.'Foitasse
920 5091 1175 5156 Basilius,
1204 5092 1329 5145 cum
1358 5087 1604 5144 Psalmos
1636 5086 1959 5155 interpreta-

388 5186 562 5252 retur,
593 5200 728 5242 voce
751 5184 985 5255 simplici
1007 5181 1288 5253 ἀγαπητός
1324 5182 1402 5233 uti
1432 5177 1605 5250 potuit
1652 5175 1720 5231 ad
1768 5177 1958 5246 unige-
1986 5174 1995 5183 ’

378 5274 570 5332 Ἦίιιιιιι
602 5273 711 5348 Dei
751 5270 950 5329 Filium
993 5262 1408 5346 Signiﬁcandum
1449 5287 1460 5321 :
1498 5270 1592 5325 sed
1632 5271 1812 5339 ipsum
1862 5268 1962 5320 hac

394 5367 815 5439 ipsa'vo’ce‘sola
851 5373 905 5422 et
943 5365 1176 5437 simplici
1216 5365 1282 5419 ad
1328 5356 1575 5420 eumdem
1615 5352 1962 5417 indicandum

449 5539 518 5578 -“
554 5540 736 5595 Eccle.
769 5555 824 5594 Ix
848 5579 863 5603 ,
901 5540 988 5597 i7.

465 5690 546 5771 te)
568 5691 735 5774 1991:
753 5692 855 5774 LX:
881 5708 933 5765 ρ.
962 5692 1150 5777 391p:
1180 5693 1305 5751 265.

2052 4524 2195 4578 Nam
2239 4526 2287 4578 si
2332 4541 2453 4579 vera
2482 4535 2627 4591 sunt,
2657 4540 2773 4594 qua:
2804 4524 2940 4576 dixit
2972 4519 3324 4574 Ecclesiastes
3354 4519 3420 4582 η,
3456 4515 3624 4569 verba

2050 4620 2341 4688 sapientum
2388 4620 2444 4672 in
2483 4618 2652 4688 quiete
2705 4617 2908 4681 audiri,
2950 4615 3235 4685 plurimum
3275 4611 3444 4675 abest,
3477 4617 3535 4662 ut
3564 4608 3623 4659 in

2053 4714 2148 4766 hoc
2177 4728 2354 4765 rerum
2387 4719 2532 4765 statu
2561 4709 2625 4763 de
2654 4708 2735 4761 his
2766 4709 2908 4778 loqui
2932 4706 3239 4761 conveniat.
3268 4704 3332 4757 -ln
3365 4716 3432 4756 eo
3459 4711 3624 4768 quem

2054 4819 2177 4859 mox
2212 4802 2521 4858 exscribam
2553 4802 2674 4855 loco
2707 4801 2922 4854 variant
2944 4799 3083 4854 inter
3104 4814 3163 4852 se
3182 4795 3340 4857 libri,
3365 4807 3491 4847 nam
3534 4790 3633 4844 ali-

2055 4902 2188 4964 quot
2225 4893 2443 4948 codices
2467 4904 2521 4947 et
2560 4891 2691 4946 editi
2716 4892 2791 4945 ita
2839 4891 3037 4945 habent
3061 4890 3207 4959 (pag.
3240 4885 3366 4957 609)
3388 4904 3402 4939 :
3424 4882 3630 4936 Τούτου

2057 4985 2165 5056 γὰρ
2188 4970 2373 5038 ’ἕνεκα
2407 4985 2604 5039 ἐκεῖνοι
2630 4984 2728 5048 τὰς
2759 4982 3092 5053 πανηγύρεις
3120 4980 3322 5040 ταύτας
3355 4975 3633 5047 ἐμηχανή-

2062 5092 2239 5135 σαντο,
2258 5060 2351 5130 ’ἵνα
2376 5076 2475 5145 τὴν
2498 5079 2561 5130 ὲκ
2594 5075 2703 5129 τῶν
2727 5077 2932 5146 χρόνων
2953 5069 3310 5142 ὲγγινομένην
3342 5064 3635 5135 ἀλλοτρίω-

2063 5185 2146 5221 σιν
2173 5167 2261 5221 διὰ
2313 5170 2411 5238 τῆς
2448 5170 2556 5222 τῶν
2587 5167 2795 5238 καιρῶν
2833 5163 3111 5236 ἐπιμιξίας
3141 5160 3513 5221 ἀνανεώσωσι,
3542 5155 3636 5210 καὶ

2061 5261 2187 5322 τοὺς
2224 5260 2321 5330 τὴν
2358 5258 2656 5328 ὑπερορίαν
2687 5255 2989 5319 οἰκοῦντας,
3028 5253 3127 5308 Eva.
3169 5251 3358 5305 τοῦτον
3405 5246 3634 5302 καταλα-

2065 5353 2257 5415 ϐόντας
2308 5354 2489 5415 τόπον,
2547 5353 2757 5413 ἑαυτοῖς
2813 5348 2986 5421 ἀρχὴν
3042 5346 3224 5417 φιλίας
3271 5345 3365 5399 καὶ
3420 5340 3636 5407 ἀγάπης

2145 5689 2217 5761 (b)
2256 5687 2373 5743 Lib.
2417 5684 2493 5741 De
2528 5683 2731 5755 Spiritu
2769 5683 2807 5738 S
2837 5723 2851 5750 ,
2885 5691 3005 5752 cap.
3042 5679 3134 5737 30.
