3972 6202
362 280 434 335 ts
1781 253 2178 337 ramento.
3560 283 3620 338 ιδ

364 396 461 466 τὴν
498 395 781 465 συντυχίαν
804 399 1102 467 παρέχοιεν
1133 418 1147 452 :
1185 398 1266 453 sic
1292 408 1419 453 vero
1456 404 1614 455 vetus
1637 396 1773 451 liber
1796 396 1916 450 Har-

2045 399 2385 469 προφανοῦς.
2436 376 2519 454 ὅτι
2568 403 2727 472 ἡμεῖς
2798 382 2967 474 ἔσμεν
3011 402 3061 455 οι
3112 401 3237 477 τοὺς
3302 398 3503 469 κτίσμα
3560 400 3623 451 τὸ

367 489 583 547 lmanus,
635 487 867 542 ἴνα......
909 488 1407 543 ἁνανεοῦσθαι......
1460 487 1743 557 παρέχειν.
1796 486 1941 540 Neu-

369 587 503 628 tram
531 583 713 629 autem
762 576 1023 646 loquendi
1068 581 1334 632 rationem
1380 577 1615 632 arbitror
1646 576 1780 630 satis
1822 574 1941 628 ido—

362 682 513 721 neam
579 678 726 722 esse.
788 668 1005 723 Etenim
1080 673 1128 724 si
1183 670 1364 739 legas,
1425 669 1627 723 i'va.....
1703 667 1941 725 ἀνανεώ-

665 760 981 831 παρὲχοιεν,
1034 761 1111 815 ita
1152 762 1317 817 scribi
1362 761 1717 831 oportuisset,
1760 760 1855 812 καὶ
1887 759 1937 809 οἱ

353 850 448 922 τὴν
486 852 787 922 ὑπερορίαν
830 852 1127 917 οἰκοῦντες,
1169 855 1266 908 ἕνα
1309 854 1496 907 τοῦτον
1538 852 1938 913 καταλαϐόντες

355 945 547 1008 τόπον,
604 954 742 1010 etc.,
789 961 895 1000 nec
950 948 1113 1001 aliter
1167 948 1479 1018 scripsisset
1535 947 1813 1003 Basilius:
1849 946 1935 999 sin

353 1033 517 1103 legas,
568 1035 777 1090 ῖνα.....
819 1037 1292 1092 ἀνανεοῦσθαι.....
1343 1040 1628 1109 παρέχειν,
1677 1054 1787 1092 non
1831 1029 1937 1092 erit

352 1126 568 1194 quidem
597 1140 767 1181 causa
802 1129 936 1191 ulla,
972 1145 1075 1182 cur
1099 1145 1264 1185 voces
1297 1131 1580 1193 οἰκοῦντας
1614 1137 1670 1185 et
1697 1130 1936 1183 καταλα-

353 1216 548 1280 ϐόντας
584 1220 976 1288 reprobentur,
1011 1220 1109 1275 sed
1140 1222 1307 1275 alium
1337 1223 1588 1291 quemvis
1623 1224 1802 1292 potius
1831 1238 1927 1275 au-

352 1313 554 1361 ctomm
611 1309 929 1378 loquentem
985 1311 1215 1364 induces
1251 1328 1413 1381 quam
1460 1312 1747 1376 Basilium,
1789 1313 1933 1380 apud

350 1413 530 1467 quem,
560 1400 786 1468 Opinor,
820 1402 1013 1454 vocula
1057 1401 1143 1454 ἵνα
1173 1417 1300 1456 cum
1333 1403 1605 1457 inlinitivo
1637 1405 1931 1473 conjuncta

348 1504 453 1544 non
506 1490 810 1547 invenitur.
871 1492 999 1555 Sed,
1039 1495 1184 1562 quod
1233 1496 1435 1550 multos
1483 1498 1660 1567 magis
1710 1514 1931 1552 movere

344 1583 564 1652 poterit,
631 1583 790 1647 illud,
849 1584 1209 1639 ἀνανεοῦσθαι
1265 1595 1318 1640 et
1374 1589 1654 1659 παρέχειν,
1711 1591 1929 1646 videtur

346 1673 654 1728 emendatio
697 1690 821 1729 esse
864 1677 1075 1730 librarii
1128 1680 1384 1749 alicujus,
1415 1683 1508 1751 qui
1546 1697 1670 1735 cum
1722 1683 1927 1738 videret

2043 488 2269 561 Πνεῦμα
2293 492 2353 545 τὸ
2377 492 2531 562 ἅγιον
2564 494 2823 562 λέγοντας
2859 493 3368 564 ἀναθεματίζοντες.
3403 488 3620 559 Ταύτην

2041 582 2139 652 τὴν
2180 585 2512 656 κατηγορίαν
2552 586 2807 658 δέχομαι·
2848 585 2941 639 ἐπὶ
2972 586 3147 655 τούτῳ
3193 584 3303 654 πῦρ
3334 585 3427 636 καὶ
3467 582 3621 649 ξίφος

2040 672 2374 742 ἠκονημένον
2420 676 2750 745 ὑφίσταμαιο
2788 676 2890 730 κᾶν
2937 679 2965 729 ὁ
3010 676 3201 745 τρόχος
3234 672 3617 745 καταρρὰσσῃ,

2040 763 2145 816 κᾶν
2198 765 2589 838 βασανιστήρια
2643 771 2730 822 ἐπ’
2784 770 2885 840 ἐμὲ
2935 770 3185 839 κινῆται,
3242 770 3301 820 ἐν
3359 768 3423 837 τῇ
3478 765 3616 834 αὐτῇ

2040 855 2383 931 πληροφορίᾳ
2429 860 2652 931 δέχομαι
2705 861 2773 914 τὰ
2828 862 3254 933 βασανιστήρια,
3312 862 3369 913 ἐν
3522 857 3618 911 καὶ

2038 953 2086 1002 οἱ
2116 952 2388 1021 μάρτυρες
2415 955 2461 1004 οἱ
2481 952 2711 1007 ἐνταῦθα
2734 955 2976 1025 κείμενοι
3001 954 3109 1007 τῶν
3139 953 3419 1023 στεφάνων
3447 949 3614 1021 ἠξιώ-

2039 1043 2228 1112 θησαν.
2276 1042 2386 1097 Nec
2426 1057 2600 1114 aperte
2626 1048 2760 1101 dicis
2788 1065 2879 1101 nos
2912 1049 3049 1115 ipsos
3098 1063 3231 1107 esse,
3274 1045 3364 1115 qui
3396 1061 3483 1098 eos
3524 1041 3615 1111 qui

2038 1135 2297 1198 Spiritum
2325 1149 2564 1190 sanctum
2602 1149 2902 1193 creaturam
2941 1138 3142 1200 dicunt,
3169 1137 3507 1191 anathemate
3538 1134 3619 1202 [ετ

2038 1225 2227 1279 rimus.
2270 1224 2422 1278 Hauc
2466 1230 2853 1282 accusationem
2908 1228 3133 1280 admitto
3164 1241 3182 1278 .'
3215 1242 3329 1279 eam
3378 1222 3439 1277 ob
3485 1237 3616 1274 cau-

2042 1331 2157 1368 sam
2190 1318 2360 1385 ignem
2403 1317 2590 1372 subibo
2621 1328 2669 1372 et
2718 1319 2954 1389 gladium
3000 1327 3281 1372 exacutum
3305 1334 3322 1369 :
3346 1316 3452 1370 sive
3492 1322 3613 1367 rota

2034 1407 2276 1471 coltidat,
2341 1410 2447 1463 sive
2497 1420 2756 1464 tormenta
2806 1412 2860 1464 in
2911 1427 2991 1464 me
3042 1420 3384 1471 moveantur,
3430 1405 3613 1459 eadem

2034 1500 2201 1553 animi
2227 1504 2569 1568 persuasione
2595 1503 2856 1571 perferam
2889 1509 3172 1565 tormenta,
3216 1516 3318 1570 qua
3354 1505 3611 1565 martyres

2031 1588 2115 1642 hic
2151 1589 2388 1657 jacentes
2428 1608 2651 1647 coronas
2692 1592 2956 1647 consecuti
2998 1600 3139 1645 sunt.
3178 1587 3459 1642 Praevideo
3485 1586 3609 1654 qui—

2031 1678 2153 1731 dem
2220 1695 2332 1741 non
2388 1681 2707 1746 defuturos,
2773 1682 2975 1752 quibus
3026 1683 3143 1734 haec
3206 1679 3373 1751 verba
3426 1676 3606 1745 primo

339 1780 503 1820 voces
544 1765 833 1829 οἰκοῦντας
859 1776 914 1821 et
946 1769 1351 1835 καταλαϐόντας
1390 1774 1706 1828 necessario
1740 1775 1916 1829 inlini-

2030 1780 2256 1841 aspectu
2288 1774 2447 1828 valde
2471 1774 2765 1829 admodum
2794 1775 3061 1844 placitura
3094 1773 3226 1835 sint,
3257 1769 3459 1839 quique
3484 1767 3606 1836 ipsa

337 1859 507 1912 tivum
563 1874 866 1929 exposcere
889 1902 904 1926 ,
956 1878 1057 1932 pro
1112 1864 1462 1918 ἀνανεώσωσι
1526 1875 1580 1920 et
1634 1868 1925 1939 παρέχοιεν

334 1951 558 2019 scripsit
590 1951 949 2006 ἀνανεοῦσθαι
980 1962 1034 2008 et
1067 1956 1350 2027 παρέχειν.
1378 1958 1516 2012 Cum
1557 1960 1701 2013 enim
1727 1963 1924 2015 unicus

333 2043 600 2097 duntaxat
656 2044 796 2100 liber
840 2054 1000 2101 vetus
1040 2048 1235 2102 habeat
1268 2050 1622 2106 ἀνανεοῦσθαι
1672 2061 1725 2107 et
1781 2070 1925 2124 παρ-

336 2135 513 2203 ἐχειν,
562 2135 662 2188 alii
699 2145 881 2190 autem
937 2153 1130 2194 omnes
1186 2140 1422 2196 habeant
1479 2144 1827 2197 ἀνανεώσωσι
1870 2157 1924 2201 et

335 2228 653 2297 παρέχοιεν,
684 2242 796 2281 non
831 2230 1109 2285 immerito
1136 2241 1331 2287 auctor
1358 2234 1475 2303 ipse
1516 2234 1589 2288 ita
1633 2237 1922 2306 scripsisse

331 2317 612 2388 putandus
681 2330 788 2373 est.
839 2320 985 2376 Satis
1024 2320 1095 2376 de
1164 2324 1346 2378 verbis
1406 2324 1570 2393 hujus
1641 2328 1851 2395 periodi
1900 2348 1915 2381 :

336 2424 475 2463 nunc
498 2408 572 2464 de
598 2408 721 2478 ipsa
752 2412 1024 2465 sententia
1054 2412 1362 2482 loquamur.
1397 2413 1552 2480 Quod
1587 2417 1753 2486 igitur
1784 2420 1920 2473 scri-

340 2512 449 2570 ptor
494 2501 600 2563 ait,
636 2500 946 2556 adinventos
996 2502 1162 2567 fuisse
1193 2490 1493 2571 conventus,
1520 2516 1577 2559 ut
1610 2510 1914 2563 animorum

340 2592 581 2646 aiieaatio
621 2604 919 2656 renovetur,
973 2594 1029 2647 id
1066 2610 1174 2648 non
1215 2597 1510 2666 prudenter
1556 2598 1762 2654 dictum
1810 2610 1915 2657 est.

335 2682 441 2738 Dici
486 2691 815 2753 oportuerat
866 2684 984 2739 ﬁeri
1032 2697 1357 2750 conventus,
1389 2705 1496 2743 non
1543 2698 1602 2744 ut
1644 2693 1919 2760 ejusmodi

331 2777 589 2832 alienatio
620 2779 986 2842 instaurrtur,
1021 2780 1118 2834 sed
1157 2789 1212 2833 ut
1252 2783 1471 2851 penitus
1492 2801 1522 2838 e
1546 2786 1726 2842 medio
1755 2788 1916 2842 tolla-

331 2878 432 2922 tur.
453 2868 599 2924 Nam
624 2872 942 2925 renovanda
962 2878 1081 2925 erat
1110 2887 1216 2941 pax
1244 2886 1406 2944 atque
1426 2878 1719 2932 concordia
1749 2881 1920 2935 :alie-

325 2962 474 3017 natio
504 2977 662 3025 vero,
697 2979 819 3032 qua:
842 2977 1033 3033 pacem
1062 2972 1223 3032 atque
1244 2968 1591 3023 concordiam
1610 2971 1918 3041 interrupe-

2030 1864 2310 1920 inveniant
2356 1865 2700 1937 digniSsima,
2760 1882 2882 1936 qua:
2928 1862 3161 1920 Basilius
3215 1861 3441 1932 Magnus
3480 1871 3606 1926 pro-

2028 1957 2317 2038 nuntiarit,
2349 1974 2475 2012 cum
2508 1974 2538 2011 a
2570 1961 2708 2023 viro,
2744 1960 2837 2029 qui
2880 1959 3062 2012 animo
3101 1955 3323 2009 excelso
3367 1958 3514 2007 esset
3552 1957 3606 2002 et

2025 2050 2190 2112 elato,
2225 2052 2432 2121 prolata
2462 2053 2632 2106 fuisse
2663 2053 2847 2122 negari
2899 2067 3007 2105 non
3040 2049 3216 2119 possit
3248 2066 3260 2101 :
3296 2045 3391 2101 sed
3420 2048 3603 2097 tamen

2027 2142 2102 2196 illi
2152 2144 2277 2212 ipsi,
2330 2144 2375 2197 si
2432 2160 2545 2197 rem
2600 2145 2866 2199 attentius
2924 2141 3344 2204 considerarint,
3393 2136 3600 2193 statim.

2023 2239 2239 2307 opinor,
2295 2240 2751 2301 animadverterit,
2809 2238 2924 2291 haec
2975 2252 3099 2291 esse
3150 2234 3320 2290 verba
3363 2228 3605 2286 hominis

2023 2328 2335 2381 constantia
2369 2337 2532 2397 atque
2582 2327 2904 2381 fortitudine
2949 2341 3046 2381 sua
3091 2323 3444 2394 praeﬁdentis,
3480 2319 3605 2389 qui-

2022 2435 2130 2488 que
2155 2420 2453 2487 jactantior
2480 2419 2653 2474 videri
2693 2419 2887 2488 possit.
2938 2416 3003 2470 Et
3052 2426 3111 2469 ut
3153 2417 3353 2470 melius
3396 2414 3600 2467 intelli-

2021 2517 2151 2580 gant
2197 2511 2311 2564 lucc
2343 2511 2560 2582 longius
2588 2526 2617 2564 a
2652 2510 2841 2567 Basilii
2880 2509 3147 2563 modestia
3193 2508 3407 2569 abesse,
3434 2518 3601 2577 quam

2022 2609 2083 2654 ut
2126 2602 2175 2654 ei
2232 2601 2398 2654 tribui
2442 2602 2677 2671 possint,
2731 2600 2891 2655 velim
2940 2598 3231 2668 diligenter
3278 2604 3602 2665 comparent

2021 2705 2142 2759 quae
2173 2688 2263 2743 hic
2293 2689 2576 2753 dlt‘llllllll‘,
2602 2705 2727 2744 cum
2765 2690 2831 2744 iis
2872 2704 2991 2758 qua:
3022 2686 3145 2739 aliis
3176 2685 3311 2738 locis
3341 2682 3505 2738 simili
3542 2681 3600 2734 in

2019 2797 2082 2837 re
2132 2782 2354 2851 scripsit
2404 2781 2660 2836 Basilius.
2706 2779 2892 2835 Potest
2937 2787 3116 2831 autem
3153 2777 3257 2846 legi
3301 2790 3365 2831 ea
3396 2781 3598 2834 oratio,

2018 2874 2109 2929 cui
2151 2875 2363 2938 titulus,
2408 2872 2609 2928 Contra
2652 2872 2983 2927 Sabellianos
3036 2879 3085 2924 et
3133 2869 3318 2921 Arium
3354 2876 3405 2920 et
3456 2866 3603 2918 Ano-

2021 2981 2071 3016 ιιι
2123 2982 2180 3018 os
2223 2963 2322 3034 (α),
2371 2964 2426 3017 in
2480 2980 2587 3034 qua
2619 2964 2702 3016 vir
2743 2962 3105 3033 gravissimus
3154 2957 3435 3012 modestia:
3486 2969 3602 3011 sum

326 3061 427 3117 rat,
444 3069 679 3124 prorsus
693 3056 984 3110 abolenda.
1008 3057 1191 3123 Quare
1209 3073 1332 3113 cum
1352 3061 1680 3129 scriptorita
1699 3064 1916 3121 locutus
1943 3086 1985 3144 ρ
2021 3058 2321 3127 specimina
2354 3057 2602 3126 qumdam
2635 3056 2874 3125 reliquit.
2921 3053 2979 3108 ln
3013 3054 3113 3105 hac
3146 3052 3311 3122 igitur
3349 3048 3600 3105 oratione

324 3158 426 3210 est,
452 3148 675 3202 videtur
697 3148 843 3202 aliud
870 3149 1165 3218 cogitasse,
1202 3152 1351 3207 aliud
1379 3155 1741 3223 expressisse.
1791 3155 1913 3212 Non

323 3240 465 3292 enim
505 3238 699 3293 dubito
729 3240 862 3308 quin
888 3242 1125 3295 voluerit
1148 3243 1351 3308 dicere,
1384 3248 1757 3302 renovandam
1787 3265 1910 3306 esse

322 3330 702 3394 concordiam,
737 3331 833 3386 sed
850 3331 989 3385 dixit
1011 3335 1260 3388 renovari
1281 3335 1480 3392 debere
1504 3338 1908 3396 alienationem.

322 3420 633 3489 Aliquanto
659 3429 784 3490 post
816 3436 943 3475 cum
975 3430 1172 3477 auctor
1199 3425 1506 3494 signiﬁcare
1537 3430 1715 3495 vellet,
1749 3445 1912 3485 accu-

320 3513 431 3568 sari
463 3530 529 3568 se
555 3528 585 3567 a
632 3514 987 3583 quibusdam,
1020 3516 1167 3585 quod
1197 3519 1400 3575 multos
1430 3519 1563 3576 deos
1594 3522 1911 3580 introduce—

318 3615 422 3668 ret,
458 3606 539 3660 ita
578 3606 825 3676 loquitur
857 3606 1004 3677 (pag.
1037 3608 1203 3675 610):
1243 3610 1649 3683 Μαρτυρήσατε
1679 3617 1745 3685 τῇ
1776 3615 1912 3686 ἀλη-

315 3698 439 3769 θεία
506 3699 606 3753 καὶ
668 3700 835 3769 ἡμῖν,
911 3700 1049 3770 πρὸς
1118 3704 1243 3765 τοὺς
1305 3703 1763 3775 ἑπιθρυλλοῦντας
1840 3708 1908 3761 τὰ

312 3791 568 3853 τοιαῦτα,
598 3790 684 3843 ὅτι
712 3792 822 3861 ἄρα
851 3794 1013 3862 ἡμεῖς
1038 3792 1139 3862 τὴν
1166 3793 1400 3847 παλαιὰν
1430 3794 1639 3866 δωρεὰν
1676 3798 1909 3850 ἀνενεω-

316 3881 561 3952 σάμεθα.
606 3881 828 3937 Reddite
859 3884 1218 3937 testimonium
1266 3887 1479 3939 veritati
1506 3898 1555 3940 et
1589 3889 1762 3953 nobis,
1804 3888 1907 3942 ad-

311 3991 504 4030 versus
525 3992 617 4031 eos
643 3978 733 4045 qui
762 3978 896 4030 talia
923 3977 1218 4047 divulgant.
1250 3978 1489 4032 videlicet
1519 3982 1655 4049 quod
1686 3998 1780 4035 nos
1809 3982 1908 4034 do-

312 4082 444 4121 nans
505 4076 654 4120 vetus
713 4067 1151 4122 instauravimtts.
1204 4067 1306 4123 Ubi
1364 4085 1527 4123 nemo
1581 4086 1692 4125 non
1754 4072 1904 4126 videt

312 4173 521 4213 vocem
546 4157 762 4227 δωρεάν
794 4159 1094 4228 improprie
1120 4168 1175 4214 et
1204 4160 1384 4230 inepte
1408 4160 1474 4215 ad
1499 4162 1552 4215 id
1587 4162 1904 4234 signiﬁcan-

311 4250 449 4305 dum
484 4252 724 4319 positam
770 4247 985 4305 fuisse:
1015 4251 1159 4306 alius
1198 4253 1402 4320 quivis,
1457 4268 1648 4308 eorum
1706 4256 1899 4309 saltem

312 4344 410 4413 qui
442 4351 575 4411 apte
615 4342 762 4411 loqui
804 4342 1047 4406 student,
1094 4359 1228 4397 voce
1258 4343 1432 4415 πλάνη
1482 4354 1577 4399 aut
1612 4346 1776 4400 simili
1818 4348 1899 4402 usi

2019 3148 2255 3204 Basilius
2308 3149 2510 3219 pariter
2556 3147 2912 3216 conqueritur
2973 3144 3171 3198 instrui
3233 3142 3337 3196 sibi
3388 3139 3599 3193 calum—

2016 3241 2200 3304 niam,
2259 3240 2313 3293 in
2368 3238 2669 3307 eademque
2720 3240 2927 3307 pariter
2980 3235 3271 3304 profitetur
3331 3231 3599 3302 Spiritum

2017 3342 2269 3386 sanctum
2299 3340 2607 3387 creaturam
2638 3345 2747 3383 non
2776 3345 2920 3391 esse,
2953 3344 3053 3382 llBC
3086 3336 3267 3382 tamen
3297 3324 3595 3395 quidquam

2014 3423 2084 3479 de
2126 3439 2185 3478 se
2228 3422 2666 3493 magniﬁcentius
2697 3421 2976 3491 praedicat,
3022 3419 3115 3473 sed
3147 3415 3474 3488 simpliciter
3525 3430 3591 3465 ac.

2014 3516 2261 3571 modeste
2291 3517 2365 3570 ita
2397 3517 2639 3587 loquitur
2666 3515 2772 3586 (b):
2805 3513 2967 3566 Ἀλλά
2991 3514 3098 3583 γὰρ
3125 3511 3291 3564 πάλαι
3324 3507 3435 3581 ὁρῶ
3467 3507 3594 3560 δυα-

2012 3608 2442 3678 ανασχετοῦντας
2483 3609 2625 3678 ὑμᾶς
2666 3607 2803 3676 πρὴς
2834 3606 2923 3658 τὸν
2957 3604 3136 3672 λόγον,
3180 3603 3275 3656 καὶ
3310 3599 3594 3672 μονονουχὶ

2010 3700 2229 3753 ἀκούειν
2259 3699 2422 3763 δοκῶ,
2464 3701 2546 3753 ὅτι
2579 3701 2688 3761 τοῖς
2720 3684 3169 3767 ὁμολογουμένοις
3207 3687 3585 3761 ἐνδιατρίϐων,

2009 3792 2116 3844 τῶν
2155 3790 2607 3862 πολυθρυλλήτων
2635 3788 2964 3860 ζητημάτων
2987 3787 3086 3855 οὐχ
3123 3784 3400 3854 ἅπτομαι·
3438 3783 3593 3835 πᾶσα

2008 3884 2116 3955 γὰρ
2157 3884 2294 3955 ἀκοὴ
2343 3883 2437 3935 νῦν
2470 3883 2606 3953 πρὸς
2642 3880 2738 3953 τὴν
2791 3880 3051 3951 ἀκρόασιν
3100 3876 3210 3930 τῶν
3264 3875 3437 3944 λόγων
3483 3875 3594 3927 τῶν

2009 3978 2137 4047 περὶ
2183 3976 2277 4029 τοῦ
2328 3977 2483 4044 ἁγίου
2542 3975 2857 4045 Πνεῦματος
2905 3971 3275 4042 ἀνηρέθισται.
3350 3966 3490 4037 Ἐγὼ
3533 3965 3591 4019 δὲ

2011 4069 2246 4139 μάλιστα
2299 4068 2631 4138 ἠϐουλόμην,
2681 4066 2755 4129 ὡς
2807 4065 3116 4136 παρέλαϐον
3167 4060 3464 4127 ἁπλοϊκῶς,
3514 4059 3593 4123 ὡς

2008 4161 2313 4231 συνεθέμην
2361 4159 2831 4230 ἀνεπιτηδεύτως,
2886 4159 3028 4210 οὕτω
3077 4154 3428 4228 παραδιδόναι
3478 4155 3592 4216 τοῖς

2006 4253 2375 4308 duodenm..."
2453 4252 2670 4322 Ἐπειδὴ
2717 4252 2774 4304 δὲ
2816 4252 3213 4321 περιεστήκατε
3270 4248 3451 4317 ἡμᾶς,
3510 4244 3593 4297 δι-

2007 4347 2206 4399 κασταὶ
2252 4345 2450 4416 μᾶλλον
2494 4344 2526 4414 ἢ
2586 4343 2844 4414 μαθηταὶ,
2878 4345 3025 4413 ἡμᾶς
3070 4340 3361 4410 δοκιμάσαι
3414 4337 3595 4410 post}-

311 4438 576 4497 fuissent,
613 4434 862 4488 adversus
899 4452 986 4489 eos
1017 4436 1108 4505 qui
1146 4437 1279 4489 talia
1328 4438 1628 4507 divulgant,
1662 4440 1898 4493 videlicet

2020 4457 2185 4509 μενοι,
2239 4439 2339 4491 οὐκ
2394 4437 2545 4491 αὐτοί
2595 4453 2649 4487 τι
2702 4434 2882 4487 λαὸεῖν
2928 4432 3332 4504 ἐπιζητοῦντες,
3376 4430 3590 4499 ἀνάγνη

310 4527 456 4601 quod
488 4542 719 4579 errorem
751 4535 969 4579 veterem
1001 4527 1437 4583 instauravimus.
1489 4529 1543 4584 ln
1579 4546 1644 4586 eo
1685 4547 1905 4601 quoque

311 4620 465 4691 quod
496 4633 621 4673 mox
658 4619 984 4688 subjiciam,
1017 4630 1233 4685 auctor,
1268 4622 1519 4691 quisquis
1558 4634 1662 4687 est,
1699 4624 1908 4694 longis-

313 4716 457 4768 sime
483 4713 740 4768 discessit
782 4727 812 4765 a
855 4714 1257 4768 consuetudine
1305 4714 1515 4781 Basilii,
1549 4718 1642 4786 qui
1672 4734 1780 4772 non
1829 4720 1904 4774 ita

313 4806 517 4861 acerbe
552 4807 613 4859 in
642 4820 776 4860 suos
807 4806 1158 4861 adversarios
1208 4807 1388 4863 invehi
1442 4809 1600 4863 solet.
1639 4808 1907 4865 Studebat

314 4896 397 4950 vir
420 4897 884 4960 humanissimus,
918 4912 1028 4952 non
1055 4898 1320 4954 insultare
1354 4915 1486 4956 suos
1519 4913 1902 4970 accusatores,

317 4988 413 5043 sed
466 5004 562 5045 eos
613 4989 681 5043 ad
736 4989 986 5045 veritatis
1039 4990 1409 5059 cognitionem
1455 4992 1752 5049 adducere.
1826 4995 1904 5049 Eo

317 5088 521 5143 autem,
553 5094 719 5149 quem
754 5079 900 5143 dico,
934 5080 1056 5135 loco
1086 5081 1159 5133 ita
1192 5081 1461 5151 scriptum
1491 5082 1770 5139 invenitur
1797 5106 1807 5138 :
1840 5087 1903 5137 Τί

318 5172 691 5242 ὕποκρύτπεις
736 5172 965 5226 σεαυτοῦ
1013 5174 1112 5244 τὴν
1163 5175 1463 5244 ὲπήρειαν;
1503 5177 1711 5249 Ψεύδῃ,
1767 5195 1902 5231 κατ-

317 5265 591 5333 ηραμένε,
635 5264 811 5332 λέγων
862 5266 992 5335 παρ’
1046 5267 1177 5336 ἡμῖν
1221 5271 1369 5336 τρεῖς
1416 5268 1571 5331 θεοὺς
1602 5271 1903 5339 καταγγέλ-

318 5353 525 5409 λεσθαιι
558 5354 701 5420 Quid
730 5355 968 5411 occultas
997 5366 1140 5411 tuam
1161 5359 1324 5426 ipsius
1352 5360 1674 5413 calumniam
1692 5364 1717 5416 ?
1746 5360 1899 5416 Men-

327 5443 461 5509 tiris,
492 5448 572 5500 vir
597 5447 939 5510 exsecrande,
962 5464 1081 5501 cum
1106 5449 1188 5502 ais
1212 5448 1336 5503 deos
1370 5459 1474 5504 tres
1507 5467 1541 5503 a
1574 5450 1729 5506 nobis
1761 5468 1903 5522 pra:—

324 5531 513 5588 hcan‘.
541 5540 618 5592 Ita
642 5550 839 5594 auctor
858 5540 1238 5611 persequitur,
1275 5543 1368 5597 καὶ
1396 5542 1457 5596 οὺ
1496 5542 1676 5613 λέγεις
1706 5547 1770 5598 ὲκ
1802 5544 1897 5599 τοῦ

396 5693 473 5766 (a)
508 5692 661 5753 Tom.
692 5699 761 5766 ll,
797 5701 947 5757 hom.
973 5699 1059 5757 24.

310 5818 347 5839 /

2008 4532 2155 4601 ἡμᾶς
2183 4530 2371 4599 ὥσπερ
2403 4530 2458 4581 ἐν
2498 4527 2829 4597 δικαστηρίῳ
2856 4525 2951 4595 τὴν
2988 4522 3294 4590 ἀντιλογίαν
3322 4520 3593 4592 προτείνε-

2008 4622 2152 4687 σθαι,
2201 4622 2295 4675 καὶ
2337 4623 2425 4675 ἀεὶ
2467 4620 2565 4690 μὲν
2617 4615 3037 4689 ἀνακρίνεσθαι,
3078 4615 3165 4667 ἀεὶ
3216 4613 3273 4666 δὲ
3324 4611 3502 4679 λέγειν
3553 4608 3592 4664 Et

2008 4716 2444 4787 παρειλήφαμεν.
2488 4711 2591 4767 Sed
2630 4711 2837 4780 iamdiu
2872 4724 3164 4764 sermonem
3205 4715 3446 4759 nostrum
3474 4718 3591 4756 mo-

2008 4808 2133 4862 leste
2162 4807 2299 4876 ferre
2324 4823 2410 4860 vos
2442 4804 2611 4867 video,
2644 4813 2692 4857 et
2723 4812 2929 4857 tantum
2961 4818 3064 4854 non
3105 4797 3292 4852 audire
3316 4812 3394 4849 me
3435 4806 3588 4862 puto,

2005 4902 2144 4972 quod
2196 4899 2451 4966 confessis
2503 4899 2818 4958 immorans,
2862 4894 3179 4964 qurrstiones
3210 4887 3362 4943 valde
3392 4888 3588 4942 decan-

2006 5000 2149 5043 tatas
2195 5004 2299 5042 non
2351 4988 2631 5056 attingam.
2687 4983 2938 5038 Omnium
2978 4983 3115 5035 enim
3157 4997 3312 5033 aures
3364 4990 3586 5032 arrecta

2005 5096 2145 5134 nunc
2202 5090 2347 5142 sunt,
2394 5088 2453 5132 ut
2502 5077 2564 5131 de
2614 5077 2818 5145 Spiritu
2854 5084 3040 5128 sancto
3082 5071 3283 5140 aliquid
3338 5070 3583 5123 audiant.

2007 5172 2119 5242 Ego
2155 5188 2271 5226 vero
2306 5170 2462 5224 velim
2506 5169 2757 5230 maxime,
2791 5168 2926 5221 sicut
2964 5166 3225 5218 traditum
3275 5162 3588 5231 simpliciter

2007 5267 2200 5336 accepi,
2234 5266 2369 5319 sicut
2407 5264 2627 5334 ingenue
2655 5274 2701 5315 et
2734 5258 2957 5313 candide
2989 5274 3236 5311 assensus
3267 5273 3403 5323 sum,
3438 5256 3512 5309 sic
3538 5264 3589 5309 et

2006 5357 2340 5413 auditoribus
2369 5356 2694 5409 tradere.....
2728 5352 2998 5417 Quoniam
3025 5359 3197 5402 autem
3229 5346 3587 5400 circumstatis

2004 5469 2123 5516 nos,
2161 5450 2372 5519 judices
2419 5448 2587 5517 magis
2616 5461 2774 5515 quam
2805 5443 3075 5514 discipuli,
3116 5442 3206 5512 qui
3237 5440 3461 5510 probare
3491 5455 3586 5492 nos

2004 5545 2196 5611 uelitis,
2242 5558 2344 5596 non
2389 5548 2564 5594 autem
2610 5539 2895 5610 quidquam
2941 5534 3143 5592 discere
3183 5532 3464 5604 quaeratis,
3501 5546 3588 5584 ne-

2080 5698 2153 5771 m
2195 5696 2352 5752 Num.
2384 5695 2437 5760 ι,
2472 5709 2527 5767 p.
2561 5667 2683 5752 1'93.
