3972 6202
321 308 385 364 47
1729 298 2118 354 ΡΒᾸΞΡΑΤΙΟ.

3507 302 3575 353 ικ

323 441 462 480 eesse
505 421 653 477 nobis
700 428 778 473 est
817 422 952 475 velut
986 421 1039 473 in
1069 420 1276 489 judicio
1309 419 1373 472 iis
1408 434 1525 488 qua:
1576 417 1899 485 objiciuntur
1930 426 1972 479 Α
1998 417 2143 470 duas
2170 417 2271 472 has
2300 417 2581 472 orationes
2609 416 2897 487 diligenter
2920 415 3114 488 legerit
3141 412 3387 483 (ωηιξη,
3409 397 3570 471 item.

322 511 655 582 respondere,
690 527 991 582 semperque
1038 510 1375 579 interrogari,
1426 518 1475 561 et
1526 523 1727 575 semper
1775 522 1893 576 qua:

323 580 616 673 accepimus
659 602 849 656 dicere.
893 580 1148 672 E’jusdem
1189 600 1469 655 modestia:
1533 601 1780 671 exempla
1836 608 1893 653 ut

322 697 378 751 in
409 697 510 749 hac
556 693 822 758 oratione,
871 693 940 745 ita
974 691 1159 745 multis
1190 690 1311 744 aliis
1352 689 1488 743 locis
1518 690 1717 759 cuique
1747 690 1893 759 apud

320 784 730 844 sanctissimum
756 783 972 839 Patrem
1001 782 1186 836 videre
1219 782 1362 836 licet.
1394 780 1575 846 Quare
1606 780 1741 833 mibi
1771 781 1893 850 qui-

284 869 291 876 ’
322 878 444 932 dum
477 876 958 948 persuasissimum
988 885 1071 928 est
1115 874 1190 927 ita
1219 873 1471 927 allectum
1516 870 1690 927 fuisse
1734 870 1890 927 Basi-

318 970 477 1034 lium,
504 978 566 1023 ut
601 975 871 1027 tormenta
902 967 1085 1022 omnia
1121 965 1363 1036 perferre
1386 973 1613 1036 paratus
1645 970 1793 1020 esset
1824 962 1891 1017 ad

319 1062 714 1117 defendendam
744 1061 982 1132 Spiritus
1014 1061 1188 1115 sancti
1232 1058 1573 1114 divinitatem
1604 1077 1617 1113 :
1656 1058 1750 1112 sed
1780 1072 1890 1111 non

319 1154 480 1210 facile
533 1154 794 1216 adducar,
842 1159 901 1206 ut
949 1151 1167 1206 credam
1218 1150 1680 1206 modestissrmum
1712 1149 1889 1203 virum

308 1247 448 1301 talia
478 1247 657 1316 qualia
696 1245 1024 1308 audivimus,
1065 1243 1131 1299 de
1175 1244 1356 1313 seipso
1400 1242 1699 1312 jactantius
1749 1257 1889 1312 prte-

318 1339 553 1393 dicasse.
612 1335 878 1391 Prmterea
931 1337 1074 1390 inter
1125 1343 1351 1389 caeteras
1415 1333 1617 1404 ingenii
1676 1331 1887 1396 laudes,

302 1444 455 1497 tutas
480 1427 833 1483 doctissimus
865 1426 949 1479 vir
974 1424 1236 1480 Erasmus
1280 1423 1482 1478 Basilio
1515 1424 1725 1485 tribuit,
1772 1422 1888 1475 hare

316 1536 535 1592 quoque
573 1519 863 1589 reperitur,
898 1519 1077 1587 ipsum
1120 1514 1528 1587 Scripturarum
1577 1514 1887 1570 testimonia

313 1621 424 1668 tam
459 1612 729 1667 concinne
757 1611 1061 1666 admiscere
1096 1609 1331 1664 orationi
1378 1624 1510 1672 suae,
1541 1615 1601 1662 ut
1646 1621 1887 1677 gemmas

316 1719 570 1775 purpura:
616 1718 724 1757 non
766 1714 1007 1765 assulas,
1057 1702 1151 1756 sed
1204 1702 1278 1756 ibi
1318 1708 1477 1756 natas
1508 1698 1662 1754 dicas
1696 1716 1708 1752 :
1750 1711 1888 1768 quo-

1995 508 2110 579 24).
2142 506 2315 563 Velim
2349 518 2529 564 autem
2556 509 2790 565 studiosi
2813 510 3099 565 attendant
3130 509 3370 564 maxime
3397 508 3464 564 sd
3487 508 3566 564 iu-

1996 599 2172 668 signia
2203 600 2447 669 quaedam
2470 600 2610 665 loca,
2640 617 2762 673 quae
2784 602 2871 657 bic
2905 617 3179 672 apponere
3199 616 3309 655 non
3342 600 3569 671 pigebit.

1994 690 2229 748 Basilius
2252 693 2416 765 igitur
2438 694 2519 749 sic
2538 693 2782 765 loquitur
2811 694 2955 763 (pag.
2978 692 3077 746 l9l
3109 699 3165 746 et
3181 690 3322 761 seq.)
3365 710 3379 746 :
3409 690 3568 762 Δεινὴ

1993 784 2104 858 γὰρ
2126 786 2485 857 ἀγνωμοσύνη
2515 785 2589 857 μὴ
2626 784 3016 854 καταδέχεσθαι
3044 783 3113 836 τὰ
3134 783 3440 854 διδάγματα
3471 781 3568 837 τοῦ

1992 876 2220 948 Κυρίου,
2269 876 2530 949 εύκρινῶς
2569 876 2876 940 διιστῶντος
2914 878 3045 946 ἡμῖν
3092 874 3202 928 τῶν
3253 874 3565 945 προσώπων

1990 967 2090 1038 τὴν
2135 969 2447 1040 ἑτερότητα.
2493 968 2628 1022 Ἐὰν
2654 967 2768 1037 γὰρ
2813 965 3072 1032 ἀπέλθω,
3114 964 3268 1037 φησὶ,
3298 980 3569 1034 παρακα-

1990 1058 2153 1112 λέσω
2180 1058 2287 1112 τὸν
2314 1058 2566 1127 Πατέρα,
2590 1058 2689 1112 καί
2707 1057 2904 1113 ἄλλον
2929 1058 3149 1126 πέμψει
3169 1056 3569 1126 Παράκλητον

1989 1149 2150 1219 ὑμῖν.
2206 1149 2416 1204 Οὐκοῦν
2460 1151 2584 1214 Υἱὸς
2623 1151 2719 1221 μὲν
2764 1150 2793 1201 ὁ
2825 1148 3182 1222 παρακαλῶν,
3213 1148 3404 1218 Πατὴρ
3430 1147 3490 1201 δὲ
3535 1147 3566 1201 6

1991 1240 2495 1312 παρακαλούμενος,
2529 1240 2880 1312 Παράκλητος
2917 1242 2974 1294 δὲ
3013 1244 3041 1295 ό
3083 1240 3562 1311 ἀποστελλόμενος.

1987 1326 2114 1400 'Ap’
2143 1327 2236 1385 οὖν
2262 1332 2324 1385 ού
2355 1331 2604 1403 φανερῶς
2631 1334 3005 1401 ἀναιηυντεῖς
3034 1332 3268 1396 ἀκούων,
3298 1329 3410 1398 ἐγὼ
3435 1329 3567 1402 περὶ

1985 1423 2081 1476 τοῦ
2125 1423 2279 1490 Υἰοῦ,
2327 1425 2531 1487 ἐκεῖνος
2557 1424 2616 1477 δὲ
2663 1426 2791 1495 περὶ
2826 1423 2921 1478 τοῦ
2961 1424 3194 1496 Πατρὺς,
3230 1424 3388 1488 ἄλλος
3433 1422 3566 1494 περὶ

1986 1514 2081 1568 τοῦ
2111 1515 2426 1586 Πνεύματος
2447 1516 2543 1569 τοῦ
2571 1515 2749 1585 ἁγίου,
2773 1517 2868 1569 καὶ
2895 1507 3074 1570 πάντα
3104 1516 3416 1587 φύρωνς....
3450 1515 3566 1568 Καὶ

1989 1608 2064 1678 μή
2099 1624 2189 1678 μοι
2234 1608 2684 1679 περιδραμόντες,
2735 1608 2850 1661 ὅσοι
2881 1608 2915 1678 ἢ
2959 1607 3033 1680 μὴ
3074 1607 3295 1670 τελείως
3326 1608 3440 1670 τοῖς
3466 1605 3563 1658 λε-

1988 1697 2240 1768 γομένοις
2306 1698 2709 1769 ὴκολουθήσατε
2730 1739 2745 1763 ,
2807 1700 2842 1769 ἢ
2904 1700 3041 1771 πρὸς
3101 1700 3363 1775 ἐπήρειαν
3413 1700 3563 1769 ἡμᾶς

313 1774 478 1851 modo
507 1809 637 1866 ergo
670 1793 1013 1865 ineptissime
1053 1793 1190 1847 illud
1220 1791 1471 1854 Joannis,
1520 1788 1653 1843 Cum
1689 1789 1876 1843 uenerit

1984 1792 2402 1862 περιεστήκατε,
2455 1791 2515 1844 ού
2565 1791 2750 1846 λαϐεῖν
2796 1809 2849 1845 τι
2891 1791 3020 1864 παρ’
3077 1790 3236 1862 ήμῶν
3288 1790 3564 1861 ὠφέλιμον

308 1886 653 1955 'Paracletus,
685 1888 759 1942 ita
789 1888 1034 1951 citasset,
1065 1888 1235 1940 Ὅταν
1279 1884 1407 1957 ἔλθῃ
1436 1884 1465 1935 ὁ
1507 1882 1881 1954 Παράκλητος,

312 1977 408 2030 νῦν
434 1975 849 2045 ἀνεγινώσκετο.
875 1976 948 2030 Σὺ
964 1975 1093 2030 δέ...
1114 1974 1248 2031 Cum
1274 1975 1466 2029 venerit
1484 1973 1795 2027 Paracletus
1817 1974 1881 2039 ³⁸,

315 2086 453 2123 nunc
479 2069 767 2140 legebatur.
796 2069 877 2124 (Tu
910 2085 1048 2132 vero,
1078 2079 1184 2124 etc.
1225 2066 1322 2122 Vir
1347 2066 1546 2138 aliquis
1596 2066 1884 2136 imperitus

312 2158 650 2229 Seripturam
716 2159 791 2213 ita
851 2170 1181 2229 praepostere
1262 2157 1436 2212 citare
1499 2156 1716 2227 potuit,
1774 2170 1884 2210 non

309 2264 542 2319 magnus
585 2249 676 2304 ille
712 2248 971 2312 Basilius,
1020 2246 1113 2319 qui
1160 2246 1458 2317 Scriptura:
1489 2246 1656 2302 verba
1701 2245 1884 2315 aptius

308 2338 491 2394 locare
538 2339 740 2408 optime
792 2347 1039 2393 noverat.
1104 2336 1215 2394 Nec
1267 2336 1401 2392 illud
1456 2338 1737 2399 omittam,
1789 2334 1883 2389 ubi

308 2432 471 2503 paulo
516 2440 641 2503 post
673 2431 871 2503 legitur
900 2431 1045 2502 (pag.
1077 2428 1203 2501 6H)
1225 2449 1247 2483 -:
1282 2429 1493 2500 Ὠσπερ
1531 2429 1630 2482 οὐκ
1654 2429 1732 2483 ἔνι
1758 2444 1882 2481 συν»

305 2525 601 2598 αγέννητος
627 2524 759 2588 Θεὸς
795 2523 1001 2593 ἕτερος,
1050 2523 1257 2589 οὕτως,
1305 2530 1412 2579 etc.
1457 2520 1604 2577 Sicut
1650 2538 1754 2577 non
1805 2530 1883 2576 est

308 2615 449 2670 Deus
488 2615 643 2681 alter,
688 2616 777 2685 qui
815 2630 1014 2685 quoque
1046 2630 1153 2667 una
1185 2629 1304 2667 cum
1352 2613 1464 2682 ipso
1493 2614 1563 2667 sit
1597 2613 1879 2683 ingenitus,

304 2711 405 2774 ita,
434 2717 567 2773 etc.,
599 2706 674 2761 ibi
705 2706 837 2759 mihi
872 2704 1045 2759 videri
1077 2708 1352 2758 exoticum
1385 2702 1645 2773 quiddam
1678 2703 1877 2758 inesse.

304 2799 542 2856 Basilius
583 2800 730 2853 enim
778 2795 857 2850 ενι
896 2809 995 2865 pro
1029 2794 1145 2847 ἐστί
1179 2794 1257 2848 ιιιί
1294 2808 1410 2848 non
1441 2794 1599 2848 solet.
1643 2792 1798 2859 Quod
1832 2795 1880 2849 si

300 2889 543 2959 cuipiam
587 2900 655 2941 ex
689 2902 791 2941 suo
835 2901 999 2941 sensu
1034 2886 1102 2940 de
1146 2885 1270 2941 aliis
1308 2883 1557 2954 judicare
1599 2882 1683 2939 fas
1710 2891 1877 2947 esset,

296 2979 677 3036 testimonium
707 2976 853 3048 quod
884 2976 1159 3049 proferam
1190 2976 1278 3031 vel
1310 2976 1529 3030 unicum
1561 2976 1697 3031 satis
1735 2984 1881 3031 esset

304 3074 374 3128 ad
409 3073 549 3128 hanc
581 3071 887 3127 orationem
937 3068 1351 3139 repudiandam.
1387 3066 1439 3125 Is
1480 3076 1685 3134 autem,
1716 3083 1877 3139 quem

302 3164 449 3229 dico,
478 3164 634 3218 locus
657 3160 927 3233 ejusmodi
950 3169 1034 3215 est
1062 3158 1242 3231 (ibid.)
1277 3178 1290 3215 :
1326 3160 1423 3212 Διὰ
1446 3158 1508 3212 τὸ
1535 3159 1694 3230 σῶμα
1716 3158 1876 3211 ἐλαῦε

302 3255 461 3324 νέφος
486 3256 549 3308 τὺ
585 3255 746 3325 σῶμα
771 3256 801 3307 ὁ
826 3252 1017 3322 Λόγος,
1058 3252 1142 3305 ἵνα
1184 3252 1260 3322 μὴ
1289 3250 1596 3322 καταφλέξῃ
1641 3251 1711 3304 τὰ
1740 3248 1879 3321 6ρώ-

307 3368 464 3423 μενα.
488 3350 710 3418 Propter
739 3363 929 3417 corpus
956 3347 1180 3402 Verbum
1204 3346 1393 3400 nubem
1420 3346 1726 3415 assumpsit,
1754 3360 1875 3397 cor-

301 3457 403 3510 pus
457 3439 717 3503 videlicet,
774 3455 840 3493 ne
892 3456 975 3492 res
1022 3438 1251 3493 visibiles
1308 3437 1649 3492 combureret.
1706 3434 1874 3491 Pauci

303 3550 458 3598 sane,
487 3533 532 3587 si
561 3531 834 3602 publicam
868 3531 1172 3587 orationem
1209 3528 1278 3585 ad
1299 3530 1559 3601 populum
1585 3529 1872 3594 baberent,

300 3627 375 3680 ita
413 3624 563 3697 loqui
587 3625 809 3688 vellent,
837 3622 926 3676 διὰ
951 3622 1013 3677 τὸ
1041 3621 1201 3693 σῶμα
1236 3621 1396 3675 ἔλαϐε
1426 3621 1588 3691 νέφος
1613 3620 1675 3674 τὸ
1714 3620 1875 3692 σῶμα

297 3715 328 3771 ὁ
364 3717 556 3786 Λόγος,
589 3731 755 3769 causa
797 3715 1053 3783 corporis,
1085 3712 1311 3768 Verbum
1343 3712 1530 3767 nubem
1560 3713 1869 3781 assumpsit,

294 3822 486 3878 corpus
514 3808 765 3871 videlicet,
793 3823 918 3862 cum
947 3807 1000 3861 in
1035 3807 1119 3863 his
1147 3806 1329 3862 verbis
1360 3806 1491 3861 insit
1529 3806 1742 3877 mystici
1773 3805 1873 3858 ali-

296 3902 446 3971 quid,
475 3902 618 3971 quod
669 3903 970 3957 oratorium
1002 3898 1219 3955 dicendi
1268 3914 1442 3970 genus
1476 3915 1584 3953 non
1630 3898 1822 3953 deceat
1853 3917 1865 3953 :

288 3992 392 4047 sed
427 3993 631 4056 nullus,
661 3993 768 4048 nisi
796 3991 952 4047 valde
981 3990 1160 4056 fallor,
1192 3994 1460 4044 hactenus
1491 3990 1648 4053 dixit,
1690 4004 1869 4058 neque

296 4083 441 4138 serio
485 4085 539 4137 in
593 4090 874 4153 posterum
923 4082 1090 4148 dicet,
1142 4081 1266 4136 ideo
1307 4095 1508 4150 corpus
1552 4096 1581 4133 a
1636 4078 1869 4135 Domino

295 4183 639 4243 assumptum
667 4172 855 4237 fuisse,
882 4188 953 4229 ne
985 4187 1076 4228 res
1106 4171 1350 4228 visibiles
1394 4171 1759 4227 combureret.
1802 4169 1867 4223 Et

293 4282 427 4322 vero
462 4267 731 4336 ejusmodi
766 4266 1165 4322 lncarnationis
1204 4279 1370 4321 causa
1401 4265 1533 4318 mihi
1577 4263 1792 4318 videtur
1830 4278 1864 4317 ιι

280 4359 568 4415 communi
595 4359 876 4413 hominum
912 4373 1079 4413 sensu
1105 4366 1216 4411 tam
1245 4358 1444 4421 aliena,
1473 4366 1532 4411 ut
1567 4372 1687 4412 eam
1726 4357 1861 4411 nulli

1987 1880 2393 1953 ἐπιζητοῦντες,
2425 1882 2563 1936 ἀλλὰ
2597 1881 2853 1937 λαϐέσθαι
2896 1883 3043 1947 τινὸς
3090 1883 3200 1936 τῶν
3252 1881 3564 1951 λεγομένων

1986 1972 2392 2045 ἐπιτηροῦντες,
2426 1975 2618 2046 εἴπητε
2636 1992 2651 2007 ο
2675 1976 2769 2030 δύο
2792 1975 2947 2041 iisab;
2978 1975 3359 2048 κηρύσσει.....
3376 1970 3562 2027 Ἐπει-

1984 2066 2048 2138 δὴ
2091 2066 2149 2120 δὲ
2203 2069 2596 2139 περιεστήκατε
2641 2070 2823 2140 ἡμᾶς,
2867 2068 3119 2122 δικασταὶ
3164 2066 3365 2138 μᾶλλον
3398 2065 3432 2135 ἦ
3467 2081 3563 2135 μαι

1986 2158 2167 2230 θηται,
2194 2161 2344 2232 ἡμᾶς
2376 2160 2668 2232 δοκιμάσαι
2701 2160 3030 2232 βουλόμενοι,
3066 2160 3170 2213 οὐκ
3194 2158 3349 2212 αύτοί
3379 2175 3432 2213 τι
3465 2156 3564 2212 λοι

1985 2249 2100 2303 δεῖν
2133 2249 2632 2323 ἐπιζητοῦντες.....
2679 2254 2743 2306 Ol
2778 2252 2838 2306 δέ
2869 2252 3192 2325 χωρίζοντες
3223 2249 3435 2322 Πατρὸς
3465 2249 3563 2304 καὶ

1983 2344 2136 2411 Υίοῦ,
2172 2348 2288 2429 ’καὶ
2334 2349 2400 2419 τῇ
2453 2348 2627 2401 κτίσει
2680 2345 3137 2420 συναριθμοῦντες
3191 2345 3253 2400 τὸ
3309 2343 3559 2415 Πνεῦμα,

1983 2437 2172 2501 ἀτελὲς
2204 2438 2301 2509 μὲν
2334 2438 2542 2492 ποιοῦσι
2573 2441 2634 2493 τὸ
2666 2440 2963 2511 βάπτισμα,
2993 2438 3184 2509 ἐλλιπῆ
3217 2438 3274 2491 δὲ
3298 2437 3561 2507 τὴν-ὀμιι

1982 2528 2168 2598 λογίαν
2213 2530 2314 2601 τῆς
2361 2532 2712 2596 πίστεως.....
2761 2531 2919 2586 Οὕτω
2963 2532 3062 2603 μὲν
3092 2527 3185 2585 οὖν
3211 2529 3335 2584 οὕτε
3368 2545 3556 2583 καινοο

1984 2621 2133 2692 τομῶ
2168 2623 2407 2694 ῥήματα,
2457 2623 2579 2677 οὔτε
2614 2624 2791 2678 ἀθετῶ
2820 2625 2922 2696 τὴν
2969 2625 3126 2690 ἀξίαν
3146 2641 3160 2655 ο
3189 2625 3317 2688 τοὺς
3345 2622 3404 2677 δέ
3427 2620 3556 2675 τολ-

1987 2706 2202 2778 μῶντας
2234 2709 2440 2781 κτίσμα
2480 2713 2922 2784 προσαγορεύειν,
2961 2714 3202 2779 στενάζω
3245 2713 3341 2767 καὶ
3369 2710 3560 2784 ὀδύρο-

1986 2816 2105 2866 μαι.
2167 2798 2312 2854 Nam
2369 2803 2551 2872 ingens
2612 2804 2922 2872 improbitas
2977 2820 3075 2870 est,
3134 2821 3238 2860 nou
3294 2804 3559 2873 suscipere

1983 2888 2296 2944 documenta
2342 2890 2581 2957 Domini,
2629 2894 2719 2962 qui
2754 2892 2904 2948 nobis
2944 2895 3215 2963 perspicue
3243 2894 3407 2947 aliam
3436 2908 3560 2961 per-

1985 2997 2172 3035 sonam
2217 2981 2280 3035 ab
2308 2983 2425 3036 alia
2454 2982 2755 3055 distinguit.
2792 3003 2812 3037 ‹
2860 2984 2920 3039 Si
2945 2987 3085 3039 enim
3116 2985 3317 3047 abiero,
3359 2984 3552 3054 inquit,

1983 3073 2180 3144 rogabo
2235 3073 2473 3140 Patrem,
2523 3085 2575 3131 et
2631 3077 2799 3130 alium
2847 3076 3185 3131 Paracletum
3236 3078 3405 3130 mittet
3463 3092 3554 3132 ro-

1983 3165 2060 3219 bis
2089 3166 2150 3220 ¹⁶.
2186 3186 2212 3218 s
2258 3165 2446 3237 Itaque
2482 3166 2654 3221 Filius
2693 3178 2771 3222 est
2812 3169 2902 3239 qui
2931 3178 3104 3239 rogat,
3146 3167 3312 3222 Pater
3347 3178 3425 3221 est
3458 3166 3551 3238 qui

1980 3271 2218 3331 rogatur,
2246 3259 2557 3318 Paracletus
2608 3279 2748 3322 vero.
2781 3264 2871 3333 qui
2898 3263 3149 3316 mittitur.
3204 3260 3395 3316 Nonne
3426 3276 3551 3331 ergo

1979 3366 2155 3425 aperte
2199 3356 2469 3425 impudens
2516 3373 2593 3419 es,
2626 3358 2718 3427 qui
2749 3373 2867 3410 cum
2909 3356 3121 3417 audias,
3155 3372 3247 3426 ego
3286 3356 3351 3409 de
3380 3352 3550 3418 Filio,

1976 3454 2067 3507 ille
2103 3451 2168 3507 de
2199 3451 2386 3517 Patre,
2418 3453 2556 3506 alius
2585 3451 2649 3506 de
2687 3451 2892 3521 Spiritu
2919 3459 3126 3514 sancto,
3160 3450 3348 3503 misces
3377 3457 3553 3502 tamen

1976 3547 2154 3599 onmia
2171 3546 2356 3600 ?.......
2396 3543 2462 3597 Et
2496 3544 2645 3607 mihi,
2677 3552 2929 3614 quotquot
2957 3553 3049 3596 aut
3078 3559 3181 3597 non
3214 3541 3441 3610 perfecte
3465 3538 3554 3593 di-

1978 3647 2066 3692 cta
2118 3638 2348 3690 assecuti
2399 3638 2547 3699 estis,
2584 3645 2676 3690 aut
2713 3634 3078 3690 calumniandi
3113 3650 3276 3689 causa
3318 3650 3416 3688 uos
3443 3634 3551 3687 cir-

1978 3730 2281 3796 cumstatis,
2305 3746 2409 3784 non
2440 3740 2730 3798 quierentes
2758 3738 2901 3782 utea:
2929 3726 3079 3783 nobis
3096 3727 3298 3797 aliquid
3323 3724 3550 3795 capiatis

1970 3821 2329 3880 emolumenti.
2364 3819 2455 3874 sed
2499 3820 2829 3875 observantes
2854 3829 2916 3874 ut
2958 3819 3164 3890 aliquid
3203 3835 3385 3874 eorum
3431 3832 3550 3888 qua

1970 3912 2195 3965 dicimus
2259 3912 2527 3981 carpatis,
2594 3928 2658 3966 ne
2710 3912 3186 3965 circumcursantes
3253 3909 3548 3965 dixeritis:

1972 3999 2239 4055 Prtedicat
2272 3999 2394 4053 deos
2422 4001 2672 4055 duos.....
2708 4001 2975 4067 Quoniam
3007 4010 3183 4054 autent
3232 4002 3547 4056 circumsta-

1972 4098 2037 4151 tis
2081 4112 2197 4157 nos,
2240 4094 2447 4166 judices
2487 4095 2655 4165 magis
2680 4109 2840 4164 quam
2881 4093 3152 4163 discipuli,
3201 4094 3293 4163 qui
3322 4092 3546 4161 probatae

1968 4206 2064 4243 nos
2097 4189 2287 4253 velitis,
2325 4205 2427 4243 non
2457 4197 2633 4242 autem
2660 4187 2946 4257 quidquam
2988 4188 3188 4241 discere
3214 4187 3541 4257 qua'ratis...

1969 4281 2073 4348 Qui
2099 4282 2235 4335 enim
2266 4289 2514 4349 separant
2543 4297 2575 4333 a
2612 4278 2773 4333 Patre
2797 4290 2846 4334 et
2888 4278 3049 4344 Filio,
3082 4288 3134 4333 et
3174 4280 3310 4332 inter
3331 4287 3543 4332 creatu-

1967 4385 2057 4423 ras
2091 4378 2369 4423 numerant
2403 4368 2684 4437 Spiritum,
2722 4381 2781 4421 ut
2812 4370 3126 4437 baptismum
3157 4368 3540 4436 imperfectum,

292 4452 449 4507 alteri
491 4465 733 4521 unquam
777 4452 830 4504 in
882 4460 1117 4503 mentem
1150 4448 1365 4504 venisse
1388 4458 1595 4518 putem.
1642 4447 1771 4513 Sed,
1803 4455 1863 4502 ut

1979 4462 2045 4514 ita
2089 4460 2293 4530 faciunt
2335 4460 2713 4529 confessionem
2754 4457 2879 4528 ﬁdei
2925 4458 3401 4527 imperfectam.....
3447 4457 3540 4514 Sic

291 4555 440 4595 nunc
465 4541 533 4596 de
570 4540 784 4595 caeteris
812 4546 1047 4602 taceam,
1080 4536 1349 4593 amrmare
1373 4539 1550 4593 ausim
1575 4538 1859 4605 Basilium,

1967 4555 2129 4622 igitur
2160 4570 2323 4622 neque
2351 4570 2467 4607 sum
2512 4553 2785 4607 verborum
2831 4555 3171 4615 architectus,
3216 4567 3380 4622 neque
3417 4567 3537 4604 ma-

282 4633 565 4688 ~hominem
600 4632 868 4686 acerrimo
884 4631 1093 4701 judicio
1114 4629 1421 4700 praeditum,
1450 4631 1519 4685 de
1541 4638 1651 4684 tam
1682 4631 1863 4700 inepta
1957 4640 2204 4709 jestatem
2222 4638 2457 4707 Spiritus
2487 4639 2741 4708 reprobo:
2762 4640 2852 4692 scd
2878 4656 2966 4693 eos
2991 4641 3080 4709 qui
3110 4648 3409 4691 creaturam
3443 4651 3540 4704 apo

291 4725 504 4779 ratione
549 4739 616 4777 ne
646 4740 741 4793 per
780 4722 1054 4777 somnium
1106 4722 1326 4792 quidem
1377 4722 1671 4794 cogitasse.
1722 4720 1865 4776 For-

278 4822 432 4869 tasse
481 4822 671 4867 auctor
720 4813 968 4877 timebat,
1004 4829 1074 4868 ne
1124 4811 1361 4869 Verbum
1418 4822 1704 4879 aeternum,
1750 4813 1860 4867 nisi

280 4907 537 4963 indueret
563 4921 806 4969 carnem,
838 4914 1012 4962 totum
1038 4914 1308 4963 terrarum
1340 4907 1528 4963 orbem
1558 4906 1863 4963 Phaethon-

275 4998 356 5054 tis
387 4997 635 5068 exemplo
664 5009 1056 5054 concremaret.

228 5134 234 5142 .
346 5089 442 5146 2i.
483 5089 734 5146 Arbitror
766 5091 930 5162 igitur
965 5091 1106 5145 hanc
1147 5091 1470 5146 concionem
1519 5090 1706 5147 Basilii
1747 5106 1855 5147 non

268 5199 403 5239 esse
456 5202 469 5238 :
518 5183 614 5241 sed
666 5183 934 5254 alicujus,
989 5184 1098 5263 qui
1145 5200 1270 5241 eum
1338 5185 1539 5240 imitari
1597 5187 1852 5242 voluerit.

277 5273 407 5329 Mihi
437 5274 583 5331 enim
611 5275 910 5354 verisimile
939 5277 999 5330 iit
1036 5277 1159 5346 ejus
1208 5285 1505 5344 auctorem,
1538 5276 1856 5347 quicunque

269 5367 367 5421 ille
416 5366 548 5431 fuit,
601 5366 707 5423 sibi
761 5367 1082 5421 imitandam
1138 5367 1495 5439 proposuisse
1543 5370 1852 5423 orationem

1963 4731 2162 4798 pellare
2195 4730 2411 4794 audent,
2454 4730 2665 4799 deploro
2707 4731 2991 4800 deﬂeoque.
3052 4731 3261 4785 Auctor
3304 4743 3435 4786 vero
3461 4727 3538 4783 ita

1965 4821 2185 4887 scripsit
2209 4820 2357 4891 (pag.
2393 4820 2516 4885 6l0,
2545 4821 2674 4891 6l2)
2703 4841 2717 4876 :
2749 4824 2813 4874 Οἱ
2841 4822 3081 4876 πλεῖστοι
3115 4823 3224 4876 τῶν
3251 4822 3536 4893 παρόντων

1962 4916 2318 4978 κατάσκοποι,
2344 4918 2544 4987 μᾶλλόν
2572 4919 2677 4971 εἰσι
2708 4919 3043 4972 κατάσκοποι
3074 4917 3184 4971 τῶν
3206 4916 3534 4988 λεγομένων,

1961 5005 1993 5075 ἢ
2035 5005 2271 5077 μαθηταὶ
2300 5000 2411 5060 τῶν
2453 5007 2828 5078 διδαγμάτωνο
2879 5010 2972 5061 καὶ
3012 5008 3167 5077 λόγος
3197 5007 3538 5077 ἐπιζητεῖται

1960 5097 2021 5149 ού
2067 5097 2205 5167 πρὸς
2251 5096 2535 5169 οἰκοδομὴν
2580 5097 2689 5152 τῶν
2735 5098 3039 5169 παρόντων,
3084 5095 3220 5150 ἀλλὰ
3249 5098 3384 5168 πρὸς
3433 5097 3536 5148 ἐπ-

1960 5189 2151 5259 ήρειαν
2179 5188 2286 5241 τῶν
2311 5188 2707 5260 ἐφεδρευόντων
2726 5206 2739 5219 ·
2773 5190 2879 5243 κᾶν
2905 5189 3004 5260 μέν
3034 5206 3089 5242 τι
3114 5188 3278 5259 λεχθῇ
3304 5187 3540 5258 captioni-

1958 5298 2047 5334 νον
2094 5284 2214 5345 ταῖς
2246 5280 2560 5352 ἐπιθυμίαις
2593 5281 2701 5335 τῶν
2741 5280 3231 5353 ἐξοστρακιζόντων
3264 5279 3362 5351 τὴν
3388 5276 3531 5349 γνώο

1960 5390 2084 5444 μην,
2119 5371 2333 5443 ἀπῆλθε
2367 5372 2797 5444 καταδεξάμενος
2824 5374 2899 5438 ὡς
2932 5374 2992 5427 τὸ
3024 5372 3153 5426 ίδιον
3184 5370 3369 5442 -εύρὼν
3398 5372 3531 5444 παιδ’

264 5471 414 5519 eam,
449 5473 570 5528 qua:
595 5457 935 5524 inscribitur,
961 5456 1159 5513 Contra
1194 5459 1549 5525 Sabeuianos,
1583 5472 1634 5515 et
1657 5462 1848 5516 Arium

1979 5470 2199 5538 ιμίν.....
2263 5468 2409 5523 Ἐκεῖ
2448 5468 3002 5541 ἀντικαταπήσονταί
3047 5484 3136 5539 μοι
3186 5468 3236 5521 οἱ
3282 5466 3381 5536 τὴν
3426 5465 3524 5519 δτι.

266 5558 321 5602 et
348 5551 624 5605 Anomaeas
652 5566 672 5604 :
701 5566 806 5620 qua
837 5551 912 5606 de
929 5566 988 5606 re
1016 5551 1103 5604 vix
1138 5552 1515 5608 dubitaturum
1554 5562 1706 5625 puto,
1746 5554 1843 5626 qui

1979 5576 2140 5630 ipe-.3»
2175 5558 2377 5631 ταύτην
2421 5561 2832 5632 pamulae...”
2866 5561 3044 5616 Ti.....
3070 5560 3205 5634 ἐμοὶ
3236 5553 3528 5627 πολεμΚὸ

341 5704 385 5739 ⁸⁸
419 5705 577 5763 Joau.
621 5726 705 5777 xv,
741 5708 830 5765 26.
912 5711 952 5743 “
991 5708 1148 5768 Joan.
1188 5727 1297 5778 xw,
1336 5711 1403 5769 16

213 5816 278 5844 ul
