3972 6202
342 403 407 454 49
1767 395 2155 453 ΡΙὶᾸΞΡᾹἸῚΟ.
3542 397 3614 453 50

347 522 393 570 el
419 534 649 571 πιστευω
698 518 780 581 εἰς
824 518 1072 589 Πατέρα,
1111 520 1160 572 εἱ
1193 519 1441 590 ὁμολογῶ
1470 517 1558 571 τὸν
1588 517 1737 579 Υἱὺν,
1774 518 1821 569 εἰ
1858 518 1927 587 μὴ

2048 518 2373 585 opusculum
2424 519 2525 587 ipsi
2578 520 2876 590 ascriptum
2929 521 3017 573 sit.
3073 518 3194 573 llarc
3235 527 3415 574 autem
3462 521 3618 575 lucu~

348 611 509 665 ἀθετῶ
532 611 591 663 τὺ
626 611 880 682 Πνεῦμα.
907 598 981 666 Ἐξ
1022 616 1050 666 ὁ
1080 613 1284 683 Τριὰδα
1308 611 1603 683 ὁμολογῶν,
1637 613 1783 681 τρεῖς
1814 611 1929 662 ὀνο-

352 705 499 774 μάζει
548 704 727 768 θεοὺς,
779 707 969 759 ἀθετεῖ
1011 707 1073 759 τὸ
1129 706 1427 777 βάπτισμα,
1459 704 1554 757 καὶ
1608 704 1834 773 πολεμεῖ
1860 705 1926 773 τῇ

348 795 634 865 πίσειέ-ιη...
697 802 762 853 σὺ
815 801 876 852 δὲ
932 803 1056 864 ταῖς
1110 798 1495 868 συκοφαντίαις
1538 796 1791 866 ἀφορμὴν
1849 797 1927 857 εἰς

347 890 600 958 ἐπήρειαν
627 891 1002 955 τέθεικας.....
1046 893 1121 945 Οὐ
1150 893 1279 963 δέχῃ
1309 892 1487 944 τοίνυν
1512 890 1604 942 τοῦ
1646 889 1929 960 Παρακλή-

345 1000 432 1035 του
593 986 953 1056 εὐεργεσίαν·
987 986 1019 1055 ἦ
1064 987 1185 1056 οὐχὶ
1217 988 1245 1037 ὁ
1294 985 1495 1055 Κύριος
1535 983 1682 1053 αὐτῴ
1724 982 1927 1052 ταύτην

344 1076 437 1145 τὴν
492 1080 871 1149 προσηγορίαν
928 1079 1160 1148 πρέπειν
1234 1078 1634 1149 ἐνομοθέτησες
1706 1076 1927 1145 Πέμψω

345 1169 483 1237 ὑμῖν
513 1171 607 1223 καὶ
644 1170 845 1225 ἄλλον
868 1172 1281 1241 Παράκλητον.
1333 1172 1391 1223 Ὀ
1424 1170 1516 1223 καὶ
1552 1169 1706 1222 ἄλλον
1734 1169 1925 1233 εἰπὼν,

347 1262 442 1331 οὐχ
473 1263 666 1316 ἑαυτὸν
710 1263 878 1327 ἔδειξε
928 1264 1035 1335 πρὸ
1079 1264 1173 1317 τοῦ
1208 1264 1481 1319 ἄλλου.....
1527 1264 1589 1315 Εἰ
1626 1263 1681 1315 δὲ
1723 1262 1797 1331 μὴ
1840 1259 1927 1312 θέ-

346 1352 475 1417 λξις,
523 1354 661 1408 ἀλλὰ
708 1356 1065 1425 φιλονεικεῖς,
1111 1356 1394 1425 καταγελῶ
1442 1374 1535 1409 σου
1577 1356 1677 1426 τῆς
1719 1354 1924 1415 ἀνοίας,

352 1444 547 1514 μᾶλλον
574 1446 632 1498 δὲ
657 1446 829 1500 κλαίω
858 1465 949 1499 σου
980 1448 1080 1517 τὴν
1114 1449 1337 1518 τόλμαν.
1374 1447 1603 1502 Plurimi
1625 1464 1804 1501 eorum
1837 1449 1925 1515 qui

349 1536 561 1602 adsunt,
590 1539 763 1606 magis
792 1552 913 1593 sunt
949 1539 1308 1607 exploratores
1350 1554 1530 1592 eorum
1551 1554 1670 1608 quae
1704 1536 1926 1591 dicenda

348 1637 486 1688 sunt,
519 1645 682 1698 quam
709 1629 956 1697 discipuli
979 1647 1161 1685 eorum
1187 1647 1303 1699 qua:
1335 1631 1607 1684 docentur.
1640 1633 1807 1697 Atque
1830 1644 1925 1681 e1:-

346 1722 575 1789 quiritur
603 1723 809 1788 concio,
839 1740 943 1775 non
970 1732 1029 1776 ut
1057 1725 1405 1793 wdiﬁcentur,
1431 1722 1521 1777 sed
1561 1733 1619 1777 ut
1642 1722 1927 1777 insidiato-

348 1830 425 1867 res
475 1816 651 1865 locum
697 1816 926 1869 habeant
958 1816 1341 1871 calumniandi.
1384 1816 1537 1883 Quod
1578 1817 1623 1870 si
1670 1819 1806 1880 [orte
1842 1814 1926 1866 di-

2043 607 2387 665 bratiuncula
2422 612 2477 665 in
2524 614 2759 683 vulgatis
2795 614 3014 683 quidem
3050 612 3193 674 inter
3231 611 3483 667 homilias
3520 628 3617 681 ρο-

2038 700 2142 755 sita
2177 710 2261 757 est
2291 722 2301 757 :
2339 704 2434 759 sed
2466 713 2646 759 tamen
2678 706 2725 761 si
2753 705 2984 759 duorum
3022 703 3298 765 codicum,
3331 702 3387 755 in
3418 702 3618 771 quibus

2039 796 2325 863 reperitur,
2366 796 2616 851 habenda
2669 807 2753 853 est
2801 799 2980 869 aliqua
3039 797 3199 859 ratio,
3232 811 3342 849 non
3392 794 3616 849 bomilia

2036 896 2142 950 est,
2179 889 2272 942 sed
2309 892 2569 958 prologus
2602 893 2897 947 asceticus.
2954 891 3063 963 Ego
3109 905 3301 961 parum
3348 890 3615 943 interesse

2036 988 2186 1048 puto,
2237 991 2419 1035 utrum
2460 984 2561 1037 hoc
2601 985 2925 1053 opusculum
2979 984 3204 1037 homilia
3258 982 3494 1047 dicatur,
3543 998 3612 1035 an

2036 1074 2294 1143 prologus
2322 1076 2597 1131 asceticus
2627 1096 2638 1131 :
2670 1084 2852 1130 utrum
2895 1076 3081 1131 Basilii
3116 1078 3209 1139 sit,
3246 1090 3441 1140 necne,
3470 1074 3613 1129 scire

2036 1164 2209 1233 magis
2264 1164 2448 1219 refert.
2510 1164 2847 1234 Opusculum
2895 1166 2950 1219 in
3004 1181 3061 1220 se
3114 1165 3242 1219 dum
3298 1165 3611 1229 considero,

2033 1268 2162 1307 vere
2209 1254 2319 1308 dici
2361 1271 2522 1324 posse
2570 1257 2825 1320 arbitror,
2858 1272 2959 1311 nec
2989 1257 3275 1328 prologum
3323 1272 3469 1320 esse,
3506 1270 3614 1311 nec

2035 1342 2334 1399 homiliam.
2379 1344 2513 1400 Illud
2547 1347 2691 1401 enim
2725 1347 2868 1417 (pag.
2903 1348 3050 1413 615),
3098 1346 3349 1418 Μίμησαι
3379 1346 3615 1418 ταύτην,

2033 1429 2078 1489 ὧ
2124 1436 2337 1501 τέκνον,
2397 1438 2651 1509 μίμησαι.
2717 1438 2939 1493 Imitare
2991 1439 3161 1503 hanc,
3224 1438 3327 1508 ﬁli,
3389 1438 3603 1493 imitare

2033 1542 2218 1599 aperte
2262 1533 2500 1587 ostendit
2554 1535 2695 1588 hanc
2745 1534 3283 1591 lucubratiunculam
3340 1551 3449 1590 non
3498 1534 3604 1589 ho-

2032 1624 2262 1690 miliam,
2310 1626 2405 1682 sed
2445 1626 2685 1681 libellum
2733 1628 3061 1697 peculiarem
3112 1643 3257 1692 esse,
3299 1628 3393 1698 qui
3442 1626 3609 1682 unius

2030 1717 2270 1779 hominis
2317 1732 2484 1775 eausa
2534 1721 2771 1789 scriptus
2822 1722 2913 1777 sit.
2946 1720 3327 1792 Prtetereaque
3374 1720 3611 1775 Basilius

2032 1824 2155 1864 cum
2193 1811 2247 1865 in
2277 1815 2393 1867 suis
2434 1813 2776 1869 orationibus
2800 1814 3102 1883 alloquitur
3147 1814 3434 1882 populum,
3480 1826 3617 1867 voce

348 1914 484 1959 ctum
505 1918 585 1961 est
613 1909 909 1979 quidpiam,
933 1910 1073 1980 quod
1109 1880 1559 1965 accommodatum
1592 1911 1661 1963 sit
1690 1910 1758 1961 ad
1780 1910 1929 1976 cupi-
1965 1880 2005 1934 Β
2034 1902 2282 1972 ἀδελφός,
2316 1919 2425 1957 non
2475 1920 2610 1960 voce
2658 1906 2845 1959 τέκνον
2879 1880 3073 1961 utitur.
3122 1880 3283 1961 Prius
3316 1915 3506 1959 auctor
3540 1905 3616 1958 ita

346 1997 537 2053 ditates
565 2018 751 2054 eorum
790 2004 878 2069 qui
913 2004 1226 2056 sententiam
1274 1992 1597 2072 explodunt,
1652 2002 1784 2054 abiit
1842 2002 1931 2070 qui

347 2093 567 2156 audivit,
603 2103 859 2164 tanquam
910 2097 957 2149 si
987 2096 1040 2147 id
1073 2095 1210 2164 quod
1241 2113 1394 2148 suum
1424 2105 1521 2160 est,
1552 2096 1691 2163 apud
1725 2112 1817 2148 nos
1852 2110 1933 2147 re-

344 2184 686 2249 periant..."
735 2185 834 2238 Illi
863 2187 989 2239 mihi
1030 2203 1093 2240 ex
1135 2188 1353 2241 adverso
1384 2188 1638 2240 sistentur
1666 2186 1755 2255 qui
1795 2186 1931 2238 hanc

345 2276 673 2329 calumniam
703 2290 1078 2334 consuunt.....
1109 2296 1316 2333 cur.....
1360 2296 1439 2333 me
1478 2279 1611 2332 bello
1650 2278 1826 2346 petis?
1871 2276 1933 2331 Si

345 2367 494 2423 credo
526 2370 583 2421 in
618 2368 855 2431 Patrem,
890 2373 936 2425 si
965 2374 1218 2442 conﬁteor
1249 2370 1471 2436 Filium,
1508 2372 1554 2425 si
1585 2388 1687 2425 non
1714 2369 1931 2440 reprobo

350 2460 628 2525 Spiritum.
679 2460 994 2515 Trinitatem
1026 2465 1116 2532 qui
1149 2465 1447 2531 conﬁtetur,
1480 2462 1524 2516 si
1556 2462 1678 2515 deos
1711 2470 1814 2515 tres
1845 2477 1935 2514 no-

353 2552 523 2613 minet,
579 2551 807 2621 abrogat
853 2552 1193 2619 baptismum,
1245 2563 1295 2607 et
1336 2552 1493 2623 ﬁdem
1538 2553 1929 2621 impugnat

357 2642 423 2695 Tu
450 2659 573 2697 vero
621 2643 747 2696 inde
776 2646 1104 2698 occasionem
1148 2645 1426 2713 arripuisti
1453 2643 1839 2705 calumniandi,
1874 2653 1933 2695 ut

352 2730 599 2799 iujuriam
648 2731 966 2800 in]eras.....
1020 2731 1143 2786 Non
1193 2734 1355 2804 igitur
1387 2734 1612 2801 suscipis
1656 2733 1930 2787 Paracleti

348 2823 791 2892 beneficentiam?
841 2841 907 2877 an
939 2842 1043 2879 non
1076 2825 1330 2879 Dominus
1366 2826 1502 2880 hanc
1541 2827 1588 2879 ei
1616 2826 1929 2893 appellatio-

345 2931 455 2975 nem
478 2933 771 2987 congruere
799 2919 1023 2974 sanxit?
1059 2939 1075 2969 ‹
1116 2918 1330 2973 Mittam
1362 2920 1503 2974 vobis
1532 2930 1581 2973 et
1613 2920 1778 2972 alium
1824 2917 1931 2971 Pa-

346 3011 599 3071 mClclum
629 3013 693 3065 ”.
735 3031 753 3061 ι
787 3012 893 3078 Qui
916 3029 1035 3066 cum
1057 3023 1105 3067 et
1137 3015 1299 3066 alium
1323 3013 1479 3077 dixit,
1507 3029 1676 3067 nonne
1704 3014 1932 3080 seipsum

344 3113 465 3165 ante
490 3105 663 3157 alium
716 3104 1101 3163 ostendit
1142 3106 1293 3173 Quod
1334 3108 1381 3161 si
1404 3106 1563 3169 nolis,
1601 3105 1691 3159 sed
1720 3115 1932 3159 conten-

2027 1995 2139 2063 jam
2187 1996 2404 2050 locutus
2461 1995 2639 2050 fuerat
2673 2017 2684 2051 :
2719 1997 3019 2069 Τοιγαροῦν
3057 1997 3352 2050 σπούδασον
3385 1996 3615 2066 ἄμωμον

2031 2088 2218 2141 τέκνον
2256 2089 2390 2141 Θεοῦ
2427 2089 2701 2157 γενέσθαι.
2740 2090 2937 2143 Curam
2971 2092 3135 2161 igitur
3173 2092 3227 2143 in
3258 2107 3317 2144 eo
3359 2106 3508 2158 pone,
3558 2097 3616 2141 ut

2032 2181 2133 2249 ﬁas
2166 2180 2510 2235 intemeratus
2542 2182 2687 2250 ﬁlius
2722 2180 2855 2244 Dei;
2901 2198 3011 2253 quo
3049 2183 3361 2237 testimonio
3415 2180 3616 2235 confir-

2032 2281 2213 2328 matur
2242 2274 2391 2344 quod
2436 2275 2699 2339 diximus,
2750 2283 3053 2339 auctorem,
3088 2291 3215 2330 cum
3251 2276 3367 2328 hare
3408 2273 3617 2328 scribe-

2033 2374 2136 2432 ret,
2189 2367 2257 2421 ad
2304 2368 2524 2421 unicam
2579 2384 2872 2438 personam
2917 2370 3249 2438 respexisse.
3288 2366 3397 2421 Nec
3434 2368 3616 2421 minus

2034 2460 2380 2529 perspicuum
2410 2470 2514 2523 εει,
2543 2463 2719 2531 ipsam
2748 2462 2891 2515 hanc
2916 2462 3455 2517 lucubratiunculam
3487 2475 3617 2530 pro-

2032 2554 2220 2623 logum
2251 2553 2549 2607 asceticum
2583 2555 2781 2609 merito
2812 2556 2997 2609 vocari
3040 2571 3150 2610 non
3183 2570 3364 2626 posse.
3397 2570 3523 2609 cum
3562 2556 3617 2607 in

2033 2661 2095 2701 ea
2145 2646 2281 2699 nihil
2327 2648 2654 2716 reperiatur,
2705 2648 2850 2718 quod
2896 2648 2964 2702 ad
3006 2649 3139 2703 illud
3187 2649 3403 2704 vivendi
3443 2663 3617 2720 genus

2033 2739 2314 2807 speciatim
2371 2739 2566 2794 referri
2619 2739 2850 2807 debeat;
2906 2751 2963 2795 et
3026 2742 3271 2811 alioquin
3320 2744 3405 2797 cui
3463 2742 3617 2810 operi

2032 2831 2304 2897 ejusmodi
2336 2833 2598 2903 prologus
2630 2834 2835 2906 ιιι-ιεηεί
2885 2844 3094 2905 posset,
3131 2852 3240 2891 non
3288 2836 3468 2894 video.
3510 2833 3616 2890 Sed

2036 2924 2121 2979 his
2152 2925 2395 2985 omissis,
2427 2925 2493 2979 ad
2546 2926 2600 2981 id
2636 2928 2780 2998 quod
2814 2927 2979 2997 hujus
3015 2926 3409 2997 disputationis
3453 2937 3621 2997 caput
3706 2914 3716 2923 ’

2034 3022 2150 3079 εει,
2200 3016 2418 3071 festinet
2469 3020 2661 3073 oratio.
2702 3020 2941 3083 Auctor,
2982 3021 3294 3090 quicunque
3345 3021 3434 3075 ille
3489 3019 3615 3084 fuit,

2035 3108 2129 3178 qui
2193 3110 2333 3164 hanc
2386 3111 2916 3167 lucubratiunculam
2977 3116 3347 3182 conscripsit,
3400 3114 3619 3167 videtur

344 3196 463 3260 das,
524 3198 741 3253 derideo
788 3210 933 3251 tuam
977 3201 1309 3253 amentiam:
1347 3201 1452 3254 imo
1500 3200 1672 3267 potius
1715 3197 1928 3265 deploro
1958 3225 2005 3288 ο
2037 3199 2142 3254 sibi
2173 3200 2563 3270 disputandum
2613 3202 2967 3271 proposuisse
3019 3201 3085 3256 de
3134 3202 3306 3257 libero
3342 3201 3614 3257 arbitrio:

345 3301 488 3345 tuam
519 3289 827 3342 audaciam.
872 3288 974 3356 Qui
1001 3306 1133 3359 ergo
1159 3291 1271 3344 haec
1311 3300 1358 3345 et
1403 3289 1604 3344 similia
1646 3289 1761 3343 loca
1788 3289 1929 3341 inter

345 3396 402 3436 se
430 3390 856 3452 compararent,
875 3382 1029 3437 facile
1056 3384 1315 3451 intelliget
1338 3397 1482 3447 eam,
1500 3381 1566 3436 de
1586 3397 1691 3451 qua
1710 3390 1901 3436 contro
1917 3409 1930 3420 -

341 3472 518 3526 versia
556 3486 667 3533 εει,
699 3476 1001 3528 orationem
1028 3491 1094 3529 ex
1138 3476 1240 3527 alia
1270 3476 1574 3528 imitatione
1610 3488 1927 3541 expressam

343 3562 555 3617 fuisse:
590 3563 689 3617 sed
729 3564 802 3616 ita
839 3572 1043 3630 tamen,
1087 3574 1145 3618 ut
1184 3566 1490 3634 exetnplum
1535 3564 1603 3618 ab
1632 3564 1928 3633 archetypo

341 3653 507 3712 distet
553 3672 723 3725 quam
763 3658 1101 3726 longissime.
1148 3658 1328 3723 Quare
1360 3673 1481 3728 qua:
1530 3658 1728 3711 similia
1776 3667 1924 3720 sunt,

338 3756 527 3817 aperte
552 3752 861 3803 ostendunt
886 3753 1045 3805 aliam
1083 3754 1386 3807 orationem
1422 3768 1487 3806 ex
1516 3752 1619 3804 alia
1649 3751 1925 3805 deforma-

336 3848 449 3899 tam
501 3850 559 3895 et
604 3841 835 3897 eliictam
883 3858 1006 3899 esse
1043 3864 1055 3899 :
1097 3862 1220 3915 qure
1272 3860 1402 3901 vero
1445 3845 1754 3908 dissimilia,
1800 3861 1927 3897 cum

335 3934 512 3987 multa
543 3944 601 3989 et
631 3937 823 4006 gravia
848 3936 980 3997 sint,
1016 3939 1301 4008 utriusque
1323 3940 1609 3993 concionis
1646 3954 1753 3992 non
1780 3954 1928 3991 eum-

333 4023 465 4077 dem
502 4033 786 4079 auctorem
826 4042 949 4083 esse
996 4029 1284 4085 manifeste
1312 4029 1564 4100 probant.
1602 4028 1667 4082 Et
1714 4044 1843 4083 vero
1869 4028 1925 4082 in

336 4124 577 4186 utraque
620 4121 868 4173 oratione
903 4131 1009 4175 tam
1056 4123 1273 4177 diversa
1303 4131 1389 4179 est
1434 4122 1709 4178 scribendi
1757 4124 1922 4186 ratio,

336 4218 394 4260 ut
436 4222 562 4261 eam
620 4210 1045 4280 discrepantiam
1092 4213 1185 4281 qui
1225 4228 1333 4266 non
1384 4213 1599 4278 videat,
1646 4229 1776 4269 suos
1822 4214 1925 4268 sibi

334 4299 533 4352 oculos
561 4299 783 4353 claudat
806 4317 1031 4356 necesse
1066 4303 1158 4358 sit.
1205 4302 1475 4358 Creterum
1508 4304 1779 4358 neminem
1809 4320 1927 4355 mo-

335 4405 471 4445 vere
494 4391 677 4455 debet,
703 4394 847 4462 quod
876 4394 991 4447 haec
1027 4394 1502 4450 lucubratiuncula
1547 4396 1599 4449 in
1643 4396 1923 4451 veteribus

336 4482 501 4537 libris
548 4481 734 4539 Basilii
774 4501 974 4541 nomen
1014 4487 1287 4557 praeferat.
1320 4488 1458 4543 Cum
1507 4489 1651 4543 enim
1705 4497 1920 4553 auctor,

2038 3288 2088 3342 id
2123 3292 2267 3359 quod
2294 3289 2635 3358 judicarunt,
2667 3293 2759 3360 qui
2814 3292 2974 3346 breve
3006 3292 3135 3345 illud
3182 3292 3448 3361 scriptum
3501 3291 3619 3345 edi-

2037 3380 2188 3444 dere,
2220 3398 2342 3436 cum
2380 3384 2429 3438 ei
2476 3383 2696 3437 titulum
2733 3385 2983 3449 fecerint,
3036 3384 3115 3437 De
3163 3384 3325 3438 libero
3372 3384 3615 3437 arbitrio.

2037 3472 2273 3530 Basilius
2308 3487 2508 3541 autem,
2548 3486 2607 3530 ut
2665 3486 2853 3531 notum
2908 3486 3013 3543 est,
3070 3477 3125 3531 in
3187 3477 3442 3531 omnibus
3502 3474 3617 3531 suis

2036 3567 2297 3637 operibus
2333 3569 2575 3637 aliquem
2624 3570 2729 3625 sibi
2784 3571 2943 3624 ﬁnem
2978 3572 3249 3640 pmponit,
3282 3585 3383 3625 nec
3434 3568 3503 3622 ab
3552 3584 3619 3622 eo

2037 3656 2273 3712 discedit
2302 3660 2384 3711 vel
2418 3667 2795 3713 transversum
2834 3675 3092 3728 unguem,
3127 3660 3233 3715 nisi
3268 3661 3419 3729 prius
3455 3674 3620 3729 argu-

2037 3759 2345 3805 mentorum
2379 3754 2643 3821 gravitate
2674 3762 2836 3822 atque
2882 3752 3229 3806 multitudine
3265 3751 3608 3821 propositum

2041 3855 2328 3899 assecutus
2391 3846 2461 3898 sit
2497 3864 2507 3897 :
2544 3854 2735 3898 auctor
2762 3860 2911 3907 vero,
2948 3845 3198 3914 quisquis
3249 3853 3353 3907 est,
3392 3852 3616 3914 postea-

2036 3952 2199 4006 quam
2252 3953 2421 4007 pauca
2471 3939 2720 4007 quaedam
2768 3940 2836 3993 de
2880 3939 3080 3991 invicta
3118 3939 3164 3990 vi
3210 3937 3377 3990 divini
3428 3936 3619 3990 auxilii

2036 4031 2192 4093 dixit,
2225 4046 2452 4101 prorsus
2484 4032 2629 4084 aliud
2667 4033 2798 4101 agit,
2830 4030 2993 4099 idque
3028 4030 3100 4082 ita
3137 4028 3387 4092 confuse,
3422 4037 3480 4082 ut
3509 4044 3619 4099 quo

2036 4125 2390 4193 spectaverit,
2441 4124 2677 4178 nescias.
2734 4122 2833 4176 Ubi
2872 4123 3038 4192 igitur
3073 4122 3141 4176 de
3174 4122 3346 4175 libero
3391 4121 3619 4174 arbitrio

2035 4217 2228 4285 paucis
2277 4217 2495 4273 locutus
2544 4227 2663 4282 est,
2712 4218 2896 4271 statim
2951 4216 3132 4285 potius
3190 4212 3409 4283 quidvis
3466 4212 3614 4266 aliud

2037 4316 2252 4363 tractat.
2307 4309 2381 4361 lta
2443 4308 2587 4363 enim
2642 4307 2835 4361 scribit
2886 4308 3030 4377 (pag.
3096 4306 3220 4375 6l5)
3259 4326 3271 4361 :
3310 4303 3617 4374 Τοιγαροῦν

2034 4400 2193 4470 εἴπερ
2246 4396 2421 4468 βούλει
2482 4400 2692 4469 μαθεῖν,
2743 4399 2881 4461 τίνος
2936 4397 3120 4449 ἕνεκεν
3164 4394 3471 4457 κτισθέντες
3523 4392 3617 4445 καὶ

2037 4492 2281 4555 τεθέντες
2314 4494 2371 4544 ἐν
2402 4493 3052 4564 παραδείσῳβελειηαῖον
3082 4489 3617 4560 συμπαρεὸλήθημεν

335 4585 609 4640 quantum
645 4578 698 4630 in
739 4593 797 4633 se
843 4578 965 4639 fuit,
1012 4580 1321 4635 Basilianus
1362 4596 1485 4635 esse
1531 4580 1825 4645 studuerit,
1858 4582 1925 4635 ab

2034 4586 2142 4649 τοῖς
2183 4587 2431 4654 ἀνοήτοις
2460 4587 2700 4655 κτήνεσι,
2731 4586 2821 4637 καὶ
2850 4584 3213 4655 ὡμοιώθημεν
3248 4586 3446 4645 αὐτοῖς,
3479 4584 3617 4634 ἀπο-

335 4683 516 4737 eoque
567 4670 869 4725 sententias
924 4671 1133 4740 aliquas
1175 4674 1501 4742 sumpserit,
1535 4674 1667 4726 nihil
1729 4675 1923 4727 mirum

334 4757 514 4812 videri
556 4759 737 4822 debet,
779 4762 825 4815 si
870 4776 933 4813 ea
976 4762 1079 4831 ipsi
1129 4763 1335 4816 tributa
1386 4764 1476 4817 sit.
1517 4763 1736 4832 Aliquid
1778 4763 1929 4817 aliud

332 4852 444 4919 jam
480 4853 792 4922 aggrediar,
848 4856 941 4908 sed
994 4854 1037 4908 si
1088 4856 1242 4924 prius
1296 4870 1557 4907 monuero
1590 4856 1790 4909 multas
1833 4870 1927 4907 va-

336 4945 547 4999 riantes
577 4946 844 5000 lectiones
876 4946 932 4999 in
975 4945 1131 5001 libris
1173 4948 1416 5016 antiquis
1453 4949 1684 5002 inveniri
1717 4966 1730 5001 :
1766 4949 1925 5017 cujus

338 5036 415 5090 rei
472 5037 618 5089 hanc
664 5051 787 5090 esse
835 5051 1061 5091 causam
1111 5038 1469 5101 arbitramur,
1505 5039 1648 5107 quod
1687 5039 1923 5099 librarii,

335 5129 428 5197 qui
470 5130 612 5183 hanc
644 5130 1044 5183 oratiunculam
1089 5144 1198 5183 non
1234 5130 1367 5185 satis
1402 5140 1526 5200 apte
1552 5132 1922 5201 conscriptam

338 5222 613 5283 viderent,
652 5223 741 5274 alii
774 5222 933 5276 aliter
957 5237 1083 5277 eam.
1111 5223 1402 5277 emendare
1436 5227 1614 5277 conati
1646 5225 1781 5279 sint.

546 5353 574 5426 ς
616 5353 753 5408 ἭΙΙ.
798 5354 872 5409 De
908 5356 1130 5410 Itomilia
1166 5356 1227 5410 de
1270 5357 1432 5410 libero
1472 5359 1708 5414 arbitrio.

413 5512 506 5567 2‘2.
548 5512 682 5566 Cum
730 5530 891 5568 nemo
938 5514 1201 5569 hactenus
1250 5516 1483 5585 genuina
1519 5515 1703 5570 Basilii
1750 5532 1917 5585 opera

353 5603 420 5655 ab
452 5605 767 5662 adulterinis
803 5623 1087 5663 secernere
1119 5609 1219 5662 sibi
1263 5610 1397 5664 satis
1429 5609 1570 5663 serio
1616 5625 1920 5678 pl'oposue-
1954 5681 1961 5691 Ι

357 5698 447 5761 rit,
480 5711 586 5750 non
615 5709 693 5751 est
721 5700 863 5769 quod
895 5702 1185 5772 quisquam
1217 5702 1460 5765 miretur,
1493 5702 1535 5755 si
1568 5701 1666 5755 hoc
1697 5717 1918 5772 quoque

430 5854 471 5885 "
512 5853 663 5910 Joan.
701 5870 809 5923 xxv,
852 5856 937 5913 16.

2031 4680 2379 4742 πεπτωκότες
2420 4680 2517 4749 τῆς
2564 4678 2832 4748 ἀκράντου
2889 4676 3065 4747 δόξης,
3117 4677 3373 4743 γίνωσκε,
3429 4671 3617 4741 ἐπειδὴ

2029 4770 2117 4824 διὰ
2145 4771 2242 4841 τῆς
2274 4770 2555 4841 παρακοῆς
2587 4768 2762 4821 δοῦλοι
2791 4767 2888 4837 τῆς
2920 4768 3120 4838 σαρκὸς
3150 4768 3261 4826 τοῖς
3297 4763 3495 4815 πάθεσι
3524 4779 3617 4830 γε-

2035 4864 2283 4933 νόμενοι,
2341 4863 2567 4924 ἑαυτοὺς
2614 4862 2974 4930 ἀπῳκίσαμεν
3031 4860 3126 4928 τῆς
3180 4857 3458 4928 μακαρίας
3508 4855 3616 4908 τῶν

2030 4955 2248 5018 ζώντων
2310 4954 2514 5027 χώρας,
2564 4955 2658 5005 καὶ
2700 4954 2756 5003 ὲν
2790 4950 3138 5023 αἰχμαλωσίᾳ
3182 4948 3484 5019 γενόμενοι,
3535 4948 3615 5000 ἔτι

2030 5050 2123 5103 ἐπὶ
2164 5047 2271 5100 τῶν
2318 5046 2577 5115 ποταμῶν
2620 5042 2938 5105 Βαϐυλῶνος
2972 5039 3332 5103 καθέζεσθαιο
3384 5042 3477 5092 καὶ
3530 5037 3617 5090 διὰ

2028 5140 2089 5193 τὸ
2116 5140 2195 5193 ἔτι
2227 5142 2282 5192 ἐν
2308 5142 2569 5209 Αἰγύπτῳ
2602 5140 2747 5209 ἡμᾶς
2771 5134 3119 5206 κατέχεσθαι,
3154 5132 3306 5187 οὔπω
3332 5132 3618 5203 ἐκληρονο-

2034 5236 2284 5305 μήσαμεν
2309 5234 2407 5304 τὴν
2436 5235 2538 5303 γῆν
2561 5234 2657 5302 τῆς
2680 5232 3026 5299 ἐπαγγελίας.
3057 5228 3188 5294 Quae
3206 5226 3371 5281 verba
3399 5226 3478 5279 sic
3504 5240 3620 5277 ver-

2031 5330 2094 5383 tit
2120 5334 2421 5398 interpres:
2458 5326 2517 5381 Si
2540 5327 2686 5394 cupis
2710 5326 2873 5393 igitur
2902 5337 3231 5392 cognoscere,
3259 5320 3410 5385 cuius
3438 5317 3617 5387 gratia

2029 5422 2247 5483 conditi,
2283 5422 2436 5491 inque
2458 5418 2771 5489 paradisum
2798 5417 2980 5479 locati,
3014 5411 3384 5484 insipientibus
3406 5409 3616 5463 tandem

2036 5513 2393 5571 animantibus
2445 5511 2737 5578 comparati
2789 5519 2837 5562 et
2865 5506 3157 5563 assimilati
3192 5507 3381 5585 simus,
3416 5503 3480 5556 ab
3515 5504 3619 5554 im-

2034 5608 2301 5661 maculata
2334 5606 2429 5657 illa
2458 5603 2628 5673 gloria
2658 5602 2854 5671 relapsi
2884 5618 2900 5654 :
2934 5598 3205 5653 sciendum
3230 5596 3470 5667 estquod
3493 5609 3617 5662 quo-

2031 5703 2172 5755 niam
2207 5716 2296 5767 per
2319 5696 2725 5752 inobedientiam
2753 5695 2888 5750 servi
2918 5687 3615 5755 carnalium'coucupiscen-
