3972 6202
353 374 418 427 F3
1771 370 2164 427 ΡΒΑΞῈΔΤΙΟ.
3540 361 3608 418 54

356 486 445 541 καὶ
475 485 534 538 τὸ
550 486 844 558 ἄγκιστρον
873 489 975 559 τῆς
999 489 1204 552 κακίας
1227 489 1581 559 ἐμπεπηκται
1602 488 1762 558 αὐτῇ.
1781 487 1934 541 Νοη-

2043 484 2248 540 humile
2271 484 2325 538 in
2351 499 2416 539 eo
2446 484 2707 553 reperias,
2740 497 2864 538 cum
2891 491 3070 537 tamen
3097 473 3150 536 in
3173 469 3299 537 vere
3319 479 3608 536 Basilianis

357 580 472 631 dum
511 595 782 647 aspersum
811 592 891 636 est
919 599 1014 637 cor
1043 594 1284 635 nostrum
1326 581 1582 651 sanguine
1607 582 1743 650 Agni
1787 580 1883 633 Dei
1911 597 1928 633 :

359 668 520 721 adhuc
547 671 683 722 enim
716 670 800 723 illi
833 673 1054 742 laqueus
1087 672 1282 740 inferni
1311 681 1361 725 et
1386 672 1574 725 hamus
1602 672 1822 724 malitiw
1850 672 1932 724 ξηε-

356 763 489 830 [ius
515 773 614 817 est.
643 762 890 818 Primum
925 765 1168 819 hominis
1199 772 1325 818 sunt
1355 765 1540 828 verba,
1572 767 1664 834 qui
1695 781 1802 818 non
1828 779 1931 818 ca:-

355 866 592 910 terorum
635 857 924 911 hominum
970 875 1126 913 more
1161 859 1421 927 loquitur.
1453 857 1619 912 Pauci
1647 859 1814 922 enim,
1840 858 1932 927 qui

353 951 847 1020 interrogarentur,
901 967 1003 1004 cur
1043 967 1141 1004 cor
1177 961 1424 1004 nostrum
1479 951 1746 1019 sanguine
1797 949 1932 1019 Agni

353 1040 444 1094 Dei
476 1043 718 1095 nondum
747 1059 1032 1111 aspersum
1059 1045 1151 1108 sit,
1190 1045 1261 1097 ita
1294 1043 1724 1112 responderent:
1750 1040 1933 1093 Adhuc

351 1136 486 1187 enim
511 1136 728 1203 laqueus
760 1136 957 1203 inferni
974 1146 1020 1189 et
1045 1136 1231 1188 hamus
1256 1136 1479 1189 malitia:
1505 1135 1704 1203 inﬁxus
1730 1145 1806 1188 est
1829 1135 1930 1189 illi.

355 1224 554 1280 Deinde
586 1242 776 1280 vocem
803 1228 1078 1298 πέταυρον
1110 1244 1208 1296 pro
1233 1243 1318 1287 co,
1349 1227 1494 1296 quod
1525 1226 1714 1297 βρόχος
1736 1228 1933 1281 usitate

354 1317 571 1380 dicitur,
611 1334 887 1388 nusquam
914 1335 944 1372 a
979 1319 1186 1374 Basilio
1219 1320 1521 1372 adhibitam
1551 1320 1792 1374 invenio.
1824 1318 1934 1374 Nec

356 1410 428 1462 ita
455 1410 626 1463 multo
655 1411 796 1463 intra
825 1413 900 1465 ita
931 1419 1124 1465 auctor
1155 1411 1368 1464 locutus
1404 1421 1486 1465 est
1521 1409 1736 1479 (ibid.):
1771 1409 1935 1463 Οὔπω

355 1501 655 1571 γεγόναμεν
688 1502 874 1562 ἄδολος
906 1503 1161 1574 πορφύρα
1199 1501 1471 1572 βασιλικὴ,
1502 1502 1624 1554 οὐδὲ
1651 1502 1935 1566 ἀνόθευτος

355 1591 515 1643 εἰκὼν
544 1591 726 1664 Θεῖκή.
765 1591 1017 1648 Nondum
1051 1595 1184 1663 [acti
1209 1611 1390 1647 sumus
1426 1593 1546 1660 fuco
1587 1609 1769 1645 carens
1806 1608 1934 1660 pur-

353 1696 483 1748 pura
512 1683 676 1750 regia,
710 1699 872 1751 neque
891 1700 1144 1752 germana
1166 1685 1336 1754 imago
1363 1683 1540 1737 divina
1574 1699 1591 1735 :
1622 1683 1711 1735 ubi
1742 1690 1937 1736 notan-

355 1774 502 1835 dum,
535 1773 683 1842 quod
707 1774 818 1842 jam
852 1775 978 1828 alibi
1015 1775 1346 1836 notavimus,
1376 1774 1633 1829 Basiliam
1668 1790 1799 1829 voce
1830 1774 1937 1826 Θεῖ-

2035 577 2148 632 illis
2181 575 2421 631 exordiis
2469 574 2674 645 grande
2719 574 2994 645 quoddam
3043 582 3098 628 et
3132 572 3365 630 Sublime
3393 572 3610 627 dicendi

2033 685 2206 740 genus
2237 683 2452 738 semper
2485 669 2829 722 adhibeatur.
2863 666 3158 735 Postquam
3199 673 3380 720 autem
3417 664 3612 734 frigide

2035 777 2264 817 exorsus
2295 771 2379 815 est
2410 761 2665 830 scriptor.
2700 759 2951 828 frigidius
2981 761 3051 813 ita
3085 757 3433 828 persequitur
3463 756 3607 826 (pag.

2033 855 2194 925 6H):
2225 855 2287 906 Ti
2310 853 2480 917 εἴπω;
2515 853 2632 917 πῶς
2659 854 2800 924 ὑμᾶς
2833 852 3275 924 προσφθέγξομαι
3297 867 3310 915 ;
3333 849 3450 912 πῶς
3472 867 3608 920 προ-

2034 948 2413 1017 καταλήψομαι
2431 946 2498 998 τὰ
2524 946 2856 1017 παρελθόντα
2876 965 2890 1010 ;
2910 946 3017 997 τῶν
3042 944 3339 1014 μελλόντων
3355 942 3415 995 τὸ
3429 942 3607 1012 χρέος;

2036 1042 2145 1093 Καὶ
2171 1041 2279 1110 γὰρ
2310 1039 2684 1108 παρελθόντων
2711 1037 3008 1100 ὑπεύθυνός
3032 1039 3168 1106 εἰμι,
3193 1035 3285 1088 καὶ
3310 1035 3609 1105 μελλόντων

2035 1132 2335 1203 χρεώστης.
2384 1129 2524 1196 Quid
2557 1129 2781 1184 dicant?
2830 1146 2928 1200 quo
2979 1146 3066 1182 vos
3122 1127 3276 1182 modo
3325 1127 3611 1196 alloquar?

2035 1241 2136 1293 quo
2163 1233 2316 1292 pacto
2343 1234 2666 1276 antevertam
2691 1223 2998 1291 pra'terita?
3022 1220 3325 1288 futurorum
3343 1218 3612 1277 debitum!

2038 1312 2247 1367 Etenim
2280 1314 2671 1381 prwteritorum
2717 1327 2836 1363 reus
2884 1326 3023 1373 sum,
3057 1324 3103 1364 et
3135 1309 3434 1377 futurorum
3463 1306 3610 1360 debi-

2040 1416 2140 1459 tor.
2177 1403 2361 1458 Dicam
2403 1405 2672 1469 vicissim,
2709 1403 2920 1456 nescire
2961 1416 3047 1455 me
3083 1416 3192 1469 quo
3232 1398 3349 1452 haec
3391 1397 3613 1452 nomine

2038 1497 2326 1565 appellem.
2359 1495 2500 1560 Quid
2535 1495 2677 1549 enim
2711 1495 2811 1548 sibi
2849 1493 2973 1546 velit
3005 1491 3157 1555 illud,
3189 1491 3304 1556 Quo
3333 1497 3485 1553 pacto
3515 1505 3613 1540 an-

2039 1593 2286 1638 tevertam
2321 1586 2633 1652 practerita?
2668 1583 2975 1652 futurorum
3021 1581 3295 1634 debitum?
3337 1594 3446 1632 non
3479 1578 3613 1632 satis

2040 1674 2286 1742 intelligo
2312 1675 2403 1743 (ε).
2446 1673 2730 1738 Quomodo
2770 1671 2935 1741 igitur
2958 1670 3071 1723 haec
3097 1682 3187 1723 aut
3212 1670 3453 1722 vocanda
3479 1670 3610 1729 sint,

2039 1774 2132 1818 aut
2157 1766 2525 1835 intelligenda,
2556 1766 2646 1818 alii
2671 1764 2926 1817 viderint.
2956 1762 3251 1832 Aliquanto
3279 1769 3402 1830 post
3423 1769 3615 1813 auctor

355 1864 445 1926 κός
477 1881 764 1934 nunquam
813 1866 1016 1922 insuis
1046 1867 1268 1935 scriptis
1302 1869 1379 1921 uti
1407 1866 1499 1937 (a).
1555 1866 1808 1919 Nonnihil
1850 1875 1934 1920 est

2038 1857 2110 1912 ita
2145 1859 2335 1912 scribit
2380 1857 2524 1929 (pag.
2557 1858 2685 1928 6l8)
2721 1877 2732 1910 :
2785 1856 2938 1909 Ἐπεὶ
2968 1851 3059 1909 οὖν
3091 1857 3138 1908 οἱ
3169 1855 3267 1924 μὲν
3301 1854 3454 1924 βαθεῖ
3484 1870 3615 1906 κατ-

355 1971 590 2026 quoque,
630 1958 778 2026 quod
816 1975 916 2012 vox
958 1959 1266 2029 τοιγαροῦν,
1311 1975 1432 2029 quae
1468 1967 1578 2012 tam
1611 1974 1799 2028 parum
1833 1957 1934 2010 Ba-

356 2051 476 2105 silio
501 2050 798 2109 familiaris
819 2061 960 2118 erat,
995 2061 1054 2106 ut
1093 2069 1257 2123 opere
1296 2054 1349 2108 in
1379 2055 1538 2124 longo
1562 2052 1636 2123 (b)
1671 2067 1739 2107 ne
1766 2053 1934 2106 semel

355 2143 570 2212 quidem
619 2160 683 2198 ea
730 2161 865 2200 usus
923 2146 1032 2208 sit,
1107 2146 1223 2215 ipsa
1280 2154 1461 2199 tamen
1507 2147 1562 2199 in
1620 2153 1731 2198 tam
1784 2143 1933 2198 brevi

355 2238 618 2306 opusculo
670 2245 755 2292 ter
796 2247 891 2291 aut
932 2247 1129 2308 quater
1171 2240 1490 2308 reperiatur.
1522 2237 1802 2303 Quodsiin
1837 2237 1935 2290 aii-

351 2330 507 2397 cujus
553 2341 738 2385 mente
783 2332 1082 2400 scrupulus
1125 2339 1285 2401 atque
1313 2330 1583 2386 dubitatio
1623 2330 1800 2383 adhuc
1845 2344 1934 2382 re-

357 2421 546 2484 sideat,
591 2424 757 2476 velim
802 2423 944 2476 hanc
979 2424 1511 2477 lucubratiunculam
1557 2437 1680 2476 cum
1716 2421 1935 2475 indubi-

362 2515 481 2568 tatis
511 2513 702 2570 Basilii
738 2516 960 2586 sei-iptis
989 2527 1315 2586 comparet:
1350 2516 1494 2586 quod
1523 2516 1614 2569 ubi
1646 2515 1935 2585 diligenter

367 2605 560 2671 fecerit,
617 2609 772 2664 brevi
827 2625 1182 2664 assensurum
1235 2611 1473 2675 contido,
1522 2609 1781 2664 Basilium
1814 2609 1933 2679 ejus

364 2700 655 2770 legitimum
687 2709 967 2770 parentem
1002 2717 1112 2755 non
1141 2717 1282 2756 esse.

415 2892 553 2963 ΗΧ.
589 2895 668 2949 De
699 2895 920 2964 homilia
953 2897 1008 2948 in
1037 2895 1189 2959 illud,
1234 2915 1251 2946 ι
1281 2895 1361 2950 Ne
1385 2897 1592 2962 dederis
1629 2913 1887 2965 somnum.

883 2967 1052 3020 oculis
1084 2969 1257 3030 tuis,»
1295 2976 1395 3021 etc.

423 3145 512 3201 24.
557 3146 714 3202 Hanc
761 3147 1039 3202 homiliam
1097 3163 1204 3202 non
1258 3149 1330 3202 ita
1382 3148 1592 3217 pridem
1645 3146 1948 3202 ediderunt.

357 3239 685 3296 Franciscus
719 3241 1086 3296 Combelisius
1129 3248 1181 3295 et
1224 3239 1466 3296 Joannes
1494 3241 1740 3311 Baptista
1772 3240 1935 3296 Cote-

359 3334 549 3401 lerius;
578 3335 668 3390 ille
694 3333 888 3389 Latine
923 3336 1122 3400 solum,
1148 3336 1235 3389 hic
1267 3331 1456 3390 Graece
1485 3345 1539 3390 et
1561 3335 1773 3389 Latine.
1801 3333 1934 3402 Ejus

357 3427 426 3480 ita
459 3429 794 3481 mentionem
829 3429 1035 3482 faciunt
1065 3429 1369 3484 doctissimi
1412 3429 1511 3483 viri
1549 3427 1934 3482 Tillemontitts

356 3518 699 3588 et-Dupinus,
745 3529 801 3574 ut
835 3523 1005 3591 ipsam
1047 3522 1248 3577 Basilio
1275 3520 1469 3591 Magno
1509 3537 1617 3576 non
1654 3520 1933 3592 indignam

353 3626 476 3666 esse
501 3613 882 3682 pronuntient.
920 3613 1035 3668 Hoc
1073 3613 1214 3668 idem
1249 3630 1310 3668 ea
1350 3615 1418 3669 de
1459 3613 1935 3668 lucubratiuncula

348 3703 460 3772 jam
503 3716 665 3759 antea
696 3718 984 3761 senserant
1014 3709 1121 3762 duo
1147 3708 1182 3761 ii
1215 3723 1353 3778 quos
1387 3709 1622 3777 primum
1656 3707 1935 3761 nominavi

351 3799 452 3852 viri
483 3799 869 3854 eruditissimi.
907 3801 1058 3855 Dolet
1092 3801 1246 3864 mihi,
1279 3801 1424 3872 quod
1451 3801 1565 3855 haec
1587 3801 1936 3855 oratiuncula

348 3890 454 3945 hos
500 3900 765 3959 patronos
816 3892 1030 3946 habeat.
1081 3890 1288 3948 Vereor
1324 3893 1487 3956 enim,
1537 3909 1605 3947 ne
1647 3909 1837 3947 eorum
1881 3894 1936 3948 in

349 3983 551 4037 litteris
579 3984 880 4038 auctoritas
903 3995 1112 4038 tantum
1138 3985 1280 4054 apud
1305 3985 1523 4055 aliquos
1544 3985 1753 4053 valeat,
1780 3994 1839 4039 ut
1870 4002 1938 4042 ne

346 4076 522 4130 velint
562 4077 784 4147 quidem
837 4087 1023 4131 nostra
1082 4087 1402 4148 argumenta
1460 4079 1674 4133 audire.
1729 4078 1934 4145 Quare,

348 4171 459 4224 nisi
490 4185 581 4225 res
614 4173 734 4239 ipsa
784 4170 851 4223 ad
886 4171 1215 4240 loquendum
1259 4171 1503 4242 adigeret
1547 4186 1652 4235 me,
1699 4179 1935 4225 tacerem

346 4262 551 4317 libens.
601 4261 789 4331 Neque
825 4262 971 4315 enim
1015 4262 1226 4333 ignoro,
1276 4279 1438 4332 quam
1493 4264 1564 4330 sit
1615 4265 1938 4334 periculosa:

347 4353 575 4426 pienum
607 4355 936 4424 Opustaleze,
989 4355 1257 4424 ejusmodi
1297 4357 1432 4423 viris
1475 4357 1777 4412 adversari.
1831 4356 1936 4410 Sed

349 4447 613 4515 quoniam
658 4447 955 4516 quidquam
1001 4448 1351 4504 dissimulare
1402 4463 1502 4502 nec
1548 4464 1796 4518 possum,
1837 4465 1938 4503 nec

2037 1951 2246 2021 ἔχονται
2267 1951 2440 2020 ὕπνῳ,
2475 1951 2919 2023 ληθαργήσαντες
2951 1948 3058 2001 τῶν
3086 1948 3179 2002 τοῦ
3210 1947 3344 2000 Θεοῦ
3375 1945 3612 2017 δωρεῶν·

2035 2044 2082 2094 οἱ
2111 2041 2166 2093 δὲ
2198 2041 2420 2110 ἀναμὶξ,
2457 2039 2589 2093 ποτὲ
2627 2040 2722 2107 μὲν
2756 2039 3143 2108 ἐγρηγόρασιν,
3185 2035 3314 2088 ποτὲ
3345 2035 3401 2088 δὲ
3427 2034 3614 2105 ὥσπερ

2035 2134 2506 2197 ὲπινυστάζουσιν·
2542 2131 2663 2185 οὔτε
2708 2133 2800 2184 τὸν
2849 2130 3128 2201 ἀλλότριον
3179 2129 3443 2198 δέχονται,
3491 2126 3616 2179 οὔτε

2034 2229 2125 2281 τόν
2155 2246 2285 2281 ποτε
2321 2229 2741 2299 ἐπιστρέφοντα,
2771 2226 2893 2279 οὔτε
2928 2227 3018 2279 τὸν
3047 2224 3305 2278 νοσοῦντα
3334 2225 3410 2287 ὡς
3440 2223 3617 2292 ὑγιαί-

2036 2337 2213 2373 νοντα.
2261 2321 2386 2374 Ἵνα
2430 2318 2584 2388 σώζῃ
2616 2318 2820 2387 ὥσπερ
2864 2319 3085 2386 δορκὰς
3126 2317 3194 2369 ἐκ
3231 2313 3494 2385 βροχῶν.
3553 2314 3616 2368 Ἥ

2034 2414 2234 2486 δορκὰς
2264 2413 2402 2479 ζῶόν
2444 2416 2593 2466 ἐστιν
2633 2412 2936 2483 ὀξυδερκὲς,
2974 2409 3261 2479 ἐπώνυμον
3309 2411 3374 2479 τῇ
3421 2407 3616 2462 ἑαυτοῦ

2035 2509 2343 2580 ὀξυδορκέᾳ·
2380 2507 2528 2559 οὐδὲν
2563 2506 2811 2559 λανθάνει
2850 2505 2938 2558 τὸν
2973 2502 3250 2573 ὀφθαλμὸν
3287 2503 3386 2572 τῆς
3422 2502 3618 2574 δορκάο

2035 2601 2142 2661 δος,
2170 2595 2308 2651 οἶδεν
2339 2599 2366 2649 ὃ
2395 2595 2708 2666 φυλάξεται,
2743 2597 2837 2648 καὶ
2869 2592 3006 2648 οἶδεν
3039 2596 3172 2647 ὅπου
3207 2593 3300 2647 τοῦ
3327 2594 3531 2664 δρόμου
3558 2594 3620 2647 τὸ

2037 2690 2447 2761 κυϐερνητικόν.
2482 2688 2621 2754 Quia
2645 2689 2808 2754 igitur
2838 2687 2934 2740 alii
2962 2686 3170 2756 quidem
3195 2685 3457 2755 profundo
3486 2684 3620 2740 dcti-

2038 2790 2228 2835 nentur
2268 2797 2470 2841 somno,
2505 2779 2762 2832 donorum
2806 2777 2900 2829 Dei
2941 2775 3194 2829 oblivione
3232 2779 3384 2846 quasi
3413 2785 3619 2830 veterno

2037 2873 2310 2941 occupati;
2339 2874 2434 2924 alii
2463 2889 2578 2924 vero
2607 2871 2871 2938 permiste,
2899 2869 3161 2940 interdum
3190 2869 3431 2938 vigilant,
3459 2869 3619 2921 inter-

2037 2965 2163 3016 dum
2201 2965 2340 3017 velut
2387 2963 2767 3024 indormitant;
2818 2978 2980 3031 neque
3033 2962 3266 3014 alienum
3307 2961 3617 3021 admittunt.

2039 3075 2200 3129 neque
2233 3074 2350 3110 eum
2385 3058 2473 3123 qui
2514 3055 2802 3124 aliquando
2837 3071 3112 3106 conversus
3140 3063 3238 3116 cst,
3271 3070 3431 3123 neque
3461 3069 3622 3122 arng-

2042 3159 2152 3202 tum
2187 3159 2436 3217 tanquam
2469 3163 2676 3199 sanum.
2717 3164 2735 3195 ‹
2775 3145 2840 3198 Ut
2872 3144 3091 3198 solveris
3127 3156 3378 3213 tanquam
3401 3144 3622 3197 damula

2038 3257 2066 3295 ε
2095 3241 2318 3310 laqueis.
2351 3261 2368 3290 ι
2409 3239 2638 3291 Dumula
2667 3255 2754 3290 seu
2779 3237 2990 3299 dorcas,
3014 3237 3216 3289 animal
3244 3246 3321 3290 est
3356 3237 3467 3288 acie
3499 3251 3624 3288 ocu-

2040 3333 2211 3386 lorum
2239 3330 2436 3395 valens,
2463 3347 2526 3384 ea:
2553 3346 2655 3400 qua
2684 3329 2930 3382 dorcadis
2951 3345 3136 3381 nomen
3159 3329 3280 3380 tulit
3302 3344 3319 3380 :
3339 3327 3472 3380 nihil
3494 3328 3620 3383 latet

2037 3423 2282 3478 dorcadis
2322 3428 2530 3477 oculum
2552 3440 2568 3475 .'
2589 3423 2728 3476 novit
2756 3422 2881 3491 quid
2910 3438 3088 3474 cavere
3117 3420 3336 3483 debeat;
3365 3421 3503 3474 norit
3532 3421 3622 3476 tibi

2037 3521 2107 3573 sit
2151 3535 2335 3572 cursus
2378 3517 2810 3588 gubernaculum.
2845 3513 2921 3568 lta
2973 3516 3214 3570 scribere
3255 3517 3428 3584 potuit
3459 3516 3621 3569 homo

2039 3611 2241 3665 ultimm
2279 3610 2464 3676 sortis,
2499 3626 2606 3662 non
2634 3608 2869 3663 Basilius
2897 3615 3174 3661 oratorum
3197 3609 3455 3677 optimus.
3479 3607 3620 3673 Quid

2037 3713 2120 3760 est
2157 3705 2324 3764 enim.
2356 3719 2564 3774 qumso,
2597 3709 2769 3756 totum
2797 3700 2950 3762 illud,
2978 3701 3239 3753 interdum
3266 3701 3506 3770 vigilant,
3539 3702 3622 3753 in-

2040 3796 2244 3850 terdum
2267 3797 2654 3857 indormitant;
2688 3809 2848 3863 neque
2870 3794 3100 3858 alienum
3125 3792 3435 3857 admittunt,
3462 3809 3622 3863 neque

2037 3906 2154 3943 eum
2181 3889 2270 3959 qui
2301 3889 2588 3958 aliquando
2614 3903 2890 3940 conversus
2913 3895 3011 3949 est,
3046 3901 3204 3955 neque
3234 3895 3485 3953 a'grotum
3511 3895 3622 3938 tan-

2037 3999 2197 4053 quam
2227 3999 2440 4045 sanum,
2473 3983 2578 4035 nisi
2613 3981 2906 4034 verborum
2942 3978 3302 4049 quorumdam
3343 3979 3622 4035 incondita

2037 4074 2286 4145 quaedam
2322 4075 2642 4144 congeries?
2665 4072 2880 4151 Quaaro,
2911 4075 3226 4144 vigilaretne
3256 4083 3465 4134 auctor,
3495 4089 3619 4127 eum

2039 4171 2111 4223 ita
2139 4167 2382 4237 scripsit,
2416 4183 2484 4220 an
2516 4166 2874 4230 dormitaret?
2897 4181 3136 4221 sanusne
3155 4174 3318 4228 esset,
3353 4181 3420 4219 an
3448 4180 3621 4235 {egro-

2039 4260 2166 4313 tus?
2190 4260 2297 4313 Nec
2326 4260 2498 4312 multo
2531 4260 2723 4312 melius
2747 4267 2829 4313 est
2850 4259 2996 4329 quod
3023 4260 3292 4328 sequitur,
3326 4258 3466 4311 novit
3500 4256 3622 4329 [da-

2040 4350 2209 4423 mula]
2255 4351 2345 4403 ubi
2389 4352 2457 4404 sit
2509 4368 2695 4408 cursus
2744 4352 3178 4419 gubernaculum.
3246 4350 3345 4404 llic
3398 4364 3623 4406 monere

2035 4441 2210 4508 juvat,
2247 4442 2570 4510 scriptorem
2606 4456 2634 4492 e
2666 4439 2846 4494 Basilii
2872 4442 3140 4504 oratione,
3174 4443 3260 4494 cui
3291 4440 3503 4507 titulus,
3535 4441 3625 4494 At-

351 4537 548 4599 debeo,
587 4538 716 4607 quid
749 4539 819 4593 de
854 4539 957 4592 hoc
991 4543 1256 4609 opusculo
1287 4541 1538 4603 sentiam,
1565 4541 1777 4610 aperire
1801 4555 1935 4594 ροιι.
1971 4563 2012 4617 D
2044 4531 2193 4613 tende
2231 4531 2326 4584 tibi
2360 4534 2479 4598 ipsi,
2513 4532 2776 4586 nonnulla
2809 4541 3114 4586 mutuatum
3153 4532 3323 4587 fuisse
3355 4551 3366 4586 :
3407 4530 3502 4586 sed
3542 4532 3622 4587 sic

352 4631 534 4693 stitui,
570 4640 629 4684 ut
661 4632 729 4684 ab
759 4632 991 4690 eruditis
1021 4633 1358 4694 hominibus,
1401 4633 1594 4685 merito
1633 4649 1700 4686 an
1743 4633 1936 4687 immeo

352 4725 460 4776 rito
489 4725 560 4776 ab
595 4723 674 4777 eis
712 4723 1059 4785 dissentiam,
1098 4723 1399 4791 judicetur.
1445 4723 1500 4776 In
1537 4723 1782 4792 qualibet
1812 4739 1934 4777 ora-

351 4815 523 4883 tione,
558 4816 638 4869 vel
667 4817 852 4884 potius
879 4816 936 4868 in
961 4815 1201 4884 quolibet
1231 4817 1434 4885 scripto
1464 4816 1572 4868 duo
1594 4815 1934 4870 considerari

353 4913 608 4976 possunt,
643 4907 809 4960 verba
840 4915 896 4960 et
923 4905 1231 4960 sententiae.
1258 4904 1502 4972 Utraque
1535 4912 1714 4958 autem
1749 4906 1805 4959 in
1832 4906 1935 4961 hoc

357 4987 642 5065 apusculo,
698 5007 758 5050 ut
817 4995 950 5050 mihi
1005 4996 1226 5066 quidem
1287 4997 1524 5060 videtur,
1587 4999 1934 5068 peregrinum

355 5086 611 5161 quiddam
651 5097 707 5146 et
755 5103 785 5139 a
831 5087 1018 5142 Basilii
1055 5088 1450 5142 consuetudine
1478 5089 1713 5142 alienum
1746 5088 1936 5164 praefe-

359 5186 504 5232 runt.
542 5180 601 5234 Et
626 5189 685 5233 ut
720 5180 859 5234 ordo
902 5179 1104 5249 aliquis
1138 5187 1407 5242 servetur,
1443 5180 1678 5252 primum
1710 5179 1778 5235 de
1805 5196 1934 5236 sen-

361 5271 560 5333 tentiis,
608 5271 810 5339 deinde
859 5270 928 5326 de
973 5271 1154 5326 verbis
1207 5272 1632 5340 disputabimus.
1689 5273 1830 5345 Ergo
1888 5274 1931 5327 si

362 5356 534 5426 ipsum
567 5361 857 5415 exordium
885 5361 1228 5426 consideres,
1263 5346 1398 5415 nihil
1428 5361 1535 5417 nisi
1576 5362 1846 5433 abjectum
1881 5370 1934 5417 et

440 5603 507 5669 (α)
535 5601 691 5657 Tum.
721 5606 737 5655 l
772 5621 826 5655 tu
865 5604 1023 5657 t’razl’.
1067 5621 1120 5658 ιι.
1157 5606 1240 5659 18.

435 5778 496 5840 (c)
529 5780 646 5829 \‘ide
670 5787 838 5830 notam
864 5780 921 5829 ad
939 5781 1068 5830 hunc
1091 5782 1264 5833 locum.
1293 5783 1428 5834 Eutr.

2043 4634 2246 4682 tamen.
2281 4634 2339 4677 ut
2371 4624 2789 4687 suisBasiliana
2823 4625 3100 4695 depravet.
3136 4625 3428 4695 Postquam
3452 4626 3620 4687 enim,

2042 4716 2226 4772 Basilii
2270 4717 2538 4784 exemplo,
2587 4717 2775 4770 eadem
2826 4717 2916 4770 illa
2973 4716 3268 4786 Scriptura:
3315 4717 3501 4785 verba,
3555 4716 3622 4774 Ut

2043 4809 2262 4863 salveris
2298 4818 2549 4878 tanquam
2581 4808 2800 4860 damula
2831 4826 2858 4861 ε
2891 4809 3112 4879 laqueis,
3141 4809 3193 4862 in
3224 4808 3458 4862 medium
3491 4824 3623 4879 pro-

2043 4901 2188 4963 tulit,
2230 4901 2412 4954 statim
2457 4899 2626 4965 addit,
2666 4901 2757 4972 Μὴ
2789 4900 2879 4953 ἔσο
2909 4900 3076 4972 ἀργὸς
3116 4901 3242 4970 περὶ
3277 4899 3374 4964 τὰς
3404 4900 3624 4964 ἐντολὰς

2042 4993 2135 5044 τοῦ
2178 4993 2400 5062 Κυρίου·
2443 4992 2516 5062 μὴ
2547 4991 2606 5044 τὸ
2643 4992 2740 5062 μὲν
2777 4993 2939 5056 ποίει,
2974 4992 3034 5045 τὸ
3073 4992 3129 5045 δὲ
3162 4992 3484 5047 ἀναδάλλου.
3521 4993 3623 5046 Δα-

2043 5086 2306 5153 νειετικόν
2340 5103 2390 5136 τι
2421 5087 2594 5147 ποιεῖς
2627 5085 2936 5154 ἀφοσίωμα,
2965 5083 3040 5146 ὡς
3073 5082 3133 5135 τὸ
3158 5084 3278 5139 ὅλον
3306 5083 3617 5156 πληρώσας.

2057 5175 2215 5228 Ἀλλὰ
2244 5175 2512 5244 βούλεται,
2538 5183 2642 5230 etc.
2675 5173 2802 5228 Noli
2825 5190 2935 5228 esse
2957 5176 3098 5227 circa
3125 5175 3380 5229 mandata
3415 5175 3624 5238 Domini

2045 5270 2243 5322 otiosus
2274 5285 2290 5320 :
2320 5268 2428 5320 noli
2459 5267 2555 5320 hoc
2601 5267 2807 5335 quidem
2843 5266 3031 5335 facere,
3069 5267 3206 5319 illud
3237 5284 3352 5322 vero
3386 5267 3619 5336 differre.

2049 5361 2435 5415 Feneraticiam
2483 5359 2765 5429 quamdam
2822 5361 2936 5429 agis
2979 5361 3417 5430 satisfactionem,
3448 5371 3504 5428 ut
3536 5364 3624 5428 qui

2131 5607 2205 5681 (b)
2241 5607 2406 5662 Primi
2437 5616 2548 5664 tres
2575 5609 2626 5662 in
2665 5608 2894 5665 Eunom.
2924 5611 3017 5667 lib.
