  <div class='ocr_page' id='page_1' title='image "/cluster/home/n/w/nwhite01/storage/ocr_20150623/31/mdp.39015012934363/035.png"; bbox 0 0 3972 6202; ppageno 0'>
   <div class='ocr_carea' id='block_1_1' title="bbox 330 295 3556 378">
    <p class='ocr_par' dir='ltr' id='par_1_1' title="bbox 330 295 3556 378">
     <span class='ocr_line' id='line_1_1' title="bbox 330 295 3556 378; baseline -0 -17"><span class='ocrx_word' id='word_1_1' title='bbox 330 303 403 361; x_wconf 81' lang='lat' dir='ltr'><strong><em>ss</em></strong></span> <span class='ocrx_word' id='word_1_2' title='bbox 1722 304 2131 378; x_wconf 59' lang='lat' dir='ltr'><strong><em>ramento.</em></strong></span> <span class='ocrx_word' id='word_1_3' title='bbox 3485 295 3556 361; x_wconf 76' lang='lat' dir='ltr'><strong><em>se</em></strong></span> 
     </span>
    </p>
   </div>
   <div class='ocr_carea' id='block_1_2' title="bbox 335 412 3558 500">
    <p class='ocr_par' dir='ltr' id='par_1_2' title="bbox 335 412 3558 500">
     <span class='ocr_line' id='line_1_2' title="bbox 335 412 3558 500; baseline 0.001 -25"><span class='ocrx_word' id='word_1_4' title='bbox 335 431 500 476; x_wconf 75' lang='lat' dir='ltr'><strong><em>totum</em></strong></span> <span class='ocrx_word' id='word_1_5' title='bbox 527 421 839 492; x_wconf 65' lang='lat' dir='ltr'><strong><em>impleveris.</em></strong></span> <span class='ocrx_word' id='word_1_6' title='bbox 867 423 971 479; x_wconf 81' lang='lat' dir='ltr'><strong><em>Sed</em></strong></span> <span class='ocrx_word' id='word_1_7' title='bbox 990 425 1119 491; x_wconf 85' lang='lat' dir='ltr'><strong><em>vult,</em></strong></span> <span class='ocrx_word' id='word_1_8' title='bbox 1141 432 1253 481; x_wconf 84' lang='lat' dir='ltr'><strong><em>etc.</em></strong></span> <span class='ocrx_word' id='word_1_9' title='bbox 1276 423 1488 480; x_wconf 75' lang='lat' dir='ltr'><strong><em>Rursus</em></strong></span> <span class='ocrx_word' id='word_1_10' title='bbox 1508 425 1645 495; x_wconf 85' lang='lat' dir='ltr'><strong><em>quid.</em></strong></span> <span class='ocrx_word' id='word_1_11' title='bbox 1663 434 1746 481; x_wconf 83' lang='lat' dir='ltr'><strong><em>est</em></strong></span> <span class='ocrx_word' id='word_1_12' title='bbox 1770 428 1895 495; x_wconf 86' lang='lat' dir='ltr'><strong><em>hoc,</em></strong></span> <span class='ocrx_word' id='word_1_13' title='bbox 1925 445 1970 500; x_wconf 70' lang='grc' dir='ltr'><strong>Α</strong></span> <span class='ocrx_word' id='word_1_14' title='bbox 1998 429 2238 483; x_wconf 89' lang='lat' dir='ltr'><strong><em>mandati</em></strong></span> <span class='ocrx_word' id='word_1_15' title='bbox 2276 428 2627 482; x_wconf 75' lang='lat' dir='ltr'><strong><em>violationem.</em></strong></span> <span class='ocrx_word' id='word_1_16' title='bbox 2665 445 2683 479; x_wconf 79' lang='grc' dir='ltr'><strong><em>ι</em></strong></span> <span class='ocrx_word' id='word_1_17' title='bbox 2722 425 2879 481; x_wconf 82' lang='lat' dir='ltr'><strong><em>Nulli</em></strong></span> <span class='ocrx_word' id='word_1_18' title='bbox 2909 427 3105 481; x_wconf 84' lang='lat' dir='ltr'><strong><em>malum</em></strong></span> <span class='ocrx_word' id='word_1_19' title='bbox 3146 441 3239 496; x_wconf 85' lang='lat' dir='ltr'><strong><em>pro</em></strong></span> <span class='ocrx_word' id='word_1_20' title='bbox 3258 412 3411 480; x_wconf 78' lang='lat' dir='ltr'><strong><em>male</em></strong></span> <span class='ocrx_word' id='word_1_21' title='bbox 3441 424 3558 480; x_wconf 59' lang='lat' dir='ltr'><strong><em>red.</em></strong></span> 
     </span>
    </p>
   </div>
   <div class='ocr_carea' id='block_1_3' title="bbox 326 512 1899 592">
    <p class='ocr_par' dir='ltr' id='par_1_3' title="bbox 326 512 1899 592">
     <span class='ocr_line' id='line_1_3' title="bbox 326 512 1899 592; baseline 0.004 -25"><span class='ocrx_word' id='word_1_22' title='bbox 326 512 675 569; x_wconf 79' lang='grc' dir='ltr'>Δανειστικόν</span> <span class='ocrx_word' id='word_1_23' title='bbox 704 534 759 570; x_wconf 84' lang='grc' dir='ltr'><strong><em>τι</em></strong></span> <span class='ocrx_word' id='word_1_24' title='bbox 792 518 966 580; x_wconf 75' lang='grc' dir='ltr'>ποιεῖς</span> <span class='ocrx_word' id='word_1_25' title='bbox 992 517 1305 588; x_wconf 77' lang='grc' dir='ltr'>ὰφοσὶωμα,</span> <span class='ocrx_word' id='word_1_26' title='bbox 1336 517 1410 580; x_wconf 85' lang='grc' dir='ltr'>ὡς</span> <span class='ocrx_word' id='word_1_27' title='bbox 1435 517 1498 570; x_wconf 81' lang='grc' dir='ltr'>τὸ</span> <span class='ocrx_word' id='word_1_28' title='bbox 1526 517 1646 572; x_wconf 82' lang='grc' dir='ltr'><strong><em>ὅλον</em></strong></span> <span class='ocrx_word' id='word_1_29' title='bbox 1679 518 1899 592; x_wconf 76' lang='grc' dir='ltr'>πληρὼ-</span> 
     </span>
    </p>
   </div>
   <div class='ocr_carea' id='block_1_4' title="bbox 329 602 1897 677">
    <p class='ocr_par' dir='ltr' id='par_1_4' title="bbox 329 602 1897 677">
     <span class='ocr_line' id='line_1_4' title="bbox 329 602 1897 677; baseline 0.004 -21"><span class='ocrx_word' id='word_1_30' title='bbox 329 619 452 667; x_wconf 82' lang='grc' dir='ltr'>σας,</span> <span class='ocrx_word' id='word_1_31' title='bbox 485 602 879 660; x_wconf 86' lang='lat' dir='ltr'><strong><em>Feneraticiam</em></strong></span> <span class='ocrx_word' id='word_1_32' title='bbox 912 606 1195 677; x_wconf 83' lang='lat' dir='ltr'><strong><em>quamdam</em></strong></span> <span class='ocrx_word' id='word_1_33' title='bbox 1229 607 1343 676; x_wconf 82' lang='lat' dir='ltr'><strong><em>agis</em></strong></span> <span class='ocrx_word' id='word_1_34' title='bbox 1369 607 1807 676; x_wconf 76' lang='lat' dir='ltr'><strong><em>satisfactionem,</em></strong></span> <span class='ocrx_word' id='word_1_35' title='bbox 1839 619 1897 663; x_wconf 89' lang='lat' dir='ltr'><strong><em>ut</em></strong></span> 
     </span>
    </p>
   </div>
   <div class='ocr_carea' id='block_1_5' title="bbox 324 695 1901 772">
    <p class='ocr_par' dir='ltr' id='par_1_5' title="bbox 324 695 1901 772">
     <span class='ocr_line' id='line_1_5' title="bbox 324 695 1901 772; baseline 0.006 -26"><span class='ocrx_word' id='word_1_36' title='bbox 324 695 418 763; x_wconf 85' lang='lat' dir='ltr'><strong><em>qui</em></strong></span> <span class='ocrx_word' id='word_1_37' title='bbox 443 701 607 748; x_wconf 82' lang='lat' dir='ltr'><strong><em>totum</em></strong></span> <span class='ocrx_word' id='word_1_38' title='bbox 625 696 946 765; x_wconf 76' lang='lat' dir='ltr'><strong><em>impleveris,</em></strong></span> <span class='ocrx_word' id='word_1_39' title='bbox 964 698 1068 753; x_wconf 87' lang='lat' dir='ltr'><strong><em>nisi</em></strong></span> <span class='ocrx_word' id='word_1_40' title='bbox 1090 697 1359 768; x_wconf 83' lang='lat' dir='ltr'><strong><em>quoddam</em></strong></span> <span class='ocrx_word' id='word_1_41' title='bbox 1382 699 1539 767; x_wconf 90' lang='lat' dir='ltr'><strong><em>quasi</em></strong></span> <span class='ocrx_word' id='word_1_42' title='bbox 1556 700 1784 769; x_wconf 61' lang='lat' dir='ltr'><strong><em>anigma</em></strong></span> <span class='ocrx_word' id='word_1_43' title='bbox 1799 700 1901 772; x_wconf 82' lang='lat' dir='ltr'><strong><em>(a)?</em></strong></span> 
     </span>
    </p>
   </div>
   <div class='ocr_carea' id='block_1_6' title="bbox 328 782 1897 858">
    <p class='ocr_par' dir='ltr' id='par_1_6' title="bbox 328 782 1897 858">
     <span class='ocr_line' id='line_1_6' title="bbox 328 782 1897 858; baseline 0.006 -22"><span class='ocrx_word' id='word_1_44' title='bbox 328 782 396 837; x_wconf 81' lang='lat' dir='ltr'><strong><em>Et</em></strong></span> <span class='ocrx_word' id='word_1_45' title='bbox 425 784 557 839; x_wconf 89' lang='lat' dir='ltr'><strong><em>illud</em></strong></span> <span class='ocrx_word' id='word_1_46' title='bbox 588 788 822 857; x_wconf 76' lang='lat' dir='ltr'><strong><em>maxime</em></strong></span> <span class='ocrx_word' id='word_1_47' title='bbox 845 790 1168 855; x_wconf 86' lang='lat' dir='ltr'><strong><em>notandum,</em></strong></span> <span class='ocrx_word' id='word_1_48' title='bbox 1200 787 1535 858; x_wconf 87' lang='lat' dir='ltr'><strong><em>Scripturam</em></strong></span> <span class='ocrx_word' id='word_1_49' title='bbox 1560 790 1631 843; x_wconf 86' lang='lat' dir='ltr'><strong><em>ita</em></strong></span> <span class='ocrx_word' id='word_1_50' title='bbox 1658 791 1814 845; x_wconf 89' lang='lat' dir='ltr'><strong><em>citari</em></strong></span> <span class='ocrx_word' id='word_1_51' title='bbox 1843 793 1897 845; x_wconf 87' lang='lat' dir='ltr'><strong><em>in</em></strong></span> 
     </span>
    </p>
   </div>
   <div class='ocr_carea' id='block_1_7' title="bbox 327 878 1897 953">
    <p class='ocr_par' dir='ltr' id='par_1_7' title="bbox 327 878 1897 953">
     <span class='ocr_line' id='line_1_7' title="bbox 327 878 1897 953; baseline 0.003 -22"><span class='ocrx_word' id='word_1_52' title='bbox 327 891 392 931; x_wconf 78' lang='lat' dir='ltr'><strong><em>ea</em></strong></span> <span class='ocrx_word' id='word_1_53' title='bbox 425 878 494 933; x_wconf 88' lang='lat' dir='ltr'><strong><em>de</em></strong></span> <span class='ocrx_word' id='word_1_54' title='bbox 532 894 638 949; x_wconf 86' lang='lat' dir='ltr'><strong><em>qua</em></strong></span> <span class='ocrx_word' id='word_1_55' title='bbox 689 880 1000 950; x_wconf 73' lang='lat' dir='ltr'><strong><em>disputatur</em></strong></span> <span class='ocrx_word' id='word_1_56' title='bbox 1052 882 1548 945; x_wconf 78' lang='lat' dir='ltr'><strong><em>lucubratiuncula,</em></strong></span> <span class='ocrx_word' id='word_1_57' title='bbox 1602 891 1660 936; x_wconf 92' lang='lat' dir='ltr'><strong><em>ut</em></strong></span> <span class='ocrx_word' id='word_1_58' title='bbox 1695 884 1747 937; x_wconf 91' lang='lat' dir='ltr'><strong><em>in</em></strong></span> <span class='ocrx_word' id='word_1_59' title='bbox 1781 883 1897 953; x_wconf 89' lang='lat' dir='ltr'><strong><em>ipsa</em></strong></span> 
     </span>
    </p>
   </div>
   <div class='ocr_carea' id='block_1_8' title="bbox 328 968 1896 1041">
    <p class='ocr_par' dir='ltr' id='par_1_8' title="bbox 328 968 1896 1041">
     <span class='ocr_line' id='line_1_8' title="bbox 328 968 1896 1041; baseline 0.004 -21"><span class='ocrx_word' id='word_1_60' title='bbox 328 968 531 1021; x_wconf 88' lang='lat' dir='ltr'><strong><em>citandi</em></strong></span> <span class='ocrx_word' id='word_1_61' title='bbox 582 969 794 1025; x_wconf 78' lang='lat' dir='ltr'><strong><em>ratione</em></strong></span> <span class='ocrx_word' id='word_1_62' title='bbox 847 971 1191 1041; x_wconf 87' lang='lat' dir='ltr'><strong><em>peregrinum</em></strong></span> <span class='ocrx_word' id='word_1_63' title='bbox 1245 973 1499 1041; x_wconf 81' lang='lat' dir='ltr'><strong>quiddam</strong></span> <span class='ocrx_word' id='word_1_64' title='bbox 1536 981 1590 1027; x_wconf 89' lang='lat' dir='ltr'><strong><em>et</em></strong></span> <span class='ocrx_word' id='word_1_65' title='bbox 1623 974 1896 1028; x_wconf 79' lang='lat' dir='ltr'><strong><em>exoticum</em></strong></span> 
     </span>
    </p>
   </div>
   <div class='ocr_carea' id='block_1_9' title="bbox 328 1057 1897 1133">
    <p class='ocr_par' dir='ltr' id='par_1_9' title="bbox 328 1057 1897 1133">
     <span class='ocr_line' id='line_1_9' title="bbox 328 1057 1897 1133; baseline 0.004 -22"><span class='ocrx_word' id='word_1_66' title='bbox 328 1058 479 1112; x_wconf 85' lang='lat' dir='ltr'><strong><em>insit.</em></strong></span> <span class='ocrx_word' id='word_1_67' title='bbox 508 1057 573 1111; x_wconf 86' lang='lat' dir='ltr'><strong><em>Et</em></strong></span> <span class='ocrx_word' id='word_1_68' title='bbox 602 1068 661 1113; x_wconf 89' lang='lat' dir='ltr'><strong><em>ut</em></strong></span> <span class='ocrx_word' id='word_1_69' title='bbox 687 1075 775 1114; x_wconf 87' lang='lat' dir='ltr'><strong><em>res</em></strong></span> <span class='ocrx_word' id='word_1_70' title='bbox 797 1063 1043 1130; x_wconf 81' lang='lat' dir='ltr'><strong><em>exemplo</em></strong></span> <span class='ocrx_word' id='word_1_71' title='bbox 1068 1062 1267 1115; x_wconf 86' lang='lat' dir='ltr'><strong><em>clarior</em></strong></span> <span class='ocrx_word' id='word_1_72' title='bbox 1290 1062 1398 1127; x_wconf 83' lang='lat' dir='ltr'><strong><em>liat,</em></strong></span> <span class='ocrx_word' id='word_1_73' title='bbox 1423 1067 1708 1133; x_wconf 86' lang='lat' dir='ltr'><strong><em>utriusque</em></strong></span> <span class='ocrx_word' id='word_1_74' title='bbox 1732 1063 1897 1118; x_wconf 82' lang='lat' dir='ltr'><strong><em>verba</em></strong></span> 
     </span>
    </p>
   </div>
   <div class='ocr_carea' id='block_1_10' title="bbox 329 1150 1896 1224">
    <p class='ocr_par' dir='ltr' id='par_1_10' title="bbox 329 1150 1896 1224">
     <span class='ocr_line' id='line_1_10' title="bbox 329 1150 1896 1224; baseline 0.002 -20"><span class='ocrx_word' id='word_1_75' title='bbox 329 1150 641 1221; x_wconf 80' lang='lat' dir='ltr'><strong><em>subjiciam,</em></strong></span> <span class='ocrx_word' id='word_1_76' title='bbox 688 1155 921 1222; x_wconf 89' lang='lat' dir='ltr'><strong><em>primum</em></strong></span> <span class='ocrx_word' id='word_1_77' title='bbox 962 1153 1166 1215; x_wconf 89' lang='lat' dir='ltr'><strong><em>Basilii,</em></strong></span> <span class='ocrx_word' id='word_1_78' title='bbox 1198 1154 1394 1208; x_wconf 87' lang='lat' dir='ltr'><strong><em>deinde</em></strong></span> <span class='ocrx_word' id='word_1_79' title='bbox 1433 1155 1708 1224; x_wconf 78' lang='lat' dir='ltr'><strong><em>anonymi.</em></strong></span> <span class='ocrx_word' id='word_1_80' title='bbox 1744 1153 1896 1209; x_wconf 82' lang='lat' dir='ltr'><strong><em>Basi—</em></strong></span> 
     </span>
    </p>
   </div>
   <div class='ocr_carea' id='block_1_11' title="bbox 329 1242 1894 1316">
    <p class='ocr_par' dir='ltr' id='par_1_11' title="bbox 329 1242 1894 1316">
     <span class='ocr_line' id='line_1_11' title="bbox 329 1242 1894 1316; baseline 0.004 -22"><span class='ocrx_word' id='word_1_81' title='bbox 329 1242 435 1298; x_wconf 81' lang='lat' dir='ltr'><strong><em>lius</em></strong></span> <span class='ocrx_word' id='word_1_82' title='bbox 472 1258 601 1312; x_wconf 87' lang='lat' dir='ltr'><strong><em>ergo</em></strong></span> <span class='ocrx_word' id='word_1_83' title='bbox 645 1245 725 1297; x_wconf 90' lang='lat' dir='ltr'><strong><em>sic</em></strong></span> <span class='ocrx_word' id='word_1_84' title='bbox 768 1245 1007 1315; x_wconf 77' lang='lat' dir='ltr'><strong><em>loquitur</em></strong></span> <span class='ocrx_word' id='word_1_85' title='bbox 1035 1245 1205 1313; x_wconf 91' lang='lat' dir='ltr'><strong><em>(tom.</em></strong></span> <span class='ocrx_word' id='word_1_86' title='bbox 1249 1244 1313 1306; x_wconf 92' lang='lat' dir='ltr'><strong><em>ll,</em></strong></span> <span class='ocrx_word' id='word_1_87' title='bbox 1366 1245 1515 1299; x_wconf 88' lang='lat' dir='ltr'><strong><em>hom.</em></strong></span> <span class='ocrx_word' id='word_1_88' title='bbox 1562 1247 1615 1303; x_wconf 80' lang='lat'><strong><em>5.</em></strong></span> <span class='ocrx_word' id='word_1_89' title='bbox 1665 1262 1718 1315; x_wconf 92' lang='lat' dir='ltr'><strong><em>p.</em></strong></span> <span class='ocrx_word' id='word_1_90' title='bbox 1757 1246 1894 1316; x_wconf 75' lang='lat'><strong><em>18):</em></strong></span> 
     </span>
    </p>
   </div>
   <div class='ocr_carea' id='block_1_12' title="bbox 327 1329 1898 1409">
    <p class='ocr_par' dir='ltr' id='par_1_12' title="bbox 327 1329 1898 1409">
     <span class='ocr_line' id='line_1_12' title="bbox 327 1329 1898 1409; baseline 0.004 -25"><span class='ocrx_word' id='word_1_91' title='bbox 327 1332 511 1385; x_wconf 79' lang='grc' dir='ltr'>Πάντα</span> <span class='ocrx_word' id='word_1_92' title='bbox 542 1329 632 1387; x_wconf 71' lang='grc' dir='ltr'>οὖν</span> <span class='ocrx_word' id='word_1_93' title='bbox 656 1336 999 1405; x_wconf 77' lang='grc' dir='ltr'>περισκόπει,</span> <span class='ocrx_word' id='word_1_94' title='bbox 1026 1336 1151 1389; x_wconf 74' lang='grc' dir='ltr'><strong><em>Ἵνα</em></strong></span> <span class='ocrx_word' id='word_1_95' title='bbox 1180 1335 1562 1409; x_wconf 59' lang='grc' dir='ltr'>σώζῃςῦσπερ</span> <span class='ocrx_word' id='word_1_96' title='bbox 1582 1336 1799 1405; x_wconf 79' lang='grc' dir='ltr'>δορκὰς</span> <span class='ocrx_word' id='word_1_97' title='bbox 1830 1338 1898 1390; x_wconf 76' lang='grc' dir='ltr'>ἐκ</span> 
     </span>
    </p>
   </div>
   <div class='ocr_carea' id='block_1_13' title="bbox 321 1422 1899 1495">
    <p class='ocr_par' dir='ltr' id='par_1_13' title="bbox 321 1422 1899 1495">
     <span class='ocr_line' id='line_1_13' title="bbox 321 1422 1899 1495; baseline 0.006 -20"><span class='ocrx_word' id='word_1_98' title='bbox 321 1422 583 1492; x_wconf 74' lang='grc' dir='ltr'>βρόχων.</span> <span class='ocrx_word' id='word_1_99' title='bbox 631 1425 983 1495; x_wconf 72' lang='lat' dir='ltr'><strong><em>Circumspice</em></strong></span> <span class='ocrx_word' id='word_1_100' title='bbox 1034 1428 1195 1495; x_wconf 79' lang='lat' dir='ltr'><strong><em>igitur</em></strong></span> <span class='ocrx_word' id='word_1_101' title='bbox 1235 1438 1283 1480; x_wconf 90' lang='lat' dir='ltr'><strong><em>et</em></strong></span> <span class='ocrx_word' id='word_1_102' title='bbox 1335 1430 1503 1482; x_wconf 87' lang='lat' dir='ltr'><strong><em>lustra</em></strong></span> <span class='ocrx_word' id='word_1_103' title='bbox 1541 1433 1741 1494; x_wconf 84' lang='lat' dir='ltr'><strong><em>omnia,</em></strong></span> <span class='ocrx_word' id='word_1_104' title='bbox 1775 1450 1793 1481; x_wconf 81' lang='grc' dir='ltr'><strong><em>ι</em></strong></span> <span class='ocrx_word' id='word_1_105' title='bbox 1830 1429 1899 1485; x_wconf 88' lang='lat' dir='ltr'><strong><em>Ut</em></strong></span> 
     </span>
    </p>
   </div>
   <div class='ocr_carea' id='block_1_14' title="bbox 328 1519 1898 1592">
    <p class='ocr_par' dir='ltr' id='par_1_14' title="bbox 328 1519 1898 1592">
     <span class='ocr_line' id='line_1_14' title="bbox 328 1519 1898 1592; baseline 0.003 -23"><span class='ocrx_word' id='word_1_106' title='bbox 328 1519 544 1570; x_wconf 75' lang='lat' dir='ltr'><strong><em>servaris</em></strong></span> <span class='ocrx_word' id='word_1_107' title='bbox 574 1528 824 1587; x_wconf 81' lang='lat' dir='ltr'><strong><em>tanquam</em></strong></span> <span class='ocrx_word' id='word_1_108' title='bbox 856 1519 1076 1572; x_wconf 84' lang='lat' dir='ltr'><strong><em>damula</em></strong></span> <span class='ocrx_word' id='word_1_109' title='bbox 1102 1536 1129 1574; x_wconf 90' lang='lat' dir='ltr'><strong><em>e</em></strong></span> <span class='ocrx_word' id='word_1_110' title='bbox 1157 1519 1380 1591; x_wconf 79' lang='lat' dir='ltr'><strong><em>laqueis.</em></strong></span> <span class='ocrx_word' id='word_1_111' title='bbox 1418 1540 1436 1571; x_wconf 73' lang='grc' dir='ltr'><strong><em>ι</em></strong></span> <span class='ocrx_word' id='word_1_112' title='bbox 1467 1520 1734 1592; x_wconf 83' lang='lat' dir='ltr'><strong><em>Anonymi</em></strong></span> <span class='ocrx_word' id='word_1_113' title='bbox 1769 1538 1898 1577; x_wconf 81' lang='lat' dir='ltr'><strong><em>vero</em></strong></span> 
     </span>
    </p>
   </div>
   <div class='ocr_carea' id='block_1_15' title="bbox 326 1608 1900 1686">
    <p class='ocr_par' dir='ltr' id='par_1_15' title="bbox 326 1608 1900 1686">
     <span class='ocr_line' id='line_1_15' title="bbox 326 1608 1900 1686; baseline 0.004 -26"><span class='ocrx_word' id='word_1_114' title='bbox 326 1608 512 1671; x_wconf 83' lang='lat' dir='ltr'><strong><em>verba,</em></strong></span> <span class='ocrx_word' id='word_1_115' title='bbox 530 1610 716 1679; x_wconf 89' lang='lat' dir='ltr'><strong><em>utjam</em></strong></span> <span class='ocrx_word' id='word_1_116' title='bbox 744 1610 1000 1676; x_wconf 84' lang='lat' dir='ltr'><strong><em>vidimus,</em></strong></span> <span class='ocrx_word' id='word_1_117' title='bbox 1026 1612 1139 1666; x_wconf 54' lang='lat' dir='ltr'><strong><em>hac</em></strong></span> <span class='ocrx_word' id='word_1_118' title='bbox 1170 1619 1318 1673; x_wconf 90' lang='lat' dir='ltr'><strong><em>sunt,</em></strong></span> <span class='ocrx_word' id='word_1_119' title='bbox 1342 1612 1478 1664; x_wconf 76' lang='grc' dir='ltr'>Οὔτε</span> <span class='ocrx_word' id='word_1_120' title='bbox 1506 1612 1596 1664; x_wconf 75' lang='grc' dir='ltr'><strong><em>τὸν</em></strong></span> <span class='ocrx_word' id='word_1_121' title='bbox 1624 1613 1900 1686; x_wconf 84' lang='grc' dir='ltr'>ἀλλότριον</span> 
     </span>
    </p>
   </div>
   <div class='ocr_carea' id='block_1_16' title="bbox 324 1701 1898 1772">
    <p class='ocr_par' dir='ltr' id='par_1_16' title="bbox 324 1701 1898 1772">
     <span class='ocr_line' id='line_1_16' title="bbox 324 1701 1898 1772; baseline 0.001 -18"><span class='ocrx_word' id='word_1_122' title='bbox 324 1702 592 1771; x_wconf 85' lang='grc' dir='ltr'>δέχονται,</span> <span class='ocrx_word' id='word_1_123' title='bbox 622 1702 755 1755; x_wconf 76' lang='grc' dir='ltr'>οὔτε</span> <span class='ocrx_word' id='word_1_124' title='bbox 792 1704 883 1755; x_wconf 83' lang='grc' dir='ltr'>τόν</span> <span class='ocrx_word' id='word_1_125' title='bbox 917 1720 1046 1756; x_wconf 84' lang='grc' dir='ltr'>ποτε</span> <span class='ocrx_word' id='word_1_126' title='bbox 1086 1703 1499 1772; x_wconf 76' lang='grc' dir='ltr'><strong><em>ἐπιστρέφοντα,</em></strong></span> <span class='ocrx_word' id='word_1_127' title='bbox 1535 1701 1657 1755; x_wconf 71' lang='grc' dir='ltr'>οὔτε</span> <span class='ocrx_word' id='word_1_128' title='bbox 1691 1704 1781 1756; x_wconf 84' lang='grc' dir='ltr'><strong><em>τὸν</em></strong></span> <span class='ocrx_word' id='word_1_129' title='bbox 1813 1721 1898 1756; x_wconf 87' lang='grc' dir='ltr'>νο-</span> 
     </span>
    </p>
   </div>
   <div class='ocr_carea' id='block_1_17' title="bbox 1999 516 3561 588">
    <p class='ocr_par' dir='ltr' id='par_1_17' title="bbox 1999 516 3561 588">
     <span class='ocr_line' id='line_1_17' title="bbox 1999 516 3561 588; baseline 0 -18"><span class='ocrx_word' id='word_1_130' title='bbox 1999 518 2174 574; x_wconf 85' lang='lat' dir='ltr'><strong><em>dentes</em></strong></span> <span class='ocrx_word' id='word_1_131' title='bbox 2200 519 2264 572; x_wconf 72' lang='grc'><strong><em>³³.</em></strong></span> <span class='ocrx_word' id='word_1_132' title='bbox 2304 537 2321 568; x_wconf 75' lang='grc' dir='ltr'><strong><em>ι</em></strong></span> <span class='ocrx_word' id='word_1_133' title='bbox 2363 517 2555 573; x_wconf 82' lang='lat' dir='ltr'><strong><em>Vidisti</em></strong></span> <span class='ocrx_word' id='word_1_134' title='bbox 2585 516 2846 588; x_wconf 85' lang='lat' dir='ltr'><strong><em>quomodo</em></strong></span> <span class='ocrx_word' id='word_1_135' title='bbox 2885 518 2999 586; x_wconf 87' lang='lat' dir='ltr'><strong><em>apis</em></strong></span> <span class='ocrx_word' id='word_1_136' title='bbox 3034 518 3195 571; x_wconf 73' lang='lat' dir='ltr'><strong><em>vitam</em></strong></span> <span class='ocrx_word' id='word_1_137' title='bbox 3226 532 3344 570; x_wconf 83' lang='lat' dir='ltr'><strong><em>cum</em></strong></span> <span class='ocrx_word' id='word_1_138' title='bbox 3380 518 3561 571; x_wconf 78' lang='lat' dir='ltr'><strong><em>aculeo</em></strong></span> 
     </span>
    </p>
   </div>
   <div class='ocr_carea' id='block_1_18' title="bbox 1996 606 3561 679">
    <p class='ocr_par' dir='ltr' id='par_1_18' title="bbox 1996 606 3561 679">
     <span class='ocr_line' id='line_1_18' title="bbox 1996 606 3561 679; baseline -0.001 -18"><span class='ocrx_word' id='word_1_139' title='bbox 1996 609 2244 679; x_wconf 83' lang='lat' dir='ltr'><strong><em>projiciat</em></strong></span> <span class='ocrx_word' id='word_1_140' title='bbox 2269 609 2293 662; x_wconf 85' lang='lat'><strong><em>?</em></strong></span> <span class='ocrx_word' id='word_1_141' title='bbox 2320 606 2419 662; x_wconf 82' lang='lat' dir='ltr'><strong><em>Hic</em></strong></span> <span class='ocrx_word' id='word_1_142' title='bbox 2441 608 2574 662; x_wconf 78' lang='lat' dir='ltr'><strong><em>illud</em></strong></span> <span class='ocrx_word' id='word_1_143' title='bbox 2606 609 2874 678; x_wconf 87' lang='lat' dir='ltr'><strong><em>Apostoli,</em></strong></span> <span class='ocrx_word' id='word_1_144' title='bbox 2906 607 3043 661; x_wconf 81' lang='lat' dir='ltr'><strong><em>nulli</em></strong></span> <span class='ocrx_word' id='word_1_145' title='bbox 3067 610 3263 661; x_wconf 85' lang='lat' dir='ltr'><strong><em>malum</em></strong></span> <span class='ocrx_word' id='word_1_146' title='bbox 3288 623 3383 676; x_wconf 89' lang='lat' dir='ltr'><strong><em>pro</em></strong></span> <span class='ocrx_word' id='word_1_147' title='bbox 3419 608 3561 660; x_wconf 88' lang='lat' dir='ltr'><strong><em>malo</em></strong></span> 
     </span>
    </p>
   </div>
   <div class='ocr_carea' id='block_1_19' title="bbox 1998 698 3560 770">
    <p class='ocr_par' dir='ltr' id='par_1_19' title="bbox 1998 698 3560 770">
     <span class='ocr_line' id='line_1_19' title="bbox 1998 698 3560 770; baseline -0.001 -16"><span class='ocrx_word' id='word_1_148' title='bbox 1998 700 2290 766; x_wconf 83' lang='lat' dir='ltr'><strong><em>reddentes,</em></strong></span> <span class='ocrx_word' id='word_1_149' title='bbox 2316 700 2385 755; x_wconf 88' lang='lat' dir='ltr'><strong><em>ad</em></strong></span> <span class='ocrx_word' id='word_1_150' title='bbox 2409 700 2612 755; x_wconf 87' lang='lat' dir='ltr'><strong><em>nullam</em></strong></span> <span class='ocrx_word' id='word_1_151' title='bbox 2638 701 2901 756; x_wconf 80' lang='lat' dir='ltr'><strong><em>orationis</em></strong></span> <span class='ocrx_word' id='word_1_152' title='bbox 2921 706 3128 770; x_wconf 87' lang='lat' dir='ltr'><strong><em>partem</em></strong></span> <span class='ocrx_word' id='word_1_153' title='bbox 3152 698 3340 753; x_wconf 80' lang='lat' dir='ltr'><strong><em>referri</em></strong></span> <span class='ocrx_word' id='word_1_154' title='bbox 3360 706 3560 769; x_wconf 80' lang='lat' dir='ltr'><strong><em>potest,</em></strong></span> 
     </span>
    </p>
   </div>
   <div class='ocr_carea' id='block_1_20' title="bbox 1997 790 3565 863">
    <p class='ocr_par' dir='ltr' id='par_1_20' title="bbox 1997 790 3565 863">
     <span class='ocr_line' id='line_1_20' title="bbox 1997 790 3565 863; baseline -0.002 -16"><span class='ocrx_word' id='word_1_155' title='bbox 1997 808 2108 847; x_wconf 89' lang='lat' dir='ltr'><strong><em>non</em></strong></span> <span class='ocrx_word' id='word_1_156' title='bbox 2153 792 2293 863; x_wconf 87' lang='lat' dir='ltr'><strong><em>regit</em></strong></span> <span class='ocrx_word' id='word_1_157' title='bbox 2321 791 2643 862; x_wconf 82' lang='lat' dir='ltr'><strong><em>quidquam,</em></strong></span> <span class='ocrx_word' id='word_1_158' title='bbox 2683 807 2713 844; x_wconf 84' lang='lat' dir='ltr'><strong><em>a</em></strong></span> <span class='ocrx_word' id='word_1_159' title='bbox 2746 806 3021 862; x_wconf 78' lang='lat' dir='ltr'><strong><em>quoquam</em></strong></span> <span class='ocrx_word' id='word_1_160' title='bbox 3051 805 3156 845; x_wconf 86' lang='lat' dir='ltr'><strong><em>non</em></strong></span> <span class='ocrx_word' id='word_1_161' title='bbox 3190 790 3421 860; x_wconf 84' lang='lat' dir='ltr'><strong><em>regitur,</em></strong></span> <span class='ocrx_word' id='word_1_162' title='bbox 3467 790 3565 845; x_wconf 85' lang='lat' dir='ltr'><strong><em>sed</em></strong></span> 
     </span>
    </p>
   </div>
   <div class='ocr_carea' id='block_1_21' title="bbox 1998 881 3562 952">
    <p class='ocr_par' dir='ltr' id='par_1_21' title="bbox 1998 881 3562 952">
     <span class='ocr_line' id='line_1_21' title="bbox 1998 881 3562 952; baseline -0.003 -14"><span class='ocrx_word' id='word_1_163' title='bbox 1998 884 2174 938; x_wconf 81' lang='lat' dir='ltr'><strong><em>oratio</em></strong></span> <span class='ocrx_word' id='word_1_164' title='bbox 2205 889 2291 938; x_wconf 90' lang='lat' dir='ltr'><strong><em>est</em></strong></span> <span class='ocrx_word' id='word_1_165' title='bbox 2320 883 2481 952; x_wconf 91' lang='lat' dir='ltr'><strong><em>quasi</em></strong></span> <span class='ocrx_word' id='word_1_166' title='bbox 2512 882 2785 948; x_wconf 87' lang='lat' dir='ltr'><strong><em>absoluta,</em></strong></span> <span class='ocrx_word' id='word_1_167' title='bbox 2835 897 2956 952; x_wconf 67' lang='lat' dir='ltr'><strong><em>quae</em></strong></span> <span class='ocrx_word' id='word_1_168' title='bbox 3004 896 3036 934; x_wconf 88' lang='lat' dir='ltr'><strong><em>a</em></strong></span> <span class='ocrx_word' id='word_1_169' title='bbox 3086 881 3233 936; x_wconf 86' lang='lat' dir='ltr'><strong><em>nulla</em></strong></span> <span class='ocrx_word' id='word_1_170' title='bbox 3266 897 3326 937; x_wconf 89' lang='lat' dir='ltr'><strong><em>re</em></strong></span> <span class='ocrx_word' id='word_1_171' title='bbox 3357 882 3562 949; x_wconf 78' lang='lat' dir='ltr'><strong><em>depen-</em></strong></span> 
     </span>
    </p>
   </div>
   <div class='ocr_carea' id='block_1_22' title="bbox 1997 970 3564 1039">
    <p class='ocr_par' dir='ltr' id='par_1_22' title="bbox 1997 970 3564 1039">
     <span class='ocr_line' id='line_1_22' title="bbox 1997 970 3564 1039; baseline -0.001 -11"><span class='ocrx_word' id='word_1_172' title='bbox 1997 974 2143 1037; x_wconf 88' lang='lat' dir='ltr'><strong><em>deat,</em></strong></span> <span class='ocrx_word' id='word_1_173' title='bbox 2173 988 2297 1027; x_wconf 86' lang='lat' dir='ltr'><strong><em>eum</em></strong></span> <span class='ocrx_word' id='word_1_174' title='bbox 2329 972 2564 1028; x_wconf 78' lang='lat' dir='ltr'><strong><em>Basilius</em></strong></span> <span class='ocrx_word' id='word_1_175' title='bbox 2595 979 2798 1037; x_wconf 88' lang='lat' dir='ltr'><strong><em>tamen,</em></strong></span> <span class='ocrx_word' id='word_1_176' title='bbox 2833 979 2894 1027; x_wconf 91' lang='lat' dir='ltr'><strong><em>ut</em></strong></span> <span class='ocrx_word' id='word_1_177' title='bbox 2922 978 3108 1026; x_wconf 86' lang='lat' dir='ltr'><strong><em>notum</em></strong></span> <span class='ocrx_word' id='word_1_178' title='bbox 3150 979 3253 1033; x_wconf 81' lang='lat' dir='ltr'><strong><em>est,</em></strong></span> <span class='ocrx_word' id='word_1_179' title='bbox 3294 970 3564 1039; x_wconf 86' lang='lat' dir='ltr'><strong><em>ejusmodi</em></strong></span> 
     </span>
    </p>
   </div>
   <div class='ocr_carea' id='block_1_23' title="bbox 2000 1060 3565 1132">
    <p class='ocr_par' dir='ltr' id='par_1_23' title="bbox 2000 1060 3565 1132">
     <span class='ocr_line' id='line_1_23' title="bbox 2000 1060 3565 1132; baseline -0.001 -16"><span class='ocrx_word' id='word_1_180' title='bbox 2000 1062 2295 1132; x_wconf 69' lang='lat' dir='ltr'><strong><em>Scriptum</em></strong></span> <span class='ocrx_word' id='word_1_181' title='bbox 2314 1062 2430 1116; x_wconf 84' lang='lat' dir='ltr'><strong><em>loca</em></strong></span> <span class='ocrx_word' id='word_1_182' title='bbox 2455 1061 2522 1115; x_wconf 85' lang='lat' dir='ltr'><strong><em>ad</em></strong></span> <span class='ocrx_word' id='word_1_183' title='bbox 2544 1062 2807 1131; x_wconf 88' lang='lat' dir='ltr'><strong><em>reliquam</em></strong></span> <span class='ocrx_word' id='word_1_184' title='bbox 2834 1062 3135 1115; x_wconf 83' lang='lat' dir='ltr'><strong><em>orationem</em></strong></span> <span class='ocrx_word' id='word_1_185' title='bbox 3156 1060 3565 1115; x_wconf 84' lang='lat' dir='ltr'><strong><em>accommodare</em></strong></span> 
     </span>
    </p>
   </div>
   <div class='ocr_carea' id='block_1_24' title="bbox 1998 1151 3565 1223">
    <p class='ocr_par' dir='ltr' id='par_1_24' title="bbox 1998 1151 3565 1223">
     <span class='ocr_line' id='line_1_24' title="bbox 1998 1151 3565 1223; baseline -0.003 -14"><span class='ocrx_word' id='word_1_186' title='bbox 1998 1154 2190 1209; x_wconf 83' lang='lat' dir='ltr'><strong><em>soleat.</em></strong></span> <span class='ocrx_word' id='word_1_187' title='bbox 2232 1152 2396 1207; x_wconf 87' lang='lat' dir='ltr'><strong><em>Plura</em></strong></span> <span class='ocrx_word' id='word_1_188' title='bbox 2422 1168 2763 1223; x_wconf 78' lang='lat' dir='ltr'><strong><em>paraveram,</em></strong></span> <span class='ocrx_word' id='word_1_189' title='bbox 2797 1153 2891 1207; x_wconf 91' lang='lat' dir='ltr'><strong><em>sed</em></strong></span> <span class='ocrx_word' id='word_1_190' title='bbox 2933 1168 3001 1207; x_wconf 89' lang='lat' dir='ltr'><strong><em>ne</em></strong></span> <span class='ocrx_word' id='word_1_191' title='bbox 3031 1152 3118 1208; x_wconf 92' lang='lat' dir='ltr'><strong><em>his</em></strong></span> <span class='ocrx_word' id='word_1_192' title='bbox 3145 1153 3267 1222; x_wconf 88' lang='lat' dir='ltr'><strong><em>plus</em></strong></span> <span class='ocrx_word' id='word_1_193' title='bbox 3299 1151 3435 1207; x_wconf 86' lang='lat' dir='ltr'><strong><em>satis</em></strong></span> <span class='ocrx_word' id='word_1_194' title='bbox 3465 1153 3565 1205; x_wconf 89' lang='lat' dir='ltr'><strong><em>im-</em></strong></span> 
     </span>
    </p>
   </div>
   <div class='ocr_carea' id='block_1_25' title="bbox 1997 1245 3111 1311">
    <p class='ocr_par' dir='ltr' id='par_1_25' title="bbox 1997 1245 3111 1311">
     <span class='ocr_line' id='line_1_25' title="bbox 1997 1245 3111 1311; baseline -0.002 -12"><span class='ocrx_word' id='word_1_195' title='bbox 1997 1254 2242 1300; x_wconf 85' lang='lat' dir='ltr'><strong><em>moratus</em></strong></span> <span class='ocrx_word' id='word_1_196' title='bbox 2268 1245 2504 1311; x_wconf 82' lang='lat' dir='ltr'><strong><em>viderer,</em></strong></span> <span class='ocrx_word' id='word_1_197' title='bbox 2537 1260 2598 1299; x_wconf 92' lang='lat' dir='ltr'><strong><em>ea</em></strong></span> <span class='ocrx_word' id='word_1_198' title='bbox 2632 1246 2904 1300; x_wconf 87' lang='lat' dir='ltr'><strong><em>ascribere</em></strong></span> <span class='ocrx_word' id='word_1_199' title='bbox 2934 1245 3111 1299; x_wconf 86' lang='lat' dir='ltr'><strong><em>nolui.</em></strong></span> 
     </span>
    </p>
   </div>
   <div class='ocr_carea' id='block_1_26' title="bbox 2065 1335 3565 1407">
    <p class='ocr_par' dir='ltr' id='par_1_26' title="bbox 2065 1335 3565 1407">
     <span class='ocr_line' id='line_1_26' title="bbox 2065 1335 3565 1407; baseline 0.001 -18"><span class='ocrx_word' id='word_1_200' title='bbox 2065 1337 2156 1392; x_wconf 68' lang='lat'><strong><em>25.</em></strong></span> <span class='ocrx_word' id='word_1_201' title='bbox 2194 1335 2351 1390; x_wconf 88' lang='lat' dir='ltr'><strong><em>Nunc</em></strong></span> <span class='ocrx_word' id='word_1_202' title='bbox 2389 1351 2689 1406; x_wconf 78' lang='lat' dir='ltr'><strong><em>proponam</em></strong></span> <span class='ocrx_word' id='word_1_203' title='bbox 2741 1338 2986 1406; x_wconf 76' lang='lat' dir='ltr'><strong><em>exempla</em></strong></span> <span class='ocrx_word' id='word_1_204' title='bbox 3040 1336 3311 1406; x_wconf 57' lang='lat' dir='ltr'><strong><em>quasdam,</em></strong></span> <span class='ocrx_word' id='word_1_205' title='bbox 3364 1336 3565 1407; x_wconf 88' lang='lat' dir='ltr'><strong><em>quibus</em></strong></span> 
     </span>
    </p>
   </div>
   <div class='ocr_carea' id='block_1_27' title="bbox 1999 1428 3565 1499">
    <p class='ocr_par' dir='ltr' id='par_1_27' title="bbox 1999 1428 3565 1499">
     <span class='ocr_line' id='line_1_27' title="bbox 1999 1428 3565 1499; baseline 0.002 -19"><span class='ocrx_word' id='word_1_206' title='bbox 1999 1429 2232 1498; x_wconf 88' lang='lat' dir='ltr'><strong><em>probare</em></strong></span> <span class='ocrx_word' id='word_1_207' title='bbox 2275 1429 2538 1491; x_wconf 89' lang='lat' dir='ltr'><strong><em>conabor,</em></strong></span> <span class='ocrx_word' id='word_1_208' title='bbox 2593 1429 2799 1484; x_wconf 87' lang='lat' dir='ltr'><strong><em>alienas</em></strong></span> <span class='ocrx_word' id='word_1_209' title='bbox 2850 1429 3118 1498; x_wconf 87' lang='lat' dir='ltr'><strong><em>quasdam</em></strong></span> <span class='ocrx_word' id='word_1_210' title='bbox 3165 1436 3219 1484; x_wconf 88' lang='lat' dir='ltr'><strong><em>et</em></strong></span> <span class='ocrx_word' id='word_1_211' title='bbox 3250 1428 3565 1499; x_wconf 85' lang='lat' dir='ltr'><strong><em>peregrinas</em></strong></span> 
     </span>
    </p>
   </div>
   <div class='ocr_carea' id='block_1_28' title="bbox 2002 1518 3566 1590">
    <p class='ocr_par' dir='ltr' id='par_1_28' title="bbox 2002 1518 3566 1590">
     <span class='ocr_line' id='line_1_28' title="bbox 2002 1518 3566 1590; baseline -0.001 -15"><span class='ocrx_word' id='word_1_212' title='bbox 2002 1536 2162 1576; x_wconf 77' lang='lat' dir='ltr'><strong><em>voces</em></strong></span> <span class='ocrx_word' id='word_1_213' title='bbox 2198 1521 2249 1573; x_wconf 92' lang='lat' dir='ltr'><strong><em>in</em></strong></span> <span class='ocrx_word' id='word_1_214' title='bbox 2285 1520 2387 1575; x_wconf 89' lang='lat' dir='ltr'><strong><em>hac</em></strong></span> <span class='ocrx_word' id='word_1_215' title='bbox 2438 1521 2685 1577; x_wconf 78' lang='lat' dir='ltr'><strong><em>oratione</em></strong></span> <span class='ocrx_word' id='word_1_216' title='bbox 2735 1521 2983 1589; x_wconf 87' lang='lat' dir='ltr'><strong><em>reperiri.</em></strong></span> <span class='ocrx_word' id='word_1_217' title='bbox 3032 1518 3156 1589; x_wconf 85' lang='lat' dir='ltr'><strong><em>Ipso</em></strong></span> <span class='ocrx_word' id='word_1_218' title='bbox 3209 1520 3375 1590; x_wconf 91' lang='lat' dir='ltr'><strong><em>igitur</em></strong></span> <span class='ocrx_word' id='word_1_219' title='bbox 3406 1519 3566 1574; x_wconf 88' lang='lat' dir='ltr'><strong><em>initio</em></strong></span> 
     </span>
    </p>
   </div>
   <div class='ocr_carea' id='block_1_29' title="bbox 2001 1610 3566 1682">
    <p class='ocr_par' dir='ltr' id='par_1_29' title="bbox 2001 1610 3566 1682">
     <span class='ocr_line' id='line_1_29' title="bbox 2001 1610 3566 1682; baseline -0.001 -18"><span class='ocrx_word' id='word_1_220' title='bbox 2001 1616 2144 1682; x_wconf 81' lang='lat' dir='ltr'><strong><em>(pag.</em></strong></span> <span class='ocrx_word' id='word_1_221' title='bbox 2180 1611 2306 1680; x_wconf 70' lang='lat' dir='ltr'><strong><em>6i?)</em></strong></span> <span class='ocrx_word' id='word_1_222' title='bbox 2342 1620 2535 1666; x_wconf 85' lang='lat' dir='ltr'><strong><em>auctor</em></strong></span> <span class='ocrx_word' id='word_1_223' title='bbox 2573 1613 2655 1667; x_wconf 90' lang='lat' dir='ltr'><strong><em>sic</em></strong></span> <span class='ocrx_word' id='word_1_224' title='bbox 2686 1613 2916 1667; x_wconf 83' lang='lat' dir='ltr'><strong><em>scribit:</em></strong></span> <span class='ocrx_word' id='word_1_225' title='bbox 2964 1612 3101 1665; x_wconf 82' lang='grc' dir='ltr'>Ἀλλ’</span> <span class='ocrx_word' id='word_1_226' title='bbox 3125 1610 3364 1681; x_wconf 73' lang='grc' dir='ltr'>ἐπιζητῶ</span> <span class='ocrx_word' id='word_1_227' title='bbox 3387 1611 3566 1682; x_wconf 77' lang='grc' dir='ltr'>ψυχὰς</span> 
     </span>
    </p>
   </div>
   <div class='ocr_carea' id='block_1_30' title="bbox 2002 1703 3566 1776">
    <p class='ocr_par' dir='ltr' id='par_1_30' title="bbox 2002 1703 3566 1776">
     <span class='ocr_line' id='line_1_30' title="bbox 2002 1703 3566 1776; baseline 0.001 -20"><span class='ocrx_word' id='word_1_228' title='bbox 2002 1705 2311 1776; x_wconf 78' lang='grc' dir='ltr'>φιληκόους,</span> <span class='ocrx_word' id='word_1_229' title='bbox 2347 1705 2697 1775; x_wconf 76' lang='grc' dir='ltr'>εὐσχημόνως</span> <span class='ocrx_word' id='word_1_230' title='bbox 2718 1703 3090 1774; x_wconf 84' lang='grc' dir='ltr'>περιεστώσας</span> <span class='ocrx_word' id='word_1_231' title='bbox 3116 1704 3179 1758; x_wconf 79' lang='grc' dir='ltr'>τὸ</span> <span class='ocrx_word' id='word_1_232' title='bbox 3200 1705 3566 1774; x_wconf 83' lang='grc' dir='ltr'>πνευματικὸν</span> 
     </span>
    </p>
   </div>
   <div class='ocr_carea' id='block_1_31' title="bbox 328 1782 1899 1870">
    <p class='ocr_par' dir='ltr' id='par_1_31' title="bbox 328 1791 1899 1862">
     <span class='ocr_line' id='line_1_31' title="bbox 328 1791 1899 1862; baseline 0.002 -17"><span class='ocrx_word' id='word_1_233' title='bbox 328 1792 524 1846; x_wconf 86' lang='grc' dir='ltr'>σοῦντα</span> <span class='ocrx_word' id='word_1_234' title='bbox 554 1792 629 1857; x_wconf 85' lang='grc' dir='ltr'><strong><em>ὡς</em></strong></span> <span class='ocrx_word' id='word_1_235' title='bbox 657 1794 986 1862; x_wconf 81' lang='grc' dir='ltr'><strong><em>ὑγιαίνοντα.</em></strong></span> <span class='ocrx_word' id='word_1_236' title='bbox 1028 1794 1152 1847; x_wconf 76' lang='grc' dir='ltr'>Ἵνα</span> <span class='ocrx_word' id='word_1_237' title='bbox 1184 1791 1339 1861; x_wconf 79' lang='grc' dir='ltr'><strong><em>σώζῃ</em></strong></span> <span class='ocrx_word' id='word_1_238' title='bbox 1372 1792 1571 1862; x_wconf 76' lang='grc' dir='ltr'>ὥσπερ</span> <span class='ocrx_word' id='word_1_239' title='bbox 1594 1793 1811 1862; x_wconf 80' lang='grc' dir='ltr'>δορκὰς</span> <span class='ocrx_word' id='word_1_240' title='bbox 1834 1793 1899 1848; x_wconf 65' lang='grc' dir='ltr'>ἐκ</span> 
     </span>
    </p>
   </div>
   <div class='ocr_carea' id='block_1_32' title="bbox 2002 1782 3565 1870">
    <p class='ocr_par' dir='ltr' id='par_1_32' title="bbox 2004 1796 3565 1870">
     <span class='ocr_line' id='line_1_32' title="bbox 2004 1796 3565 1870; baseline 0.001 -21"><span class='ocrx_word' id='word_1_241' title='bbox 2004 1798 2378 1870; x_wconf 78' lang='grc' dir='ltr'>ἀκροατήριον.</span> <span class='ocrx_word' id='word_1_242' title='bbox 2406 1797 2509 1853; x_wconf 85' lang='lat' dir='ltr'><strong><em>Sed</em></strong></span> <span class='ocrx_word' id='word_1_243' title='bbox 2539 1799 2747 1851; x_wconf 85' lang='lat' dir='ltr'><strong><em>animas</em></strong></span> <span class='ocrx_word' id='word_1_244' title='bbox 2772 1798 2979 1866; x_wconf 86' lang='lat' dir='ltr'><strong><em>requiro</em></strong></span> <span class='ocrx_word' id='word_1_245' title='bbox 3007 1797 3294 1851; x_wconf 83' lang='lat' dir='ltr'><strong><em>auditionis</em></strong></span> <span class='ocrx_word' id='word_1_246' title='bbox 3322 1796 3565 1865; x_wconf 80' lang='lat' dir='ltr'><strong><em>cupidas,</em></strong></span> 
     </span>
    </p>
   </div>
   <div class='ocr_carea' id='block_1_33' title="bbox 320 1884 1900 1956">
    <p class='ocr_par' dir='ltr' id='par_1_33' title="bbox 320 1884 1900 1956">
     <span class='ocr_line' id='line_1_33' title="bbox 320 1884 1900 1956; baseline 0.001 -19"><span class='ocrx_word' id='word_1_247' title='bbox 320 1885 583 1953; x_wconf 71' lang='grc' dir='ltr'>βρόχων.</span> <span class='ocrx_word' id='word_1_248' title='bbox 616 1884 796 1955; x_wconf 74' lang='lat' dir='ltr'><strong><em>Neque</em></strong></span> <span class='ocrx_word' id='word_1_249' title='bbox 837 1887 1066 1938; x_wconf 88' lang='lat' dir='ltr'><strong><em>alienum</em></strong></span> <span class='ocrx_word' id='word_1_250' title='bbox 1118 1885 1428 1951; x_wconf 86' lang='lat' dir='ltr'><strong><em>admittunt,</em></strong></span> <span class='ocrx_word' id='word_1_251' title='bbox 1460 1901 1620 1955; x_wconf 83' lang='lat' dir='ltr'><strong><em>neque</em></strong></span> <span class='ocrx_word' id='word_1_252' title='bbox 1653 1903 1769 1939; x_wconf 87' lang='lat' dir='ltr'><strong><em>eum</em></strong></span> <span class='ocrx_word' id='word_1_253' title='bbox 1810 1887 1900 1956; x_wconf 86' lang='lat' dir='ltr'><strong><em>qui</em></strong></span> 
     </span>
    </p>
   </div>
   <div class='ocr_carea' id='block_1_34' title="bbox 327 1974 1900 2047">
    <p class='ocr_par' dir='ltr' id='par_1_34' title="bbox 327 1974 1900 2047">
     <span class='ocr_line' id='line_1_34' title="bbox 327 1974 1900 2047; baseline 0.003 -20"><span class='ocrx_word' id='word_1_254' title='bbox 327 1974 615 2044; x_wconf 82' lang='lat' dir='ltr'><strong><em>aliquando</em></strong></span> <span class='ocrx_word' id='word_1_255' title='bbox 657 1993 933 2029; x_wconf 77' lang='lat' dir='ltr'><strong><em>conversus</em></strong></span> <span class='ocrx_word' id='word_1_256' title='bbox 976 1988 1089 2047; x_wconf 47' lang='lat' dir='ltr'><strong><em>est“</em></strong></span> <span class='ocrx_word' id='word_1_257' title='bbox 1137 1993 1295 2046; x_wconf 85' lang='lat' dir='ltr'><strong><em>neque</em></strong></span> <span class='ocrx_word' id='word_1_258' title='bbox 1339 1986 1593 2047; x_wconf 71' lang='lat' dir='ltr'><strong><em>(egrotum</em></strong></span> <span class='ocrx_word' id='word_1_259' title='bbox 1648 1987 1900 2047; x_wconf 86' lang='lat' dir='ltr'><strong><em>tanquam</em></strong></span> 
     </span>
    </p>
   </div>
   <div class='ocr_carea' id='block_1_35' title="bbox 326 2067 1896 2140">
    <p class='ocr_par' dir='ltr' id='par_1_35' title="bbox 326 2067 1896 2140">
     <span class='ocr_line' id='line_1_35' title="bbox 326 2067 1896 2140; baseline 0 -19"><span class='ocrx_word' id='word_1_260' title='bbox 326 2084 535 2122; x_wconf 79' lang='lat' dir='ltr'><strong><em>sanum.</em></strong></span> <span class='ocrx_word' id='word_1_261' title='bbox 573 2087 592 2117; x_wconf 87' lang='grc'><strong>‹</strong></span> <span class='ocrx_word' id='word_1_262' title='bbox 625 2067 692 2120; x_wconf 77' lang='lat' dir='ltr'><strong><em>Ut</em></strong></span> <span class='ocrx_word' id='word_1_263' title='bbox 733 2068 954 2122; x_wconf 82' lang='lat' dir='ltr'><strong><em>solveris</em></strong></span> <span class='ocrx_word' id='word_1_264' title='bbox 1005 2078 1255 2138; x_wconf 81' lang='lat' dir='ltr'><strong><em>tanquam</em></strong></span> <span class='ocrx_word' id='word_1_265' title='bbox 1298 2068 1514 2122; x_wconf 84' lang='lat' dir='ltr'><strong><em>damula</em></strong></span> <span class='ocrx_word' id='word_1_266' title='bbox 1551 2085 1578 2122; x_wconf 92' lang='lat' dir='ltr'><strong><em>e</em></strong></span> <span class='ocrx_word' id='word_1_267' title='bbox 1618 2068 1837 2140; x_wconf 84' lang='lat' dir='ltr'><strong><em>laqueis.</em></strong></span> <span class='ocrx_word' id='word_1_268' title='bbox 1876 2089 1896 2121; x_wconf 75' lang='grc' dir='ltr'><strong><em>ι</em></strong></span> 
     </span>
    </p>
   </div>
   <div class='ocr_carea' id='block_1_36' title="bbox 328 2156 1898 2230">
    <p class='ocr_par' dir='ltr' id='par_1_36' title="bbox 328 2156 1898 2230">
     <span class='ocr_line' id='line_1_36' title="bbox 328 2156 1898 2230; baseline 0.001 -18"><span class='ocrx_word' id='word_1_269' title='bbox 328 2156 430 2212; x_wconf 87' lang='lat' dir='ltr'><strong><em>Ubi</em></strong></span> <span class='ocrx_word' id='word_1_270' title='bbox 478 2158 734 2226; x_wconf 84' lang='lat' dir='ltr'><strong><em>Basilius,</em></strong></span> <span class='ocrx_word' id='word_1_271' title='bbox 774 2160 867 2228; x_wconf 90' lang='lat' dir='ltr'><strong><em>qui</em></strong></span> <span class='ocrx_word' id='word_1_272' title='bbox 906 2159 1029 2227; x_wconf 83' lang='lat' dir='ltr'><strong><em>ejus</em></strong></span> <span class='ocrx_word' id='word_1_273' title='bbox 1066 2175 1183 2214; x_wconf 89' lang='lat' dir='ltr'><strong><em>mos</em></strong></span> <span class='ocrx_word' id='word_1_274' title='bbox 1226 2168 1332 2223; x_wconf 89' lang='lat' dir='ltr'><strong><em>est,</em></strong></span> <span class='ocrx_word' id='word_1_275' title='bbox 1390 2158 1685 2230; x_wconf 68' lang='lat' dir='ltr'><strong><em>Scriptura:</em></strong></span> <span class='ocrx_word' id='word_1_276' title='bbox 1721 2162 1898 2215; x_wconf 90' lang='lat' dir='ltr'><strong><em>locum</em></strong></span> 
     </span>
    </p>
   </div>
   <div class='ocr_carea' id='block_1_37' title="bbox 327 2250 1901 2320">
    <p class='ocr_par' dir='ltr' id='par_1_37' title="bbox 327 2250 1901 2320">
     <span class='ocr_line' id='line_1_37' title="bbox 327 2250 1901 2320; baseline 0.003 -17"><span class='ocrx_word' id='word_1_277' title='bbox 327 2264 451 2303; x_wconf 88' lang='lat' dir='ltr'><strong><em>cum</em></strong></span> <span class='ocrx_word' id='word_1_278' title='bbox 481 2250 548 2305; x_wconf 90' lang='lat' dir='ltr'><strong><em>iis</em></strong></span> <span class='ocrx_word' id='word_1_279' title='bbox 575 2266 695 2320; x_wconf 67' lang='lat' dir='ltr'><strong><em>qua:</em></strong></span> <span class='ocrx_word' id='word_1_280' title='bbox 727 2251 1041 2320; x_wconf 74' lang='lat' dir='ltr'><strong><em>praecedunt</em></strong></span> <span class='ocrx_word' id='word_1_281' title='bbox 1079 2250 1266 2305; x_wconf 85' lang='lat' dir='ltr'><strong><em>verbis</em></strong></span> <span class='ocrx_word' id='word_1_282' title='bbox 1300 2258 1425 2320; x_wconf 85' lang='lat' dir='ltr'><strong><em>apte</em></strong></span> <span class='ocrx_word' id='word_1_283' title='bbox 1446 2252 1736 2307; x_wconf 83' lang='lat' dir='ltr'><strong><em>admodum</em></strong></span> <span class='ocrx_word' id='word_1_284' title='bbox 1769 2268 1901 2308; x_wconf 85' lang='lat' dir='ltr'><strong><em>con-</em></strong></span> 
     </span>
    </p>
   </div>
   <div class='ocr_carea' id='block_1_38' title="bbox 327 2340 1901 2411">
    <p class='ocr_par' dir='ltr' id='par_1_38' title="bbox 327 2340 1901 2411">
     <span class='ocr_line' id='line_1_38' title="bbox 327 2340 1901 2411; baseline 0.003 -16"><span class='ocrx_word' id='word_1_285' title='bbox 327 2340 495 2395; x_wconf 85' lang='lat' dir='ltr'><strong><em>nectit</em></strong></span> <span class='ocrx_word' id='word_1_286' title='bbox 526 2358 544 2395; x_wconf 81' lang='lat'><strong>:</strong></span> <span class='ocrx_word' id='word_1_287' title='bbox 573 2341 626 2394; x_wconf 92' lang='lat' dir='ltr'><strong><em>in</em></strong></span> <span class='ocrx_word' id='word_1_288' title='bbox 662 2356 936 2411; x_wconf 82' lang='lat' dir='ltr'><strong><em>anonymo</em></strong></span> <span class='ocrx_word' id='word_1_289' title='bbox 970 2357 1099 2397; x_wconf 75' lang='lat' dir='ltr'><strong><em>vero</em></strong></span> <span class='ocrx_word' id='word_1_290' title='bbox 1148 2342 1250 2397; x_wconf 86' lang='lat' dir='ltr'><strong><em>hoc</em></strong></span> <span class='ocrx_word' id='word_1_291' title='bbox 1304 2343 1445 2397; x_wconf 89' lang='lat' dir='ltr'><strong><em>idem</em></strong></span> <span class='ocrx_word' id='word_1_292' title='bbox 1480 2342 1901 2400; x_wconf 74' lang='lat' dir='ltr'><strong><em>Proverbiorum</em></strong></span> 
     </span>
    </p>
   </div>
   <div class='ocr_carea' id='block_1_39' title="bbox 324 2431 1902 2504">
    <p class='ocr_par' dir='ltr' id='par_1_39' title="bbox 324 2431 1902 2504">
     <span class='ocr_line' id='line_1_39' title="bbox 324 2431 1902 2504; baseline 0.003 -19"><span class='ocrx_word' id='word_1_293' title='bbox 324 2431 698 2486; x_wconf 86' lang='lat' dir='ltr'><strong><em>testimonium</em></strong></span> <span class='ocrx_word' id='word_1_294' title='bbox 748 2448 870 2487; x_wconf 91' lang='lat' dir='ltr'><strong><em>cum</em></strong></span> <span class='ocrx_word' id='word_1_295' title='bbox 930 2432 1199 2503; x_wconf 79' lang='lat' dir='ltr'><strong><em>superiori</em></strong></span> <span class='ocrx_word' id='word_1_296' title='bbox 1251 2434 1499 2488; x_wconf 86' lang='lat' dir='ltr'><strong><em>oratione</em></strong></span> <span class='ocrx_word' id='word_1_297' title='bbox 1531 2435 1700 2504; x_wconf 61' lang='lat' dir='ltr'><strong><em>{nullo</em></strong></span> <span class='ocrx_word' id='word_1_298' title='bbox 1740 2436 1902 2490; x_wconf 85' lang='lat' dir='ltr'><strong><em>modo</em></strong></span> 
     </span>
    </p>
   </div>
   <div class='ocr_carea' id='block_1_40' title="bbox 326 2524 1904 2593">
    <p class='ocr_par' dir='ltr' id='par_1_40' title="bbox 326 2524 1904 2593">
     <span class='ocr_line' id='line_1_40' title="bbox 326 2524 1904 2593; baseline 0.004 -18"><span class='ocrx_word' id='word_1_299' title='bbox 326 2524 630 2593; x_wconf 88' lang='lat' dir='ltr'><strong><em>copulatur.</em></strong></span> <span class='ocrx_word' id='word_1_300' title='bbox 684 2524 886 2579; x_wconf 86' lang='lat' dir='ltr'><strong><em>Deinde</em></strong></span> <span class='ocrx_word' id='word_1_301' title='bbox 931 2525 1037 2579; x_wconf 87' lang='lat' dir='ltr'><strong><em>alia</em></strong></span> <span class='ocrx_word' id='word_1_302' title='bbox 1081 2525 1173 2579; x_wconf 89' lang='lat' dir='ltr'><strong><em>illa</em></strong></span> <span class='ocrx_word' id='word_1_303' title='bbox 1214 2524 1533 2580; x_wconf 89' lang='lat' dir='ltr'><strong><em>eorumdem</em></strong></span> <span class='ocrx_word' id='word_1_304' title='bbox 1581 2525 1904 2581; x_wconf 86' lang='lat' dir='ltr'><strong><em>Proverbio-</em></strong></span> 
     </span>
    </p>
   </div>
   <div class='ocr_carea' id='block_1_41' title="bbox 326 2615 1903 2687">
    <p class='ocr_par' dir='ltr' id='par_1_41' title="bbox 326 2615 1903 2687">
     <span class='ocr_line' id='line_1_41' title="bbox 326 2615 1903 2687; baseline 0.003 -19"><span class='ocrx_word' id='word_1_305' title='bbox 326 2630 446 2669; x_wconf 88' lang='lat' dir='ltr'><strong><em>rum</em></strong></span> <span class='ocrx_word' id='word_1_306' title='bbox 475 2618 661 2678; x_wconf 80' lang='lat' dir='ltr'><strong><em>verba,</em></strong></span> <span class='ocrx_word' id='word_1_307' title='bbox 698 2615 839 2670; x_wconf 79' lang='lat' dir='ltr'><strong><em>Vade</em></strong></span> <span class='ocrx_word' id='word_1_308' title='bbox 865 2616 934 2669; x_wconf 92' lang='lat' dir='ltr'><strong><em>ad</em></strong></span> <span class='ocrx_word' id='word_1_309' title='bbox 954 2617 1260 2684; x_wconf 80' lang='lat' dir='ltr'><strong><em>formicam,</em></strong></span> <span class='ocrx_word' id='word_1_310' title='bbox 1286 2634 1316 2670; x_wconf 93' lang='grc' dir='ltr'><strong><em>ο</em></strong></span> <span class='ocrx_word' id='word_1_311' title='bbox 1343 2618 1486 2686; x_wconf 84' lang='lat' dir='ltr'><strong><em>piger</em></strong></span> <span class='ocrx_word' id='word_1_312' title='bbox 1512 2618 1576 2679; x_wconf 69' lang='grc' dir='ltr'><strong><em>ιδ,</em></strong></span> <span class='ocrx_word' id='word_1_313' title='bbox 1601 2619 1903 2687; x_wconf 85' lang='lat' dir='ltr'><strong><em>explanans</em></strong></span> 
     </span>
    </p>
   </div>
   <div class='ocr_carea' id='block_1_42' title="bbox 325 2706 1903 2780">
    <p class='ocr_par' dir='ltr' id='par_1_42' title="bbox 325 2706 1903 2780">
     <span class='ocr_line' id='line_1_42' title="bbox 325 2706 1903 2780; baseline 0.002 -21"><span class='ocrx_word' id='word_1_314' title='bbox 325 2720 632 2776; x_wconf 83' lang='lat' dir='ltr'><strong><em>anonymus</em></strong></span> <span class='ocrx_word' id='word_1_315' title='bbox 665 2706 776 2770; x_wconf 86' lang='lat' dir='ltr'><strong><em>ille,</em></strong></span> <span class='ocrx_word' id='word_1_316' title='bbox 815 2706 894 2761; x_wconf 89' lang='lat' dir='ltr'><strong><em>sic</em></strong></span> <span class='ocrx_word' id='word_1_317' title='bbox 925 2707 1117 2762; x_wconf 88' lang='lat' dir='ltr'><strong><em>scribit</em></strong></span> <span class='ocrx_word' id='word_1_318' title='bbox 1151 2707 1295 2778; x_wconf 89' lang='lat' dir='ltr'><strong><em>(pag.</em></strong></span> <span class='ocrx_word' id='word_1_319' title='bbox 1325 2707 1449 2778; x_wconf 80' lang='lat' dir='ltr'><strong><em>(il9)</em></strong></span> <span class='ocrx_word' id='word_1_320' title='bbox 1482 2726 1494 2760; x_wconf 90' lang='lat'><strong>:</strong></span> <span class='ocrx_word' id='word_1_321' title='bbox 1530 2709 1594 2763; x_wconf 86' lang='grc' dir='ltr'>Τί</span> <span class='ocrx_word' id='word_1_322' title='bbox 1624 2726 1903 2780; x_wconf 76' lang='grc' dir='ltr'>καταφρο-</span> 
     </span>
    </p>
   </div>
   <div class='ocr_carea' id='block_1_43' title="bbox 326 2795 1904 2870">
    <p class='ocr_par' dir='ltr' id='par_1_43' title="bbox 326 2795 1904 2870">
     <span class='ocr_line' id='line_1_43' title="bbox 326 2795 1904 2870; baseline 0.004 -23"><span class='ocrx_word' id='word_1_323' title='bbox 326 2799 437 2859; x_wconf 87' lang='grc' dir='ltr'>νεῖς</span> <span class='ocrx_word' id='word_1_324' title='bbox 466 2796 561 2850; x_wconf 84' lang='grc' dir='ltr'><strong><em>τοῦ</em></strong></span> <span class='ocrx_word' id='word_1_325' title='bbox 590 2795 823 2865; x_wconf 82' lang='grc' dir='ltr'><strong><em>μεγάλου</em></strong></span> <span class='ocrx_word' id='word_1_326' title='bbox 846 2797 1204 2862; x_wconf 80' lang='grc' dir='ltr'>διδασκάλου;</span> <span class='ocrx_word' id='word_1_327' title='bbox 1255 2798 1311 2850; x_wconf 80' lang='grc' dir='ltr'>Ὀ</span> <span class='ocrx_word' id='word_1_328' title='bbox 1337 2797 1561 2870; x_wconf 81' lang='grc' dir='ltr'><strong><em>μύρμηξ</em></strong></span> <span class='ocrx_word' id='word_1_329' title='bbox 1586 2816 1645 2851; x_wconf 86' lang='grc' dir='ltr'><strong><em>σε</em></strong></span> <span class='ocrx_word' id='word_1_330' title='bbox 1675 2800 1904 2870; x_wconf 85' lang='grc' dir='ltr'>διερεθι-</span> 
     </span>
    </p>
   </div>
   <div class='ocr_carea' id='block_1_44' title="bbox 328 2885 1901 2960">
    <p class='ocr_par' dir='ltr' id='par_1_44' title="bbox 328 2885 1901 2960">
     <span class='ocr_line' id='line_1_44' title="bbox 328 2885 1901 2960; baseline 0.003 -21"><span class='ocrx_word' id='word_1_331' title='bbox 328 2885 469 2950; x_wconf 77' lang='grc' dir='ltr'>ζέτω</span> <span class='ocrx_word' id='word_1_332' title='bbox 509 2887 645 2957; x_wconf 61' lang='grc' dir='ltr'>προς</span> <span class='ocrx_word' id='word_1_333' title='bbox 685 2886 783 2959; x_wconf 83' lang='grc' dir='ltr'>τὴν</span> <span class='ocrx_word' id='word_1_334' title='bbox 824 2886 1124 2957; x_wconf 80' lang='grc' dir='ltr'><strong><em>ἐνέργειαν.</em></strong></span> <span class='ocrx_word' id='word_1_335' title='bbox 1157 2887 1268 2941; x_wconf 80' lang='grc' dir='ltr'><strong><em>Καὶ</em></strong></span> <span class='ocrx_word' id='word_1_336' title='bbox 1308 2888 1444 2956; x_wconf 82' lang='grc' dir='ltr'>παρ’</span> <span class='ocrx_word' id='word_1_337' title='bbox 1471 2889 1705 2944; x_wconf 76' lang='grc' dir='ltr'>ἐκείνου</span> <span class='ocrx_word' id='word_1_338' title='bbox 1728 2890 1901 2960; x_wconf 78' lang='grc' dir='ltr'>μάθε.</span> 
     </span>
    </p>
   </div>
   <div class='ocr_carea' id='block_1_45' title="bbox 339 2973 1902 3052">
    <p class='ocr_par' dir='ltr' id='par_1_45' title="bbox 339 2973 1902 3052">
     <span class='ocr_line' id='line_1_45' title="bbox 339 2973 1902 3052; baseline 0.004 -24"><span class='ocrx_word' id='word_1_339' title='bbox 339 2977 574 3039; x_wconf 81' lang='grc' dir='ltr'>Ἐκεῖνος</span> <span class='ocrx_word' id='word_1_340' title='bbox 599 2976 660 3029; x_wconf 85' lang='grc' dir='ltr'><strong><em>οὐ</em></strong></span> <span class='ocrx_word' id='word_1_341' title='bbox 683 2976 1002 3031; x_wconf 85' lang='grc' dir='ltr'>διδάσκαλον</span> <span class='ocrx_word' id='word_1_342' title='bbox 1026 2973 1186 3041; x_wconf 80' lang='grc' dir='ltr'>οἶδεν,</span> <span class='ocrx_word' id='word_1_343' title='bbox 1220 2977 1320 3030; x_wconf 72' lang='grc' dir='ltr'><strong><em>οὐκ</em></strong></span> <span class='ocrx_word' id='word_1_344' title='bbox 1352 2978 1661 3050; x_wconf 81' lang='grc' dir='ltr'>ἀποδημίαν</span> <span class='ocrx_word' id='word_1_345' title='bbox 1696 2981 1902 3052; x_wconf 82' lang='grc' dir='ltr'>ἀπεδή-</span> 
     </span>
    </p>
   </div>
   <div class='ocr_carea' id='block_1_46' title="bbox 330 3068 1903 3140">
    <p class='ocr_par' dir='ltr' id='par_1_46' title="bbox 330 3068 1903 3140">
     <span class='ocr_line' id='line_1_46' title="bbox 330 3068 1903 3140; baseline 0.001 -18"><span class='ocrx_word' id='word_1_346' title='bbox 330 3087 522 3140; x_wconf 83' lang='grc' dir='ltr'>μησεν,</span> <span class='ocrx_word' id='word_1_347' title='bbox 554 3071 654 3123; x_wconf 84' lang='grc' dir='ltr'><strong><em>οὐκ</em></strong></span> <span class='ocrx_word' id='word_1_348' title='bbox 684 3068 853 3139; x_wconf 76' lang='grc' dir='ltr'>ἔμαθε</span> <span class='ocrx_word' id='word_1_349' title='bbox 884 3071 1220 3140; x_wconf 77' lang='grc' dir='ltr'>γεωργικοὺς</span> <span class='ocrx_word' id='word_1_350' title='bbox 1252 3068 1536 3138; x_wconf 84' lang='grc' dir='ltr'>λόγους....</span> <span class='ocrx_word' id='word_1_351' title='bbox 1574 3070 1738 3123; x_wconf 78' lang='grc' dir='ltr'>Οὐδὲν</span> <span class='ocrx_word' id='word_1_352' title='bbox 1776 3070 1903 3124; x_wconf 80' lang='grc' dir='ltr'>τού-</span> 
     </span>
    </p>
   </div>
   <div class='ocr_carea' id='block_1_47' title="bbox 325 3160 1901 3234">
    <p class='ocr_par' dir='ltr' id='par_1_47' title="bbox 325 3160 1901 3234">
     <span class='ocr_line' id='line_1_47' title="bbox 325 3160 1901 3234; baseline 0.001 -18"><span class='ocrx_word' id='word_1_353' title='bbox 325 3179 434 3216; x_wconf 83' lang='grc' dir='ltr'><strong><em>των</em></strong></span> <span class='ocrx_word' id='word_1_354' title='bbox 468 3162 748 3232; x_wconf 85' lang='grc' dir='ltr'>πάρεστιν·</span> <span class='ocrx_word' id='word_1_355' title='bbox 784 3160 920 3215; x_wconf 76' lang='grc' dir='ltr'>ἀλλὰ</span> <span class='ocrx_word' id='word_1_356' title='bbox 950 3163 1151 3233; x_wconf 75' lang='grc' dir='ltr'>φυσική</span> <span class='ocrx_word' id='word_1_357' title='bbox 1182 3181 1267 3226; x_wconf 79' lang='grc' dir='ltr'><strong><em>τις</em></strong></span> <span class='ocrx_word' id='word_1_358' title='bbox 1295 3164 1503 3234; x_wconf 85' lang='grc' dir='ltr'>ἀνάγκη</span> <span class='ocrx_word' id='word_1_359' title='bbox 1554 3162 1614 3216; x_wconf 84' lang='grc' dir='ltr'><strong><em>τὸ</em></strong></span> <span class='ocrx_word' id='word_1_360' title='bbox 1646 3162 1783 3229; x_wconf 81' lang='grc' dir='ltr'>ζῶον</span> <span class='ocrx_word' id='word_1_361' title='bbox 1818 3164 1901 3218; x_wconf 87' lang='grc' dir='ltr'><strong><em>δι-</em></strong></span> 
     </span>
    </p>
   </div>
   <div class='ocr_carea' id='block_1_48' title="bbox 328 3252 1901 3327">
    <p class='ocr_par' dir='ltr' id='par_1_48' title="bbox 328 3252 1901 3327">
     <span class='ocr_line' id='line_1_48' title="bbox 328 3252 1901 3327; baseline 0.001 -19"><span class='ocrx_word' id='word_1_362' title='bbox 328 3254 579 3327; x_wconf 76' lang='grc' dir='ltr'>ερεθίζει.</span> <span class='ocrx_word' id='word_1_363' title='bbox 622 3252 829 3308; x_wconf 79' lang='grc' dir='ltr'>Οὐκοῦν</span> <span class='ocrx_word' id='word_1_364' title='bbox 863 3257 895 3325; x_wconf 81' lang='grc' dir='ltr'>ἡ</span> <span class='ocrx_word' id='word_1_365' title='bbox 928 3254 1087 3323; x_wconf 81' lang='grc' dir='ltr'><strong><em>φύσις</em></strong></span> <span class='ocrx_word' id='word_1_366' title='bbox 1140 3255 1279 3308; x_wconf 81' lang='grc' dir='ltr'>τότε’</span> <span class='ocrx_word' id='word_1_367' title='bbox 1330 3256 1422 3308; x_wconf 76' lang='grc' dir='ltr'><strong><em>καὶ</em></strong></span> <span class='ocrx_word' id='word_1_368' title='bbox 1473 3256 1538 3308; x_wconf 82' lang='grc' dir='ltr'><strong><em>σὺ</em></strong></span> <span class='ocrx_word' id='word_1_369' title='bbox 1573 3256 1634 3326; x_wconf 87' lang='lat' dir='ltr'><strong><em>(l.</em></strong></span> <span class='ocrx_word' id='word_1_370' title='bbox 1666 3258 1768 3327; x_wconf 88' lang='grc' dir='ltr'>σοι)</span> <span class='ocrx_word' id='word_1_371' title='bbox 1802 3258 1901 3327; x_wconf 82' lang='grc' dir='ltr'><strong><em>τῆς</em></strong></span> 
     </span>
    </p>
   </div>
   <div class='ocr_carea' id='block_1_49' title="bbox 328 3347 1901 3420">
    <p class='ocr_par' dir='ltr' id='par_1_49' title="bbox 328 3347 1901 3420">
     <span class='ocr_line' id='line_1_49' title="bbox 328 3347 1901 3420; baseline 0.002 -19"><span class='ocrx_word' id='word_1_372' title='bbox 328 3348 551 3417; x_wconf 68' lang='grc' dir='ltr'>φύσεως</span> <span class='ocrx_word' id='word_1_373' title='bbox 571 3349 754 3418; x_wconf 79' lang='grc' dir='ltr'>παρίει</span> <span class='ocrx_word' id='word_1_374' title='bbox 778 3347 929 3415; x_wconf 85' lang='grc' dir='ltr'>λόγος</span> <span class='ocrx_word' id='word_1_375' title='bbox 957 3349 1144 3412; x_wconf 74' lang='grc' dir='ltr'>αἴτιος.</span> <span class='ocrx_word' id='word_1_376' title='bbox 1174 3348 1315 3415; x_wconf 83' lang='lat' dir='ltr'><strong><em>Quid</em></strong></span> <span class='ocrx_word' id='word_1_377' title='bbox 1336 3350 1624 3404; x_wconf 84' lang='lat' dir='ltr'><strong><em>contemnis</em></strong></span> <span class='ocrx_word' id='word_1_378' title='bbox 1653 3367 1901 3420; x_wconf 86' lang='lat' dir='ltr'><strong><em>magnum</em></strong></span> 
     </span>
    </p>
   </div>
   <div class='ocr_carea' id='block_1_50' title="bbox 327 3440 1899 3511">
    <p class='ocr_par' dir='ltr' id='par_1_50' title="bbox 327 3440 1899 3511">
     <span class='ocr_line' id='line_1_50' title="bbox 327 3440 1899 3511; baseline 0.003 -19"><span class='ocrx_word' id='word_1_379' title='bbox 327 3444 738 3510; x_wconf 76' lang='lat' dir='ltr'><strong><em>prwceptorem?</em></strong></span> <span class='ocrx_word' id='word_1_380' title='bbox 779 3440 1024 3493; x_wconf 83' lang='lat' dir='ltr'><strong><em>Formica</em></strong></span> <span class='ocrx_word' id='word_1_381' title='bbox 1062 3448 1110 3493; x_wconf 88' lang='lat' dir='ltr'><strong><em>te</em></strong></span> <span class='ocrx_word' id='word_1_382' title='bbox 1157 3441 1348 3495; x_wconf 78' lang='lat' dir='ltr'><strong><em>excitet</em></strong></span> <span class='ocrx_word' id='word_1_383' title='bbox 1401 3441 1470 3494; x_wconf 89' lang='lat' dir='ltr'><strong><em>ad</em></strong></span> <span class='ocrx_word' id='word_1_384' title='bbox 1522 3443 1899 3511; x_wconf 85' lang='lat' dir='ltr'><strong><em>operationem.</em></strong></span> 
     </span>
    </p>
   </div>
   <div class='ocr_carea' id='block_1_51' title="bbox 329 3531 1899 3604">
    <p class='ocr_par' dir='ltr' id='par_1_51' title="bbox 329 3531 1899 3604">
     <span class='ocr_line' id='line_1_51' title="bbox 329 3531 1899 3604; baseline 0.001 -19"><span class='ocrx_word' id='word_1_385' title='bbox 329 3532 396 3585; x_wconf 85' lang='lat' dir='ltr'><strong><em>Et</em></strong></span> <span class='ocrx_word' id='word_1_386' title='bbox 422 3532 490 3585; x_wconf 86' lang='lat' dir='ltr'><strong><em>ab</em></strong></span> <span class='ocrx_word' id='word_1_387' title='bbox 521 3532 610 3585; x_wconf 85' lang='lat' dir='ltr'><strong><em>illa</em></strong></span> <span class='ocrx_word' id='word_1_388' title='bbox 644 3533 813 3588; x_wconf 75' lang='lat' dir='ltr'><strong><em>disce.</em></strong></span> <span class='ocrx_word' id='word_1_389' title='bbox 847 3531 956 3586; x_wconf 86' lang='lat' dir='ltr'><strong><em>Illa</em></strong></span> <span class='ocrx_word' id='word_1_390' title='bbox 983 3549 1083 3585; x_wconf 89' lang='lat' dir='ltr'><strong><em>non</em></strong></span> <span class='ocrx_word' id='word_1_391' title='bbox 1110 3533 1249 3585; x_wconf 88' lang='lat' dir='ltr'><strong><em>novit</em></strong></span> <span class='ocrx_word' id='word_1_392' title='bbox 1278 3535 1612 3603; x_wconf 86' lang='lat' dir='ltr'><strong><em>magistrum,</em></strong></span> <span class='ocrx_word' id='word_1_393' title='bbox 1641 3551 1746 3588; x_wconf 87' lang='lat' dir='ltr'><strong><em>non</em></strong></span> <span class='ocrx_word' id='word_1_394' title='bbox 1777 3550 1899 3604; x_wconf 53' lang='lat' dir='ltr'><strong><em>pera</em></strong></span> 
     </span>
    </p>
   </div>
   <div class='ocr_carea' id='block_1_52' title="bbox 326 3620 1899 3693">
    <p class='ocr_par' dir='ltr' id='par_1_52' title="bbox 326 3620 1899 3693">
     <span class='ocr_line' id='line_1_52' title="bbox 326 3620 1899 3693; baseline 0 -16"><span class='ocrx_word' id='word_1_395' title='bbox 326 3639 446 3692; x_wconf 85' lang='lat' dir='ltr'><strong><em>egre</em></strong></span> <span class='ocrx_word' id='word_1_396' title='bbox 484 3622 718 3691; x_wconf 79' lang='lat' dir='ltr'><strong><em>profecta</em></strong></span> <span class='ocrx_word' id='word_1_397' title='bbox 755 3632 853 3687; x_wconf 89' lang='lat' dir='ltr'><strong><em>est,</em></strong></span> <span class='ocrx_word' id='word_1_398' title='bbox 902 3639 1005 3677; x_wconf 84' lang='lat' dir='ltr'><strong><em>non</em></strong></span> <span class='ocrx_word' id='word_1_399' title='bbox 1046 3620 1233 3675; x_wconf 87' lang='lat' dir='ltr'><strong><em>didicit</em></strong></span> <span class='ocrx_word' id='word_1_400' title='bbox 1265 3624 1607 3693; x_wconf 80' lang='lat' dir='ltr'><strong><em>agricultura:</em></strong></span> <span class='ocrx_word' id='word_1_401' title='bbox 1641 3633 1899 3677; x_wconf 88' lang='lat' dir='ltr'><strong><em>artem....</em></strong></span> 
     </span>
    </p>
   </div>
   <div class='ocr_carea' id='block_1_53' title="bbox 330 3711 1900 3784">
    <p class='ocr_par' dir='ltr' id='par_1_53' title="bbox 330 3711 1900 3784">
     <span class='ocr_line' id='line_1_53' title="bbox 330 3711 1900 3784; baseline -0.001 -18"><span class='ocrx_word' id='word_1_402' title='bbox 330 3711 482 3767; x_wconf 86' lang='lat' dir='ltr'><strong><em>Nihil</em></strong></span> <span class='ocrx_word' id='word_1_403' title='bbox 512 3714 701 3768; x_wconf 80' lang='lat' dir='ltr'><strong><em>horum</em></strong></span> <span class='ocrx_word' id='word_1_404' title='bbox 741 3714 888 3768; x_wconf 86' lang='lat' dir='ltr'><strong><em>adest</em></strong></span> <span class='ocrx_word' id='word_1_405' title='bbox 921 3731 939 3766; x_wconf 92' lang='lat'><em>:</em></span> <span class='ocrx_word' id='word_1_406' title='bbox 975 3711 1066 3766; x_wconf 81' lang='lat' dir='ltr'><strong><em>sed</em></strong></span> <span class='ocrx_word' id='word_1_407' title='bbox 1101 3714 1364 3768; x_wconf 87' lang='lat' dir='ltr'><strong><em>naturalis</em></strong></span> <span class='ocrx_word' id='word_1_408' title='bbox 1396 3714 1640 3784; x_wconf 69' lang='lat' dir='ltr'><strong><em>quaedam</em></strong></span> <span class='ocrx_word' id='word_1_409' title='bbox 1672 3714 1900 3768; x_wconf 86' lang='lat' dir='ltr'><strong><em>necessi-</em></strong></span> 
     </span>
    </p>
   </div>
   <div class='ocr_carea' id='block_1_54' title="bbox 329 3800 1900 3871">
    <p class='ocr_par' dir='ltr' id='par_1_54' title="bbox 329 3800 1900 3871">
     <span class='ocr_line' id='line_1_54' title="bbox 329 3800 1900 3871; baseline 0.002 -18"><span class='ocrx_word' id='word_1_410' title='bbox 329 3810 411 3855; x_wconf 88' lang='lat' dir='ltr'><strong><em>tas</em></strong></span> <span class='ocrx_word' id='word_1_411' title='bbox 435 3802 635 3855; x_wconf 86' lang='lat' dir='ltr'><strong><em>animal</em></strong></span> <span class='ocrx_word' id='word_1_412' title='bbox 659 3802 879 3856; x_wconf 86' lang='lat' dir='ltr'><strong><em>excitat.</em></strong></span> <span class='ocrx_word' id='word_1_413' title='bbox 919 3800 1106 3871; x_wconf 90' lang='lat' dir='ltr'><strong><em>Itaque</em></strong></span> <span class='ocrx_word' id='word_1_414' title='bbox 1136 3810 1335 3855; x_wconf 89' lang='lat' dir='ltr'><strong><em>natura</em></strong></span> <span class='ocrx_word' id='word_1_415' title='bbox 1362 3813 1523 3856; x_wconf 88' lang='lat' dir='ltr'><strong><em>tunc:</em></strong></span> <span class='ocrx_word' id='word_1_416' title='bbox 1554 3812 1603 3857; x_wconf 90' lang='lat' dir='ltr'><strong><em>et</em></strong></span> <span class='ocrx_word' id='word_1_417' title='bbox 1630 3803 1725 3856; x_wconf 87' lang='lat' dir='ltr'><strong><em>tibi</em></strong></span> <span class='ocrx_word' id='word_1_418' title='bbox 1754 3819 1900 3856; x_wconf 80' lang='lat' dir='ltr'><strong><em>acce-</em></strong></span> 
     </span>
    </p>
   </div>
   <div class='ocr_carea' id='block_1_55' title="bbox 328 3888 1901 3960">
    <p class='ocr_par' dir='ltr' id='par_1_55' title="bbox 328 3888 1901 3960">
     <span class='ocr_line' id='line_1_55' title="bbox 328 3888 1901 3960; baseline 0.006 -20"><span class='ocrx_word' id='word_1_419' title='bbox 328 3888 407 3942; x_wconf 89' lang='lat' dir='ltr'><strong><em>dit</em></strong></span> <span class='ocrx_word' id='word_1_420' title='bbox 440 3892 600 3951; x_wconf 87' lang='lat' dir='ltr'><strong><em>ratio,</em></strong></span> <span class='ocrx_word' id='word_1_421' title='bbox 632 3906 747 3960; x_wconf 74' lang='lat' dir='ltr'><strong><em>qum</em></strong></span> <span class='ocrx_word' id='word_1_422' title='bbox 777 3903 984 3945; x_wconf 65' lang='lat' dir='ltr'><strong><em>naturae</em></strong></span> <span class='ocrx_word' id='word_1_423' title='bbox 1017 3908 1205 3960; x_wconf 85' lang='lat' dir='ltr'><strong><em>parens</em></strong></span> <span class='ocrx_word' id='word_1_424' title='bbox 1228 3902 1324 3946; x_wconf 84' lang='lat' dir='ltr'><strong><em>est.</em></strong></span> <span class='ocrx_word' id='word_1_425' title='bbox 1353 3893 1563 3958; x_wconf 81' lang='lat' dir='ltr'><strong><em>Quibus</em></strong></span> <span class='ocrx_word' id='word_1_426' title='bbox 1618 3894 1673 3949; x_wconf 91' lang='lat' dir='ltr'><strong><em>in</em></strong></span> <span class='ocrx_word' id='word_1_427' title='bbox 1722 3895 1901 3949; x_wconf 80' lang='lat' dir='ltr'><strong><em>verbis</em></strong></span> 
     </span>
    </p>
   </div>
   <div class='ocr_carea' id='block_1_56' title="bbox 326 3980 1896 4055">
    <p class='ocr_par' dir='ltr' id='par_1_56' title="bbox 326 3980 1896 4055">
     <span class='ocr_line' id='line_1_56' title="bbox 326 3980 1896 4055; baseline 0.002 -22"><span class='ocrx_word' id='word_1_428' title='bbox 326 3980 464 4035; x_wconf 81' lang='lat' dir='ltr'><strong><em>nihil</em></strong></span> <span class='ocrx_word' id='word_1_429' title='bbox 505 3983 726 4037; x_wconf 87' lang='lat' dir='ltr'><strong><em>omnino</em></strong></span> <span class='ocrx_word' id='word_1_430' title='bbox 776 3981 1175 4045; x_wconf 83' lang='lat' dir='ltr'><strong><em>Basilianarum</em></strong></span> <span class='ocrx_word' id='word_1_431' title='bbox 1231 3983 1494 4045; x_wconf 83' lang='lat' dir='ltr'><strong><em>virtutum</em></strong></span> <span class='ocrx_word' id='word_1_432' title='bbox 1529 3984 1896 4055; x_wconf 88' lang='lat' dir='ltr'><strong><em>deprehendo.</em></strong></span> 
     </span>
    </p>
   </div>
   <div class='ocr_carea' id='block_1_57' title="bbox 324 4067 1894 4137">
    <p class='ocr_par' dir='ltr' id='par_1_57' title="bbox 324 4067 1894 4137">
     <span class='ocr_line' id='line_1_57' title="bbox 324 4067 1894 4137; baseline 0.004 -15"><span class='ocrx_word' id='word_1_433' title='bbox 324 4067 384 4122; x_wconf 83' lang='lat' dir='ltr'><strong><em>In</em></strong></span> <span class='ocrx_word' id='word_1_434' title='bbox 417 4071 531 4137; x_wconf 88' lang='lat' dir='ltr'><strong><em>illo,</em></strong></span> <span class='ocrx_word' id='word_1_435' title='bbox 567 4080 616 4125; x_wconf 90' lang='lat' dir='ltr'><strong><em>et</em></strong></span> <span class='ocrx_word' id='word_1_436' title='bbox 658 4072 721 4126; x_wconf 92' lang='lat' dir='ltr'><strong><em>ab</em></strong></span> <span class='ocrx_word' id='word_1_437' title='bbox 752 4073 847 4126; x_wconf 89' lang='lat' dir='ltr'><strong><em>illa</em></strong></span> <span class='ocrx_word' id='word_1_438' title='bbox 876 4072 1036 4133; x_wconf 84' lang='lat' dir='ltr'><strong><em>disce,</em></strong></span> <span class='ocrx_word' id='word_1_439' title='bbox 1077 4090 1182 4127; x_wconf 88' lang='lat' dir='ltr'><strong><em>non</em></strong></span> <span class='ocrx_word' id='word_1_440' title='bbox 1209 4070 1585 4129; x_wconf 79' lang='lat' dir='ltr'><strong><em>anhnadverto</em></strong></span> <span class='ocrx_word' id='word_1_441' title='bbox 1612 4076 1802 4129; x_wconf 89' lang='lat' dir='ltr'><strong><em>miram</em></strong></span> <span class='ocrx_word' id='word_1_442' title='bbox 1836 4077 1894 4129; x_wconf 92' lang='lat' dir='ltr'><strong><em>il-</em></strong></span> 
     </span>
    </p>
   </div>
   <div class='ocr_carea' id='block_1_58' title="bbox 325 4161 1898 4238">
    <p class='ocr_par' dir='ltr' id='par_1_58' title="bbox 325 4161 1898 4238">
     <span class='ocr_line' id='line_1_58' title="bbox 325 4161 1898 4238; baseline 0.004 -23"><span class='ocrx_word' id='word_1_443' title='bbox 325 4161 431 4217; x_wconf 88' lang='lat' dir='ltr'><strong><em>lam</em></strong></span> <span class='ocrx_word' id='word_1_444' title='bbox 466 4172 640 4219; x_wconf 86' lang='lat' dir='ltr'><strong><em>artem</em></strong></span> <span class='ocrx_word' id='word_1_445' title='bbox 692 4164 899 4232; x_wconf 84' lang='lat' dir='ltr'><strong><em>Basilii,</em></strong></span> <span class='ocrx_word' id='word_1_446' title='bbox 946 4182 1052 4235; x_wconf 89' lang='lat' dir='ltr'><strong><em>qua</em></strong></span> <span class='ocrx_word' id='word_1_447' title='bbox 1086 4166 1446 4223; x_wconf 87' lang='lat' dir='ltr'><strong><em>solertissime</em></strong></span> <span class='ocrx_word' id='word_1_448' title='bbox 1470 4176 1898 4238; x_wconf 86' lang='lat' dir='ltr'><strong><em>consequentem</em></strong></span> 
     </span>
    </p>
   </div>
   <div class='ocr_carea' id='block_1_59' title="bbox 323 4255 1901 4328">
    <p class='ocr_par' dir='ltr' id='par_1_59' title="bbox 323 4255 1901 4328">
     <span class='ocr_line' id='line_1_59' title="bbox 323 4255 1901 4328; baseline 0.004 -21"><span class='ocrx_word' id='word_1_449' title='bbox 323 4255 627 4310; x_wconf 83' lang='lat' dir='ltr'><strong><em>orationem</em></strong></span> <span class='ocrx_word' id='word_1_450' title='bbox 667 4257 927 4312; x_wconf 87' lang='lat' dir='ltr'><strong><em>anteriori</em></strong></span> <span class='ocrx_word' id='word_1_451' title='bbox 961 4257 1341 4316; x_wconf 86' lang='lat' dir='ltr'><strong><em>connectebat.</em></strong></span> <span class='ocrx_word' id='word_1_452' title='bbox 1373 4255 1430 4312; x_wconf 91' lang='lat' dir='ltr'><strong><em>ln</em></strong></span> <span class='ocrx_word' id='word_1_453' title='bbox 1456 4258 1567 4319; x_wconf 80' lang='lat' dir='ltr'><strong><em>illo.</em></strong></span> <span class='ocrx_word' id='word_1_454' title='bbox 1600 4260 1776 4328; x_wconf 86' lang='lat' dir='ltr'><strong><em>itaque</em></strong></span> <span class='ocrx_word' id='word_1_455' title='bbox 1803 4277 1901 4313; x_wconf 80' lang='lat' dir='ltr'><strong><em>na-</em></strong></span> 
     </span>
    </p>
   </div>
   <div class='ocr_carea' id='block_1_60' title="bbox 327 4350 1898 4421">
    <p class='ocr_par' dir='ltr' id='par_1_60' title="bbox 327 4350 1898 4421">
     <span class='ocr_line' id='line_1_60' title="bbox 327 4350 1898 4421; baseline 0.001 -16"><span class='ocrx_word' id='word_1_456' title='bbox 327 4354 447 4405; x_wconf 88' lang='lat' dir='ltr'><strong><em>lura</em></strong></span> <span class='ocrx_word' id='word_1_457' title='bbox 483 4360 623 4413; x_wconf 86' lang='lat' dir='ltr'><strong><em>tunc,</em></strong></span> <span class='ocrx_word' id='word_1_458' title='bbox 672 4351 807 4404; x_wconf 86' lang='lat' dir='ltr'><strong><em>nihil</em></strong></span> <span class='ocrx_word' id='word_1_459' title='bbox 855 4359 958 4411; x_wconf 89' lang='lat' dir='ltr'><strong><em>est,</em></strong></span> <span class='ocrx_word' id='word_1_460' title='bbox 1008 4350 1156 4421; x_wconf 91' lang='lat' dir='ltr'><strong><em>quod</em></strong></span> <span class='ocrx_word' id='word_1_461' title='bbox 1208 4350 1407 4406; x_wconf 89' lang='lat' dir='ltr'><strong><em>summi</em></strong></span> <span class='ocrx_word' id='word_1_462' title='bbox 1458 4350 1622 4419; x_wconf 85' lang='lat' dir='ltr'><strong><em>hujus</em></strong></span> <span class='ocrx_word' id='word_1_463' title='bbox 1650 4352 1754 4406; x_wconf 83' lang='lat' dir='ltr'><strong><em>viri</em></strong></span> <span class='ocrx_word' id='word_1_464' title='bbox 1786 4352 1898 4406; x_wconf 89' lang='lat' dir='ltr'><strong><em>elo-</em></strong></span> 
     </span>
    </p>
   </div>
   <div class='ocr_carea' id='block_1_61' title="bbox 324 4442 1971 4527">
    <p class='ocr_par' dir='ltr' id='par_1_61' title="bbox 324 4442 1971 4527">
     <span class='ocr_line' id='line_1_61' title="bbox 324 4442 1971 4527; baseline 0.001 -32"><span class='ocrx_word' id='word_1_465' title='bbox 324 4443 603 4512; x_wconf 88' lang='lat' dir='ltr'><strong><em>quentiam</em></strong></span> <span class='ocrx_word' id='word_1_466' title='bbox 640 4442 834 4512; x_wconf 86' lang='lat' dir='ltr'><strong><em>sapiat.</em></strong></span> <span class='ocrx_word' id='word_1_467' title='bbox 870 4442 927 4496; x_wconf 86' lang='grc' dir='ltr'><strong><em>ιη</em></strong></span> <span class='ocrx_word' id='word_1_468' title='bbox 974 4443 1087 4504; x_wconf 90' lang='lat' dir='ltr'><strong><em>illo.</em></strong></span> <span class='ocrx_word' id='word_1_469' title='bbox 1124 4452 1174 4496; x_wconf 89' lang='lat' dir='ltr'><strong><em>et</em></strong></span> <span class='ocrx_word' id='word_1_470' title='bbox 1219 4443 1316 4497; x_wconf 88' lang='lat' dir='ltr'><strong><em>tibi</em></strong></span> <span class='ocrx_word' id='word_1_471' title='bbox 1351 4442 1550 4498; x_wconf 84' lang='lat' dir='ltr'><strong><em>accedit</em></strong></span> <span class='ocrx_word' id='word_1_472' title='bbox 1588 4443 1746 4507; x_wconf 89' lang='lat' dir='ltr'><strong><em>ratio,</em></strong></span> <span class='ocrx_word' id='word_1_473' title='bbox 1778 4458 1894 4513; x_wconf 77' lang='lat' dir='ltr'><strong><em>qua:</em></strong></span> <span class='ocrx_word' id='word_1_474' title='bbox 1926 4470 1971 4527; x_wconf 73' lang='grc' dir='ltr'>ο</span> 
     </span>
    </p>
   </div>
   <div class='ocr_carea' id='block_1_62' title="bbox 322 4533 1894 4606">
    <p class='ocr_par' dir='ltr' id='par_1_62' title="bbox 322 4533 1894 4606">
     <span class='ocr_line' id='line_1_62' title="bbox 322 4533 1894 4606; baseline 0.002 -19"><span class='ocrx_word' id='word_1_475' title='bbox 322 4545 532 4588; x_wconf 76' lang='lat' dir='ltr'><strong><em>naturm</em></strong></span> <span class='ocrx_word' id='word_1_476' title='bbox 568 4550 757 4602; x_wconf 88' lang='lat' dir='ltr'><strong><em>parens</em></strong></span> <span class='ocrx_word' id='word_1_477' title='bbox 786 4544 885 4596; x_wconf 80' lang='lat' dir='ltr'><strong><em>est,</em></strong></span> <span class='ocrx_word' id='word_1_478' title='bbox 921 4550 989 4588; x_wconf 90' lang='lat' dir='ltr'><strong><em>ne</em></strong></span> <span class='ocrx_word' id='word_1_479' title='bbox 1022 4536 1314 4606; x_wconf 79' lang='lat' dir='ltr'><strong><em>vestigium</em></strong></span> <span class='ocrx_word' id='word_1_480' title='bbox 1345 4533 1564 4605; x_wconf 90' lang='lat' dir='ltr'><strong><em>quidem</em></strong></span> <span class='ocrx_word' id='word_1_481' title='bbox 1595 4542 1773 4590; x_wconf 81' lang='lat' dir='ltr'><strong><em>exstat</em></strong></span> <span class='ocrx_word' id='word_1_482' title='bbox 1798 4549 1894 4590; x_wconf 75' lang='lat' dir='ltr'><strong><em>ex-</em></strong></span> 
     </span>
    </p>
   </div>
   <div class='ocr_carea' id='block_1_63' title="bbox 321 4624 1892 4705">
    <p class='ocr_par' dir='ltr' id='par_1_63' title="bbox 321 4624 1892 4705">
     <span class='ocr_line' id='line_1_63' title="bbox 321 4624 1892 4705; baseline 0.001 -28"><span class='ocrx_word' id='word_1_483' title='bbox 321 4624 511 4693; x_wconf 87' lang='lat' dir='ltr'><strong><em>quisiti</em></strong></span> <span class='ocrx_word' id='word_1_484' title='bbox 539 4625 687 4680; x_wconf 88' lang='lat' dir='ltr'><strong><em>illius</em></strong></span> <span class='ocrx_word' id='word_1_485' title='bbox 712 4624 928 4694; x_wconf 90' lang='lat' dir='ltr'><strong><em>judicii,</em></strong></span> <span class='ocrx_word' id='word_1_486' title='bbox 953 4640 1062 4694; x_wconf 85' lang='lat' dir='ltr'><strong><em>quo</em></strong></span> <span class='ocrx_word' id='word_1_487' title='bbox 1083 4626 1383 4681; x_wconf 83' lang='lat' dir='ltr'><strong><em>excellebat</em></strong></span> <span class='ocrx_word' id='word_1_488' title='bbox 1405 4624 1661 4705; x_wconf 84' lang='lat' dir='ltr'><strong><em>Basilius.</em></strong></span> <span class='ocrx_word' id='word_1_489' title='bbox 1689 4624 1892 4679; x_wconf 86' lang='lat' dir='ltr'><strong><em>Natura</em></strong></span> 
     </span>
    </p>
   </div>
   <div class='ocr_carea' id='block_1_64' title="bbox 320 4716 1892 4787">
    <p class='ocr_par' dir='ltr' id='par_1_64' title="bbox 320 4716 1892 4787">
     <span class='ocr_line' id='line_1_64' title="bbox 320 4716 1892 4787; baseline 0.001 -19"><span class='ocrx_word' id='word_1_490' title='bbox 320 4716 554 4770; x_wconf 88' lang='lat' dir='ltr'><strong><em>rationis</em></strong></span> <span class='ocrx_word' id='word_1_491' title='bbox 584 4732 782 4785; x_wconf 88' lang='lat' dir='ltr'><strong><em>parens</em></strong></span> <span class='ocrx_word' id='word_1_492' title='bbox 817 4723 923 4779; x_wconf 90' lang='lat' dir='ltr'><strong><em>est,</em></strong></span> <span class='ocrx_word' id='word_1_493' title='bbox 972 4731 1082 4770; x_wconf 91' lang='lat' dir='ltr'><strong><em>non</em></strong></span> <span class='ocrx_word' id='word_1_494' title='bbox 1116 4717 1258 4771; x_wconf 88' lang='lat' dir='ltr'><strong><em>ratio</em></strong></span> <span class='ocrx_word' id='word_1_495' title='bbox 1306 4732 1504 4787; x_wconf 89' lang='lat' dir='ltr'><strong><em>parens</em></strong></span> <span class='ocrx_word' id='word_1_496' title='bbox 1532 4724 1617 4772; x_wconf 86' lang='lat' dir='ltr'><strong><em>est</em></strong></span> <span class='ocrx_word' id='word_1_497' title='bbox 1663 4724 1892 4772; x_wconf 58' lang='lat' dir='ltr'><strong><em>natura.</em></strong></span> 
     </span>
    </p>
   </div>
   <div class='ocr_carea' id='block_1_65' title="bbox 319 4803 1890 4878">
    <p class='ocr_par' dir='ltr' id='par_1_65' title="bbox 319 4803 1890 4878">
     <span class='ocr_line' id='line_1_65' title="bbox 319 4803 1890 4878; baseline 0.001 -19"><span class='ocrx_word' id='word_1_498' title='bbox 319 4803 483 4860; x_wconf 80' lang='lat' dir='ltr'><strong><em>Ratio</em></strong></span> <span class='ocrx_word' id='word_1_499' title='bbox 515 4816 723 4862; x_wconf 64' lang='lat' dir='ltr'><strong><em>naturae</em></strong></span> <span class='ocrx_word' id='word_1_500' title='bbox 763 4805 976 4861; x_wconf 77' lang='lat' dir='ltr'><strong><em>frenum</em></strong></span> <span class='ocrx_word' id='word_1_501' title='bbox 1009 4814 1114 4866; x_wconf 86' lang='lat' dir='ltr'><strong><em>est.</em></strong></span> <span class='ocrx_word' id='word_1_502' title='bbox 1144 4807 1374 4878; x_wconf 88' lang='lat' dir='ltr'><strong><em>ejusque</em></strong></span> <span class='ocrx_word' id='word_1_503' title='bbox 1398 4808 1751 4867; x_wconf 82' lang='lat' dir='ltr'><strong><em>moderatrix,</em></strong></span> <span class='ocrx_word' id='word_1_504' title='bbox 1784 4824 1890 4862; x_wconf 89' lang='lat' dir='ltr'><strong><em>non</em></strong></span> 
     </span>
    </p>
   </div>
   <div class='ocr_carea' id='block_1_66' title="bbox 321 4886 1891 4968">
    <p class='ocr_par' dir='ltr' id='par_1_66' title="bbox 321 4886 1891 4968">
     <span class='ocr_line' id='line_1_66' title="bbox 321 4886 1891 4968; baseline -0.001 -15"><span class='ocrx_word' id='word_1_505' title='bbox 321 4912 512 4963; x_wconf 87' lang='lat' dir='ltr'><strong><em>causa,</em></strong></span> <span class='ocrx_word' id='word_1_506' title='bbox 549 4913 657 4952; x_wconf 88' lang='lat' dir='ltr'><strong><em>non</em></strong></span> <span class='ocrx_word' id='word_1_507' title='bbox 699 4898 873 4968; x_wconf 83' lang='lat' dir='ltr'><strong><em>origo.</em></strong></span> <span class='ocrx_word' id='word_1_508' title='bbox 908 4897 1200 4967; x_wconf 85' lang='lat' dir='ltr'><strong><em>Aliquanto</em></strong></span> <span class='ocrx_word' id='word_1_509' title='bbox 1234 4906 1357 4968; x_wconf 89' lang='lat' dir='ltr'><strong><em>post</em></strong></span> <span class='ocrx_word' id='word_1_510' title='bbox 1393 4907 1584 4953; x_wconf 86' lang='lat' dir='ltr'><strong><em>auctor</em></strong></span> <span class='ocrx_word' id='word_1_511' title='bbox 1618 4900 1690 4952; x_wconf 89' lang='lat' dir='ltr'><strong><em>ita</em></strong></span> <span class='ocrx_word' id='word_1_512' title='bbox 1717 4886 1891 4968; x_wconf 78' lang='lat' dir='ltr'><strong><em>loqui-</em></strong></span> 
     </span>
    </p>
   </div>
   <div class='ocr_carea' id='block_1_67' title="bbox 320 4986 1889 5061">
    <p class='ocr_par' dir='ltr' id='par_1_67' title="bbox 320 4986 1889 5061">
     <span class='ocr_line' id='line_1_67' title="bbox 320 4986 1889 5061; baseline 0.001 -23"><span class='ocrx_word' id='word_1_513' title='bbox 320 4994 411 5039; x_wconf 89' lang='lat' dir='ltr'><strong><em>tur</em></strong></span> <span class='ocrx_word' id='word_1_514' title='bbox 459 4986 606 5057; x_wconf 86' lang='lat' dir='ltr'><strong><em>(pag.</em></strong></span> <span class='ocrx_word' id='word_1_515' title='bbox 648 4986 774 5056; x_wconf 71' lang='lat'><strong><em>620)</em></strong></span> <span class='ocrx_word' id='word_1_516' title='bbox 825 5005 838 5041; x_wconf 91' lang='lat'><strong>:</strong></span> <span class='ocrx_word' id='word_1_517' title='bbox 890 4987 1125 5040; x_wconf 83' lang='grc' dir='ltr'>Ἐκεῖνον</span> <span class='ocrx_word' id='word_1_518' title='bbox 1182 4988 1281 5057; x_wconf 77' lang='grc' dir='ltr'><strong><em>μὲν</em></strong></span> <span class='ocrx_word' id='word_1_519' title='bbox 1343 4988 1537 5061; x_wconf 77' lang='grc' dir='ltr'>μικρὸν</span> <span class='ocrx_word' id='word_1_520' title='bbox 1588 4987 1889 5053; x_wconf 83' lang='grc' dir='ltr'>ὠνείδισας,</span> 
     </span>
    </p>
   </div>
   <div class='ocr_carea' id='block_1_68' title="bbox 322 5076 1894 5151">
    <p class='ocr_par' dir='ltr' id='par_1_68' title="bbox 322 5076 1894 5151">
     <span class='ocr_line' id='line_1_68' title="bbox 322 5076 1894 5151; baseline 0.001 -21"><span class='ocrx_word' id='word_1_521' title='bbox 322 5078 549 5131; x_wconf 84' lang='grc' dir='ltr'>σεαυτὸν</span> <span class='ocrx_word' id='word_1_522' title='bbox 576 5077 633 5131; x_wconf 79' lang='grc' dir='ltr'>δὲ</span> <span class='ocrx_word' id='word_1_523' title='bbox 656 5076 978 5143; x_wconf 81' lang='grc' dir='ltr'>ἀπέκτεινας</span> <span class='ocrx_word' id='word_1_524' title='bbox 1007 5081 1073 5151; x_wconf 79' lang='grc' dir='ltr'>τῇ</span> <span class='ocrx_word' id='word_1_525' title='bbox 1108 5082 1360 5151; x_wconf 84' lang='grc' dir='ltr'>παρακοῇ</span> <span class='ocrx_word' id='word_1_526' title='bbox 1386 5080 1484 5151; x_wconf 81' lang='grc' dir='ltr'><strong><em>τῆς</em></strong></span> <span class='ocrx_word' id='word_1_527' title='bbox 1510 5079 1746 5149; x_wconf 78' lang='grc' dir='ltr'>ἐντολῆς.</span> <span class='ocrx_word' id='word_1_528' title='bbox 1770 5082 1894 5146; x_wconf 87' lang='grc' dir='ltr'><strong><em>Μη-</em></strong></span> 
     </span>
    </p>
   </div>
   <div class='ocr_carea' id='block_1_69' title="bbox 320 5167 1888 5241">
    <p class='ocr_par' dir='ltr' id='par_1_69' title="bbox 320 5167 1888 5241">
     <span class='ocr_line' id='line_1_69' title="bbox 320 5167 1888 5241; baseline 0.001 -20"><span class='ocrx_word' id='word_1_529' title='bbox 320 5168 444 5222; x_wconf 76' lang='grc' dir='ltr'><strong><em>δενὶ</em></strong></span> <span class='ocrx_word' id='word_1_530' title='bbox 476 5169 665 5223; x_wconf 73' lang='grc' dir='ltr'>κακὸν</span> <span class='ocrx_word' id='word_1_531' title='bbox 695 5171 827 5225; x_wconf 70' lang='grc' dir='ltr'><strong><em>ἀντὶ</em></strong></span> <span class='ocrx_word' id='word_1_532' title='bbox 857 5171 1042 5225; x_wconf 79' lang='grc' dir='ltr'>κακοῦ</span> <span class='ocrx_word' id='word_1_533' title='bbox 1076 5170 1481 5237; x_wconf 78' lang='grc' dir='ltr'><strong><em>ἀποδιδόντες.</em></strong></span> <span class='ocrx_word' id='word_1_534' title='bbox 1517 5167 1669 5234; x_wconf 76' lang='grc' dir='ltr'>Εἶδες</span> <span class='ocrx_word' id='word_1_535' title='bbox 1702 5170 1821 5233; x_wconf 85' lang='grc' dir='ltr'><strong><em>πῶς</em></strong></span> <span class='ocrx_word' id='word_1_536' title='bbox 1856 5172 1888 5241; x_wconf 81' lang='grc' dir='ltr'><strong>ἡ</strong></span> 
     </span>
    </p>
   </div>
   <div class='ocr_carea' id='block_1_70' title="bbox 324 5260 1893 5334">
    <p class='ocr_par' dir='ltr' id='par_1_70' title="bbox 324 5260 1893 5334">
     <span class='ocr_line' id='line_1_70' title="bbox 324 5260 1893 5334; baseline 0.002 -22"><span class='ocrx_word' id='word_1_537' title='bbox 324 5260 553 5330; x_wconf 77' lang='grc' dir='ltr'>μέλισσα</span> <span class='ocrx_word' id='word_1_538' title='bbox 578 5260 654 5331; x_wconf 77' lang='grc' dir='ltr'>τῷ</span> <span class='ocrx_word' id='word_1_539' title='bbox 676 5261 885 5333; x_wconf 78' lang='grc' dir='ltr'>κέντρῳ</span> <span class='ocrx_word' id='word_1_540' title='bbox 904 5262 1000 5332; x_wconf 80' lang='grc' dir='ltr'>τὴν</span> <span class='ocrx_word' id='word_1_541' title='bbox 1021 5263 1163 5333; x_wconf 74' lang='grc' dir='ltr'>ζωὴν</span> <span class='ocrx_word' id='word_1_542' title='bbox 1192 5264 1474 5334; x_wconf 73' lang='grc' dir='ltr'>ὲναφίησι;</span> <span class='ocrx_word' id='word_1_543' title='bbox 1502 5263 1661 5316; x_wconf 86' lang='lat' dir='ltr'><strong><em>Illum</em></strong></span> <span class='ocrx_word' id='word_1_544' title='bbox 1686 5262 1893 5333; x_wconf 87' lang='lat' dir='ltr'><strong><em>quidem</em></strong></span> 
     </span>
    </p>
   </div>
   <div class='ocr_carea' id='block_1_71' title="bbox 320 5351 1895 5424">
    <p class='ocr_par' dir='ltr' id='par_1_71' title="bbox 320 5351 1895 5424">
     <span class='ocr_line' id='line_1_71' title="bbox 320 5351 1895 5424; baseline 0.001 -21"><span class='ocrx_word' id='word_1_545' title='bbox 320 5351 595 5419; x_wconf 80' lang='lat' dir='ltr'><strong><em>paululum</em></strong></span> <span class='ocrx_word' id='word_1_546' title='bbox 630 5351 822 5420; x_wconf 86' lang='lat' dir='ltr'><strong><em>probro</em></strong></span> <span class='ocrx_word' id='word_1_547' title='bbox 853 5352 1097 5421; x_wconf 74' lang='lat' dir='ltr'><strong><em>affecisti,</em></strong></span> <span class='ocrx_word' id='word_1_548' title='bbox 1130 5364 1183 5406; x_wconf 90' lang='lat' dir='ltr'><strong><em>at</em></strong></span> <span class='ocrx_word' id='word_1_549' title='bbox 1216 5354 1437 5424; x_wconf 88' lang='lat' dir='ltr'><strong><em>teipsum</em></strong></span> <span class='ocrx_word' id='word_1_550' title='bbox 1466 5352 1775 5406; x_wconf 84' lang='lat' dir='ltr'><strong><em>interemisti</em></strong></span> <span class='ocrx_word' id='word_1_551' title='bbox 1804 5367 1895 5419; x_wconf 86' lang='lat' dir='ltr'><strong><em>per</em></strong></span> 
     </span>
    </p>
   </div>
   <div class='ocr_carea' id='block_1_72' title="bbox 394 5466 1407 5576">
    <p class='ocr_par' dir='ltr' id='par_1_72' title="bbox 394 5466 1407 5576">
     <span class='ocr_line' id='line_1_72' title="bbox 394 5466 1407 5576; baseline 0.002 -16"><span class='ocrx_word' id='word_1_552' title='bbox 394 5466 447 5539; x_wconf 9' lang='grc' dir='ltr'><strong><em>¹⁸Ὶ</em></strong></span> <span class='ocrx_word' id='word_1_553' title='bbox 476 5505 635 5563; x_wconf 87' lang='lat' dir='ltr'><strong><em>Prov.</em></strong></span> <span class='ocrx_word' id='word_1_554' title='bbox 669 5524 752 5573; x_wconf 76' lang='lat' dir='ltr'><strong><em>v1,</em></strong></span> <span class='ocrx_word' id='word_1_555' title='bbox 787 5506 840 5565; x_wconf 90' lang='lat'><strong><em>6.</em></strong></span> <span class='ocrx_word' id='word_1_556' title='bbox 919 5508 961 5541; x_wconf 80' lang='lat'><strong>“</strong></span> <span class='ocrx_word' id='word_1_557' title='bbox 984 5507 1136 5564; x_wconf 79' lang='lat' dir='ltr'><strong><em>Rom.</em></strong></span> <span class='ocrx_word' id='word_1_558' title='bbox 1174 5524 1284 5576; x_wconf 78' lang='lat' dir='ltr'><strong><em>xu,</em></strong></span> <span class='ocrx_word' id='word_1_559' title='bbox 1320 5509 1407 5562; x_wconf 81' lang='lat' dir='ltr'><strong><em>l7.</em></strong></span> 
     </span>
    </p>
   </div>
   <div class='ocr_carea' id='block_1_73' title="bbox 1999 1888 3566 1958">
    <p class='ocr_par' dir='ltr' id='par_1_73' title="bbox 1999 1888 3566 1958">
     <span class='ocr_line' id='line_1_73' title="bbox 1999 1888 3566 1958; baseline 0.003 -17"><span class='ocrx_word' id='word_1_560' title='bbox 1999 1888 2234 1942; x_wconf 87' lang='lat' dir='ltr'><strong><em>decenter</em></strong></span> <span class='ocrx_word' id='word_1_561' title='bbox 2258 1889 2659 1943; x_wconf 85' lang='lat' dir='ltr'><strong><em>circumstantes</em></strong></span> <span class='ocrx_word' id='word_1_562' title='bbox 2689 1889 2964 1958; x_wconf 86' lang='lat' dir='ltr'><strong><em>spirituale</em></strong></span> <span class='ocrx_word' id='word_1_563' title='bbox 2990 1889 3335 1944; x_wconf 88' lang='lat' dir='ltr'><strong><em>auditorium.</em></strong></span> <span class='ocrx_word' id='word_1_564' title='bbox 3357 1889 3566 1945; x_wconf 62' lang='lat' dir='ltr'><strong><em>Caetera</em></strong></span> 
     </span>
    </p>
   </div>
   <div class='ocr_carea' id='block_1_74' title="bbox 2000 1980 3570 2053">
    <p class='ocr_par' dir='ltr' id='par_1_74' title="bbox 2000 1980 3570 2053">
     <span class='ocr_line' id='line_1_74' title="bbox 2000 1980 3570 2053; baseline 0.001 -20"><span class='ocrx_word' id='word_1_565' title='bbox 2000 1996 2107 2034; x_wconf 88' lang='lat' dir='ltr'><strong><em>non</em></strong></span> <span class='ocrx_word' id='word_1_566' title='bbox 2154 1980 2403 2051; x_wconf 87' lang='lat' dir='ltr'><strong><em>improbo</em></strong></span> <span class='ocrx_word' id='word_1_567' title='bbox 2434 2000 2447 2036; x_wconf 87' lang='lat'><strong>:</strong></span> <span class='ocrx_word' id='word_1_568' title='bbox 2479 1981 2575 2036; x_wconf 86' lang='lat' dir='ltr'><strong><em>sed</em></strong></span> <span class='ocrx_word' id='word_1_569' title='bbox 2621 1995 2807 2034; x_wconf 85' lang='lat' dir='ltr'><strong><em>vocem</em></strong></span> <span class='ocrx_word' id='word_1_570' title='bbox 2851 1981 3213 2053; x_wconf 81' lang='grc' dir='ltr'>ἀκροατήριον</span> <span class='ocrx_word' id='word_1_571' title='bbox 3242 1981 3386 2052; x_wconf 87' lang='lat' dir='ltr'><strong><em>apud</em></strong></span> <span class='ocrx_word' id='word_1_572' title='bbox 3421 1980 3570 2036; x_wconf 85' lang='lat' dir='ltr'><strong><em>Basi-</em></strong></span> 
     </span>
    </p>
   </div>
   <div class='ocr_carea' id='block_1_75' title="bbox 2001 2071 3564 2138">
    <p class='ocr_par' dir='ltr' id='par_1_75' title="bbox 2001 2071 3564 2138">
     <span class='ocr_line' id='line_1_75' title="bbox 2001 2071 3564 2138; baseline 0 -13"><span class='ocrx_word' id='word_1_573' title='bbox 2001 2072 2132 2127; x_wconf 90' lang='lat' dir='ltr'><strong><em>lium</em></strong></span> <span class='ocrx_word' id='word_1_574' title='bbox 2183 2072 2501 2127; x_wconf 86' lang='lat' dir='ltr'><strong><em>inusitatam</em></strong></span> <span class='ocrx_word' id='word_1_575' title='bbox 2541 2087 2663 2127; x_wconf 85' lang='lat' dir='ltr'><strong><em>esse</em></strong></span> <span class='ocrx_word' id='word_1_576' title='bbox 2692 2071 2954 2126; x_wconf 89' lang='lat' dir='ltr'><strong><em>arbitror.</em></strong></span> <span class='ocrx_word' id='word_1_577' title='bbox 2987 2071 3244 2138; x_wconf 84' lang='lat' dir='ltr'><strong><em>Basilius,</em></strong></span> <span class='ocrx_word' id='word_1_578' title='bbox 3283 2073 3330 2128; x_wconf 89' lang='lat' dir='ltr'><strong><em>si</em></strong></span> <span class='ocrx_word' id='word_1_579' title='bbox 3368 2072 3564 2127; x_wconf 89' lang='lat' dir='ltr'><strong><em>horum</em></strong></span> 
     </span>
    </p>
   </div>
   <div class='ocr_carea' id='block_1_76' title="bbox 2002 2163 3567 2233">
    <p class='ocr_par' dir='ltr' id='par_1_76' title="bbox 2002 2163 3567 2233">
     <span class='ocr_line' id='line_1_76' title="bbox 2002 2163 3567 2233; baseline -0.001 -16"><span class='ocrx_word' id='word_1_580' title='bbox 2002 2179 2201 2233; x_wconf 85' lang='lat' dir='ltr'><strong><em>parens</em></strong></span> <span class='ocrx_word' id='word_1_581' title='bbox 2231 2174 2398 2230; x_wconf 88' lang='lat' dir='ltr'><strong><em>esset,</em></strong></span> <span class='ocrx_word' id='word_1_582' title='bbox 2433 2164 2507 2216; x_wconf 89' lang='lat' dir='ltr'><strong><em>ita</em></strong></span> <span class='ocrx_word' id='word_1_583' title='bbox 2531 2164 2936 2233; x_wconf 84' lang='lat' dir='ltr'><strong><em>composuisset</em></strong></span> <span class='ocrx_word' id='word_1_584' title='bbox 2971 2163 3272 2218; x_wconf 88' lang='lat' dir='ltr'><strong><em>orationem</em></strong></span> <span class='ocrx_word' id='word_1_585' title='bbox 3306 2178 3483 2228; x_wconf 85' lang='lat' dir='ltr'><strong><em>suam,</em></strong></span> <span class='ocrx_word' id='word_1_586' title='bbox 3509 2170 3567 2216; x_wconf 85' lang='lat' dir='ltr'><strong><em>ut</em></strong></span> 
     </span>
    </p>
   </div>
   <div class='ocr_carea' id='block_1_77' title="bbox 2001 2252 3568 2325">
    <p class='ocr_par' dir='ltr' id='par_1_77' title="bbox 2001 2252 3568 2325">
     <span class='ocr_line' id='line_1_77' title="bbox 2001 2252 3568 2325; baseline -0.004 -16"><span class='ocrx_word' id='word_1_587' title='bbox 2001 2256 2182 2325; x_wconf 82' lang='lat' dir='ltr'><strong><em>potius</em></strong></span> <span class='ocrx_word' id='word_1_588' title='bbox 2205 2254 2428 2310; x_wconf 88' lang='lat' dir='ltr'><strong><em>nomine</em></strong></span> <span class='ocrx_word' id='word_1_589' title='bbox 2453 2253 2716 2323; x_wconf 76' lang='grc' dir='ltr'>ἐκκλησία</span> <span class='ocrx_word' id='word_1_590' title='bbox 2748 2270 2880 2309; x_wconf 87' lang='lat' dir='ltr'><strong><em>usus</em></strong></span> <span class='ocrx_word' id='word_1_591' title='bbox 2909 2254 3123 2309; x_wconf 78' lang='lat' dir='ltr'><strong><em>fuisset.</em></strong></span> <span class='ocrx_word' id='word_1_592' title='bbox 3162 2253 3356 2308; x_wconf 89' lang='lat' dir='ltr'><strong><em>Statim</em></strong></span> <span class='ocrx_word' id='word_1_593' title='bbox 3384 2252 3568 2323; x_wconf 82' lang='lat' dir='ltr'><strong><em>sequi-</em></strong></span> 
     </span>
    </p>
   </div>
   <div class='ocr_carea' id='block_1_78' title="bbox 2005 2344 3568 2419">
    <p class='ocr_par' dir='ltr' id='par_1_78' title="bbox 2005 2344 3568 2419">
     <span class='ocr_line' id='line_1_78' title="bbox 2005 2344 3568 2419; baseline -0.001 -19"><span class='ocrx_word' id='word_1_594' title='bbox 2005 2358 2090 2401; x_wconf 86' lang='lat' dir='ltr'><strong><em>tur</em></strong></span> <span class='ocrx_word' id='word_1_595' title='bbox 2121 2349 2262 2417; x_wconf 83' lang='lat' dir='ltr'><strong><em>(pag.</em></strong></span> <span class='ocrx_word' id='word_1_596' title='bbox 2290 2346 2439 2415; x_wconf 68' lang='lat'><strong><em>618),</em></strong></span> <span class='ocrx_word' id='word_1_597' title='bbox 2472 2346 2748 2400; x_wconf 80' lang='grc' dir='ltr'>Ἐντεῦθεν</span> <span class='ocrx_word' id='word_1_598' title='bbox 2778 2344 3072 2416; x_wconf 78' lang='grc' dir='ltr'>ἀρξώμεθα</span> <span class='ocrx_word' id='word_1_599' title='bbox 3100 2346 3201 2417; x_wconf 77' lang='grc' dir='ltr'>τῆς</span> <span class='ocrx_word' id='word_1_600' title='bbox 3238 2345 3375 2419; x_wconf 79' lang='grc' dir='ltr'>πρὸς</span> <span class='ocrx_word' id='word_1_601' title='bbox 3424 2346 3568 2415; x_wconf 75' lang='grc' dir='ltr'>ὑμᾶς</span> 
     </span>
    </p>
   </div>
   <div class='ocr_carea' id='block_1_79' title="bbox 2003 2436 3564 2511">
    <p class='ocr_par' dir='ltr' id='par_1_79' title="bbox 2003 2436 3564 2511">
     <span class='ocr_line' id='line_1_79' title="bbox 2003 2436 3564 2511; baseline -0.003 -19"><span class='ocrx_word' id='word_1_602' title='bbox 2003 2439 2238 2511; x_wconf 84' lang='grc' dir='ltr'>ὁμιλίας.</span> <span class='ocrx_word' id='word_1_603' title='bbox 2285 2439 2423 2494; x_wconf 85' lang='lat' dir='ltr'><strong><em>Hinc</em></strong></span> <span class='ocrx_word' id='word_1_604' title='bbox 2464 2439 2764 2493; x_wconf 84' lang='lat' dir='ltr'><strong><em>inchoemus</em></strong></span> <span class='ocrx_word' id='word_1_605' title='bbox 2816 2439 2976 2493; x_wconf 88' lang='lat' dir='ltr'><strong><em>istam</em></strong></span> <span class='ocrx_word' id='word_1_606' title='bbox 3024 2439 3092 2492; x_wconf 92' lang='lat' dir='ltr'><strong><em>ad</em></strong></span> <span class='ocrx_word' id='word_1_607' title='bbox 3130 2455 3218 2493; x_wconf 80' lang='lat' dir='ltr'><strong><em>vos</em></strong></span> <span class='ocrx_word' id='word_1_608' title='bbox 3269 2436 3564 2492; x_wconf 73' lang='lat' dir='ltr'><strong><em>humilium.</em></strong></span> 
     </span>
    </p>
   </div>
   <div class='ocr_carea' id='block_1_80' title="bbox 2005 2523 3569 2599">
    <p class='ocr_par' dir='ltr' id='par_1_80' title="bbox 2005 2523 3569 2599">
     <span class='ocr_line' id='line_1_80' title="bbox 2005 2523 3569 2599; baseline -0.003 -16"><span class='ocrx_word' id='word_1_609' title='bbox 2005 2529 2132 2583; x_wconf 91' lang='lat' dir='ltr'><strong><em>Scio</em></strong></span> <span class='ocrx_word' id='word_1_610' title='bbox 2168 2530 2409 2599; x_wconf 88' lang='lat' dir='ltr'><strong><em>quidem,</em></strong></span> <span class='ocrx_word' id='word_1_611' title='bbox 2466 2538 2525 2584; x_wconf 89' lang='lat' dir='ltr'><strong><em>ut</em></strong></span> <span class='ocrx_word' id='word_1_612' title='bbox 2577 2532 2805 2585; x_wconf 85' lang='lat' dir='ltr'><strong><em>aliorum</em></strong></span> <span class='ocrx_word' id='word_1_613' title='bbox 2850 2537 3167 2586; x_wconf 90' lang='lat' dir='ltr'><strong><em>sanctorum</em></strong></span> <span class='ocrx_word' id='word_1_614' title='bbox 3215 2523 3459 2592; x_wconf 85' lang='lat' dir='ltr'><strong><em>Patrum,</em></strong></span> <span class='ocrx_word' id='word_1_615' title='bbox 3493 2524 3569 2579; x_wconf 86' lang='lat' dir='ltr'><strong><em>ita</em></strong></span> 
     </span>
    </p>
   </div>
   <div class='ocr_carea' id='block_1_81' title="bbox 2004 2616 3568 2689">
    <p class='ocr_par' dir='ltr' id='par_1_81' title="bbox 2004 2616 3568 2689">
     <span class='ocr_line' id='line_1_81' title="bbox 2004 2616 3568 2689; baseline -0.001 -17"><span class='ocrx_word' id='word_1_616' title='bbox 2004 2619 2190 2674; x_wconf 88' lang='lat' dir='ltr'><strong><em>Basilii</em></strong></span> <span class='ocrx_word' id='word_1_617' title='bbox 2225 2620 2397 2689; x_wconf 89' lang='lat' dir='ltr'><strong><em>ipsius</em></strong></span> <span class='ocrx_word' id='word_1_618' title='bbox 2452 2620 2734 2676; x_wconf 87' lang='lat' dir='ltr'><strong><em>orationes</em></strong></span> <span class='ocrx_word' id='word_1_619' title='bbox 2761 2620 2873 2689; x_wconf 87' lang='lat' dir='ltr'><strong><em>jam</em></strong></span> <span class='ocrx_word' id='word_1_620' title='bbox 2920 2636 2950 2674; x_wconf 89' lang='lat' dir='ltr'><strong><em>a</em></strong></span> <span class='ocrx_word' id='word_1_621' title='bbox 2984 2621 3148 2689; x_wconf 89' lang='lat' dir='ltr'><strong><em>longo</em></strong></span> <span class='ocrx_word' id='word_1_622' title='bbox 3182 2626 3423 2687; x_wconf 86' lang='lat' dir='ltr'><strong><em>tempore</em></strong></span> <span class='ocrx_word' id='word_1_623' title='bbox 3470 2616 3568 2670; x_wconf 83' lang='lat' dir='ltr'><strong><em>ho-</em></strong></span> 
     </span>
    </p>
   </div>
   <div class='ocr_carea' id='block_1_82' title="bbox 2002 2708 3571 2779">
    <p class='ocr_par' dir='ltr' id='par_1_82' title="bbox 2002 2708 3571 2779">
     <span class='ocr_line' id='line_1_82' title="bbox 2002 2708 3571 2779; baseline -0.004 -14"><span class='ocrx_word' id='word_1_624' title='bbox 2002 2710 2183 2765; x_wconf 90' lang='lat' dir='ltr'><strong><em>milias</em></strong></span> <span class='ocrx_word' id='word_1_625' title='bbox 2215 2710 2400 2763; x_wconf 87' lang='lat' dir='ltr'><strong><em>vocari</em></strong></span> <span class='ocrx_word' id='word_1_626' title='bbox 2428 2729 2440 2764; x_wconf 93' lang='lat'>:</span> <span class='ocrx_word' id='word_1_627' title='bbox 2475 2710 2568 2765; x_wconf 88' lang='lat' dir='ltr'><strong><em>sed</em></strong></span> <span class='ocrx_word' id='word_1_628' title='bbox 2600 2710 2691 2764; x_wconf 88' lang='lat' dir='ltr'><strong><em>ubi</em></strong></span> <span class='ocrx_word' id='word_1_629' title='bbox 2736 2709 2974 2765; x_wconf 66' lang='lat' dir='ltr'><strong><em>Basilius</em></strong></span> <span class='ocrx_word' id='word_1_630' title='bbox 3009 2709 3125 2779; x_wconf 89' lang='lat' dir='ltr'><strong><em>ipse</em></strong></span> <span class='ocrx_word' id='word_1_631' title='bbox 3153 2708 3255 2761; x_wconf 85' lang='lat' dir='ltr'><strong><em>hoc</em></strong></span> <span class='ocrx_word' id='word_1_632' title='bbox 3279 2722 3443 2761; x_wconf 88' lang='lat' dir='ltr'><strong><em>sensu</em></strong></span> <span class='ocrx_word' id='word_1_633' title='bbox 3478 2721 3571 2759; x_wconf 84' lang='lat' dir='ltr'><strong><em>no-</em></strong></span> 
     </span>
    </p>
   </div>
   <div class='ocr_carea' id='block_1_83' title="bbox 2002 2796 3568 2871">
    <p class='ocr_par' dir='ltr' id='par_1_83' title="bbox 2002 2796 3568 2871">
     <span class='ocr_line' id='line_1_83' title="bbox 2002 2796 3568 2871; baseline -0.004 -16"><span class='ocrx_word' id='word_1_634' title='bbox 2002 2816 2124 2855; x_wconf 89' lang='lat' dir='ltr'><strong><em>men</em></strong></span> <span class='ocrx_word' id='word_1_635' title='bbox 2159 2800 2344 2871; x_wconf 81' lang='grc' dir='ltr'>ὁμιλίσι</span> <span class='ocrx_word' id='word_1_636' title='bbox 2374 2816 2612 2870; x_wconf 85' lang='lat' dir='ltr'><strong><em>unquam</em></strong></span> <span class='ocrx_word' id='word_1_637' title='bbox 2645 2801 2952 2870; x_wconf 89' lang='lat' dir='ltr'><strong><em>usurparit,</em></strong></span> <span class='ocrx_word' id='word_1_638' title='bbox 2977 2800 3187 2870; x_wconf 87' lang='lat' dir='ltr'><strong><em>ignoro.</em></strong></span> <span class='ocrx_word' id='word_1_639' title='bbox 3214 2796 3329 2851; x_wconf 82' lang='lat' dir='ltr'><strong><em>Hoc</em></strong></span> <span class='ocrx_word' id='word_1_640' title='bbox 3360 2796 3481 2866; x_wconf 89' lang='lat' dir='ltr'><strong><em>ipso</em></strong></span> <span class='ocrx_word' id='word_1_641' title='bbox 3513 2796 3568 2848; x_wconf 90' lang='lat' dir='ltr'><strong><em>in</em></strong></span> 
     </span>
    </p>
   </div>
   <div class='ocr_carea' id='block_1_84' title="bbox 2004 2884 3570 2961">
    <p class='ocr_par' dir='ltr' id='par_1_84' title="bbox 2004 2884 3570 2961">
     <span class='ocr_line' id='line_1_84' title="bbox 2004 2884 3570 2961; baseline -0.005 -16"><span class='ocrx_word' id='word_1_642' title='bbox 2004 2892 2123 2946; x_wconf 86' lang='lat' dir='ltr'><strong><em>loco</em></strong></span> <span class='ocrx_word' id='word_1_643' title='bbox 2152 2892 2368 2961; x_wconf 85' lang='lat' dir='ltr'><strong><em>legitur,</em></strong></span> <span class='ocrx_word' id='word_1_644' title='bbox 2403 2890 2909 2961; x_wconf 79' lang='grc' dir='ltr'>ὲκάτερον,τούτων</span> <span class='ocrx_word' id='word_1_645' title='bbox 2948 2890 3243 2960; x_wconf 82' lang='grc' dir='ltr'>παρίστησι</span> <span class='ocrx_word' id='word_1_646' title='bbox 3274 2885 3454 2950; x_wconf 79' lang='grc' dir='ltr'>δυῖκὸς</span> <span class='ocrx_word' id='word_1_647' title='bbox 3484 2884 3570 2937; x_wconf 81' lang='grc' dir='ltr'><strong><em>λό-</em></strong></span> 
     </span>
    </p>
   </div>
   <div class='ocr_carea' id='block_1_85' title="bbox 2003 2975 3569 3052">
    <p class='ocr_par' dir='ltr' id='par_1_85' title="bbox 2003 2975 3569 3052">
     <span class='ocr_line' id='line_1_85' title="bbox 2003 2975 3569 3052; baseline -0.004 -16"><span class='ocrx_word' id='word_1_648' title='bbox 2003 3001 2119 3052; x_wconf 84' lang='grc' dir='ltr'>γος,</span> <span class='ocrx_word' id='word_1_649' title='bbox 2142 2982 2329 3037; x_wconf 85' lang='lat' dir='ltr'><strong><em>horum</em></strong></span> <span class='ocrx_word' id='word_1_650' title='bbox 2359 2993 2636 3052; x_wconf 90' lang='lat' dir='ltr'><strong><em>utrumque</em></strong></span> <span class='ocrx_word' id='word_1_651' title='bbox 2655 2980 2858 3036; x_wconf 75' lang='lat' dir='ltr'><strong><em>exhibet</em></strong></span> <span class='ocrx_word' id='word_1_652' title='bbox 2884 2979 3077 3051; x_wconf 77' lang='lat' dir='ltr'><strong><em>duplex</em></strong></span> <span class='ocrx_word' id='word_1_653' title='bbox 3099 2996 3288 3034; x_wconf 88' lang='lat' dir='ltr'><strong><em>sermo.</em></strong></span> <span class='ocrx_word' id='word_1_654' title='bbox 3313 2975 3431 3034; x_wconf 65' lang='lat' dir='ltr'><strong><em>Vox</em></strong></span> <span class='ocrx_word' id='word_1_655' title='bbox 3455 2978 3569 3031; x_wconf 71' lang='grc' dir='ltr'><strong><em>δυίο</em></strong></span> 
     </span>
    </p>
   </div>
   <div class='ocr_carea' id='block_1_86' title="bbox 2005 3068 3569 3140">
    <p class='ocr_par' dir='ltr' id='par_1_86' title="bbox 2005 3068 3569 3140">
     <span class='ocr_line' id='line_1_86' title="bbox 2005 3068 3569 3140; baseline -0.001 -18"><span class='ocrx_word' id='word_1_656' title='bbox 2005 3070 2101 3132; x_wconf 83' lang='grc' dir='ltr'><strong><em>κός</em></strong></span> <span class='ocrx_word' id='word_1_657' title='bbox 2129 3070 2613 3140; x_wconf 77' lang='lat' dir='ltr'><strong><em>grammaticorum</em></strong></span> <span class='ocrx_word' id='word_1_658' title='bbox 2644 3077 2749 3135; x_wconf 89' lang='lat' dir='ltr'><strong><em>est,</em></strong></span> <span class='ocrx_word' id='word_1_659' title='bbox 2786 3084 2897 3123; x_wconf 91' lang='lat' dir='ltr'><strong><em>non</em></strong></span> <span class='ocrx_word' id='word_1_660' title='bbox 2926 3076 3228 3123; x_wconf 88' lang='lat' dir='ltr'><strong><em>oratorum.</em></strong></span> <span class='ocrx_word' id='word_1_661' title='bbox 3256 3068 3369 3123; x_wconf 76' lang='lat' dir='ltr'><strong><em>lino</em></strong></span> <span class='ocrx_word' id='word_1_662' title='bbox 3403 3068 3569 3123; x_wconf 89' lang='lat' dir='ltr'><strong><em>etiam</em></strong></span> 
     </span>
    </p>
   </div>
   <div class='ocr_carea' id='block_1_87' title="bbox 2004 3159 3571 3233">
    <p class='ocr_par' dir='ltr' id='par_1_87' title="bbox 2004 3159 3571 3233">
     <span class='ocr_line' id='line_1_87' title="bbox 2004 3159 3571 3233; baseline -0.004 -17"><span class='ocrx_word' id='word_1_663' title='bbox 2004 3178 2074 3217; x_wconf 90' lang='lat' dir='ltr'><strong><em>ne</em></strong></span> <span class='ocrx_word' id='word_1_664' title='bbox 2103 3161 2444 3233; x_wconf 78' lang='lat' dir='ltr'><strong><em>grammatici</em></strong></span> <span class='ocrx_word' id='word_1_665' title='bbox 2471 3160 2692 3231; x_wconf 87' lang='lat' dir='ltr'><strong><em>quidem</em></strong></span> <span class='ocrx_word' id='word_1_666' title='bbox 2723 3175 2786 3215; x_wconf 90' lang='lat' dir='ltr'><strong><em>ea</em></strong></span> <span class='ocrx_word' id='word_1_667' title='bbox 2811 3160 2914 3215; x_wconf 87' lang='lat' dir='ltr'><strong><em>hoc</em></strong></span> <span class='ocrx_word' id='word_1_668' title='bbox 2940 3176 3129 3223; x_wconf 89' lang='lat' dir='ltr'><strong><em>sensu,</em></strong></span> <span class='ocrx_word' id='word_1_669' title='bbox 3154 3159 3370 3229; x_wconf 91' lang='lat' dir='ltr'><strong><em>opinor,</em></strong></span> <span class='ocrx_word' id='word_1_670' title='bbox 3405 3165 3571 3212; x_wconf 91' lang='lat' dir='ltr'><strong><em>utun-</em></strong></span> 
     </span>
    </p>
   </div>
   <div class='ocr_carea' id='block_1_88' title="bbox 2004 3249 3571 3323">
    <p class='ocr_par' dir='ltr' id='par_1_88' title="bbox 2004 3249 3571 3323">
     <span class='ocr_line' id='line_1_88' title="bbox 2004 3249 3571 3323; baseline -0.004 -16"><span class='ocrx_word' id='word_1_671' title='bbox 2004 3261 2114 3319; x_wconf 81' lang='lat' dir='ltr'><strong><em>tur,</em></strong></span> <span class='ocrx_word' id='word_1_672' title='bbox 2163 3253 2284 3318; x_wconf 86' lang='lat' dir='ltr'><strong><em>sed,</em></strong></span> <span class='ocrx_word' id='word_1_673' title='bbox 2332 3252 2439 3308; x_wconf 91' lang='lat' dir='ltr'><strong><em>nisi</em></strong></span> <span class='ocrx_word' id='word_1_674' title='bbox 2468 3254 2626 3308; x_wconf 79' lang='lat' dir='ltr'><strong><em>valde</em></strong></span> <span class='ocrx_word' id='word_1_675' title='bbox 2676 3252 2857 3317; x_wconf 84' lang='lat' dir='ltr'><strong><em>fallor,</em></strong></span> <span class='ocrx_word' id='word_1_676' title='bbox 2894 3253 3068 3323; x_wconf 83' lang='lat' dir='ltr'><strong><em>ipsam</em></strong></span> <span class='ocrx_word' id='word_1_677' title='bbox 3100 3250 3276 3306; x_wconf 89' lang='lat' dir='ltr'><strong><em>solum</em></strong></span> <span class='ocrx_word' id='word_1_678' title='bbox 3310 3249 3571 3304; x_wconf 87' lang='lat' dir='ltr'><strong><em>adhibent</em></strong></span> 
     </span>
    </p>
   </div>
   <div class='ocr_carea' id='block_1_89' title="bbox 2002 3340 3573 3414">
    <p class='ocr_par' dir='ltr' id='par_1_89' title="bbox 2002 3340 3573 3414">
     <span class='ocr_line' id='line_1_89' title="bbox 2002 3340 3573 3414; baseline -0.004 -13"><span class='ocrx_word' id='word_1_679' title='bbox 2002 3354 2118 3401; x_wconf 89' lang='lat' dir='ltr'><strong><em>tum</em></strong></span> <span class='ocrx_word' id='word_1_680' title='bbox 2146 3361 2272 3401; x_wconf 90' lang='lat' dir='ltr'><strong><em>cum</em></strong></span> <span class='ocrx_word' id='word_1_681' title='bbox 2300 3361 2588 3401; x_wconf 89' lang='lat' dir='ltr'><strong><em>numerum</em></strong></span> <span class='ocrx_word' id='word_1_682' title='bbox 2621 3345 2852 3400; x_wconf 89' lang='lat' dir='ltr'><strong><em>duadem</em></strong></span> <span class='ocrx_word' id='word_1_683' title='bbox 2889 3345 3197 3414; x_wconf 79' lang='lat' dir='ltr'><strong><em>signiﬁcare</em></strong></span> <span class='ocrx_word' id='word_1_684' title='bbox 3229 3343 3442 3397; x_wconf 83' lang='lat' dir='ltr'><strong><em>volunt.</em></strong></span> <span class='ocrx_word' id='word_1_685' title='bbox 3474 3340 3573 3395; x_wconf 86' lang='lat' dir='ltr'><strong><em>Ba-</em></strong></span> 
     </span>
    </p>
   </div>
   <div class='ocr_carea' id='block_1_90' title="bbox 2003 3436 3570 3501">
    <p class='ocr_par' dir='ltr' id='par_1_90' title="bbox 2003 3436 3570 3501">
     <span class='ocr_line' id='line_1_90' title="bbox 2003 3436 3570 3501; baseline -0.005 -6"><span class='ocrx_word' id='word_1_686' title='bbox 2003 3441 2160 3495; x_wconf 90' lang='lat' dir='ltr'><strong><em>silius</em></strong></span> <span class='ocrx_word' id='word_1_687' title='bbox 2201 3440 2366 3495; x_wconf 89' lang='lat' dir='ltr'><strong><em>simili</em></strong></span> <span class='ocrx_word' id='word_1_688' title='bbox 2398 3440 2454 3493; x_wconf 90' lang='lat' dir='ltr'><strong><em>in</em></strong></span> <span class='ocrx_word' id='word_1_689' title='bbox 2497 3455 2558 3494; x_wconf 88' lang='lat' dir='ltr'><strong><em>re</em></strong></span> <span class='ocrx_word' id='word_1_690' title='bbox 2586 3455 2694 3493; x_wconf 91' lang='lat' dir='ltr'><strong><em>non</em></strong></span> <span class='ocrx_word' id='word_1_691' title='bbox 2740 3452 2871 3493; x_wconf 82' lang='lat' dir='ltr'><strong><em>voce</em></strong></span> <span class='ocrx_word' id='word_1_692' title='bbox 2899 3436 3081 3501; x_wconf 84' lang='grc' dir='ltr'>δυῖκός</span> <span class='ocrx_word' id='word_1_693' title='bbox 3114 3436 3306 3499; x_wconf 89' lang='lat' dir='ltr'><strong><em>utitur,</em></strong></span> <span class='ocrx_word' id='word_1_694' title='bbox 3339 3436 3436 3491; x_wconf 87' lang='lat' dir='ltr'><strong><em>sed</em></strong></span> <span class='ocrx_word' id='word_1_695' title='bbox 3467 3449 3570 3488; x_wconf 84' lang='lat' dir='ltr'><strong><em>no-</em></strong></span> 
     </span>
    </p>
   </div>
   <div class='ocr_carea' id='block_1_91' title="bbox 2002 3525 3565 3598">
    <p class='ocr_par' dir='ltr' id='par_1_91' title="bbox 2002 3525 3565 3598">
     <span class='ocr_line' id='line_1_91' title="bbox 2002 3525 3565 3598; baseline -0.005 -11"><span class='ocrx_word' id='word_1_696' title='bbox 2002 3534 2148 3588; x_wconf 89' lang='lat' dir='ltr'><strong><em>mine</em></strong></span> <span class='ocrx_word' id='word_1_697' title='bbox 2182 3533 2418 3596; x_wconf 83' lang='grc' dir='ltr'>διπλόος.</span> <span class='ocrx_word' id='word_1_698' title='bbox 2472 3532 2551 3586; x_wconf 89' lang='lat' dir='ltr'><strong><em>lta</em></strong></span> <span class='ocrx_word' id='word_1_699' title='bbox 2594 3530 2738 3586; x_wconf 90' lang='lat' dir='ltr'><strong><em>enim</em></strong></span> <span class='ocrx_word' id='word_1_700' title='bbox 2783 3530 2840 3584; x_wconf 87' lang='lat' dir='ltr'><strong><em>in</em></strong></span> <span class='ocrx_word' id='word_1_701' title='bbox 2870 3528 3104 3598; x_wconf 88' lang='lat' dir='ltr'><strong><em>quadam</em></strong></span> <span class='ocrx_word' id='word_1_702' title='bbox 3130 3528 3377 3582; x_wconf 86' lang='lat' dir='ltr'><strong><em>oratione</em></strong></span> <span class='ocrx_word' id='word_1_703' title='bbox 3411 3525 3565 3595; x_wconf 89' lang='lat' dir='ltr'><strong><em>(tom.</em></strong></span> 
     </span>
    </p>
   </div>
   <div class='ocr_carea' id='block_1_92' title="bbox 2004 3615 3571 3691">
    <p class='ocr_par' dir='ltr' id='par_1_92' title="bbox 2004 3615 3571 3691">
     <span class='ocr_line' id='line_1_92' title="bbox 2004 3615 3571 3691; baseline -0.003 -16"><span class='ocrx_word' id='word_1_704' title='bbox 2004 3621 2067 3686; x_wconf 69' lang='grc' dir='ltr'>Η,</span> <span class='ocrx_word' id='word_1_705' title='bbox 2095 3623 2245 3676; x_wconf 87' lang='lat' dir='ltr'><strong><em>hom.</em></strong></span> <span class='ocrx_word' id='word_1_706' title='bbox 2274 3623 2329 3685; x_wconf 69' lang='grc' dir='ltr'>ὅ,</span> <span class='ocrx_word' id='word_1_707' title='bbox 2358 3638 2412 3691; x_wconf 90' lang='lat' dir='ltr'><strong><em>p.</em></strong></span> <span class='ocrx_word' id='word_1_708' title='bbox 2446 3621 2536 3691; x_wconf 80' lang='lat' dir='ltr'><strong><em>l8)</em></strong></span> <span class='ocrx_word' id='word_1_709' title='bbox 2569 3621 2810 3691; x_wconf 90' lang='lat' dir='ltr'><strong><em>loquitur</em></strong></span> <span class='ocrx_word' id='word_1_710' title='bbox 2841 3639 2855 3674; x_wconf 90' lang='lat'>:</span> <span class='ocrx_word' id='word_1_711' title='bbox 2898 3618 3112 3690; x_wconf 81' lang='grc' dir='ltr'>Ἐπειδὴ</span> <span class='ocrx_word' id='word_1_712' title='bbox 3153 3619 3209 3671; x_wconf 82' lang='grc' dir='ltr'><strong><em>δὲ</em></strong></span> <span class='ocrx_word' id='word_1_713' title='bbox 3248 3615 3465 3671; x_wconf 79' lang='grc' dir='ltr'>διπλοῦν</span> <span class='ocrx_word' id='word_1_714' title='bbox 3509 3616 3571 3671; x_wconf 85' lang='grc' dir='ltr'><strong><em>τὸ</em></strong></span> 
     </span>
    </p>
   </div>
   <div class='ocr_carea' id='block_1_93' title="bbox 2005 3707 3570 3786">
    <p class='ocr_par' dir='ltr' id='par_1_93' title="bbox 2005 3707 3570 3786">
     <span class='ocr_line' id='line_1_93' title="bbox 2005 3707 3570 3786; baseline -0.006 -17"><span class='ocrx_word' id='word_1_715' title='bbox 2005 3715 2310 3786; x_wconf 76' lang='grc' dir='ltr'>προσέχειν·</span> <span class='ocrx_word' id='word_1_716' title='bbox 2348 3715 2408 3766; x_wconf 84' lang='grc' dir='ltr'><strong><em>τὸ</em></strong></span> <span class='ocrx_word' id='word_1_717' title='bbox 2441 3712 2539 3783; x_wconf 76' lang='grc' dir='ltr'><strong><em>μὲν</em></strong></span> <span class='ocrx_word' id='word_1_718' title='bbox 2566 3715 2894 3783; x_wconf 84' lang='grc' dir='ltr'>σωματικοῖς</span> <span class='ocrx_word' id='word_1_719' title='bbox 2923 3710 3215 3781; x_wconf 79' lang='grc' dir='ltr'>ὀφθαλμοῖς</span> <span class='ocrx_word' id='word_1_720' title='bbox 3241 3707 3570 3772; x_wconf 77' lang='grc' dir='ltr'>ὲνατενίζειν</span> 
     </span>
    </p>
   </div>
   <div class='ocr_carea' id='block_1_94' title="bbox 2000 3798 3569 3877">
    <p class='ocr_par' dir='ltr' id='par_1_94' title="bbox 2000 3798 3569 3877">
     <span class='ocr_line' id='line_1_94' title="bbox 2000 3798 3569 3877; baseline -0.006 -17"><span class='ocrx_word' id='word_1_721' title='bbox 2000 3809 2111 3871; x_wconf 86' lang='grc' dir='ltr'>τοῖς</span> <span class='ocrx_word' id='word_1_722' title='bbox 2140 3807 2375 3877; x_wconf 82' lang='grc' dir='ltr'>ὁρατοῖς,</span> <span class='ocrx_word' id='word_1_723' title='bbox 2405 3803 2467 3857; x_wconf 86' lang='grc' dir='ltr'>τὸ</span> <span class='ocrx_word' id='word_1_724' title='bbox 2494 3803 2572 3870; x_wconf 85' lang='grc' dir='ltr'>δέ,</span> <span class='ocrx_word' id='word_1_725' title='bbox 2604 3812 2710 3859; x_wconf 87' lang='lat' dir='ltr'><strong><em>etc.</em></strong></span> <span class='ocrx_word' id='word_1_726' title='bbox 2759 3803 3025 3870; x_wconf 82' lang='lat' dir='ltr'><strong><em>Quoniam</em></strong></span> <span class='ocrx_word' id='word_1_727' title='bbox 3068 3811 3244 3855; x_wconf 86' lang='lat' dir='ltr'><strong><em>autem</em></strong></span> <span class='ocrx_word' id='word_1_728' title='bbox 3272 3798 3466 3868; x_wconf 76' lang='lat' dir='ltr'><strong><em>duplex</em></strong></span> <span class='ocrx_word' id='word_1_729' title='bbox 3491 3807 3569 3853; x_wconf 83' lang='lat' dir='ltr'><strong><em>est</em></strong></span> 
     </span>
    </p>
   </div>
   <div class='ocr_carea' id='block_1_95' title="bbox 2000 3890 3569 3963">
    <p class='ocr_par' dir='ltr' id='par_1_95' title="bbox 2000 3890 3569 3963">
     <span class='ocr_line' id='line_1_95' title="bbox 2000 3890 3569 3963; baseline -0.006 -10"><span class='ocrx_word' id='word_1_730' title='bbox 2000 3900 2253 3963; x_wconf 86' lang='lat' dir='ltr'><strong><em>attentio;</em></strong></span> <span class='ocrx_word' id='word_1_731' title='bbox 2283 3898 2476 3958; x_wconf 88' lang='lat' dir='ltr'><strong><em>altera,</em></strong></span> <span class='ocrx_word' id='word_1_732' title='bbox 2509 3913 2624 3951; x_wconf 89' lang='lat' dir='ltr'><strong><em>cum</em></strong></span> <span class='ocrx_word' id='word_1_733' title='bbox 2657 3895 3059 3949; x_wconf 86' lang='lat' dir='ltr'><strong><em>considerantur</em></strong></span> <span class='ocrx_word' id='word_1_734' title='bbox 3099 3893 3263 3947; x_wconf 84' lang='lat' dir='ltr'><strong><em>oculis</em></strong></span> <span class='ocrx_word' id='word_1_735' title='bbox 3308 3890 3569 3961; x_wconf 84' lang='lat' dir='ltr'><strong><em>corporeis</em></strong></span> 
     </span>
    </p>
   </div>
   <div class='ocr_carea' id='block_1_96' title="bbox 2000 3980 3567 4054">
    <p class='ocr_par' dir='ltr' id='par_1_96' title="bbox 2000 3980 3567 4054">
     <span class='ocr_line' id='line_1_96' title="bbox 2000 3980 3567 4054; baseline -0.006 -11"><span class='ocrx_word' id='word_1_736' title='bbox 2000 3988 2228 4043; x_wconf 78' lang='lat' dir='ltr'><strong><em>uisibilia</em></strong></span> <span class='ocrx_word' id='word_1_737' title='bbox 2253 4006 2271 4042; x_wconf 85' lang='lat'><strong><em>:</em></strong></span> <span class='ocrx_word' id='word_1_738' title='bbox 2294 3987 2484 4051; x_wconf 89' lang='lat' dir='ltr'><strong><em>altera,</em></strong></span> <span class='ocrx_word' id='word_1_739' title='bbox 2517 3995 2623 4042; x_wconf 89' lang='lat' dir='ltr'><strong><em>etc.</em></strong></span> <span class='ocrx_word' id='word_1_740' title='bbox 2657 3985 2771 4041; x_wconf 82' lang='lat' dir='ltr'><strong><em>Nec</em></strong></span> <span class='ocrx_word' id='word_1_741' title='bbox 2803 3987 2878 4040; x_wconf 91' lang='lat' dir='ltr'><strong><em>ita</em></strong></span> <span class='ocrx_word' id='word_1_742' title='bbox 2917 3985 3089 4039; x_wconf 90' lang='lat' dir='ltr'><strong><em>multo</em></strong></span> <span class='ocrx_word' id='word_1_743' title='bbox 3128 3990 3251 4054; x_wconf 91' lang='lat' dir='ltr'><strong><em>post</em></strong></span> <span class='ocrx_word' id='word_1_744' title='bbox 3297 3983 3348 4035; x_wconf 90' lang='lat' dir='ltr'><strong><em>in</em></strong></span> <span class='ocrx_word' id='word_1_745' title='bbox 3381 3980 3567 4036; x_wconf 87' lang='lat' dir='ltr'><strong><em>eadem</em></strong></span> 
     </span>
    </p>
   </div>
   <div class='ocr_carea' id='block_1_97' title="bbox 2002 4069 3567 4147">
    <p class='ocr_par' dir='ltr' id='par_1_97' title="bbox 2002 4069 3567 4147">
     <span class='ocr_line' id='line_1_97' title="bbox 2002 4069 3567 4147; baseline -0.006 -16"><span class='ocrx_word' id='word_1_746' title='bbox 2002 4079 2116 4140; x_wconf 87' lang='lat' dir='ltr'><strong><em>illa,</em></strong></span> <span class='ocrx_word' id='word_1_747' title='bbox 2144 4092 2308 4147; x_wconf 86' lang='lat' dir='ltr'><strong><em>quam</em></strong></span> <span class='ocrx_word' id='word_1_748' title='bbox 2344 4077 2479 4140; x_wconf 80' lang='lat' dir='ltr'><strong><em>dixi,</em></strong></span> <span class='ocrx_word' id='word_1_749' title='bbox 2511 4076 2761 4132; x_wconf 88' lang='lat' dir='ltr'><strong><em>oratione</em></strong></span> <span class='ocrx_word' id='word_1_750' title='bbox 2788 4079 3034 4131; x_wconf 87' lang='lat' dir='ltr'><strong><em>eamdem</em></strong></span> <span class='ocrx_word' id='word_1_751' title='bbox 3068 4088 3254 4128; x_wconf 89' lang='lat' dir='ltr'><strong><em>vocem</em></strong></span> <span class='ocrx_word' id='word_1_752' title='bbox 3291 4070 3433 4126; x_wconf 85' lang='lat' dir='ltr'><strong><em>idem</em></strong></span> <span class='ocrx_word' id='word_1_753' title='bbox 3465 4069 3567 4123; x_wconf 88' lang='lat' dir='ltr'><strong><em>Ba-</em></strong></span> 
     </span>
    </p>
   </div>
   <div class='ocr_carea' id='block_1_98' title="bbox 2002 4161 3572 4239">
    <p class='ocr_par' dir='ltr' id='par_1_98' title="bbox 2002 4161 3572 4239">
     <span class='ocr_line' id='line_1_98' title="bbox 2002 4161 3572 4239; baseline -0.006 -15"><span class='ocrx_word' id='word_1_754' title='bbox 2002 4171 2159 4225; x_wconf 86' lang='lat' dir='ltr'><strong><em>silius</em></strong></span> <span class='ocrx_word' id='word_1_755' title='bbox 2198 4169 2503 4239; x_wconf 76' lang='lat' dir='ltr'><strong><em>usurpavit.</em></strong></span> <span class='ocrx_word' id='word_1_756' title='bbox 2532 4167 2666 4238; x_wconf 87' lang='lat' dir='ltr'><strong><em>Ejus</em></strong></span> <span class='ocrx_word' id='word_1_757' title='bbox 2701 4176 2881 4222; x_wconf 81' lang='lat' dir='ltr'><strong><em>autem</em></strong></span> <span class='ocrx_word' id='word_1_758' title='bbox 2913 4167 3028 4221; x_wconf 73' lang='lat' dir='ltr'><strong><em>haec</em></strong></span> <span class='ocrx_word' id='word_1_759' title='bbox 3048 4173 3175 4220; x_wconf 87' lang='lat' dir='ltr'><strong><em>sunt</em></strong></span> <span class='ocrx_word' id='word_1_760' title='bbox 3206 4164 3370 4219; x_wconf 84' lang='lat' dir='ltr'><strong><em>verba</em></strong></span> <span class='ocrx_word' id='word_1_761' title='bbox 3397 4182 3411 4217; x_wconf 91' lang='lat'>:</span> <span class='ocrx_word' id='word_1_762' title='bbox 3457 4161 3572 4228; x_wconf 82' lang='grc' dir='ltr'><strong><em>Ἐξ-</em></strong></span> 
     </span>
    </p>
   </div>
   <div class='ocr_carea' id='block_1_99' title="bbox 2000 4252 3569 4339">
    <p class='ocr_par' dir='ltr' id='par_1_99' title="bbox 2000 4252 3569 4339">
     <span class='ocr_line' id='line_1_99' title="bbox 2000 4252 3569 4339; baseline -0.006 -25"><span class='ocrx_word' id='word_1_763' title='bbox 2000 4262 2187 4315; x_wconf 84' lang='grc' dir='ltr'>έτασον</span> <span class='ocrx_word' id='word_1_764' title='bbox 2217 4261 2459 4323; x_wconf 82' lang='grc' dir='ltr'>σεαυτὸν,</span> <span class='ocrx_word' id='word_1_765' title='bbox 2490 4261 2574 4323; x_wconf 83' lang='grc' dir='ltr'>τίς</span> <span class='ocrx_word' id='word_1_766' title='bbox 2601 4256 2679 4339; x_wconf 39' lang='grc' dir='ltr'><strong><em>εἷ’.</em></strong></span> <span class='ocrx_word' id='word_1_767' title='bbox 2702 4258 2870 4328; x_wconf 82' lang='grc' dir='ltr'>γνῶθι</span> <span class='ocrx_word' id='word_1_768' title='bbox 2906 4256 3131 4311; x_wconf 82' lang='grc' dir='ltr'>σεαυτοῦ</span> <span class='ocrx_word' id='word_1_769' title='bbox 3154 4255 3251 4327; x_wconf 81' lang='grc' dir='ltr'>τὴν</span> <span class='ocrx_word' id='word_1_770' title='bbox 3282 4253 3462 4324; x_wconf 80' lang='grc' dir='ltr'>φύσιν,</span> <span class='ocrx_word' id='word_1_771' title='bbox 3486 4252 3569 4305; x_wconf 81' lang='grc' dir='ltr'><strong><em>ὅτι</em></strong></span> 
     </span>
    </p>
   </div>
   <div class='ocr_carea' id='block_1_100' title="bbox 2000 4343 3570 4424">
    <p class='ocr_par' dir='ltr' id='par_1_100' title="bbox 2000 4343 3570 4424">
     <span class='ocr_line' id='line_1_100' title="bbox 2000 4343 3570 4424; baseline -0.006 -18"><span class='ocrx_word' id='word_1_772' title='bbox 2000 4352 2190 4424; x_wconf 76' lang='grc' dir='ltr'>θνητὸν</span> <span class='ocrx_word' id='word_1_773' title='bbox 2230 4354 2331 4421; x_wconf 88' lang='grc' dir='ltr'><strong><em>μέν</em></strong></span> <span class='ocrx_word' id='word_1_774' title='bbox 2366 4369 2457 4406; x_wconf 89' lang='grc' dir='ltr'><strong><em>σου</em></strong></span> <span class='ocrx_word' id='word_1_775' title='bbox 2492 4352 2552 4405; x_wconf 81' lang='grc' dir='ltr'><strong><em>τὸ</em></strong></span> <span class='ocrx_word' id='word_1_776' title='bbox 2592 4351 2772 4421; x_wconf 82' lang='grc' dir='ltr'>σῶμα,</span> <span class='ocrx_word' id='word_1_777' title='bbox 2811 4350 3078 4413; x_wconf 82' lang='grc' dir='ltr'>ἀθάνατος</span> <span class='ocrx_word' id='word_1_778' title='bbox 3118 4348 3175 4401; x_wconf 85' lang='grc' dir='ltr'><strong><em>δὲ</em></strong></span> <span class='ocrx_word' id='word_1_779' title='bbox 3214 4349 3246 4419; x_wconf 82' lang='grc' dir='ltr'>ἡ</span> <span class='ocrx_word' id='word_1_780' title='bbox 3279 4346 3444 4416; x_wconf 73' lang='grc' dir='ltr'><strong><em>ψυχή·</em></strong></span> <span class='ocrx_word' id='word_1_781' title='bbox 3475 4343 3570 4397; x_wconf 77' lang='grc' dir='ltr'><strong><em>καὶ</em></strong></span> 
     </span>
    </p>
   </div>
   <div class='ocr_carea' id='block_1_101' title="bbox 1999 4436 3569 4512">
    <p class='ocr_par' dir='ltr' id='par_1_101' title="bbox 1999 4436 3569 4512">
     <span class='ocr_line' id='line_1_101' title="bbox 1999 4436 3569 4512; baseline -0.004 -18"><span class='ocrx_word' id='word_1_782' title='bbox 1999 4442 2078 4494; x_wconf 88' lang='grc' dir='ltr'>ὃτι</span> <span class='ocrx_word' id='word_1_783' title='bbox 2106 4441 2265 4512; x_wconf 84' lang='grc' dir='ltr'>διπλῆ</span> <span class='ocrx_word' id='word_1_784' title='bbox 2300 4459 2382 4504; x_wconf 91' lang='grc' dir='ltr'><strong><em>τις</em></strong></span> <span class='ocrx_word' id='word_1_785' title='bbox 2411 4441 2557 4494; x_wconf 75' lang='grc' dir='ltr'>ἐστὶν</span> <span class='ocrx_word' id='word_1_786' title='bbox 2590 4440 2747 4512; x_wconf 83' lang='grc' dir='ltr'>ἡμῶν</span> <span class='ocrx_word' id='word_1_787' title='bbox 2775 4440 2807 4510; x_wconf 76' lang='grc' dir='ltr'>ἡ</span> <span class='ocrx_word' id='word_1_788' title='bbox 2833 4440 2966 4510; x_wconf 83' lang='grc' dir='ltr'>ζωή.</span> <span class='ocrx_word' id='word_1_789' title='bbox 2996 4437 3337 4492; x_wconf 84' lang='lat' dir='ltr'><strong><em>Perserutare</em></strong></span> <span class='ocrx_word' id='word_1_790' title='bbox 3363 4445 3409 4488; x_wconf 84' lang='lat' dir='ltr'><strong><em>te</em></strong></span> <span class='ocrx_word' id='word_1_791' title='bbox 3437 4436 3569 4499; x_wconf 84' lang='lat' dir='ltr'><strong><em>ipse,</em></strong></span> 
     </span>
    </p>
   </div>
   <div class='ocr_carea' id='block_1_102' title="bbox 2000 4523 3569 4603">
    <p class='ocr_par' dir='ltr' id='par_1_102' title="bbox 2000 4523 3569 4603">
     <span class='ocr_line' id='line_1_102' title="bbox 2000 4523 3569 4603; baseline -0.006 -19"><span class='ocrx_word' id='word_1_792' title='bbox 2000 4532 2116 4603; x_wconf 87' lang='lat' dir='ltr'><strong><em>quis</em></strong></span> <span class='ocrx_word' id='word_1_793' title='bbox 2149 4534 2222 4586; x_wconf 85' lang='lat' dir='ltr'><strong><em>sis</em></strong></span> <span class='ocrx_word' id='word_1_794' title='bbox 2246 4548 2264 4584; x_wconf 90' lang='lat'><strong><em>:</em></strong></span> <span class='ocrx_word' id='word_1_795' title='bbox 2298 4531 2385 4602; x_wconf 78' lang='lat' dir='ltr'><strong><em>[ac</em></strong></span> <span class='ocrx_word' id='word_1_796' title='bbox 2420 4547 2607 4585; x_wconf 87' lang='lat' dir='ltr'><strong><em>noscas</em></strong></span> <span class='ocrx_word' id='word_1_797' title='bbox 2638 4540 2784 4584; x_wconf 91' lang='lat' dir='ltr'><strong><em>tuam</em></strong></span> <span class='ocrx_word' id='word_1_798' title='bbox 2813 4530 2978 4600; x_wconf 86' lang='lat' dir='ltr'><strong><em>ipsius</em></strong></span> <span class='ocrx_word' id='word_1_799' title='bbox 3016 4536 3282 4588; x_wconf 87' lang='lat' dir='ltr'><strong><em>naturam,</em></strong></span> <span class='ocrx_word' id='word_1_800' title='bbox 3319 4523 3569 4576; x_wconf 87' lang='lat' dir='ltr'><strong><em>nimirum</em></strong></span> 
     </span>
    </p>
   </div>
   <div class='ocr_carea' id='block_1_103' title="bbox 2002 4611 3570 4693">
    <p class='ocr_par' dir='ltr' id='par_1_103' title="bbox 2002 4611 3570 4693">
     <span class='ocr_line' id='line_1_103' title="bbox 2002 4611 3570 4693; baseline -0.008 -18"><span class='ocrx_word' id='word_1_801' title='bbox 2002 4638 2188 4693; x_wconf 88' lang='lat' dir='ltr'><strong><em>corpus</em></strong></span> <span class='ocrx_word' id='word_1_802' title='bbox 2220 4621 2428 4692; x_wconf 88' lang='lat' dir='ltr'><strong><em>quidem</em></strong></span> <span class='ocrx_word' id='word_1_803' title='bbox 2465 4619 2688 4673; x_wconf 87' lang='lat' dir='ltr'><strong><em>mortale</em></strong></span> <span class='ocrx_word' id='word_1_804' title='bbox 2726 4635 2856 4684; x_wconf 89' lang='lat' dir='ltr'><strong><em>esse,</em></strong></span> <span class='ocrx_word' id='word_1_805' title='bbox 2891 4618 3123 4671; x_wconf 86' lang='lat' dir='ltr'><strong><em>animam</em></strong></span> <span class='ocrx_word' id='word_1_806' title='bbox 3152 4630 3268 4668; x_wconf 83' lang='lat' dir='ltr'><strong><em>vero</em></strong></span> <span class='ocrx_word' id='word_1_807' title='bbox 3294 4611 3570 4673; x_wconf 83' lang='lat' dir='ltr'><strong><em>immorta-</em></strong></span> 
     </span>
    </p>
   </div>
   <div class='ocr_carea' id='block_1_104' title="bbox 2003 4699 3568 4779">
    <p class='ocr_par' dir='ltr' id='par_1_104' title="bbox 2003 4699 3568 4779">
     <span class='ocr_line' id='line_1_104' title="bbox 2003 4699 3568 4779; baseline -0.008 -13"><span class='ocrx_word' id='word_1_808' title='bbox 2003 4713 2103 4767; x_wconf 89' lang='lat' dir='ltr'><strong><em>lem</em></strong></span> <span class='ocrx_word' id='word_1_809' title='bbox 2130 4728 2148 4765; x_wconf 91' lang='lat'><strong><em>:</em></strong></span> <span class='ocrx_word' id='word_1_810' title='bbox 2188 4712 2330 4774; x_wconf 90' lang='lat' dir='ltr'><strong><em>item,</em></strong></span> <span class='ocrx_word' id='word_1_811' title='bbox 2366 4710 2627 4777; x_wconf 87' lang='lat' dir='ltr'><strong><em>duplicem</em></strong></span> <span class='ocrx_word' id='word_1_812' title='bbox 2656 4713 2786 4779; x_wconf 60' lang='lat' dir='ltr'><strong><em>{esse</em></strong></span> <span class='ocrx_word' id='word_1_813' title='bbox 2829 4709 2989 4763; x_wconf 79' lang='lat' dir='ltr'><strong><em>vitam</em></strong></span> <span class='ocrx_word' id='word_1_814' title='bbox 3024 4714 3280 4760; x_wconf 89' lang='lat' dir='ltr'><strong><em>nostram.</em></strong></span> <span class='ocrx_word' id='word_1_815' title='bbox 3328 4699 3434 4757; x_wconf 88' lang='lat' dir='ltr'><strong><em>Sed</em></strong></span> <span class='ocrx_word' id='word_1_816' title='bbox 3474 4699 3568 4755; x_wconf 88' lang='lat' dir='ltr'><strong><em>ubi</em></strong></span> 
     </span>
    </p>
   </div>
   <div class='ocr_carea' id='block_1_105' title="bbox 2002 4793 3565 4872">
    <p class='ocr_par' dir='ltr' id='par_1_105' title="bbox 2002 4793 3565 4872">
     <span class='ocr_line' id='line_1_105' title="bbox 2002 4793 3565 4872; baseline -0.008 -13"><span class='ocrx_word' id='word_1_817' title='bbox 2002 4821 2102 4859; x_wconf 78' lang='lat' dir='ltr'><strong><em>vox</em></strong></span> <span class='ocrx_word' id='word_1_818' title='bbox 2129 4804 2310 4867; x_wconf 84' lang='grc' dir='ltr'>δυῖκός</span> <span class='ocrx_word' id='word_1_819' title='bbox 2340 4804 2392 4858; x_wconf 92' lang='lat' dir='ltr'><strong><em>in</em></strong></span> <span class='ocrx_word' id='word_1_820' title='bbox 2437 4802 2621 4858; x_wconf 89' lang='lat' dir='ltr'><strong><em>Basilii</em></strong></span> <span class='ocrx_word' id='word_1_821' title='bbox 2649 4802 2866 4872; x_wconf 86' lang='lat' dir='ltr'><strong><em>scriptis</em></strong></span> <span class='ocrx_word' id='word_1_822' title='bbox 2895 4801 3126 4871; x_wconf 79' lang='lat' dir='ltr'><strong><em>legatur,</em></strong></span> <span class='ocrx_word' id='word_1_823' title='bbox 3155 4795 3389 4852; x_wconf 83' lang='lat' dir='ltr'><strong><em>necdum</em></strong></span> <span class='ocrx_word' id='word_1_824' title='bbox 3417 4793 3565 4848; x_wconf 82' lang='lat' dir='ltr'><strong><em>novi.</em></strong></span> 
     </span>
    </p>
   </div>
   <div class='ocr_carea' id='block_1_106' title="bbox 2002 4881 3569 4964">
    <p class='ocr_par' dir='ltr' id='par_1_106' title="bbox 2002 4881 3569 4964">
     <span class='ocr_line' id='line_1_106' title="bbox 2002 4881 3569 4964; baseline -0.01 -15"><span class='ocrx_word' id='word_1_825' title='bbox 2002 4893 2093 4949; x_wconf 91' lang='lat' dir='ltr'><strong><em>Sic</em></strong></span> <span class='ocrx_word' id='word_1_826' title='bbox 2120 4894 2296 4964; x_wconf 79' lang='lat' dir='ltr'><strong><em>pergit</em></strong></span> <span class='ocrx_word' id='word_1_827' title='bbox 2329 4902 2521 4948; x_wconf 87' lang='lat' dir='ltr'><strong><em>auctor</em></strong></span> <span class='ocrx_word' id='word_1_828' title='bbox 2559 4903 2706 4964; x_wconf 90' lang='lat' dir='ltr'><strong><em>(pag.</em></strong></span> <span class='ocrx_word' id='word_1_829' title='bbox 2748 4891 2873 4964; x_wconf 85' lang='lat' dir='ltr'><strong><em>6l9)</em></strong></span> <span class='ocrx_word' id='word_1_830' title='bbox 2908 4912 2921 4946; x_wconf 90' lang='lat'><strong>:</strong></span> <span class='ocrx_word' id='word_1_831' title='bbox 2957 4889 3082 4953; x_wconf 84' lang='grc' dir='ltr'>Πῶς</span> <span class='ocrx_word' id='word_1_832' title='bbox 3128 4888 3453 4959; x_wconf 85' lang='grc' dir='ltr'>μιμήσωμαι</span> <span class='ocrx_word' id='word_1_833' title='bbox 3500 4881 3569 4935; x_wconf 74' lang='grc' dir='ltr'>τὰ</span> 
     </span>
    </p>
   </div>
   <div class='ocr_carea' id='block_1_107' title="bbox 1998 4975 3570 5057">
    <p class='ocr_par' dir='ltr' id='par_1_107' title="bbox 1998 4975 3570 5057">
     <span class='ocr_line' id='line_1_107' title="bbox 1998 4975 3570 5057; baseline -0.008 -15"><span class='ocrx_word' id='word_1_834' title='bbox 1998 4987 2146 5042; x_wconf 80' lang='grc' dir='ltr'>ἁπλᾶ</span> <span class='ocrx_word' id='word_1_835' title='bbox 2172 4986 2242 5040; x_wconf 84' lang='grc' dir='ltr'>τὰ</span> <span class='ocrx_word' id='word_1_836' title='bbox 2263 4985 2342 5057; x_wconf 80' lang='grc' dir='ltr'>τῷ</span> <span class='ocrx_word' id='word_1_837' title='bbox 2377 4985 2596 5056; x_wconf 78' lang='grc' dir='ltr'>μεγέθει</span> <span class='ocrx_word' id='word_1_838' title='bbox 2622 4983 2716 5039; x_wconf 88' lang='grc' dir='ltr'><strong><em>τοῦ</em></strong></span> <span class='ocrx_word' id='word_1_839' title='bbox 2750 4982 3027 5054; x_wconf 82' lang='grc' dir='ltr'>σώματος;</span> <span class='ocrx_word' id='word_1_840' title='bbox 3065 4976 3337 5047; x_wconf 82' lang='lat' dir='ltr'><strong><em>Quomodo</em></strong></span> <span class='ocrx_word' id='word_1_841' title='bbox 3366 4975 3570 5030; x_wconf 80' lang='lat' dir='ltr'><strong><em>imitari</em></strong></span> 
     </span>
    </p>
   </div>
   <div class='ocr_carea' id='block_1_108' title="bbox 1998 5061 3568 5147">
    <p class='ocr_par' dir='ltr' id='par_1_108' title="bbox 1998 5061 3568 5147">
     <span class='ocr_line' id='line_1_108' title="bbox 1998 5061 3568 5147; baseline -0.008 -17"><span class='ocrx_word' id='word_1_842' title='bbox 1998 5086 2177 5145; x_wconf 90' lang='lat' dir='ltr'><strong><em>potero</em></strong></span> <span class='ocrx_word' id='word_1_843' title='bbox 2206 5091 2323 5147; x_wconf 71' lang='lat' dir='ltr'><strong><em>quae</em></strong></span> <span class='ocrx_word' id='word_1_844' title='bbox 2348 5074 2483 5129; x_wconf 90' lang='lat' dir='ltr'><strong><em>mole</em></strong></span> <span class='ocrx_word' id='word_1_845' title='bbox 2510 5076 2742 5144; x_wconf 86' lang='lat' dir='ltr'><strong><em>corporis</em></strong></span> <span class='ocrx_word' id='word_1_846' title='bbox 2765 5072 2994 5142; x_wconf 87' lang='lat' dir='ltr'><strong><em>ingentia</em></strong></span> <span class='ocrx_word' id='word_1_847' title='bbox 3019 5070 3182 5124; x_wconf 80' lang='lat' dir='ltr'><strong><em>sunt?</em></strong></span> <span class='ocrx_word' id='word_1_848' title='bbox 3211 5065 3328 5121; x_wconf 85' lang='lat' dir='ltr'><strong><em>Non</em></strong></span> <span class='ocrx_word' id='word_1_849' title='bbox 3358 5061 3568 5134; x_wconf 84' lang='lat' dir='ltr'><strong><em>negabo</em></strong></span> 
     </span>
    </p>
   </div>
   <div class='ocr_carea' id='block_1_109' title="bbox 2000 5154 3567 5240">
    <p class='ocr_par' dir='ltr' id='par_1_109' title="bbox 2000 5154 3567 5240">
     <span class='ocr_line' id='line_1_109' title="bbox 2000 5154 3567 5240; baseline -0.01 -17"><span class='ocrx_word' id='word_1_850' title='bbox 2000 5170 2219 5240; x_wconf 88' lang='lat' dir='ltr'><strong><em>quidem</em></strong></span> <span class='ocrx_word' id='word_1_851' title='bbox 2250 5183 2436 5222; x_wconf 83' lang='lat' dir='ltr'><strong><em>vocem</em></strong></span> <span class='ocrx_word' id='word_1_852' title='bbox 2461 5167 2658 5230; x_wconf 85' lang='grc' dir='ltr'>ἁπλόος</span> <span class='ocrx_word' id='word_1_853' title='bbox 2686 5166 2788 5236; x_wconf 87' lang='lat' dir='ltr'><strong><em>legi</em></strong></span> <span class='ocrx_word' id='word_1_854' title='bbox 2823 5166 2875 5219; x_wconf 94' lang='lat' dir='ltr'><strong><em>in</em></strong></span> <span class='ocrx_word' id='word_1_855' title='bbox 2908 5162 3093 5218; x_wconf 88' lang='lat' dir='ltr'><strong><em>Basilii</em></strong></span> <span class='ocrx_word' id='word_1_856' title='bbox 3120 5161 3304 5215; x_wconf 90' lang='lat' dir='ltr'><strong><em>libris:</em></strong></span> <span class='ocrx_word' id='word_1_857' title='bbox 3343 5156 3439 5214; x_wconf 87' lang='lat' dir='ltr'><strong><em>sed</em></strong></span> <span class='ocrx_word' id='word_1_858' title='bbox 3475 5154 3567 5209; x_wconf 90' lang='lat' dir='ltr'><strong><em>ubi</em></strong></span> 
     </span>
    </p>
   </div>
   <div class='ocr_carea' id='block_1_110' title="bbox 2000 5253 3566 5330">
    <p class='ocr_par' dir='ltr' id='par_1_110' title="bbox 2000 5253 3566 5330">
     <span class='ocr_line' id='line_1_110' title="bbox 2000 5253 3566 5330; baseline -0.01 -17"><span class='ocrx_word' id='word_1_859' title='bbox 2000 5259 2054 5313; x_wconf 90' lang='lat' dir='ltr'><strong><em>in</em></strong></span> <span class='ocrx_word' id='word_1_860' title='bbox 2091 5259 2224 5330; x_wconf 91' lang='lat' dir='ltr'><strong><em>ipsis</em></strong></span> <span class='ocrx_word' id='word_1_861' title='bbox 2268 5260 2335 5314; x_wconf 86' lang='lat' dir='ltr'><strong><em>ad</em></strong></span> <span class='ocrx_word' id='word_1_862' title='bbox 2381 5258 2809 5330; x_wconf 86' lang='lat' dir='ltr'><strong><em>magnitudinem</em></strong></span> <span class='ocrx_word' id='word_1_863' title='bbox 2852 5253 3265 5325; x_wconf 79' lang='lat' dir='ltr'><strong><em>signiﬁcandam</em></strong></span> <span class='ocrx_word' id='word_1_864' title='bbox 3306 5253 3566 5317; x_wconf 83' lang='lat' dir='ltr'><strong><em>usurpata</em></strong></span> 
     </span>
    </p>
   </div>
   <div class='ocr_carea' id='block_1_111' title="bbox 2001 5334 3570 5419">
    <p class='ocr_par' dir='ltr' id='par_1_111' title="bbox 2001 5334 3570 5419">
     <span class='ocr_line' id='line_1_111' title="bbox 2001 5334 3570 5419; baseline -0.01 -13"><span class='ocrx_word' id='word_1_865' title='bbox 2001 5351 2094 5418; x_wconf 91' lang='lat' dir='ltr'><strong><em>sit,</em></strong></span> <span class='ocrx_word' id='word_1_866' title='bbox 2125 5367 2233 5407; x_wconf 90' lang='lat' dir='ltr'><strong><em>non</em></strong></span> <span class='ocrx_word' id='word_1_867' title='bbox 2268 5351 2510 5407; x_wconf 84' lang='lat' dir='ltr'><strong><em>memini.</em></strong></span> <span class='ocrx_word' id='word_1_868' title='bbox 2542 5349 2608 5404; x_wconf 89' lang='lat' dir='ltr'><strong><em>Et</em></strong></span> <span class='ocrx_word' id='word_1_869' title='bbox 2639 5348 2878 5419; x_wconf 86' lang='lat' dir='ltr'><strong><em>alioquin</em></strong></span> <span class='ocrx_word' id='word_1_870' title='bbox 2910 5347 3000 5401; x_wconf 90' lang='lat' dir='ltr'><strong><em>illa</em></strong></span> <span class='ocrx_word' id='word_1_871' title='bbox 3031 5342 3288 5415; x_wconf 74' lang='lat' dir='ltr'><strong><em>loquendi</em></strong></span> <span class='ocrx_word' id='word_1_872' title='bbox 3316 5341 3476 5405; x_wconf 89' lang='lat' dir='ltr'><strong><em>ratio,</em></strong></span> <span class='ocrx_word' id='word_1_873' title='bbox 3496 5334 3570 5392; x_wconf 80' lang='grc' dir='ltr'>τὰ</span> 
     </span>
    </p>
   </div>
   <div class='ocr_carea' id='block_1_112' title="bbox 382 5646 3567 5724">
    <p class='ocr_par' dir='ltr' id='par_1_112' title="bbox 382 5646 3567 5724">
     <span class='ocr_line' id='line_1_112' title="bbox 382 5646 3567 5724; baseline -0.003 -14"><span class='ocrx_word' id='word_1_874' title='bbox 382 5658 457 5723; x_wconf 80' lang='grc' dir='ltr'><strong><em>(α)</em></strong></span> <span class='ocrx_word' id='word_1_875' title='bbox 482 5661 675 5724; x_wconf 73' lang='lat' dir='ltr'><strong><em>Alludit</em></strong></span> <span class='ocrx_word' id='word_1_876' title='bbox 697 5666 866 5709; x_wconf 85' lang='lat' dir='ltr'><strong><em>auctor</em></strong></span> <span class='ocrx_word' id='word_1_877' title='bbox 888 5662 946 5710; x_wconf 85' lang='lat' dir='ltr'><strong><em>ad</em></strong></span> <span class='ocrx_word' id='word_1_878' title='bbox 971 5660 1302 5712; x_wconf 79' lang='lat' dir='ltr'><strong><em>feneratorum</em></strong></span> <span class='ocrx_word' id='word_1_879' title='bbox 1329 5661 1753 5718; x_wconf 82' lang='lat' dir='ltr'><strong><em>consuetudinem,</em></strong></span> <span class='ocrx_word' id='word_1_880' title='bbox 1778 5660 1862 5724; x_wconf 72' lang='lat' dir='ltr'><strong><em>qui</em></strong></span> <span class='ocrx_word' id='word_1_881' title='bbox 1890 5658 2340 5724; x_wconf 69' lang='lat' dir='ltr'><strong><em>peculiiam_rnutt_io</em></strong></span> <span class='ocrx_word' id='word_1_882' title='bbox 2373 5655 2579 5724; x_wconf 62' lang='lat' dir='ltr'><strong><em>dantes,</em></strong></span> <span class='ocrx_word' id='word_1_883' title='bbox 2604 5665 2837 5724; x_wconf 63' lang='lat' dir='ltr'><strong><em>summam</em></strong></span> <span class='ocrx_word' id='word_1_884' title='bbox 2867 5653 3114 5724; x_wconf 58' lang='lat' dir='ltr'><strong><em>integram</em></strong></span> <span class='ocrx_word' id='word_1_885' title='bbox 3140 5648 3407 5724; x_wconf 56' lang='lat' dir='ltr'><strong><em>inscribunt</em></strong></span> <span class='ocrx_word' id='word_1_886' title='bbox 3427 5646 3567 5724; x_wconf 53' lang='lat' dir='ltr'><strong><em>3&#39;2ng</em></strong></span> 
     </span>
    </p>
   </div>
   <div class='ocr_carea' id='block_1_113' title="bbox 319 5707 3563 5787">
    <p class='ocr_par' dir='ltr' id='par_1_113' title="bbox 319 5707 3563 5787">
     <span class='ocr_line' id='line_1_113' title="bbox 319 5707 3563 5787; baseline -0.004 -17"><span class='ocrx_word' id='word_1_887' title='bbox 319 5707 714 5786; x_wconf 58' lang='lat' dir='ltr'><strong><em>piiéniiéhb&#39;iis&#39;</em></strong></span> <span class='ocrx_word' id='word_1_888' title='bbox 735 5707 1161 5785; x_wconf 55' lang='grc' dir='ltr'><strong><em>ἐάιίέεῖὲιιὶίὲὴῐξ</em></strong></span> <span class='ocrx_word' id='word_1_889' title='bbox 1174 5707 1468 5785; x_wconf 62' lang='grc' dir='ltr'><strong><em>ἑιῖὶὸέῖὲὶ,</em></strong></span> <span class='ocrx_word' id='word_1_890' title='bbox 1490 5707 1538 5774; x_wconf 85' lang='lat' dir='ltr'><strong><em>ut</em></strong></span> <span class='ocrx_word' id='word_1_891' title='bbox 1560 5707 1809 5787; x_wconf 54' lang='lat' dir='ltr'><strong><em>(initam?</em></strong></span> <span class='ocrx_word' id='word_1_892' title='bbox 1834 5707 2123 5784; x_wconf 62' lang='lat' dir='ltr'><strong><em>impleveris.</em></strong></span> <span class='ocrx_word' id='word_1_893' title='bbox 2151 5718 2263 5767; x_wconf 68' lang='lat' dir='ltr'><strong><em>Haec</em></strong></span> <span class='ocrx_word' id='word_1_894' title='bbox 2279 5718 2375 5779; x_wconf 85' lang='lat' dir='ltr'><strong><em>jam</em></strong></span> <span class='ocrx_word' id='word_1_895' title='bbox 2400 5717 2589 5766; x_wconf 74' lang='lat' dir='ltr'><strong><em>viderat</em></strong></span> <span class='ocrx_word' id='word_1_896' title='bbox 2615 5717 2671 5765; x_wconf 83' lang='grc' dir='ltr'><strong><em>υ.</em></strong></span> <span class='ocrx_word' id='word_1_897' title='bbox 2688 5714 2739 5762; x_wconf 84' lang='grc' dir='ltr'><strong><em>ι..</em></strong></span> <span class='ocrx_word' id='word_1_898' title='bbox 2776 5714 2838 5762; x_wconf 84' lang='lat' dir='ltr'><strong><em>de</em></strong></span> <span class='ocrx_word' id='word_1_899' title='bbox 2866 5707 3043 5762; x_wconf 71' lang='lat' dir='ltr'><strong><em>Sinner</em></strong></span> <span class='ocrx_word' id='word_1_900' title='bbox 3066 5716 3117 5763; x_wconf 85' lang='lat' dir='ltr'><strong><em>in</em></strong></span> <span class='ocrx_word' id='word_1_901' title='bbox 3143 5713 3220 5761; x_wconf 86' lang='lat' dir='ltr'><strong><em>ed.</em></strong></span> <span class='ocrx_word' id='word_1_902' title='bbox 3246 5711 3399 5760; x_wconf 75' lang='lat' dir='ltr'><strong><em>Paris.</em></strong></span> <span class='ocrx_word' id='word_1_903' title='bbox 3427 5707 3563 5757; x_wconf 75' lang='lat' dir='ltr'><strong><em>l859.</em></strong></span> 
     </span>
    </p>
   </div>
  </div>
