3972 6202
254 354 318 408 ⁵⁷
1700 367 2092 424 ΡΙΜΕΓΑΤΞΟ.
2179 421 2186 426 ,
2955 316 2960 321 ’
3445 366 3518 421 5s

256 478 404 533 ἀπ)εᾶ
443 479 507 532 τὰ
545 480 622 550 τῷ
669 483 901 552 μεγέθει
945 485 1041 539 τοῦ
1085 486 1334 558 σώματος
1353 529 1367 554 ,
1421 506 1516 557 per
1544 507 1602 545 se
1629 491 1848 546 insolita
1877 496 1924 550 Α
1954 491 2090 559 πρὸς
2113 490 2174 542 τὸ
2198 492 2352 553 ἐκτὸς
2373 490 2690 560 διεκπίπτῃ.
2708 489 3010 560 Κατάμαθε
3035 487 3149 551 πῶς
3174 487 3242 540 τὰ
3272 489 3367 558 τῆς
3385 505 3517 556 γεω-

259 572 472 627 videtur
495 583 548 627 et
580 590 761 642 nova;
809 578 1062 648 mihique
1103 582 1238 636 satis
1285 582 1580 636 verisimile
1622 581 1703 647 ﬁt,
1748 584 1842 652 qui

265 661 378 716 huic
424 666 624 734 legent,
670 681 773 721 eos
818 668 958 722 nihil
990 671 1099 725 tale
1130 671 1273 741 apud
1321 671 1551 726 idoneos
1590 680 1846 727 auctores

264 754 454 824 legisse
491 771 550 809 se
584 755 754 812 facile
802 760 1186 816 confessurus.
1231 760 1343 816 Vox
1397 761 1842 834 στρατηγάρχας,

265 862 382 916 quae
421 848 710 916 aliquanto
744 862 872 919 post
909 853 1056 922 (pag.
1093 853 1218 925 620)
1272 855 1536 923 sequitur,
1570 869 1678 907 non
1704 853 1849 908 vide-

267 943 353 989 tur
388 938 562 1006 magis
603 937 902 995 familiaris
937 941 1110 997 fuisse
1149 943 1305 997 bonis
1333 945 1715 1014 scriptoribus,
1747 943 1845 1012 qui

268 1042 383 1082 cum
415 1045 618 1084 nomen
669 1040 767 1084 aut
809 1035 1034 1088 verbum
1074 1050 1399 1104 componere
1429 1037 1629 1090 vellent
1655 1052 1720 1090 ex
1752 1050 1847 1090 vo-

266 1120 416 1174 cibus
447 1124 686 1192 στρατός
715 1133 772 1179 et
799 1127 962 1197 ἀρχή.
998 1127 1232 1182 litteram
1259 1146 1292 1196 γ
1314 1144 1421 1182 non
1444 1128 1842 1182 immiscebant.

266 1210 510 1268 Vidimus
541 1218 694 1269 enim
728 1219 836 1272 dici
871 1221 1092 1274 solitum
1123 1261 1138 1282 ,
1176 1221 1541 1292 στρατάρχης,
1569 1221 1843 1291 στράταρ-

266 1322 366 1374 χοι.
403 1309 790 1378 στραταρχέω,
830 1313 1188 1382 στραταρχία,
1237 1328 1266 1365 a
1299 1315 1500 1382 quibus
1531 1315 1784 1368 omnibus
1809 1330 1846 1382 γ

267 1398 440 1452 littera
476 1400 664 1465 abest,
697 1401 752 1454 in
780 1403 970 1471 eisque
1012 1414 1268 1472 praeterea
1302 1422 1335 1457 α
1365 1406 1635 1474 reperitur
1669 1407 1721 1459 in
1758 1423 1846 1461 se-

266 1490 438 1542 cunda
475 1491 714 1560 syllaba.
751 1491 978 1556 Contra,
1030 1495 1076 1548 si
1125 1497 1343 1564 quando
1382 1497 1580 1550 vellent
1615 1505 1708 1550 aut
1748 1511 1846 1549 no-

266 1595 384 1633 men
417 1590 513 1634 aut
544 1583 778 1636 verbum
832 1602 898 1638 ex
946 1585 1173 1639 vocibus
1232 1587 1460 1657 στρατός
1502 1596 1556 1639 et
1595 1586 1844 1657 ἡγεῖσθαι

264 1675 524 1737 conﬂare,
565 1683 700 1730 tunc
745 1687 804 1730 ut
845 1679 1080 1731 litteram
1111 1697 1144 1749 η
1187 1681 1456 1748 ponebant
1504 1680 1557 1733 in
1606 1680 1844 1734 secunda

266 1767 492 1834 syllaba,
547 1769 622 1820 ita
671 1769 909 1824 litteram
945 1787 981 1838 γ
1013 1771 1346 1834 inserebant,
1395 1779 1452 1824 ut
1487 1773 1635 1826 cerni
1667 1780 1845 1842 potest

263 1858 316 1911 in
345 1859 428 1911 his
462 1860 721 1921 vocibus,
758 1863 1185 1933 στρατηγέομαι.
1210 1864 1588 1936 στρατηγικὸς,
1612 1881 1848 1936 στρατη-

263 1950 372 2017 γὸς,
416 1953 828 2022 στρατηγήτης,
859 1954 1090 2020 aliisque
1118 1955 1322 2018 multis,
1353 1971 1490 2025 quas
1529 1971 1719 2011 omnes
1758 1971 1847 2012 re-

265 2057 490 2095 censere
527 2050 582 2096 et
629 2042 853 2111 longum
900 2052 954 2097 et
1001 2046 1194 2099 inutile
1227 2053 1392 2100 esset.
1424 2046 1606 2112 Quare
1645 2063 1752 2106 non
1782 2063 1848 2102 eo

263 2132 435 2184 solum
471 2132 704 2187 nomine
742 2149 846 2188 vox
896 2135 1316 2206 στρατηγάρχας
1360 2135 1693 2206 repudianda
1741 2143 1844 2200 est,

262 2225 400 2294 quod
437 2241 583 2278 nova
615 2227 690 2279 sit
721 2237 776 2279 ct
816 2228 1059 2289 insolita,
1109 2229 1200 2281 sed
1236 2227 1376 2296 quod
1406 2237 1599 2296 praeter
1624 2235 1848 2282 αιτιοι-ο-

264 2329 376 2366 rum
410 2315 708 2368 nominum
759 2316 1212 2370 consuetudinem
1257 2319 1554 2386 composita
1603 2333 1723 2372 esse
1766 2317 1849 2368 vi—

265 2404 465 2458 deatur.
494 2402 620 2458 Jam
649 2408 832 2459 monui
860 2408 1178 2476 scriptorem
1206 2409 1458 2460 nonnulla
1491 2424 1554 2461 ex
1576 2423 1637 2462 ea
1664 2407 1845 2462 Basilii

272 2495 530 2556 oratione,
565 2509 693 2563 qua:
717 2496 1058 2558 inscribitur,
1095 2496 1318 2550 Attende
1349 2497 1442 2549 tibi
1480 2499 1601 2566 ipsi,
1631 2507 1848 2551 mutuae

277 2593 381 2638 tum
419 2585 620 2640 fuisse.
673 2584 775 2639 Hic
827 2596 1010 2641 autem
1057 2603 1251 2642 rursus
1301 2604 1527 2643 monere
1557 2589 1732 2657 juvat,
1765 2587 1846 2641 vi-

1948 582 2172 652 μετρίας
2190 583 2472 654 εὑρήματα
2490 582 2742 653 πάρεργά
2759 583 2874 634 ἐστι
2886 582 2985 651 τῆς
3003 581 3317 650 σοφωτάτης
3335 580 3516 650 μελίσ-

1947 689 2063 740 σης.
2104 672 2399 740 Ἐξάγωνοι
2416 672 2523 741 γὰρ
2547 674 2716 724 πᾶσαι
2733 673 2825 724 καὶ
2858 672 3162 742 ἰσόπλευροι
3178 671 3285 723 τῶν
3309 669 3515 740 κηρίων

1946 767 2001 818 αἱ
2023 765 2296 836 σύριγγες,
2314 768 2413 818 οὐκ
2442 767 2527 817 ἐπ’
2544 764 2753 828 εὐθείας
2770 764 3024 835 ἀλλήλαις
3043 762 3510 832 κατεπικείμεναι,

1946 856 2033 909 ἵνα
2083 857 2156 926 μὴ
2208 859 2486 928 κάμνωσιν
2517 861 2564 910 οἱ
2613 856 2885 926 πυθμένες
2935 858 3045 917 τοῖς
3099 853 3364 915 διακένοις
3421 853 3515 919 ἑφ-

1945 947 2278 1018 ηρμοσμένοι
2299 965 2311 978 ·
2341 948 2454 1000 ἀλλ’
2485 950 2541 1000 αἱ
2567 949 2759 1014 γωνίαι
2791 946 2899 999 τῶν
2937 945 3178 998 κάτωθεν
3203 942 3512 1010 ὲξαγώνων,

1948 1038 2144 1108 βάθρον
2179 1040 2271 1091 καὶ
2321 1039 2548 1108 ἔρεισμα
2602 1037 2710 1090 τῶν
2761 1037 3171 1108 ὑπερκειμένων
3222 1035 3381 1100 εἰσὶν,
3438 1033 3515 1095 ὡς

1945 1129 2206 1198 ἀσφαλῶς
2263 1132 2404 1202 ὑπὲρ
2465 1131 2672 1183 ἑαυτῶν
2721 1129 3073 1200 μετεωρίζειν
3115 1127 3182 1180 τά
3217 1126 3377 1196 βάρη,
3423 1126 3515 1177 καὶ

1949 1219 2258 1282 ἰδιαζόντως
2321 1221 2524 1289 ἑκάστῃ
2577 1217 2847 1286 κοιλότητι
2902 1216 2962 1268 τὸ
3008 1215 3174 1286 ὑγρὸν
3229 1211 3521 1281 ἐγκατέχε-

1947 1313 2088 1366 σθαι.
2133 1313 2230 1366 Ille
2253 1323 2373 1367 sunt
2406 1312 2647 1382 quaedam
2681 1321 2886 1364 natura:
2944 1309 3077 1378 leges
3131 1306 3340 1359 minime
3381 1304 3515 1357 scri-

1944 1415 2066 1470 ptw,
2102 1414 2157 1457 ut
2177 1404 2314 1456 tardi
2348 1404 2450 1457 sint
2484 1402 2552 1456 ad
2576 1403 2881 1464 vindictam,
2901 1400 2988 1470 qui
3011 1398 3080 1452 ad
3107 1398 3396 1451 maximam
3420 1411 3516 1463 pos

1949 1497 2164 1549 tentiam
2214 1504 2336 1549 sunt
2379 1496 2560 1550 evecti.
2617 1493 2718 1548 Sed
2753 1503 2801 1546 et
2855 1506 3176 1562 quaecunque
3223 1505 3344 1557 apes
3379 1487 3516 1555 regis

1945 1590 2234 1657 exemplum
2261 1605 2361 1640 non
2388 1600 2695 1656 sequuntur,
2721 1601 2812 1639 eas
2844 1585 3024 1637 statim
3069 1579 3380 1635 temeritatis
3405 1593 3518 1632 sum

1945 1683 2175 1750 pa'nitet.
2211 1689 2486 1748 propterea
2520 1681 2657 1750 quod
2714 1678 2885 1731 aculei
2932 1678 3039 1728 ictu
3074 1677 3353 1728 intereunt.
3408 1669 3513 1722 Att-

1949 1774 2097 1826 diant
2126 1772 2438 1832 Christiani,
2462 1772 2550 1840 qui
2572 1769 2705 1822 nulli
2747 1770 2945 1821 malum
2971 1783 3064 1832 pro
3111 1766 3253 1818 malo
3283 1761 3518 1823 reddere,

1950 1865 2040 1920 sed
2072 1867 2126 1918 in
2160 1865 2292 1919 bono
2317 1864 2516 1917 malum
2567 1864 2769 1916 vincere
2811 1860 3087 1930 jubentur.
3126 1856 3346 1910 Imitare
3394 1868 3511 1922 pro-

1945 1957 2117 2025 priam
2145 1957 2256 2025 apis
2282 1955 2533 2017 indolem,
2553 1970 2668 2024 quae
2689 1953 2825 2006 nulli
2841 1951 3085 2022 officiens,
3107 1965 3266 2018 neque
3289 1947 3518 2016 fructum

1952 2047 2183 2101 alienum
2217 2062 2571 2116 corrumpens,
2624 2046 2772 2114 favos
2802 2043 3059 2098 construit
3106 2057 3168 2093 ac
3214 2036 3517 2106 compingit.

1950 2137 2095 2193 Nam
2129 2149 2187 2192 ut
2223 2156 2397 2193 ceram
2435 2153 2500 2192 ex
2538 2138 2762 2207 ﬂoribus
2809 2145 2983 2200 aperte
3020 2133 3238 2201 colligit.
3270 2133 3347 2184 ita
3393 2127 3515 2189 mel,

1948 2233 2219 2284 humorem
2242 2233 2442 2284 scilicet
2468 2231 2604 2283 roris
2635 2230 2807 2282 instar
2828 2226 3050 2296 ﬂoribus
3090 2226 3405 2291 inspersum,
3431 2233 3522 2272 ore

1948 2325 2191 2386 attrahit,
2217 2333 2372 2392 atque
2389 2324 2441 2374 in
2463 2322 2701 2390 favorum
2730 2335 2856 2371 cara
2879 2318 3211 2370 immittit....
3233 2313 3359 2380 Apis
3383 2325 3520 2379 pra:—

1947 2419 2121 2470 claras
2164 2426 2212 2470 et
2242 2416 2592 2469 convenientes
2623 2412 2804 2466 laudes
2846 2428 2878 2464 a
2914 2407 3197 2464 Proverbia
3242 2412 3522 2458 consecuta

1947 2519 2046 2570 est,
2114 2523 2230 2577 qua?
2269 2507 2466 2560 scilicet
2522 2504 2811 2572 appelletur
2843 2501 3072 2570 sapiens,
3123 2509 3170 2551 et
3234 2495 3518 2549 laboriosa.

1951 2599 2066 2653 Hoc
2088 2598 2240 2651 modo
2268 2607 2322 2649 ut
2349 2596 2630 2665 diligenter
2656 2596 2771 2663 apis
2799 2592 3051 2661 pabulum
3083 2591 3311 2658 congerit
3339 2589 3384 2651 (ι
3426 2585 3527 2640 Cu-

276 2677 379 2731 deri
404 2677 689 2741 eumdem,
722 2679 814 2733 ubi
855 2680 1163 2748 exemplum
1205 2683 1322 2750 apis
1349 2689 1404 2735 et
1445 2681 1685 2736 formica
1719 2697 1849 2750 pro-
1940 2689 2032 2760 jus
2060 2690 2284 2752 labores,
2320 2688 2510 2756 inquit,
2543 2701 2684 2754 reges
2715 2695 2760 2736 et
2787 2683 2978 2751 privati
3007 2679 3075 2732 ad
3122 2680 3402 2732 sanitatem
3437 2691 3524 2728 as-

271 2772 464 2840 posuit,
521 2772 666 2824 satis
720 2771 889 2823 multa
929 2787 995 2824 ex
1053 2787 1214 2841 opere
1255 2789 1346 2828 sex
1397 2774 1608 2827 dierum
1659 2774 1845 2829 Basilii

267 2862 586 2929 sumpsisse.
623 2859 689 2914 Et
732 2862 989 2929 quoniam
1043 2862 1235 2914 borum
1270 2863 1514 2916 locorum
1578 2864 1717 2917 inter
1781 2879 1840 2918 se

266 2953 610 3021 comparatio
646 2952 806 3006 nobis
864 2953 1026 3006 alicui
1063 2952 1184 3006 usui
1213 2968 1336 3007 esse
1388 2954 1607 3021 poterit,
1641 2955 1845 3024 aliquid

265 3058 328 3096 es
361 3055 601 3112 utroque
636 3052 862 3096 auctore
892 3043 998 3098 hoc
1028 3043 1147 3098 loco
1193 3044 1520 3098 esscribam.
1555 3043 1740 3113 Itaque
1780 3043 1848 3098 de

1947 2790 2160 2834 sumunt
2184 2780 2310 2845 "fy,
2335 2780 2413 2830 ita
2440 2777 2700 2845 sapienter
2721 2788 2769 2830 et
2803 2775 3088 2843 artiﬁciose
3110 2771 3277 2824 mellis
3305 2767 3524 2822 cellulas

1947 2881 2195 2926 exstruit.
2241 2870 2474 2924 Estenta
2511 2869 2648 2922 enim
2683 2870 2739 2920 in
2773 2878 2974 2920 tenuem
3004 2863 3360 2917 membranam
3381 2875 3525 2920 cera,

1947 2963 2131 3017 crebra
2159 2970 2209 3016 et
2236 2963 2374 3015 inter
2403 2978 2458 3015 se
2505 2961 2754 3014 continua
2814 2975 2942 3012 cava
2987 2955 3268 3017 construit,
3320 2963 3377 3005 ut
3421 2952 3528 3020 fre-

1947 3056 2158 3126 quentia
2192 3054 2288 3107 illa
2327 3064 2374 3106 et
2398 3053 2657 3115 densitas,
2682 3067 2785 3120 qua
2813 3047 3170 3101 minutissima
3205 3059 3420 3114 qua’que
3447 3057 3529 3095 se-

265 3133 460 3202 apibus
490 3135 728 3202 loquens
746 3131 978 3188 Basilius
997 3134 1142 3184 hom.
1163 3132 1195 3185 8
1221 3133 1272 3183 in
1299 3131 1580 3192 Ilexaem.,
1610 3147 1768 3222 num:
1789 3131 1844 3194 4,
1874 3166 1916 3222 C
1949 3163 2067 3200 cum
2101 3145 2317 3198 ίηυίεεηι
2361 3143 2704 3213 colligam”,
2741 3140 2886 3208 open“
2941 3139 3037 3190 tati
3085 3137 3312 3204 fulcrum
3356 3133 3424 3187 sit
3477 3140 3528 3186 et

266 3227 345 3279 sic
375 3226 625 3292 loquitur:
654 3229 810 3294 (tom.
839 3225 880 3288 1,
909 3241 962 3294 p.
998 3224 1083 3294 74)
1123 3240 1134 3274 :
1168 3224 1340 3291 Νόμοι
1371 3223 1510 3286 τινές
1539 3225 1673 3275 εἰσιν
1703 3218 1847 3276 οὗτοι

266 3318 361 3386 τῆς
388 3318 611 3386 ⁹,θύσεως
664 3318 922 3385 ἄγραφοι,
958 3317 1165 3386 ἀργοὺς
1215 3311 1353 3366 εἶναι
1409 3313 1546 3384 πρὸς
1583 3311 1849 3383 τιμωρίαν

267 3410 392 3471 τοὺς
410 3408 524 3461 τῶν
559 3409 837 3478 μεγίστων
867 3407 1188 3461 δυναστειῶν
1246 3405 1644 3467 ἐπιϐαίνοντας.
1693 3404 1852 3457 Ἀλλὰ

269 3501 359 3552 καὶ
396 3502 523 3562 ταῖς
566 3500 876 3568 μελίσσαις,
934 3499 1052 3574 ὅσαι
1094 3497 1159 3550 ἂν
1216 3499 1290 3568 μὴ
1326 3495 1732 3566 ἀκολουθήσουσι
1776 3495 1852 3566 τῷ

270 3592 636 3662 ὑποδείγματι
657 3590 752 3643 τοῦ
776 3590 1057 3660 βασιλέως,
1083 3592 1220 3661 ταχὺ
1249 3588 1542 3659 μεταμέλει
1563 3586 1664 3658 τῆς
1694 3580 1854 3641 ἀδου-

269 3684 410 3747 λίας,
449 3684 632 3754 ὅτιτῇ
680 3683 862 3754 πληγῇ
907 3682 1000 3734 τοῦ
1063 3683 1291 3754 κέντρου
1340 3680 1849 3751 έναποθνήσκουσιν.

282 3775 660 3828 ’Δκουέτωσαν
688 3775 1024 3844 Χριστιανοὶ,
1061 3769 1140 3836 οἷς
1194 3773 1523 3843 πρόσταγμά
1576 3774 1692 3824 ἐστι
1746 3787 1854 3842 μη-

269 3867 376 3919 δενὶ
403 3868 578 3918 κακὸν
606 3866 728 3917 ἀντὶ
761 3865 930 3918 κακοῦ
958 3865 1284 3926 ἀποδιδόναι,
1319 3865 1452 3916 ἀλλὰ
1486 3865 1640 3934 νικᾷν
1677 3849 1733 3915 εὖ
1779 3861 1855 3932 τῷ

273 3959 467 4030 ἀγαθῷ
497 3959 560 4012 τὸ
583 3961 940 4013 κακόν........
967 3959 1069 4011 Τὸν
1105 3960 1202 4030 μὲν
1235 3960 1342 4030 γάρ
1397 3959 1565 4029 κηρὸν
1610 3957 1717 4010 ἀπὸ
1748 3956 1856 4009 τῶν

273 4050 453 4106 ἀνθῶν
478 4052 733 4122 φανερῶς
762 4052 1090 4122 συναγείρει,
1127 4051 1186 4103 τὸ
1215 4049 1271 4102 δὲ
1319 4050 1439 4120 μέλι
1467 4049 1565 4119 τὴν
1615 4049 1855 4120 δροσοει-

273 4143 376 4208 δῶς
428 4144 847 4216 ὲνεσπαρμένην
896 4144 1072 4196 νοτίδα
1127 4146 1239 4205 τοῖς
1300 4141 1516 4196 ἄνθεσιν
1549 4143 1856 4194 ἐπισπασα-

278 4237 415 4307 μένη
444 4235 524 4306 τῷ
550 4236 800 4305 στόματι,
835 4235 1037 4306 ταύτην
1064 4239 1185 4298 ταῖς
1219 4235 1495 4303 κοιλότησι
1515 4232 1621 4285 τῶν
1652 4232 1856 4303 κηρίων

273 4326 606 4396 δνίησιν.....
647 4326 841 4378 Καλῶν
866 4328 957 4379 καὶ
986 4327 1302 4396 πρεπόντων
1327 4325 1469 4397 αὕτη
1491 4324 1598 4377 τῶν
1621 4324 1858 4380 ἐπαίνων

277 4416 429 4487 παρά
465 4416 561 4486 τῆς
603 4416 902 4487 Παροιμίας
959 4417 1248 4488 τετύχηκε,
1296 4417 1432 4489 σοφὴ
1490 4417 1583 4469 καὶ
1635 4417 1858 4487 ἐργάτις

1953 3240 2370 3308 ﬁrmamentum.
2406 3234 2552 3288 Nam
2582 3234 2775 3288 cellula
2807 3233 3048 3302 quaelibet
3077 3231 3232 3283 alteri
3274 3229 3526 3290 adha'ret,

1953 3333 2255 3397 tenuisepto
2286 3329 2351 3381 ab
2373 3343 2435 3381 ea
2460 3327 2720 3396 sejuncta.
2769 3323 2970 3378 Deinde
3022 3323 3216 3391 ﬁstulae
3271 3321 3350 3373 ha:
3406 3319 3531 3372 alia:

1953 3439 2110 3492 super
2140 3423 2276 3475 alias
2301 3420 2602 3488 adiﬁcatas,
2630 3417 2766 3471 duas
2793 3427 2956 3470 tresue
3009 3417 3201 3469 habent
3257 3413 3530 3482 contigua.

1956 3520 2143 3572 tiones.
2179 3514 2340 3570 Caret
2362 3515 2498 3568 enim
2525 3513 2830 3566 continuam
2857 3528 3017 3564 unam
3041 3511 3249 3579 efﬁcere
3278 3522 3534 3561 carentu-

1956 3609 2084 3671 lam,
2133 3623 2194 3660 ne
2244 3605 2432 3657 humor
2482 3603 2628 3671 foras
2675 3611 2887 3670 propter
2940 3601 3252 3670 grauitatem
3306 3596 3529 3666 diffluat.

1955 3697 2115 3752 Disce
2143 3695 2400 3768 quomodo
2421 3694 2720 3764 geometria:
2754 3693 2962 3744 intenta
2993 3691 3222 3743 accessio
3250 3689 3357 3742 sint
3411 3703 3533 3756 ope-

1956 3807 2030 3845 rte
2061 3806 2123 3842 ac
2151 3788 2350 3842 laboris
2373 3787 2511 3856 ejus,
2534 3801 2685 3855 quem
2708 3785 2822 3850 apis
2867 3781 3263 3851 sapientissimo
3292 3779 3532 3846 suscipit.

1961 3881 2152 3936 Omnes
2177 3882 2315 3934 enim
2346 3879 2587 3948 favorum
2611 3874 2908 3929 cavernula:
2947 3882 3070 3926 sunt
3098 3869 3428 3940 sexangula,
3486 3877 3536 3923 ct

1957 3969 2187 4038 mqualia
2211 3968 2378 4020 latera
2405 3965 2592 4018 habent
2619 3983 2635 4018 :
2668 3980 2772 4017 non
2804 3961 2926 4016 alice
2951 3962 3074 4014 aliis
3097 3959 3298 4014 directo
3329 3961 3537 4012 incum-

1959 4060 2106 4125 bunt,
2135 4077 2196 4112 ne
2221 4059 2376 4126 fundi
2404 4056 2699 4111 intervallis
2749 4055 2928 4108 uacuis
2962 4052 3203 4115 adiuncti
3242 4050 3534 4120 fatiscant;

1958 4151 2049 4206 sed
2081 4149 2492 4220 sexangularum
2524 4147 2928 4202 cavernularum
2975 4144 3290 4213 inferiorum
3329 4141 3533 4211 anguli,

1960 4243 2097 4295 basis
2127 4253 2248 4296 sunt
2270 4258 2332 4294 ac
2363 4241 2732 4310 fulcimentum
2764 4238 3117 4307 superiorum,
3142 4245 3198 4287 ut
3231 4243 3343 4287 tuto
3373 4249 3538 4301 supra

1957 4351 2012 4388 se
2042 4351 2201 4386 onera
2228 4333 2503 4393 attollant,
2538 4341 2587 4384 et
2614 4332 2901 4399 separatim
2953 4330 3008 4382 in
3056 4341 3362 4396 unoquoque
3416 4340 3541 4378 con-

1959 4438 2085 4475 cavo
2107 4421 2296 4474 humor
2323 4420 2676 4473 contineatur.
2707 4419 2911 4470 Auctor
2944 4431 3073 4469 vero
3093 4412 3510 4468 lucubratiuncu
3536 4445 3541 4452 -

273 4507 665 4576 ὀνομασθεῖσα.
702 4507 857 4560 Οὖτω
887 4509 983 4578 μὲν
1016 4509 1315 4578 φιλοπόνως
1357 4508 1454 4579 τὴν
1482 4508 1687 4580 τροφὴν
1737 4521 1851 4558 συν-

1965 4514 2026 4567 lae
2054 4513 2197 4580 ejus,
2229 4526 2390 4580 quam
2416 4510 2470 4562 in
2504 4509 2620 4564 suis
2646 4507 2898 4562 Ecclesia!
2924 4505 3123 4560 σταται
3178 4502 3538 4557 Monumentis

273 4601 579 4672 αγείρουσα
613 4594 739 4665 (Ἦς
767 4601 908 4665 τοὺς
941 4602 1191 4666 πόνους.
1232 4601 1386 4671 φησὶ,
1418 4599 1700 4664 ,ϐασιλεῖς
1758 4598 1857 4651 καὶ

278 4691 503 4746 ἰδιῶται
539 4692 686 4759 πρὸς
715 4694 920 4761 ὑγεάν
943 4692 1422 4760 προσφέρονται),
1447 4691 1588 4744 οὕτω
1603 4691 1657 4743 δὲ
1683 4691 1860 4759 σοφῶς

281 4779 680 4850 σιλοτεχνοῦσα
712 4783 807 4843 τὰς
835 4781 1117 4851 ἀποθήκας
1140 4781 1230 4833 τοῦ
1263 4780 1477 4851 μέλιτος
1500 4797 1514 4810 ·
1556 4781 1634 4842 εἰς
1658 4778 1858 4831 λεπτὸν

281 4875 390 4944 γὰρ
416 4872 600 4942 ὑμένα
638 4873 728 4925 τὸν
760 4873 928 4944 κηρὸν
966 4871 1294 4936 διατείνασα,
1343 4871 1555 4934 πυκνὰς
1597 4871 1688 4924 καὶ
1736 4888 1858 4922 συν-

281 4969 425 5036 εχεῖς
455 4963 714 5034 ἀλλήλαις
747 4963 1115 5033 συνοικοδομεῖ
1163 4963 1260 5026 τὰς
1287 4962 1623 5032 κοιλότητας,
1687 4962 1762 5025 ῶς
1802 4963 1862 5014 τὸ

281 5055 487 5106 πυκνέιν
533 5054 634 5124 τῆς
657 5053 764 5107 τῶν
817 5054 1161 5125 μικροτάτων
1219 5053 1353 5124 πρὸς
1392 5052 1592 5123 ἄλληλα
1640 5052 1858 5116 δέσεως,

283 5144 515 5214 ἔρεισμα
555 5144 801 5211 γίνεσθαι
838 5145 918 5214 τῷ
963 5145 1144 5198 παντί.
1186 5145 1420 5215 Ἐκάστη
1478 5143 1587 5216 γὰρ
1630 5144 1861 5213 φρεατία

285 5237 383 5305 τῆς
441 5237 632 5306 ἑτέρας
678 5237 878 5305 ἔχεται,
916 5235 1100 5306 λεπτῷ
1134 5235 1268 5305 πρὸς
1313 5237 1480 5306 αὐτὴν
1518 5235 1860 5308 διειργομένη

285 5345 341 5380 τε
373 5327 511 5398 ὁμοῦ
545 5330 638 5382 καὶ
663 5329 1047 5398 συναπτομένη
1091 5327 1170 5397 τῷ
1201 5329 1596 5399 διαφράγματι.
1631 5329 1861 5380 Ἔπειτα

286 5420 540 5490 attigerim:
577 5420 989 5492 καὶτριὼροφοι
1018 5422 1073 5471 αἱ
1113 5420 1366 5490 σύριγγες
1407 5416 1565 5474 αὗται
1607 5418 1863 5489 ἀλλήλαις

287 5511 751 5580 ὲταρκὠόμηνται.
788 5509 1129 5578 Ἐφυλάξατο
1182 5510 1287 5584 γὰρ
1347 5511 1474 5580 μίαν
1530 5510 1745 5580 ποιῆσαι
1795 5509 1866 5562 διο

291 5602 536 5673 αμττερὲς
573 5602 667 5673 τὴν
697 5603 1012 5673 κοιλότητα,
1057 5603 1142 5656 ἴνα
1193 5604 1266 5674 μὴ
1309 5603 1385 5673 τῷ
1421 5603 1573 5674 βάρει
1606 5603 1664 5656 τὸ
1700 5603 1862 5674 ὑγρὸν

370 5777 416 5807 ³⁸
452 5775 606 5831 Prov.
645 5795 693 5832 vi
719 5815 734 5843 ,
768 5777 825 5840 6,
866 5791 979 5830 sec.
1014 5773 1175 5828 LXX.

1961 4603 2132 4659 edidit
2161 4601 2488 4666 Cotelerius,
2547 4601 2778 4670 loquens
2831 4606 2884 4652 et
2935 4600 3050 4669 ipse
3111 4596 3179 4651 de
3233 4595 3430 4664 apibus
3461 4594 3538 4645 ita

1961 4694 2153 4747 scribit
2183 4694 2328 4763 (pag.
2360 4691 2487 4759 620)
2520 4709 2532 4744 ;
2563 4692 2846 4760 Χρήσιμον
2868 4688 2928 4740 τὸ
2960 4687 3262 4754 ὑπόδειγμα
3290 4684 3388 4752 τῆς
3441 4699 3538 4751 με-

1962 4787 2174 4857 λίσσης,
2195 4785 2376 4839 δοῦναι
2406 4785 2495 4837 τὸν
2533 4783 2770 4854 καρπὸν,
2804 4782 2898 4834 καὶ
2925 4777 3251 4850 ἀμύνασθαι.
3293 4776 3402 4829 Καὶ
3430 4773 3541 4844 γὰρ

1964 4879 2056 4933 καὶ
2078 4883 2109 4947 ἠ
2148 4879 2376 4948 μέλισσα
2407 4876 2743 4945 ἀμυνομένη,
2801 4871 3201 4940 ἐπαποθνήσκει
3227 4871 3292 4938 τῇ
3327 4867 3537 4937 πληγῇ·

1963 4971 2056 5023 καὶ
2083 4966 2410 5040 Χριστιανοῦ
2444 4964 2692 5027 θάνατος,
2740 4960 3155 5034 ἡάνταπόδοσις
3203 4957 3298 5009 τοῦ
3347 4953 3541 5011 κακοῦ.

1964 5061 2202 5114 Ἐκεῖνον
2231 5058 2326 5130 μὲν
2361 5057 2555 5127 μικρὸν
2585 5054 2888 5116 ὠνείδισας,
2936 5048 3162 5104 σεαυτὸν
3192 5048 3250 5100 δὲ
3295 5047 3544 5100 ἀπέκτει-

1963 5170 2058 5214 νας
2089 5153 2155 5220 τῇ
2187 5151 2435 5218 παρακοῇ
2485 5148 2585 5216 τῆς
2621 5144 2863 5214 ἐντολῆς.
2898 5139 3123 5208 Μηδενὶ
3165 5140 3355 5191 κακὸν
3407 5135 3542 5191 ἀντὶ

1964 5238 2152 5292 κακοῦ
2177 5237 2586 5300 ἀποδιδόντες.
2613 5231 2765 5296 Εἶδες
2785 5232 2902 5294 πῶς
2919 5233 2952 5301 ἡ
2973 5229 3202 5301 μέλισσα
3219 5227 3296 5297 τῷ
3333 5226 3541 5296 κέντρῳ

1963 5331 2062 5400 τὴν
2087 5330 2230 5401 ζωὴν
2258 5327 2571 5398 ὲναιρίησιν;
2599 5324 2755 5378 Οὕτω
2785 5320 3218 5393 καὶΧριστιανὸς
3239 5320 3328 5370 τὸν
3347 5316 3542 5387 ἐχθρὸν

1963 5425 2324 5494 ἀμυνόμενος,
2355 5420 2445 5474 διὰ
2473 5420 2574 5488 τῆς
2608 5417 2822 5486 πληγῆς
2848 5415 2945 5485 τῆς
2986 5416 3063 5476 είς
3092 5413 3180 5467 τὸν
3208 5409 3400 5482 ἐχθρὸν
3443 5410 3542 5477 τὴν

1965 5515 2160 5569 ἑαυτοῦ
2186 5513 2329 5584 ζωὴν
2367 5511 2754 5567 ἀποϐάλλει....
2787 5507 2897 5578 Τὴν
2924 5507 2981 5558 δὲ
3037 5505 3309 5576 ἐνέργειαν
3372 5500 3543 5568 αὐτῆς

1968 5605 2281 5678 προτίθεται
2335 5606 2414 5666 εἰς
2467 5601 2765 5656 ἀπόλαυσιν
2804 5597 3081 5669 βασιλεῦσι
3139 5595 3231 5648 καὶ
3285 5589 3539 5654 ἰδιώταις,
