3972 6202
420 301 491 354 ςε)
1884 321 1986 377 ΡΠΑ

2090 321 2285 395 mo.
2329 316 2332 321 ‘
3620 331 3694 387 sa

423 415 683 486 τρυφῶσί·
699 435 761 472 τε
793 420 891 474 καὶ
910 422 1214 495 ἀρρώστοις
1236 443 1250 459 ·
1282 430 1348 500 τῇ
1383 430 1483 501 μὲν
1507 434 1871 506 ἐπιτηδεύσει,
1912 440 2004 493 καὶ
2034 446 2076 500 Α
2110 441 2165 493 in
2202 440 2487 507 Hexaem,
2513 458 2570 497 η.
2605 444 2660 513 ι)
2690 459 2702 495 :
2740 445 2897 500 Ἔστι
2933 446 2991 500 δέ
3022 464 3144 503 τινα
3188 446 3694 505 καί-πολιτικὰτῶν

425 507 591 559 παντὶ
644 508 722 579 τῷ
779 510 882 583 βίῳ
930 517 1255 587 χρησιμεύει
1287 522 1447 594 μέχρι
1486 524 1587 594 τῆς
1619 526 1814 597 ὀσμῆς.
1859 530 2003 584 Ἡδὲ

423 598 659 690 μέλισσα
683 605 748 673 τῇ
776 607 1021 679 ποικιλίᾳ
1047 610 1147 680 τῆς
1166 611 1364 684 τέχνης
1410 618 1504 669 καὶ
1538 618 1657 687 μέλι
1686 620 2003 690 ἐκλέγεσθαι

418 683 559 741 οἶδεν
583 691 690 744 ἀπὸ
713 693 808 746 τοῦ
840 696 1008 750 αὐτοῦ
1035 698 1229 765 ἄνθους
1248 717 1261 730 ⁸
1301 683 1395 757 καὶ
1416 705 1477 758 τὸ
1502 683 1602 777 μὲν
1628 712 1707 769 είς
1733 683 1852 780 μέλι
1870 714 2005 765 ἀπο-

418 778 653 848 τίθεται,
686 785 746 837 τὸ
778 785 835 839 δὲ
864 790 951 852 είς.
1007 792 1221 863 κηρίον,
1259 796 1353 849 καὶ
1408 797 1501 851 τὸν
1543 778 2004 877 κηρὸνήπεριπή-

420 885 578 937 γνυσι
603 873 679 943 τῷ
711 875 910 945 μέλιτι.
936 880 1033 944 Τίς
1074 882 1281 949 ἐδίδαξε
1326 887 1424 959 τὴν
1472 890 1731 961 μέλισσαν
1788 873 2002 968 ὲκείνήν

419 965 596 1015 ποιεῖν
617 965 716 1028 τὰς
736 968 1023 1039 σύριγγας,
1056 974 1302 1043 ὑφαίνειν
1339 979 1403 1032 δὲ·
1430 981 1520 1035 τὸν
1562 982 1754 1039 λεπτὸν
1796 965 1999 1056 ὑμέναξ

420 1052 516 1118 Τίς
553 1057 733 1113 αὐτῶν
775 1061 994 1133 παλαιῷ
1038 1066 1345 1141 διδασκάλῳ
1393 1075 1719 1145 φοιτήσασα,
1764 1078 1832 1132 τὰ
1878 1080 1999 1146 ἐξά-

419 1142 631 1216 πλευρα
651 1148 746 1200 καὶ
773 1153 1155 1228 τετράπλευρα
1196 1163 1370 1213 ποιεῖν
1409 1142 1693 1237 ἐδιδάχθη;
1738 1167 1864 1232 Πῶς
1894 1142 2001 1237 γω-

418 1237 753 1313 νεανέστησε
800 1244 888 1297 διὰ
929 1247 1023 1301 τοῦ
1074 1251 1267 1321 κηροῦ,
1301 1256 1395 1308 καὶ
1434 1257 1650 1326 τοίχους
1705 1259 1997 1330 διΰφανενς

421 1329 537 1381 Ἵνα
554 1333 612 1385 al.
646 1334 744 1403 μὲν
768 1337 961 1404 γωνίαι
994 1340 1063 1393 τὸς
1086 1345 1303 1414 στερεὸν
1334 1329 1846 1419 παρασκευάσιυσιν,
1877 1355 1999 1409 οίχδὲ

415 1421 584 1490 τοῖχοι
628 1423 693 1475 τὸ
720 1426 842 1495 μέλι
889 1430 1187 1496 φυλάξωσι.
1233 1436 1332 1489 Διὰ
1374 1438 1428 1489 τί
1464 1441 1562 1510 οὐχ
1616 1443 1711 1497 ἕνα
1764 1445 2000 1517 σύριγγα

423 1511 700 1582 ἐποίησεν,
721 1516 1014 1573 ἁλλ’-ἔνθεν
1042 1524 1296 1578 κάκεῖθεν
1329 1527 1583 1599 διέπηξεν
1635 1533 1729 1587 τοῦ
1785 1511 2000 1606 μέλιτος

421 1599 522 1662 τὰς
548 1603 869 1674 ἀποθήκαςς
926 1609 1048 1673 Πῶς
1105 1612 1322 1685 ἑκάστῳ
1355 1618 1592 1690 πυθμένι
1649 1599 1796 1677 ἴδιον.
1826 1626 1998 1695 ἐνίησι

417 1689 570 1786 μέλις
597 1692 660 1744 El
695 1693 754 1747 ἒν
781 1697 955 1752 ἐποίει
1008 1701 1072 1753 τὸ
1126 1689 1480 1776 πανδοχεῖον,
1521 1710 1781 1785 saepem
1824 1714 1888 1767 ἂν

417 1776 573 1851 βάρει
603 1782 664 1835 τὸ
693 1785 1084 1857 ὑποκείμενον·
1120 1792 1235 1845 ἀλλ’
1282 1795 1569 1868 ὑποτίθησι
1605 1776 1749 1866 ’τοὺς
1772 1776 1994 1875 ’πυθμέί
2032 1781 2076 1834 Β

411 1885 528 1933 νας,
571 1872 665 1925 καὶ
702 1876 914 1946 τοίχους
957 1881 1272 1953 ὑποϐάλλει,
1321 1889 1416 1941 καὶ
1447 1891 1651 1958 γωνίας
1704 1872 1997 1965 ἀσφαλίζετ

409 1978 522 2034 ται.
561 1961 796 2021 Uti/eest
821 1973 1116 2040 exemplum
1149 1978 1287 2044 apis,
1344 1980 1414 2033 ad
1467 1980 1704 2036 dandum
1739 1961 1993 2054 fr-ttcftlm,

408 2064 460 2105 et
489 2068 702 2125 propter
735 2061 1014 2119 ultionem.
1052 2068 1263 2123 Etenim
1292 2073 1407 2139 apis
1432 2073 1558 2128 dum
1608 2076 1884 2132 ulciscitur
1917 2098 1993 2146 se,

407 2143 580 2211 plaga:
613 2146 920 2211 immoritur
1008 2166 1059 2209 et
1113 2157 1418 2215 Christiani
1462 2181 1604 2219 mors
1629 2178 1730 2230 est,
1772 2143 1995 2227 redditio

409 2232 560 2327 mali.
600 2233 767 2291 Illum
819 2242 1049 2309 quidem.
1077 2249 1359 2314 paululum
1406 2256 1601 2322 probro
1634 2259 1881 2327 aﬁ'ecisti,
1939 2274 1995 2319 at

410 2323 633 2392 teipsum
660 2329 1090 2405 interemisti‘per
1122 2344 1365 2397 mandati
1388 2323 1747 2407 violationein.
1786 2374 1804 2405 ι
1841 2353 1995 2411 Nulli

409 2414 610 2470 malum
639 2433 734 2486 pro
786 2426 928 2483 malo
978 2431 1253 2487 reddente:
1296 2436 1361 2490 ³¹.
1398 2457 1416 2489 ι
1473 2438 1671 2495 Vidisti
1731 2449 1992 2514 quomodo

406 2508 524 2575 apis
560 2511 723 2566 vitam
751 2531 871 2569 cum
899 2522 1081 2577 aculeo
1119 2526 1373 2595 projiciat
1398 2530 1529 2586 ?I.'a
1554 2543 1602 2588 et
1629 2508 1988 2604 Christianus,

402 2615 523 2653 cum
547 2602 612 2655 de
649 2606 866 2663 inimico
896 2613 1182 2669 vindictam
1207 2621 1390 2683 sumit,
1414 2637 1507 2690 per
1537 2626 1724 2680 vulnus
1745 2628 1885 2683 hosti
1909 2632 2001 2690 ins.

410 2688 607 2745 dictum
630 2697 788 2753 vitam
818 2717 969 2755 suam
993 2708 1261 2766 amittit...
1290 2711 1665 2780 Operationem
1690 2736 1807 2775 vero
1837 2739 1991 2777 suam

403 2780 608 2849 exhibet
641 2787 695 2839 in
723 2804 877 2844 usum
904 2795 1112 2863 regibus
1140 2808 1191 2853 et
1224 2803 1446 2870 privatis
1505 2809 1825 2873 hominibus,
1856 2813 1991 2867 delia

401 2882 518 2928 cute
547 2875 836 2934 viventibus
867 2893 916 2936 et
944 2887 1128 2941 morbo
1166 2892 1413 2961 aﬂiictis;
1466 2913 1665 2953 necnon
1718 2902 1989 2958 industria

400 2978 524 3025 sua,
555 2971 802 3040 omnique
827 2975 937 3029 vita
968 2980 1119 3033 utilis
1152 2993 1228 3036 est
1257 3000 1421 3054 usque
1468 2988 1538 3040 ad
1571 2990 1803 3047 odorem.
1858 2996 1988 3065 Apis

402 3057 656 3115 uarietate
707 3066 843 3119 artis
884 3070 1046 3123 etiam
1080 3075 1183 3128 mel
1230 3079 1372 3132 novit
1425 3081 1671 3153 colligere
1708 3102 1775 3140 ex
1804 3089 1987 3144 eodem

398 3145 530 3215 [lore
567 3166 586 3204 :
627 3161 680 3206 et
704 3155 857 3210 aliud
897 3162 1107 3229 quidem
1135 3171 1335 3235 reponit
1361 3172 1413 3223 in
1442 3145 1573 3236 mel:
1594 3175 1742 3229 aliud
1784 3196 1901 3234 vero
1932 3184 1989 3240 in

406 3238 610 3305 favum,
651 3253 701 3298 et
726 3263 901 3303 ceram
932 3257 1215 3328 compingit
1245 3263 1409 3319 melli.
1446 3264 1579 3330 Quis
1619 3268 1801 3325 docuit
1837 3290 1986 3343 apem

400 3331 550 3387 illam
586 3336 761 3404 facere
785 3344 998 3411 ﬁstulas
1031 3350 1285 3420 alveares,
1317 3372 1380 3409 ac
1404 3366 1579 3413 texere
1597 3370 1801 3418 tenuem
1825 3383 1987 3421 mem-

399 3419 672 3483 (granum?
720 3446 967 3501 quamam
1001 3453 1067 3492 ea:
1099 3441 1167 3496 iis
1221 3453 1388 3500 vetere
1448 3449 1597 3503 adito
1647 3465 1981 3524 prwceptore,

396 3514 629 3584 «edi/icio
686 3539 781 3577 sex
834 3525 1062 3585 laterum
1110 3544 1163 3588 et
1211 3548 1441 3606 quatuor
1489 3542 1715 3599 laterum
1766 3514 1986 3606 condere

391 3606 580 3664 adacta
612 3613 711 3677 fuit
730 3618 755 3669 Ρ
779 3635 881 3688 quo
907 3634 1063 3690 pacto
1093 3631 1350 3699 angulum
1371 3637 1645 3690 constituit
1669 3655 1762 3708 per
1786 3659 1980 3708 ceram,

393 3710 445 3753 et
468 3704 701 3769 parietes
734 3716 997 3778 pertexuit
1020 3720 1135 3773 Ριιιι
1167 3724 1353 3792 anguli
1380 3704 1692 3794 ﬁrmitatem
1724 3748 1982 3802 procura-

394 3799 529 3858 rent,
562 3799 789 3863 parietes
831 3807 934 3859 mel
973 3813 1319 3868 custodirent.
1342 3817 1453 3873 Cur
1484 3838 1597 3877 non
1621 3799 1781 3878 unam
1827 3830 1983 3897 ﬁstu-

397 3882 531 3989 lam“
544 3886 692 3956 fecit,
720 3898 811 3946 sed
847 3896 968 3951 hinc
993 3902 1241 3974 illincqne
1270 3913 1525 3981 compegit
1555 3917 1725 3971 mellis
1768 3882 1983 3989 apothe-

395 3977 653 4047 cas?qtta
688 3985 895 4040 ratione
924 4007 1050 4045 cavo
1077 3997 1264 4065 cuique
1284 4016 1439 4054 suum
1474 4004 1720 4062 immittit
1752 4015 1896 4069 mel?
1922 4014 1982 4070 Si

395 4079 558 4173 unum
584 4079 966 4134 construxisset
1012 4092 1423 4155 receptaculum,
1481 4098 1709 4163 pondere
1764 4103 1980 4173 dirupta

392 4155 584 4225 fuisset
606 4162 749 4220 basis
772 4184 790 4222 :
818 4186 999 4226 verum
1033 4182 1283 4246 supponit
1308 4199 1462 4249 cava,
1491 4191 1721 4255 parietes
1741 4155 1977 4266 subjibit,

393 4257 617 4325 angulos
675 4267 864 4321 munit.
900 4267 1009 4325 Nec
1039 4272 1279 4332 dubitari
1310 4282 1505 4337 merito
1536 4294 1715 4354 potest
1758 4257 1888 4360 quin
1915 4257 1979 4347 ea

391 4360 514 4413 qua:
545 4353 729 4407 statim
763 4359 905 4426 apud
932 4371 1214 4420 auctorem
1247 4353 1579 4447 legunturpe
1606 4353 1811 4433 Basilio
1836 4397 1974 4450 quo-

2107 533 2341 602 ἀλόγων,
2367 534 2527 606 εἴπερ
2575 536 2850 601 πολιτείας
2879 539 3004 593 ἴδιον
3046 540 3105 593 τὸ
3133 541 3268 612 πρὸς
3294 541 3350 594 ἓν
3381 542 3549 613 πέρας
3573 560 3694 596 κοι-

2106 624 2196 677 νὸν
2222 626 2498 680 συννεύειν
2530 629 2630 699 τὴν
2658 630 2941 702 ἐνέργειαν
2971 632 3078 685 τῶν
3135 633 3254 687 καθ’
3294 634 3521 689 ἕκαστον
3543 652 3557 668 ⁸
3606 634 3691 699 ὡς

2107 718 2209 771 ἐπὶ·
2244 718 2354 773 τῶν
2422 720 2693 792 μελισσῶν
2743 725 2807 778 ἄν
2860 743 2942 787 τις
3002 727 3135 780 ἴδοιο
3184 730 3275 781 καὶ
3307 729 3414 799 γὰρ
3458 728 3687 799 ἐκείνων

2104 808 2259 878 κοινὴ
2286 808 2394 881 γὰρ
2425 811 2457 880 ὴ
2486 811 2720 880 οἴκησις,
2762 814 2912 885 κοινὴ
2945 815 2999 869 δὲ
3028 819 3060 885 ἡ
3103 818 3316 887 πτῆσις,
3351 819 3578 885 ἐργασία

2105 898 2325 952 πάντων
2347 902 2514 970 μία...
2548 903 2606 955 οὐ
2647 903 2913 974 πρότερον
2949 907 3370 978 καταδεχόμεναι
3420 910 3511 961 ἐπὶ
3552 910 3684 971 τοὺς

2103 988 2379 1060 λειμῶνας
2411 993 2606 1058 ἐλθεῖν,
2633 997 2762 1066 πρὶν
2779 986 2857 1049 ἂν
2876 997 3025 1070 ἴδωσι
3059 990 3402 1072 κατᾶρξαντα
3419 1000 3507 1053 τὸν
3529 999 3685 1070 βασι-

2102 1079 2199 1134 λέα
2232 1083 2329 1153 τῆς
2355 1086 2625 1153 πτήσεως.
2667 1084 2834 1140 Porro
2866 1092 3107 1158 qua’dam
3131 1106 3195 1144 ea:
3225 1091 3303 1145 Itis
3338 1091 3503 1145 brutis
3556 1093 3683 1146 ani-

2103 1170 2373 1224 mantibus
2402 1183 2752 1246 suntquoque
2774 1180 3007 1245 politiae
3034 1196 3052 1233 :
3091 1182 3138 1233 si
3162 1181 3365 1251 quidem
3391 1184 3556 1236 civilis
3579 1184 3683 1236 ad—

2102 1262 2521 1318 ministrationis
2551 1269 2825 1335 proprium.
2843 1281 2919 1323 est
2953 1280 3010 1323 ut
3060 1272 3127 1324 ad
3155 1289 3315 1326 unum
3351 1290 3682 1330 communem

2103 1353 2261 1422 ﬁnem
2285 1356 2619 1425 singulorum
2651 1363 2883 1416 actiones
2914 1375 3255 1437 concurrant,
3295 1376 3352 1419 ut
3376 1370 3592 1438 quisque
3620 1369 3681 1440 in

2102 1448 2288 1514 apibus
2321 1449 2518 1505 intueri
2548 1462 2738 1520 potest.
2786 1454 2885 1510 His
2914 1459 3052 1510 enim
3102 1462 3391 1532 communis
3420 1472 3495 1515 est
3525 1462 3681 1515 habi—

2102 1537 2256 1599 tatio,
2287 1543 2578 1595 communis
2618 1543 2848 1607 volatus,
2881 1562 3089 1617 unaque
3131 1559 3179 1600 et
3229 1550 3408 1617 eadem
3440 1552 3680 1604 omnium

2102 1629 2313 1702 actio...
2348 1646 2452 1684 non
2475 1633 2624 1700 prius
2656 1633 2725 1686 ad
2740 1645 2904 1703 prata
2928 1637 3196 1705 proﬁcisci
3222 1655 3389 1709 auste,
3415 1657 3571 1709 quam
3594 1657 3682 1695 re-

2099 1738 2212 1791 gem
2242 1725 2466 1799 viderint
2489 1727 2691 1781 volatui
2711 1740 3049 1801 pra'euntem.
3069 1732 3269 1787 Audire
3296 1735 3426 1788 mihi
3449 1736 3639 1790 videor
3657 1772 3676 1800 ,

2100 1814 2194 1883 qui
2247 1827 2657 1887 conquerantur
2691 1829 2904 1891 tempus
2939 1825 3083 1877 male
3116 1825 3348 1897 locatum
3402 1826 3571 1883 fuisse
3618 1829 3678 1902 in

2100 1914 2211 1960 tant
2271 1907 2452 1980 longis
2516 1912 2840 1982 fragmentis
2894 1913 3271 1991 describendis
3307 1937 3320 1973 :
3354 1921 3451 1991 sed,
3490 1929 3676 1977 tamen

2099 1999 2391 2057 utilissime
2411 2003 2749 2075 insumptum
2780 2022 2904 2071 esse
2932 2010 3261 2075 arbitrabor,
3293 2012 3338 2066 si
3371 2012 3518 2081 quod
3539 2014 3700 2080 mihi.

2099 2093 2385 2161 proposui,
2410 2098 2878 2175 assequipossim.
2900 2098 3057 2169 Volui
3098 2102 3265 2172 igitur
3290 2102 3393 2157 hoc
3419 2094 3677 2175 exemplo
3700 2157 3705 2161 .

2097 2168 2394 2240 multorum
2426 2172 2687 2242 errorum.
2704 2205 2928 2246 causam
2974 2195 3135 2264 quasi
3185 2196 3291 2249 sub
3338 2196 3528 2251 oculos
3573 2213 3677 2267 po-

2096 2287 2246 2343 nere.
2275 2272 2414 2328 Sunt
2441 2276 2533 2345 qui
2568 2279 2758 2348 spuria
2814 2281 3062 2362 quaedam
3119 2298 3286 2362 Opera
3341 2285 3674 2359 quibusdam

2095 2365 2420 2423 auctoribus
2451 2370 2718 2436 tribuunt,
2753 2358 2868 2440 non
2896 2374 3003 2428 alio
3043 2358 3214 2448 magis
3242 2386 3565 2448 argumento
3591 2358 3679 2450 iné
3746 2408 3751 2410 τ

2094 2455 2229 2519 nixi,
2265 2472 2430 2526 quam
2462 2461 2603 2529 quod
2663 2465 2803 2533 apud
2844 2480 2940 2521 eos
2970 2467 3101 2538 talia.
3124 2453 3369 2539 legerint.
3401 2471 3584 2540 qualia
3615 2474 3673 2545 in

2094 2545 2418 2604 adulterinis
2474 2550 2585 2608 illis
2634 2542 2893 2623 operibus
2931 2558 3298 2626 reperiuntur.
3332 2559 3398 2613 Et
3426 2575 3548 2615 cum
3579 2542 3672 2619 se;

2092 2640 2200 2692 mel
2232 2639 2285 2694 id
2318 2640 2374 2695 in
2412 2643 2654 2698 animum
2685 2645 3020 2702 induxerunt
3064 2665 3248 2716 suum,
3277 2652 3385 2706 vim
3416 2670 3673 2726 magnam

2094 2735 2276 2791 inesse
2306 2737 2362 2792 in
2411 2738 2479 2794 iis
2511 2742 2871 2810 argumentis,
2908 2759 3030 2813 qua:
3065 2760 3132 2799 ex
3184 2747 3542 2815 similitudine
3577 2767 3671 2805 re-

2090 2842 2212 2891 rum
2246 2835 2340 2881 aut
2391 2830 2681 2883 verborum
2717 2839 2998 2902 petuntur,
3036 2835 3080 2889 si
3115 2835 3254 2892 forte
3282 2838 3337 2892 in
3365 2839 3532 2894 veteri
3576 2842 3677 2915 ali:

2091 2935 2200 2988 quo
2226 2919 2368 2974 libro
2395 2920 2658 2977 ineditum
2708 2925 2931 2995 aliquod
2979 2942 3119 2997 opus
3151 2927 3451 2999 inveniant,
3476 2934 3530 2986 in
3557 2949 3671 3004 quo

2091 3012 2257 3068 unius
2287 3014 2524 3084 alicujus
2557 3019 2844 3088 scriptoris
2878 3036 3075 3075 nomen
3107 3022 3448 3092 pmferatur,
3481 3026 3669 3094 statim

2015 3121 2059 3177 ο
2090 3104 2380 3175 diligenter
2398 3110 2735 3179 expendunt,
2757 3128 2886 3166 num
2921 3113 2969 3169 is
2992 3115 3249 3185 scriptor,
3279 3117 3366 3171 cui
3394 3116 3668 3189 ejusmoﬁi

2091 3210 2230 3266 Opus
2254 3198 2309 3251 in
2343 3201 2624 3268 veteribus
2652 3203 2807 3258 libris
2835 3206 3152 3274 ascribitur,
3176 3209 3366 3264 eadem
3395 3218 3671 3270 tractavee

2088 3288 2181 3351 rjt,
2219 3305 2342 3359 quin
2371 3291 2424 3344 in
2456 3309 2598 3347 novo
2620 3294 2713 3362 illo
2743 3310 2806 3349 ac
2844 3296 3051 3353 inedito
3094 3317 3257 3371 opere
3288 3303 3561 3374 leguntur,
3611 3312 3673 3366 et

2089 3378 2182 3452 ubi
2206 3380 2256 3434 id
2288 3381 2361 3435 ita
2389 3398 2513 3439 esse
2543 3385 3053 3453 animadverterint,
3102 3392 3477 3463 indubitanter
3532 3411 3666 3468 pro:

2087 3476 2345 3529 nuntiant
2380 3493 2393 3528 :
2420 3476 2580 3532 Illius
2607 3480 2884 3549 scriptoris
2907 3492 3028 3537 est:
3047 3500 3172 3539 nam
3205 3487 3391 3545 eadem
3415 3489 3670 3555 omnino,

2087 3581 2209 3637 qua:
2249 3567 2339 3622 hic
2368 3576 2705 3641 tractantur,
2725 3573 2853 3628 alibi
2870 3576 3155 3643 tractavit,
3209 3579 3322 3649 Ego
3357 3588 3539 3636 autem
3579 3580 3669 3635 in-

2086 3661 2170 3710 ter
2194 3670 2392 3713 caetera
2419 3659 2523 3715 hoc
2555 3678 2775 3732 quoque
2805 3675 3189 3735 argumentum
3224 3668 3470 3724 adhiberi
3500 3686 3668 3740 posse

2086 3763 2196 3814 non
2220 3765 2418 3820 .nego;
2482 3751 2574 3806 sed
2605 3754 2797 3809 vellem
2830 3772 2937 3810 non
2986 3758 3038 3813 ei
3088 3759 3256 3825 tribui
3288 3760 3395 3815 vim
3427 3769 3662 3828 tantam,

2086 3849 2292 3910 quanta
2327 3857 2356 3894 a
2388 3846 2668 3914 nonnullis
2699 3847 2864 3907 tribui
2891 3850 3051 3907 solet.
3087 3849 3275 3920 Neque
3304 3852 3449 3906 enim
3477 3868 3669 3915 neces?

2085 3933 2233 3986 sario
2267 3934 2535 4003 sequitur,
2564 3937 2608 3992 si
2634 3936 2689 3990 in
2718 3938 2932 3994 duobus
2953 3941 3208 4010 operibus
3237 3949 3330 3995 aut
3350 3943 3539 3997 eadem
3566 3955 3665 4009 aut

2085 4024 2288 4078 similia
2315 4026 2687 4094 inveniantur,
2722 4030 3009 4101 utriusque
3028 4032 3210 4101 Operis
3241 4050 3410 4101 unum
3434 4041 3488 4089 et
3513 4050 3665 4097 eum:

2084 4113 2207 4169 dem
2265 4124 2547 4171 auctorem
2593 4134 2737 4181 esse,
2791 4136 2915 4174 cum
2976 4122 3107 4191 ﬁeri
3141 4123 3337 4192 possit,
3375 4131 3451 4191 ut.»
3487 4124 3657 4178 alter-

2083 4213 2267 4277 utrum
2299 4209 2669 4283 compositum
2696 4210 2767 4281 sit
2799 4222 2891 4264 aut
2922 4225 2951 4263 a
2978 4213 3264 4281 plagiario,
3290 4220 3384 4266 aut
3419 4222 3568 4268 certe
3589 4215 3662 4270 ab

2084 4296 2291 4366 aliquo,
2318 4299 2409 4367 qui
2443 4299 2608 4352 alium
2633 4301 2954 4372 scriptorem
2983 4303 3230 4360 imitatus
3271 4305 3365 4368 sit,
3391 4320 3661 4375 eseoque

2083 4387 2268 4457 aliqua
2311 4390 2664 4465 expresserit.
2717 4390 2785 4451 Et
2819 4408 2946 4446 vero
2990 4393 3036 4448 si
3085 4393 3211 4463 quis
3272 4409 3339 4448 eo
3365 4395 3512 4465 quod
3543 4395 3658 4459 dixi

390 4452 496 4506 que
530 4449 631 4555 auLt
649 4455 886 4517 sumpta,
917 4464 1009 4506 aut
1040 4454 1252 4513 imitata
1283 4462 1415 4517 sint.
1437 4464 1568 4533 Ejus
1593 4477 1775 4525 autem
1810 4449 1974 4527 verba
2010 4459 2053 4512 ι)
2083 4458 2417 4549 argumento
2459 4497 2606 4538 nunc
2663 4483 2743 4536 uti
2796 4484 2987 4555 vellet,
3030 4486 3080 4539 ei
3130 4487 3387 4552 maxime,
3459 4489 3507 4542 si
3566 4489 3655 4543 cui

396 4536 531 4626 sunt
580 4531 696 4626 hac
754 4542 899 4610 (pag.
933 4542 1111 4612 621):
1157 4531 1623 4626 Συναγελαστικὸν
1682 4560 1744 4612 τὸ
1800 4561 1970 4625 ζῶον·

388 4618 515 4724 οὔτε
542 4625 767 4724 μύρμηξ
788 4631 1106 4724 ίᾷιαστικδν,
1155 4640 1280 4696 οὔτε
1316 4618 1568 4716 μέλισσα
1628 4618 1927 4724 μοναστική
1956 4672 1969 4684 ·

386 4715 529 4809 κατὰ
556 4716 755 4809 ἀγέλας
783 4721 971 4791 ζῶσιν,
994 4730 1135 4784 κατὰ
1156 4715 1353 4801 ἀγέλας
1379 4715 1655 4795 ἴπτανται.
1687 4742 1801 4796 Οὐκ
1833 4715 1974 4809 εἶδες

390 4803 648 4872 μέλισσάν
683 4828 813 4867 ποτε
834 4817 957 4871 καθ’
983 4821 1187 4894 ἑαυτὴν
1225 4830 1545 4902 πετομένην,
1572 4832 1687 4885 ἀλλ’
1714 4803 1975 4908 ἀλλήλαις

388 4903 701 4956 κοινωνοῦσι
727 4907 826 4977 τῆς
862 4913 1148 4983 πτήσεως*
1187 4920 1247 4971 οὐ
1284 4912 1669 4990 βασκαίνουσιν
1710 4930 1977 5003 ἀλλήλαις,

383 4987 495 5090 τῶν
532 4991 742 5049 ἀνθῶν·
776 5006 929 5074 κοινῇ
980 4987 1308 5079 ἀπαίρουσιν
1342 5015 1435 5068 ἐπὶ
1494 5016 1790 5090 λειμῶνας.
1834 4987 1971 5085 .Ani;

384 5081 495 5135 mal
520 5089 729 5155 gregale
758 5103 879 5149 est:
914 5113 1075 5168 neque
1122 5102 1352 5173 formica
1403 5081 1749 5180 singulariter
1805 5115 1967 5187 degit,

384 5187 545 5276 neque
575 5182 689 5246 apis
716 5183 1001 5244 solitarie:
1034 5197 1292 5264 gregatim
1335 5192 1536 5268 vivunt,
1579 5208 1838 5276 gregatim
1881 5186 1977 5265 vo;

383 5261 518 5318 lant.
550 5265 837 5340 Nunquam
872 5278 1053 5334 vidisti
1083 5301 1236 5354 apem
1280 5304 1521 5346 seorsum
1568 5298 1855 5364 volantem,
1877 5302 1971 5367 sed

381 5353 520 5408 inter
551 5375 606 5413 se
633 5376 962 5423 communem
989 5373 1181 5430 ltabent
1208 5381 1465 5438 volatum.
1490 5384 1612 5440 Non
1642 5406 1716 5443 etc
1758 5393 1860 5445 sibi
1885 5394 1967 5446 in-

382 5447 543 5551 vicem
582 5452 811 5512 invident
841 5462 1000 5529 ﬂores
1026 5483 1044 5520 :
1084 5484 1193 5525 una
1236 5472 1308 5526 ad
1336 5485 1490 5543 prata
1532 5481 1962 5551 proﬁciscuntur.

385 5536 621 5600 Basilius
653 5564 784 5606 vero
816 5553 889 5608 ita
916 5559 1139 5631 scripsit
1170 5580 1235 5621 eo
1273 5583 1438 5637 quem
1467 5570 1578 5627 dixi
1600 5575 1720 5632 loco
1743 5577 1913 5647 (hom.
1933 5584 1965 5639 8

451 5695 493 5735 "
533 5697 690 5758 Rom.
723 5723 835 5776 ιιι,
874 5712 959 5768 17.

2079 4584 2344 4639 unquam,
2387 4569 2508 4640 ipso
2554 4573 2631 4626 uti
2663 4572 2873 4630 liceret.
2926 4573 3139 4645 Etenim
3176 4585 3284 4634 tam
3319 4579 3486 4633 multa
3526 4588 3657 4635 sunt

2076 4660 2131 4713 in
2163 4676 2226 4715 ea
2279 4661 2347 4717 de
2394 4678 2500 4738 qua
2550 4665 2730 4734 agitur
2787 4667 3152 4734 oratiuncula,
3202 4686 3322 4740 quae
3360 4672 3565 4741 pariter
3598 4673 3654 4727 in

2076 4752 2277 4815 Basilii.
2308 4755 2531 4826 scriptis
2580 4756 2960 4823 inveniuntur,
2988 4762 3118 4831 utsi
3161 4761 3432 4831 ejusmodi
3490 4779 3655 4835 argu-

2075 4857 2258 4909 menta
2286 4847 2551 4911 valerent,
2587 4857 2738 4902 certo
2788 4851 3043 4909 concludi
3080 4863 3283 4922 posset,
3307 4870 3424 4910 eam
3452 4857 3521 4911 ad
3548 4856 3653 4910 Ba-

2074 4935 2256 4989 silium
2287 4952 2414 4991 vere
2442 4940 2735 5007 pertinere.
2768 4938 2901 5009 Nam
2929 4951 3128 5012 praeter
3155 4944 3399 5015 longiora
3430 4948 3520 5002 illa
3541 4946 3652 5002 iras

2072 5040 2312 5100 gmenta,
2343 5046 2464 5100 qua:
2487 5046 2552 5086 eo
2579 5034 2815 5088 consilio
2841 5050 3008 5105 supra
3051 5038 3361 5104 retulimus,
3407 5046 3467 5093 ut
3517 5039 3652 5094 faci-

2072 5121 2179 5176 lius
2209 5122 2351 5177 inter
2377 5138 2436 5181 se
2460 5138 2935 5194 compararentur,
2973 5140 3100 5185 sunt
3129 5137 3182 5185 et
3203 5133 3330 5199 alia,
3356 5149 3478 5203 quae
3497 5148 3528 5188 e
3547 5132 3651 5187 Ba-

2073 5211 2197 5266 silio
2226 5228 2445 5283 quoque
2497 5204 2759 5284 expressa
2812 5217 2983 5273 fuisse
3038 5220 3330 5276 obscurum
3386 5239 3497 5277 non
3542 5232 3649 5280 est.

2073 5303 2243 5373 Quale
2272 5312 2376 5370 est,
2406 5307 2556 5375 quod
2604 5316 2795 5362 auctor
2830 5309 2899 5364 de
2939 5309 3157 5365 damula
3200 5323 3255 5367 et
3305 5329 3405 5369 ave
3451 5330 3650 5369 narra-

2070 5396 2149 5446 vit
2181 5396 2335 5461 (tom.
2378 5394 2442 5460 ll,
2474 5397 2635 5467 :hom.
2692 5398 2745 5462 5,
2789 5416 2841 5470 p.
2884 5401 2971 5470 18)
3002 5420 3016 5457 :
3048 5419 3169 5471 qua:
3206 5404 3396 5459 eadem
3444 5406 3648 5461 alicubi

2071 5485 2287 5541 dixerat
2318 5487 2574 5544 Basilius.
2608 5488 2823 5545 Rursus
2854 5494 3016 5562 quale
3034 5503 3140 5558 est,
3162 5497 3305 5564 quod
3331 5495 3398 5550 de
3424 5497 3647 5551 formica

2073 5581 2338 5650 scriptum
2364 5580 2640 5638 invenitur
2654 5583 2793 5653 apud
2815 5600 3145 5657 anonymum
3167 5606 3180 5642 :
3202 5602 3309 5658 quo
3331 5588 3579 5659 exemplo
3594 5598 3650 5644 et
