3972 6202
301 300 365 355 ει
1743 293 2138 356 ΡΗίΕΕἉΤΙθξ

3386 258 3568 379 .6:

306 417 421 485 ipse
461 428 677 483 quoque
720 413 961 473 Basilius
1002 430 1140 479 usus
1173 415 1367 480 fuerat.
1400 415 1578 486 ibique
1636 416 1894 477 nonnulla
1922 419 1971 474 Α
1997 417 2242 487 ejusdem
2288 419 2439 475 vocis
2487 420 2875 489 repetitionem.
2912 427 3193 489 tantopere
3244 418 3553 477 aﬂ‘ectasse.

308 507 583 568 docuerat,
636 519 763 574 qua:
819 505 909 565 hic
959 509 1161 576 repetit
1215 522 1517 579 anonymus
1563 508 1733 578 (hom.
1767 508 1799 562 9
1828 508 1883 561 in

313 596 585 658 limem,
615 612 674 650 n.
712 595 790 669 '5).
818 596 883 651 Et
915 606 1099 652 tamen
1123 599 1216 668 qui
1260 600 1403 653 hanc
1432 600 1885 655 lucubratiuncu.

311 690 412 743 iam
437 689 600 759 paulo
630 691 902 745 attentius
930 692 1143 761 legerit,
1192 708 1420 763 eamque
1448 709 1570 746 cum
1619 694 1687 754 iis
1746 708 1882 763 quas

307 781 707 836 moxindicavi
740 785 1087 840 orationibus
1140 784 1500 849 contenderit,
1551 786 1598 840 is
1627 787 1733 840 nisi
1787 803 1881 856 pa-

305 878 587 929 tronorum
611 877 927 933 auctoritas
963 876 1186 940 oﬂiciat,
1220 876 1400 939 facile,
1430 877 1644 946 Opinor,
1684 876 1881 931 fatebi-

307 975 390 1020 tur
408 964 674 1022 Basilium
703 969 829 1038 ejus
859 977 1140 1031 auctorem
1172 970 1277 1025 dici
1306 971 1454 1026 nullo
1487 973 1648 1025 modo
1696 986 1877 1041 posse,

302 1060 389 1118 sed
418 1060 705 1116 hominem
751 1065 1090 1132 quempiam,
1126 1063 1219 1133 qui
1257 1064 1487 1118 voluerit
1521 1064 1740 1132 quidem
1780 1063 1881 1118 Ba-

302 1153 477 1208 silium
510 1154 753 1219 imitari,
778 1154 875 1208 sed
905 1154 1001 1224 qui
1031 1170 1155 1210 eum
1190 1155 1408 1225 assequi
1437 1170 1548 1210 non
1580 1157 1839 1225 potuerit.

552 1287 582 1359 ς
610 1286 687 1341 Χ.
722 1289 801 1342 De
826 1289 1047 1344 homilia
1072 1293 1229 1345 tertia
1254 1294 1307 1345 in
1331 1293 1613 1361 jejunium.

360 1418 448 1473 26.
474 1418 545 1472 Et
588 1421 739 1477 hanc
785 1439 1005 1493 quoque
1044 1424 1322 1481 homiliam
1374 1429 1532 1497 primi
1590 1430 1878 1487 ediderunt

288 1509 624 1578 Franciscus
654 1514 1025 1571 Combetisius
1066 1526 1122 1572 et
1148 1517 1386 1576 Joannes
1422 1522 1661 1591 Baptista
1713 1524 1875 1581 Cote-

288 1601 480 1668 lerius,
499 1619 647 1657 unus
664 1603 862 1660 Latine
886 1615 1094 1663 tantum
1114 1610 1168 1663 in
1192 1627 1293 1665 suo
1317 1611 1632 1669 Ecclesiaste
1655 1614 1836 1671 Gra’co
1853 1659 1869 1683 ,

287 1698 425 1750 alter
448 1694 640 1752 Grece
670 1706 724 1751 et
755 1697 950 1762 Latine
973 1702 1028 1755 in
1054 1701 1408 1759 Honumentis
1440 1705 1693 1761 Ecclesia:
1725 1707 1872 1762 Cra:-

287 1801 381 1839 cce.
410 1785 662 1859 Uterque
699 1791 844 1846 hanc
873 1795 1273 1853 oratiunculam
1313 1814 1421 1852 non
1460 1799 1734 1871 indignam
1766 1801 1872 1855 Ba-

290 1880 410 1943 silio
455 1896 586 1936 esse
635 1883 912 1950 judicavit
946 1905 959 1940 :
995 1903 1228 1956 quorum
1261 1894 1590 1946 sententiam
1637 1896 1870 1964 amplexi

288 1983 413 2025 sunt
445 1974 772 2031 doctissimi
802 1979 907 2032 viri
938 1979 1318 2037 Tillemontius
1340 1993 1395 2039 et
1421 1984 1732 2040 Ludovicus
1766 1987 1871 2041 Du-

286 2064 466 2130 pinus.
507 2065 625 2137 Ego
658 2078 870 2137 autem,
901 2080 958 2125 ut
991 2089 1175 2128 verum
1210 2077 1404 2141 fatear,
1434 2094 1538 2133 non
1573 2080 1646 2133 ita
1668 2083 1866 2136 sentio.

286 2154 547 2226 Equidem
572 2177 688 2216 non
726 2166 1003 2233 pugnabo,
1035 2169 1081 2222 si
1111 2170 1241 2237 quis
1263 2170 1352 2233 iis,
1372 2186 1511 2241 quos
1541 2188 1664 2226 mox
1696 2175 1871 2228 nouli.-

288 2252 423 2312 navi,
472 2254 882 2312 eruditissimis
936 2259 1068 2315 viris
1120 2266 1452 2319 assentiatur
1490 2283 1502 2317 :
1540 2265 1635 2320 sed
1685 2276 1866 2325 tamen

291 2342 521 2407 arbitror
540 2348 822 2413 eruditos,
847 2350 894 2404 si
918 2354 1145 2422 propius
1174 2356 1512 2413 admoverint
1553 2363 1762 2424 oculos,
1797 2365 1867 2419 ab

296 2432 387 2489 hac
410 2442 531 2492 mea
572 2442 858 2497 sententia
889 2460 995 2499 non
1040 2447 1200 2518 longe
1252 2450 1557 2508 abfuturos.
1604 2455 1867 2511 Animad-

299 2540 489 2587 rertent
524 2535 682 2590 enim
719 2538 860 2593 nihil
906 2542 1188 2607 eximium,
1218 2546 1353 2601 nihil
1388 2563 1667 2619 magnum,
1728 2551 1864 2607 nihil

293 2622 647 2691 exquisitum,
688 2627 827 2682 nihil
860 2630 1095 2687 sublime
1125 2634 1179 2687 in
1212 2634 1315 2690 hac
1342 2638 1686 2693 oratiuncula
1717 2640 1866 2696 inve-

286 2715 401 2779 niri,
432 2732 562 2771 cum
600 2726 794 2774 tamen
818 2721 874 2775 in
902 2724 1049 2779 veris
1074 2740 1137 2779 ac
1172 2730 1448 2796 germanis
1478 2730 1664 2785 Basilii
1720 2734 1862 2789 scri-t

282 2809 383 2876 ptis
406 2812 601 2865 omnia
630 2813 857 2877 eximia,
889 2817 1073 2870 omnia
1108 2834 1324 2889 magna,
1358 2826 1539 2876 omnia
1565 2826 1858 2895 exquisita,

280 2903 457 2954 omnia
486 2904 754 2957 sublimia
814 2922 937 2962 esse
965 2909 1195 2965 soleant.
1225 2910 1290 2965 Et
1333 2915 1538 2984 alioqui
1577 2933 1686 2972 non
1743 2927 1863 2973 erat

280 3008 393 3048 mos
414 2992 635 3057 Basilii,
669 2998 976 3053 orationem
1005 3009 1117 3055 tam
1147 3002 1364 3059 brevem
1388 3007 1456 3060 ad
1486 3010 1743 3078 populum
1764 3011 1857 3065 ba-

1986 512 2096 568 Nec
2122 513 2194 565 ita
2224 512 2452 565 multum
2485 512 2774 567 dissimilia
2799 523 3084 583 sunt,qu.'e
3100 528 3222 567 mox
3247 520 3555 582 sequuntur

1985 606 2129 676 (pag.
2167 604 2291 675 6‘22)
2325 624 2337 658 :
2379 604 2687 677 Ἐκηρύχθη
2727 608 2783 658 ὲν
2822 607 3021 676 Νινευὴ
3052 606 3344 676 τριήμερος
3390 620 3553 658 καίτοι⁴

1986 698 2212 767 στροφή·
2247 697 2340 749 καὶ
2360 697 2609 769 ἐνίκησεν
2632 700 2663 768 ή
2698 699 2833 769 πρὸς
2854 698 2945 752 τὸν
2963 698 3093 750 Θεὸν
3123 696 3423 766 ἐπιστροφὴ
3452 695 3552 764 τὴν

1983 788 2365 857 καταστροφήν
2383 804 2393 815 ·
2419 790 2450 856 ἡ
2483 787 2591 857 γὰρ
2614 786 2812 857 ἀπειλὴ
2833 790 2931 858 τῆς
2952 786 3330 855 καταστροφῆς
3351 784 3439 837 διὰ
3453 784 3552 854 τὴν

1982 876 2316 947 ἐπιστροφὴν
2344 878 2553 948 ἀνείθη.
2583 879 2884 932 Pra'dicata
2915 889 2992 933 est
3020 880 3075 931 in
3118 877 3309 932 Ninive
3343 878 3552 929 sublm-

1983 968 2063 1021 sio
2102 979 2216 1036 post
2247 971 2517 1032 triduum;
2545 980 2594 1023 et
2649 974 2914 1025 conversio
2963 972 3033 1024 ad
3074 971 3240 1024 Deum
3279 969 3572 1032 vicitsnbo.

1979 1061 2266 1113 versionem
2293 1078 2312 1114 :
2335 1062 2688 1115 subrersionis
2713 1064 2848 1115 enim
2869 1063 3207 1115 comminatio
3226 1077 3316 1124 per
3336 1076 3570 1123 converg

1979 1149 2180 1202 sionem
2210 1150 2457 1203 relaxata
2480 1162 2593 1213 est;
2620 1152 2707 1205 ubi
2738 1165 2927 1207 auctor
2958 1154 3012 1206 in
3038 1152 3248 1206 duabus
3270 1154 3356 1206 his
3401 1150 3550 1204 voci-

1976 1239 2105 1301 bus,
2136 1244 2482 1313 καταστροφή
2509 1251 2561 1297 et
2591 1245 2914 1313 ἐπιστροφή,
2954 1244 3205 1298 similiter
3227 1242 3549 1297 cadentibus

1978 1344 2086 1383 non
2117 1332 2352 1386 obscure
2384 1333 2542 1387 ludit.
2580 1332 2855 1399 Quantum
2887 1341 3067 1387 autem
3103 1333 3341 1387 alienum
3386 1331 3436 1385 id
3474 1330 3548 1385 sit

1977 1420 2046 1473 ab
2072 1421 2254 1475 indole
2276 1421 2460 1477 Basilii
2490 1434 2652 1493 atque
2687 1424 2924 1494 ingenio,
2950 1438 3016 1477 ex
3046 1424 3243 1478 summi
3275 1423 3421 1477 illius
3441 1421 3569 1489 viri.

1974 1513 2225 1582 genuinis
2246 1514 2590 1568 orationibus
2617 1515 2850 1584 perspici
2883 1522 3083 1583 potest.
3111 1514 3291 1578 Certe,
3328 1514 3418 1568 ubi
3446 1513 3547 1566 Ba-

1976 1603 2503 1660 siliusl‘iinivitarum
2540 1609 2867 1662 mentionem
2900 1608 3025 1662 facit
3049 1608 3102 1660 in
3127 1606 3545 1677 praeclarissima

1975 1694 2064 1750 illa
2078 1713 2237 1765 quam
2253 1697 2329 1751 De
2341 1699 2534 1764 iejunio
2554 1699 3029 1762 baliuitconcione,
3045 1700 3276 1753 similem
3292 1697 3544 1767 loquendi

1977 1788 2239 1842 rationem
2259 1790 2466 1843 vitavit.
2485 1788 2661 1843 Verba
2678 1792 2761 1860 ips
2787 1808 2851 1845 us
2865 1791 2976 1845 haec
2994 1799 3120 1843 sunt
3138 1791 3291 1857 (tom.
3312 1787 3377 1853 ll,
3392 1788 3539 1843 hom.

1975 1893 2014 1941 ι,
2039 1895 2092 1931 n.
2123 1880 2177 1945 9)
2198 1896 2211 1931 :
2241 1880 2336 1943 Τίς
2361 1880 2468 1949 γὰρ
2489 1884 2545 1934 ὲν
2570 1887 2742 1954 τροφῇ
2765 1882 2975 1952 δαψιλεῖ
2997 1883 3089 1935 καὶ
3109 1882 3286 1952 τρυφῇ
3308 1880 3545 1949 διηνεκεῖ
3576 1876 3591 1897 ³

1973 1968 2191 2035 ἐδέξατό
2244 1988 2365 2025 τινα
2413 1974 2695 2026 κοινωνίαν
2740 1975 3073 2045 χαρίσματος
3136 1969 3540 2042 πνευματικοῦ;

1971 2061 2209 2133 Μωῦσῆς
2236 2063 2493 2134 δευτέραν
2552 2064 2842 2135 λαμϐάνων
2897 2065 3236 2136 νομοθεσίαν,
3285 2064 3541 2135 δευτέρας

1971 2151 2225 2218 νηστείας
2255 2152 2618 2223 προσεδεήθη.
2646 2155 2955 2218 Νινευίταις
2979 2157 3025 2209 εξ
3062 2154 3136 2224 μὴ
3165 2155 3260 2207 καὶ
3288 2154 3354 2207 τὰ
3373 2154 3543 2221 ἄλογα

1972 2246 2415 2313 συνενήστευσεν,
2440 2245 2540 2296 οὐκ
2564 2244 2629 2297 ἂν
2658 2245 2911 2315 διέφυγον
2937 2246 3033 2316 τὴν
3057 2245 3286 2314 ἀπειλὴν
3314 2247 3412 2314 τῆς
3449 2262 3544 2298 κα-

1968 2333 2295 2404 ταστροφῆς.
2328 2335 2511 2387 Τίνων
2539 2335 2723 2389 ἔπεσε
2769 2336 2842 2389 τὰ
2891 2336 3057 2390 κῶλα
3093 2338 3162 2391 ὲν
3208 2335 3283 2404 τῇ
3308 2335 3539 2405 spring);

1971 2425 2046 2481 Οὐ
2076 2424 2184 2477 τῶν
2214 2427 2564 2496 κρεωφαγίαν
2595 2427 3025 2496 ὲπιζητούντωη
3057 2430 3280 2481 Ἐκεῖνοι
3301 2429 3406 2491 ἓως
3441 2430 3540 2498 μὲν

1968 2517 2241 2588 ἠρκοῦντο
2278 2518 2355 2589 τῷ
2403 2520 2598 2589 μάννα,
2626 2522 2720 2574 καὶ
2748 2521 2825 2591 τῷ
2873 2524 2938 2574 ὲκ
2973 2523 3073 2593 τῆς
3118 2522 3324 2592 πέτρας
3364 2522 3539 2583 ὕδατι,

1965 2610 2298 2677 Αἰγυπτίους
2320 2611 2535 2671 ἐνίκων,
2565 2611 2652 2664 διὰ
2681 2611 2954 2684 θαλάσσης
2974 2613 3194 2677 ὥδευον,
3228 2616 3341 2667 οὐκ
3370 2610 3451 2681 ἦν
3470 2613 3553 2666 ἐτι

1965 2700 2095 2767 ταῖς
2122 2702 2348 2769 φυλαῖς
2374 2702 2574 2755 αὐτῶν
2592 2708 2624 2757 ὀ
2650 2704 2943 2759 ἀσθενῶν.
2970 2706 3102 2772 Quis
3123 2707 3261 2759 enim
3291 2706 3344 2758 in
3362 2705 3539 2774 splen-

1975 2793 2117 2847 didis
2153 2795 2319 2863 epulis
2356 2796 2718 2866 perpetuisque
2745 2796 2947 2850 deliciis
2970 2798 3232 2866 particeps
3264 2796 3438 2865 factus
3460 2806 3536 2851 est

1962 2885 2126 2948 ullius
2152 2883 2276 2938 doni
2315 2886 2649 2952 spiritualis?
2690 2884 2899 2956 Moyses
2935 2896 2995 2940 ut
3030 2888 3255 2941 alteram
3284 2888 3539 2955 acciperet

1966 2974 2149 3044 legem,
2175 2974 2341 3029 altero
2367 2976 2574 3049 jejunio
2602 2992 2730 3045 opus
2749 2977 2954 3031 habuit.
2985 2976 3107 3031 Nisi
3137 2994 3243 3031 una
3276 2995 3393 3031 cum
3434 2976 3538 3031 Ni-

279 3088 422 3142 ΜΘ.
448 3088 668 3144 Nouem
691 3099 874 3145 tamen
903 3092 1043 3149 hanc
1095 3067 1623 3154 lucubratiuncéla'm
1674 3104 1858 3158 statim
1886 3094 1930 3152 ρ
1964 3068 2140 3120 nivitis
2156 3067 2486 3136 jejunasscnt
2511 3078 2559 3122 et
2584 3069 2701 3138 ipsa
2750 3070 2904 3122 bruta
2944 3070 3221 3134 animalia,
3260 3068 3538 3138 haudqua-

279 3181 347 3234 ob
375 3182 427 3235 id
450 3185 826 3252 repudiatam,
857 3189 1002 3255 quod
1030 3189 1210 3244 brevis
1232 3190 1323 3254 sit,
1354 3190 1518 3245 modo
1576 3194 1860 3248 sententiae

280 3270 406 3340 ipsa
434 3273 717 3341 ejusmodi
745 3276 1064 3332 brevitatem
1096 3289 1513 3349 compensarem
1539 3301 1551 3335 :
1579 3283 1674 3338 sed
1714 3283 1861 3351 ejus-

281 3365 423 3417 modi
467 3374 578 3427 est,
638 3377 699 3421 ut
762 3379 873 3421 tam
923 3373 1105 3427 verbis
1137 3389 1296 3443 quam
1356 3376 1643 3430 sententiis
1676 3376 1858 3431 brevis

278 3471 397 3511 esse
426 3458 702 3513 videatur.
740 3459 1119 3530 Suspicionem
1150 3473 1310 3534 auget
1351 3467 1477 3537 styli
1508 3467 1859 3523 mediocritas

284 3551 559 3618 qmedam,
594 3567 719 3620 qua:
751 3553 804 3607 in
836 3552 1095 3609 Basilium
1124 3556 1378 3627 Magnum
1424 3562 1719 3615 convenire
1747 3576 1857 3617 non

276 3648 479 3708 potest.
512 3642 610 3711 qui
647 3652 897 3699 oratores
947 3646 1183 3716 Optimos
1232 3651 1488 3718 :equavit,
1544 3658 1639 3704 aut
1691 3652 1854 3705 etiam

275 3738 567 3804 superavit.
606 3737 674 3791 Et
697 3752 829 3791 vero
855 3739 980 3807 quis
999 3740 1105 3794 sibi
1140 3741 1300 3794 facile
1322 3743 1671 3809 persuade-bit
1696 3741 1853 3797 Basi-

274 3827 429 3890 lium,
463 3829 510 3882 si
542 3828 862 3884 concionari
886 3832 1167 3895 voluisset,
1202 3835 1274 3887 ita
1308 3850 1631 3890 exorsurum
1684 3836 1857 3893 fuisse

277 3930 418 3989 (pag.
453 3920 609 3991 621),
647 3922 920 3992 Νηστείας
955 3925 1049 3977 καὶ
1107 3925 1334 3996 ἱλασμοῦ
1361 3929 1390 3980 ὁ
1420 3928 1628 3999 καιρὸς,
1677 3930 1738 3981 οὐ
1761 3930 1857 3999 μό-

271 4029 359 4065 νον
382 4013 487 4082 τῆς
515 4014 629 4065 τῶν
668 4014 972 4085 βρωμάτων
1019 4019 1247 4088 ἀποχῆς,
1294 4020 1430 4073 ἀλλὰ
1460 4021 1553 4073 καὶ
1607 4022 1707 4091 τῆς
1744 4021 1855 4074 τῶν

271 4102 567 4172 ἁμαρτιῶν
601 4103 944 4174 ἀπαλλαγῆς,
973 4104 1179 4175 Jejunii
1204 4118 1253 4160 et
1282 4110 1676 4176 propitiationis
1705 4111 1858 4166 adest

274 4200 515 4260 tempus;
557 4208 663 4246 non
702 4195 855 4248 modo
893 4197 1130 4249 ciborum
1170 4198 1522 4261 abstinentia,
1553 4199 1649 4253 sed
1696 4204 1854 4254 etiam

273 4297 611 4349 peccatorum
677 4288 977 4342 evitationis
1034 4288 1148 4359 (a)?
1202 4290 1344 4359 quod
1396 4299 1456 4345 ut
1498 4290 1723 4355 Latine,
1779 4294 1853 4346 ita

277 4373 472 4432 Grazce
502 4380 775 4448 ingratum
811 4388 896 4434 est
927 4382 1153 4435 auribus
1181 4390 1237 4435 et
1258 4384 1503 4436 insuave.
1560 4382 1856 4453 Aliquanto

276 4476 401 4538 post
429 4478 627 4522 auctor
664 4470 737 4522 ita
764 4471 1026 4538 loquitur,
1057 4470 1246 4538 Ἀγιος
1283 4471 1392 4542 γὰρ
1431 4474 1460 4524 ὁ
1502 4473 1702 4542 τρόπος
1754 4474 1853 4544 τῆς

273 4560 554 4631 νηστείας,
598 4561 739 4630 ἁγίῳ
799 4560 920 4629 Θεῷ
969 4561 1075 4614 ὑπὸ
1110 4563 1280 4629 ἁγίων
1325 4563 1498 4631 ἁγίως
1547 4567 1853 4636 προσφερό-

279 4671 463 4723 μενος.
491 4652 725 4708 Sanctus
754 4655 941 4723 quippe
967 4664 1045 4707 est
1061 4654 1256 4722 jejunii
1292 4655 1499 4720 modus,
1531 4665 1714 4710 sancto
1751 4658 1853 4711 Deo

277 4764 308 4799 ει
336 4748 541 4800 sanctis
588 4757 768 4801 sancte
800 4748 1009 4800 oblatus
1035 4764 1053 4801 :
1079 4765 1199 4817 qum
1229 4749 1357 4802 dum
1403 4750 1543 4820 lego,
1569 4766 1677 4804 non
1702 4753 1855 4806 valde

278 4838 570 4893 admodum
592 4841 805 4899 dubito,
832 4842 965 4907 quin
986 4840 1221 4909 scriptor
1253 4843 1341 4895 ille
1365 4843 1676 4911 hujusmodi
1706 4845 1856 4912 ejus—

279 4930 403 4985 dem
429 4932 585 4985 vocis
617 4932 945 5000 repetitione
989 4941 1239 4986 ornatum
1284 4935 1521 5004 aliquem
1572 4951 1686 4990 suae
1730 4951 1854 4991 ora-

278 5023 415 5076 tioni
464 5022 663 5078 aﬂ'erre
690 5024 963 5090 voluerit;
1015 5023 1282 5095 facileque
1313 5028 1638 5082 crediderim
1672 5030 1850 5099 ipsum

282 5116 383 5169 sibi
409 5131 472 5170 ea
498 5116 555 5168 in
578 5132 638 5170 re
666 5117 894 5169 multum
916 5118 1208 5187 placuisse.
1241 5118 1311 5172 Ut
1341 5128 1399 5172 ut
1419 5120 1532 5175 haec
1561 5109 1854 5193 sunt,'gra-

284 5194 539 5264 rissimus
566 5209 648 5262 vir
680 5209 920 5264 Basilius
950 5211 1054 5263 hoc
1078 5213 1362 5267 verborum
1388 5214 1544 5283 (μιτιεί
1585 5214 1712 5269 ludo
1742 5231 1851 5289 non

296 5300 692 5366 oblectabatur,
725 5309 823 5354 aut
853 5310 1003 5357 certe
1035 5317 1142 5355 non
1167 5312 1295 5372 puto
1329 5304 1560 5373 proferri
1585 5321 1743 5374 posse
1767 5307 1853 5360 ul-

282 5393 394 5450 lum
445 5394 785 5464 exemplum,
817 5408 930 5463 quo
981 5403 1195 5449 constet
1226 5412 1349 5449 eum
1402 5399 1558 5451 talem
1591 5400 1754 5453 unius
1799 5408 1853 5454 et

347 5577 392 5609 ³¹
424 5574 429 5578 ’
464 5572 635 5631 Hebr.
700 5586 797 5639 Ill,
842 5567 936 5645 1³1.
1044 5578 1091 5609 ’³
1126 5576 1269 5633 Psal.
1306 5594 1414 5643 εις,
1450 5579 1539 5634 57.

356 5728 430 5803 (a)
463 5729 682 5788 Utimur
725 5745 948 5801 semper
994 5730 1329 5801 Cotelcriana
1376 5734 1848 5805 interpretatione.

1962 3176 2120 3230 quam
2140 3161 2443 3231 eﬂ'ugissent
2463 3162 2814 3217 subversionis
2837 3162 3318 3217 comminationem.
3347 3181 3365 3212 ‹
3392 3161 3535 3227 Quo-

1963 3269 2080 3305 rum
2112 3252 2371 3307 cadavera
2406 3264 2677 3321 prostrata
2708 3264 2827 3308 sunt
2854 3255 2908 3308 in
2946 3255 3149 3308 deserto
3180 3255 3261 3307 ”?
3287 3274 3307 3306 ι
3347 3252 3538 3307 Nonne

1959 3361 2164 3409 eorum,
2199 3346 2289 3415 qui
2318 3362 2465 3400 esum
2513 3347 2758 3399 carnium
2801 3346 3174 3416 ﬂagitabant?
3222 3346 3318 3400 Illi
3373 3346 3538 3400 donec

1960 3446 2111 3490 erant
2136 3439 2363 3492 contenti
2392 3455 2608 3499 manna.
2646 3446 2695 3495 et
2726 3455 2861 3508 aqua
2903 3438 2964 3492 de
2993 3449 3140 3507 petra
3180 3438 3394 3507 ﬂuente.
3443 3453 3536 3492 su-

1958 3528 2213 3596 perabant
2247 3529 2554 3599 Egyptios,
2585 3546 2676 3598 per
2722 3547 2867 3583 mare
2908 3528 3171 3598 faciebant
3223 3530 3341 3591 iter,
3374 3546 3392 3579 ι
3432 3544 3536 3583 non

1958 3630 2072 3674 erat
2104 3622 2344 3691 inﬁrmus
2368 3625 2419 3676 in
2446 3624 2682 3676 tribubus
2702 3638 2881 3676 eorum
2904 3623 2968 3674 ".
3004 3641 3023 3673 ι
3060 3620 3186 3675 Haec
3217 3629 3396 3676 autem
3433 3619 3536 3674 Ba-

1958 3713 2068 3768 silii
2106 3713 2272 3768 verba
2308 3715 2468 3782 paulo
2517 3714 2691 3769 fusius
2754 3714 2946 3779 retuli,
2979 3721 3037 3767 ut
3058 3728 3124 3766 ex
3154 3713 3220 3766 iis
3271 3712 3427 3781 quasi
3466 3725 3535 3767 cx

1960 3805 2196 3876 quodam
2229 3808 2530 3877 specimine
2559 3815 2839 3876 utcunque
2870 3805 3098 3875 intelligi
3123 3813 3328 3874 posset,
3354 3803 3533 3872 ipsum

1959 3912 2137 3966 neque
2189 3914 2254 3952 ex
2291 3899 2455 3952 unius
2492 3898 2853 3967 ejusdemque
2888 3897 3034 3950 vocis
3062 3895 3403 3964 repetitione,
3436 3907 3535 3946 ne-

1959 4004 2068 4057 que
2087 4005 2153 4043 ex
2185 3990 2445 4045 similium
2479 3990 2869 4045 vocabulorum
2889 3988 3172 4052 antithesi,
3210 3985 3306 4042 sed
3347 4002 3411 4041 ex
3437 4000 3535 4038 va-

1960 4082 2156 4136 rietate
2211 4084 2610 4138 sententiarum
2663 4092 2825 4153 atque
2887 4083 3155 4153 gravitate
3210 4087 3534 4135 ornamenta

1957 4174 2303 4230 orationibus
2326 4176 2441 4230 suis
2476 4176 2779 4244 quaesiisse.
2814 4174 2879 4228 Et
2926 4175 3148 4243 quando
3200 4173 3400 4242 saepius
3443 4184 3536 4224 ro-

1962 4266 2081 4334 gavi
2117 4264 2176 4320 iit
2211 4275 2567 4321 controversa
2592 4283 2758 4337 opera
2781 4283 2906 4321 cum
2948 4265 3271 4321 indubitatis
3299 4280 3362 4318 ac
3395 4278 3531 4317 con-

1920 4370 1925 4373 '
1958 4358 2120 4413 fessis
2149 4367 2616 4428 compararentur,
2648 4359 2738 4413 hic
2771 4359 2993 4429 rOgabo,
3023 4365 3083 4412 ut
3105 4357 3270 4412 dubia
3310 4356 3426 4410 hac
3456 4355 3533 4409 De

1886 4450 2656 4519 1)jcjuniolucubratiuncula
2685 4452 2876 4507 saltem
2900 4467 3023 4505 cum
3053 4458 3199 4505 certa
3226 4449 3337 4513 illa,
3366 4463 3531 4517 quam

1961 4560 2089 4599 mox
2110 4544 2371 4608 indicari,
2399 4544 2588 4600 Basilii
2606 4545 2854 4599 oratione
2874 4543 3206 4598 conferatur.
3232 4541 3530 4596 Putoenim

1959 4633 2202 4688 futurum
2236 4636 2531 4698 neminem,
2564 4636 2656 4703 qui
2697 4635 2821 4705 styli
2853 4633 3277 4703 discrepantiam
3310 4645 3416 4684 non
3456 4628 3533 4682 vi-

1957 4723 2106 4788 deat,
2133 4726 2430 4794 statimque
2460 4741 2566 4778 non
2598 4725 2805 4793 judicet
2834 4725 2949 4780 fieri
2978 4739 3089 4778 non
3127 4736 3307 4792 posse,
3340 4726 3401 4772 ut
3427 4718 3531 4772 ali-

1956 4818 2302 4886 quis‘auctor
2332 4819 2405 4870 ita
2441 4817 2523 4873 sui
2550 4816 2835 4872 dissimilis
2867 4818 2957 4882 sil,
3015 4821 3076 4868 ut
3128 4820 3239 4865 tam
3288 4810 3530 4880 disparia

1958 4909 2181 4961 scribat.
2216 4907 2283 4961 Et
2315 4923 2445 4962 vero
2499 4909 2833 4975 experientia
2887 4906 3046 4959 docet
3079 4902 3342 4958 disertum
3390 4900 3530 4954 scri-

1958 5008 2167 5070 ptorem
2206 4998 2322 5054 sive
2352 5000 2406 5053 in
2432 4999 2610 5068 longis
2633 4999 2746 5053 sive
2772 4999 2825 5051 in
2854 4995 3112 5052 brevibus
3132 4993 3355 5064 scriptis
3382 5008 3530 5048 sema

1956 5068 2053 5162 per
2078 5093 2280 5149 diserte
2311 5091 2461 5161 loqui
2496 5110 2508 5144 :
2554 5090 2899 5150 indisertum,
2934 5086 3215 5141 indiserte.
3265 5083 3445 5150 Quare
3478 5085 3525 5140 si

1956 5183 2142 5238 brevis
2204 5183 2369 5251 hujus
2430 5182 2698 5236 orationis
2728 5178 3001 5248 legitimus
3045 5191 3243 5247 parens
3289 5175 3527 5231 Basilius

1955 5287 2123 5340 esset,
2148 5275 2387 5333 dubitari
2414 5273 2610 5329 merito
2639 5286 2746 5326 non
2780 5275 2979 5341 potest,
3035 5270 3165 5339 quin
3220 5267 3337 5336 ipsa
3390 5265 3527 5324 foret

1957 5370 2120 5439 longe
2151 5369 2476 5437 elegantior,
2523 5366 2682 5436 longe
2735 5362 3091 5434 splendidior,
3147 5360 3306 5433 longe
3368 5359 3527 5413 lima-
