3972 6202
455 347 531 433 es
1895 367 2280 431 rastrum:
3643 398 3719 453 et

451 566 613 619 quem
639 556 836 624 partim
863 570 1202 631 corruptum,
1232 569 1430 635 partim
1453 571 1706 627 vitiosum
1724 590 1845 631 esse.
1871 588 2022 647 puto.

454 638 529 696 lbi
558 655 739 700 autem
781 648 853 701 ita
896 651 1097 721 legitur
1134 654 1281 728 (pag.
1319 659 1445 732 69.2)
1481 680 1493 713 :
1528 664 1593 716 Τί
1636 662 1729 720 οὖν
1782 638 2025 742 ποιῆσεις

452 732 592 803 πρὸς
616 737 745 801 τοὺς
782 740 1010 806 πολλοὺς
1039 744 1261 811 τούτους
1299 750 1803 829 πολεμίους-ἔχωνς
1852 732 2023 832 τάφον

449 824 672 894 ὀρύξαις
724 831 884 885 Ἀλλὰ
949 836 1046 889 καὶ
1108 840 1297 901 τοῦτον
1349 824 1734 919 ὑπερϐήσεται.
1789 824 2023 927 Χάρακα

448 920 787 989 προστῆσαις
832 925 991 980 Ἀλλὰ
1020 930 1115 982 καὶ
1160 932 1349 988 τοῦτον
1391 937 1706 1010 διαϐήσεται
1735 960 1747 996 :
1774 920 1893 1001 ubi'
1916 948 2018 1010 do:-

449 1008 728 1069 ctissimus
750 1015 836 1069 vir
862 1017 1170 1077 Cotelerius
1199 1040 1299 1094 pro
1331 1029 1501 1097 τάφον
1535 1008 1636 1102 legi
1664 1008 1861 1092 debere
1925 1008 2021 1094 τάξ-

451 1116 587 1170 φρον
607 1106 926 1174 suspicatus
950 1119 1055 1175 est,
1080 1113 1271 1184 sicque
1290 1129 1477 1186 postea
1502 1126 1698 1181 vertit:
1733 1126 1874 1194 Quid
1895 1147 2017 1201 ergo

451 1208 595 1263 ages,
635 1194 721 1251 cui
738 1202 824 1255 res
845 1212 923 1256 est
951 1221 1072 1259 cum
1100 1209 1342 1278 plurimis
1387 1214 1691 1283 hujusmodi
1733 1194 1973 1277 hostibus
1990 1228 2028 1293 ζ

449 1286 646 1342 uallum
675 1291 887 1361 fodies?
908 1296 1013 1352 Sed
1044 1300 1140 1355 hoc
1192 1306 1626 1375 transgredietur.
1664 1311 1899 1377 ,Fossam
1933 1286 2017 1370 in;

442 1387 720 1449 terpones?
745 1384 850 1441 Sed
872 1398 924 1443 et
945 1391 1094 1447 illam
1121 1399 1409 1466 superabit.
1447 1400 1660 1459 Etenim
1692 1406 1809 1475 ipso
1855 1409 2023 1466 initio.

438 1483 533 1528 aut
565 1483 876 1549 praepositio
897 1486 1033 1558 πράς
1058 1489 1346 1558 redundat,
1380 1503 1477 1550 aut
1515 1513 1620 1555 vox
1675 1500 1857 1572 aliqua
1910 1505 2012 1561 hoc

440 1566 563 1623 loco
597 1569 769 1637 deest,
797 1575 873 1628 uti
909 1591 1013 1631 vox
1051 1581 1218 1654 πάλη,
1252 1585 1504 1657 πόλεμος,
1545 1600 1639 1645 aut
1670 1566 1781 1648 alia.
1806 1598 2021 1666 quaevis

437 1659 654 1716 similis.
698 1663 951 1722 Rescindi
983 1669 1151 1741 igitur
1178 1681 1465 1746 oportebat
1491 1659 2013 1760 particulam-1:96;,

436 1749 539 1806 lioc
563 1755 744 1822 modo,
777 1757 918 1830 ἔχων
950 1766 1078 1831 τοὺς
1111 1769 1357 1836 πολλούς,
1386 1749 1669 1842 etc."Quid
1698 1796 1819 1851 ergo
1861 1749 2003 1854 ages,

434 1841 632 1899 habens
683 1848 940 1916 plurimos
989 1856 1298 1926 hujusmodi
1323 1863 1495 1920 hostes
1514 1870 1540 1922 ?
1572 1881 1666 1922 aut
1693 1841 1776 1926 ea.
1798 1841 2001 1930 retenta
2039 1842 2080 1902 Β

435 1929 509 1984 ita
538 1936 724 1998 scribi.
754 1940 891 2011 ἔχων
916 1946 1093 2032 πάλην
1119 1950 1254 2020 πρὸς
1288 1956 1417 2019 τοὺς
1440 1956 1692 2025 πολλούς,
1727 1969 1833 2017 etc.
1864 1964 2004 2032 Quid

431 2114 577 2169 modi
602 2118 837 2177 hostibus
858 2129 889 2182 ii
910 2126 1014 2184 Sed
1049 2139 1237 2191 tamen
1263 2137 1314 2192 id
1352 2139 1407 2194 in
1437 2114 1637 2196 malam
1674 2114 1996 2216 partem'in-

433 2212 717 2277 terpretari
750 2215 918 2282 nolui,
955 2236 1025 2276 ne
1059 2223 1264 2281 librarii
1293 2230 1483 2287 vitium
1521 2235 1573 2289 in
1601 2212 1777 2307 ipsum
1814 2250 2004 2297 aucto-

429 2313 542 2353 rem
579 2305 874 2362 transferre
906 2313 1272 2375 existimarer.
1334 2305 1636 2385 Hactenus
1662 2331 1729 2387 de
1786 2334 1996 2402 prima:

430 2404 574 2444 nunc
593 2391 659 2447 de
691 2389 931 2454 secunda
961 2403 1124 2472 hujus
1160 2410 1261 2465 loci
1296 2422 1450 2482 parte
1491 2435 1658 2474 unum
1720 2389 1812 2476 aut
1863 2425 2001 2481 alte-

429 2494 549 2535 rum
586 2486 811 2542 verbum
834 2491 1033 2551 dicam.
1074 2499 1234 2562 Illud,
1270 2504 1441 2573 τάφον
1478 2508 1667 2580 ὀρύξαι
1700 2521 1753 2567 et
1786 2515 2002 2587 χάρακα

426 2576 753 2646 προστῆσαι,
779 2597 1006 2652 quoquo
1025 2590 1187 2643 modo
1208 2604 1476 2660 sumatur,
1506 2610 1697 2668 praeter
1727 2621 1883 2660 usum
1914 2617 1999 2662 at-

423 2674 989 2734 queconsuetudinem
1013 2678 1218 2736 dictum
1253 2683 1424 2741 fuisse
1440 2690 1573 2744 mihi
1594 2693 1823 2750 videtur.
1845 2697 1997 2757 Alius

423 2756 603 2825 quivis
633 2762 888 2831 scriptor.
941 2777 1000 2821 ut
1033 2770 1250 2839 opinor,
1282 2775 1357 2829 ita
1394 2781 1716 2849 simpliciter
1745 2790 1998 2858 scripsis-

424 2852 525 2904 set,
550 2845 719 2916 τάφον
735 2850 948 2919 ὀρύξεις
965 2872 1050 2919 ;...
1074 2858 1292 2931 χάρακα
1316 2845 1674 2939 προστήσας
1701 2845 1994 2944 sepulcrum

423 2934 632 3003 fodies?
660 2981 697 2993 ..
730 2942 929 3007 fossam
954 2948 1292 3018 interpones?
1322 2934 1386 3010 Et
1409 2934 1562 3027 prius
1594 2934 1669 3019 ita
1701 2934 2001 3040 scripserat

419 3037 615 3087 auctor
648 3032 784 3102 ipse,
813 3036 867 3088 τί
905 3042 1171 3110 ποιήσεις,
1213 3061 1320 3101 non
1348 3052 1597 3123 ποιῆσαι.

913 3248 940 3318 §
974 3252 1064 3306 ΧΙ.
1099 3252 1172 3311 De
1208 3258 1490 3319 Asceticis.

484 3394 572 3452 2⁵1.
606 3397 774 3454 Multa
829 3401 990 3460 hodie
1042 3411 1261 3467 nomine
1311 3414 1686 3476 Asceticorum
1738 3441 1988 3499 compro-

415 3485 749 3556 lienduntur,
799 3498 1105 3563 peculiares
1158 3504 1378 3573 quidam
1411 3498 1705 3580 tractatus,
1736 3485 1982 3587 Moralia,

414 3575 631 3646 Regula:
688 3588 795 3635 tam
856 3584 1094 3645 fusiores
1143 3608 1305 3663 quam
1358 3598 1657 3666 breviores,
1705 3575 1979 3678 Epitimia;

414 3668 853 3733 Constitutiones.
908 3686 1274 3743 monasticae:
1318 3699 1373 3745 at
1436 3693 1491 3748 in
1543 3696 1811 3756 Asceticis
1873 3719 1981 3759 non

413 3758 528 3814 hiec-
570 3768 753 3821 omnia
810 3770 939 3824 olim
981 3780 1374 3847 comprehensa
1430 3783 1621 3852 fuisse,
1657 3805 1757 3860 pro
1805 3805 1977 3861 certo,

409 3853 625 3924 opinor,
654 3859 839 3915 haberi
892 3873 1091 3933 potest.
1131 3867 1197 3922 Et
1228 3873 1445 3939 quidem
1479 3853 1724 3944 Photiiis,
1768 3883 1860 3953 qui

410 3942 678 4002 Asceticis
708 3949 892 4007 Basilii
922 3957 1142 4024 copiose
1162 3960 1420 4030 loquitur,
1447 3967 1520 4021 ita
1544 3967 1610 4024 de.
1631 3942 1718 4026 his
1733 3942 1978 4041 disserit,

408 4040 469 4090 ut
497 4050 687 4094 eorum
713 4046 933 4100 nomine
958 4049 1238 4118 aliquanto
1262 4057 1527 4122 pauciora
1556 4065 1974 4134 complectatur,

406 4124 648 4183 libellum
690 4130 767 4186 De
810 4134 1015 4205 judicio
1063 4139 1182 4207 Dei,
1244 4152 1533 4202 tractatum
1582 4152 1655 4206 De
1684 4124 1828 4224 .fide,
1864 4124 1977 4213 Μ’ολ

408 4217 564 4282 ralia,
600 4216 836 4292 chulas
858 4228 1130 4298 longiores
1159 4241 1213 4288 et
1262 4236 1563 4296 breviores.
1596 4243 1973 4304 Asceticorum

405 4309 664 4400 frequens
708 4324 792 4369 est
829 4321 1034 4375 mentio
1097 4325 1240 4393 apud
1300 4329 1578 4400 antiquos.
1633 4316 1976 4397 Celebiiores

402 4409 532 4455 sunt
577 4397 962 4478 Hieronymus,
1017 4409 1248 4469 Ruﬁnus
1282 4427 1334 4472 et
1385 4397 1706 4482 Citssianus.
1746 4428 1807 4482 Et
1838 4444 1975 4500 quo-

2134 623 2259 676 pore
2287 610 2339 663 in
2372 611 2604 666 ecclesiis
2636 613 3029 674 declamabant.
3059 620 3143 675 E1:
3169 622 3357 693 quibus
3392 641 3486 680 nos
3536 628 3708 684 denas

2133 697 2296 766 ferme
2319 702 2647 770 singulorum
2680 711 3041 765 oratiunculas
3066 714 3451 783 transfudimus
3480 719 3533 772 in
3555 719 3704 775 Lati-

2129 804 2274 843 num.
2294 790 2487 846 Basilii
2510 805 2763 862 prmterea
2790 798 3049 856 Instituta
3075 805 3443 861 monachorum
3467 825 3486 863 :
3511 822 3702 877 optan-

2128 889 2222 943 tes,
2256 882 2303 935 si
2326 886 2609 950 poterimus
2635 900 2683 943 et
2702 890 2799 945 Dei
2838 892 2989 961 fauor
3015 894 3294 964 adjuverit,
3329 915 3507 953 eorum
3540 900 3702 971 plura

2128 970 2432 1036 transferre.
2469 972 2716 1033 Cassiani
2760 990 2940 1037 autem
2973 982 3042 1052 (c)
3061 988 3224 1041 verba
3245 989 3501 1045 sunthaec
3533 1009 3546 1043 :
3577 992 3701 1046 Huc

2127 1061 2344 1125 accedit,
2363 1065 2503 1133 quod
2516 1083 2669 1136 super
2681 1070 2778 1124 hac
2793 1088 2846 1125 re
2864 1073 2960 1125 viri
2970 1083 3016 1126 et
3039 1075 3143 1129 vita
3161 1076 3378 1142 nobiles,
3400 1088 3449 1133 et
3460 1097 3725 1136 sermone.

2123 1152 2441 1224 scientiaque
2472 1160 2738 1225 pra'clari,
2790 1163 2960 1218 multa
2993 1166 3111 1233 jam
3145 1170 3399 1235 opuscula
3460 1171 3697 1226 desuda-

2123 1250 2268 1305 runt,
2320 1243 2379 1299 S.
2425 1244 2691 1301 Basiliam
2738 1260 2790 1304 et
2857 1251 3235 1323 Hieronymum
3278 1258 3417 1323 dico,
3457 1259 3700 1331 aliosque

2120 1335 2419 1398 nonnullos,
2458 1354 2678 1407 quorum
2736 1344 2968 1397 anterior
2993 1348 3381 1404 sciscitantibus
3435 1351 3695 1421 fratribus

2118 1437 2274 1490 super
2313 1425 2530 1483 diversis
2557 1431 2812 1487 institutis
2857 1435 2933 1489 vel
2971 1439 3345 1508 qua'stionibus
3376 1459 3477 1497 non
3517 1444 3719 1500 solum.

2119 1513 2373 1583 facundo,
2400 1536 2574 1575 verum
2599 1525 2759 1577 etiam
2789 1524 3085 1583 divinarum
3121 1529 3511 1601 Scripturarum
3542 1538 3696 1591 testi-

2116 1608 2311 1665 moniis
2357 1612 2564 1679 copioso
2595 1630 2831 1671 sermone
2854 1621 3138 1688 respondit.
3170 1620 3376 1679 Praeter
3408 1625 3529 1682 illos
3574 1636 3717 1687 tres.

2116 1700 2530 1770 antiquissimos
2580 1709 2875 1778 Scriptores
2908 1721 3035 1768 sunt
3062 1722 3117 1769 et
3153 1716 3277 1783 alii,
3301 1719 3391 1787 qui
3423 1721 3690 1776 memine-

2114 1800 2249 1846 runt
2297 1795 2674 1853 Asceticornm
2734 1801 2938 1858 Basilii.
2979 1802 3149 1876 Digna
3186 1815 3314 1862 sunt
3358 1819 3686 1878 memoratu,

2106 1897 2227 1951 quae
2296 1884 2595 1954 imperator
2641 1887 2987 1949 Justinianus
3056 1895 3289 1966 scripsit
3322 1897 3377 1951 in
3445 1897 3688 1967 Epistota

2105 1973 2469 2032 ad‘lennam.
2493 1976 2571 2033 lta
2600 1991 2777 2036 autem
2825 1983 3069 2054 loquitur
3102 1986 3177 2057 (d)
3212 1987 3528 2043 ;Βασιλείου
3564 1994 3711 2047 ὲπιοι

1999 2092 2005 2113 ι
2106 2065 2309 2120 σκόπου
2341 2069 2677 2141 Καισαρείας
2709 2074 3121 2142 Καππαδοκίας.
3156 2080 3219 2132 ὲκ
3259 2079 3352 2134 τοῦ
3396 2083 3683 2136 κανονικοῦ

2104 2158 2267 2212 αὐτοῦ
2303 2159 2530 2228 βιϐλίου.
2583 2162 2900 2234 Ἐρώτησις.
2935 2168 2997 2221 Εἰ
3023 2169 3156 2222 ὅπου
3188 2169 3288 2240 μὲν
3317 2170 3481 2240 λέγει,
3503 2174 3685 2246 Δαρή-

2104 2265 2257 2311 σεται
2298 2250 2486 2315 πολλὰ,
2518 2254 2650 2307 ὅπου
2689 2254 2745 2308 δὲ
2778 2256 2982 2326 Ὀλίγα,
3024 2258 3141 2322 πῶς
3184 2259 3400 2327 λέγουσί
3429 2278 3573 2326 τινες
3603 2263 3681 2334 μὴ

2101 2334 2240 2393 εῖναι
2280 2340 2431 2406 τέλος
2467 2344 2565 2414 τῆς
2600 2344 2873 2410 κολάσεως
2900 2350 3020 2411 τοῖς
3056 2346 3469 2419 κολαζομένοιςς
3513 2353 3679 2407 Ἀπό-

2104 2449 2306 2503 κρισις.
2334 2433 2413 2487 Τὰ
2443 2434 2719 2504 ἀμφίϐολα
2748 2439 2842 2491 καὶ
2870 2441 3399 2512 ἐπικεκαλυμμένως
3429 2445 3695 2516 εἰρῆσθαι

2098 2522 2356 2578 δοκοῦντα
2400 2525 2459 2578 ἓν
2479 2543 2590 2581 τισι
2638 2531 2825 2593 τόποις
2877 2529 2979 2600 τῆς
3039 2531 3395 2585 θεοπνεύποῦ
3432 2533 3701 2607 Γραφῆςλ

2099 2613 2206 2666 ὑπὸ
2229 2614 2336 2667 τῶν
2380 2616 2555 2671 ἄλλων
2601 2620 2657 2672 ὲν
2682 2619 2862 2684 ἄλλοις
2896 2621 3342 2693 ὁμολογουμένων
3383 2624 3671 2696 σαφηνίζε-

2096 2720 2207 2764 ται.
2242 2713 2350 2760 etc.
2400 2706 2593 2763 Basilii
2636 2712 2864 2780 episcopi
2903 2708 3161 2768 Caesareae
3194 2712 3572 2783 Cappadociae,
3607 2733 3677 2771 ex

2095 2797 2208 2859 eius
2239 2797 2373 2853 libro
2400 2794 2739 2869 Regularum.
2769 2801 3123 2874 Interrogatio
3158 2805 3246 2875 (e).
3281 2804 3351 2863 Si,
3377 2814 3485 2860 tum
3514 2807 3669 2874 dicit,

2106 2905 2124 2938 ι
2174 2887 2457 2957 l’apulabit
2484 2892 2686 2957 multis,
2724 2913 2744 2946 ι
2777 2903 2911 2959 tum,
2948 2913 2968 2946 ι
2989 2897 3174 2966 paucis
3203 2898 3250 2930 ’⁸
3282 2916 3296 2953 :
3334 2918 3353 2950 ›
3391 2917 3492 2969 quo
3516 2914 3672 2969 pacto

2105 2976 2319 3046 quidam
2373 2978 2555 3033 dicunt
2604 2982 2806 3036 nullum
2846 2984 3003 3054 ﬁnem
3047 2986 3290 3055 supplicii
3335 2989 3448 3057 fore
3482 2992 3550 3046 iis
3577 2994 3695 3062 qui.

2090 3084 2244 3138 pwna
2284 3072 2582 3141 afficiuntur
2620 3077 2644 3129 i
2671 3073 2980 3145 Responsio.
3004 3076 3136 3143 Qua:
3167 3079 3415 3152 ambigua
3447 3093 3569 3137 sunt
3603 3101 3670 3138 ac

2021 3187 2065 3245 α
2098 3160 2341 3215 videntur
2373 3162 2589 3218 obscure
2633 3181 2745 3224 esse
2775 3166 2920 3221 dicta
2945 3168 3001 3222 in
3029 3170 3341 3238 quibusdam
3370 3172 3498 3227 locis
3531 3174 3669 3226 divi-

2097 3259 2237 3309 nitus
2276 3258 2557 3326 inspirata!
2598 3260 2911 3330 Scriptura,
2961 3262 3092 3317 alibi
3134 3264 3199 3317 ab
3228 3265 3350 3319 aliis
3376 3281 3493 3335 qua:
3538 3283 3683 3322 0092-.

2088 3347 2231 3414 fessa
2256 3358 2309 3402 et.
2336 3360 2520 3419 aperta
2568 3361 2711 3414 sunt,
2741 3353 3101 3417 declarantur.
3140 3366 3245 3411 etc.
3288 3358 3663 3414 Asceticorum

2086 3439 2350 3494 Basilium
2386 3451 2664 3506 auctorem
2694 3445 2824 3501 facit
2857 3445 3076 3508 Suidas,
3106 3448 3214 3503 his
3234 3450 3417 3504 verbis
3448 3467 3465 3506 :
3496 3451 3677 3507 Bacis

2085 3529 2226 3596 λειος
2283 3535 2619 3606 Καισαρείας
2662 3536 2763 3606 τῆς
2826 3538 3207 3593 Καππαδοκῶν
3272 3542 3659 3607 ὲπίσκοπος....

2084 3621 2289 3695 ἔγραψε
2321 3624 2565 3688 πλεῖστα,
2589 3628 2649 3680 ὲν
2676 3622 2758 3691 οἷς
2781 3627 3122 3699 θαυμάζεται
3145 3631 3211 3685 τὰ
3235 3635 3323 3697 είς
3344 3633 3456 3701 τὴν
3488 3635 3662 3700 Ἐξα-

2081 3709 2324 3780 ήμερον.
2344 3716 2453 3768 Καὶ
2484 3719 2615 3770 κατ’
2639 3719 2938 3786 Eur-opim)
2968 3719 3024 3773 δὲ
3067 3719 3376 3791 ἐξαιρέτους
3403 3724 3661 3790 συνέταξε

2082 3802 2292 3873 λόγους,
2325 3808 2420 3860 καὶ
2447 3808 2584 3877 Περὶ
2613 3808 2719 3863 τοῦ
2754 3812 2924 3878 ἁγίου
2953 3812 3295 3881 Πνεύμιιτος
3316 3814 3528 3885 τεῦχος,
3563 3819 3663 3871 καὶ

2080 3893 2176 3959 τὰς
2222 3898 2309 3961 είς
2366 3896 2482 3965 τὴν
2540 3898 2901 3970 Ἑξαήμερον
2947 3902 3161 3971 ὁμιλίας
3211 3902 3403 3956 ἐννέα’
3470 3905 3666 3977 ἕτερον,

2078 3986 2270 4057 τεῦχος
2322 3988 2638 4060 ἀσκητικόν,
2689 4000 2797 4046 etc.
2850 3992 3085 4048 Basilius
3143 3995 3400 4053 Ca'sareat
3446 3996 3657 4066 Cappa-

2078 4075 2244 4129 docia:
2283 4079 2643 4148 episcopus....
2691 4083 2900 4152 scripsit
2931 4083 3181 4149 plurima,
3207 4086 3342 4139 inter
3369 4103 3481 4157 qua:
3522 4103 3658 4156 prte-

2078 4167 2225 4236 cipue
2255 4170 2310 4222 in
2339 4172 2504 4238 pretio
2554 4171 2812 4231 habentur
2841 4174 3218 4237 Commentarii
3248 4177 3363 4247 ejus
3406 4180 3458 4233 in
3484 4177 3657 4235 Hexa-

2077 4273 2322 4314 emeron.
2352 4260 2557 4317 Coutra
2586 4263 2910 4319 Eunomium
2953 4283 3152 4337 quoque
3188 4270 3413 4327 eximias
3451 4274 3655 4326 oratio-

2076 4367 2169 4404 nes
2207 4355 2559 4423 conscripsit;
2593 4357 2817 4429 itemque
2850 4359 3040 4414 librum
3078 4360 3152 4416 De
3188 4361 3392 4433 Spiritu
3432 4378 3649 4429 sancto,

2075 4450 2124 4495 et
2156 4444 2210 4496 in
2244 4441 2617 4501 Hexaemeron
2645 4464 2909 4505 sermones
2940 4469 3140 4517 uocem,
3158 4462 3209 4508 et
3238 4454 3432 4510 librum
3455 4459 3650 4512 asceti-

401 4502 548 4546 niam
581 4510 770 4549 eorum
809 4502 1116 4559 testimonia
1183 4509 1340 4566 nobis
1387 4529 1582 4585 magno
1612 4519 1735 4573 usui
1768 4521 1821 4575 in
1870 4523 1972 4579 hac
2002 4527 2047 4582 D
2075 4548 2217 4595 cum,
2243 4542 2350 4588 etc.
2382 4536 2702 4593 Audiendus
2729 4548 2813 4594 est
2843 4549 2903 4595 et
2924 4550 3149 4603 sanctus
3180 4544 3526 4613 Benedictus,
3553 4549 3648 4618 qui

401 4583 767 4618 Αἷρηιιιηιῖιηυι
801 4592 980 4618 1⁸..ο......
1004 4605 1126 4618 --__.
1184 4614 1231 4618 _-
1266 4616 1289 4618 μ
1331 4601 1354 4618 ιι
1861 4615 1869 4618 _

397 4583 767 4654 disputatione
801 4592 982 4647 futura
1002 4605 1152 4659 sunt,
1176 4614 1239 4654 ea
1265 4583 1498 4660 referre:
1521 4624 1702 4678 operte
1736 4615 1967 4681 pretium

396 4685 501 4735 cst.
538 4678 903 4754 Hieronymus
926 4687 1095 4756 igitur
1130 4690 1230 4761 (ιε),
1263 4694 1353 4747 ubi
1403 4696 1470 4751 de
1511 4698 1693 4756 Basilii
1736 4678 1977 4775 scriptis.

397 4788 701 4832 sermonem
727 4779 982 4846 instituit,
1017 4784 1091 4837 ita
1125 4787 1368 4856 loquitur
1402 4792 1677 4850 :Basilius
1710 4796 1970 4855 Caesarea:

395 4863 767 4935 Cappadocia,
805 4888 922 4942 qua
960 4878 1106 4943 prius
1154 4879 1387 4937 Mazaca
1429 4886 1735 4955 vocabatur,
1769 4892 1970 4959 episco-

393 4969 514 5022 pus.
544 4962 773 5028 egregios
813 4974 1002 5019 contra
1060 4967 1386 5027 Eunomium
1435 4976 1724 5034 elaboravit
1777 4982 1960 5050 libros,

391 5060 439 5102 et
495 5049 566 5105 De
613 5048 819 5123 Spiritu
868 5065 1061 5113 sancto
1109 5061 1369 5127 volumen,
1410 5078 1458 5120 et
1491 5068 1545 5122 in
1589 5069 1961 5129 Hexaemeron

397 5140 659 5199 llomilias
678 5164 875 5210 novem,
894 5160 942 5203 et
960 5152 1303 5225 Ἀσκητιιιιόν.
1333 5155 1565 5214 Rufinus
1592 5177 1722 5216 vero
1741 5164 1814 5235 (ὁ)
1834 5180 1962 5220 cum

391 5235 557 5288 multa
576 5235 642 5291 de
674 5238 931 5296 laudibus
952 5241 1138 5312 Basilii
1169 5243 1528 5318 Gregoriique
1561 5250 1808 5316 dixisset,
1844 5262 1957 5310 tum

390 5324 609 5379 demum
640 5327 712 5381 ita
744 5332 975 5387 scribit:
1011 5333 1240 5391 Exstant
1263 5354 1464 5410 quoque
1486 5342 1757 5414 utriusque
1810 5346 1954 5417 inge-

458 5478 506 5511 “
542 5478 674 5537 Luc.
706 5498 803 5543 Ill,
836 5484 922 5545 47,
964 5486 1053 5543 48.

462 5634 540 5700 (a)
578 5635 648 5688 De
677 5639 857 5703 script.
894 5639 1104 5702 ecclcs.,
1141 5659 1187 5694 c.
1229 5644 1347 5701 126.

488 5704 540 5777 lt)
571 5703 711 5777 liist.
739 5709 919 5777 ccclrs.
949 5710 981 5760 Ι.
1013 5727 1069 5777 ιι,
1103 5729 1151 5767 t'.
1187 5714 1241 5768 9.

488 5704 515 5759 θ
571 5704 711 5759 Hist.
739 5709 919 5760 cccles.
949 5710 981 5760 Ι.

465 5704 540 5845 lc;
580 5774 738 5843 Inst,
768 5780 819 5830 in
843 5776 1005 5832 Prwf.

2073 4631 2318 4677 amanter
2355 4624 2565 4679 Patrem
2598 4643 2756 4682 suum
2782 4645 2981 4686 vocans
3004 4631 3286 4701 Basilium,
3314 4635 3389 4689 ita
3419 4637 3472 4690 in
3505 4652 3650 4706 prat-

2033 4712 2378 4770 sciatissima
2426 4717 2517 4770 illa
2573 4717 2771 4788 Regula
2820 4736 2917 4776 sua
2964 4722 3029 4791 (f)
3080 4724 3295 4780 locutus
3349 4737 3470 4781 est:
3514 4728 3649 4794 Quas

2069 4804 2207 4856 enim
2235 4805 2452 4873 pagina,
2479 4816 2572 4859 aut
2606 4810 2723 4878 quis
2761 4827 2933 4865 sermo
2961 4812 3153 4869 divina:
3182 4818 3515 4872 auctoritatis
3548 4817 3647 4889 lie-

2074 4896 2198 4949 teris
2228 4913 2290 4950 ac
2325 4896 2461 4951 Novi
2503 4898 2847 4966 Testamenti,
2884 4922 2985 4959 non
3016 4914 3093 4959 est
3131 4908 3425 4963 rectissima
3457 4925 3645 4978 nornta

2069 4988 2187 5041 vita:
2208 4987 2449 5045 humanw
2467 4994 2490 5046 7
2510 5002 2601 5049 aut
2621 4996 2738 5061 quis
2773 4996 2901 5050 liber
2929 5008 3232 5053 sanctorum
3267 5001 3645 5057 catholicorum

2074 5074 2297 5130 Patrum
2319 5077 2413 5132 hoc
2451 5096 2553 5133 non
2588 5093 2818 5147 resonat,
2843 5092 2899 5136 ut
2925 5096 3064 5139 recto
3095 5104 3251 5142 cursu
3281 5093 3641 5159 perveniamus

2068 5168 2136 5219 ad
2176 5167 2475 5225 Creatorem
2525 5179 2806 5231 nostrum?
2846 5175 3063 5231 Necnon
3099 5190 3148 5232 et
3190 5182 3497 5236 collationes
3531 5182 3635 5237 Pa-

2069 5270 2227 5321 trum,
2283 5273 2333 5315 et
2375 5263 2643 5323 instituta.
2694 5275 2743 5321 et
2799 5269 2905 5320 vita
2962 5285 3178 5333 eorum;
3221 5272 3311 5326 sed
3347 5282 3397 5326 et
3437 5272 3641 5343 Regula

2065 5349 2125 5404 S.
2155 5349 2336 5406 Patris
2378 5356 2547 5408 nostri
2588 5356 2805 5425 Basilii,
2838 5360 2964 5429 quid
2993 5361 3142 5414 aliud
3186 5374 3329 5425 sunt,
3369 5364 3471 5417 nisi
3516 5364 3642 5418 bene

2129 5658 2204 5731 id)
2242 5656 2564 5731 _Conc.ptom.
2602 5660 2663 5721 ν,
2699 5680 2749 5731 ιι.
2782 5664 2904 5718 668.

2128 5728 2195 5805 (ei
2239 5728 2383 5805 inter
2415 5728 2906 5805 breviores—regula
2942 5745 3021 5793 est
3057 5736 3182 5793 267.

2132 5796 2194 5868 (f)
2231 5800 2361 5869 Cap.
2406 5801 2501 5855 ult.
