3972 6202
445 273 514 327 s7
838 320 840 322 ,
1888 239 2290 320 summa.
3647 240 3725 310 es

448 403 571 458 qua
628 386 1003 442 Aseeticorum
1064 386 1326 442 Basilium
1376 392 1656 439 auctorem
1715 381 1876 445 facit,
1951 381 2026 434 ita
2055 381 2308 442 Aomnia
2355 362 2632 434 Eustathio
2675 381 3035 446 ascripsisset,
3086 375 3509 448 quandoquidem
3544 373 3724 429 Soza-

451 482 682 536 tirmiter
712 480 1078 543 corroborari,
1101 488 1167 532 ut
1205 478 1505 548 suspicioni
1540 477 1723 531 nullus
1757 476 1910 530 locus
1930 489 2027 529 su-

451 571 621 638 persit
655 588 668 623 :
714 568 809 624 sed
839 584 997 624 secus
1031 577 1135 622 est.
1165 567 1303 622 Ecce
1348 568 1493 622 enim
1539 567 1637 619 tibi
1692 564 2030 619 Sozomenus

450 676 586 721 rem,
621 668 680 713 ut
715 660 1022 722 videbatur,
1066 660 1310 713 omnium
1350 659 1710 711 certissimam
1742 658 1798 709 in
1823 658 2030 710 incerto

448 752 623 819 ponit.
660 750 862 803 Scribit
896 758 1078 803 autem
1130 750 1231 803 hoc
1264 749 1423 802 modo
1457 747 1533 818 (τι)
1578 766 1590 801 :
1637 745 1939 817 Ἀρμενίοις
1974 743 2031 796 δὲ

451 842 545 894 καὶ
580 841 915 908 Παφλαγόσι,
959 842 1053 893 καὶ
1101 843 1214 901 τοῖς
1244 839 1378 909 πρὸς
1428 839 1517 890 τὸν
1559 839 1755 890 Πόντον
1799 836 2028 899 οἰκοῦσι,

440 933 662 1002 λέγεται
678 933 750 984 Εὐ
760 932 972 995 occidito;
986 935 1012 984 ὁ
1024 931 1119 1002 τὴν
1136 933 1191 983 ἐν
1210 931 1473 1000 Σεϐαστίᾳ
1492 931 1588 1000 τῆς
1605 930 1661 980 Ἀ
1671 946 1699 998 ρ
1706 928 1893 998 μενίας
1909 927 2006 980 Ἐκ
2017 958 2030 968 -

450 1022 683 1093 κλησίαν
738 1022 1159 1093 ἐπιτροπεύσας,
1208 1021 1507 1092 μοναχικῆς
1544 1020 1815 1082 πολιτείας
1849 1019 2031 1090 ἄρξαι,

380 1108 387 1114 ’
449 1118 545 1185 καὶ
576 1117 674 1188 τῆς
712 1120 767 1170 ὲν
810 1116 980 1189 ταύτῃ
1014 1117 1309 1193 σπουδαίας
1345 1117 1587 1186 ἀγωγῆς,
1639 1115 1947 1185 ἐδεσμάτων
1972 1131 2031 1166 τε

446 1201 524 1262 ὧν
571 1208 674 1279 χρὴ
715 1209 962 1279 μετέχειν
997 1210 1090 1262 καὶ
1122 1207 1438 1278 ἀπέχεσθαι,
1485 1209 1579 1261 καὶ
1624 1200 1913 1279 ὲσθῆτοςῇ
1958 1204 2037 1257 δεῖ

448 1301 622 1371 κεχρῆ
639 1300 772 1362 xeat,
797 1301 888 1353 καὶ
909 1299 1044 1353 ἐθῶν
1076 1301 1171 1354 καὶ
1206 1300 1482 1363 πολιτείας
1519 1296 1779 1373 ἀκριϐοῦς
1814 1299 2037 1366 εἰσηγη-

441 1389 547 1461 ’τὴν
582 1391 873 1461 γενόμενον
897 1407 912 1421 ο
951 1391 1027 1453 ὡς
1059 1391 1153 1444 καὶ
1197 1391 1296 1460 τὴν
1339 1387 1821 1463 ἐπιγεγραμμένην
1878 1387 2037 1439 Βασι-

449 1481 595 1534 λείου
646 1481 740 1534 τοῦ
802 1482 1169 1535 Καππαδόκου
1219 1480 1524 1551 ἁςκητικὴν
1589 1480 1770 1550 βίϐλον
1826 1480 2034 1552 ἰσχυρί-

378 1596 381 1599 λ
451 1571 639 1637 ζεσθαί
675 1590 824 1637 τινας
878 1572 1042 1627 αὐτοῦ
1092 1572 1310 1645 γραφὴν
1361 1557 1518 1625 εἶναι.
1564 1572 1718 1641 Apud
1761 1571 2035 1625 Armenios

448 1681 568 1719 vero
602 1674 651 1718 et
704 1664 1079 1735 Paphlagonas
1126 1675 1180 1719 et
1217 1664 1427 1719 accolas
1470 1664 1650 1729 Ponti,
1691 1663 2029 1726 Eustathius,

448 1756 707 1816 Sebastia:
734 1760 787 1811 in
814 1759 1066 1812 Armenia
1099 1759 1392 1828 episcopus,
1422 1758 1729 1810 monasticae
1757 1772 2032 1810 conversa-

443 1850 611 1902 tionis
660 1859 848 1902 auctor
888 1849 1056 1917 fuisse
1099 1849 1342 1903 dicitur:
1381 1859 1429 1902 et
1459 1848 1522 1901 de
1554 1850 1797 1902 arctioris
1814 1849 1932 1901 vita:
1956 1848 2035 1900 di-

449 1940 699 2008 sciplina,
724 1942 786 1995 de
810 1942 938 1995 cibis
963 1941 1149 2011 quibus
1181 1941 1452 2011 utendum,
1487 1950 1579 1992 aut
1605 1956 1636 1992 a
1656 1940 1845 2009 quibus
1868 1939 2034 1992 absti-

448 2029 677 2083 nendum
722 2040 903 2085 esset:
945 2030 1008 2083 de
1049 2029 1276 2084 vestibus
1314 2029 1501 2099 quibus
1532 2030 1614 2081 uti
1652 2037 1933 2097 oporteret,
1972 2027 2035 2081 de

448 2121 683 2174 moribus
706 2121 925 2192 denique
969 2132 1019 2175 et
1064 2132 1252 2176 exacta
1288 2120 1491 2175 vivendi
1533 2121 1738 2173 ratione
1775 2128 2037 2188 prwcepta

450 2211 761 2277 tradidisse,
802 2213 934 2266 adeo
976 2222 1033 2265 ut
1063 2212 1280 2282 quidam
1311 2213 1567 2282 aﬁirment
1610 2211 1803 2264 librum
1832 2211 2037 2265 Asceti—

449 2318 588 2365 cum,
634 2304 723 2373 qui
758 2302 945 2356 Basilii
975 2302 1300 2372 Cappadocis
1349 2304 1559 2356 nomine
1608 2302 1941 2367 inscribitur,
1970 2282 2036 2356 ab

449 2412 510 2449 eo
550 2396 907 2462 conscriptum
935 2396 1125 2463 fuisse.
1185 2394 1285 2449 Hie
1314 2394 1605 2464 Nicepliori
1656 2397 1822 2450 verba
1862 2397 2038 2451 ascri-

448 2487 600 2551 bere,
631 2486 788 2550 nihil,
821 2493 879 2539 ut
910 2487 1126 2556 opinor,
1171 2501 1310 2556 opus
1334 2493 1418 2541 est
1450 2504 1460 2535 :
1489 2502 1713 2541 monere
1746 2488 1880 2542 satis
1909 2487 2035 2552 erit,

447 2588 573 2634 eum
606 2577 660 2631 in
685 2579 942 2632 onmibus
966 2594 1090 2632 cum
1125 2578 1431 2633 Sozomeno
1456 2580 1770 2633 consentire
1800 2578 1893 2648 (b),
1932 2579 2039 2633 nisi

448 2672 596 2744 quod
629 2687 738 2725 uno
782 2672 902 2725 loco
958 2672 1105 2727 dicat
1148 2673 1348 2726 librum
1401 2672 1587 2728 Basilii
1654 2673 1955 2728 asceticum
2009 2690 2039 2727 a

448 2765 635 2819 multis
675 2764 959 2820 Eustathio
989 2765 1286 2819 Sebasteuo
1318 2766 1505 2819 tribui.
1534 2764 1911 2835 Praetereaque
1945 2782 2039 2821 nco

447 2856 648 2911 minem
707 2871 926 2911 movere
979 2855 1141 2909 debet
1189 2856 1492 2911 auctoritas
1529 2854 1858 2925 Nicephori,
1915 2872 2042 2911 cum

448 2948 611 3019 plane
667 2954 881 3003 constet
929 2947 1048 3016 ejus
1107 2961 1441 3018 suorumque
1491 2948 1777 3018 aequalium
1825 2948 2040 3018 opinio-

2134 492 2316 529 menus
2345 492 2447 528 non
2479 475 2751 543 speciatim
2783 473 3000 525 illarum
3047 471 3396 539 qtttt’slt'onunt
3417 506 3431 529 ,
3479 466 3568 521 sed
3619 467 3724 520 τοῦ

2148 564 2469 636 Ἀσκητικοῦ
2488 568 2539 618 in
2555 581 2736 636 genere
2758 565 3008 618 meminit.
3025 562 3194 630 Cujus
3213 560 3497 614 sententia:
3514 558 3724 613 Posse-

2131 659 2319 711 vinum
2360 656 2529 712 fuisse
2563 658 2638 709 ait
2675 656 2984 716 Scultetus,
3022 669 3141 707 eam
3185 652 3426 719 ejusdem
3475 651 3723 704 Societa-

2130 740 2206 804 tis
2247 749 2655 821 eruditissimus
2705 748 2789 800 vir
2832 747 3191 800 Bcllarminus
3241 744 3525 811 amplexus
3567 742 3725 796 credi

2133 851 2331 919 potest.
2365 842 2457 896 Sic
2502 842 2646 897 enim
2699 841 2889 896 scribit
2934 838 3057 904 id):
3102 836 3169 889 In
3225 836 3375 888 tertio
3409 843 3548 886 tomo
3591 842 3728 887 sunt

2133 938 2465 1004 Qua’stiones
2495 935 2798 1004 compendio
2831 931 3129 1002 explicatre,
3177 945 3294 999 qua:
3341 945 3443 981 non
3485 940 3605 980 sunt
3633 927 3728 979 in-

2132 1026 2481 1079 dubitatam...
2525 1023 2743 1077 Videtur
2782 1020 3016 1092 {auctor}
3069 1021 3324 1071 damnare
3377 1018 3724 1076 traditiones,

2132 1135 2266 1190 quas
2294 1118 2529 1173 Basilius
2579 1118 2772 1170 acriter
2823 1113 3056 1183 defendit
3104 1114 3159 1164 in
3204 1111 3337 1163 libro
3386 1109 3459 1164 De
3506 1108 3728 1178 Spiritu

2136 1222 2347 1274 sancto,
2394 1211 2553 1278 capit.
2595 1209 2685 1262 2-7.
2724 1207 2858 1261 Item
2880 1216 3065 1275 quiest.
3091 1203 3327 1258 481295
3373 1202 3593 1256 videtur.
3617 1199 3728 1253 tol-

2139 1304 2243 1357 lere
2262 1302 2324 1356 de
2355 1302 2524 1356 medio
2558 1301 2839 1354 discrimen
2867 1299 3067 1368 peccati
3095 1296 3337 1349 mortalis
3369 1303 3419 1346 et
3451 1291 3675 1346 eenialis
3702 1305 3725 1346 :

2136 1393 2274 1463 quod
2312 1404 2448 1447 certe
2482 1402 2666 1446 sancto
2695 1391 2901 1446 Basilio
2943 1389 3107 1442 tribui
3148 1404 3250 1441 non
3272 1395 3463 1454 potest.
3509 1383 3727 1453 Majora

2137 1503 2307 1542 ausus
2339 1485 2722 1549 Combeﬁsius,
2779 1499 2887 1538 non
2930 1483 3210 1536 breviores
3262 1478 3442 1540 modo,
3476 1478 3569 1532 sed
3607 1479 3730 1530 lon-

2137 1581 2320 1649 giores
2351 1581 2515 1634 etiam
2547 1578 2784 1649 Regulas
2809 1578 3008 1631 Basilio
3040 1574 3342 1642 abjudieat,
3386 1580 3582 1640 praeter
3606 1569 3728 1623 Μό-

2139 1673 2273 1726 ralia
2302 1678 2356 1726 et
2382 1671 2595 1726 libellos
2617 1670 2695 1723 De
2714 1670 2919 1739 judicio
2943 1668 3055 1729 Dei,
3089 1674 3143 1720 et
3167 1664 3244 1718 De
3268 1663 3388 1732 ﬁde.
3421 1662 3722 1731 Po'stquam

2135 1762 2279 1816 enim
2313 1762 2850 1815 lucubratiunculam
2882 1759 3176 1827 quamdam
3213 1770 3311 1824 pro
3348 1768 3486 1807 nova
3517 1769 3547 1807 e
3581 1753 3725 1806 duo-

2136 1854 2239 1908 bus
2257 1854 2411 1908 libris
2436 1853 2712 1907 Veteribus
2733 1852 3069 1920 vulgaverat,
3090 1849 3201 1901 haec
3224 1846 3505 1915 subjunxit
3533 1846 3589 1898 in
3619 1858 3726 1899 suo

2135 1946 2344 1999 Basilio
2397 1946 2650 2011 recensita
2695 1944 2761 2013 (ε)
2807 1963 2820 1996 :
2874 1940 2996 1994 Non
3035 1941 3207 2009 potuit
3264 1949 3447 1992 auctor
3485 1952 3584 1991 sua
3636 1936 3726 1989 hic

2136 2036 2381 2091 Ascetica
2406 2046 2455 2090 et
2481 2035 2669 2089 Etltica
2689 2036 2889 2088 clarius
2913 2033 3016 2087 deli
3027 2048 3201 2092 neare,
3221 2041 3539 2099 mentemque
3566 2044 3726 2081 suam

2139 2136 2201 2182 ac
2239 2129 2567 2199 propositum
2614 2126 2931 2191 declarare;
2966 2126 3203 2196 quodque
3243 2127 3317 2178 ita
3352 2136 3553 2175 omnem
3598 2126 3728 2188 per"-

2140 2222 2260 2276 inde
2285 2222 2751 2290 transgressionem
2779 2221 3074 2281 ulciscitur,
3119 2217 3422 2285 nullamque
3459 2215 3535 2268 rel
3580 2214 3730 2283 igneo

2141 2318 2334 2372 rantia:
2358 2317 2753 2370 excusationem
2787 2316 3043 2379 admittit,
3080 2332 3186 2386 qua
3224 2313 3469 2365 delictum
3513 2312 3605 2377 ﬁat
3638 2316 3729 2363 ve-

2141 2410 2303 2473 niale,
2337 2409 2545 2479 aliaque
2579 2410 2858 2462 non-satis
2893 2426 2920 2462 e
2964 2409 3146 2477 regula
3189 2403 3569 2461 ecclesiastica,
3610 2400 3728 2453 suis

2143 2503 2273 2557 locis
2300 2501 2556 2565 notanda,
2576 2501 2917 2555 Eustathium
2949 2518 3003 2555 se
3035 2500 3374 2554 Sebastenum
3407 2497 3580 2564 potius
3603 2509 3735 2561 pro-

2141 2594 2243 2658 dit,
2283 2610 2443 2661 quant
2483 2594 2748 2648 Basiliam
2782 2594 3159 2647 thsariensem
3187 2588 3363 2659 :quod
3397 2598 3566 2639 tamen
3594 2585 3733 2638 nihil

2144 2686 2309 2754 tangit
2335 2684 2497 2737 libros
2533 2683 3008 2745 Constitutionnm,
3040 2679 3293 2751 quidquid
3346 2677 3611 2733 Scultetus
3633 2675 3731 2728 ob-

2144 2788 2455 2838 murmnret,
2505 2779 2559 2831 in
2602 2778 2787 2847 quibus
2834 2777 3071 2831 Basilius
3114 2786 3387 2843 utrumque
3431 2782 3731 2825 ascetarum

2143 2884 2306 2938 genus
2339 2868 2617 2922 Basiliano
2649 2869 2977 2936 verespiritu
3004 2884 3065 2920 ac
3093 2866 3420 2926 Christiano,
3450 2862 3730 2933 sigillatim

2149 2960 2383 3013 instruit.
2415 2959 2568 3025 Quod
2602 2959 2691 3013 hic
2738 2960 2813 3012 ait
2847 2957 3306 3014 doctissimus‘vir
3343 2952 3732 3016 Combclisius,

448 3052 573 3092 nem
640 3038 758 3092 solo
828 3035 1113 3092 Sozomeni
1174 3038 1490 3092 testimonio
1549 3038 1720 3094 fuisse
1776 3040 2039 3093 innixam.
2070 3064 2116 3125 ο
2150 3049 2203 3103 in
2249 3064 2447 3118 magna
2492 3050 2583 3103 illa
2622 3048 3003 3104 Αερειίεοιιυω
3048 3055 3203 3117 parte
3236 3044 3580 3100 Eustathium
3628 3039 3733 3095 Se.

448 3127 636 3200 Neque
698 3130 841 3184 enim
916 3130 1058 3185 alius
1105 3131 1249 3185 ullus
1319 3131 1552 3200 scriptor
1617 3132 1872 3200 antiquus
1937 3132 2044 3186 tale

448 3222 744 3292 quidquam
804 3222 872 3277 de
923 3221 1208 3277 Eustatliio
1266 3224 1525 3277 narravit.
1585 3223 1765 3289 Quare
1822 3224 1869 3278 si
1936 3238 2041 3292 qua

451 3316 608 3384 culpa
642 3322 761 3380 est,
797 3331 860 3370 ea
894 3316 1275 3372 transferenda
1306 3325 1391 3371 est
1425 3326 1536 3370 tota
1561 3317 1615 3370 in
1651 3318 2037 3379 Sozomenum,

460 3407 554 3478 qui
579 3407 812 3471 cateris,
861 3408 955 3478 qui
1007 3409 1074 3462 de
1104 3408 1373 3463 Asceticis
1417 3407 1761 3476 dubitarunt,
1805 3409 2037 3478 prativit.

522 3498 614 3555 28.
654 3498 933 3555 Hactenus
982 3501 1333 3570 antiquorum
1379 3502 1666 3571 opiniones
1710 3502 2039 3556 retulimus:

461 3608 610 3647 nunc
639 3591 707 3647 de
739 3593 1104 3647 recentiorum
1142 3593 1429 3648 sententiis
1455 3594 1724 3662 reliquum
1756 3604 1841 3647 est
1873 3602 1931 3647 ut
1964 3594 2044 3646 di-

451 3699 662 3740 camus.
708 3684 980 3755 Ambigua
1009 3684 1182 3739 videri
1228 3692 1481 3754 possunt,
1523 3700 1645 3754 quae
1692 3700 1818 3738 mox
1852 3685 2042 3739 retuli-

454 3793 602 3842 mus,
630 3774 919 3835 Sozomeni
940 3777 1134 3842 verba;
1160 3777 1231 3831 ob
1265 3777 1428 3847 idque
1473 3780 1673 3831 mirum
1707 3777 1879 3830 videri
1930 3792 2039 3832 non

451 3869 633 3934 debet,
666 3870 713 3925 si
740 3869 941 3924 eruditi
976 3868 1225 3923 homines
1258 3868 1462 3923 nostris
1484 3868 1825 3937 temporibus
1857 3870 2038 3923 varias

450 3962 508 4017 in
560 3970 745 4032 partes
796 3962 1043 4017 distracti
1095 3961 1227 4015 sint.
1288 3960 1350 4013 Et
1383 3977 1530 4025 vero,
1556 3969 1617 4014 ut
1647 3961 1835 4015 videre
1861 3962 2036 4016 cuivis

446 4054 578 4111 licet
607 4070 673 4109 eo
701 4069 861 4124 quem
894 4054 1057 4107 modo
1085 4053 1350 4121 exscripsi
1379 4053 1517 4117 loco,
1558 4053 1829 4121 ejusmodi
1853 4054 2037 4107 verbis

448 4159 586 4200 usus
614 4153 697 4200 est
730 4143 1089 4208 Sozomenus,
1125 4151 1186 4198 ut
1212 4143 1440 4197 dubium
1471 4145 1544 4199 sit
1567 4152 1756 4198 utrum
1783 4145 2033 4199 Ascetica

447 4238 674 4304 omnia,
735 4252 857 4307 quat
927 4236 1115 4292 Basilii
1177 4238 1398 4292 nomine
1463 4237 2034 4308 circumferebantur,

448 4328 721 4384 Eustatbii
770 4344 892 4384 esse
925 4329 1241 4384 dicerentur
1270 4345 1300 4382 a
1341 4329 1698 4398 quibusdam,
1731 4346 1800 4383 an
1838 4345 2029 4385 eorum

2148 3140 2439 3196 baslenum
2478 3141 2660 3211 potius
2703 3140 2880 3210 prodi,
2931 3132 3093 3209 quam
3130 3138 3389 3193 Basilium
3423 3134 3731 3189 Cmsarieui-

2147 3247 2284 3297 sem,
2315 3231 2366 3285 id
2404 3231 2538 3286 satis
2572 3231 2818 3285 modeste
2841 3230 3046 3283 dictum
3075 3237 3199 3283 est:
3230 3228 3323 3282 sed
3350 3227 3402 3279 in
3438 3227 3555 3281 suis
3581 3225 3732 3278 notis

2145 3339 2254 3377 non
2293 3337 2420 3377 raro
2449 3332 2830 3378 asseveranter
2865 3321 3182 3392 pronuntiat
3210 3321 3539 3389 praecipuam
3575 3316 3730 3371 illam

2146 3415 2527 3471 Asceticorum
2558 3423 2769 3484 partem
2798 3413 3067 3467 Eustathii
3100 3428 3243 3475 esse,
3274 3427 3383 3465 non
3426 3408 3640 3471 Basilii;
3669 3407 3729 3460 in

2143 3523 2317 3575 eoque
2347 3506 2627 3577 probando
2656 3507 2861 3561 multus
2890 3514 2994 3568 est,
3021 3503 3414 3575 propemodum
3436 3504 3539 3555 hoc
3562 3500 3731 3555 unico

2143 3606 2465 3667 argumento
2505 3614 2662 3662 usus,
2689 3598 2835 3667 quod
2865 3599 2923 3652 in
2972 3598 3223 3666 utrisque
3268 3593 3489 3664 Regulis
3539 3592 3733 3647 nescio

2143 3689 2275 3758 quid
2330 3690 2558 3757 majoris
2602 3689 2911 3745 severitatis
2959 3689 3327 3757 inspergatur.
3356 3686 3729 3741 Eruditissimi

2139 3782 2242 3835 viri
2271 3780 2517 3845 Duceeus,
2554 3780 2765 3835 Natalis
2799 3780 3129 3843 Alexander,
3176 3779 3580 3839 Tillemontius,
3612 3776 3730 3831 Lu»

2141 3873 2368 3927 duvicus
2394 3872 2642 3942 Dupinus
2665 3881 2721 3926 et
2757 3873 2913 3924 multi
2948 3873 3061 3935 alii,
3087 3886 3226 3940 quos
3245 3885 3532 3925 recensere
3560 3868 3733 3921 nimis

2140 3963 2362 4032 longum
2393 3971 2559 4024 esset,
2586 3965 2837 4018 Ascetica
2867 3965 3053 4018 omnia
3104 3963 3306 4016 Basilio
3338 3962 3609 4024 tribuunt,
3646 3961 3735 4012 vi-

2139 4056 2336 4110 delicet
2368 4056 2583 4126 priores
2622 4063 2736 4110 tres
2771 4064 3061 4119 tractatus,
3100 4054 3361 4115 Moralia,
3402 4054 3619 4106 libellos
3657 4052 3730 4106 de

2137 4148 2353 4204 Judicio
2376 4148 2471 4203 Dei
2494 4157 2549 4203 et
2581 4148 2650 4203 de
2677 4146 2831 4210 Fide,
2874 4156 3140 4216 utrasque
3175 4147 3391 4216 regulas
3421 4155 3585 4213 atque
3608 4158 3732 4197 mod»

2136 4238 2867 4294 nasticas.Constittitiones.
2900 4238 2975 4293 De
3000 4237 3484 4308 Epitimiis,deque
3509 4233 3731 4289 duabus

2140 4331 2657 4399 lucubratiunculis,
2692 4347 2830 4401 quas
2860 4346 2972 4385 non
3011 4331 3083 4383 ita
3112 4330 3319 4400 pridem
3362 4326 3731 4383 Combeﬁsius

447 4422 715 4476 duntaxat
748 4436 875 4491 pars
927 4421 1109 4489 aliqua
1140 4421 1315 4475 eidem
1353 4419 1638 4474 Eustathio
1680 4422 2032 4476 tribueretur.
2070 4413 2115 4468 D
2140 4423 2334 4487 edidit,
2374 4439 2474 4478 suo
2506 4424 2626 4478 loco
2661 4424 3084 4493 disputabimus.
3120 4422 3195 4476 Ex
3224 4421 3426 4491 quibus
3469 4419 3732 4474 omnibus

446 4509 589 4565 Hinc
616 4511 784 4581 igitur
813 4511 1027 4566 videtur
1055 4510 1280 4574 factum,
1315 4519 1375 4565 ut
1418 4510 1509 4564 alii
1539 4512 1697 4566 aliter
1738 4510 2033 4567 Sozomeni

446 4605 628 4660 locum
649 4604 1011 4674 interpretati,
1037 4604 1091 4657 in
1116 4604 1295 4657 varias
1321 4603 1623 4657 sententias
1651 4602 2028 4659 discesserint.

449 4697 728 4753 Scultetus
774 4697 1022 4752 Aseetica
1069 4696 1257 4749 omnia
1298 4710 1409 4750 non
1468 4696 1704 4751 obscure
1752 4697 2030 4766 repudiat.

448 4789 557 4846 Sed
605 4805 730 4846 eum
773 4789 965 4843 audire
1003 4795 1248 4858 praestat.
1296 4787 1373 4841 lla
1414 4787 1583 4857 igitur
1610 4788 1858 4857 loquitur
1900 4786 1972 4858 (c)
2014 4809 2026 4842 ι

446 4881 706 4935 Antonius
727 4878 1064 4940 Possevinus,
1094 4875 1327 4941 lesuita,
1355 4876 1484 4930 vidit
1520 4875 1744 4930 Baronii
1774 4876 2027 4931 adversus

450 4968 799 5026 Sozomenum
848 4969 1260 5038 disputationem
1302 4967 1653 5033 infirmiorem
1681 4984 1815 5030 esse,
1869 4984 2030 5037 quam

448 5077 568 5132 quae
606 5061 904 5133 Ἀσκητικᾶ
936 5060 1138 5114 Basilio
1173 5059 1338 5127 possit
1366 5058 1653 5112 vindicare.
1688 5058 1878 5128 Itaque
1916 5060 2029 5113 alia

448 5146 535 5201 uia
564 5163 848 5217 ingressus,
885 5147 1215 5213 Quwstiones
1244 5146 1552 5215 compendio
1583 5148 1901 5215 explicatas.
1927 5150 2032 5202 sive

447 5234 678 5307 Regulos
706 5237 982 5304 breviores,
1014 5240 1164 5292 inter.
1196 5239 1437 5293 Ascettca
1467 5248 1795 5305 numeratos,
1826 5240 2033 5295 Basilio

447 5346 514 5384 ex
542 5331 860 5384 auctoritate
915 5329 1194 5385 Sozomeni
1236 5329 1444 5392 adimit,
1494 5322 1778 5385 Eustathio
1822 5333 2027 5386 tribuit.

450 5422 555 5477 Sed
573 5422 754 5477 eadem
776 5423 1001 5487 ratione,
1032 5434 1080 5477 et
1109 5419 1314 5492 tfuidem
1353 5424 1520 5477 multo
1548 5424 1766 5489 rectius,
1791 5426 2031 5479 Ascetica

520 5536 599 5609 (ᾳ)
626 5536 745 5609 Lib.
785 5552 866 5597 In,
891 5551 991 5609 cap
1050 5536 1134 5590 14.

507 5607 596 5676 :(b)
629 5607 854 5678 Nieeph,
883 5608 976 5660 lib.
1013 5622 1086 5673 Ix,
1119 5623 1238 5677 cap.
1273 5607 1358 5677 16,
1386 5619 1436 5664 et
1471 5609 1563 5665 lib.
1604 5623 1724 5675 xm,
1755 5623 1802 5661 ρ.
1839 5607 1927 5665 9.9.

522 5680 590 5750 (c)
629 5676 783 5733 Tom}
815 5676 881 5742 ll,
914 5687 1069 5749 parte
1108 5695 1178 5732 tv.

2140 4511 2326 4567 videre
2361 4513 2489 4566 licet
2521 4513 2880 4581 quaestionem
2926 4529 3047 4582 qua:
3077 4512 3144 4566 de
3169 4511 3438 4565 Ascetieis
3468 4510 3729 4574 habetur,

2141 4604 2499 4673 multiplicem
2544 4620 2706 4669 esse,
2750 4606 3111 4675 eamdemque
3170 4604 3330 4658 valde
3387 4605 3728 4658 intricatam.

2140 4694 2341 4761 Quare,
2376 4703 2437 4748 ut
2465 4697 2658 4749 ordine
2690 4706 2804 4749 rem
2836 4712 2932 4765 per
2955 4712 3013 4751 se
3043 4698 3179 4751 satis
3209 4696 3480 4750 dillicilem
3525 4702 3734 4749 tracte-

2140 4800 2285 4847 mus,
2324 4785 2471 4839 hunc
2503 4787 2907 4856 paragraphum
2958 4788 3012 4840 in
3054 4802 3248 4841 novem
3285 4795 3466 4856 partes
3514 4786 3732 4841 divide-

2140 4893 2263 4933 mus
2294 4897 2307 4932 ι
2343 4894 2577 4948 quarum
2629 4880 2683 4932 in
2714 4880 2891 4949 prima
2935 4880 3169 4949 probare
3208 4879 3551 4941 conabimur,
3589 4894 3734 4947 pra:-

2138 4970 2258 5024 vios
2307 4979 2418 5026 tres
2450 4978 2720 5025 tractatus
2767 4974 2834 5027 ad
2885 4971 3147 5025 Basilium
3188 4972 3464 5042 pertinere
3501 4986 3515 5021 :
3552 4971 3607 5024 in
3642 4987 3733 5026 se-

2139 5064 2343 5127 cunda,
2382 5073 2530 5120 recte
2562 5067 2789 5127 sentire,
2828 5066 2922 5135 qui
2970 5074 3030 5119 ut
3070 5066 3282 5119 libellos
3314 5065 3382 5119 de
3409 5063 3627 5119 Judicio
3665 5079 3734 5119 ac

2139 5156 2204 5209 de
2251 5154 2414 5220 Fide,
2449 5158 2523 5210 ita
2569 5156 2796 5211 Moralia
2830 5158 3032 5213 Basilio
3062 5157 3352 5213 ascribunt
3389 5172 3402 5207 :
3441 5156 3496 5209 in
3538 5157 3727 5219 tertia,

2139 5262 2249 5299 non
2281 5256 2617 5306 erraturum,
2667 5249 2763 5316 qui
2797 5248 2849 5300 in
2896 5248 3208 5316 spuriorum
3243 5260 3473 5300 numero
3498 5253 3730 5312 reponet

2139 5339 2333 5393 breves
2367 5339 2504 5393 duos
2541 5324 2903 5410 libellosfqui
2931 5350 3051 5409 post
3092 5339 3313 5392 Moralia
3346 5339 3510 5391 locati
3542 5347 3673 5391 sunt
3712 5356 3727 5389 :

2141 5431 2194 5484 in
2228 5440 2444 5500 quarta,
2480 5440 2839 5501 utrarumque
2873 5431 3226 5504 Regularum,
3275 5439 3384 5487 tam
3408 5430 3726 5486 breviorem

2204 5544 2281 5612 (ά)
2317 5544 2388 5597 De
2416 5545 2596 5610 script.
2633 5543 2761 5596 ecrl.

2208 5616 2274 5685 (ε’)
2305 5614 2457 5670 Tum.
2494 5612 2556 5677 ll,
2592 5630 2646 5684 p.
2682 5614 2796 5667 104.
