3972 6202
271 238 366 291 ’69

1749 233 2146 305 ῬΒᾹῼἘᾹἹΊὈ.

290 366 459 419 quam
487 351 818 421 longiorum,
856 371 1025 410 unum
1059 365 1114 413 et
1135 359 1386 414 eumdem
1410 365 1698 416 auctbrem
1726 378 1876 418 esse:
1913 373 1956 425 Α
1985 362 2141 420 εἶδον.
2174 366 2285 436 Eyo
2330 371 2466 420 enim
2509 370 2613 422 vidi
2655 349 2868 432 multos,
2919 347 3007 438 qui
3058 350 3196 422 vitiis
3272 375 3554 440 mancipati

291 444 354 496 in
382 445 585 511 quinta,
621 452 891 515 utrasque
921 448 1163 518 Regulas
1209 461 1262 506 et
1293 451 1724 509 Constitutiones
1762 472 1878 508 nio-

293 535 533 587 nasticas
556 536 646 587 uni
672 545 724 589 et
745 539 929 593 eidem
963 543 1177 595 auctori
1209 543 1372 596 tribui
1406 559 1512 597 non
1536 545 1733 600 debere
1762 562 1775 596 :
1820 548 1876 601 in

295 634 466 688 sexta,
492 641 621 679 sane
657 637 710 680 et
735 645 869 684 vere
888 633 1163 700 judicare,
1195 636 1287 703 qui
1317 635 1575 688 Basilium
1597 645 1876 692 auctorem

291 715 874 790 faciuntutrarumque
903 722 1232 794 Regulnrum
1259 745 1272 780 :
1300 727 1352 779 in
1381 728 1632 796 septima,
1660 729 1876 784 Consti-

291 809 525 862 tutiones
555 813 898 867 monasticas
929 813 1220 868 Eustathio
1242 816 1540 872 Sebasteno
1570 819 1873 887 adjudicari

267 913 448 965 "posse
485 919 498 950 :
545 901 600 952 in
637 912 862 964 octava,
897 903 1153 972 Epitimia
1199 907 1252 958 in
1299 909 1497 976 spuriis
1542 910 1670 978 poni
1706 927 1870 979 opor-

267 999 401 1044 tere
434 1011 448 1045 :
486 992 543 1044 in
600 1009 773 1059 nona,
831 997 970 1052 duas
1027 998 1555 1064 lucubratiunculas,
1608 1017 1744 1070 quas
1776 1018 1872 1070 pro

281 1082 441 1136 no’ris
471 1083 847 1141 Combeﬁsius
884 1089 1205 1158 divulgavit,
1228 1091 1418 1162 dignas
1447 1107 1556 1145 non
1580 1108 1719 1159 esse,
1752 1109 1872 1162 quae

261 1173 426 1226 inter
463 1172 656 1227 Basilii
691 1191 861 1245 opera
891 1190 1264 1233 numerentur.

259 1286 307 1354 ‘5
367 1286 460 1339 XI.
503 1287 650 1344 Pars
707 1292 913 1359 prima,
963 1293 1028 1345 de
1076 1295 1282 1375 prq’viis
1337 1296 1501 1350 tribus
1555 1298 1867 1353 tractatibus

963 1373 1225 1420 asceticts.

343 1469 439 1524 29.
480 1470 680 1525 Przevii
720 1473 779 1528 hi
818 1481 931 1529 tres
973 1483 1266 1540 tractatus,
1311 1479 1402 1547 qui
1437 1477 1579 1533 inter
1629 1482 1865 1535 ascetica

263 1573 666 1625 Tecensentur,
704 1564 760 1616 in
793 1566 1046 1620 omnibus
1087 1567 1262 1629 libris,
1299 1577 1404 1620 tam
1441 1569 1674 1640 vulgatis
1701 1586 1863 1640 quam

268 1653 583 1714 veteribus,
605 1669 810 1707 nomen
837 1654 1025 1709 Basilii
1053 1659 1362 1725 praderunt.
1386 1657 1570 1721 Iidem,
1600 1661 1704 1714 nisi
1725 1662 1860 1714 forte

275 1739 586 1797 Scultetum
619 1745 890 1814 excipias,
936 1762 965 1799 a
1015 1749 1251 1814 nemine,
1294 1751 1440 1819 quod
1482 1752 1674 1815 sciam,
1707 1768 1864 1806 revo-

277 1845 475 1887 cantur
532 1838 588 1890 in
648 1838 902 1894 dubium.
945 1840 1332 1907 Combeﬁsius,
1384 1844 1476 1914 qui
1531 1847 1862 1916 cmteroquin

278 1927 542 1994 optimam
589 1929 976 1982 Asceticorum
1015 1939 1221 1998 partem
1251 1948 1350 2002 pro
1388 1935 1592 2003 spuriis
1640 1935 1859 2000 habuit,

277 2025 454 2068 tamen
493 2008 557 2070 et.
582 2018 704 2085 ipse
748 2035 970 2090 quoque
1011 2021 1335 2090 prteviarum
1365 2022 1560 2076 harum
1599 2025 1860 2078 lucubra-

275 2106 482 2159 tionum
521 2107 797 2163 Basilium
846 2119 1125 2166 auctorem
1173 2111 1353 2168 facere
1407 2130 1515 2168 non
1570 2115 1856 2171 dubitavit.

256 2196 489 2253 Primus
549 2207 742 2253 autem
801 2209 1071 2257 tractatus
1120 2204 1200 2257 sic
1253 2205 1588 2269 inscribitur,
1651 2207 1859 2262 Prwvia

278 2291 533 2342 institutio
565 2295 805 2346 ascetica
852 2310 871 2346 :
925 2295 1235 2359 secundus,
1272 2295 1456 2350 Sermo
1498 2300 1773 2361 asceticus,
1809 2309 1859 2354 et

282 2381 562 2434 exhortatio
593 2383 665 2436 de
712 2387 1100 2440 renuntiatione
1145 2388 1348 2450 saeculi,
1380 2398 1428 2442 et
1460 2390 1522 2443 de
1547 2391 1857 2458 perfectione

289 2473 533 2536 spirituali
564 2490 583 2526 :
646 2475 881 2540 tertius,
927 2475 1111 2531 Sermo
1163 2478 1224 2532 de
1274 2481 1497 2533 ascetica
1540 2482 1854 2551 disciplina,

276 2564 518 2631 quomodo
553 2566 878 2618 monachum
911 2570 1093 2622 ornari
1139 2580 1394 2638 oporteat.
1445 2570 1573 2641 Legi
1607 2582 1660 2626 et
1689 2574 1854 2643 relegi

278 2651 365 2705 bas
416 2655 964 2718 lucubratiunculas,
997 2659 1051 2712 in
1105 2661 1306 2729 quibus
1342 2662 1478 2715 nihil
1513 2665 1738 2716 omnino
1763 2665 1845 2716 in-

273 2743 415 2805 veni,
461 2744 617 2812 quod
673 2745 957 2814 indignum
991 2755 1136 2802 esset
1170 2757 1362 2804 nostro
1401 2749 1622 2804 Basilio.
1661 2752 1852 2806 Omnia

268 2835 391 2888 satis
424 2837 857 2890 accommodata
913 2847 1041 2892 sunt
1099 2839 1166 2892 ad
1218 2841 1338 2908 ejus
1368 2843 1589 2910 stylum,
1629 2843 1695 2895 ad
1733 2845 1852 2912 ejus

265 2927 535 2980 scribendi
570 2929 866 2993 rationem,
906 2929 974 2984 ad
1003 2929 1125 2999 ejus
1177 2933 1434 2986 indolem.
1465 2932 1580 2987 Etsi
1611 2935 1754 2987 enim
1796 2935 1850 2988 hi

263 3018 424 3072 libelli
460 3020 786 3090 eloquentia
819 3022 1110 3079 inferiores
1147 3033 1274 3078 sunt
1312 3026 1656 3094 panegyricis
1699 3025 1850 3079 Basi-

247 3110 314 3162 lii
342 3112 717 3177 orationibus,
739 3122 832 3166 aut
865 3113 1106 3181 ejusdem
1134 3116 1346 3183 generis
1372 3117 1592 3184 scriptis
1630 3133 1642 3166 :
1667 3125 1845 3171 tamen

265 3201 308 3252 si
336 3201 460 3269 quis
491 3217 591 3256 eos
626 3210 838 3256 attente
869 3203 1036 3272 legat,
1068 3206 1277 3270 statim,
1307 3206 1524 3274 opinor,
1555 3207 1710 3274 periti
1746 3209 1846 3262 ali-

264 3293 415 3359 cujus
449 3293 708 3362 magistri
738 3308 959 3346 manum
993 3305 1272 3364 agnoscet.
1308 3296 1443 3350 Nam
1472 3299 1608 3352 nihil
1636 3301 1688 3353 in
1719 3317 1842 3356 ver-

263 3382 362 3445 bis,
394 3383 538 3436 nihil
586 3386 645 3436 in
691 3387 1000 3448 sententiis,
1038 3387 1178 3440 nihil
1226 3389 1281 3442 in
1328 3391 1676 3458 periodorum
1713 3408 1846 3446 con-

264 3476 570 3530 structione
601 3478 900 3541 invenitur,
923 3481 1067 3548 quod
1097 3481 1371 3535 hominem
1404 3482 1675 3537 scribendi
1700 3485 1844 3552 pen}-

261 3565 532 3618 tissimum
568 3569 850 3622 dedeceat.
897 3568 1162 3624 Praeterea
1193 3587 1258 3625 ex
1298 3572 1486 3625 harum
1512 3574 1845 3628 lucubratio-

263 3670 386 3708 num
431 3659 670 3712 lectione
724 3669 960 3724 constat,
997 3671 1272 3717 auctorem
1306 3678 1492 3718 sacras
1529 3663 1840 3734 Scriptores

255 3753 309 3798 et
371 3751 581 3816 optime
641 3752 936 3815 calluisse,
986 3763 1038 3806 et
1097 3754 1377 3822 aptissime
1407 3755 1608 3810 citasse
1646 3775 1658 3810 :
1701 3773 1838 3825 quas

264 3838 409 3892 dotes
472 3841 883 3908 quodammodo
935 3841 1123 3896 Basilii
1183 3845 1434 3912 pr0prias
1483 3860 1607 3900 esse
1651 3857 1837 3899 notum

261 3935 357 3981 est.
403 3928 534 3983 Hac
581 3931 650 3984 de
707 3933 816 3986 illis
862 3933 1038 3987 tribus
1074 3935 1354 4002 opusculis
1390 3939 1644 3990 universe
1692 3937 1837 3990 dicta

253 4021 404 4071 sint:
457 4035 612 4072 nunc
645 4019 712 4074 de
757 4021 997 4075 secundo
1027 4023 1302 4090 peculiare
1331 4024 1588 4092 quiddam
1629 4026 1681 4078 in
1728 4042 1838 4079 me-

257 4111 400 4162 dium
431 4110 737 4178 proferam.
774 4112 1144 4166 Animadverti
1172 4114 1338 4183 igitur
1367 4115 1592 4167 verbum
1629 4114 1833 4186 πληρο--

253 4201 539 4270 capacem
577 4202 659 4255 bis
711 4203 766 4255 in
798 4217 884 4265 eo,
925 4219 1087 4272 quem
1133 4205 1297 4257 modo
1346 4203 1456 4257 dixi
1481 4246 1496 4270 ,
1535 4205 1718 4259 libello
1761 4208 1834 4259 ita

261 4292 535 4359 usurpari,
573 4299 633 4343 ut
648 4295 1070 4361 persuasionem
1105 4294 1396 4362 quamdam
1429 4295 1717 4363 signiticet.
1752 4296 1829 4349 Ita

1978 460 2253 512 redierunt
2283 459 2350 511 ad
2383 462 2665 513 sanitatem
2701 475 2716 512 :
2748 461 2837 514 sed
2893 475 2958 513 ea:
3009 461 3248 514 omnibus
3291 479 3353 515 ne
3395 479 3553 516 unum

1979 551 2210 619 quidem,
2245 550 2330 618 qui
2377 550 2574 602 occulte
2622 550 2982 611 manducaret,
3021 560 3111 602 aut
3153 551 3366 619 gulosus
3398 563 3551 614 esset,

1977 640 2306 693 emendatum
2337 640 2464 702 vidi,
2518 640 2774 694 Basilium
2827 640 3013 694 audire
3059 641 3190 694 mihi
3245 641 3452 695 videor.
3490 642 3554 696 Et

1979 748 2106 785 vero
2138 732 2227 800 qui
2253 732 2511 786 Basilium
2545 734 2622 785 vel
2656 733 3009 801 primoribus,
3045 740 3102 786 ut
3136 732 3357 795 dicitur,
3383 734 3552 788 labris

1978 828 2306 894 attigerunt,
2344 828 2509 894 probe
2555 826 2758 888 sciunt,
2793 825 2846 878 id
2878 841 2942 878 ex
2987 826 3107 894 ejus
3156 828 3552 880 consuetudine

1975 914 2182 967 dictum
2237 930 2359 968 esse
2421 934 2431 966 :
2478 915 2637 982 cujus
2686 915 2761 969 rei
2793 915 3040 984 exempla
3071 916 3280 984 aliquot
3307 905 3550 984 profei're

1974 1007 2210 1061 alienum
2240 1024 2349 1061 non
2392 1007 2682 1061 videbitur.
2731 1007 2897 1076 Igitur
2949 1008 3215 1076 psalmum
3275 1008 3550 1077 sexagesi-

1975 1115 2120 1152 mum
2156 1101 2386 1168 primuin
2418 1101 2781 1167 interpretans
2809 1099 3065 1162 Basilius,
3101 1101 3180 1154 sic
3198 1101 3390 1153 scribit
3413 1106 3471 1169 (t.
3503 1098 3544 1161 l,

1974 1207 2025 1260 p.
2070 1190 2192 1259 196)
2229 1210 2240 1244 :
2267 1181 2418 1242 Εἶδον
2449 1193 2662 1262 ἰατροὺς
2686 1190 2793 1258 ἐγὼ
2821 1191 2894 1261 μὴ
2924 1193 3183 1262 πρότερον
3215 1192 3452 1254 διδόντας
3480 1191 3547 1244 τὰ

1972 1285 2209 1354 σωτήρια
2266 1284 2558 1354 φάρμακα,
2619 1286 2744 1354 πρὶν
2798 1286 3012 1354 ἐμέτοις
3057 1286 3395 1338 άποκενῶσαι
3447 1285 3544 1355 τὴν

1969 1374 2242 1426 νοσοποιὸν
2302 1373 2452 1444 ὓλην,
2487 1375 2553 1445 ἣν
2604 1377 2666 1426 ὲκ
2717 1377 2956 1444 πονηρᾶς
3007 1375 3214 1445 διαίτης
3245 1379 3456 1438 ἑαυτοῖς
3493 1380 3540 1429 oi

1969 1464 2252 1518 ἀκόλαστοι
2294 1467 2633 1520 ὲναττέΟεντο.
2683 1467 2802 1518 Vidi
2862 1485 2952 1536 ego
3002 1468 3247 1533 medicos,
3298 1469 3387 1537 qui
3439 1485 3541 1521 non

1965 1557 2111 1624 prius
2143 1557 2404 1610 salutaria
2447 1558 2824 1610 medicamenta
2857 1558 3150 1619 tradebant,
3188 1576 3339 1626 quant
3377 1571 3542 1612 mate-

1967 1649 2104 1701 riam
2136 1650 2428 1702 ntorbidant
2464 1668 2554 1720 per
2584 1653 2831 1704 vomitum
2879 1663 3236 1713 evacuassent,
3269 1669 3424 1722 quant
3455 1654 3538 1704 in—

1964 1749 2304 1807 temperantes
2339 1742 2421 1794 illi
2471 1757 2536 1796 ea:
2575 1743 2714 1795 malo
2757 1743 2892 1796 victu
2923 1743 3023 1797 sibi
3049 1753 3369 1811 pepererant.
3416 1743 3539 1797 Alio

1964 1831 2086 1884 loco
2128 1832 2207 1886 sic
2257 1833 2498 1901 loquitur
2529 1834 2684 1902 (tom.
2728 1831 2792 1898 ll,
2839 1835 2892 1887 in
2930 1832 3044 1888 Jul.
3096 1835 3284 1899 Mart.,
3333 1851 3388 1888 n.
3428 1835 3533 1904 4):

1962 1921 2072 1973 Kal
2105 1939 2236 1974 ποτε
2271 1918 2408 1976 εἶδον
2433 1923 2542 1991 ἐγὼ
2568 1924 2692 1993 βοῦν
2722 1925 2813 1977 ἐπὶ
2843 1926 3048 1996 φάτνης
3078 1925 3397 1995 δακρύοντα,
3441 1926 3536 1978 τοῦ

1963 2013 2224 2080 συννόμου
2256 2015 2404 2084 αὐτῷ
2445 2017 2538 2068 καὶ
2576 2014 2842 2085 ὁμοζύγου
2875 2017 3316 2087 τελευτήσαντος.
3371 2017 3534 2087 Equi-

1960 2103 2075 2156 dem
2105 2122 2194 2173 ego
2225 2108 2329 2174 ipse
2360 2109 2463 2159 vidi
2491 2108 2774 2176 aliquando
2809 2109 2983 2164 bovem
3008 2111 3060 2162 in
3080 2111 3298 2177 prwsepi
3319 2109 3535 2178 illacry-

1960 2205 2208 2258 mantem,
2250 2208 2432 2265 pastus
2471 2215 2530 2249 ac
2576 2199 2689 2266 iugi
2730 2201 2872 2252 socio
2910 2209 3073 2250 morte
3118 2198 3217 2255 sibi
3253 2209 3528 2265 pra’repto.

1959 2283 2173 2341 Rursus
2203 2289 2256 2340 in
2290 2288 2390 2340 hac
2437 2289 2554 2357 ipsa
2598 2304 2760 2357 quam
2806 2305 2929 2342 mox
2967 2288 3128 2341 citavi
3167 2290 3413 2342 oratione
3453 2289 3532 2342 sic

1959 2378 2182 2446 scripsit
2224 2378 2402 2448 (ibid.,
2435 2395 2492 2433 ιι.
2525 2379 2613 2448 9):
2663 2380 2800 2447 Ἤδη
2825 2379 2881 2431 δέ
2917 2397 3067 2442 τινας
3106 2375 3242 2432 εἶδον
3281 2379 3384 2431 τῶν
3415 2380 3532 2448 φιλ-

1957 2469 2179 2539 ηδόνων,
2213 2469 2281 2521 δι’
2309 2470 2608 2540 ὑπερϐολὴν
2645 2470 2975 2540 ἡδυπαθείας
3003 2474 3092 2523 ἐπὶ
3131 2471 3399 2540 προφάσει
3432 2472 3529 2541 τῆς

1956 2557 2132 2627 λύπης
2179 2560 2313 2630 πρὸς
2359 2561 2670 2630 κραιπάλην
2715 2563 2808 2614 καὶ
2858 2562 3024 2632 μέθην
3076 2563 3526 2632 ἐκτρεπομένους,

1955 2650 2132 2702 καὶτὸ
2159 2651 2392 2720 ἀκρατὲς
2422 2652 2599 2703 αὐτῶν
2629 2656 2692 2703 ἐκ
2727 2651 2834 2705 τῶν
2861 2653 2953 2704 τοῦ
2981 2653 3322 2722 Σολομῶντος
3356 2654 3526 2720 λόγων

1955 2740 2398 2810 παραμυθεῖσθαι
2442 2743 2833 2811 πειρωμένους,
2876 2743 3142 2810 λέγοντος,
3182 2746 3321 2797 Δότε
3359 2741 3528 2797 οἶνον

1952 2833 2075 2898 τοῖς
2121 2833 2190 2885 ἐν
2220 2836 2462 2898 λύπαις.
2503 2833 2624 2886 Non
2668 2836 2744 2888 ita
2792 2836 2986 2888 dudum
3014 2836 3116 2890 ridi
3154 2837 3406 2905 quosdam
3438 2854 3526 2891 vo~

1953 2925 2269 2993 luptuarios,
2312 2929 2400 2996 qui
2435 2929 2713 2980 inmiodico
2762 2928 3040 2994 voluptatis
3073 2946 3250 2981 amore
3297 2929 3522 2996 pellecti,

1877 3044 1922 3104 ο
1951 3031 2040 3082 per
2062 3019 2280 3085 speciem
2330 3019 2646 3087 expellenda:
2688 3021 2921 3073 tristitia:
2976 3020 3044 3072 ad
3096 3019 3368 3086 crapulam
3413 3035 3524 3072 sese

1951 3117 2322 3167 converterent,
2359 3118 2408 3162 et
2453 3109 2520 3160 ad
2549 3110 2886 3174 ebrietatem;
2921 3127 3172 3179 suamque
3208 3119 3524 3164 conarentur

1947 3212 2198 3250 excusare
2230 3199 2684 3273 intemperantiam
2721 3201 2885 3254 verbis
2938 3200 3260 3263 Salomonis,
3303 3200 3391 3268 qui
3420 3199 3518 3261 ait,

1953 3305 1971 3337 ι
2011 3287 2144 3342 Date
2193 3290 2366 3342 vinum
2412 3293 2477 3343 iis
2518 3292 2608 3360 qui
2653 3293 2706 3344 in
2758 3292 2976 3344 tristitia
3020 3301 3141 3343 sunt
3173 3291 3238 3341 ’³.
3279 3310 3296 3341 ι
3327 3291 3522 3344 Exem—

1948 3380 2118 3448 plum,
2167 3386 2310 3450 quod
2368 3399 2492 3435 mox
2537 3383 2833 3451 proferam.
2887 3398 2917 3435 a
2980 3382 3356 3451 superioribus
3408 3396 3518 3433 non

1947 3473 2175 3524 multum
2213 3473 2444 3527 abludit.
2470 3472 2565 3527 Est
2595 3484 2775 3527 autem
2801 3474 3066 3541 ejusmodi
3097 3473 3252 3542 (tom.
3277 3471 3342 3536 Il,
3367 3473 3512 3526 hom.

1944 3562 1996 3614 in
2031 3563 2162 3625 div.,
2200 3580 2252 3633 p.
2283 3565 2372 3635 3i)
2416 3585 2427 3618 :
2472 3561 2600 3618 Οἶδα
2650 3565 2872 3628 πολλοὺς
2925 3565 3300 3634 νηστεύοντας,
3352 3581 3518 3635 προσ-

1942 3655 2284 3723 ευχομένους,
2334 3655 2708 3718 στενάζοντας,
2746 3659 2922 3708 πᾶσαν
2969 3657 3065 3726 τὴν
3113 3656 3385 3709 ἀδάπανον
3426 3658 3516 3708 εὑ-

1941 3745 2160 3798 λάὸειαν
2210 3748 2668 3817 ἐνδεικνυμένους,
2710 3749 2891 3800 ὀϐολὸν
2919 3750 2974 3802 δὲ
3003 3750 3095 3801 ἕνα
3127 3749 3200 3820 μὴ
3256 3752 3514 3819 προϊεμέ-

1941 3851 2062 3897 νους
2095 3839 2204 3899 τοῖς
2252 3837 2603 3907 θλιϐομένοις.
2652 3839 2914 3893 Novinon
2947 3855 3141 3907 paucos
3183 3841 3508 3908 jejunantes,

1942 3937 2188 3988 orantes,
2243 3927 2654 3995 ingemiscentes,
2692 3930 2935 3996 pietatem
2977 3946 3198 3993 omnem,
3239 3947 3355 3999 quae
3399 3935 3511 3984 sine

1938 4018 2172 4085 impensa
2221 4019 2451 4071 exerceri
2508 4029 2697 4088 potest,
2755 4022 3080 4082 excolentes,
3117 4032 3172 4073 at
3230 4039 3292 4074 ne
3345 4039 3507 4075 unum

1935 4108 2143 4176 quidem
2187 4109 2400 4162 obolum
2451 4111 2621 4179 egenis
2677 4110 2969 4178 offerentes.
3024 4110 3233 4166 Possim
3283 4112 3335 4165 in
3395 4127 3507 4166 me-

1935 4201 2084 4253 dium
2118 4200 2388 4272 qdducere
2427 4210 2479 4256 et
2509 4203 2614 4254 alia
2645 4203 2785 4264 loca,
2816 4204 3016 4272 quibus
3059 4212 3336 4258 constaret
3360 4220 3503 4268 eam,

1935 4308 2096 4361 quam
2135 4292 2281 4356 dixi,
2323 4294 2576 4362 loquendi
2631 4294 2919 4349 formulam
2983 4295 3184 4350 Basilio
3243 4312 3505 4366 perquam

258 4385 400 4430 ειιίω
435 4395 550 4432 uno
590 4381 712 4434 loco
745 4383 1012 4450 scriptum
1053 4389 1137 4435 est
1165 4386 1226 4450 (t.
1261 4383 1326 4445 ll,
1365 4399 1418 4452 p.
1451 4382 1600 4452 204),
1648 4384 1835 4436 Ἦνίκα
1869 4381 1912 4434 D
1943 4382 2263 4436 familiarem
2293 4381 2481 4443 fuisse,
2515 4383 2608 4436 sed
2631 4421 2643 4445 ,
2673 4399 2739 4436 ne
2770 4383 2986 4435 taedium
3035 4382 3302 4446 tim-nem,
3332 4384 3500 4437 nolui.

255 4471 309 4522 δὲ
325 4471 434 4523 τῶν
452 4473 765 4542 προσόντων
794 4489 874 4525 σοι
900 4474 1239 4544 πραγμάτων
1269 4477 1396 4544 ποιῇ
1420 4475 1519 4545 τὴν
1548 4475 1825 4540 ἀπόθεσιν,

259 4560 344 4612 Eoo
367 4561 658 4629 ἀκαμπὴς,
694 4564 1040 4632 προπέμπειν
1069 4563 1206 4615 αὐτὰ
1235 4565 1314 4626 εἰς
1335 4563 1592 4634 οὐρανοὺς
1625 4564 1826 4636 πληρο-

259 4651 609 4720 φοροὺμενος.
646 4649 746 4704 Ubi
778 4669 894 4705 vero
930 4669 1010 4705 res
1037 4668 1152 4721 qua:
1188 4653 1256 4705 ad
1287 4663 1333 4707 te
1361 4655 1615 4722 pertinent
1637 4657 1828 4710 dereli-

257 4741 447 4806 queris,
477 4751 592 4794 esto
609 4741 913 4810 inﬂexibilis
934 4751 982 4795 et
999 4751 1265 4809 constans,
1296 4753 1532 4814 certoque
1560 4746 1698 4799 scias
1735 4762 1825 4800 eas

258 4833 572 4893 pramittere
622 4841 672 4886 te
716 4834 769 4885 in
828 4835 1035 4888 cretum.
1077 4835 1136 4889 ln
1191 4836 1359 4890 altero
1405 4837 1480 4904 (p.
1517 4835 1665 4905 207),
1720 4835 1824 4892 hoc

259 4923 412 4976 modo
432 4963 446 4986 ,
480 4922 616 4976 αὐτὸ
652 4924 808 4978 τοῦτο
857 4925 1150 4979 σκάνδαλον
1190 4923 1327 4980 εἶναι
1379 4927 1823 4998 πληροφορούμε-

256 5030 374 5076 νος,
423 5015 638 5068 omnino
698 5016 795 5068 tibi
838 5017 1158 5085 persuadeas
1221 5016 1448 5086 idipsum
1511 5018 1823 5071 scandalum

254 5122 378 5159 esse.
433 5105 678 5162 Basilius
724 5117 907 5164 autem
956 5111 1060 5164 hoc
1107 5111 1249 5164 idem
1302 5112 1525 5164 verbum
1569 5110 1668 5162 hoc
1705 5111 1822 5178 ipso

261 5212 416 5250 sensu
456 5214 600 5270 saepe
632 5211 858 5268 usurpat
906 5201 1004 5270 (a).
1042 5201 1152 5255 lmo
1181 5201 1340 5254 etiam
1374 5217 1496 5255 cum
1550 5201 1663 5262 [nec
1705 5206 1822 5270 lego

260 5288 310 5339 in
343 5291 531 5343 eodem
579 5291 676 5344 illo
718 5293 986 5361 opusculo
1015 5291 1089 5362 (p.
1124 5292 1271 5358 208),
1301 5291 1535 5353 Πολλοὺς
1565 5286 1672 5362 γὰρ
1711 5287 1818 5358 ἐγὼ

259 5376 441 5430 πάθεσι
493 5379 869 5450 κρατηθέντας
911 5375 1049 5434 εἶδον
1083 5384 1138 5433 ἐν
1174 5380 1329 5449 ὑγεία
1355 5379 1696 5449 γενομένους,
1727 5381 1820 5432 ἕνα

256 5467 305 5517 δὲ
345 5472 402 5519 ἐκ
453 5471 670 5522 πάντων
716 5470 1090 5542 λαοροφάγον,
1162 5472 1194 5540 ἢ
1252 5471 1658 5541 γαστρίμαργον
1723 5471 1818 5522 οὐκ

320 5581 358 5609 ³³
391 5579 548 5635 Prov.
587 5599 741 5644 χιιι,
784 5583 833 5637 6.

321 5678 388 5741 (α)
423 5672 550 5744 Leg.
585 5691 638 5727 ιι.
669 5673 758 5726 38.

1941 4471 2045 4526 Sed
2083 4481 2282 4535 tamen,
2327 4473 2520 4541 siquis
2552 4471 2818 4539 ejusmodi
2865 4473 3128 4540 exemplis
3177 4473 3502 4538 delectatur,

1936 4562 2168 4616 monebo
2211 4562 2400 4615 eodem
2457 4560 2671 4615 dicendi
2720 4577 2916 4630 genere
2974 4577 3132 4614 usum
3176 4576 3299 4616 esse
3347 4562 3501 4617 Basi-

1934 4650 2064 4704 lium
2095 4651 2150 4703 in
2175 4666 2237 4704 ea
2257 4652 2524 4712 oratione,
2551 4664 2712 4719 quam
2734 4651 3112 4704 sanctissimus
3144 4649 3302 4704 Pater
3336 4651 3388 4704 in
3417 4651 3501 4704 di-

1932 4742 2068 4798 vites
2091 4742 2282 4796 habuit
2313 4742 2468 4811 (tom.
2495 4739 2561 4803 ll,
2585 4757 2707 4812 pag.
2735 4743 2825 4812 6'5)
2860 4761 2873 4796 :
2911 4744 3034 4796 item
3066 4743 3169 4810 legi
3199 4749 3376 4812 potest
3438 4759 3500 4798 ea

1933 4833 2126 4896 oratio,
2162 4833 2640 4902 quaeinscribitur,
2720 4831 2958 4885 Homilia
3017 4830 3379 4884 exhortatoria
3433 4835 3502 4885 ad

1932 4932 2172 4976 sanctum
2203 4922 2463 4991 baptisma
2491 4923 2644 4990 (tom.
2680 4921 2742 4985 ll,
2773 4938 2894 4992 pag.
2938 4921 3078 4989 120).
3105 4921 3259 4975 Libet
3283 4938 3504 4991 quoque

1931 5016 2132 5084 aliquid
2161 5015 2228 5069 de
2250 5017 2408 5069 tertia
2443 5016 2919 5070 lucubratiuncula
2951 5014 3228 5083 sigillatim
3276 5014 3496 5068 addere.

1929 5108 1990 5159 lu
2033 5122 2094 5161 ea
2166 5108 2332 5176 igitur
2363 5108 2434 5160 ita
2498 5108 2763 5176 scriptum
2832 5106 3138 5160 invenimus
3202 5107 3356 5175 (tom.
3430 5104 3494 5168 ll,

1930 5217 1982 5271 p.
2009 5199 2135 5270 21⁵2)
2169 5220 2180 5254 :
2217 5202 2351 5271 Περὶ
2403 5201 2614 5270 Πατρὸς
2648 5200 2740 5252 καὶ
2774 5197 2904 5250 Υἱοῦ
2938 5199 3032 5250 καὶ
3063 5197 3213 5266 ἁγίου
3247 5197 3496 5266 Πνεῦμα-

1925 5310 2014 5356 τος
2045 5293 2121 5363 μὴ
2155 5292 2574 5363 συζητεῖν,ὰλλὰ
2601 5291 2850 5344 άκτιστον
2870 5289 2964 5342 καὶ
2995 5288 3493 5358 ὁμοούσιονΤριάδα

1929 5385 2064 5453 μετὰ
2094 5383 2404 5455 παρρησίας
2433 5383 2610 5450 λέγειν
2640 5383 2730 5434 καὶ
2760 5385 2994 5451 φρονεῖν,
3023 5383 3116 5434 καὶ
3144 5383 3256 5441 τοῖς
3286 5383 3494 5449 ἐπερω-

1922 5476 2053 5529 τῶσι
2086 5477 2285 5544 λέγειν,
2321 5478 2400 5529 ὅτι
2433 5474 2790 5544 βαπτίζεσθαι
2821 5475 2919 5541 δεῖ,
2948 5475 3022 5538 ὡς
3073 5473 3450 5546 παρελάϐομεν
3471 5487 3486 5502 °
