3972 6202
438 262 497 322 71
902 310 904 312 ,
1872 241 2275 310 primario.

3645 246 3728 306 '72

437 388 711 444 πιστεύειν
739 388 812 453 δὲ,
846 389 922 453 ὡς
949 386 1356 458 βεϐαπτὶσμεθα
1378 402 1392 416 ·
1425 383 1670 448 δοξάζειν
1713 381 1790 442 δὲ,
1815 380 1886 442 ὼς
1918 395 2012 429 πε-

2134 377 2370 432 editione
2397 375 2694 431 Parisien‘si
2725 377 2970 432 mutatus
2998 376 3088 431 sit.
3123 368 3354 429 Photius
3392 373 3534 427 enim
3588 381 3726 425 tra-

441 481 832 550 πιστεύκαμεν.
893 480 965 532 De
997 479 1158 532 Patre
1209 487 1257 531 et
1309 476 1452 528 Filio
1483 484 1531 528 et
1575 472 1780 543 Spiritu
1826 479 2008 524 sancto

439 588 543 624 non
577 581 775 635 oportet
803 572 1112 639 disceptare,
1141 568 1231 622 sed
1285 567 1598 621 Trinitatem
1642 565 1930 617 increatam
1963 569 2013 614 et

439 663 941 716 consubstantialem
1009 664 1167 715 libere
1218 661 1456 728 proﬁteri
1505 668 1554 712 et
1603 656 1815 715 sentire,
1861 665 2015 722 atque

439 748 892 816 pereontutoribus
918 748 1088 802 dicere
1119 765 1135 800 :
1163 746 1378 815 Oportet
1412 762 1504 796 nos
1537 744 1796 811 baptizari
1830 742 1924 802 ita,
1959 749 2015 791 ut

437 839 697 892 traditum
723 841 1050 907 acCcpimus;
1083 837 1290 892 credere
1340 849 1515 890 autem
1569 837 1702 888 sicut
1758 832 2015 901 baptismi

440 944 662 991 sumus;
695 929 993 996 gloriﬁcare
1021 945 1160 990 vero,
1196 924 1635 996 quemadmodum
1669 922 2013 977 credidimus.

435 1018 691 1084 Quaeram
720 1019 854 1087 jam,
891 1019 943 1073 in
963 1035 1120 1086 quem
1160 1019 1273 1071 haec
1295 1018 1543 1070 doctrina
1595 1016 1787 1068 melius
1817 1028 2020 1066 conve-

441 1111 582 1174 niat,
640 1127 800 1179 quam
865 1111 918 1164 in
967 1111 1228 1163 Basiliam
1266 1109 1540 1178 Magnum,
1576 1107 1666 1176 qui
1693 1105 2014 1159 Trinitatem

444 1201 966 1257 consubstantialem
1003 1216 1124 1255 esse
1157 1216 1369 1270 semper
1395 1207 1449 1254 et
1475 1198 1704 1253 credidit
1729 1208 1782 1251 et
1807 1195 2012 1250 docuit.

442 1297 823 1366 t’raatereaque
851 1295 1086 1350 Basilius
1111 1295 1296 1348 statim
1329 1294 1382 1347 in
1408 1294 1518 1346 alio
1542 1292 1724 1346 libello
1778 1291 2019 1344 ascetico

445 1391 604 1457 (tum.
640 1388 703 1456 ll,
727 1405 848 1459 pag.
883 1386 1011 1457 228)
1049 1403 1156 1442 non
1183 1387 1340 1440 aliter
1369 1388 1584 1440 locutus
1603 1393 1708 1449 est,
1741 1383 1848 1438 nisi
1873 1382 2017 1452 quod

441 1483 890 1553 compendiosius
909 1481 1152 1552 scripsit,
1179 1483 1282 1535 hoc
1301 1480 1478 1542 modo,
1515 1478 1657 1532 οὕτω
1691 1475 2016 1549 φρονοῦμεν,

444 1574 540 1626 καί
573 1574 714 1627 οὓτω
739 1573 1069 1645 βαπτίζθμεν
1101 1575 1179 1638 εἰς
1210 1572 1414 1645 Τριάδα
1439 1571 1742 1641 ὁμοούσιον,
1777 1570 1852 1622 sic
1901 1584 2022 1621 sert-

447 1671 628 1733 timus,
670 1669 845 1738 sicque
885 1669 1219 1739 buptizamus
1259 1669 1312 1721 in
1362 1667 1624 1720 Trinitate
1673 1661 2021 1718 consubstan-

2119 468 2330 522 diderat
2353 466 2493 521 duos
2537 466 2636 521 hos
2673 465 2886 520 libellos
2941 480 3038 519 sua
3089 472 3246 518 atate
3285 464 3357 515 ita
3398 462 3725 530 dispositos

2118 561 2312 620 fuisse.
2347 568 2406 613 ut
2449 559 2666 614 libellus
2688 557 2764 611 De
2798 557 3011 627 judicio
3043 557 3140 610 Dei
3183 555 3545 626 prtccederet,
3621 567 3727 607 se-

2118 660 2380 722 queretur
2426 665 2556 704 vero
2583 650 2796 703 libellus
2845 648 2920 702 De
2970 647 3110 717 ﬁde;
3142 661 3266 700 cum
3301 659 3480 698 tamen
3517 645 3576 697 in
3619 656 3722 706 ea,

2119 759 2282 819 quam
2329 743 2479 806 dixi,
2511 741 2754 796 editione
2803 748 3078 794 tractatus
3136 737 3214 792 De
3262 736 3365 806 ﬁde
3399 735 3724 806 praecedat,

2119 844 2386 889 tractatus
2436 847 2566 886 vero
2611 831 2688 885 De
2723 831 2932 900 judicio
2969 830 3064 884 Dei
3123 831 3511 898 subsequatur.
3562 825 3726 895 Ejus

2121 937 2300 980 autem
2343 926 2414 979 rei
2440 939 2665 978 causam
2691 939 2796 976 non
2837 923 2999 977 aliam
3033 939 3159 977 esse
3211 931 3360 991 puto,
3403 921 3508 975 nisi
3549 918 3724 990 quod

2123 1017 2446 1089 typographi
2505 1017 2654 1069 aliud
2689 1019 2994 1084 cogitantes
3021 1054 3034 1076 ,
3071 1029 3256 1066 verum
3302 1022 3356 1065 et
3408 1012 3724 1080 antiquum

2121 1112 2369 1164 ordinem
2397 1111 2616 1164 incaute
2643 1109 3027 1180 perinutarint.
3055 1105 3192 1158 Nam
3219 1113 3275 1158 ut
3304 1103 3481 1156 Photii
3513 1107 3720 1165 astate,

2126 1207 2198 1259 ita
2234 1206 2504 1274 hodieque
2525 1213 2580 1258 et
2610 1208 2664 1260 in
2697 1200 2905 1256 Veneta
2951 1200 3190 1253 editione
3221 1205 3274 1251 et
3330 1197 3384 1249 in
3419 1193 3722 1250 veteribus

2123 1298 2278 1352 libris
2305 1298 2517 1368 primus
2543 1303 2628 1350 est
2662 1295 2879 1349 libellus
2924 1292 3002 1346 De
3030 1291 3240 1360 judicio
3273 1288 3387 1352 Dei,
3421 1287 3720 1342 secundus

2124 1405 2252 1445 vero
2285 1389 2504 1444 libellus
2537 1387 2614 1442 De
2654 1385 2778 1457 ﬁde.
2821 1385 2956 1450 Quis
2992 1392 3178 1437 autem
3227 1382 3422 1434 horum
3463 1392 3714 1447 Opuscu~

2124 1484 2302 1538 lorum
2328 1491 2520 1536 auctor
2555 1481 2649 1547 sit,
2681 1476 3151 1546 faeilejudicabit,
3185 1474 3278 1543 qui
3313 1487 3376 1527 ea
3406 1472 3723 1540 diligenter

2124 1576 2303 1646 legere
2349 1575 2519 1629 volet.
2551 1572 2782 1634 Auctor,
2818 1571 3138 1640 quicunque
3186 1567 3275 1620 ille
3327 1565 3448 1628 fuit,
3491 1563 3588 1632 qui
3649 1576 3722 1618 ea

2127 1664 2481 1734 conscripsit,
2514 1677 2705 1717 sacras
2742 1662 2955 1714 litteras
2990 1668 3100 1712 tam
3133 1655 3270 1710 Novi
3295 1671 3460 1725 quam
3489 1652 3724 1708 Veteris

445 1761 586 1813 tiali.
615 1759 682 1814 At
711 1768 860 1814 certe
888 1776 950 1814 ex
993 1761 1079 1815 his
1119 1769 1270 1815 certo
1314 1758 1494 1828 colligi
1527 1764 1723 1828 potest,
1777 1771 1884 1809 non
1925 1769 2022 1806 au-
2057 1741 2098 1796 Β
2130 1757 2466 1812 Testamenti
2493 1756 2696 1825 optime
2720 1760 2968 1816 noverat,
2989 1752 3179 1820 eisque
3205 1747 3474 1803 industrie
3497 1747 3718 1802 utitur:

448 1851 706 1906 diendum
741 1866 864 1906 esse
917 1849 1239 1917 Scultetum,
1271 1850 1362 1919 qui
1404 1849 1640 1903 ascetica
1683 1848 1865 1902 omnia
1919 1846 2025 1900 Eu-

445 1943 655 1997 stathio
680 1943 955 2012 ascripsit.
979 1942 1112 1996 Nam
1134 1943 1394 1997 credibile
1415 1958 1520 1995 non
1539 1949 1622 1995 est
1649 1939 2021 2002 Eustathium,

446 2035 544 2104 qui
583 2033 1100 2088 Macedonianorum
1128 2031 1700 2102 quasiantesignanus
1737 2040 1873 2095 erat,
1904 2030 2028 2084 bre-

451 2124 706 2189 vesillas,
729 2141 865 2193 quas
917 2123 1099 2188 retuli,
1149 2121 1272 2176 ﬁdei
1338 2120 1712 2192 professiones
1751 2121 2022 2174 emisisse.

452 2216 665 2271 Etenim
692 2224 905 2270 tantum
937 2217 1149 2280 aberat,
1179 2223 1237 2267 ut
1265 2212 1639 2268 Macedoniam
1665 2212 2028 2267 consubstan-

449 2306 635 2361 tialem
667 2306 914 2361 dicerent
941 2305 1205 2376 Spiritum
1235 2314 1510 2366 sanctum,
1543 2312 1604 2358 ut
1634 2306 1798 2358 etiam
1825 2305 1879 2358 in
1901 2321 2024 2358 eum

451 2397 616 2452 verba
663 2397 826 2468 impia
859 2403 1194 2452 evomerent.
1241 2395 1340 2450 llic
1380 2408 1558 2449 autem
1618 2396 1786 2464 quaeri
1827 2404 2024 2464 potest,

453 2497 634 2543 utrum
659 2491 880 2558 scripta:
905 2488 1109 2543 fuerint
1150 2489 1232 2542 ha:
1255 2488 1766 2547 lucubratiunculas,
1796 2502 1865 2539 an
1897 2501 2026 2555 pro~

452 2577 736 2630 nuntiatae.
771 2575 904 2630 Nam
941 2577 1228 2647 utriusque
1269 2579 1486 2647 generis
1530 2578 1781 2631 instituta
1839 2593 2028 2630 mona-

451 2668 572 2723 chis
605 2667 899 2722 tradidisse
924 2667 1208 2733 Basilium,
1236 2671 1490 2740 superius
1521 2687 1586 2724 ex
1619 2669 1884 2738 Gregorio
1922 2668 2028 2722 Na—

453 2759 716 2813 zianzeno
745 2759 1078 2815 audivimus.
1106 2759 1218 2829 Ego
1245 2770 1424 2815 autem
1457 2763 1712 2815 recitatas
1745 2762 1915 2816 fuisse
1942 2777 2029 2813 ar-

455 2853 648 2916 bitror,
681 2867 782 2906 nec
813 2853 993 2918 aliter,
1032 2854 1137 2909 nisi
1171 2853 1325 2907 valde
1355 2853 1536 2920 fallor,
1565 2854 1913 2922 judicabant,
1935 2854 2028 2922 qui

455 2945 605 3015 ipsas
636 2945 795 3014 paulo
818 2945 1079 2999 attentius
1106 2945 1350 3015 legerint.
1388 2945 1573 3016 Neque
1618 2962 1747 3000 vero
1778 2947 2030 3000 monachi

455 3037 560 3092 soli
613 3036 700 3091 his
766 3036 1244 3093 exhortationibus
1307 3037 1556 3100 aderant,
1617 3038 1712 3093 sed
1772 3039 2030 3093 mulieres

455 3127 618 3180 etiam
654 3126 869 3196 aliquas
899 3127 1217 3182 interfuisse
1269 3128 1766 3196 probabilissimum
1797 3112 2030 3184 videtur.

455 3213 613 3280 Quod
641 3217 794 3286 enim
843 3217 1074 3272 Basilius
1109 3216 1184 3269 ait
1216 3217 1270 3270 in
1305 3219 1478 3288 prima
1533 3219 2032 3282 lucubratiuncula,

455 3310 748 3362 orationem
771 3326 872 3363 non
894 3309 962 3363 ad
985 3311 1125 3364 solos
1151 3311 1288 3364 uiros
1306 3319 1560 3380 spectare,
1584 3328 1701 3364 cum
1724 3313 1964 3364 mulieres
1986 3321 2036 3365 et

455 3400 586 3468 ipsae
613 3416 812 3469 quoque
838 3400 979 3470 apud
1001 3395 1555 3465 Christum‘militent,
1589 3403 1643 3456 id
1669 3403 1736 3456 ad
1779 3402 2036 3459 mulieres

456 3489 743 3560 quasdam,
770 3508 892 3562 qua:
926 3492 1204 3556 adessent,
1236 3493 1428 3546 referri
1462 3508 1624 3561 posse
1661 3509 1881 3548 censeo.
1922 3495 2038 3546 lmo

455 3580 696 3635 dubitari
721 3584 806 3634 vix
829 3590 1029 3652 potest,
1066 3584 1197 3651 quin
1231 3583 1488 3638 adessent
1512 3599 1730 3653 quoque
1762 3585 2035 3650 nonnulli,

456 3673 551 3744 qui
581 3674 1330 3745 matrimoniojungereutur,
1381 3691 1504 3730 cum
1538 3676 1590 3729 in
1624 3676 1866 3731 secundo
1909 3692 2043 3744 opu-

455 3764 612 3819 sculo
669 3765 747 3818 ita
812 3767 1076 3836 scriptum
1125 3767 1196 3821 sit
1233 3767 1309 3838 (ιι.
1336 3767 1391 3832 2,
1431 3784 1483 3837 p.
1515 3767 1642 3837 205)
1671 3785 1685 3821 :
1717 3767 1807 3837 Μὴ
1858 3768 2039 3820 τοίνυν

457 3857 757 3928 ἀναπεσῃς,
792 3851 837 3910 ὦ
865 3853 1036 3922 οὗτος,
1068 3859 1096 3911 ὁ
1121 3859 1258 3930 πρὸς
1291 3859 1574 3912 κοινωνίαν
1615 3859 1873 3927 γυναικὸς
1913 3877 2040 3931 προ-

455 3944 752 4016 ῃρημένος,
783 3946 856 4009 ὠς
895 3947 981 3999 ἐπ’
1013 3945 1260 4011 ἐξουσίας
1288 3947 1426 4017 ἔχων
1457 3947 1548 4000 τὸν
1573 3949 1774 4018 κόσμον
1807 3949 2037 4020 περιδα-

458 4035 662 4089 λέσθαι’
698 4037 958 4092 πλειόνων
979 4038 1088 4109 γάρ
1112 4055 1194 4091 σοι
1225 4040 1402 4094 πόνων
1444 4041 1537 4092 καὶ
1569 4040 1824 4110 φυλακῆς
1875 4041 2035 4111 χρεία

460 4126 594 4197 πρὸς
620 4128 716 4198 τὴν
740 4129 839 4199 τῆς
870 4130 1142 4201 σωτηρίας
1175 4131 1479 4200 ἐπιτυχίαν.
1538 4129 1623 4184 Ne
1682 4132 1846 4201 igi:ur
1891 4133 2038 4186 deses

457 4221 710 4284 exsistas,
740 4237 770 4273 θ
820 4231 875 4274 tu
921 4224 1010 4290 qui
1047 4223 1246 4292 elegisti
1293 4224 1477 4276 uxoris
1509 4225 1832 4288 societatem,
1885 4224 2040 4292 quasi

461 4312 716 4365 mundum
745 4314 991 4378 amplecti
1018 4329 1171 4381 penes
1203 4324 1250 4367 te
1277 4316 1345 4367 sit
1381 4330 1398 4367 :
1429 4331 1552 4367 nam
1581 4315 1824 4381 pluribus
1882 4316 2037 4370 tabo-

2128 1859 2248 1905 erat
2279 1850 2477 1919 linguai
2500 1848 2704 1902 Graeca:
2751 1845 3161 1915 peritissimus:
3194 1843 3247 1895 in
3291 1841 3412 1909 ejus
3451 1839 3723 1893 oratione

2128 1942 2301 1996 enitet
2333 1941 2579 2002 ubertas,
2608 1938 2863 1999 varietas,
2901 1937 3057 2006 copia
3082 1953 3094 1986 :
3123 1936 3177 1988 in
3209 1933 3458 1988 doctrina
3487 1945 3722 1985 morum

2127 2040 2246 2087 erat
2263 2047 2506 2096 severus,
2542 2029 2638 2086 sed
2667 2030 2967 2093 sictamcn,
2989 2025 3336 2094 utEvangclii
3359 2023 3727 2079 severitatem

2134 2140 2245 2177 non
2269 2123 2557 2178 excederet
2581 2142 2594 2177 :
2627 2123 2759 2176 nihil
2778 2121 3013 2193 denique
3039 2121 3181 2172 inest
3209 2131 3386 2186 neque
3418 2115 3474 2169 in
3501 2115 3720 2178 verbis,

2139 2230 2318 2285 neque
2343 2216 2396 2269 in
2421 2216 2730 2280 sententiis,
2759 2215 2904 2282 quod
2934 2212 3216 2280 indignum
3242 2210 3314 2264 sit
3329 2209 3448 2263 viro
3464 2216 3518 2261 et
3542 2206 3726 2260 docto

2129 2321 2185 2368 et
2216 2311 2431 2382 probo:
2483 2325 2604 2379 qua:
2647 2307 2828 2362 ornnia
2865 2321 2966 2359 nos
3013 2305 3312 2364 adducunt,
3355 2309 3413 2356 ut
3443 2299 3722 2354 Basilium

2142 2404 2336 2458 borum
2381 2401 2686 2456 libellorum
2713 2414 2900 2453 verum
2927 2405 3208 2467 parentem
3245 2411 3369 2449 esse
3392 2393 3721 2447 credamus.

2133 2496 2360 2550 Accedit
2395 2494 2556 2548 etiam
2581 2533 2596 2556 ,
2620 2491 2766 2562 quod
2798 2491 2854 2542 in
2894 2490 2982 2542 his
3027 2488 3309 2557 opusculis
3354 2485 3721 2538 inveniantur

2131 2585 2378 2656 quaedam
2409 2581 2625 2637 dicendi
2661 2579 2928 2639 formulae,
2959 2579 3161 2647 quibus
3195 2576 3433 2631 Basilius
3483 2575 3539 2628 in
3580 2573 3718 2627 aliis

2133 2676 2252 2732 suis
2282 2675 2540 2746 operibus
2573 2674 2801 2727 libenter
2819 2673 3008 2726 utitur.
3032 2669 3274 2737 Exempli
3299 2683 3465 2722 causa
3491 2668 3564 2720 ita
3584 2665 3724 2735 legi-

2133 2777 2224 2822 tur
2249 2767 2305 2821 in
2338 2767 2519 2821 libello
2542 2765 2830 2834 Dejudicio
2849 2763 2945 2817 Dei
2965 2763 3251 2832 (βδελίῆ
3277 2781 3288 2814 :
3332 2759 3472 2829 Ἐγὼ
3492 2759 3549 2812 δὲ
3568 2755 3723 2812 εῐδόν

2133 2872 2268 2912 ποτε
2299 2858 2392 2910 καὶ
2419 2855 2688 2925 μελισσῶν
2718 2855 2921 2925 πλῆθος
2950 2856 3099 2926 νόμῳ
3128 2855 3338 2924 φύσεως
3372 2852 3719 2927 στρατηγούι

2137 2968 2329 3022 μενον,
2379 2949 2474 3004 καὶ
2514 2947 2948 3002 κατακολουθοῦν
2995 2948 3276 3010 εὐτάκτως
3319 2945 3433 3017 ἰδίῳ
3479 2946 3720 3017 βασιλεῖ.

2136 3043 2248 3097 Καὶ
2281 3042 2452 3096 πολλὰ
2479 3044 2576 3113 μὲν
2604 3037 2715 3110 ἐγὼ
2742 3041 2970 3093 τοιαῦτα
3001 3034 3160 3104 εἶδον,
3196 3037 3366 3092 πολλὰ
3395 3039 3451 3090 δὲ
3479 3038 3719 3108 ἤκουσα.

2149 3135 2268 3188 Vidi
2301 3144 2477 3188 autem
2519 3133 2804 3202 aliquando
2847 3149 2939 3202 ego
2981 3133 3091 3199 ipse
3132 3142 3288 3193 apum
3333 3141 3563 3183 turmam
3609 3129 3727 3198 (ego

2137 3226 2367 3295 quadam
2397 3226 2635 3280 naturali
2663 3225 3000 3288 conductam,
3026 3239 3280 3293 suumque
3308 3238 3478 3289 regem
3505 3231 3720 3275 seruato

2137 3319 2319 3374 ordine
2352 3329 2665 3389 sequentem.
2702 3317 2768 3369 Et
2817 3317 2985 3370 multa
3016 3315 3226 3385 quidem
3279 3315 3411 3368 talia
3455 3329 3547 3374 eno
3589 3329 3725 3366 con-

2137 3412 2305 3479 spexi,
2343 3413 2610 3479 multaque
2643 3408 2820 3462 audivi
2846 3423 2864 3458 :
2898 3423 3008 3476 quo
3041 3406 3256 3462 dicendi
3285 3421 3481 3475 genere
3506 3407 3559 3458 iu
3604 3405 3724 3475 pri-

2138 3500 2244 3555 mis
2294 3498 2621 3554 delectatum
2676 3497 2846 3552 fuisse
2891 3497 3153 3552 Basilium
3201 3495 3490 3550 manifeste
3524 3501 3721 3550 osten-

2138 3591 2274 3645 dunt
2307 3606 2368 3645 ea
2397 3606 2517 3660 quae
2545 3590 2825 3659 aliquanto
2853 3599 2979 3642 ante
3006 3589 3298 3642 retulimus
3329 3586 3577 3656 exetnpla
3611 3585 3720 3655 (b).

2141 3679 2242 3735 Ubi
2275 3683 2450 3735 notari
2481 3688 2679 3749 potest.
2708 3681 3031 3750 scriptorem
3071 3680 3386 3733 testimonia
3416 3678 3598 3746 aliqua
3644 3677 3723 3730 ita

2138 3786 2170 3825 e
2199 3769 2502 3840 Scripturis
2537 3769 2811 3839 proferre,
2853 3779 2911 3822 ut
2954 3769 3229 3821 interdum
3273 3768 3339 3820 ad
3386 3765 3723 3820 movendum

2140 3865 2398 3917 lectorem
2425 3861 2681 3916 adverbia
2709 3861 2958 3930 quaedam
2986 3861 3266 3930 adjungat.
3297 3858 3426 3924 Sed,
3462 3873 3574 3928 quo
3605 3875 3724 3911 tne-

2141 3957 2247 4010 lius
2284 3956 2396 4008 [nec
2435 3955 2834 4024 intelligantur,
2872 3953 3176 4006 audiendus
3223 3959 3308 4005 est
3339 3960 3532 4004 auctor
3575 3951 3716 4017 ipse.

2143 4047 2219 4102 Ita
2242 4048 2407 4117 igitur
2435 4048 2675 4116 loquitur
2707 4045 2891 4099 libello
2920 4044 2995 4097 De
3020 4044 3226 4113 judicio
3253 4043 3351 4096 Dei
3379 4048 3523 4112 (pag.
3547 4040 3717 4108 i216):

2153 4137 2354 4207 Ἀπλῆς
2381 4137 2436 4190 δὲ
2463 4137 2700 4199 διανοίας
2734 4135 2872 4206 μετὰ
2905 4135 3217 4206 παρῤησίας
3243 4137 3438 4198 εἰπεῖν,
3473 4135 3553 4186 ὅτι
3579 4149 3721 4202 xpen-

2139 4233 2222 4283 τεῖ
2249 4233 2363 4283 ἐκεῖ
2389 4230 2482 4282 καὶ
2513 4228 2787 4300 βασιλεύει
2819 4227 2879 4280 τὸ
2903 4229 3001 4295 τῆς
3039 4227 3238 4298 σαρκὸς
3263 4228 3538 4296 φρόνημα,
3577 4225 3722 4279 κατὰ

2140 4325 2239 4395 τὴν
2267 4322 2360 4375 τοῦ
2403 4321 2725 4374 Ἀποστόλου
2751 4322 2956 4390 φωνὴν,
2983 4319 3233 4386 λέγοντος
3265 4318 3361 4389 μὲν
3403 4317 3724 4387 ὁριπικῶς,

458 4403 605 4458 ribus
633 4416 678 4458 et
708 4404 949 4458 custodia
971 4404 1168 4473 majore
1201 4406 1294 4458 tibi
1321 4420 1450 4473 opus
1483 4417 1558 4459 est
1590 4406 1660 4459 ad
1691 4407 2027 4462 obtinendam

2139 4415 2218 4468 ὅτι
2263 4409 2337 4484 ’ᾮ
2385 4411 2780 4480 παριστάνετε
2837 4411 3092 4475 ἑαυτοὺς
3155 4409 3416 4474 δούλους
3477 4410 3564 4471 είς
3609 4410 3727 4460 ὑπο

455 4494 700 4549 salutem.

455 4612 483 4680 §
516 4608 606 4692 xl.
641 4609 777 4693 [iure
806 4612 1151 4693 sectgtda,_de
1181 4622 1396 4693 auctore
1431 4614 1842 4693 libellqruntDe
1882 4617 2033 4693 judi-

532 4683 618 4801 cilo
666 4679 759 4735 Dei
794 4692 842 4734 et
901 4681 976 4737 De
1007 4683 1129 4746 lide,
1175 4684 1398 4753 itemque
1449 4683 1512 4738 de
1565 4684 1850 4740 Moralium
1882 4679 2037 4742 ἐι-νὶ-

531 4767 564 4817 p
589 4767 698 4805 ore.

532 4863 621 4916 ⁵50.
664 4861 854 4918 Prmvii
891 4864 970 4917 illi
1004 4871 1298 4928 tractatus,
1333 4867 1401 4921 de
1432 4868 1632 4938 quibus
1677 4885 1822 4925 nunc
1846 4871 2039 4942 dispu-

461 4954 719 5010 tavimus.
770 4957 990 5025 proprie
1037 4957 1103 5012 ad
1131 4959 1384 5014 Ascetica
1431 4978 1540 5016 non
1583 4965 1854 5031 pertinent
1888 4984 1899 5018 :
1937 4966 2033 5020 sed

462 5042 600 5099 duos
642 5045 899 5110 libellos,
949 5063 1184 5117 quorum
1249 5050 1304 5103 in
1364 5068 1472 5107 uno
1530 5054 1905 5111 disserebatur
1961 5057 2036 5112 De

462 5133 663 5201 iudicio
700 5135 826 5200 Dei,
875 5138 930 5192 in
963 5139 1135 5192 altero
1179 5138 1254 5194 De
1279 5141 1415 5208 ﬁde,
1462 5143 1528 5195 ad
1580 5159 1644 5198 ea
1697 5147 2034 5214 pertinuisse

463 5226 619 5281 docet
636 5227 1096 5298 locupletissimus
1126 5241 1316 5286 auctor
1334 5232 1678 5307 Photius(a).
1707 5236 1812 5292 Sed
1838 5239 2026 5293 nescio

463 5319 734 5386 quomodo
780 5323 1030 5391 contigit,
1063 5333 1122 5376 ut
1154 5325 1351 5379 horum
1415 5333 1746 5382 tractatuum
1803 5330 1939 5385 ordo
1969 5332 2025 5386 in

536 5520 580 5550 "
622 5519 776 5575 Rom.
812 5539 880 5589 vt,
919 5525 1008 5577 16.

537 5673 614 5746 (a)
656 5674 788 5732 Cod.
818 5694 928 5745 xu,
959 5695 1080 5751 pag.
1110 5680 1236 5735 403.

2143 4505 2356 4575 ακοὴν,
2382 4505 2592 4558 δοῦλοί
2607 4505 2746 4556 ἐστε
2764 4497 2811 4569 ᾧ
2834 4504 3188 4566 ὑπακούετε,
3216 4501 3498 4566 διεξιόντος
3533 4501 3726 4569 σαφῶς

2142 4596 2236 4651 τοῦ
2297 4595 2536 4650 τοιούτου
2592 4597 2937 4666 φρονήματος
2990 4593 3060 4646 τὰ
3105 4593 3386 4664 ἰδιώματα.
3415 4633 3427 4645 .
3457 4632 3470 4644 .
3501 4631 3512 4643 .
3573 4591 3724 4644 stas-

2145 4705 2362 4751 σκοντος
2391 4688 2447 4740 δὲ
2493 4687 2608 4759 ἅμα
2658 4686 3042 4756 ἀποφαντικῶς
3085 4687 3144 4738 τό
3173 4703 3232 4738 τε
3265 4683 3501 4756 χαλεπὸν
3540 4684 3725 4737 αὐτῶν

2140 4782 2238 4852 τῆς
2267 4780 2566 4842 ἐκϐάσεως,
2599 4778 2694 4830 καὶ
2731 4778 2792 4830 τὸ
2826 4777 3191 4847 ἀκοινώνητον
3220 4776 3357 4846 πρὸς
3385 4773 3723 4828 Θεοσέὀειαν.

2143 4871 2246 4928 Sed
2308 4872 2520 4942 ingenui
2571 4871 2738 4924 animi
2798 4870 2960 4938 fuerit
2999 4869 3219 4937 ﬁdenter
3269 4868 3550 4938 afﬁrmare,
3608 4865 3724 4919 illic

2141 4966 2409 5020 dominari
2455 4981 2516 5022 ac
2571 4981 2791 5036 regnare
2841 4965 3017 5016 carnis
3065 4963 3332 5032 affectum,
3379 4960 3536 5030 juxta
3582 4960 3722 5011 hanc

2143 5059 2386 5127 Apostoli
2430 5075 2636 5122 uocem,
2688 5059 2780 5128 qui
2805 5057 2882 5110 ait
2927 5055 3135 5126 quidem
3183 5054 3338 5108 modo
3393 5053 3718 5112 decretorio.

2148 5172 2165 5203 ι
2198 5152 2299 5207 Cui
2331 5150 2584 5205 exhibetis
2619 5168 2704 5204 vos
2727 5167 2900 5204 servos
2933 5149 3000 5202 ad
3038 5145 3402 5208 obedientium,
3428 5145 3562 5198 servi
3593 5145 3722 5197 estis

2141 5247 2276 5316 ejus,
2303 5246 2388 5298 cui
2423 5243 2643 5298 obeditis
2665 5245 2732 5306 ’°,
2757 5263 2773 5296 ι
2795 5251 3022 5295 recenset
3054 5257 3171 5295 vero
3203 5239 3471 5308 perspicue
3505 5236 3724 5304 hujusce

2143 5340 2361 5408 affectus
2399 5337 2762 5406 proprietates.
2791 5379 2803 5392 .
2833 5377 2846 5390 .
2879 5378 2891 5390 .
2937 5334 3195 5404 simulque
3243 5334 3427 5386 horum
3468 5332 3719 5385 vitiorum

2216 5687 2290 5760 (b)
2332 5687 2470 5758 Lege
2503 5703 2558 5742 n.
2589 5685 2680 5742 29.
