3972 6202
289 353 347 400 75
1668 348 2053 402 PREFATIO.
3478 347 3550 403 τιι

286 466 476 519 exitum
501 482 716 535 gravem
746 484 883 533 esse,
915 469 1151 539 nihilque
1182 470 1309 539 ipsis
1350 486 1465 522 cum
1502 471 1695 538 pietate
1727 487 1870 523 com-
1898 479 1943 530 Α
1973 466 2357 523 'l'illemontius
2388 468 2484 538 (ὑ),
2512 467 2740 521 ﬁdenter
2767 465 3169 535 pronuntiavit,
3202 464 3310 521 tale
3341 467 3549 537 aliquid

291 574 435 612 mune
469 574 580 612 esse
617 571 991 614 asseveranter
1018 561 1187 616 docet.
1211 562 1407 617 Eodem
1436 564 1689 632 pertinet,
1721 561 1867 632 quod

288 651 544 717 scriptum
582 650 874 705 invenitur
903 652 962 705 in
1000 659 1239 707 tractatu
1274 653 1345 707 De
1372 653 1474 721 ﬁde
1503 653 1657 725 (pag.
1682 654 1822 721 224)
1852 674 1865 709 :

288 737 390 788 Καὶ
416 735 507 788 τοῦ
550 738 887 792 Ἀποστόλου
922 742 983 793 ὲν
1009 738 1363 812 ὑποδείγματι
1389 742 1711 814 ἀνθρωπίνῳ
1742 761 1871 812 στο-

284 826 529 897 δρὸτερον
560 829 1009 899 ἀπαγορεύοντος
1040 832 1100 885 τὸ
1128 834 1464 904 προσθεῖναι,
1508 834 1540 903 ἢ
1574 834 1786 902 ὑᾳελεῖν
1816 852 1867 886 τι

283 919 341 970 ἄν
386 922 505 982 ταῖς
539 920 931 988 θεοπνεύστοις
981 926 1245 995 Γραφαῖς.
1287 925 1517 996 Cumque
1564 928 1865 994 Apostolus,

283 1021 487 1078 sumpto
517 1028 585 1064 ea:
638 1012 941 1070 hominibus
982 1018 1241 1087 exemplo,
1274 1017 1542 1087 quidpiam
1590 1021 1642 1071 in
1679 1020 1869 1072 divinis

284 1098 575 1170 Scripturis
632 1106 865 1169 addere,
916 1120 1009 1160 aut
1066 1109 1268 1163 demere
1316 1110 1661 1164 vehementius
1717 1120 1866 1166 vetet.

280 1190 481 1248 Notatu
520 1210 750 1265 quoque
818 1198 1040 1268 dignam
1078 1216 1275 1255 censeo
1321 1203 1464 1254 illam
1509 1205 1868 1272 genitivorum

280 1285 478 1339 seriem
513 1288 726 1359 (ibid.),
764 1290 1017 1359 λέγοντος
1053 1292 1170 1361 μὲν.
1202 1335 1214 1346 .
1243 1333 1255 1345 .
1288 1334 1302 1347 .
1348 1294 1633 1358 διεξιόντος
1664 1294 1775 1346 δὲ..
1811 1334 1824 1347 .
1852 1334 1866 1346 .

276 1376 649 1445 διδάσκοντος,
682 1381 759 1434 δὲ.
793 1423 805 1433 .
834 1421 848 1433 .
877 1426 889 1436 .
919 1378 1039 1435 εἶτα
1070 1384 1234 1437 αὐτοῦ
1263 1383 1354 1437 τοῦ
1384 1385 1705 1455 μονογενοῦς
1739 1386 1868 1438 Υἱοῦ

276 1469 371 1522 τοῦ
406 1470 546 1523 Θεοῦ
576 1472 674 1524 τοῦ
712 1473 919 1545 Κυρίου
944 1475 1039 1527 καὶ
1072 1475 1205 1528 Θεοῦ
1239 1478 1392 1547 ἡμῶν
1431 1475 1603 1547 Ἰησοῦ
1633 1477 1868 1548 Χριστοῦ

278 1560 554 1628 βοιῖιντοςο
587 1579 713 1633 (μιεὲ
746 1565 954 1619 idcirco
998 1575 1184 1620 notata
1226 1570 1399 1630 volui,
1438 1570 1583 1638 quod
1632 1569 1869 1624 Basilius

279 1651 356 1703 ita
386 1652 441 1704 in
476 1653 599 1707 suis
635 1654 906 1710 Asceticis
936 1656 1085 1724 loqui
1127 1657 1316 1710 soleat.
1347 1655 1481 1709 Nam
1521 1672 1652 1710 usus
1682 1665 1734 1709 et
1767 1657 1867 1709 bo-

278 1757 403 1795 rum
456 1742 887 1810 adverbiorum,
922 1747 1211 1816 ὁριστικῶς
1236 1787 1249 1810 ,
1286 1748 1705 1815 ἀποφαντικῶς,
1740 1765 1867 1815 σφο-

1972 561 2091 613 sine
2121 559 2229 612 ulla
2274 562 2650 614 controversia
2704 574 2883 628 neque
2923 556 3330 623 abEustathio,
3375 575 3552 629 neque

1970 652 2039 704 ab
2090 652 2203 705 ullo
2254 653 2359 705 alio
2396 650 2790 704 Macedoniano
2836 648 3113 701 conscribi
3166 664 3407 717 unquam
3456 666 3552 720 po—

1970 743 2162 798 tuisse.
2185 742 2247 797 Et
2269 758 2400 795 vero
2432 758 2554 795 cum
2583 742 2963 796 Macedoniani
2996 750 3182 811 aperte
3209 741 3553 796 divinitatem

1974 834 2211 904 Spiritus
2239 836 2416 890 sancti
2444 842 2725 903 negarent,
2755 834 2870 890 ﬁeri
2904 850 3012 888 non
3044 842 3262 905 poterat
3286 842 3347 887 ut
3368 831 3555 888 Trini-

1970 933 2136 979 tatem
2168 926 2691 979 consubstantialem
2729 942 2850 980 esse
2871 926 3280 996 proﬁtereuur.

2042 1016 2130 1069 51.
2168 1019 2320 1083 Quod
2355 1018 2623 1082 diximus,
2654 1018 2868 1072 libellos
2906 1018 2975 1071 De
3014 1018 3222 1086 judicio
3253 1016 3351 1070 Dei
3391 1023 3445 1071 et
3476 1014 3555 1068 De

1972 1109 2075 1177 ﬁde
2098 1119 2206 1163 tam
2240 1111 2295 1163 in
2318 1112 2461 1181 stle
2492 1126 2654 1180 quam
2684 1112 2737 1164 in
2769 1111 3059 1165 sententiis
3100 1112 3396 1165 convenire
3426 1123 3550 1163 cum

1972 1202 2219 1271 utrisque
2242 1202 2508 1271 Regillis,
2548 1202 2600 1255 id
2632 1203 2702 1255 ita
2737 1218 2861 1257 esse
2899 1219 3009 1257 non
3054 1203 3315 1259 dillitetur
3342 1204 3425 1257 vir
3454 1202 3554 1256 do-

1972 1293 2254 1348 ctissimus
2286 1293 2653 1349 Combeﬁsius
2686 1316 2696 1349 :
2734 1294 2829 1349 sed
2862 1305 3045 1350 tamen
3068 1312 3130 1350 ex
3158 1297 3243 1349 his
3266 1295 3551 1365 principiis

1973 1386 2118 1439 aliud
2149 1402 2379 1454 prorsus
2404 1388 2703 1441 concludit.
2726 1387 2867 1458 Ergo
2902 1390 2976 1443 ita
3017 1388 3129 1442 fere
3160 1389 3546 1442 ratiocinatur:

1974 1472 2175 1527 Horum
2207 1476 2514 1529 libellorum
2549 1484 2603 1531 et
2648 1478 2939 1547 utriusque
2978 1480 3193 1548 generis
3220 1477 3550 1548 Regularum

1972 1563 2111 1616 idem
2153 1574 2235 1619 cst
2266 1567 2462 1636 stylus,
2491 1568 2689 1621 eadem
2716 1569 3018 1631 sontentiai,
3054 1569 3240 1623 eadem
3265 1569 3548 1623 doctrina:

1972 1655 2065 1709 sed
2098 1653 2283 1708 Stoica
2320 1656 2571 1725 qumdam
2604 1660 2868 1712 severitas
2894 1659 3237 1713 Eustathium
3267 1672 3549 1715 utrarum-

1972 1759 2075 1811 que
2098 1742 2427 1813 chularum
2457 1754 2733 1800 auctorem
2768 1763 2889 1801 esse
2924 1756 3106 1817 aperte
3133 1751 3372 1803 ostendit
3400 1768 3410 1803 :
3440 1766 3550 1804 non

272 1831 551 1904 δρότερον,
574 1843 629 1888 et
649 1836 843 1889 borum
867 1839 1250 1907 genitivorum,
1266 1839 1532 1907 λέγοντος,
1550 1838 1861 1903 διεξιόντος,

1970 1833 2329 1888 dubitandum
2354 1835 2522 1904 igitur
2542 1836 2674 1905 quin
2698 1837 2838 1891 idem
2859 1813 3177 1891 Eustathius
3204 1839 3393 1891 horum
3414 1855 3551 1909 qun-

278 1923 658 1989 ὂιδάσκοντος,
678 1925 1025 1995 βοῶντος,ἰιει
1057 1930 1110 1981 in
1147 1927 1368 1998 Regulis
1400 1929 1654 1998 frequens
1677 1937 1781 1993 est,
1808 1939 1868 1982 ut

275 2014 395 2084 ejus
445 2016 529 2070 rei
578 2018 787 2085 passim
839 2020 1084 2087 exempla
1128 2029 1436 2073 occurrant.
1470 2020 1865 2085 Praetereaque,

276 2120 400 2160 cum
425 2107 672 2174 scriptor
697 2108 1104 2177 integerrimam
1130 2113 1533 2178 persuasionem
1560 2112 1867 2181 signiﬁcare

276 2197 462 2257 vellet,
497 2199 686 2252 sexies
722 2198 777 2251 in
802 2199 887 2253 bis
921 2199 1121 2253 libellis
1148 2202 1376 2254 vocibus
1406 2200 1865 2272 πληροιρορεῖσθαι

275 2294 327 2340 α
363 2287 720 2359 πληροφορία
747 2304 879 2344 usus
932 2299 1037 2352 est,
1086 2290 1171 2345 bis
1222 2292 1276 2343 in
1316 2293 1512 2359 primo,
1570 2299 1768 2359 quater
1810 2291 1865 2344 in

280 2378 499 2435 altero:
554 2396 683 2448 quae
734 2381 869 2449 ipsae
920 2396 1085 2436 voces
1139 2382 1203 2435 ad
1252 2382 1392 2435 idem
1444 2382 1865 2451 signiﬁcandum

284 2469 481 2535 passim
538 2469 595 2521 in
648 2468 877 2539 Regalis
917 2482 1274 2540 usurpantur.
1312 2473 1449 2528 Cum
1502 2476 1667 2545 igitur
1714 2474 1867 2529 Basi-

290 2558 407 2621 lius,
428 2567 491 2613 ιιι
524 2575 659 2614 mox
687 2563 1044 2631 probabimus
1072 2564 1169 2633 (a),
1206 2574 1396 2619 auctor
1414 2567 1486 2620 sit
1512 2567 1862 2636 liegularum,

292 2649 518 2706 dubitari
578 2654 783 2708 merito
822 2670 935 2709 non
976 2665 1178 2725 potest,
1218 2659 1350 2726 quin
1401 2673 1462 2712 ea
1513 2674 1751 2729 quoque,
1798 2659 1867 2716 de

286 2744 480 2813 quibus
500 2744 851 2815 disputatur,
870 2749 1138 2817 opuscula
1161 2749 1224 2802 ad
1255 2749 1509 2805 eumdem
1534 2753 1863 2820 pertineant,

279 2844 466 2906 utpote
502 2839 558 2890 in
584 2840 793 2907 quibus
824 2839 988 2893 iidem
1018 2841 1275 2909 loquendi
1303 2844 1449 2896 modi
1481 2845 1861 2899 adhibeantur.

279 2927 513 2983 Fatebor
551 2931 781 2999 quidem
814 2932 1017 2993 libens,
1054 2943 1393 3002 argumenta,
1431 2951 1551 3003 qum
1576 2951 1640 2989 ex
1672 2937 1865 3004 quavis

280 3021 397 3089 styli
434 3021 812 3076 similitudine
838 3032 1126 3091 petuntur,
1174 3026 1381 3079 nullam
1416 3028 1523 3079 vim
1556 3027 1778 3091 habere,
1818 3029 1864 3080 si

1972 1940 2078 1993 que
2097 1927 2487 1995 opusculorum
2513 1936 2705 1981 auctor
2728 1929 2818 1983 sit.
2837 1929 2974 1993 Quid
3002 1938 3181 1983 autem
3203 1930 3269 1981 de
3300 1948 3435 1983 vana
3461 1933 3549 1984 illa

1969 2018 2261 2071 severitate
2285 2018 2629 2073 sentiendum
2651 2020 2742 2082 sit,
2762 2031 2949 2089 postea
2979 2022 3115 2075 satis
3146 2023 3261 2077 tusc
3288 2023 3549 2077 disseram

1971 2109 2038 2179 (c)
2060 2126 2071 2161 :
2094 2125 2237 2163 nunc
2262 2111 2512 2165 universe
2532 2112 2797 2164 duntaxat
2826 2112 3028 2175 dicam,
3062 2130 3237 2182 neque
3272 2112 3547 2175 Ruﬁnum,

1970 2216 2145 2271 neque
2172 2200 2518 2268 Cassianum,
2534 2219 2709 2271 neque
2733 2201 3010 2266 Pbotium,
3029 2221 3201 2273 neque
3222 2203 3549 2259 Frontonem

1968 2290 2257 2353 Ducmum.
2295 2309 2470 2361 neque
2521 2292 2765 2347 Natalem
2800 2295 3169 2347 Alexandrum
3195 2338 3208 2359 ,
3236 2295 3548 2351 Combelisii

1969 2385 2246 2445 so'dalem,
2301 2402 2477 2456 neque
2518 2384 2969 2449 Tillemonlium,
3014 2402 3187 2455 neque
3237 2386 3546 2457 Dupinum,

1968 2491 2146 2546 neque
2196 2478 2499 2546 permultos
2550 2478 2687 2532 alios
2721 2478 3104 2547 cujuscunque
3148 2479 3324 2532 etatis
3364 2480 3551 2533 erudi-

1969 2570 2215 2623 tissimos
2273 2570 2425 2624 viros
2488 2570 2761 2639 ejusmodi
2813 2571 3163 2625 severitatem
3221 2571 3275 2623 in
3330 2571 3550 2641 Regalis

1966 2661 2189 2714 vidisse.
2230 2657 2337 2713 Sed
2379 2660 2488 2713 duo
2539 2668 2668 2714 sunt
2705 2661 2760 2713 in
2815 2660 2920 2723 iis,
2967 2676 3108 2729 quos
3136 2660 3281 2724 dixi,
3314 2660 3548 2723 libellis,

1968 2766 2089 2820 qua:
2128 2751 2412 2820 speciatim
2462 2752 2814 2820 reprehendit
2845 2752 2927 2816 is,
2975 2769 3135 2821 quem
3175 2752 3338 2806 modo
3369 2752 3549 2806 nomi-

1968 2842 2114 2905 navi,
2132 2844 2214 2896 vir
2234 2843 2602 2912 peritissimus
2616 2841 2980 2897 Combcﬁsius
3008 2844 3107 2915 (ά),
3128 2845 3546 2898 ῑηοοιιειοηιίκιι

1972 2930 2114 2994 ﬁdei,
2152 2938 2205 2984 et
2235 2931 2478 2986 auctoris
2513 2931 2568 2983 in
2593 2932 2775 3000 aliqua
2804 2946 2939 2985 voce
2963 2934 3233 2986 catholica
3273 2934 3548 2990 reticenda

1969 3021 2361 3090 malignitatem
2396 3037 2407 3071 :
2436 3021 2503 3076 de
2554 3022 2758 3091 quibus
2790 3021 2893 3075 hoc
2938 3022 3061 3077 loco
3092 3023 3275 3078 dicere
3311 3026 3544 3079 institui.

278 3115 451 3183 stylus
498 3115 579 3167 ita
632 3115 686 3167 in
748 3116 1025 3184 aliquibus
1073 3119 1380 3183 conveniat,
1416 3128 1476 3171 ut
1527 3120 1580 3171 in
1613 3119 1865 3188 pluribus
1893 3145 1934 3201 α
1970 3112 2126 3178 Quod
2156 3114 2321 3182 igitur
2343 3114 2727 3175 ait,auctorem
2752 3115 2803 3165 in
2828 3115 2931 3183 ﬁde
2958 3116 3341 3169 inconstantem
3360 3118 3544 3186 fuisse,

282 3206 597 3275 discrepet:
653 3205 753 3259 sed
790 3224 915 3261 cum
969 3211 1155 3263 omnia
1190 3212 1495 3279 quadrant,
1558 3218 1687 3265 tunc
1716 3213 1865 3281 ejus-

281 3298 425 3351 modi
462 3309 791 3367 argmenta
849 3301 1148 3368 plurimum
1198 3302 1380 3357 valere
1430 3319 1609 3370 nemo,
1648 3306 1863 3373 opinor,

281 3392 583 3457 negaverit.
630 3390 709 3444 lla
754 3401 937 3447 autem
971 3392 1301 3462 Regnlarum
1336 3395 1511 3466 stylus
1552 3410 1676 3449 cum
1724 3398 1867 3468 stylo

281 3479 475 3533 borum
536 3485 936 3552 opusculorum
994 3486 1296 3547 consentit,
1342 3498 1401 3539 ut
1450 3488 1585 3539 nihil
1640 3490 1866 3543 omnino

279 3571 595 3632 dissentiat.
629 3574 948 3644 idcircoque
984 3583 1038 3629 et
1096 3576 1192 3631 has
1244 3586 1296 3630 et
1332 3577 1422 3629 illa
1447 3575 1648 3630 Basilio
1698 3578 1864 3631 tribui

276 3679 501 3735 equum
530 3673 638 3719 est.
662 3665 773 3719 Nec
804 3668 980 3721 solum
1015 3667 1223 3721 similes
1255 3677 1382 3720 sunt
1412 3668 1666 3737 loquendi
1693 3667 1861 3732 modi,

276 3756 371 3809 sed
401 3759 571 3809 etiam
618 3758 922 3817 sententiae.
962 3759 1380 3812 sententiarum.
1414 3757 1625 3811 Etenim
1667 3759 1711 3812 si
1739 3760 1864 3827 quis

278 3846 433 3903 illud,
466 3844 619 3913 quod
647 3846 701 3898 in
736 3846 918 3899 libello
950 3846 1022 3898 De
1044 3846 1248 3914 judicio
1284 3844 1376 3897 Dei
1408 3846 1603 3913 legitur
1635 3844 1708 3912 (p.
1736 3844 1862 3906 217,

279 3949 429 3989 num.
469 3936 540 4005 4)
570 3955 582 3987 :
615 3934 839 3988 Retectis
875 3936 1038 4005 igitur
1066 3935 1257 3987 divinis
1302 3933 1622 4001 Scripturis,
1662 3933 1863 3999 reperio

279 4027 330 4077 in
367 4025 545 4078 Veteri
580 4042 643 4077 ac
676 4024 824 4080 Novo
856 4026 1208 4088 Testamento,
1236 4042 1394 4095 neque
1420 4028 1471 4077 in
1501 4025 1859 4090 multitudine,

279 4133 437 4185 neque
490 4120 546 4169 in
596 4118 962 4187 magnitudine
987 4127 1341 4186 peccatorum,
1376 4118 1464 4170 sed
1500 4120 1551 4168 in
1594 4134 1700 4169 una
1741 4127 1859 4168 tan-

281 4208 553 4260 tummodo
615 4210 968 4277 cujuscunque
1023 4211 1267 4276 prwcepti
1314 4209 1630 4271 violatione,
1675 4218 1862 4261 contu-

281 4302 509 4353 maciam
541 4300 792 4354 adversus
836 4302 1004 4354 Deum
1036 4303 1177 4355 clare
1206 4302 1465 4370 judicari,
1510 4318 1863 4355 communem—

280 4408 376 4461 que
402 4395 722 4446 sententiam
744 4411 777 4445 a
803 4392 910 4446 Deo
938 4395 1066 4461 ferri
1094 4396 1147 4446 in
1179 4411 1380 4448 omnem
1415 4393 1858 4446 inobedientiam:

1970 3206 2023 3260 id
2060 3222 2158 3261 nec
2189 3221 2397 3267 verum,
2431 3221 2530 3259 nec
2567 3206 2782 3259 ﬁrmum
2819 3217 2923 3261 cst.
2977 3208 3110 3260 Nam
3149 3209 3547 3269 dubitationem

1971 3300 2138 3360 illam,
2181 3313 2289 3367 qua
2352 3306 2545 3352 auctor
2575 3298 2859 3353 laborasse
2899 3316 2957 3353 se
3001 3300 3310 3363 conﬁtetur,
3343 3316 3449 3354 non
3493 3302 3547 3355 in

1971 3389 2152 3451 ﬁdem,
2190 3389 2283 3442 sed
2316 3389 2371 3441 in
2411 3388 2626 3443 dissidii
2658 3389 3025 3444 Ecclesiarum
3067 3407 3292 3445 causam
3327 3394 3544 3455 cadere,

1968 3497 2033 3536 ex
2053 3481 2318 3535 orationis
2351 3481 2493 3535 serie
2522 3483 2873 3551 perspicuum
2905 3492 3009 3539 est.
3039 3484 3103 3538 Et
3131 3502 3258 3541 vero
3282 3487 3336 3540 in
3364 3488 3547 3541 libello

1968 3572 2045 3627 De
2073 3574 2277 3641 judicio
2309 3572 2407 3626 Dei
2449 3574 2521 3625 ita
2578 3574 2816 3643 scriptor
2863 3576 3079 3629 loeutus
3111 3584 3284 3630 esteo
3340 3577 3407 3629 de
3437 3592 3547 3646 quo

1969 3666 2147 3735 agitur
2180 3666 2301 3717 loco
2336 3666 2480 3733 (pag.
2502 3665 2626 3729 214,
2661 3682 2713 3719 n.
2749 3666 2839 3733 ‘2):
2884 3666 3067 3718 Ταῦτα
3103 3669 3192 3719 καὶ
3224 3668 3291 3720 τὰ
3321 3668 3545 3721 τοιαῦτα

1966 3756 2129 3827 ὁρῶν,
2171 3756 2264 3808 καὶ
2296 3757 2431 3826 πρὸς
2460 3755 2668 3817 τούτοις
2705 3758 3017 3826 ὲπαπορῶν,
3045 3758 3147 3820 τίς,
3187 3761 3281 3811 καὶ
3320 3758 3482 3811 πόθεν
3512 3762 3545 3833 ἡ

1967 3848 2113 3899 αἰτία
2145 3846 2237 3899 τοῦ
2259 3846 2511 3898 τοσούτου
2546 3845 2735 3898 κακοῦ.
2762 3887 2775 3899 .
2800 3883 2812 3896 .
2841 3885 2852 3897 .
2890 3844 3047 3897 τοῦτο
3075 3845 3137 3915 δὴ
3164 3845 3543 3917 λογισάμενος,

1968 3939 2060 3990 καὶ
2098 3940 2233 4008 πρὸς
2271 3937 2331 3989 τὸ
2378 3936 2713 4007 ὑπερϐάλλον
2754 3938 2853 4005 τῆς
2892 3936 3141 4000 ἀσεϐείας
3191 3938 3543 4008 ἐπτοημένος,

1966 4030 2057 4082 ἐπὶ
2094 4030 2273 4081 πλεῖόν
2298 4046 2355 4080 τε
2400 4028 2663 4099 ἐρευνῶν,
2707 4027 3006 4096 ἐπειθόμην
3035 4027 3184 4080 οὐδὲν
3214 4020 3397 4097 ἦττον,
3453 4028 3546 4080 καὶ

1965 4122 2031 4172 ὲκ
2058 4120 2163 4172 τῶν
2190 4122 2247 4172 ὲν
2269 4120 2345 4189 τῷ
2372 4119 2471 4188 βίῳ
2502 4118 2838 4190 πραγμάτων
2872 4116 3046 4187 ἀληθῆ
3078 4113 3214 4169 εἶναι
3238 4118 3335 4188 τὴν
3364 4135 3545 4188 προει-

1969 4210 2210 4280 ρημένην
2265 4210 2463 4261 αἰτίαν.
2505 4208 2722 4276 Ἐώρων
2761 4208 2871 4277 γὰρ
2937 4208 3116 4259 πᾶσαν
3171 4208 3267 4276 μὲν
3309 4207 3546 4276 πλήθους

1964 4302 2217 4363 εὐταξίαν
2240 4318 2297 4353 τε
2321 4300 2413 4352 καὶ
2442 4299 2758 4368 συμφωνίαν
2787 4300 2913 4368 ἄχρι
2937 4298 3057 4350 τότε
3082 4297 3541 4369 κατορθουμένην,

1966 4392 2125 4463 ἄχρις
2158 4393 2221 4443 iv
2250 4394 2282 4460 ἡ
2312 4392 2445 4461 πρὸς
2469 4391 2563 4441 ἕνα
2592 4391 2712 4441 τινὰ
2736 4390 2825 4441 τὸν
2848 4391 3081 4459 ἄρχοντα
3120 4388 3364 4460 σώζηται
3392 4388 3542 4459 κοινὴ

283 4484 331 4536 3i
371 4485 497 4551 quis
524 4484 695 4553 igitur
748 4486 861 4539 haec
912 4485 1311 4554 comparaverit
1359 4501 1481 4538 cum
1518 4486 1584 4539 iis
1635 4502 1757 4553 qua:
1804 4486 1859 4538 in

1970 4484 2071 4535 τῶν
2103 4483 2279 4535 ἄλλων
2308 4483 2587 4535 εὐπείθεια
2607 4500 2618 4511 '
2653 4483 2831 4533 πᾶσαν
2862 4481 2917 4532 δὲ
2958 4481 3252 4548 διαφωνίαν
3286 4481 3377 4532 καὶ
3423 4479 3541 4530 διά-

286 4573 493 4643 Regula
523 4577 901 4630 ducentesima
923 4582 1274 4645 nonagesima
1294 4578 1451 4629 tertia
1478 4576 1680 4644 scripta
1707 4588 1857 4638 sunt,

284 4663 599 4719 doctrinam
638 4666 902 4721 doctrinae
935 4668 1006 4719 ita
1037 4668 1268 4721 similem
1303 4667 1621 4735 comperiet,
1654 4675 1711 4719 ut
1744 4674 1857 4719 tra-

285 4756 395 4808 dita
444 4765 685 4825 utroque
729 4757 850 4810 loco
898 4758 1221 4811 documenta
1275 4758 1345 4811 ab
1394 4757 1581 4811 eadem
1646 4756 1861 4810 oﬁicina

287 4847 555 4915 prodiisse
574 4847 734 4901 facile
748 4846 1103 4902 confessurus
1124 4845 1352 4901 sit..lam
1382 4848 1693 4899 monuimus
1723 4863 1861 4901 con-

295 4952 566 4992 .roversos
594 4938 697 4990 bos
733 4938 873 4992 duos
910 4939 1125 4993 libellos
1147 4940 1217 4993 ab
1250 4939 1507 4993 omnibus
1537 4947 1632 4989 aut
1660 4938 1862 4991 Basilio

290 5030 509 5091 ascribi,
548 5037 645 5081 aut
672 5028 996 5084 Eustatbio:
1045 5030 1142 5085 sed
1202 5032 1349 5100 ipsos
1399 5032 1656 5099 episc0po
1696 5027 1864 5083 Seba-

292 5128 442 5172 steno
471 5122 676 5174 ascribi
717 5135 826 5174 non
863 5136 1025 5190 posse
1058 5124 1216 5191 plane
1250 5129 1486 5175 constat.
1520 5119 1596 5172 lta
1630 5122 1773 5173 enim
1808 5121 1862 5173 in

292 5210 470 5263 libello
502 5210 578 5263 De
611 5211 717 5279 [ide
747 5213 940 5281 legitur
970 5214 1127 5283 (pag.
1160 5212 1315 5282 228):
1345 5210 1500 5265 Οὕτω
1534 5210 1856 5280 φρονοῦμεν,

292 5302 381 5352 καὶ
407 5301 555 5355 οὕτω
590 5302 920 5371 βαπτίζομεν
946 5308 1025 5367 εις
1052 5304 1258 5376 Τριάδα
1280 5304 1581 5373 ὁμοούσιον.
1636 5302 1724 5356 Sic
1750 5319 1867 5356 sen-

294 5391 474 5457 timus,
523 5396 702 5463 sicque
748 5398 1079 5461 baptizamus
1105 5399 1159 5449 in
1203 5396 1470 5450 Trinitate
1513 5395 1865 5449 consubstan-

294 5478 407 5531 tiali
429 5499 446 5533 :
477 5499 641 5551 quem
670 5484 847 5537 loeum
890 5500 1016 5538 cum
1047 5486 1323 5540 retulisset
1344 5485 1753 5541 eruditissimus
1783 5485 1863 5538 vir

366 5684 439 5743 (al
480 5679 623 5750 Lege
654 5699 710 5735 η.
738 5683 827 5736 58.

370 5751 439 5822 (θ)
492 5752 580 5805 ι’ξέ
608 5753 671 5803 de
699 5754 758 5806 S.
788 5752 993 5812 Basile,
1019 5769 1069 5822 p.
1100 5754 1223 5809 638.

600 5867 887 5928 ΡΑτιιοι..
935 5864 1049 5926 Gn.
1098 5865 1329 5925 XXXI.

1966 4591 2187 4636 στασιν,
2243 4574 2323 4626 ἔτι
2362 4590 2419 4626 τε
2456 4573 2822 4643 πολυαρχίαν,
2864 4572 2921 4636 ἐξ
2964 4572 3228 4642 ἀναρχίας
3271 4572 3545 4623 ὁδοποιου-

1968 4664 2154 4734 μένην.
2188 4662 2314 4716 litvo
2343 4672 2498 4731 atque
2513 4663 2745 4729 ejusdem
2778 4663 2979 4730 generis
3002 4662 3111 4714 alia
3143 4678 3260 4712 cum
3291 4662 3545 4723 intuerer,

1963 4769 2319 4825 praetereaque
2348 4756 2646 4808 dubitarem
2688 4773 2804 4827 qua:
2846 4765 2895 4808 et
2920 4754 3058 4808 unde
3082 4762 3216 4807 esset
3248 4753 3385 4805 tanti
3419 4752 3548 4805 mali

1966 4860 2128 4897 causa
2165 4842 2245 4913 [in
2277 4841 2571 4914 Ecclesiis].
2599 4882 2612 4890 .
2648 4884 2660 4896 .
2688 4882 2699 4895 .
2735 4844 2829 4895 hoc
2862 4844 3020 4912 igitur
3076 4859 3192 4895 cum
3231 4858 3430 4895 mecum
3464 4859 3546 4895 re-

1966 4943 2253 5001 putessem,
2288 4948 2505 5002 cumque
2531 4932 2595 4985 de
2628 4934 2914 5000 impietatis
2949 4930 3311 5001 magnitudine
3342 4932 3541 4983 attoni.

1969 5034 2073 5085 tus,
2112 5023 2335 5076 uilerius
2379 5026 2828 5093 pervestigassem,
2878 5024 3221 5075 nihilominus
3272 5022 3399 5074 mihi
3426 5037 3545 5089 per-

1967 5116 2114 5167 suasi
2140 5115 2214 5168 vel
2254 5131 2317 5167 ea:
2347 5116 2411 5168 iis
2440 5131 2556 5185 qua:
2602 5117 2653 5167 in
2692 5116 2798 5168 vita
2844 5116 2978 5183 fiunt
3014 5114 3188 5175 rebus,
3220 5130 3357 5177 eam,
3383 5130 3542 5183 quam

1968 5209 2207 5275 superius
2246 5207 2381 5273 dixi,
2408 5224 2626 5261 causam
2658 5224 2830 5261 veram
2854 5223 2967 5260 esse
2994 5216 3043 5260 et
3075 5223 3401 5276 germanam.
3451 5204 3540 5256 Vi-

1967 5298 2152 5351 debam
2203 5300 2339 5351 enim
2383 5316 2585 5353 onmem
2637 5299 2949 5368 populorum
3000 5298 3338 5365 disciplinam
3388 5304 3541 5363 atque

1967 5392 2356 5443 consensionem
2399 5389 2583 5443 tandiu
2618 5406 2978 5456 perseverare,
3009 5390 3135 5443 dum
3179 5405 3354 5442 omnes
3392 5387 3540 5455 prin-

1968 5481 2071 5549 cipi
2109 5482 2198 5533 uni
2224 5483 2277 5534 ia
2322 5482 2584 5534 communi
2614 5481 2965 5549 obtemperant
2992 5497 3008 5533 :
3046 5498 3247 5534 omnem
3279 5495 3393 5533 vero
3428 5475 3539 5531 dia-

2039 5679 2109 5743 (c)
2150 5679 2289 5745 Lege
2322 5695 2374 5731 η.
2415 5679 2501 5729 tl.

2041 5747 2118 5819 (ά)
2155 5745 2311 5800 Tum.
2342 5746 2403 5811 11,
2441 5766 2493 5817 p.
2532 5748 2598 5801 97
2629 5758 2679 5801 et
2716 5749 2830 5801 lit).
