3972 6202
408 413 470 466 75
1784 385 2176 447 ΡΒΑΞῈΑΤΙΟ.
3594 370 3666 423 76

406 522 640 577 cordiam
675 536 737 573 ac
785 517 1127 580 seditionem,
1173 517 1396 583 itemque
1444 508 1727 563 multorum
1780 506 1981 575 princi-

2106 522 2262 592 πίθηκε
2305 518 2518 572 Domini
2551 516 2718 570 nostri
2749 512 2880 568 Iesu
2926 510 3125 567 Christi
3170 507 3438 563 mandatis
3476 506 3667 561 adver-

405 620 587 681 patum
628 627 692 665 ea:
716 610 868 663 ducis
902 625 964 663 ac
1013 607 1268 677 principis
1310 602 1517 672 defectu
1563 598 1856 670 proficisci.
1907 594 1979 648 Ex

405 704 607 774 quibus
643 703 814 771 liquet
856 698 1118 754 Basilium
1149 709 1371 751 causam
1406 693 1579 756 illam,
1613 702 1777 759 quam
1821 685 1983 741 dubi-

405 806 530 850 tans
555 795 855 866 quaerebat,
882 791 1103 846 tandem
1132 787 1434 844 invenisse.
1463 784 1623 838 Aliud
1659 788 1841 835 autem
1875 793 1985 832 non

406 889 706 958 quaerebat,
738 893 799 938 ut
833 900 896 939 ex
928 883 1052 951 ejus
1080 880 1263 935 verbis
1300 870 1467 946 patet,
1500 874 1609 929 nisi
1642 883 1827 928 veram
1856 882 1988 923 cau-

407 996 547 1044 sam,
576 993 697 1049 quae
724 977 915 1031 turbas
946 976 1001 1028 in
1020 970 1285 1028 Ecclesiis
1312 969 1584 1025 excitaret
1605 974 1659 1025 et
1680 965 1735 1019 in
1763 964 1984 1034 regnis:

409 1087 576 1141 quam
610 1083 835 1124 causam
872 1083 983 1121 non
1032 1063 1254 1119 aliunde
1300 1060 1456 1116 nasci
1503 1059 1600 1126 ait,
1640 1071 1806 1129 quam
1841 1053 1989 1125 quod

409 1164 579 1217 duces
614 1177 677 1216 ac
730 1160 1011 1231 principes
1060 1156 1267 1211 desint.
1304 1152 1432 1211 Sed.
1470 1161 1531 1205 ut
1565 1164 1755 1205 verum
1791 1147 1989 1210 fatear,

411 1255 590 1326 primo
624 1260 854 1323 aspectu
902 1252 1046 1304 inest
1092 1248 1271 1318 major
1294 1243 1588 1301 dillicultas
1636 1241 1691 1295 in
1729 1240 1832 1303 iis,
1871 1253 1992 1307 qua:

411 1349 514 1402 ltoc
544 1347 665 1417 ipso
697 1346 752 1399 in
808 1345 930 1397 loco
968 1341 1175 1410 scripta
1225 1336 1604 1392 inveniuntur.
1643 1332 1772 1387 llaec
1808 1338 1992 1385 autem

414 1446 543 1494 sunt
568 1456 579 1490 :
614 1437 695 1490 Τά
723 1436 820 1506 μὲν
852 1432 1066 1504 πρῶτα,
1095 1426 1284 1501 ὥσπερ
1307 1430 1363 1482 ἐν
1394 1425 1548 1498 βαθεῖ
1579 1423 1754 1494 σκότῳ
1781 1422 1991 1491 διῆγον,

414 1531 507 1584 καὶ
536 1528 787 1598 καθάπερ
812 1527 904 1579 ἐπὶ
940 1522 1128 1593 ζυγοῦ,
1148 1522 1279 1576 ποτὲ
1313 1521 1410 1591 μὲν
1438 1514 1561 1583 ὧδε,
1581 1518 1714 1571 ποτὲ
1735 1517 1791 1570 δὲ
1813 1518 1993 1569 ἐκεῖσε

415 1624 647 1695 ἕρρεπον
666 1639 680 1652 θ
713 1619 873 1674 ἄλλου
914 1617 1109 1678 ἄλλως,
1140 1614 1174 1682 ἦ
1210 1612 1347 1684 πρὸς
1375 1609 1568 1664 ἑαυτόν
1600 1626 1677 1679 -με
1722 1607 1993 1695 ἕλκοντος,

415 1717 506 1771 διὰ
533 1718 633 1788 τὴν
672 1713 1023 1784 πολυχρόνιον
1075 1709 1183 1763 τῶν
1240 1705 1543 1779 ἀνθρώπων
1593 1702 1882 1775 συνήθειαν
1907 1741 1921 1764 ,
1962 1692 1995 1771 ἢ

418 1811 580 1869 πάλιν
620 1809 794 1871 ἄλλως
842 1802 1233 1874 ἀπωθουμένου
1284 1799 1373 1853 διὰ
1413 1798 1510 1869 τὴν
1565 1798 1622 1850 ὲν
1672 1797 1794 1859 ταῖς
1828 1792 1998 1855 οείαις

417 1904 663 1975 1³ραφαῖς
687 1898 1197 1969 ὲπιγινωσκομένην
1218 1893 1495 1966 ἀλήθειαν.
1522 1884 1764 1943 Primum
1790 1886 1997 1957 quidem

418 1995 573 2067 quasi
591 1995 647 2047 in
675 1990 953 2061 profundis
1003 1989 1229 2043 tenebris
1262 1985 1535 2056 degebam,
1573 1992 1622 2036 et
1655 1990 1909 2048 tanquam
1943 1977 1999 2030 in

420 2093 619 2139 statera
664 2081 1005 2144 constitutus,
1032 2075 1186 2131 modo
1239 2074 1358 2140 huc,
1410 2072 1562 2127 modo
1609 2068 1737 2123 illuc
1772 2081 1999 2136 propen-

418 2176 627 2238 dabam,
655 2173 793 2243 quod
826 2171 964 2224 alius
992 2169 1099 2221 alio
1141 2176 1231 2219 aut
1268 2164 1336 2218 ad
1368 2164 1597 2232 seipsum
1638 2159 1867 2213 traheret
1898 2174 1998 2222 me,

421 2269 485 2323 ob
536 2266 803 2319 diutinam
853 2262 1122 2315 hominum
1175 2254 1638 2317 consuetudinem,
1671 2261 1763 2305 aut
1815 2262 2000 2304 rursus

422 2359 529 2412 alio
562 2355 894 2425 propelleret,
922 2352 985 2404 ob
1027 2367 1144 2405 eam
1193 2365 1350 2418 quam
1384 2348 1437 2400 in
1470 2346 1663 2399 divinis
1707 2330 1999 2413 Scripturis

422 2448 748 2519 agnovissem
798 2445 1105 2498 veritatem:
1163 2441 1257 2495 sed
1308 2447 1598 2492 tamenne
1639 2436 1728 2490 llic
1779 2433 1999 2505 quidem

424 2542 577 2593 locus
615 2537 684 2591 ad
710 2533 1112 2605 expediendum
1140 2528 1377 2584 dillicilis
1404 2535 1510 2584 est.
1545 2524 1665 2581 Non
1701 2526 1848 2580 enim
1875 2522 2002 2577 inde

422 2630 607 2700 colligi
642 2633 850 2698 potest,
881 2624 1147 2679 Basilium
1189 2622 1242 2675 in
1283 2620 1534 2674 haeresim
1582 2632 1824 2702 unqqam
1876 2629 2002 2685 pro-

426 2723 701 2795 pendisse,
736 2718 831 2773 sed
867 2716 1044 2771 solum
1074 2714 1131 2767 in
1163 2712 1215 2769 id
1253 2709 1657 2781 quodammodo
1685 2708 2000 2769 inclinasse,

428 2824 486 2870 ut
523 2820 706 2885 partes
753 2810 1061 2878 susciperet
1106 2803 1497 2875 quorumdam,
1546 2802 1639 2871 qui
1693 2801 1768 2854 ita
1818 2799 2003 2853 callidi

426 2916 583 2963 erant
611 2913 666 2960 et
702 2903 891 2963 astuti,
929 2910 987 2955 ut
1019 2900 1151 2955 dum
1182 2912 1365 2953 veram
1405 2893 1565 2949 ﬁdem
1601 2897 2002 2963 oppugnarent,

427 3015 548 3056 eam
576 3007 759 3052 tamen
781 2992 1051 3064 speciosis
1077 2991 1260 3046 verbis
1286 2988 1425 3043 tueri
1447 2985 1784 3042 viderentur.
1809 2981 2005 3037 Callicli

430 3097 610 3145 autem
646 3088 724 3142 illi
758 3101 865 3140 non
901 3084 993 3137 alii
1026 3081 1198 3137 fuisse
1226 3079 1378 3135 credi
1401 3085 1666 3149 possunt,
1698 3089 1863 3146 quam
1894 3073 2007 3128 Eu-

2023 1846 2071 1905 ’Β

2086 614 2219 676 sari,
2255 611 2449 681 Deique
2493 607 2788 663 Ecclesiam
2835 615 2944 659 tam
2979 599 3474 658 immiscricorditer
3523 597 3670 652 dila-

2087 722 2286 770 cerare,
2320 714 2531 772 tamque
2556 699 2841 756 crudeliter
2879 696 3165 753 obturbare
3203 697 3319 768 ejus
3346 710 3573 767 gregem,
3606 701 3671 745 ut

2087 800 2283 852 exortis
2320 796 2622 858 Anornwis,
2667 810 2826 858 nunc,
2875 792 2922 845 si
2963 806 3195 861 unquam
3249 787 3387 842 alias
3413 825 3431 853 ,
3456 788 3512 840 in
3540 785 3672 855 ipsis

2089 904 2289 958 quoque
2333 886 2620 956 impleatur
2651 885 2784 938 illud
2807 900 2825 937 :
2876 902 2894 931 ι
2918 881 3000 934 Ea:
3029 881 3173 935 vobis
3220 880 3351 949 ipsis
3388 884 3674 947 exsurgcnt

2093 980 2189 1031 viri
2231 982 2498 1049 loquentes
2534 991 2813 1044 perversa,
2856 983 2912 1026 ut
2939 972 3204 1027 abducant
3240 969 3530 1039 discipulos
3553 975 3677 1037 post

2091 1087 2146 1124 se
2164 1071 2228 1126 ".
2275 1090 2295 1122 ι
2344 1068 2447 1124 Cui
2497 1069 2643 1125 enim
2691 1066 3012 1138 persuaderi
3043 1064 3275 1135 poterit,
3319 1063 3584 1118 Basilium
3615 1064 3677 1115 in

2092 1162 2404 1234 opinionem
2446 1159 2806 1232 propendisse
2848 1173 3063 1223 eorum,
3100 1172 3241 1228 quos
3267 1155 3477 1210 videret
3506 1154 3678 1209 simul

2093 1261 2147 1307 et
2175 1250 2533 1306 adversantes
2555 1249 2832 1303 mandatis
2850 1244 3068 1304 Domini
3093 1247 3269 1302 nostri
3300 1241 3431 1302 ἔθευ
3443 1245 3677 1310 Christi,

2093 1349 2147 1397 et
2183 1339 2694 1397 imrnisericorditer
2732 1339 3100 1394 dilacerantes
3143 1337 3238 1393 Dei
3270 1336 3595 1403 Ecclesiam,
3620 1343 3681 1390 et

2096 1428 2394 1482 crudeliter
2427 1424 2787 1482 obturbantcs
2831 1424 2952 1497 ejus
2982 1422 3244 1498 gregem?
3266 1425 3386 1496 Ip‘sa
3414 1436 3546 1483 sunt
3569 1426 3679 1479 Ba—

2098 1518 2206 1574 silii
2235 1519 2424 1574 verba.
2463 1518 2759 1589 Reliquum
2791 1527 2877 1574 est
2925 1517 3097 1590 igitur
3139 1528 3198 1573 ut
3250 1518 3489 1575 Basilius
3538 1535 3681 1589 quo-

2098 1610 2391 1666 dammodo
2430 1627 2760 1683 propensum
2794 1626 2855 1667 se
2898 1612 3135 1667 senserit
3166 1611 3231 1666 ad
3269 1611 3682 1681 amplectendas

2100 1716 2282 1774 partes
2334 1705 2735 1774 quorumdam,
2780 1704 2877 1775 qui
2929 1704 3155 1775 pietatis
3202 1696 3555 1761 simulatione
3622 1714 3683 1761 et

2101 1793 2323 1848 nomine
2357 1808 2540 1848 veram
2585 1793 2745 1849 ﬁdem
2782 1793 2938 1861 sequi
2990 1800 3341 1864 putarentur.
3369 1779 3528 1848 Nunc
3558 1810 3684 1864 qua:

2100 1902 2202 1940 vox
2229 1885 2321 1941 illa
2374 1886 2465 1953 sit,
2519 1900 2684 1955 quam
2726 1893 2921 1941 auctor
2966 1885 3034 1941 de
3078 1886 3351 1943 industria
3390 1887 3684 1943 reticuisse

2101 1977 2326 2046 dicitur,
2341 1994 2408 2034 ex
2446 1979 2565 2048 ipso
2588 1978 2920 2036 Combelisio
2954 1980 3246 2035 audiamus
3264 1978 3365 2052 (a).
3396 1976 3489 2034 Sic
3515 1979 3685 2051 igitur

2094 2071 2345 2141 loquitur
2370 2072 2427 2126 in
2454 2086 2555 2127 suo
2593 2071 2801 2127 Basilio
2834 2074 3092 2127 recensita
3113 2087 3132 2126 :
3169 2071 3324 2140 Quod
3343 2072 3495 2137 dicit,
3526 2072 3685 2126 initio

2100 2163 2329 2233 paginae,
2369 2164 2538 2233 possit
2567 2164 2849 2219 Theodosii
2881 2175 3121 2234 tempora
3152 2164 3429 2234 respicere,
3467 2165 3686 2234 quando

2100 2254 2385 2322 plurimum
2417 2273 2718 2327 compressa
2743 2258 3117 2312 Anomaeorum
3142 2257 3358 2311 hwresis
3379 2265 3429 2310 et
3455 2257 3684 2321 Ariana,

2102 2356 2159 2399 ut
2196 2347 2272 2399 sic
2319 2346 2500 2415 palam
2543 2348 2702 2417 ﬁdem
2752 2358 2952 2404 sanctce
2990 2348 3273 2402 Trinitatis
3319 2347 3683 2417 profiteretur,

2102 2439 2191 2509 qui
2236 2439 2317 2492 ita
2363 2440 2501 2493 alias
2550 2441 2605 2493 in
2636 2457 2699 2495 ea
2745 2440 3070 2496 vacillasset.
3113 2440 3257 2506 Quin
3293 2449 3349 2493 et
3395 2426 3685 2509 ὁμοουσίου

2102 2548 2275 2586 vocem
2305 2532 2483 2587 studio
2517 2532 2747 2604 dataque
2801 2550 2982 2603 opera,
3012 2542 3126 2587 tota
3156 2533 3256 2585 hac
3293 2549 3393 2586 sua
3418 2533 3543 2601 ﬁdei
3582 2547 3685 2585 ea:-

2102 2621 2409 2690 planatione
2459 2624 2844 2692 suppressisse,
2902 2623 2970 2676 ad
3038 2624 3307 2677 mitiorum
3354 2623 3687 2676 Arianorum

2104 2713 2475 2769 declinandam
2511 2716 2786 2771 invidiam.
2819 2714 2947 2771 Vult
2997 2716 3165 2788 igitur
3192 2714 3550 2772 doctissimus
3600 2716 3687 2770 vir

2105 2804 2490 2873 Combelisius,
2521 2806 2871 2864 Eustathium
2902 2808 3112 2864 idcirco
3150 2807 3278 2863 data
3298 2824 3465 2879 opera
3492 2823 3686 2864 vocem

2104 2900 2388 2970 ὁμοούσιος
2436 2900 2491 2956 in
2544 2909 2659 2956 tota
2720 2917 2820 2957 sua
2870 2900 2996 2957 ﬁdei
3057 2901 3405 2973 professione
3465 2902 3692 2959 silentio

2107 2991 2463 3062 praeteriisse,
2511 2999 2571 3045 ut
2605 2992 2842 3063 gratiam
2885 2992 3167 3047 mitiorum
3207 2993 3539 3048 Arianorum
3579 2993 3687 3048 sibi

2108 3080 2428 3136 conciliaret
2456 3099 2470 3136 :
2501 3081 2595 3137 sed
2652 3082 2954 3152 permirum
2997 3083 3172 3138 videri
3201 3082 3384 3148 debet,
3408 3083 3691 3139 hominem

429 3185 667 3241 stathius
714 3182 829 3251 ipse
879 3178 1136 3246 illiusque
1187 3172 1463 3243 discipuli.
1534 3168 1660 3224 llatc
1698 3167 1885 3230 verba,
1939 3164 2074 3243 obc
2106 3176 2442 3244 οωιθινοηιιίη
2511 3174 2568 3228 in
2623 3174 2899 3245 ejusmodi
2957 3175 3123 3230 rebus
3171 3175 3691 3245 diligentissimum,

428 3278 692 3332 diutinam
726 3272 996 3326 hominum
1020 3264 1471 3328 consuetudinem,
1502 3261 1731 3325 faciunt,
1763 3268 1824 3315 ut
1858 3260 2005 3315 hunc

432 3375 610 3427 locum
640 3368 714 3419 ita
756 3361 1166 3434 intelligendum
1206 3373 1330 3415 esse
1376 3357 1644 3426 suspicer.
1667 3352 1801 3408 Nam
1845 3351 2005 3408 Basi-

432 3465 563 3517 lium
602 3457 889 3513 Eustatbio
920 3455 1015 3509 diu
1044 3451 1387 3507 familiariter
1414 3463 1576 3505 usum
1614 3462 1739 3503 esse
1774 3445 2002 3509 nemini,

430 3556 521 3623 qui
556 3551 777 3624 paulum
809 3548 971 3603 modo
1003 3547 1057 3600 in
1092 3546 1323 3600 historia
1347 3540 1728 3598 ecclesiastica
1754 3545 2007 3594 versatus

432 3650 524 3710 sit,
561 3646 805 3716 ignotum
837 3647 943 3696 est.
979 3637 1135 3704 Quod
1177 3644 1360 3691 autem
1399 3635 1536 3699 dixi,
1562 3631 1826 3688 Basiliam
1865 3645 2008 3684 nun-

431 3752 595 3807 quam
629 3734 685 3788 in
734 3732 985 3787 haeresim
1044 3727 1433 3799 propendisse,
1485 3723 1581 3781 sed
1620 3722 1798 3778 solum
1848 3721 2008 3791 quasi

435 3827 715 3898 paululum
769 3826 1106 3877 commotum
1155 3818 1329 3874 fuisse
1384 3815 1454 3870 ad
1492 3813 1815 3870 callidorum
1867 3826 2009 3881 quo-

434 3919 685 3974 rumdam
722 3915 1007 3969 hominum
1043 3918 1229 3982 partes
1265 3906 1671 3977 suscipiendas,
1705 3905 1774 3959 de
1800 3919 1866 3959 eo
1898 3919 2009 3958 non

435 4012 593 4065 aliter
635 4007 910 4063 videbitur
951 4003 1042 4069 ei,
1098 4003 1225 4071 qui,
1265 4015 1387 4071 quae
1424 3998 1783 4069 praecedunt,
1832 3997 2012 4066 legere

436 4101 688 4156 voluerit.
735 4098 877 4153 Sunt
920 4105 1101 4151 autem
1144 4091 1454 4163 ejusmodi:
1498 4089 1710 4160 Πολλὴν
1754 4104 1878 4142 τινα
1916 4088 2012 4140 καὶ

436 4191 875 4265 ὑπερϐάλλουσαν
907 4190 1005 4259 τήν
1047 4204 1107 4239 τε
1141 4186 1276 4258 πρὸς
1317 4183 1577 4255 ἀλλήλους
1610 4183 1703 4236 καὶ
1746 4181 1844 4253 τὴν
1873 4180 2012 4251 πρὸς

433 4286 531 4349 τὰς
569 4284 719 4347 θείας
753 4281 973 4353 Γραφάς
1000 4277 1296 4348 διαφωνίαν
1325 4276 1433 4330 τῶν
1459 4273 1668 4329 πολλῶν
1707 4272 1973 4345 ἐθεώρουν
1993 4290 2006 4303 ·

435 4376 531 4429 καὶ
549 4374 608 4427 τὸ
634 4370 1089 4445 φρικωδέστατον,
1104 4368 1301 4429 αὐτοὺς
1322 4366 1449 4429 τοὺς
1475 4363 1823 4436 προεστῶτας
1842 4363 2011 4432 αὐτῆς

436 4469 491 4523 ἐν
528 4463 768 4536 τοσαύτῃ
804 4463 901 4533 μὲν
930 4463 996 4532 τῇ
1042 4460 1177 4531 πρὸς
1210 4457 1471 4531 ἀλλήλους
1512 4457 1742 4528 διαφορᾷ
1783 4455 2009 4526 γνώμης

436 4576 494 4612 τε
520 4559 611 4612 καὶ
658 4557 816 4626 δόξης
849 4550 1229 4613 καθεστῶτας,
1262 4551 1501 4621 τοσαύτῃ
1544 4548 1601 4601 δὲ
1641 4551 1705 4619 τῇ
1743 4548 1877 4619 πρὸς
1915 4546 2013 4609 τὰς

436 4650 654 4712 ἐντολὰς
685 4645 777 4700 τοῦ
805 4644 1011 4715 Κυρίου
1032 4641 1188 4713 ἡμῶν
1220 4640 1397 4711 Ἰησοῦ
1420 4638 1655 4713 Χριστοῦ
1682 4638 2011 4708 ἑναντιότητι

438 4739 771 4813 χρωμένους,
799 4738 892 4791 καὶ
914 4734 1258 4796 διασπῶντας
1284 4734 1379 4804 μὲν
1400 4731 1640 4804 ἀνηλεῶς
1661 4732 1760 4802 τὴν
1788 4729 2014 4800 Ἐκκλη-

441 4834 559 4887 σίαν
588 4832 681 4885 τοῦ
707 4828 865 4893 Θεοῦ,
888 4826 1323 4898 ἑκταράσσοντας
1350 4824 1406 4878 δὲ
1432 4822 1666 4894 ἀφειδῶς
1682 4823 1745 4875 τὸ
1768 4822 2014 4892 ποίμνιον

438 4921 625 4986 αὑτοῦ,
648 4922 724 4985 ὡς
748 4922 844 4974 καὶ
869 4922 927 4973 ὲν
957 4919 1140 4981 αὐτοῖς
1170 4914 1509 4988 πληροῦσθαι
1534 4914 1649 4979 νῦν,
1676 4913 1832 4986 εἴπερ
1863 4913 2013 4978 ποτὲ,

435 5014 546 5069 τῶν
582 5012 874 5084 ’Δνομοίων
905 5009 1264 5078 ὲπιφυέντων,
1286 5007 1367 5073 τὸ,
1392 5007 1474 5060 ὅτι
1504 5005 1599 5071 Ἐξ
1625 5003 1795 5075 ὑμῶν
1818 5002 2017 5060 αὐτῶν

436 5104 890 5171 ἀναστήσονται
924 5103 1142 5171 ἄνδρες
1182 5099 1517 5166 λαλοῦντες
1558 5096 2014 5167 διεστραμμένα,

438 5199 542 5252 τοῦ
570 5194 861 5262 ἀποσπᾷν
884 5195 1028 5261 τοὺς
1049 5192 1320 5265 μαθητὰς
1348 5192 1541 5246 ὀπίσω
1570 5189 1787 5245 αὐτῶν.
1816 5189 2017 5243 Multos

442 5289 678 5344 videbam
710 5297 761 5342 et
792 5289 930 5341 inter
958 5304 1033 5350 se,
1064 5286 1200 5340 etin
1225 5284 1420 5339 divinis
1444 5282 1637 5337 litteris
1658 5281 2016 5351 intelligendus

443 5381 591 5435 valde
622 5379 909 5434 admodum
935 5379 1231 5432 dissentire.
1266 5376 1335 5430 Et
1364 5375 1502 5447 quod
1545 5375 1774 5428 maxime
1802 5373 2019 5428 horren-

443 5473 568 5527 dum
595 5482 696 5535 est,
725 5470 961 5526 videbam
993 5472 1133 5541 ipsos
1182 5470 1434 5525 Ecclesia:
1471 5467 1752 5539 prwfectos
1782 5468 1837 5520 in
1869 5476 2022 5519 tanta

443 5565 581 5617 inter
626 5579 680 5616 se
712 5563 981 5617 sententia:
1015 5577 1077 5615 ac
1109 5561 1370 5631 opinionis
1404 5559 1709 5615 diversitate
1746 5555 2018 5620 constitui,

516 5677 565 5706 "
598 5674 719 5728 Act.
756 5690 847 5741 xx,
872 5675 962 5728 '50.

517 5788 595 5859 (a)
633 5785 880 5844 Contbel‘.
915 5795 1044 5841 tom.
1083 5784 1146 5853 ll,
1181 5801 1233 5856 p.
1274 5786 1388 5841 19.9.

2106 3278 2283 3334 usque
2312 3263 2449 3320 adeo
2469 3265 2819 3335 prmjurlicata
2841 3265 3102 3336 opinione
3130 3267 3465 3321 obcaecatum
3494 3267 3691 3333 fuiss:-,

2106 3362 2167 3410 ut
2189 3371 2299 3411 non
2318 3357 2529 3413 videret
2559 3373 2682 3427 qua:
2705 3358 2929 3428 legeret.
2960 3356 3120 3423 Nam,
3146 3367 3206 3412 ut
3234 3361 3346 3428 jam
3372 3359 3582 3421 monui,
3612 3360 3692 3413 ita

2108 3448 2166 3501 in
2199 3447 2304 3503 hac
2328 3447 2451 3503 lidei
2494 3448 2837 3519 professione
2877 3450 3142 3520 scriptum
3188 3451 3503 3506 invenitur:
3533 3451 3695 3504 Οὕτω

2109 3538 2437 3612 φρονοῦμεν,
2470 3542 2563 3595 καὶ
2599 3542 2743 3595 οὕτω
2770 3541 3107 3613 βαπτίζομεν
3143 3546 3224 3607 εἰς
3256 3544 3463 3616 Τριάδα
3497 3543 3713 3615 ὁμοοὺ-“

2112 3650 2246 3689 σιον.
2283 3633 2372 3689 Sic
2424 3636 2702 3701 sentimus,
2746 3637 2922 3707 sicque
2956 3635 3289 3704 baptizamus
3331 3637 3385 3689 in
3430 3635 3696 3690 Trinitatc

2112 3725 2574 3782 consubstantiali.
2608 3726 2717 3783 Sed
2750 3730 2945 3783 demus
2968 3742 3155 3783 vocem
3190 3728 3475 3799 ὁμοούσιος
3503 3728 3557 3782 in
3590 3728 3698 3782 hac

2115 3817 2238 3873 litlei
2265 3818 2611 3890 professione
2640 3819 2711 3875 ab
2752 3826 2983 3874 auctore
3010 3818 3444 3889 praetermissam
3496 3817 3694 3875 fuisse.

2112 3909 2257 3976 Quid
2284 3912 2440 3966 tum?
2470 3911 2733 3967 Basilium
2773 3911 2921 3966 illius
2952 3921 3230 3966 auctorem
3267 3927 3376 3967 non
3406 3912 3564 3968 esse?
3595 3914 3697 3967 sed

2114 4002 2168 4056 id
2193 4001 2323 4057 inde
2363 4003 2592 4057 minime
2624 4003 2895 4071 sequitur.
2935 4002 3188 4072 Scriptor
3225 4004 3395 4068 enim,
3437 4004 3702 4075 quisquis

2113 4101 2231 4158 est,
2290 4093 2367 4146 ita
2401 4094 2471 4148 de
2505 4092 2777 4149 Trinitate
2824 4094 3069 4164 loquitur
3112 4094 3276 4159 (tom.
3316 4093 3358 4147 ll
3388 4111 3542 4151 novae
3577 4097 3698 4160 ed..

2115 4199 2239 4253 pag.
2264 4184 2427 4255 228).
2459 4193 2517 4239 ut
2551 4185 2606 4239 in
2639 4199 2702 4240 ea
2738 4184 2875 4240 nihil
2903 4185 3184 4241 diversum
3209 4225 3224 4251 ,
3256 4186 3402 4256 quod
3435 4187 3503 4241 ad
3534 4197 3702 4242 natu-

2117 4292 2234 4330 ram
2263 4278 2494 4340 attinet,
2532 4286 2832 4348 agnoscat;
2878 4278 2974 4333 sed
3006 4277 3059 4331 in
3092 4278 3211 4349 ipsa
3259 4280 3513 4333 admittat
3547 4280 3700 4337 dun-

2116 4378 2271 4425 taxat
2294 4372 2659 4442 prOprietates
2691 4372 2981 4442 quasdam,
3013 4387 3152 4442 quas
3185 4374 3260 4426 ait
3287 4389 3537 4429 seorsum
3572 4375 3701 4429 uui-

2117 4464 2317 4532 cuique
2352 4478 2603 4534 personae
2622 4466 2939 4521 convenire.
2962 4463 3072 4520 Sed
3093 4464 3405 4520 audiendus
3431 4474 3516 4521 est
3554 4466 3700 4535 ipse.

2117 4554 2268 4612 Illius
2303 4555 2470 4625 igitur
2515 4555 2633 4610 haec
2671 4567 2838 4611 sunt:
2883 4557 3145 4611 Ἑκάστου
3178 4557 3442 4628 ὀνόματος
3471 4559 3571 4628 τὴν
3601 4560 3700 4613 τοῦ

2116 4648 2519 4720 ὀνομαζομένου
2566 4649 2802 4722 ἰδιότητα
2833 4651 3018 4721 σαφῶς
3062 4653 3193 4722 ἡμῖν
3245 4650 3700 4722 διευκρινοῦντος,

2118 4746 2369 4817 καὶπερὶ
2409 4746 2641 4801 ἑκάστου
2683 4747 2793 4799 τῶν
2830 4747 3246 4818 ὀνομαζομένων
3292 4746 3511 4811 πάντως
3536 4747 3705 4801 τινῶν

2117 4838 2411 4910 ὲξαιρέτων
2465 4838 2771 4910 ἰδιωμάτων
2824 4838 3065 4901 εὐσεϐῶς
3124 4837 3547 4910 θεωρουμένωνσ
3605 4838 3703 4891 τοῦ

2122 4932 2220 5002 μὲν
2265 4931 2481 5003 Πατρδς
2533 4932 2591 4983 ὲν
2642 4929 2719 5001 τῷ
2776 4930 3029 5002 ἰδιώματι
3070 4929 3165 4983 τοῦ
3214 4930 3454 5002 πατρὸς,
3503 4928 3596 4982 τοῦ
3643 4929 3705 4981 δὲ

2118 5023 2250 5078 Υίοῦ
2294 5025 2352 5078 ὲν
2396 5024 2475 5095 τῷ
2517 5024 2765 5095 ἰδιώματι
2805 5023 2901 5076 τοῦ
2930 5023 3072 5087 υἱοῦ,
3104 5021 3198 5075 τοῦ
3235 5022 3292 5075 δὲ
3332 5022 3487 5091 ἁγίου
3527 5022 3704 5075 Πνεύ-

2123 5133 2292 5187 ματος
2332 5119 2390 5170 ὲν
2418 5115 2498 5188 τῷ
2537 5117 2725 5186 οἰκείῳ
2767 5115 3039 5186 ἰδιώματι.
3069 5112 3278 5169 Nomen
3309 5127 3488 5168 autem
3529 5114 3704 5184 quotl-

2123 5208 2245 5263 libet
2303 5209 2591 5279 quamdam
2636 5208 2787 5263 illius
2835 5210 2926 5278 qui
2978 5207 3285 5262 nominatur
3328 5206 3704 5284 proprietatem

2124 5300 2274 5355 nobis
2298 5300 2576 5371 manifeste
2603 5301 2834 5369 explicat
2858 5316 2878 5364 ;
2914 5309 3067 5370 atque
3108 5301 3164 5353 in
3196 5314 3505 5369 unoquoque
3529 5299 3706 5351 nanti-

2122 5403 2389 5457 natorum,
2411 5394 2623 5448 omnino
2652 5395 2734 5461 pie
2762 5393 3051 5462 peculiares
3083 5391 3326 5462 qutcdam
3354 5390 3703 5459 proprietates

2123 5485 2556 5550 considerantur,
2593 5485 2755 5539 Pater
2802 5483 3012 5553 quidem
3055 5484 3110 5537 in
3143 5483 3461 5550 proprietate
3506 5479 3703 5550 patris,

2126 5577 2174 5633 F
2178 5580 2301 5635 ilius
2347 5597 2465 5635 vero
2512 5581 2566 5634 in
2598 5580 2919 5650 praprietntc
2964 5577 3088 5647 ﬁlii,
3119 5584 3338 5630 sanctus
3376 5582 3550 5628 autem
3583 5571 3706 5640 Spi-
