3972 6202
297 317 358 371 Ti
1681 327 1875 384 PREF

1981 328 2061 385 ιο.
3492 332 3573 389 ἐνδ

298 433 430 487 ritus
467 433 519 485 in
564 414 872 505 ενα-ἱρεῖαι
916 440 1260 509 proprietate.
1298 439 1503 496 Viderit
1545 458 1678 515 ergo
1723 445 1875 500 Com-

1988 422 2179 520 Γραφῇ
2210 448 2465 513 διασώζει
2487 469 2500 480 ·
2536 451 2637 504 ὅσα
2672 451 2727 505 δὲ
2762 452 2896 525 πρὸς
2931 452 3007 524 τῷ
3057 452 3192 525 ξένῳ
3235 454 3334 526 τῆς
3368 454 3570 525 λέξεως

300 524 538 587 belisius,
564 529 849 595 quomodo
885 530 1013 585 fidei
1048 532 1344 602 professio,
1371 550 1492 605 qua:
1525 535 1582 589 in
1614 534 1883 591 Trinitate

299 631 409 670 non
448 624 730 683 naturam,
777 621 874 677 sed
909 624 1182 692 quasdam
1216 627 1599 683 tantummodo
1633 630 1883 700 proprie-

301 717 441 765 tates
512 711 842 782 distinguit,
894 716 1068 771 tribui
1115 718 1289 787 possit
1324 718 1634 785 Eustathio,
1671 722 1764 792 qui
1813 723 1882 777 ad

293 810 618 857 cancrorum
666 803 1192 863 Macedonianorum
1250 809 1611 867 imitationem
1670 824 1882 869 natura:

295 891 640 948 identitatem
671 896 730 949 in
759 895 1036 955 Trinitate
1056 911 1302 972 negaret.
1332 902 1468 958 Cum
1504 914 1686 961 autem
1717 907 1882 963 Com-

291 981 517 1040 beﬁsius
553 987 731 1041 semel
760 990 814 1042 in
849 991 1095 1046 animum
1121 993 1428 1049 induxisset
1460 1011 1649 1059 suum,
1689 1013 1877 1054 vocem

286 1074 575 1143 ὁμοούσιος
612 1083 670 1131 in
702 1078 808 1133 hoc
852 1079 929 1133 De
984 1081 1090 1150 ﬁde
1123 1082 1305 1137 libello
1350 1084 1541 1141 deesse
1587 1087 1763 1158 (tom.
1811 1088 1878 1156 ll,

287 1181 411 1238 pag.
456 1167 625 1240 19.9),
662 1170 780 1225 haec
824 1171 1037 1227 addidit
1066 1194 1079 1228 :
1113 1175 1220 1241 Qui
1242 1177 1341 1244 ipsi
1376 1177 1638 1250 [mitiores
1663 1182 1876 1255 Ariani]

287 1258 366 1309 sic
392 1274 459 1312 ea:
498 1262 647 1328 putis
680 1264 832 1331 puris
858 1263 1153 1335 Scriptura:
1182 1269 1346 1324 verbis
1389 1287 1516 1325 suas
1546 1272 1683 1327 alias
1713 1273 1880 1329 alias-

286 1364 387 1416 que
427 1351 792 1420 professiones
840 1356 1212 1428 adornabant,
1254 1359 1591 1434 Nica’nisque
1621 1362 1877 1420 Patribus

283 1441 573 1508 probatam
601 1462 799 1510 vocem,
834 1464 939 1517 qua
963 1451 1131 1505 omnis
1154 1468 1331 1506 eorum
1359 1455 1647 1525 ὁμωνυμία
1676 1458 1730 1511 in
1756 1458 1877 1512 Tri-

286 1534 474 1589 nitatis
504 1541 763 1609 mysterio
786 1540 1107 1607 elidebatur,
1130 1547 1462 1615 respuebant,
1485 1565 1644 1619 eoque
1669 1551 1876 1606 invento

285 1623 621 1710 simplicibus
667 1628 844 1699 fucum
878 1632 1188 1700 faciebant:
1228 1638 1344 1704 sed,
1377 1655 1502 1695 cum
1535 1651 1752 1698 constet
1774 1660 1875 1699 vo-

285 1731 407 1771 cem
454 1719 752 1790 ὀμοούσιος
783 1722 836 1777 in
890 1725 1011 1781 hac'
1044 1727 1173 1784 ﬁdei
1227 1729 1573 1800 professione
1618 1736 1871 1804 reperiri,

285 1815 465 1864 talum
501 1812 557 1866 id
588 1811 907 1871 Combeﬁsii
947 1831 1329 1891 argumentum
1365 1839 1465 1893 per
1500 1841 1560 1881 se
1594 1842 1754 1884 ruere
1796 1830 1877 1883 vi-

285 1898 440 1965 dent,
501 1903 727 1973 opinor,
773 1921 984 1965 omnes.
1043 1910 1286 1983 Denique
1334 1932 1459 1969 cum
1511 1916 1876 1978 Combelisius

288 1992 450 2060 paulo
475 2003 607 2063 post
664 1996 949 2055 incidisset
1008 2002 1065 2056 in
1111 2004 1215 2058 alia
1275 2006 1365 2061 illa
1423 2008 1669 2078 ejusdem
1705 2010 1874 2067 libelli

286 2086 451 2141 verba
487 2088 663 2158 (tom.
699 2092 747 2146 ll
772 2109 927 2150 novae
951 2095 1065 2160 ed.,
1118 2114 1239 2170 pag.
1267 2102 1439 2174 228):
1466 2106 1667 2177 Διόπερ
1692 2124 1875 2180 παρα-

285 2178 433 2231 καλῶ
464 2181 565 2233 καὶ
596 2181 812 2254 δέομαι,
844 2190 1229 2260 παυσαμένους
1254 2193 1353 2265 τῆς
1382 2197 1675 2267 περιέργου
1710 2178 1877 2271 ζητή-

286 2286 420 2334 σεως
448 2273 549 2325 καὶ
593 2275 882 2347 ἀπρεποῦς
916 2278 1268 2352 λογομαχίας,
1301 2285 1590 2356 ἀρκεῖσθαι
1626 2291 1739 2354 τοῖς
1770 2290 1875 2343 ὑπὸ

286 2363 385 2416 τῶν
417 2366 600 2433 ἁγίων
639 2371 734 2423 καὶ
764 2372 930 2426 αὐτοῦ
982 2375 1077 2428 τοῦ
1122 2377 1327 2449 Κυρίου
1350 2379 1657 2451 νίρημένοις
1679 2423 1693 2447 ,
1727 2381 1875 2449 Qua-

294 2468 495 2524 propter
523 2460 796 2516 adhortor
819 2481 908 2518 vos
933 2475 980 2519 et
1012 2484 1136 2536 rogo
1166 2478 1223 2521 ut
1249 2469 1414 2525 missa
1460 2472 1671 2526 curiosa
1701 2473 1847 2544 inqui
1858 2505 1877 2516 -

300 2548 491 2616 sitione,
525 2552 823 2625 relictaque
853 2557 1113 2612 indecenti
1140 2560 1408 2616 verborum
1429 2566 1778 2629 contentione,
1806 2567 1874 2622 iis

296 2654 401 2705 ante
426 2658 458 2693 α
491 2645 703 2723 sanctis
730 2656 782 2699 et
811 2646 878 2700 ab
909 2649 1021 2717 ipso
1049 2650 1273 2706 Domino
1303 2654 1447 2709 dicta
1474 2667 1618 2723 sunt,
1642 2664 1875 2713 contenti

291 2729 421 2794 sitis,
455 2731 533 2787 ita
563 2720 897 2805 persecutus
926 2751 1011 2795 est
1036 2760 1049 2795 :
1099 2742 1392 2813 Scriptores
1440 2748 1722 2803 canonicos
1752 2750 1874 2804 velit

286 2831 331 2871 et
362 2825 662 2891 apostolos,
717 2828 787 2881 ad
809 2846 939 2899 quos
977 2849 1108 2888 unos
1156 2848 1422 2904 provocat,
1458 2840 1590 2894 nihil
1631 2841 1767 2897 dans
1797 2845 1875 2900 vel

288 2910 562 2981 Ecclesiae,
605 2919 686 2972 vel
720 2919 970 2987 Patrum,
1018 2927 1109 2995 qui
1147 2929 1309 2982 secuti
1341 2940 1484 2994 sunt,
1542 2934 1872 2990 auctoritati.

286 3001 554 3073 Primum,
584 3025 712 3065 cum
755 3014 990 3085 scriptor
1012 3016 1130 3087 ipse
1155 3035 1285 3075 voce
1306 3021 1592 3091 ὁμοούσιος
1622 3040 1758 3081 usus
1782 3027 1872 3089 sit,

1986 536 2066 590 ἔτι
2116 538 2213 593 καὶ
2263 539 2354 592 τὸν
2401 538 2525 593 νοῦν
2574 538 2723 607 ξένον
2778 544 2908 614 ἡμῖν
2954 542 3258 612 ἐπεισάγει,
3283 545 3379 598 καὶ
3406 546 3443 600 ἃ
3472 547 3572 600 οὐκ

1984 628 2132 684 ἐστιν
2161 630 2265 683 ὑπὸ
2291 631 2399 684 τῶν
2434 631 2603 700 ἁγίων
2632 634 3017 706 κηρυσσόμενα
3051 635 3253 707 εὑρεῖν,
3279 635 3451 690 ταῦτα
3495 635 3572 700 ὡς

1984 719 2113 785 ξένα
2149 723 2243 775 καὶ
2270 722 2524 793 ἀλλότρια
2552 723 2653 794 τῆς
2681 723 2940 789 εὐσεϐοῦς
2984 726 3222 792 πίστεως
3251 728 3572 782 παντάπασι

1983 812 2437 884 παραιτούμενος.
2472 814 2615 869 Dum
2661 816 2825 886 igitur
2870 816 3123 873 adversus
3163 818 3387 875 luereses
3419 822 3569 876 vario

1984 910 2209 971 tempore
2233 913 2448 959 exortus
2481 906 2821 977 pugnandum
2857 918 3010 973 esset,
3038 910 3303 980 majorum
3326 915 3567 980 exempla

1981 1005 2213 1056 secutus.
2242 1012 2556 1066 consequens
2571 1014 2683 1053 esse
2712 1000 3030 1065 existimavi,
3055 1002 3238 1069 utejus
3258 1019 3375 1074 qua:
3400 1003 3566 1058 adia-

1982 1084 2100 1140 bolo
2117 1086 2312 1140 seritur
2325 1087 2610 1157 impietatis
2628 1090 2811 1144 habita
2826 1092 3053 1157 ratione,
3071 1109 3162 1148 eas
3178 1111 3295 1165 qua:
3310 1095 3567 1151 inducun—

1983 1187 2071 1230 tur
2117 1177 2469 1248 blasphemias
2509 1184 2774 1237 vocabulis
2813 1187 3096 1241 contrariis
3130 1187 3441 1254 cohiberem,
3468 1198 3562 1243 aut

1979 1268 2138 1321 etiam
2153 1279 2430 1324 everterem
2456 1287 2475 1325 :
2491 1282 2539 1325 et
2565 1272 2687 1328 aliis
2705 1282 2859 1343 atque
2873 1277 2994 1330 aliis
3017 1277 3182 1332 verbis
3203 1288 3359 1347 prout
3383 1294 3549 1350 (egro-

1981 1368 2068 1413 tan
2076 1361 2206 1414 tium
2224 1362 2431 1418 utilitas
2453 1363 2685 1435 cogebat,
2702 1374 2910 1432 uterer;
2934 1385 3051 1438 qua:
3065 1371 3273 1424 etiamsi
3287 1387 3423 1441 stepe
3439 1388 3542 1425 non

1978 1454 2334 1509 invenirentur
2355 1457 2574 1526 scripta,
2600 1468 2774 1514 tamen
2796 1477 2827 1513 a
2851 1462 2939 1530 pio
2959 1460 3252 1532 Scriptum
3274 1481 3429 1519 sensu
3455 1482 3560 1521 non

1980 1544 2330 1601 abhorrebant
2360 1564 2378 1602 :
2407 1550 2545 1619 quod
2586 1551 2869 1620 Apostolus
2898 1571 3099 1625 quoque
3127 1573 3229 1610 non
3262 1574 3387 1612 raro
3413 1556 3557 1628 fecit.

1976 1638 2069 1706 qui
2092 1636 2399 1694 Graecorum
2438 1643 2607 1696 verbis
2635 1656 2981 1714 congruenter
3014 1664 3111 1702 suo
3139 1651 3406 1718 proposito
3432 1669 3560 1707 con-

1978 1731 2335 1801 venienterque
2390 1735 2470 1787 uti
2518 1751 2621 1789 non
2668 1736 2953 1806 fastidivit.
3003 1736 3161 1794 Nunc
3202 1753 3379 1798 autem
3417 1761 3561 1799 com-

1979 1823 2126 1875 muni
2151 1840 2306 1892 scopo
2334 1834 2442 1878 tam
2470 1836 2650 1881 nostra
2675 1844 2835 1898 quam
2866 1840 3037 1885 vestro
3061 1835 3333 1889 convenire
3350 1838 3554 1905 putavi.

1978 1911 2025 1964 si
2048 1912 2103 1963 in
2129 1927 2276 1966 sana:
2304 1914 2428 1983 ﬁdei
2462 1916 2799 1986 simplicitate
2828 1937 3069 1991 sequerer
3098 1932 3282 1979 vestra:
3311 1926 3465 1982 istius
3502 1928 3558 1983 in

1978 2000 2189 2058 Christo
2215 2005 2514 2062 dilectionis
2554 2009 2866 2066 mandatum
2883 2052 2898 2078 ,
2926 2031 3090 2085 eaque
3112 2015 3359 2084 dicerem,
3382 2036 3498 2092 qua:
3522 2038 3559 2076 ο

1977 2110 2135 2148 sacra
2165 2093 2441 2165 Scriptura
2486 2104 2822 2171 accepissem,
2865 2106 2956 2160 sed
2987 2108 3086 2171 sic,
3122 2119 3181 2163 ut
3222 2126 3415 2178 parcus
3455 2112 3556 2167 sim

1977 2185 2030 2237 in
2061 2186 2167 2241 illis
2196 2190 2497 2245 nominibus
2521 2201 2571 2245 et
2602 2192 2769 2248 verbis
2796 2198 3141 2264 usurpandis,
3164 2217 3281 2271 qua:
3312 2203 3438 2269 ipsis
3466 2202 3557 2257 lit-

1979 2276 2103 2332 teris
2140 2287 2190 2332 et
2215 2280 2437 2350 syllabis
2470 2282 2525 2335 in
2551 2282 2729 2338 divina
2761 2285 3040 2355 Scriptura
3069 2308 3173 2345 non
3202 2296 3553 2362 reperiuntur,

1978 2371 2191 2425 tametsi
2241 2388 2356 2426 eam
2406 2390 2566 2444 quam
2639 2374 2917 2446 Scriptura
2965 2383 3181 2452 prtvfert
3241 2387 3557 2441 sententiam

1977 2471 2182 2517 servant
2212 2478 2232 2517 :
2260 2480 2377 2534 qua:
2405 2482 2524 2521 vero
2554 2476 2748 2537 prwter
2777 2470 3027 2527 dictionis
3058 2476 3341 2530 novitatem
3367 2495 3557 2535 novum

1976 2554 2140 2608 etiam
2186 2564 2235 2609 et
2269 2558 2600 2627 peregrinum
2638 2578 2848 2616 sensum
2880 2564 3029 2620 nobis
3050 2565 3311 2635 exhibent,
3341 2585 3557 2639 quicque

1979 2662 2084 2699 non
2113 2646 2451 2701 inveniuntur
2480 2661 2739 2720 usurpata
2772 2670 2805 2706 a
2839 2656 3059 2722 sanctis,
3090 2672 3152 2710 ea
3178 2659 3257 2710 uti
3279 2662 3556 2730 peregrina

1976 2749 2025 2794 et
2063 2757 2095 2793 a
2118 2740 2207 2809 pia
2239 2740 2344 2811 ﬁde
2372 2741 2550 2796 aliena
2589 2748 2806 2799 omnino
2833 2761 3059 2802 averser.
3094 2746 3327 2804 Basilius
3363 2749 3551 2821 igitur,

1976 2832 2133 2905 quasi
2168 2834 2510 2904 prrevidisset
2561 2851 2671 2891 non
2713 2835 3021 2902 defuturos,
3057 2840 3149 2911 qui
3191 2841 3400 2912 aliquot
3439 2858 3554 2899 suae

1977 2925 2337 2997 professionis
2369 2926 2535 2983 verba
2566 2927 2622 2983 in
2647 2928 2845 2984 malam
2885 2938 3092 3000 partem
3125 2931 3557 3003 interpretaren-

1977 3027 2087 3082 tur,
2121 3026 2231 3072 tam
2264 3019 2411 3074 clare
2456 3027 2678 3090 tamque
2712 3020 2953 3078 dilucide
3001 3033 3233 3080 mentem
3265 3041 3419 3081 suam
3451 3026 3557 3084 hoc

285 3102 639 3171 perSpicuum
670 3115 757 3160 est
775 3122 899 3162 cum
924 3125 1035 3163 non
1065 3112 1132 3165 ad
1162 3129 1299 3169 unos
1317 3115 1618 3185 scriptores
1643 3120 1870 3174 canoni-

1978 3112 2096 3166 loco
2130 3111 2366 3180 aperuit,
2395 3118 2456 3164 ut
2486 3112 2669 3166 omnia
2701 3114 2971 3168 malorum
2999 3115 3356 3182 interpretum
3386 3133 3555 3190 argu-

286 3204 732 3267 cosprovocare.
752 3198 1008 3270 Alioquin
1040 3205 1185 3259 enim
1217 3221 1403 3261 secum
1432 3208 1551 3278 ipse
1580 3219 1868 3280 pugnaret,

288 3300 405 3339 cum
422 3300 560 3341 voce
574 3289 864 3358 ὀμοούσιος
881 3301 1066 3347 utatur
1088 3313 1100 3348 :
1119 3311 1239 3363 qua:
1259 3312 1362 3351 vox
1389 3304 1570 3354 tamen
1598 3316 1871 3371 nusquam

288 3375 345 3429 in
365 3374 672 3446 Scripturis
693 3382 956 3439 occurrit.
978 3383 1202 3450 Deinde,
1221 3388 1368 3457 quod
1385 3389 1460 3442 ait
1484 3406 1578 3444 nos
1604 3400 1871 3447 contentos

286 3483 395 3522 esse
426 3468 616 3524 debere
641 3473 711 3526 iis
738 3490 855 3543 qua:
880 3492 913 3528 a
942 3479 1139 3532 sanctis
1165 3479 1307 3559 etab
1341 3482 1453 3551 ipso
1476 3481 1700 3537 Domino
1728 3485 1874 3538 dicta

287 3571 429 3625 sunt,
468 3562 526 3617 id
566 3564 644 3618 ita
676 3568 851 3637 accipi
884 3578 1118 3639 oportet,
1152 3585 1211 3628 ut
1240 3590 1348 3630 non
1377 3586 1578 3633 temere
1609 3579 1665 3634 in
1698 3580 1874 3651 expli-

290 3654 463 3708 canda
512 3655 621 3712 ﬁde
675 3660 976 3732 quidquam
1032 3665 1263 3721 addatur
1296 3668 1477 3725 verbis
1509 3677 1602 3724 aut
1632 3670 1872 3741 Domini,

290 3751 381 3798 aut
410 3748 751 3817 scriptorum
796 3757 1209 3809 cauonicorum.
1242 3755 1305 3811 Et
1338 3774 1405 3813 ne
1450 3761 1575 3829 quis
1604 3761 1744 3816 banc
1771 3777 1872 3818 ex-

292 3837 663 3905 planationem
729 3844 1009 3901 existimet
1085 3865 1194 3902 non
1257 3852 1544 3922 scriptoris
1589 3869 1733 3918 esse,
1777 3857 1873 3911 sed

293 3942 505 3991 meam,
570 3930 721 3988 illius
771 3936 936 3991 verba
982 3954 1272 4010 apponam.
1324 3941 1418 3999 Sic
1472 3945 1640 4016 igitur
1694 3947 1874 4018 loqui-

292 4026 381 4074 tur
410 4022 598 4091 (ibid.,
630 4040 682 4095 p.
715 4025 841 4098 224)
874 4047 890 4084 :
923 4030 1066 4094 Ἕως
1096 4032 1195 4103 μὲν
1225 4030 1319 4089 οὖν
1343 4036 1707 4105 ἀγωνίζεσθαι
1737 4040 1874 4111 πρὸς

290 4113 386 4177 τὰς
409 4118 852 4189 ὲπανισταμένας
878 4124 1020 4177 κατὰ
1052 4125 1242 4196 καιρὸν
1263 4127 1505 4200 αἱρέσεις
1537 4128 1726 4201 ἐχρῆν,
1749 4131 1876 4183 ἑπό-

294 4222 454 4274 μενος
481 4211 600 4272 τοῖς
630 4211 1035 4284 προειληφόσιν,
1065 4217 1355 4272 ἀκόλουθον
1391 4218 1642 4291 ἡγούμην
1666 4224 1734 4293 τῇ
1762 4221 1878 4275 δια-

293 4300 432 4369 φορᾷ
452 4298 554 4369 τῆς
584 4300 1042 4377 ἐπισπειρομένης
1066 4309 1170 4363 ὑπὸ
1204 4310 1293 4363 τοῦ
1320 4311 1565 4366 διαϐόλου
1597 4313 1873 4379 ἀσεϐείας,

291 4392 412 4453 ταῖς
461 4391 764 4459 ἀντιθέτοις
814 4402 1018 4465 φωναῖς
1064 4401 1314 4467 κωλύειν,
1342 4404 1375 4475 ἢ
1408 4405 1503 4458 καὶ
1542 4406 1872 4477 ἀνατρέπειν

293 4482 389 4545 τὰς
416 4483 768 4555 ἐπαγομένας
800 4487 1164 4563 βλασφημίας,
1199 4496 1293 4548 καὶ
1338 4495 1525 4549 ἄλλοτε
1555 4496 1764 4563 ἄλλαις,
1797 4500 1874 4563 ὡς

296 4571 359 4624 ἂν
393 4574 424 4644 ἡ
460 4577 619 4647 χρεία
644 4577 750 4631 τῶν
781 4582 1077 4637 νοσούντων
1105 4587 1509 4658 κατηνάγκασε.
1533 4590 1627 4644 καὶ⁵
1650 4592 1875 4658 ταύταις

299 4666 555 4732 πολλάκις
597 4671 867 4742 ἀγράφοις
909 4674 1029 4744 μὲν,
1070 4678 1218 4748 ὅμως
1248 4680 1292 4732 δ’
1319 4677 1412 4735 οὖν
1459 4683 1560 4737 οὐκ
1602 4684 1874 4752 ἁπεξενω-

300 4758 484 4825 μέναις
514 4761 615 4830 τῆς
645 4763 789 4816 κατὰ
818 4762 915 4835 τὴν
942 4766 1163 4838 Γραφὴν
1192 4769 1449 4835 εὐσεϐοῦς
1489 4771 1746 4837 διανοίας
1778 4777 1873 4830 τοῦ

308 4849 630 4905 Ἀποστὸλευ
665 4853 925 4921 πολλάκις
948 4859 1043 4911 καὶ
1067 4858 1398 4931 Ἑλληνικοῖς
1430 4865 1639 4935 ῥήμασι
1665 4867 1874 4937 χρήσα-

298 4940 415 4994 σθαι
454 4943 533 5015 μὴ
567 4949 1058 5019 παραιτησαμένου
1089 4953 1223 5023 πρὸς
1249 4954 1339 5006 τὸν
1362 4954 1492 5010 ἴδιον
1517 4958 1738 5013 σκοπόν.
1762 4959 1876 5013 Νῦν

293 5032 347 5084 δὲ
378 5035 513 5105 πρὸς
541 5036 635 5090 τὸν
667 5040 847 5093 κοινὸν
875 5039 1035 5111 ἡμῶν
1059 5060 1118 5095 τε
1154 5045 1241 5097 καὶ
1278 5045 1432 5116 ὑμῶν
1465 5049 1667 5102 σκοπὸν
1697 5050 1874 5123 ἁρμό·

296 5124 380 5188 ζον
424 5127 788 5200 ἐλογισάμην,
841 5134 899 5186 ἐν
937 5134 1202 5203 ἁπλότητι
1253 5137 1351 5208 τῆς
1404 5139 1751 5210 ὑγιαινούσης
1787 5142 1875 5195 πί-

297 5233 478 5282 στεως,
513 5220 577 5273 τὸ
607 5223 897 5295 ἐπίταγμα
937 5227 1036 5297 τῆς
1076 5229 1344 5300 ὑμετέρας
1382 5232 1440 5285 ἐν
1485 5233 1708 5304 Χριστῷ
1741 5235 1876 5303 ἁγά-

296 5325 395 5379 πης
422 5312 735 5383 πληρῶσαι,
766 5315 939 5370 εἰπὼν
964 5316 1000 5369 ἆ
1024 5317 1301 5391 ἐδιδάχθην
1328 5322 1477 5392 παρὰ
1506 5325 1603 5393 τῆς
1624 5325 1877 5378 θεοπνεύ-

297 5415 414 5454 στου
462 5402 717 5474 Γραφῇ·
786 5406 1102 5477 φειδόμενος
1162 5410 1259 5479 μὲν
1308 5413 1404 5465 καὶ
1448 5411 1555 5467 τῶν
1597 5413 1876 5483 ὀνομάτων

294 5493 531 5560 ἐκείνων,
556 5498 591 5549 ἃ.
619 5496 802 5563 λέξεσι
837 5498 937 5568 μὲν
970 5498 1161 5562 αὐταῖς
1197 5502 1296 5553 οὐκ
1323 5502 1621 5574 ἐμφέρεται
1658 5505 1725 5575 τῇ
1757 5502 1876 5576 θείᾳ

296 5580 503 5656 Γραφῇ,
530 5586 776 5642 διάνοιάν
806 5605 871 5657 γε
921 5588 1026 5659 μὴν
1063 5590 1165 5667 τὴν,
1189 5592 1403 5670 εκείνην
1436 5594 1760 5665 ὲγκειμένην
1805 5598 1871 5666 τῇ

363 5735 436 5806 (a)
474 5736 564 5793 l’ie
587 5739 654 5794 de
685 5739 745 5795 S.
774 5738 985 5805 'Basile,
1023 5756 1076 5811 p.
1117 5741 1239 5798 655.

1974 3208 2160 3257 menta
2220 3204 2631 3272 praeoccuparit.
2685 3205 2775 3258 Ait
2801 3207 2971 3270 enim,
3004 3222 3087 3271 se,
3117 3223 3241 3261 cum
3280 3218 3554 3279 κει-σιδη-

1974 3293 2109 3347 tium
2138 3294 2346 3350 utilitas
2374 3300 2614 3365 cogeret,
2656 3296 2779 3350 aliis
2828 3304 2993 3368 atque
3026 3299 3151 3353 aliis
3175 3301 3357 3356 verbis
3393 3317 3554 3358 usum

1973 3400 2115 3452 esse,
2149 3401 2260 3440 non
2293 3393 2477 3442 tamen
2515 3387 2995 3444 indiscriminatlm
3028 3391 3308 3456 omnibus,
3340 3392 3436 3450 sed
3484 3394 3555 3449 iis

1973 3477 2258 3545 duntaxat,
2288 3479 2659 3550 qum,etiamsi
2694 3496 2837 3550 saepe
2860 3497 2968 3536 non
2998 3482 3373 3540 invenirentur
3415 3487 3556 3543 scri-

1974 3578 2086 3639 pta,
2120 3580 2301 3626 tamen
2336 3587 2367 3626 a
2396 3571 2487 3642 pio
2518 3569 2813 3641 Scriptura:
2844 3588 3009 3630 sensu
3031 3590 3142 3630 non
3173 3578 3552 3633 abhorrerent.

1977 3662 2225 3734 Scriptor
2278 3664 2444 3735 igitur
2490 3680 2599 3718 non
2646 3664 2693 3720 is
2745 3676 2883 3731 erat,
2915 3668 3032 3738 qui,
3062 3677 3119 3723 ut
3156 3667 3293 3724 falso
3346 3671 3556 3739 putavit

1974 3750 2361 3822 Combelisius,
2395 3771 2528 3812 suas
2570 3756 2691 3811 ﬁdei
2723 3756 3095 3828 professiones
3127 3776 3192 3816 ex
3225 3762 3380 3833 puris
3408 3765 3557 3834 putis

1978 3845 2275 3918 Scriptura:
2297 3848 2480 3903 verbis
2526 3849 2801 3903 mitiorum
2834 3847 3163 3905 Arianorum
3187 3853 3437 3923 exmnplo
3461 3853 3558 3907 ad-

1956 3952 2175 3995 .ornare
2226 3940 2410 4004 vellet,
2446 3955 2570 3995 cum
2621 3939 2738 4010 ipse
2782 3941 3108 4010 quibusdam
3160 3943 3380 4009 verbis,
3434 3961 3558 4016 qua:

1978 4050 2120 4105 saepe
2163 4038 2217 4090 in
2250 4035 2535 4104 Scriptura
2555 4036 3121 4099 noninveniebantur,
3148 4039 3442 4108 aliquando
3474 4040 3553 4095 uti

1978 4142 2086 4179 non
2133 4125 2484 4182 dubitaverit.
2511 4126 2741 4183 Constat
2773 4144 2990 4199 quoque
3031 4145 3099 4183 ex
3130 4129 3200 4185 iis
3231 4145 3351 4200 qua:
3388 4130 3553 4186 modo

1978 4217 2141 4271 retuli
2204 4217 2410 4285 verbis,
2467 4228 2747 4275 auctorem
2823 4236 2933 4274 non
2993 4220 3218 4275 omnino
3279 4222 3557 4292 respuisse

1981 4309 2142 4362 verba
2170 4309 2282 4373 illa,
2310 4325 2430 4379 qua:
2460 4311 2512 4365 in
2550 4310 2851 4382 Scripturis
2886 4327 2992 4366 non
3020 4312 3347 4382 legerentur,
3381 4315 3474 4370 sed
3501 4316 3557 4370 in

1984 4400 2067 4455 his
2100 4399 2425 4456 adhibendis
2454 4419 2676 4472 parcum
2727 4403 2930 4465 fuisse;
2966 4419 3034 4460 ex
3087 4420 3197 4476 quo
3243 4405 3319 4473 fit,
3350 4415 3410 4461 ut
3447 4424 3558 4464 non

1980 4492 2047 4546 ad
2082 4507 2218 4548 unos
2249 4493 2544 4562 scriptores
2580 4497 2901 4557 canonicos,
2925 4496 3002 4551 uti
3030 4496 3169 4553 falso
3197 4499 3302 4579 sibi
3326 4499 3559 4556 Combe-

1982 4584 2135 4638 tisius
2178 4594 2548 4653 persuaserat,
2606 4587 2936 4657 provocarit.
2986 4585 3100 4642 Nec
3153 4590 3362 4654 verius,
3410 4592 3557 4661 quod

1979 4677 2342 4734 (Iombelisius
2389 4679 2547 4744 dixit,
2585 4681 2906 4748 scriptorem
2955 4679 3089 4734 nihil
3120 4680 3340 4737 dedisse
3371 4691 3558 4737 aucto-

1979 4770 2345 4840 ritati,neque
2375 4771 2647 4835 Ecclesiae,
2672 4786 2851 4841 neque
2877 4788 3066 4827 eorum
3096 4772 3190 4843 qui
3218 4774 3393 4830 secuti
3426 4784 3559 4831 sunt

1979 4859 2222 4916 Patrum.
2274 4861 2378 4928 Qui
2411 4863 2555 4916 enim
2589 4878 2653 4918 ea
2704 4865 2819 4918 sola
2861 4866 3048 4929 verba,
3081 4880 3202 4934 qua:
3250 4873 3446 4936 praeter
3474 4867 3561 4922 di-

1978 4952 2179 5006 ctionis
2210 4958 2506 5008 novitatem
2554 4970 2752 5009 novum
2777 4957 2940 5011 etiam
2977 4964 3032 5011 et
3060 4957 3405 5027 peregrinum
3431 4975 3559 5016 sen-

1978 5059 2099 5098 sum
2130 5043 2449 5110 praeferunt.
2482 5044 2756 5115 repudiat,
2786 5047 2833 5102 is
2885 5054 3034 5101 certe
3078 5055 3133 5102 ct
3183 5047 3444 5105 Ecclesiae
3502 5061 3558 5105 et

1978 5132 2200 5188 Patrum
2249 5135 2628 5191 auctoritatem
2684 5140 2837 5207 sequi
2889 5145 3114 5207 paratus
3159 5146 3262 5195 est.
3294 5140 3476 5196 Unum
3508 5142 3556 5197 si

1979 5223 2260 5303 addidero,
2291 5225 2358 5279 ad
2390 5234 2586 5281 cmtera
2613 5243 2853 5298 pergam.
2882 5226 3104 5282 Dubitat
3136 5230 3218 5284 vir
3240 5231 3555 5288 eruditissi-

1979 5330 2102 5370 mus
2135 5314 2515 5374 Tillemoutius
2538 5318 2637 5390 (a),
2670 5326 2854 5373 utrum
2893 5334 2977 5388 ea,
3002 5321 3070 5376 de
3099 5338 3205 5392 qua
3238 5330 3556 5378 controver-

1978 5408 2057 5463 sia
2106 5416 2211 5470 est,
2265 5408 2386 5463 ﬁdei
2444 5410 2737 5480 professio,
2781 5411 2897 5481 ipsa
2946 5413 3039 5482 sit,
3088 5428 3250 5483 quam
3319 5414 3554 5471 Basilius

1976 5498 2276 5573 scripserit,
2318 5515 2384 5553 an
2449 5502 2575 5566 alia,
2629 5517 2750 5572 qua:
2792 5503 2845 5556 in
2890 5503 3010 5573 ejus
3047 5504 3222 5559 locum
3259 5505 3553 5561 substituta

1978 5593 2068 5647 sit.
2096 5592 2276 5650 Causa
2320 5602 2522 5661 autem,
2551 5612 2650 5651 cur
2682 5598 2755 5652 ita
2788 5597 3141 5663 dubitaverit,
3175 5614 3285 5653 non
3314 5598 3417 5656 alia
3442 5605 3550 5665 est,
