3972 6202
383 315 450 371 7o
1759 311 2154 369 PilaEFATlO.
3595 328 3670 382 εο

379 431 487 486 nisi
505 430 649 500 quod
673 431 788 485 haec
811 431 934 486 ﬁdei
961 433 1257 502 professio,
1285 435 1468 504 potius
1493 433 1768 503 peculiare
1797 431 1957 500 quod-

2072 430 2344 500 σποράδην
2409 433 2833 504 ἀπηγορευμένα
2892 437 2924 504 ἢ
2995 436 3402 507 ἐγκεκριμένα,
3446 439 3661 501 ταῦτα.

377 521 502 573 dam
558 535 719 590 opus,
767 536 931 591 quam
977 523 1211 591 alicujus
1262 526 1446 593 operis
1486 523 1844 600 continuatio
1891 536 1956 575 ac

378 613 550 668 series
587 628 708 668 esse
729 613 997 669 videatur.
1034 613 1230 669 Fateor
1255 631 1355 686 ego
1391 616 1532 669 hanc
1582 611 1732 668 Fidei
1758 613 1967 683 profes-

376 706 577 758 sionem
606 706 884 775 peculiare
916 721 1055 776 opus
1085 722 1235 761 esse:
1256 707 1350 760 sed
1386 722 1524 776 nego
1552 706 1678 760 inde
1708 705 1964 759 concludi

377 812 538 864 posse
579 812 698 850 eam
737 797 805 851 ad
860 798 1113 853 Ascetica
1147 815 1255 854 non
1287 801 1578 869 pertinere.
1623 795 1758 851 Nam
1800 799 1968 853 Asce-

379 890 611 942 ticorum
661 899 844 959 partes
877 892 1174 960 peculiaria
1210 907 1333 948 esse
1366 906 1552 961 opera,
1585 905 1707 961 qua:
1731 889 1968 945 diversis

377 983 720 1050 temporibus
760 983 967 1052 scripta
1000 984 1131 1044 sint,
1153 985 1451 1047 obscurum
1489 999 1596 1038 non
1627 992 1730 1040 est.
1753 983 1965 1038 Etenim

377 1088 500 1126 cum
532 1073 586 1127 in
617 1073 723 1128 ﬁne
752 1075 919 1128 libelli
943 1074 1020 1130 De
1055 1075 1259 1145 judicio
1288 1075 1384 1130 Dei
1414 1077 1693 1131 retulisset
1716 1075 1967 1146 quaedam

375 1166 626 1235 Apostoli
672 1167 859 1232 verba,
905 1168 987 1223 sic
1029 1168 1252 1239 scripsit
1288 1189 1300 1224 ε
1333 1169 1651 1223 Ἀκόλουθον
1685 1168 1822 1240 ὁμοῦ
1873 1169 1968 1222 καὶ

375 1260 672 1327 ἀναγκαῖον
749 1259 1082 1331 ἐλογισάμην
1109 1302 1123 1324 ,
1193 1260 1292 1332 τὴν
1350 1261 1700 1330 ὑγιαίνουσαν
1783 1259 1967 1314 πίστιν

375 1351 470 1404 καὶ
528 1351 725 1422 εὐσεϐῆ
765 1352 921 1420 δόξαν
969 1335 1096 1425 napi
1139 1371 1198 1405 τε.
1262 1355 1477 1426 Πατρδς
1529 1355 1626 1407 καὶ
1677 1352 1804 1407 Υἱοῦ
1871 1353 1965 1406 καὶ

373 1444 531 1511 ἁγίου
579 1444 894 1516 Πνεύματος
942 1446 1280 1518 παραθέσθαι
1323 1448 1609 1519 πρότερον,
1663 1447 1758 1501 xui.
1785 1447 1958 1510 οὕτως

376 1535 704 1604 ἐπισυνάψαι
742 1537 810 1590 τὰ
843 1537 1030 1607 ἠθικά.
1059 1537 1390 1610 Consequens
1446 1540 1609 1594 simul
1636 1550 1686 1593 et
1726 1555 1965 1594 necessa-

375 1631 513 1681 rium
547 1629 867 1693 existimavi,
901 1639 958 1684 ut
991 1647 1180 1684 sanam
1207 1630 1365 1700 ﬁdem
1397 1648 1458 1684 ac
1479 1632 1622 1699 piam
1642 1633 1705 1684 de
1731 1630 1893 1684 Patre
1915 1643 1964 1684 et

378 1718 522 1774 Filio
551 1731 599 1776 et
637 1721 843 1791 Spiritu
881 1732 1064 1777 sancto
1095 1724 1411 1777 sententiam
1443 1724 1591 1790 prius
1629 1739 1956 1793 exponerem,

373 1823 423 1865 et
455 1814 531 1867 ita
559 1815 768 1868 demum
813 1815 1043 1869 moralia
1076 1825 1382 1870 attexerem.
1417 1813 1483 1868 Et
1513 1814 1736 1885 quidem
1771 1831 1838 1870 ex
1878 1813 1962 1870 his

373 1906 557 1962 verbis
588 1907 823 1976 perspici
863 1917 1062 1978 potest,
1100 1909 1344 1963 libellum
1379 1907 1457 1962 De
1480 1907 1587 1976 ﬁde
1618 1893 1807 1963 eodem
1839 1908 1964 1977 jure

374 1998 483 2052 dici
516 2015 675 2069 posse
711 2016 850 2070 Oplls
881 2001 1175 2070 peculiare,
1197 2015 1307 2070 quo
1336 1999 1586 2064 Moralia,
1613 2017 1735 2070 quae
1763 2009 1816 2055 et
1845 2002 1962 2071 ipsa

374 2092 679 2146 attexuisse
707 2109 766 2148 se
785 2093 920 2148 dicit
939 2087 1194 2149 Basilius.
1219 2093 1357 2148 Cum
1384 2092 1551 2164 igitur
1569 2091 1794 2148 Moralia
1821 2109 1962 2164 opus

374 2185 654 2252 peculiare
685 2199 809 2240 esse
845 2185 915 2238 ab
941 2184 1200 2240 omnibus
1231 2182 1510 2245 dicantur,
1538 2197 1648 2236 non
1677 2181 1837 2238 video
1862 2198 1964 2238 cur

375 2277 464 2329 hic
495 2275 570 2329 De
607 2275 712 2344 ﬁde
738 2275 956 2331 libellus
981 2291 1080 2348 pro
1118 2289 1284 2346 opere
1321 2274 1586 2344 peculiari
1619 2275 1807 2330 haberi
1849 2291 1959 2329 non

373 2368 566 2436 possit.
598 2367 673 2422 Ex
699 2369 1002 2440 eodemque
1037 2369 1130 2422 illo
1162 2369 1282 2424 loco
1314 2375 1482 2440 patet,
1510 2367 1795 2432 Basilium,
1832 2383 1958 2422 cum

379 2461 498 2516 haec
519 2461 807 2526 scriberet,
833 2461 1076 2518 nondum
1100 2459 1332 2532 Regulas
1349 2460 1748 2532 composuisse,
1773 2467 1961 2531 utpote

373 2569 605 2623 quarum
632 2555 960 2610 mentionem
979 2571 1086 2608 non
1116 2554 1298 2608 faciat.
1316 2553 1516 2621 Quare,
1543 2565 1602 2610 ut
1625 2555 1760 2626 dixj,
1792 2554 1962 2608 Asce-

373 2647 609 2701 tiéorum
637 2655 822 2716 partes
851 2647 1147 2716 peculiaria
1175 2655 1302 2702 sunt
1330 2662 1519 2718 opera,
1543 2662 1654 2700 non
1689 2661 1800 2701 uno
1821 2653 1960 2699 tem-

373 2754 506 2808 pore
540 2740 874 2807 conscripta,
900 2739 994 2793 sed
1021 2754 1256 2809 quorum
1286 2740 1431 2793 aliud
1456 2747 1576 2808 post
1604 2737 1776 2801 aliud,
1797 2746 1960 2807 prout

373 2832 594 2886 occasio
629 2848 689 2886 se
732 2831 922 2894 dabat,
957 2832 1270 2886 confectura
1299 2833 1390 2887 sit.
1433 2831 1516 2885 Ad
1553 2832 1666 2885 haec
1698 2845 1823 2884 cum
1858 2830 1960 2884 ho-

374 2924 572 2994 dieque
601 2923 716 2976 lizei:
752 2921 904 2975 Fidei
938 2922 1198 2991 professio
1234 2930 1288 2977 et
1325 2923 1380 2976 in
1405 2921 1605 2976 Veneta
1639 2920 1878 2976 editione
1907 2927 1961 2975 et

375 3017 430 3070 in
484 3015 759 3070 veteribus
813 3015 968 3070 libris
1012 3016 1205 3070 eodem
1249 3015 1442 3069 ordine
1493 3016 1822 3085 reperiatur,
1851 3027 1960 3083 quo

373 3121 492 3158 eam
533 3106 740 3161 viderat
783 3105 1036 3172 Photius,
1068 3121 1176 3161 non
1209 3105 1427 3161 videtur
1459 3120 1626 3161 causa
1659 3105 1767 3159 ulla
1806 3121 1949 3170 esse,

373 3214 474 3251 cur
522 3199 641 3268 ipsa
686 3199 830 3254 inter
872 3199 1120 3254 Ascetica
1165 3199 1506 3253 numeranda
1556 3214 1662 3252 non
1695 3199 1786 3255 sit.
1820 3198 1960 3254 Cum

371 3291 520 3343 enim
561 3307 627 3344 ex
665 3290 751 3346 his
790 3290 1070 3348 veteribus
1101 3291 1278 3352 libris,
1316 3291 1371 3345 in
1423 3290 1626 3360 quibus
1659 3291 1957 3356 invenitur,

375 3384 623 3437 nonnulli
658 3385 790 3449 sint,
825 3384 920 3454 qui
968 3385 1014 3438 si
1070 3384 1398 3454 antiquitate
1427 3401 1538 3438 non
1568 3385 1795 3438 omnino
1825 3393 1962 3439 aeta-

377 3483 490 3528 tem
529 3474 709 3528 Photii
761 3477 1054 3545 attingant,
1089 3483 1145 3528 at
1179 3475 1246 3528 ad
1282 3491 1403 3530 eam
1456 3483 1638 3530 tamen
1699 3475 1962 3530 accedant

375 3568 644 3638 proxime,
667 3568 910 3622 dubitari
941 3569 1137 3624 merito
1164 3583 1274 3622 non
1309 3575 1511 3638 potest,
1532 3568 1664 3638 quin
1689 3566 1962 3636 ejusmodi

377 3659 531 3713 Fidei
573 3659 831 3730 professio
864 3660 953 3712 illa
985 3660 1104 3731 ipsa
1152 3662 1244 3722 sit,
1269 3675 1432 3730 quam
1464 3659 1692 3713 Photius
1721 3668 1776 3712 et
1801 3659 1959 3724 vidit,

374 3759 427 3804 ct
456 3752 597 3805 inter
630 3752 882 3806 Ascetica
915 3753 1189 3808 recensuit
1225 3772 1239 3806 :
1269 3753 1412 3821 quod
1439 3762 1622 3806 autem
1654 3751 1724 3806 ab
1751 3752 1960 3820 optimo

374 3844 567 3896 harum
592 3859 774 3899 rerum
802 3844 990 3913 judice
1023 3845 1216 3899 Photio
1251 3847 1362 3915 pro}
1394 3844 1772 3900 Asceticorum
1805 3855 1961 3916 parte

374 3934 615 3988 habitum
667 3943 773 3998 est,
819 3935 871 3989 id
917 3935 1076 3990 hodie
1134 3937 1188 3989 in
1232 3936 1426 3990 alienis
1476 3937 1602 4006 poni
1638 3936 1796 3992 facile
1849 3953 1957 3991 non

371 4026 549 4081 debet.
583 4026 738 4092 Quod
786 4027 1036 4085 ultimum
1074 4036 1158 4082 est
1190 4028 1244 4082 in
1278 4029 1378 4082 hac
1423 4029 1745 4098 quaestione,
1774 4028 1956 4083 Mora—

373 4118 506 4174 lium
558 4122 879 4188 scriptorem
925 4127 1135 4190 Spectat
1173 4135 1186 4171 :
1225 4121 1320 4174 sed
1368 4129 1517 4175 certe
1563 4137 1740 4190 neque
1771 4122 1956 4175 multis

370 4210 573 4276 verbis,
619 4225 796 4279 neque
834 4226 1030 4281 magno
1091 4212 1279 4267 labore
1330 4227 1468 4283 opus
1527 4225 1631 4278 est,
1666 4221 1724 4267 ut
1763 4229 1955 4268 eorum

370 4317 533 4356 verus
577 4310 769 4356 auctor
814 4312 1195 4372 cognoscatur.
1227 4304 1330 4370 Qui
1365 4307 1512 4360 enim
1561 4307 1713 4360 novit
1761 4315 1954 4360 aucto-

372 4410 485 4448 rem
542 4394 848 4461 libellorum
889 4395 966 4450 De
1016 4397 1108 4460 iud
1135 4398 1214 4450 cio
1241 4397 1339 4452 Dei
1362 4413 1426 4452 ac
1473 4399 1552 4453 De
1601 4399 1726 4470 ﬁde,
1773 4400 1952 4455 Mora-

2082 521 2222 573 κατὰ
2258 521 2320 574 τὸ
2350 521 2574 576 δυνατὸν
2606 515 2760 595 ἡμίνέ
2797 526 2876 589 εἰς
2909 526 3068 597 ὅρους
3099 528 3490 596 κεφαλαιώδεις
3517 532 3660 603 πρὸς

2078 613 2138 664 τὸ
2163 611 2429 683 εὔληπτον
2459 618 2571 679 τοῖς
2611 616 2953 688 βουλομένοις
2987 622 3402 692 ἐσπουδάσαμεν
3430 641 3672 692 συναγα-

2077 707 2210 772 γεῖν,
2234 713 2338 760 etc.
2368 705 2500 761 Cum
2526 707 2590 761 de
2612 707 2693 762 his
2721 727 2838 784 qua:
2869 711 2938 763 ad
2965 728 3153 765 sanam
3194 713 3351 782 ﬁdem
3381 716 3667 782 pertinent,

2076 797 2209 849 satis
2263 812 2358 864 pro
2411 806 2640 866 tempore
2676 800 2731 853 in
2779 801 3141 868 superioribus
3193 820 3226 857 a
3266 804 3414 858 nobis
3461 805 3666 861 dictum

2077 886 2240 955 fuisse
2284 900 2546 958 putemus.
2572 893 2694 960 jam
2744 891 3002 958 Moralia,
3037 911 3156 964 φατε
3211 899 3572 964 promisimus,
3607 901 3667 952 in

2076 981 2283 1034 nomine
2314 982 2525 1036 Domini
2552 985 2723 1038 nostri
2754 983 2884 1038 Jesu
2915 985 3116 1040 Christi
3150 989 3357 1043 tradere
3392 1006 3662 1046 conemur.

2079 1074 2413 1144 Qua’cunque
2457 1076 2620 1145 igitur
2666 1075 2920 1130 hactenus
2945 1079 3171 1146 sparsim
3213 1079 3269 1132 in
3299 1079 3446 1135 Novo
3477 1079 3666 1135 Testa-

2075 1177 2246 1222 mento
2274 1178 2366 1221 aut
2393 1169 2672 1224 interdicta
2699 1180 2791 1224 aut
2817 1171 3111 1241 approbata
3135 1172 3446 1239 invenimus,
3471 1188 3532 1227 ea
3565 1189 3665 1243 pro

2074 1269 2255 1311 nostra
2286 1258 2426 1311 virili
2446 1271 2595 1327 parte
2617 1261 2672 1312 in
2697 1261 2907 1330 regulas
2929 1261 3192 1330 quasdam
3216 1261 3662 1330 compendiarias,

2072 1367 2172 1420 quo
2202 1350 2418 1420 facilius
2449 1369 2480 1406 a
2511 1354 2692 1422 quovis
2742 1355 3186 1424 intelligerentur,
3219 1356 3465 1420 colligere
3496 1374 3660 1411 cura-

2073 1443 2262 1506 vimus,
2293 1449 2400 1497 etc.

2075 1555 2210 1620 ΕΧΙ.
2232 1558 2367 1612 Pars
2393 1561 2656 1625 tertia,an
2677 1561 2915 1616 Basilius
2947 1573 3132 1616 auctor
3152 1564 3220 1618 sit
3259 1563 3488 1619 brevium
3523 1566 3661 1619 duo-

2143 1647 2260 1681 rum
2311 1639 2656 1695 tractatuum,
2691 1633 2780 1701 qui
2816 1642 2932 1700 post
2963 1632 3200 1688 Moralia
3231 1637 3578 1691 collocantur.

2142 1720 2231 1775 32.
2252 1720 2454 1777 Breves
2486 1722 2541 1776 hi
2578 1731 2870 1789 tractatus,
2892 1741 3122 1795 quorum
3150 1726 3292 1780 idem
3325 1735 3407 1782 est
3439 1729 3657 1794 titulus,

1995 1791 2037 1846 Β
2069 1811 2175 1865 Τοῦ
2198 1813 2362 1867 αὑτοῦ
2385 1813 2543 1884 λόγος
2565 1812 2880 1885 ὰσκητικός,
2908 1791 3159 1885 Ejusdem
3185 1833 3354 1870 sermo
3377 1791 3657 1888 asceticus,

2067 1903 2136 1958 ad
2187 1903 2439 1958 Ascetica
2497 1905 2648 1960 nullo
2705 1905 2868 1960 modo
2921 1911 3214 1976 pertinent.
3249 1907 3407 1974 Nam,
3450 1917 3511 1962 ut
3565 1918 3654 1964 est

2065 1997 2208 2066 apud
2243 1996 2613 2068 Pbotium(a),
2647 1999 2814 2054 libelli
2851 2000 2929 2054 De
2948 2001 3155 2070 judicio
3189 2001 3281 2056 Dei
3313 2017 3375 2056 ac
3411 2001 3489 2056 De
3523 2004 3652 2072 ﬁde,

2066 2087 2310 2153 Moralia,
2339 2088 2558 2160 Regula:
2584 2099 2692 2144 tam
2719 2093 2992 2162 longiores
3020 2107 3180 2162 quam
3205 2093 3484 2149 breviores
3523 2109 3656 2165 pro-

2065 2182 2182 2251 prie
2210 2182 2466 2237 Ascetica
2495 2184 2927 2240 constituebant.
2959 2183 3284 2255 Quanquam
3317 2194 3497 2240 autem
3540 2186 3654 2241 duo

2064 2273 2118 2326 lii
2171 2288 2455 2330 sermones.
2498 2275 2565 2330 ad
2615 2273 2931 2346 ἁσκητικόν,
2964 2276 3110 2346 quod
3158 2284 3406 2341 vocatur,
3455 2280 3650 2333 referri

2064 2380 2173 2420 non
2229 2365 2463 2435 possint,
2520 2382 2629 2421 non
2695 2376 2986 2437 propterea
3049 2377 3234 2422 tamen
3279 2385 3374 2424 eos
3429 2371 3653 2425 silentio

2063 2460 2480 2528 praetermittere
2534 2460 2684 2514 licet.
2719 2459 3010 2516 Videamus
3070 2461 3236 2533 igitur
3278 2463 3463 2520 Basilii
3511 2467 3647 2530 sint,

2063 2567 2255 2608 necne.
2287 2552 2450 2608 Certe
2479 2554 2524 2608 si
2565 2553 2838 2608 habeatur
2876 2555 3020 2610 ratio
3071 2565 3166 2609 aut
3199 2563 3443 2612 veterum
3476 2558 3650 2615 libro-

2063 2658 2208 2706 rmn,
2256 2649 2351 2696 aut
2398 2657 2706 2712 consensus
2739 2644 3022 2698 hominum
3071 2645 3412 2702 eruditorum
3437 2689 3452 2712 ,
3488 2665 3651 2705 nemo

2061 2733 2336 2787 dubitabit
2359 2733 2489 2800 quin
2524 2734 2605 2788 hic
2625 2734 2988 2789 oratiunculae
3009 2735 3075 2790 ad
3100 2736 3360 2793 Basilium
3390 2738 3647 2810 Magnum

2063 2825 2393 2894 pertineant.
2429 2823 2567 2878 Nam
2611 2834 2665 2880 et
2713 2827 2768 2880 in
2800 2827 3043 2898 antiquis
3073 2830 3330 2886 Omnibus
3360 2833 3517 2888 libris
3549 2850 3644 2886 no-

2064 2931 2187 2970 men
2233 2915 2418 2970 Basilii
2464 2917 2786 2986 prael'crunt,
2817 2926 2872 2974 et
2904 2919 2972 2973 ab
3003 2920 3234 2976 eruditis
3279 2923 3557 2986 omnibus,
3600 2923 3648 2980 si

2063 3007 2208 3062 forte
2266 3006 2548 3064 Scultetus
2601 3011 2928 3081 excipiatur,
2961 3028 3062 3083 pro
3113 3012 3223 3068 fetu
3266 3015 3512 3085 ejusdem
3555 3031 3650 3086 ga-

2063 3100 2236 3154 nuino
2290 3099 2584 3156 habentur.
2637 3101 2857 3158 Monere
2903 3113 3083 3157 tamen
3119 3105 3295 3173 juvat,
3343 3106 3484 3161 inter
3519 3121 3649 3162 eruo

2064 3192 2211 3248 ditos
2269 3192 2395 3249 illos
2451 3193 2725 3259 homines,
2763 3211 2904 3266 quos
2947 3196 3084 3261 dixi,
3115 3198 3400 3268 antiquum
3433 3201 3646 3253 nullum

2063 3286 2389 3354 scriptorem
2447 3285 2709 3349 inveniri,
2760 3287 2853 3356 qui
2906 3285 3016 3341 duo
3073 3289 3188 3340 th‘c
3233 3290 3500 3358 opuscula
3553 3299 3648 3344 aut

2063 3391 2305 3445 unquam
2363 3377 2686 3443 laudaverit,
2729 3387 2824 3432 aut
2871 3395 2938 3433 ex
2991 3381 3072 3434 eis
3109 3381 3406 3450 quidquam
3443 3398 3641 3437 excer—

2063 3465 2234 3534 pserit
2261 3483 2275 3520 :
2304 3467 2452 3536 quod
2493 3469 2701 3533 notavi,
2725 3483 2836 3522 non
2869 3480 2926 3524 ut
2948 3471 3220 3524 elevarem
3253 3475 3623 3527 recentiorum

2062 3558 2471 3626 auctoritatem,
2503 3561 2596 3616 sed
2623 3577 2691 3616 ne
2721 3562 2848 3632 quis
2884 3561 3024 3616 falso
3050 3564 3419 3619 arbitraretur
3449 3564 3549 3620 hos
3578 3565 3646 3618 de

2063 3649 2261 3719 quibus
2300 3653 2514 3722 agimus
2570 3654 2786 3711 libellos
2837 3657 2906 3710 ab
2940 3658 3218 3728 aliquibus
3247 3658 3412 3714 etiam
3442 3659 3646 3715 veteri-

2061 3744 2166 3799 bus
2219 3745 2424 3800 Basilio
2480 3749 2668 3802 tribui.
2730 3747 2929 3804 Mirum
2988 3759 3171 3805 autem
3217 3752 3422 3806 nemini
3470 3752 3647 3806 videri

2061 3836 2240 3902 debet,
2272 3838 2319 3891 si
2352 3837 2437 3894 his
2467 3842 2807 3910 temporibus
2833 3842 3138 3898 doctissimi
3171 3845 3374 3915 quique
3397 3844 3496 3900 has
3517 3860 3643 3898 ora.

2062 3929 2336 3983 tiunculas
2395 3930 2766 3998 adjudicarint
2818 3932 3040 3988 Basilio.
3102 3933 3268 4001 Nam,
3332 3945 3391 3988 ut
3445 3951 3638 3989 verum

2062 4018 2253 4084 fatear,
2301 4034 2427 4074 cum
2475 4022 2711 4091 primum
2756 4025 3034 4094 leguntur,
3097 4042 3274 4096 neque
3331 4028 3384 4080 in
3435 4028 3641 4090 verbis,

2060 4124 2236 4178 neque
2292 4110 2346 4164 in
2397 4112 2685 4168 sententiis
2720 4114 3018 4184 quidquam
3067 4124 3311 4187 apparet,
3344 4117 3488 4172 unde
3546 4132 3641 4171 su-

2059 4201 2230 4269 spicio
2265 4203 2447 4271 aliqua
2478 4204 2688 4258 oriatur
2723 4224 2736 4259 :
2767 4206 2862 4260 sed
2887 4207 2932 4261 si
2957 4209 3126 4263 semel
3155 4217 3210 4262 et
3234 4208 3430 4262 iterum
3463 4209 3643 4263 oculis

2059 4295 2384 4359 lustrentur,
2412 4296 2480 4350 de
2501 4297 2606 4359 his,
2641 4299 2861 4368 opinor,
2883 4301 3041 4354 aliter
3067 4299 3425 4370 judicabitur.
3445 4298 3503 4354 In
3532 4300 3639 4362 illis

2058 4391 2204 4441 enim
2249 4392 2598 4460 reperiuntur
2633 4407 2795 4447 voces
2830 4393 3102 4462 quaedam,
3129 4408 3268 4464 quas
3300 4394 3352 4447 in
3387 4391 3639 4478 genuinis

370 4487 502 4541 lium
556 4488 878 4558 scriptorem
933 4489 1092 4543 simul
1143 4491 1312 4544 novit.
1337 4489 1548 4546 Etenim
1589 4509 1709 4562 qum
1743 4493 1798 4546 in
1850 4493 1956 4548 ﬁne

2064 4481 2246 4535 Basilii
2281 4484 2551 4538 Ascetieis
2587 4499 2856 4553 nusquam
2905 4485 3158 4552 legimus.
3194 4487 3402 4540 Auctor
3449 4486 3638 4556 igitur,

370 4580 532 4635 libelli
583 4579 655 4634 De
688 4580 898 4650 judicio
941 4581 1039 4635 Dei
1096 4583 1372 4652 leguntur,
1401 4585 1710 4640 manifeste
1763 4597 1920 4641 osten

367 4671 506 4723 dunt.
538 4671 731 4726 horum
774 4672 937 4724 trium
993 4672 1322 4742 scriptorum
1367 4690 1533 4728 unum
1583 4684 1638 4730 et
1695 4677 1948 4733 eumdem

367 4771 644 4817 auctorem
698 4780 863 4819 esse:
906 4780 1026 4833 qua:
1062 4766 1224 4818 verba
1283 4779 1407 4819 cum
1468 4768 1628 4837 paulo
1699 4776 1826 4823 ante
1865 4785 1950 4824 re-

365 4854 604 4919 tulerim,
644 4871 708 4909 ea
737 4871 932 4912 rursus
984 4857 1087 4909 hoc
1123 4857 1242 4910 loco
1288 4857 1491 4912 referre
1535 4859 1671 4911 nihil
1715 4875 1945 4915 necesse

363 4959 468 5001 esu
516 4945 782 5002 Prmterea
832 4950 925 5019 qui
960 4950 1198 5004 libellum
1229 4949 1302 5003 De
1325 4949 1428 5018 ﬁde
1454 4951 1802 5020 conscripsit,
1837 4952 1952 5006 Mo-

364 5041 562 5094 ralium
597 5055 657 5095 se
687 5057 809 5096 esse
845 5053 1120 5096 auctorem
1168 5054 1354 5111 aperte
1383 5043 1640 5097 declarat.
1673 5043 1750 5097 lta
1803 5047 1946 5099 enim

364 5134 467 5187 sub
505 5133 664 5187 ﬁnem
726 5135 969 5203 loquitur
997 5138 1171 5204 (num.
1201 5135 1254 5198 6,
1285 5151 1338 5206 p.
1373 5134 1502 5204 2‘29)
1534 5136 1652 5190 :Tdt
1683 5137 1812 5208 περὶ
1847 5139 1948 5208 τῆς

343 5226 715 5308 λὺγιαινούεης
763 5228 998 5292 πίστεως
1033 5223 1097 5281 ἐν’
1121 5231 1234 5290 τοῖς
1268 5229 1373 5299 πρὸ
1407 5228 1607 5282 τούτων
1655 5230 1948 5300 αὐτάρκως

365 5317 614 5388 εἰρῆσθαι
671 5319 808 5388 πρὸς
850 5319 910 5371 τὸ
953 5321 1126 5390 παρὸν
1167 5319 1522 5390 λογιζόμενοι,
1557 5321 1807 5374 ἐντεῦθεν
1849 5323 1947 5395 τὴν

366 5408 494 5478 περὶ
526 5407 634 5460 τῶν
663 5408 867 5477 ἠθικῶν
900 5409 1231 5476 ἐπαγγελίαν
1266 5413 1322 5462 ἐν
1347 5409 1569 5479 ὀνόματι
1600 5409 1694 5461 τοῦ
1737 5411 1944 5482 Κυρίου

365 5498 523 5568 ἡμῶν
566 5499 740 5569 Ἰησοῦ
767 5499 1005 5571 Χρισεοῦ
1055 5501 1334 5571 πληρῶσαι
1371 5501 1781 5572 σπουδάσωμεν.
1805 5506 1945 5558 Ὅσα

364 5593 546 5646 τοίνυν
578 5593 902 5664 εὑρίσκομεν
936 5593 1076 5647 κατὰ
1122 5594 1218 5664 τὴν
1268 5593 1475 5668 Καινὴν
1503 5594 1639 5658 τέως
1668 5595 1942 5666 Διαῡήκην

437 5751 512 5821 (α)
545 5751 675 5806 Cod.
703 5765 846 5815 εχει,
879 5751 1073 5822 p.493.

2054 4575 2307 4645 quisquis
2345 4584 2449 4637 est,
2484 4591 2609 4627 cum
2641 4576 2950 4646 signiﬁcare
2981 4579 3096 4630 vult
3129 4577 3356 4630 fratrum
3385 4592 3630 4630 conven-

2054 4675 2192 4729 tum,
2228 4667 2400 4718 utitur
2432 4666 2580 4720 hisce
2631 4669 2877 4724 vocibus.
2909 4667 3145 4730 συνοδία,
3182 4669 3470 4738 συσκηνία,
3498 4667 3634 4737 πλή-

2056 4775 2215 4827 ρωμα
2254 4775 2266 4809 :
2305 4757 2506 4826 quibus
2543 4765 2722 4811 tamen
2755 4757 3014 4822 Basilius,
3044 4775 3168 4812 cum
3222 4759 3470 4814 eamdem
3518 4775 3636 4812 rem

2055 4848 2406 4916 signiﬁcaret,
2457 4865 2749 4918 nusquam,
2785 4850 2930 4918 quod
2984 4852 3178 4917 sciam,
3207 4867 3342 4906 usus
3385 4860 3489 4905 est.
3523 4849 3632 4906 Nec

2055 4941 2354 5010 putandum
2390 4948 2474 4995 est
2499 4941 2767 5010 ejusmodi
2802 4943 3067 4997 vocabula
3098 4944 3150 4997 in
3182 4945 3397 5000 duabus
3421 4945 3506 4999 his
3546 4945 3630 4998 lu-

2052 5032 2488 5089 eubratiunculis
2535 5050 2660 5089 raro
2700 5035 2966 5098 adhiberi,
3005 5037 3060 5089 in
3096 5037 3272 5107 iisque
3311 5039 3440 5108 poni
3471 5039 3632 5107 quasi

2053 5123 2228 5177 obiter
2263 5143 2274 5177 :
2309 5125 2402 5178 sed
2454 5126 2636 5192 potius
2675 5128 2911 5196 scriptor
2965 5128 3190 5182 vocibus
3219 5129 3327 5183 illis
3357 5131 3432 5182 ita
3476 5130 3629 5184 dele~

2053 5215 2326 5278 ctabatur,
2355 5225 2414 5270 ut
2444 5217 2594 5285 ipsas
2624 5219 2825 5287 saepius
2857 5225 3156 5290 usurparit.
3186 5220 3316 5275 Nam
3351 5231 3411 5276 ut
3437 5225 3630 5278 sileam

2052 5308 2118 5364 de
2150 5309 2431 5363 vocabulis
2461 5311 2726 5378 συσκηνία
2756 5319 2809 5365 et
2850 5312 3147 5382 πλήρωμα,
3185 5330 3308 5384 quae
3337 5317 3629 5385 aliquoties

2053 5399 2105 5452 iu
2134 5408 2242 5451 tam
2276 5401 2530 5454 brevibus
2569 5403 2852 5470 opusculis
2892 5405 3162 5468 adhibuit,
3193 5419 3382 5460 vocem
3413 5406 3628 5461 συνοὸία
3667 5465 3671 5474 1

2050 5492 2234 5545 decies
2287 5495 2502 5562 repetit.
2530 5492 2608 5546 Ex
2661 5495 2863 5563 quibus
2919 5497 3269 5566 perspicuum
3313 5506 3400 5554 est
3437 5515 3626 5553 vocem

2051 5584 2191 5637 hanc
2229 5584 2443 5638 συνοδία
2495 5600 2605 5655 prae
2655 5587 2866 5643 ceteris
2919 5593 3310 5657 opusculorum
3362 5592 3624 5656 scriptori
