3972 6202
281 340 315 402 ε
327 344 346 398 1
1741 343 1896 397 ΡΠᾸΞ

2008 342 2122 400 ῙῚΟ.
3506 351 3575 408 82

291 460 612 515 ῐοτιιὶιὶοτθῐη
645 459 843 515 fuisse.
869 460 1157 525 Quomodo
1183 476 1316 531 ergo
1332 461 1587 525 Basilius,
1616 462 1660 514 si
1684 461 1876 513 horum
1908 461 1955 517 Α
1985 461 2175 514 eodem
2204 461 2429 515 obtentu
2453 463 2600 517 brevi
2630 463 2967 532 rejiciantur.
2988 463 3131 521 Inest
3158 467 3300 520 enim
3323 466 3379 520 in
3405 470 3573 523 utris-

298 551 595 605 libellorum
630 560 829 604 auctor
864 561 1032 617 esset,
1070 568 1352 622 nunquam
1382 568 1444 607 ea
1489 568 1623 606 usus
1658 552 1873 613 fuisset,

302 646 598 714 praesertim
667 661 793 698 cum
849 645 915 699 de
974 646 1141 700 rebus
1199 645 1453 700 asceticis
1510 655 1616 698 tam
1664 645 1886 714 cepinse

301 736 616 805 scripserit?
662 736 778 790 Nec
835 738 972 791 satis
1007 746 1091 791 est
1135 736 1361 799 dixisse,
1397 737 1689 805 scripsisse
1734 735 1888 789 Basi-

300 828 423 879 lium
454 826 847 896 copiosissime
874 826 940 881 de
975 830 1232 883 asceticis
1262 829 1449 890 rebus,
1489 826 1585 880 sed
1626 827 1749 879 addi
1793 826 1889 879 de-

300 920 382 970 let
421 933 703 971 summum
740 918 893 971 illum
926 919 1104 972 virum
1143 920 1349 973 centies
1382 918 1613 971 [ratrum
1651 932 1877 971 conven-

301 1019 405 1062 tum
434 1011 681 1079 propriis
718 1010 1050 1080 quibusdam
1081 1011 1402 1065 nominibus
1436 1008 1798 1079 signiﬁcasse,
1837 1016 1891 1062 et

300 1111 475 1155 tamen
525 1118 597 1156 ne
643 1102 813 1157 semel
847 1103 1068 1173 quidem
1098 1119 1233 1157 voce
1261 1102 1475 1155 σονοδία
1508 1116 1668 1155 usum
1696 1099 1887 1160 fuisse,

299 1207 404 1246 non
453 1193 533 1246 ita
596 1192 868 1261 facturus,
915 1194 962 1249 si
1018 1195 1215 1248 horum
1263 1194 1656 1263 opusculorum
1698 1202 1891 1245 auctor

299 1286 629 1341 exstitisset.
656 1285 833 1341 Voces
878 1287 1047 1348 enim,
1082 1302 1204 1355 qua:
1233 1285 1399 1340 semel
1434 1284 1598 1338 alicui
1636 1283 1889 1352 scriptori

300 1378 654 1447 placuerunt,
693 1392 857 1446 saepe,
906 1386 966 1431 ut
1015 1378 1355 1447 experientia
1415 1375 1598 1439 docet,
1644 1376 1699 1429 in
1744 1375 1891 1429 illius

299 1467 455 1522 libris
495 1477 826 1530 occurrunt,
870 1468 1105 1521 maxime
1140 1467 1185 1522 si
1233 1482 1422 1521 earum
1457 1465 1889 1519 adhibendarum

298 1558 524 1611 occasio
573 1558 783 1626 passim
827 1556 1111 1611 oﬂ'eratur.
1149 1556 1375 1610 Accedit
1410 1556 1574 1611 etiam
1624 1554 1768 1625 quod
1801 1553 1891 1607 ubi

300 1646 357 1700 in
399 1646 491 1701 his
526 1646 812 1716 epusculis
840 1661 1024 1700 sermo
1054 1647 1366 1700 instituitur
1396 1646 1463 1700 de
1496 1648 1725 1699 fratrum
1756 1660 1893 1715 pra:-

299 1739 507 1807 posito,
543 1739 620 1792 ibi
647 1754 807 1794 voces
837 1738 978 1801 illas,
1004 1738 1433 1808 καθηγούμενος,
1461 1738 1888 1807 προηγούμενος,

300 1828 848 1900 προκαθηγούμενος,
889 1827 1194 1897 saepissime
1224 1835 1520 1896 usurpatas
1557 1826 1889 1889 invenimus,
1928 1804 1967 1857 Β

301 1921 380 1973 sic
399 1926 460 1972 ut
484 1921 680 1974 novies
698 1927 792 1972 aut
812 1919 994 1973 decies
1027 1920 1275 1988 legantur
1298 1938 1309 1971 :
1332 1918 1491 1988 cujus
1520 1920 1594 1972 rei
1617 1934 1783 1971 unum
1804 1925 1897 1972 aut

306 2012 537 2065 alterum
556 2012 868 2081 exemplum
891 2010 1136 2080 proferre
1156 2010 1302 2064 libet.
1325 2010 1402 2062 Ita
1433 2010 1809 2080 igiturlegitur
1842 2010 1895 2061 in

305 2103 575 2170 opusculo
627 2103 808 2171 primo
859 2100 1014 2172 (1.11,
1042 2119 1095 2171 p.
1144 2102 1267 2171 39.5)
1301 2120 1314 2155 :
1362 2101 1427 2153 Ἥ
1465 2101 1520 2153 δὲ
1555 2100 1758 2171 ἀληθὴς
1805 2101 1897 2152 καὶ

303 2193 487 2247 τελεία
529 2192 749 2263 ὑπακοὴ
780 2193 888 2246 τῶν
927 2193 1253 2263 ὑποχειρίων
1302 2194 1436 2262 πρὸς
1484 2193 1575 2243 τὸν
1630 2191 1901 2260 καθηγού-

306 2302 493 2355 μενον,
522 2294 634 2338 etc.
680 2283 816 2337 Vera
864 2294 1039 2337 autem
1070 2294 1117 2337 et
1153 2284 1386 2351 perfecta
1418 2284 1749 2335 subditorum
1775 2299 1897 2352 erga

303 2377 617 2445 prefectum
680 2376 1019 2437 obedientia,
1084 2386 1187 2429 etc.
1254 2374 1312 2427 In
1393 2375 1637 2429 secundo
1718 2383 1895 2428 autem

312 2471 449 2537 (pag.
499 2467 634 2537 52?.)
680 2468 762 2521 sic
808 2487 820 2521 :

320 2563 469 2633 μένου
500 2566 535 2633 ἡ
570 2565 775 2632 χρῆσις
821 2562 983 2625 ἔστω,
1020 2565 1085 2616 ὲκ
1122 2563 1230 2615 τῶν
1264 2563 1457 2615 κοινῶν
1488 2562 1547 2614 τὸ
1572 2562 1900 2632 κατάλληλον

320 2654 538 2705 ἑκάπου
594 2653 973 2723 χρησιμεύειν,
1009 2653 1153 2706 κατὰ
1207 2654 1304 2724 τὴν
1345 2652 1440 2705 τοῦ
1493 2653 1900 2723 προηγουμένου

314 2745 611 2814 ὑφήγησιν.
647 2744 753 2798 Sed
788 2761 914 2798 usus
951 2746 1193 2811 sitpenes
1218 2745 1545 2814 pra'fectum,
1576 2746 1651 2799 ita
1688 2755 1742 2797 ut
1765 2746 1901 2815 quod

312 2838 494 2905 cuique
537 2836 809 2900 convenit,
853 2836 907 2889 id
950 2852 1013 2889 ex
1045 2838 1406 2891 communibus
1455 2837 1719 2892 tribuatur
1743 2840 1903 2906 juxta

312 2929 670 2983 moderatoris
726 2938 1064 2999 pra’ceptum.
1114 2930 1169 2982 ln
1208 2930 1459 2997 genuinis
1502 2939 1685 2983 autem
1720 2929 1902 2984 Basilii

314 3022 607 3080 Asceticis.
645 3021 751 3075 etsi
808 3022 861 3073 in
908 3021 1042 3090 ipsis
1091 3022 1296 3075 centies
1331 3036 1510 3075 sermo
1560 3021 1790 3075 habetur
1839 3022 1905 3074 de

294 3100 786 3167 monasteriorum
823 3112 1119 3181 praefectis,
1169 3129 1439 3181 nusquam
1476 3124 1658 3167 tamen
1700 3113 1766 3166 ad
1811 3129 1905 3167 eos

316 3202 716 3271 signiﬁcandos
754 3217 831 3257 ea:
882 3218 1020 3270 quas
1066 3202 1177 3255 dixi
1226 3217 1388 3255 voces
1428 3212 1769 3273 usurpantur
1802 3206 1901 3271 (a).

321 3293 583 3347 Nonnihil
635 3300 722 3347 est
770 3307 1009 3361 quoque,
1045 3293 1189 3361 quod
1230 3293 1468 3362 scriptor
1517 3293 1909 3347 monachorum

321 3385 537 3439 vivendi
577 3387 847 3439 rationem
878 3393 1037 3438 vocat
1068 3385 1234 3437 vitam
1285 3384 1746 3453 philosophicam.
1776 3383 1909 3437 Nam

324 3480 441 3548 ipso
497 3479 659 3531 initio
709 3477 934 3531 secundi
982 3478 1251 3531 sermonis
1303 3476 1447 3546 (pag.
1494 3477 1621 3546 3:25)
1658 3479 1731 3530 ita
1774 3478 1912 3531 scri-

328 3582 473 3639 ptum
506 3580 593 3625 est
632 3589 644 3623 :
680 3569 837 3623 Οὕτω
883 3570 975 3621 καὶ
1031 3571 1158 3632 τοὺς
1196 3572 1261 3639 τῇ
1299 3570 1570 3639 ἀσκητικῇ
1610 3586 1910 3639 προσερχο-

330 3664 520 3732 μένους
576 3663 713 3732 ζωῇ,
758 3662 938 3730 πάσης
996 3661 1128 3731 ὕλης
1186 3661 1445 3731 βιωτικῆς
1502 3663 1909 3731 γυμνωθέντας,

322 3757 472 3819 ἐντος
513 3755 611 3808 τοῦ
650 3754 793 3807 κατὰ
832 3755 1147 3823 φιλοσοφίαν
1182 3754 1431 3822 γενέσθαι
1460 3753 1596 3824 βίον.
1636 3754 1719 3806 Ita
1753 3756 1913 3807 etiam

317 3848 409 3913 qui
441 3846 512 3898 ad
534 3848 818 3899 asceticum
844 3846 963 3898 vine
994 3861 1153 3914 genus
1182 3846 1454 3904 accedunt,
1480 3845 1621 3895 omni
1655 3861 1708 3897 re
1734 3846 1916 3897 δίει-ηιξ

320 3937 482 4003 hujus
537 3938 709 4000 exuti,
754 3937 916 3990 vitam
954 3935 1369 4005 philosophica":
1404 3936 1787 4005 ingrediantur.
1819 3936 1917 3989 Ba-

322 4028 486 4082 silius
514 4036 721 4090 autem,
758 4029 861 4082 etsi
912 4028 1099 4082 multis
1131 4027 1421 4080 admodum
1460 4028 1597 4081 locis
1625 4028 1691 4079 de
1728 4043 1916 4081 mona—

322 4121 468 4172 stica
496 4120 612 4171 vita
644 4120 909 4188 loquitur.
945 4135 1227 4189 nunquam
1268 4128 1472 4179 tamen,
1504 4128 1564 4173 ut
1594 4121 1718 4172 alibi
1750 4122 1912 4173 etiam

324 4212 535 4265 notabo
569 4211 666 4278 (ὁ),
703 4226 765 4265 ea
815 4211 1031 4266 dicendi
1082 4210 1315 4265 formula
1346 4228 1481 4265 usus
1514 4219 1618 4265 est.
1666 4212 1917 4265 Arbitror

324 4303 498 4371 igitur
561 4303 660 4357 has
734 4302 1239 4360 lucubratiunculas
1294 4304 1513 4371 spurias
1568 4318 1690 4356 esse
1754 4311 1916 4373 atque

340 4394 707 4457 adulterinas,
755 4410 857 4448 nec
915 4396 985 4449 ob
1037 4394 1197 4447 aliam
1250 4409 1471 4448 causam
1538 4394 1682 4447 inter
1729 4394 1911 4449 Basilii

864 2467 1000 2519 Ἀλλ’
1032 2469 1090 2519 ἐν
1133 2471 1197 2537 τῇ
1233 2467 1452 2536 ἐξουσίᾳ
1498 2466 1590 2518 τοῦ
1625 2466 1898 2536 καθηγου-

1994 570 2101 623 que
2156 555 2378 624 [tegulis
2438 564 2546 609 tam
2612 556 2968 611 brevioribus
3022 574 3184 627 quam
3238 558 3573 629 longioribus

1988 646 2177 700 eadem
2221 648 2453 711 indoles,
2484 648 2625 703 idem
2660 650 2957 719 ingenium,
2981 652 3166 705 eadem
3199 668 3410 705 morum
3440 669 3566 722 pra:-

1990 746 2167 805 cepta,
2205 738 2346 792 idem
2388 754 2528 793 verae
2567 740 2787 809 pietatis
2822 755 2994 801 amor,
3039 741 3181 795 idem
3213 742 3330 796 vitii
3366 752 3419 796 et
3449 759 3573 813 pec-

1990 828 2098 881 cati
2148 828 2333 882 odium
2387 847 2399 883 :
2463 846 2573 883 uno
2626 832 2835 895 verbo,
2888 832 3029 887 inest
3077 834 3131 887 in
3181 837 3425 904 utrisque
3467 851 3573 888 non

1993 920 2213 989 quidem
2262 922 2438 991 major
2487 924 2774 988 severitas,
2812 940 2936 979 cum
2982 929 3269 982 severitate
3299 928 3574 997 Evangelii

1993 1013 2171 1081 major
2204 1030 2311 1068 non
2345 1015 2437 1077 sit,
2461 1016 2556 1070 sed
2595 1017 2825 1085 majoris
2858 1018 3170 1074 severitatis
3200 1022 3356 1090 quasi
3386 1021 3574 1075 umbra

1992 1102 2258 1171 quaedam.
2282 1103 2346 1157 Et
2381 1120 2512 1159 vero
2546 1106 2910 1162 Combelisius
2933 1124 3037 1161 non
3071 1110 3229 1162 aliam
3259 1112 3329 1164 ob
3354 1127 3573 1165 causam

1995 1194 2229 1266 [tegulas
2269 1196 2510 1254 fusiores
2570 1199 2733 1252 simul
2788 1208 2842 1253 ct
2877 1203 3117 1256 minores
3157 1205 3384 1272 respuit,
3412 1218 3573 1272 quam

1994 1290 2138 1360 quod
2166 1298 2409 1360 utraeque
2440 1291 2646 1361 pariter
2677 1290 2923 1346 Stoicum
2954 1292 3209 1363 quiddam
3250 1294 3572 1365 praeferant;

1996 1381 2050 1434 in
2090 1398 2264 1452 eoque
2309 1399 2409 1453 ego
2450 1400 2573 1439 eum
2633 1385 2814 1439 minus
2871 1386 3387 1455 reprehendendum
3419 1398 3572 1459 pulo.

1995 1489 2117 1527 cum
2156 1490 2212 1529 re
2240 1475 2356 1544 ipsa
2394 1484 2639 1546 utrzeqne
2668 1492 2730 1531 ex
2765 1492 2924 1547 :equo
2966 1493 3169 1532 severae
3213 1495 3335 1534 esse
3356 1481 3577 1534 videan-

1995 1572 2104 1619 tur.
2148 1567 2308 1621 Certe
2353 1567 2399 1623 si
2440 1569 2567 1637 quis
2602 1568 2760 1623 hodie
2814 1571 2885 1622 ita
2923 1571 3171 1633 sentiret,
3208 1580 3267 1625 ut
3315 1571 3574 1626 Basilium

1998 1658 2215 1727 quidem
2250 1674 2569 1727 magnarum
2615 1658 2948 1729 [tegularum
2985 1671 3264 1716 auctorem
3290 1677 3411 1716 esse
3442 1661 3578 1715 fate—

1998 1757 2169 1811 retur,
2212 1747 2554 1803 Eustathium
2606 1766 2734 1804 vero
2786 1767 3073 1821 parvarum
3128 1760 3402 1821 parentem
3455 1768 3577 1806 eSse

2004 1840 2378 1902 contenderet,
2434 1840 2481 1894 is
2528 1838 2684 1892 valde
2740 1841 3034 1893 miraretur
3088 1839 3272 1894 Stoica
3330 1842 3577 1910 qumdam

2003 1930 2256 2000 dogmata
2309 1929 2364 1982 in
2412 1928 2626 1999 magnis
2660 1928 2883 1997 [tegulis
2912 1944 2939 1980 a
2972 1927 3301 1983 Combelisio
3324 1929 3576 1987 inveniri,

2003 2032 2127 2072 cum
2163 2017 2277 2087 ipse
2309 2017 2365 2070 in
2397 2017 2477 2072 eis
2512 2017 2647 2070 nihil
2683 2018 2789 2069 tale
2832 2018 3013 2071 inesse
3059 2025 3330 2070 cerneret.
3368 2015 3433 2069 Et
3479 2032 3579 2070 n0s

2006 2122 2223 2177 quoque
2245 2108 2345 2160 hoc
2368 2107 2509 2161 idem
2538 2106 2720 2159 dicere
2748 2106 3032 2170 habemus,
3065 2106 3135 2169 ei,
3164 2104 3255 2174 qui
3299 2106 3370 2159 ita
3402 2103 3580 2175 [tegu-

2004 2200 2085 2254 las
2135 2198 2405 2267 longiores
2454 2196 2728 2267 probaret,
2760 2205 2818 2248 ut
2850 2198 3088 2249 minores
3119 2196 3189 2249 ob
3223 2196 3578 2250 austeriorcm

2005 2288 2309 2341 doctrinam
2344 2286 2680 2355 reprobaret,
2706 2284 2969 2337 videlicet‘
2996 2301 3096 2339 nos
3126 2300 3452 2355 magnopere
3481 2286 3585 2337 mi—

2006 2378 2140 2442 rari,
2192 2378 2260 2432 ab
2302 2378 2420 2445 ipso
2467 2377 2521 2430 in
2556 2374 2775 2446 Regulis
2809 2375 3150 2429 brevioribus
3176 2378 3403 2446 reperiri
3440 2376 3581 2430 Sto:-

2007 2484 2130 2523 cum
2170 2466 2464 2537 quiddam,
2518 2481 2642 2519 eum
2696 2479 2790 2519 eas
2845 2479 2875 2516 a
2934 2461 3242 2518 Stoicorum
3290 2466 3581 2518 severitate

2008 2562 2168 2629 longe
2208 2559 2400 2613 abesse
2430 2558 2735 2612 videamus.
2767 2554 2842 2607 Ex
2875 2555 2960 2608 his
3007 2562 3211 2615 autem,
3243 2572 3363 2625 quae
3398 2556 3582 2609 hacte-

2007 2670 2113 2709 nus
2149 2653 2424 2717 diximus,
2495 2653 2541 2708 si
2586 2652 2723 2707 nihil
2761 2649 2931 2715 aliud,
2987 2649 3122 2707 illnd
3180 2651 3397 2722 quidem
3435 2662 3583 2707 certe

2009 2748 2339 2813 ostenditur,
2382 2746 2604 2799 unicum
2654 2754 3054 2815 argumentum,
3092 2746 3242 2814 quod
3274 2746 3340 2799 ad
3386 2747 3583 2816 impru-

2011 2840 2219 2895 bandas
2264 2839 2545 2893 breviores
2594 2839 2830 2909 [tegulas
2879 2837 3101 2909 proprie
3152 2836 3335 2892 afferri
3382 2845 3582 2907 potest,

2012 2931 2167 2987 futile
2222 2946 2345 2987 esse
2384 2938 2441 2984 et
2472 2946 2673 2984 vanum
2710 2950 2721 2985 :
2753 2930 2869 2993 sed,
2899 2938 2957 2984 ut
3012 2945 3198 2983 verum
3250 2929 3443 2992 fatear,
3477 2946 3583 2983 non

2014 3024 2327 3077 necessario
2363 3022 2632 3093 sequitur,
2660 3023 2704 3076 si
2740 3031 2987 3092 utraaque
3010 3021 3226 3092 Regula:
3259 3032 3311 3078 et
3347 3023 3585 3093 majores

2013 3122 2065 3167 et
2098 3115 2337 3169 minores
2369 3130 2435 3168 ex
2464 3129 2620 3182 aequo
2664 3130 2868 3167 severa:
2915 3122 3063 3173 sunt,
3102 3114 3249 3181 ipsas
3283 3113 3350 3166 ab
3382 3128 3489 3166 uno
3533 3124 3587 3167 et

2010 3206 2198 3261 eodem
2232 3207 2502 3275 scriptore
2532 3204 2707 3261 editas
2736 3206 2927 3260 fuisse.
2958 3204 3139 3271 Quare
3170 3205 3216 3259 si
3248 3204 3583 3273 propositum

2012 3296 2226 3364 assequi
2279 3296 2530 3359 velimus,
2556 3295 2679 3350 aliis
2711 3295 3050 3366 argumentis
3104 3303 3322 3347 utamur
3365 3308 3589 3348 necesse

2010 3397 2112 3441 est.
2151 3386 2397 3440 Primum
2424 3388 2591 3457 igitur
2618 3385 2663 3441 si
2693 3401 2799 3455 qua
2848 3385 2992 3438 ratio
3024 3384 3273 3439 habenda
3300 3392 3385 3439 est
3412 3384 3590 3438 homi—

2012 3494 2140 3531 num
2169 3478 2413 3531 onmium
2460 3493 2784 3539 consensus,
2809 3477 2968 3543 cujus
2993 3476 3152 3531 debet
3184 3476 3367 3529 haberi
3416 3475 3583 3529 maxi-

2013 3582 2120 3631 ma,
2172 3568 2329 3636 plane
2381 3567 2655 3621 constabit
2687 3565 3016 3637 [tegularum
3053 3566 3297 3619 omnium
3332 3579 3498 3617 unum
3535 3572 3590 3615 (ιι

2011 3658 2263 3712 eteadem
2309 3668 2589 3712 auctorem
2622 3674 2761 3713 esse.
2794 3657 2928 3711 Nam
2960 3667 3088 3711 ante
3126 3665 3313 3711 nostra
3347 3666 3587 3725 tempora

2012 3750 2253 3819 reperias
2286 3750 2583 3813 neminem,
2620 3751 2713 3817 qui
2744 3749 3017 3818 longiores
3052 3762 3083 3801 η
3114 3747 3455 3801 brevioribus
3484 3747 3590 3799 Re-

2012 3843 2154 3913 gulis
2211 3858 2450 3912 unquam
2498 3841 2833 3897 distinxerit.
2864 3840 3066 3895 Omnes
3117 3840 3284 3894 totius
3332 3838 3589 3899 Ascetici,

2014 3937 2159 4005 quod
2208 3934 2273 3989 de
2318 3933 2496 3988 Photii
2530 3934 2802 3991 sententia
2837 3943 3096 4002 utrasque
3148 3931 3384 4001 [tegulas
3417 3940 3591 3997 {com-

2018 4028 2291 4098 plectitur,
2321 4042 2487 4081 unum
2514 4035 2567 4081 et
2590 4027 2839 4081 eumdem
2876 4036 3151 4079 auctorem
3193 4038 3406 4091 semper
3445 4021 3588 4075 [ece-

2015 4128 2162 4174 runt.
2185 4120 2384 4186 Quales
2414 4130 2541 4174 sunt
2569 4118 2953 4189 Hieronymus.
2998 4117 3248 4179 Ruliuns,
3273 4116 3587 4177 Cassianus,

2020 4215 2375 4277 Sozomenus,
2409 4212 2777 4275 Justinianus,
2806 4210 3052 4287 Photius,
3081 4208 3299 4275 Suidas,
3329 4206 3593 4276 Nicepho-

2017 4322 2131 4368 rus,
2164 4314 2354 4359 auctor
2386 4305 2820 4360 Combelisianus
2842 4304 2911 4374 (ε)
2932 4304 3073 4377 ,_qui
3102 4311 3161 4355 ut
3195 4301 3488 4371 longiores,
3520 4300 3591 4353 ila

2019 4395 2296 4449 breviores
2323 4393 2559 4465 chulas
2605 4395 2708 4449 sibi
2763 4394 3027 4447 vindicat.
3066 4390 3179 4444 [loc
3232 4390 3373 4444 idem
3415 4397 3470 4443 et
3508 4403 3595 4441 re—

331 4486 592 4538 Ascetica
644 4501 675 4539 a
718 4486 954 4540 librariis
1001 4487 1207 4556 positas
1250 4484 1439 4548 fuisse,
1462 4502 1622 4556 quam
1654 4488 1797 4557 quod
1847 4488 1912 4541 ad
1951 4498 1991 4550 ῐ)
2020 4487 2291 4542 centiores
2327 4502 2542 4557 quoque
2576 4486 2896 4555 praestitere.
2929 4484 3042 4539 Etsi
3073 4485 3215 4539 enim
3268 4484 3325 4536 ln
3375 4489 3596 4537 senten-

330 4574 480 4631 ἰάθη]
511 4586 897 4644 argumentum
918 4579 1274 4647 pertinerent.

334 4686 364 4756 ς
416 4681 503 4736 XI.
528 4682 668 4757 Pars
693 4687 1009 4754 quarta,ubi
1038 4688 1335 4739 ostenditur
1365 4688 1682 4756 Regularum
1722 4688 1918 4757 longio-

410 4772 531 4806 rum
554 4766 601 4808 ει
621 4756 915 4809 ὺτευίοῖωη
931 4773 1092 4809 unum
1107 4768 1153 4811 εἰ
1170 4757 1406 4811 eumdem
1426 4769 1689 4811 αηειογεηι
1713 4756 1844 4812 εδεέ.

413 4850 502 4904 55.
562 4848 741 4904 Fuere
795 4850 887 4918 qui
954 4850 1297 4903 tradiderunt
1348 4848 1587 4919 Regulas
1646 4850 1916 4918 longiores

335 4943 527 4998 Basilii
584 4942 806 5012 quidem
857 4956 1001 5001 esse,
1064 4941 1158 4994 sed
1215 4941 1494 4994 breviores
1550 4940 1705 4993 alteri
1754 4940 1918 4992 tribui

340 5044 631 5104 Oportere;
674 5033 720 5088 si
757 5048 865 5086 non
894 5032 1172 5098 dixerunt,
1197 5040 1250 5085 at
1294 5044 1516 5101 putasse
1549 5041 1731 5087 tamen
1770 5032 1917 5085 credi

342 5139 595 5201 possunt.
627 5129 913 5199 Prazcipua
946 5137 1127 5182 autem
1164 5145 1351 5191 causa,
1381 5146 1479 5182 cur
1511 5130 1607 5184 bas
1636 5139 1918 5199 suspectas

342 5225 655 5284 habuerint,
687 5222 803 5275 bam
826 5230 931 5284 est,
961 5220 1107 5290 quod
1135 5221 1269 5290 ipsis
1293 5222 1425 5275 visa:
1459 5222 1568 5274 sint
1591 5223 1917 5285 severiores,

344 5327 624 5381 magisque
654 5327 684 5363 a
716 5311 1090 5365 moderatione
1119 5312 1327 5364 alienaz.
1358 5311 1486 5376 Sed,
1513 5312 1556 5364 si
1581 5312 1742 5365 semel
1774 5312 1923 5364 dam-

348 5414 543 5457 nentur
604 5404 829 5474 Regulae
870 5405 1149 5459 breviores
1208 5406 1515 5458 severitatis
1560 5404 1785 5473 majoris
1821 5419 1920 5457 no-

351 5510 524 5559 mine,
580 5512 929 5565 consequens
983 5497 1086 5551 erit
1140 5503 1199 5548 ut
1254 5504 1306 5551 et
1365 5497 1639 5566 longiores
1701 5511 1920 5566 quoque

424 5697 495 5761 (α)
530 5704 664 5761 Lege
693 5710 847 5745 num.
881 5692 967 5744 '57.

425 5698 474 5757 (α
530 5704 664 5761 Lege
693 5710 847 5745 num.
882 5698 967 5744 57.

425 5698 495 5834 (ti;
523 5763 579 5817 In
615 5764 768 5833 prmi.
801 5780 857 5816 n.
885 5763 973 5815 37.

2020 4582 2111 4635 tiis
2164 4579 2433 4635 dissident
2484 4580 2626 4634 inter
2684 4594 2763 4645 se,
2794 4586 2978 4633 tamen
3036 4577 3090 4631 in
3132 4591 3196 4631 eo
3246 4574 3596 4629 consentiunt

2021 4687 2236 4733 omnes,
2284 4672 2429 4742 quod
2472 4680 2733 4741 utrasque
2773 4670 3009 4740 chu‘las
3042 4668 3134 4724 uni
3180 4676 3235 4722 et
3270 4665 3447 4721 eidem
3498 4681 3597 4719 au-

2022 4764 2159 4817 ctori
2215 4764 2512 4819 ascribant.
2560 4763 2644 4827 Et,
2691 4774 2750 4816 ut
2807 4763 3023 4817 interim
3069 4764 3273 4815 multos
3324 4760 3594 4826 omittam,

2027 4854 2322 4907 nominabo
2353 4852 2679 4917 Scultetum,
2711 4853 3120 4912 Combetisium,
3167 4849 3411 4904 Natalem
3467 4851 3596 4903 Ale-

2025 4947 2330 5009 xandrum,
2378 4943 2810 5005 Tillemontium,
2891 4941 3225 4995 Ludovicum
3297 4939 3594 5010 Dupinum.

2025 5034 2179 5099 Quod
2223 5034 2270 5087 si
2310 5041 2389 5087 tot
2417 5033 2697 5086 hominum
2730 5033 3036 5085 testimonia
3070 5029 3321 5085 sufﬁcere
3369 5044 3479 5084 non
3512 5030 3594 5081 vi»

2024 5127 2282 5189 deantur,
2317 5125 2563 5194 ejusdem
2615 5126 2694 5179 rei
2733 5133 2927 5178 testem
2970 5123 3238 5177 adhibebo
3272 5123 3450 5195 ipsum
3489 5119 3594 5174 Be-

2025 5220 2273 5289 gularum
2297 5216 2869 5286 auctoremJncipiam
2894 5216 2962 5269 ab
2990 5231 3052 5269 ea
3078 5216 3281 5279 regula,
3304 5230 3424 5285 qua:
3453 5214 3594 5267 inter

2022 5312 2299 5365 breviores
2348 5309 2589 5365 secunda
2620 5315 2724 5373 est,
2760 5308 2847 5361 ubi
2881 5307 2961 5361 sic
2994 5307 3188 5375 legitur
3219 5326 3233 5362 :
3270 5306 3485 5361 Τούτων
3538 5306 3591 5357 δὲ

2024 5403 2257 5455 ἕκαστον
2285 5403 2401 5455 οἵαν
2432 5401 2545 5471 ἔχει
2572 5400 2798 5469 δύναμιν
2828 5399 3042 5469 εἴρηται
3078 5400 3135 5450 ὲν
3161 5398 3240 5468 τῷ
3272 5398 3400 5469 περὶ
3431 5396 3592 5449 αὐτοῦ

2023 5498 2357 5565 ἐρωτήματι.
2395 5496 2616 5561 Qualem
2639 5504 2813 5545 autem
2844 5494 2943 5544 vim
2976 5492 3161 5545 habeat
3199 5492 3384 5544 horum
3405 5506 3587 5543 unum-

2097 5692 2167 5762 (ιτ)
2188 5690 2326 5760 Lege
2359 5688 2526 5743 Basit.
2554 5686 2818 5750 recensit.,
2854 5709 2891 5739 ι.
2921 5682 2983 5749 ll,
3015 5700 3067 5753 ρ.
3109 5684 3220 5737 lUl.
