3972 6202
404 359 476 417 8'5
1856 365 1989 417 PRA

2095 367 2245 423 tTlO.
3604 379 3676 435 85

403 480 661 548 quoique,
708 479 906 532 dictum
936 489 1012 534 est
1044 482 1203 547 inea,
1245 498 1361 553 quae
1400 483 1468 537 ad
1496 485 1592 538 hoc
1623 484 1867 553 pertinet,
1904 485 1986 537 in-
2016 490 2062 546 Α
2091 488 2313 557 passivo
2377 491 2595 559 ponitur
2664 494 2769 563 (b),
2825 503 2879 551 et
2963 504 3144 552 tamen
3222 497 3675 569 signiﬁcationem

406 572 778 641 terrogatione.
809 571 1117 628 Obscurum
1149 583 1331 631 autem
1371 592 1481 632 non
1522 586 1625 643 est,
1649 584 1710 632 ut
1732 577 1844 645 jam
1875 578 1986 646 pri-

405 663 528 717 dem
564 662 947 720 ’l‘illemontius
980 665 1228 732 notavit,
1264 665 1369 721 hoc
1408 667 1527 721 loco
1564 666 1793 722 indicari
1826 683 1986 737 regu-

406 758 512 809 lam
559 756 703 810 inter
740 770 968 827 magnas
1022 764 1298 823 octavam,
1352 775 1478 814 cum
1531 759 1585 814 in
1627 775 1692 815 ea
1732 760 1987 816 secunda:

405 847 553 904 illius
586 847 855 902 brevioris
890 848 1092 919 regulae
1120 859 1500 919 argumentum
1528 852 1751 921 ecpiose
1787 860 1986 906 tracte-

403 947 513 996 tur.
540 939 698 997 Nunc
737 942 1009 1013 proferam
1031 942 1169 999 alios
1186 951 1298 999 tres
1325 944 1477 999 locos
1512 945 1736 1001 minime
1764 946 1983 1010 dubios,

403 1049 639 1103 quorum
675 1036 911 1105 primum
938 1036 1050 1106 jam
1089 1036 1319 1106 protulit
1348 1037 1416 1100 is,
1457 1053 1619 1107 quem
1662 1038 1824 1092 modo
1851 1039 1984 1101 dixi,

403 1126 489 1180 vir
520 1127 933 1184 eruditissimus
964 1127 1369 1186 Tillemontius.
1392 1129 1443 1184 Is
1480 1138 1660 1185 autem
1688 1130 1840 1185 locus
1875 1131 1988 1200 pri-

405 1233 532 1273 mus
594 1218 871 1273 invenitur
905 1220 961 1274 in
994 1221 1141 1276 brevi
1175 1223 1358 1292 regula
1396 1233 1726 1293 septuagena
1756 1232 1985 1292 quarta,

405 1309 500 1363 ubi
551 1309 625 1363 ita
666 1311 931 1381 scriptum
966 1313 1286 1371 invenitur:
1321 1313 1697 1385 Πληρέστερον
1753 1314 1810 1366 δὲ
1860 1315 1989 1385 περὶ

403 1400 514 1454 τῶν
535 1390 791 1457 τοιούιὲων
818 1407 875 1457 ὲν
895 1408 1006 1467 τοῖς
1034 1405 1177 1459 κατὰ
1203 1405 1403 1470 πλάτος
1425 1407 1735 1478 εἰρημένοις
1758 1407 1990 1478 ἀπεκρι-

405 1492 637 1562 νάμεθα,
671 1493 857 1548 Verum
896 1496 960 1550 de
1003 1497 1092 1558 iis,
1118 1498 1208 1568 qui
1241 1497 1546 1568 [cujusmodi
1587 1506 1734 1565 sunt,
1760 1499 1817 1552 in
1843 1515 1988 1570 qua:-

405 1587 665 1642 stionibus
713 1588 830 1658 fuse
870 1590 1149 1658 explicatis
1191 1589 1403 1646 uberius
1438 1591 1801 1660 respondimus
1835 1608 1854 1647 :
1879 1608 1988 1663 quo

405 1680 463 1734 in
484 1681 607 1736 loco
640 1696 890 1752 magnam
927 1682 1166 1754 aliquam
1195 1684 1438 1753 regulam
1471 1685 1627 1739 citari
1656 1685 1842 1739 vident
1864 1685 1989 1754 qui-

406 1791 626 1848 cunque
667 1778 800 1833 caeei
849 1794 960 1833 non
1008 1787 1158 1836 sunt.
1196 1778 1390 1850 Magna
1426 1790 1607 1836 autem
1665 1780 1848 1851 regula
1896 1780 1985 1833 illa

407 1886 528 1940 quae
555 1870 646 1925 hic
675 1871 899 1936 citatur,
932 1873 985 1926 in
1019 1872 1235 1943 magnis
1265 1873 1445 1928 locum
1479 1873 1775 1943 septimum
1815 1881 1982 1936 tenet,

406 1963 462 2017 in
514 1978 688 2034 eaque
740 1963 858 2019 l'usc
918 1964 1228 2035 explicatur
1263 1969 1410 2034 quod
1438 1965 1493 2018 in
1521 1964 1759 2018 breviori
1796 1963 1986 2034 paucis

404 2056 816 2124 perstringitur.
847 2055 967 2110 Alia
996 2056 1107 2111 duo
1132 2056 1384 2127 exempla
1411 2056 1821 2111 evidentissima
1863 2070 1990 2125 pro-

404 2164 625 2218 ponam.
658 2146 839 2203 Unum
871 2162 1082 2203 sumam
1113 2164 1145 2204 e
1173 2149 1363 2219 regula
1392 2148 1692 2204 centesima
1726 2149 1906 2213 tertia,
1932 2150 1988 2204 in

408 2255 519 2309 qua
559 2242 855 2310 proposita:
884 2240 988 2296 sibi
1011 2240 1301 2311 quaestioni
1332 2241 1406 2294 ita
1433 2248 1627 2295 auctor
1658 2241 1984 2311 respondet:

406 2332 547 2404 Περὶ
586 2332 791 2387 τούτων
831 2333 1044 2405 εἴρηται
1083 2332 1273 2403 σαφῶς
1304 2335 1364 2387 ὲν
1399 2337 1465 2404 τῇ
1506 2333 1820 2405 πλατυτέρᾳ
1848 2335 1988 2388 ἀπο-

407 2423 605 2494 κρίσει.
628 2423 707 2478 De
738 2424 819 2480 his
851 2424 1121 2479 enucleate
1152 2425 1351 2479 dictant
1383 2436 1461 2481 est
1484 2427 1539 2480 in
1560 2427 1751 2481 latiore
1775 2442 1990 2495 respou-

406 2515 572 2571 sione.
614 2514 741 2572 llaec
776 2527 959 2572 autem
1005 2517 1167 2573 latior
1194 2518 1481 2587 responsio
1512 2521 1700 2588 regula
1729 2526 1814 2574 est
1844 2519 1989 2574 vice-

408 2607 546 2663 sima
591 2609 823 2679 septima
886 2609 1029 2664 inter
1090 2609 1348 2679 majores.
1380 2611 1622 2665 Alterum
1679 2612 1987 2681 exemplum

409 2698 782 2769 suppeditabit
813 2700 1034 2757 brevior
1075 2704 1262 2773 regula
1296 2700 1672 2759 ducentesima
1705 2703 1987 2769 vicesima,

408 2805 530 2860 quae
566 2790 647 2846 sic
694 2791 886 2863 incipit
913 2811 926 2846 :
958 2792 1093 2863 Περὶ
1127 2793 1334 2848 τούτων
1363 2794 1577 2866 εἴρηται
1606 2795 1666 2850 ὲν
1699 2797 1811 2859 τοῖς
1849 2794 1991 2853 κατὰ

406 2880 628 2946 πλάτος,
658 2882 738 2938 De
775 2883 856 2937 Itis
884 2884 1083 2941 dictum
1111 2895 1187 2940 est
1217 2885 1273 2943 in
1295 2885 1671 2955 quwstionibus
1694 2885 1866 2955 fusius
1895 2900 1990 2941 ea:-

406 2973 638 3043 plicatis.
666 2973 888 3046 Legenti
925 2983 1105 3031 autem
1149 2977 1424 3047 longiores
1455 2974 1711 3048 Regulas,
1740 2985 1992 3034 occurret

407 3066 688 3123 tricesima
727 3068 909 3131 tertia,
961 3069 1016 3122 in
1067 3083 1174 3138 qua
1227 3068 1415 3123 multis
1454 3068 1636 3129 verbis
1679 3070 1993 3125 declaratur

2091 582 2323 636 activam
2360 585 2576 640 retinet.
2614 585 2868 656 Ejusdem
2900 589 3117 659 generis
3147 599 3276 647 sunt
3306 598 3361 646 et
3391 591 3497 644 alia
3528 606 3676 661 qute-

2089 675 2213 729 dam
2236 677 2524 745 vocabula,
2554 696 2674 749 quat
2699 682 2896 751 cuique
2926 682 3033 737 alio
3056 682 3175 737 loco
3203 683 3381 752 legere
3411 682 3536 738 licet
3583 679 3675 736 ἐι.

2091 872 2118 945 §
2151 873 2242 929 XI.
2259 876 2632 951 Parsquinta,
2659 880 2714 933 in
2737 896 2842 951 qua
2863 880 3158 935 ostenditur
3175 890 3428 950 utrasque
3449 880 3678 951 Regulus

2160 955 2210 1000 et
2245 946 2661 1004 Constitutiones
2700 946 3021 1005 nt'onasticas
3056 952 3149 1005 uni
3182 962 3231 1006 et
3272 946 3437 1006 eidem
3469 946 3679 1005 auctori

2160 1018 2323 1071 tribui
2343 1036 2447 1073 non
2470 1019 2672 1074 debere.

2159 1148 2250 1203 54.
2279 1147 2644 1206 Doctissimus
2697 1153 2781 1205 vir
2829 1151 3214 1219 Combelisius,
3266 1170 3392 1210 cum
3441 1155 3679 1211 dixisset

2093 1250 2357 1313 utrasque
2390 1241 2630 1312 Regulos
2659 1253 2712 1298 et
2748 1244 3183 1301 Constitutiones
3217 1248 3551 1302 monasticas
3579 1251 3675 1303 uni

2086 1340 2143 1387 et
2180 1333 2354 1387 eidem
2388 1333 2642 1402 scriptori
2691 1336 2891 1396 ascribi
2942 1351 3055 1390 non
3101 1346 3373 1407 oportere,
3405 1340 3559 1393 visus
3585 1347 3674 1393 est

2090 1421 2278 1476 multis
2321 1422 2483 1493 quasi
2554 1423 2892 1492 paradoxum
2951 1426 3227 1496 quoddam
3283 1429 3580 1498 proferre:
3619 1430 3675 1483 in

2089 1529 2200 1584 quo
2221 1527 2323 1584 ego
2357 1530 2481 1569 eum
2527 1516 2730 1585 partim
2761 1502 2954 1587 probo,
2995 1518 3192 1587 partim
3235 1518 3505 1590 improbo.
3543 1520 3677 1575 Mihi

2088 1605 2237 1661 enim
2300 1605 2541 1670 videtur,
2585 1608 2731 1677 quod
2784 1609 3056 1678 ejusmodi
3096 1611 3300 1682 scripta
3338 1628 3448 1668 non
3487 1614 3579 1667 uni
3621 1624 3680 1668 et

2089 1697 2266 1752 eidem
2323 1697 2531 1751 homini
2587 1699 2935 1754 attribuenda
2983 1714 3107 1762 esse
3157 1702 3396 1767 censuit,
3429 1712 3577 1758 recte
3610 1720 3678 1759 ac

2092 1803 2216 1842 vere
2247 1788 2526 1857 iudicasse
2556 1806 2571 1844 :
2605 1789 2701 1844 sed
2739 1790 2793 1843 in
2845 1806 2911 1845 eo
2940 1806 3218 1860 peccasse,
3249 1794 3396 1863 quod
3423 1797 3678 1851 neutrius

2089 1880 2274 1951 cperis
2325 1896 2517 1935 verum
2580 1887 2859 1937 auctorem
2924 1883 3239 1954 assignarit.
3306 1884 3413 1941 Sed
3472 1885 3540 1942 de
3588 1887 3678 1942 his

2090 1979 2300 2042 postea.
2324 1971 2445 2026 Jam
2497 1972 2752 2028 adnotavi
2796 1989 2941 2039 eum,
2990 1991 3149 2045 (ptem
3204 1977 3363 2033 modo
3390 1976 3524 2042 dixi,
3550 1993 3680 2033 eru-

2088 2063 2425 2118 ditissimum
2456 2063 2635 2118 virum
2669 2079 2825 2120 suam
2881 2066 3195 2134 opinionem
3244 2067 3318 2119 ita
3357 2065 3676 2132 defendere,

2090 2163 2150 2210 ut
2174 2163 2493 2225 argumenta
2526 2172 2627 2211 sua
2655 2155 2771 2211 fere
2817 2158 3002 2212 omnia
3047 2174 3113 2225 es
3166 2158 3334 2213 nimia
3363 2159 3675 2229 regularum

2090 2248 2384 2304 severitate
2404 2256 2553 2318 petat
2585 2268 2598 2303 :
2638 2250 2733 2305 sed
2765 2265 2829 2305 ea
2885 2251 3123 2308 fortasse
3164 2252 3215 2308 ei
3257 2253 3359 2308 soli
3397 2254 3677 2307 ﬁrmitatis

2090 2338 2299 2408 aliquid
2352 2339 2556 2395 habere
2630 2339 2981 2396 videbuntur.
3052 2340 3119 2394 Et
3173 2357 3306 2397 vero
3361 2343 3679 2413 quicunque

2090 2431 2274 2487 animo
2300 2446 2459 2502 aequo
2493 2430 2730 2502 Regulas
2756 2441 2866 2486 tam
2893 2434 3173 2505 longiores
3205 2450 3369 2505 quam
3393 2435 3677 2490 breviores

2091 2522 2343 2592 legerint,
2380 2523 2417 2577 ii
2438 2537 2588 2579 certe
2607 2539 2717 2593 quo
2743 2533 2906 2578 erunt
2928 2525 3375 2596 perspicaciores,
3396 2541 3465 2582 eo
3490 2526 3679 2601 minus

2093 2614 2278 2669 Stoica
2309 2615 2401 2669 illa
2425 2614 2678 2685 dogmata
2716 2615 2997 2681 videbunt,
3039 2633 3162 2688 quae
3198 2619 3252 2671 in
3304 2617 3554 2689 utrisque
3578 2619 3679 2673 de-

2091 2707 2449 2776 prehendisse
2473 2723 2534 2764 se
2567 2708 2708 2764 falso
2736 2710 3072 2764 existimavit
3100 2708 3485 2766 Combelisius.
3508 2710 3677 2765 Plura

2092 2812 2193 2853 suo
2214 2797 2337 2853 loco
2365 2797 2434 2853 de
2459 2799 2750 2855 severitate
2779 2800 2870 2854 illa
2894 2798 3079 2855 Stoica
3117 2801 3201 2855 vel
3229 2802 3412 2870 potius
3443 2798 3675 2857 Combe-

2092 2888 2285 2945 lisiana
2320 2906 2510 2945 :nunc
2544 2892 2613 2947 de
2665 2892 2775 2945 alio
2818 2892 2921 2946 viri
2952 2891 3317 2951 eruditissimi
3350 2902 3677 2963 argumento

2095 2982 2259 3036 verba
2315 2982 2605 3047 faciamus.
2641 2984 2719 3038 Ita
2750 2984 2917 3055 igitur
2958 2986 3202 3055 loquitur
3238 2987 3290 3039 in
3336 3001 3437 3039 suo
3469 2985 3678 3039 Basilio

2095 3075 2350 3137 recensita
2374 3073 2436 3144 (t.
2470 3072 2537 3137 ll,
2566 3091 2618 3145 p.
2650 3076 2777 3145 254)
2813 3094 2826 3129 :
2863 3074 2988 3144 Ipso
3021 3078 3202 3130 statim
3246 3076 3399 3129 titulo
3425 3085 3475 3129 et
3509 3090 3676 3145 argu-

407 3159 553 3230 quod
576 3160 630 3215 in
649 3159 752 3214 hac
777 3160 1013 3215 breviori
1040 3160 1281 3217 breviter
1301 3160 1511 3216 dictum
1537 3170 1640 3216 est.
1673 3159 1805 3215 Post
1831 3162 1989 3225 testi-
2019 3181 2061 3238 α
2098 3174 2269 3218 mento
2291 3163 2738 3220 Constitutionum
2768 3169 3208 3231 monasticarum,
3229 3168 3394 3221 alium
3411 3183 3466 3222 se
3488 3177 3680 3222 auctor

408 3251 593 3308 monia
641 3260 753 3308 tam
805 3259 957 3307 certa
1009 3261 1229 3323 tamque
1273 3253 1622 3317 indubitata,
1672 3253 1987 3323 opinionem

409 3352 654 3401 nostram
676 3345 852 3418 magis
872 3346 1189 3401 conﬁrmari
1214 3346 1350 3401 nihil
1383 3347 1601 3417 quidem
1627 3362 1858 3402 necesse
1881 3346 1986 3407 du-

409 3452 476 3492 ro
510 3457 524 3493 :
556 3439 652 3497 sed
695 3448 875 3497 tamen
916 3454 1025 3494 non
1061 3440 1350 3510 indignum
1386 3448 1538 3511 puto,
1569 3439 1718 3510 quod
1746 3448 1986 3506 notetur,

409 3528 629 3583 easdem
671 3528 887 3584 dicendi
939 3529 1237 3595 fonnlulas,
1273 3547 1394 3600 quae
1435 3531 1489 3585 in
1540 3530 1842 3602 majoribus
1884 3529 1991 3584 Re-

409 3620 553 3689 gulis
613 3620 989 3687 inveniuntur,
1040 3623 1095 3677 in
1137 3623 1445 3679 minoribus
1475 3638 1695 3694 quoque
1736 3622 1983 3693 reperiri.

411 3712 601 3779 Qualis
624 3721 710 3769 est
732 3715 848 3783 illa,
876 3731 984 3785 qua
1014 3714 1249 3786 scriptor
1269 3716 1344 3769 ita
1374 3713 1715 3785 Scripturam
1743 3713 1985 3784 citat(a),

410 3810 473 3860 ut
502 3804 761 3860 adverbia
790 3806 1039 3876 quaedam
1075 3816 1354 3876 pmponat
1376 3825 1390 3861 :
1411 3806 1518 3860 Τοῦ
1549 3805 1755 3877 Κυρίου
1789 3806 1991 3877 ὁριστι-

411 3893 526 3957 κῶς
567 3894 833 3959 εἰπόντος,
870 3902 1003 3960 etc.,
1033 3912 1151 3952 cum
1189 3895 1449 3959 Dominus
1482 3896 1650 3951 verbis
1683 3894 1990 3948 decretoriis

411 3987 629 4052 dixerit,
660 3994 771 4044 etc.
808 3986 1023 4043 Rursus
1052 3986 1364 4057 cujusmodi
1386 3995 1470 4041 est
1497 3987 1611 4051 illa,
1647 4002 1769 4057 quae
1805 3983 1858 4038 in
1888 4001 1990 4041 usu

410 4088 499 4135 est
525 4078 670 4149 apud
700 4079 1047 4149 scriptorem,
1066 4093 1192 4134 cum
1216 4077 1437 4147 aliquod
1465 4092 1638 4146 genus
1655 4076 1994 4146 pra-lectura:

410 4171 740 4240 exprimitur
779 4190 793 4225 :
827 4171 993 4224 Ὥστε
1033 4169 1123 4224 τὸν
1160 4169 1259 4240 μέν
1306 4186 1425 4223 τινα
1453 4167 1735 4240 ὀφθαλμοῦ
1778 4166 1992 4238 ἐπέχειν

411 4264 660 4334 δύναμιν,
692 4263 793 4335 τὴν
830 4261 1149 4332 ἐπιμέλειαν
1189 4262 1287 4334 τὴν
1323 4262 1505 4332 κοινὴν
1541 4260 1988 4331 πεπιστευμένον

411 4358 491 4409 ita
541 4363 599 4408 ut
632 4356 772 4410 alius
818 4354 1026 4426 quidem
1077 4355 1218 4413 oculi
1253 4356 1357 4410 vim
1397 4354 1649 4418 obtineat,
1682 4356 1767 4409 cui
1795 4355 1992 4411 scilicet

411 4446 713 4502 concredita
748 4456 826 4502 est
856 4449 1148 4503 communis
1179 4464 1354 4503 rerum
1383 4463 1553 4502 cura:
1588 4448 1680 4502 ubi
1706 4463 1814 4501 non
1857 4449 1992 4501 sitn-

2086 3257 2265 3325 prodit
2285 3257 2351 3312 ab
2384 3275 2465 3315 eo.
2493 3258 2643 3327 cuius
2689 3263 2966 3328 superiora
3006 3261 3184 3314 omnia
3211 3258 3279 3329 (si
3310 3260 3446 3329 forte
3475 3262 3679 3328 prwfa-

2090 3351 2286 3404 tionem
2309 3351 2547 3421 aliquam
2579 3352 2912 3423 libellumque
2954 3353 3022 3405 ad
3056 3352 3290 3423 ἄσκησιν
3335 3354 3679 3423 sanctiusque

2089 3443 2390 3511 institutum
2447 3444 2607 3498 levius
2637 3444 3010 3513 informantem
3045 3445 3354 3516 exceperis),
3398 3460 3679 3514 verumque

2090 3533 2381 3597 Basiliam,
2427 3535 2517 3603 qui
2554 3546 2604 3589 et
2653 3551 2740 3588 eos
2779 3534 3012 3597 erudiat,
3049 3536 3140 3605 qui
3179 3535 3236 3589 in
3268 3536 3516 3589 societate
3554 3551 3677 3588 cum

2091 3624 2328 3694 reliquis,
2353 3633 2405 3678 et
2431 3626 2520 3695 qui
2547 3625 2853 3678 solitariam
2883 3626 2982 3694 ipsi
3017 3642 3253 3680 seorsum
3282 3626 3441 3679 vitam
3474 3633 3676 3695 agant;

2091 3725 2480 3785 utestutraque
2517 3716 2713 3769 militia
2742 3714 2997 3770 Ecclesia:
3027 3716 3274 3785 probata,
3298 3715 3555 3785 ducesque
3577 3715 3676 3769 Ita-

2092 3810 2206 3861 buit
2238 3817 2289 3862 et
2304 3808 2568 3862 antistites
2599 3817 2754 3877 atque
2785 3808 3011 3863 cultores
3046 3809 3184 3862 viros
3216 3809 3372 3878 plane
3408 3808 3676 3877 inclytos;

2092 3916 2211 3953 cum
2231 3900 2379 3968 prior
2404 3898 2494 3953 ille
2520 3908 2704 3953 auctor
2726 3900 2802 3953 sic
2843 3900 3112 3954 solitarius
3141 3910 3388 3969 perpetuo
3423 3899 3677 3951 insectari

2094 3992 2353 4055 videatur,
2378 3990 2600 4061 unisque
2636 4006 2964 4044 communem
2999 3991 3160 4044 vitam
3197 3989 3493 4060 agentibus,
3520 3986 3676 4057 quid-

2092 4084 2218 4153 quid
2237 4091 2314 4137 est
2355 4080 2678 4147 Christiana:
2708 4082 2922 4150 pietatis
2963 4082 3239 4139 ascribere.
3276 4080 3493 4143 Fateor,
3526 4079 3673 4149 quod

2098 4176 2185 4229 hic
2213 4175 2290 4229 ait
2322 4174 2710 4239 Combelisius,
2761 4174 3095 4244 [tegularum
3133 4184 3411 4227 auctorem
3435 4172 3675 4225 anacho-

2097 4269 2228 4338 retis
2256 4265 2694 4329 infensissimum
2725 4282 2869 4330 esse,
2921 4265 3245 4335 scriptorem
3285 4280 3415 4318 vero
3458 4264 3679 4318 Consti-

2096 4362 2370 4415 tutionum
2396 4361 2826 4417 monasticarum
2852 4359 2933 4416 eis
2964 4358 3167 4421 favore,
3203 4360 3557 4426 ipsorumque
3592 4357 3676 4409 vi-

2098 4452 2258 4507 vendi
2281 4452 2549 4506 rationem
2584 4451 2838 4520 probare,
2896 4449 2950 4503 id
2996 4450 3130 4502 mihi
3176 4449 3348 4502 videri
3377 4458 3430 4502 et
3467 4448 3678 4501 bruttius

412 4539 627 4610 pliciter
661 4539 886 4603 dicitur,
922 4540 1012 4596 τὸν
1049 4540 1390 4612 προεστῶτα,
1434 4541 1711 4608 praefectus
1768 4540 1988 4604 scilicet,
2023 4536 2065 4589 D
2095 4550 2149 4596 et
2177 4540 2420 4612 gravius.
2452 4554 2616 4610 quam
2666 4548 2747 4594 es!
2792 4546 2905 4593 tota
2931 4539 3021 4592 illa
3044 4545 3153 4592 tam
3189 4554 3330 4607 sa‘pe
3364 4540 3432 4592 ab
3484 4538 3676 4591 eodem

412 4632 509 4688 sed
540 4647 636 4703 per
657 4632 1043 4703 peripltrasim,
1078 4632 1178 4702 τὴν
1206 4632 1525 4703 ἐπιμέλειαν
1547 4631 1645 4703 τὴν
1674 4630 1857 4701 κοινὴν
1893 4647 1990 4683 πε-

413 4724 793 4797 πιστευμένον.
839 4724 1210 4782 Annumerari
1260 4732 1437 4794 potest
1486 4740 1612 4778 cum
1679 4723 1766 4778 his
1806 4731 1860 4778 et
1901 4723 1992 4776 illa

412 4833 652 4888 quoque,
684 4834 793 4889 qua
847 4832 1010 4874 voces
1060 4817 1425 4889 πληροφορεῖν
1469 4823 1524 4872 et
1568 4815 1912 4888 πληροφορία
1938 4815 1993 4868 in

414 4911 815 4981 signiﬁcatione
836 4911 1214 4982 persuasionis
1239 4916 1597 4979 usurpantur.
1616 4908 1708 4961 τὸν
1727 4908 1824 4979 μὲν
1854 4907 1992 4977 πλη-

416 5005 745 5074 ροφσρήσας,
774 5004 856 5057 ὅτι
888 5006 936 5066 ὁ,
959 5013 1090 5068 etc.,
1117 5003 1194 5057 sic
1218 5012 1273 5054 ut
1297 5001 1453 5055 alteri
1486 5000 1693 5070 quidem
1720 5016 1993 5060 persuase-

415 5096 507 5159 rit,
535 5103 593 5147 ut
626 5095 695 5159 si,
727 5103 836 5150 etc.
854 5093 919 5148 Et
942 5095 1075 5149 illud
1105 5094 1230 5148 addi
1286 5099 1485 5163 potest,
1515 5092 1780 5162 quasdam
1806 5105 1992 5152 voces,

419 5193 577 5241 certo
630 5187 869 5255 quodam
923 5185 1087 5241 modo
1135 5195 1413 5255 acceptas,
1448 5202 1572 5256 quae
1624 5200 1895 5255 nusquam
1941 5186 1995 5239 in

417 5276 644 5347 Regalis
676 5276 1017 5348 longioribus
1054 5284 1356 5347 ponuntur,
1383 5291 1655 5347 nusquam
1693 5290 1915 5345 quoque
1942 5275 1997 5329 in

418 5368 765 5424 brevioribus
796 5367 1067 5422 adhiberi.
1094 5367 1177 5421 Ad
1208 5366 1352 5437 quod
1377 5382 1549 5437 genus
1581 5373 1696 5421 tres
1727 5365 1810 5420 ba:
1833 5379 1998 5421 voces

418 5459 758 5523 referuntur,
804 5459 1132 5528 φιλοσοφεῖν,
1186 5458 1496 5528 φιλοσοφία,
1563 5457 1867 5528 φιλόσοφος.
1917 5456 1998 5510 Ad

417 5553 561 5609 idem
614 5552 852 5623 pertinet
892 5552 1118 5607 verbum
1161 5552 1451 5619 ποιεῖσθαι,
1485 5565 1608 5607 cum
1654 5550 1712 5606 in
1754 5556 1999 5621 tempore

489 5728 567 5797 (ιι)
600 5729 727 5798 Leg.
762 5747 815 5785 ιι.
859 5732 946 5783 38.

489 5800 562 5873 (ὁ)
602 5800 737 5874 Lege
763 5818 814 5857 ιι.
844 5801 930 5858 57.

2094 4632 2428 4687 Combelisio
2456 4632 2750 4686 decantata
2792 4629 3104 4685 Stoicorum
3140 4631 3425 4684 severitas.
3466 4628 3677 4683 Etenim

2098 4725 2432 4796 Regularum
2489 4732 2685 4779 auctor
2733 4733 2844 4785 tam
2893 4723 3244 4777 vehementer
3298 4721 3573 4775 invehitur
3619 4722 3677 4775 in

2098 4818 2456 4872 anachoretas
2510 4815 2611 4887 (ά),
2663 4824 2721 4870 ιιι
2771 4831 2895 4870 eum
2926 4815 3061 4885 ipsis
3086 4829 3324 4883 unquam
3363 4814 3563 4868 favisse
3589 4814 3678 4866 vix

2098 4911 2294 4965 eredas
2331 4930 2343 4963 :
2378 4908 2475 4963 sed
2532 4916 2715 4961 tamen
2768 4922 2835 4965 ne
2872 4906 2977 4963 hoc
3022 4905 3243 4974 quidem
3298 4912 3678 4973 argumentum

2099 5003 2336 5056 arbitror
2389 5000 2455 5055 ad
2511 4998 2946 5069 persuadendum
3007 4998 3235 5050 inultum
3296 4998 3498 5051 valere.
3543 4993 3677 5048 Nam

2103 5106 2285 5146 rarum
2322 5099 2555 5152 nonest,
2576 5098 2635 5146 ut
2663 5090 2791 5159 quis
2818 5085 3605 5156 diversislemporihuseadem
3625 5094 3681 5139 et

2101 5183 2293 5252 probet
2321 5191 2375 5237 et
2403 5181 2688 5250 improbet.
2713 5178 2855 5242 Fieri
2871 5194 3002 5248 ergo
3033 5179 3228 5249 potuit.
3255 5186 3314 5231 ul.
3345 5175 3676 5245 Regularum

2102 5275 2357 5344 scriptor,
2414 5273 2668 5343 quisquis
2716 5278 2820 5334 est,
2854 5272 3312 5325 anachoretarum
3359 5268 3569 5322 vivendi
3601 5282 3676 5319 ra-

2103 5369 2306 5423 tionem
2336 5366 2491 5422 valde
2540 5364 2884 5433 vituperarit,
2916 5380 3081 5433 quam
3131 5370 3290 5416 antea
3327 5370 3507 5415 tamen
3539 5359 3680 5413 mul-

2104 5468 2218 5513 tum
2272 5457 2572 5512 laudasset.
2628 5454 2900 5524 Quoniam
2929 5467 3111 5511 tamen
3139 5455 3243 5508 hoc
3279 5454 3397 5523 ipso
3425 5452 3479 5505 in
3514 5465 3677 5522 argu-

2102 5557 2288 5606 mento
2317 5548 2424 5603 vim
2455 5546 2749 5601 maximam
2809 5546 2991 5601 inesse
3037 5545 3312 5611 existimo,
3366 5542 3413 5598 si
3459 5536 3679 5597 aliuad'e

2199 5728 2247 5794 ιτ)
2282 5726 2413 5782 Ibid.

2199 5730 2247 5794 ιτ)
2282 5730 2413 5782 Ibid.

2176 5730 2251 5872 Ed)
2288 5798 2427 5871 Lege
2463 5813 2571 5868 reg.
2610 5798 2635 5851 Ἰ
2668 5798 2800 5870 maj.
