3972 6202
356 217 434 272 85
1818 171 2212 277 ιίιιίιίῆιτιυ.
3570 220 3637 270 86

363 331 772 393 consideretur,
802 331 871 382 ab
901 346 966 384 co
999 347 1110 386 non
1145 341 1255 386 tam
1285 336 1394 388 cito
1428 335 1728 390 discedam.
1769 337 1956 390 Scieu-
1985 341 2031 397 Α
2065 349 2258 390 auctor
2314 337 2367 390 in
2437 335 2658 405 Regulis
2717 335 3060 390 brevioribus
3128 335 3303 404 magis
3352 334 3638 404 indulgens

368 425 496 478 dum
531 436 656 492 ergo
676 420 1156 478 Constitutienttm
1211 427 1636 480 monasticarum
1671 436 1951 484 auctorem

370 515 818 569 anachoretarum
866 524 1074 570 statum
1135 534 1245 572 non
1289 519 1464 572 obiter
1495 521 1948 582 commendasse,

371 611 463 664 sed
503 609 566 663 de
620 624 688 663 eo
743 611 972 679 cupiose
1009 612 1426 668 etabundauter
1449 613 1799 670 disseruisse.
1833 613 1960 668 Non.

366 703 508 755 enim
541 700 596 755 id
620 703 836 757 vivendi
875 718 1049 774 genus
1081 721 1193 760 uno
1227 715 1320 760 aut
1349 707 1523 762 altero
1574 708 1692 761 loco
1722 707 1950 778 probat,

365 793 459 847 sed
511 801 685 848 totam
742 795 979 850 mediam
1013 796 1096 850 sui
1129 798 1312 866 operis
1353 803 1561 866 partem
1593 798 1649 851 in
1690 813 1756 853 eo
1789 798 1956 851 infor-

364 885 564 939 mando
587 867 962 956 insumpsisse
984 903 1044 944 se
1075 887 1302 942 tradidit
1327 887 1463 957 ipse.
1500 887 1576 942 lta
1615 890 1761 944 enim
1795 890 1955 943 initio

362 976 560 1043 capitis
616 977 691 1031 18
739 978 984 1049 loquitur
1013 984 1162 1050 (pag.
1193 979 1317 1050 560)
1353 999 1366 1034 :
1398 982 1534 1052 Περὶ
1585 981 1684 1051 μὲν
1730 977 1822 1035 οὖν
1860 982 1952 1034 τοῦ

364 1071 704 1124 ιαθέκαστον
725 1073 965 1144 ἀσκητοῦ
997 1074 1092 1126 καὶ
1147 1073 1357 1127 τοῦτὸν
1393 1076 1601 1145 μονήρη
1632 1075 1746 1144 βίον
1777 1075 1958 1128 ἀσπα-

363 1163 601 1232 σαμένου
634 1165 696 1218 ὲν
721 1169 835 1230 τοῖς
886 1165 1217 1236 ἔμπροσθεν,
1252 1166 1323 1230 ὡς
1361 1169 1508 1237 ἐνῆν,
1535 1167 1915 1237 δεδηλώκαμεν
1935 1183 1950 1198 ο

361 1256 510 1317 ὅπως
542 1258 646 1325 τήν
696 1275 756 1309 τε
810 1257 988 1330 ψυχὴν
1021 1261 1157 1329 πρὸς
1198 1261 1257 1313 τὸ
1284 1259 1445 1313 καλὸν
1476 1258 1742 1324 ὲξασκῶν,
1782 1261 1874 1312 καὶ
1896 1259 1956 1311 τὸ

363 1346 526 1415 σῶμα
557 1348 697 1418 πρὸς
726 1349 788 1401 τὸ
829 1350 947 1402 δέον
986 1352 1306 1421 οἰκονομῶν,
1347 1351 1551 1405 δύναιτ’
1586 1351 1652 1404 ἂν
1697 1353 1829 1422 ἡμῖν
1864 1351 1956 1404 τὸν

361 1437 572 1508 ἀκριΕῆ
606 1442 1014 1512 χαρακτηρίσαι
1039 1443 1344 1512 φιλόσοφον.
1389 1443 1540 1495 Ἐπεὶ
1567 1443 1624 1496 δὲ
1643 1444 1692 1496 οἱ
1720 1443 1955 1495 πλεῖστοι

359 1527 470 1580 τῶν
491 1529 755 1599 ἀσκητῶν
775 1533 917 1584 κατὰ
949 1535 1114 1605 συστή
1124 1552 1266 1605 ματα
1292 1534 1682 1596 πολιτεύονται,
1709 1534 1956 1605 ἀλλήλοις

360 1617 427 1670 τά
443 1622 776 1690 φρονήματα
803 1624 939 1694 πρὸς
957 1625 1159 1695 ἀρετὴν
1188 1625 1616 1697 παραθήγοντες,
1645 1627 1741 1679 καὶ
1766 1629 1831 1696 τῇ
1850 1627 1955 1678 τῶν

362 1709 814 1781 κατορθωμάτων
849 1715 1275 1787 ἁντιπαραθέσει
1306 1717 1699 1787 παρορμῶντες
1737 1719 1959 1782 ἑαυτοὺς

362 1799 454 1850 ἐπὶ
480 1801 582 1870 τὴν
613 1802 712 1855 τοῦ
747 1803 915 1857 καλοῦ
955 1805 1260 1878 προκοπὴν,
1302 1807 1509 1861 δίκαιον
1550 1808 1833 1879 ᾠήθημεν,
1866 1810 1960 1864 καὶ

362 1890 575 1956 τούτοις
593 1893 696 1964 τὴν
725 1895 815 1949 διὰ
834 1896 942 1949 τῶν
963 1899 1138 1965 λόγων
1165 1899 1508 1971 παράκλησιν
1527 1902 1956 1970 εἰσενέγκασθαι.

363 1984 438 2035 Ac
461 1985 530 2037 de
546 1997 729 2040 asceta
761 1988 993 2057 quidem,
1045 1992 1135 2060 qui
1173 2009 1406 2046 seorsum
1428 1995 1557 2063 agit,
1591 1993 1851 2063 uitamque
1882 2013 1964 2049 so-

363 2073 608 2128 lituriam
672 2081 948 2146 amplexus
990 2091 1088 2147 est,
1120 2083 1378 2146 dilucide,
1431 2096 1687 2154 quantum
1727 2086 1780 2139 in
1812 2087 1959 2140 nobis

361 2177 496 2229 erat,
523 2171 768 2236 superius
793 2170 1163 2237 disseruimus,
1183 2176 1441 2245 quomodo
1470 2187 1517 2230 et
1548 2179 1783 2231 aninmm
1812 2194 1962 2231 exer-

362 2276 482 2311 cens
530 2262 601 2313 ad
649 2263 866 2329 bonum,
914 2276 964 2319 et
997 2283 1188 2334 corpus
1237 2279 1354 2336 apte
1390 2280 1439 2322 et
1490 2271 1589 2324 rite
1622 2263 1956 2339 componens,

365 2350 734 2420 philosophum
771 2357 1060 2425 perfectum
1123 2358 1270 2412 nobis
1320 2361 1608 2428 exprimere
1647 2364 1832 2430 possit.
1895 2364 1960 2416 At

373 2443 617 2510 quoniam
670 2460 949 2502 versantur
999 2451 1162 2504 simul
1215 2456 1268 2505 in
1317 2454 1692 2507 communitate
1741 2437 1962 2523 plurimi

379 2545 695 2601 metarum,
729 2542 968 2594 animum
1019 2553 1200 2596 mutuo
1233 2556 1544 2599 exacuentes
1579 2547 1648 2599 ad
1697 2547 1959 2611 virtutem,

370 2636 416 2678 at
441 2637 578 2681 recte
606 2629 874 2697 factorum
905 2637 1298 2703 comparatione
1323 2639 1522 2706 seipsos
1535 2639 1602 2690 ad
1630 2655 1960 2707 progressum

371 2719 422 2771 in
460 2720 596 2775 bono
654 2724 962 2792 faciendum
998 2730 1340 2793 concitantes,
1377 2747 1587 2799 (equum
1623 2747 1734 2785 esse
1759 2733 1962 2798 putavi—

372 2825 503 2873 mus,
537 2811 636 2866 hos
662 2816 827 2867 etiam
847 2819 1172 2872 sermonibus
1195 2821 1388 2874 nostris
1405 2821 1699 2874 adhortari.
1733 2820 1808 2874 Ex
1842 2820 1964 2890 qni-

375 2902 471 2957 hus
485 2907 724 2974 perspici
744 2917 942 2976 potest,
963 2920 1240 2965 auctorem
1259 2911 1331 2964 ita
1352 2926 1511 2979 suum
1529 2928 1668 2982 opus
1684 2913 1962 2978 divisisse,

2056 431 2227 486 fuisse
2290 431 2343 483 in
2394 430 2758 486 anachoretas
2797 427 3071 497 putandus
3117 436 3222 492 est,
3254 443 3376 481 eum
3417 429 3470 481 in
3506 429 3640 496 ipsis

2055 523 2296 590 regulam
2323 521 2606 591 septimam
2628 519 2910 588 majorem,
2937 534 3098 588 quam
3117 521 3348 588 quisque
3367 520 3519 588 sequi
3545 520 3642 574 de-

2055 615 2200 680 beat,
2235 617 2367 668 eitet
2398 614 2496 684 (a).
2521 613 2639 667 Jam
2665 628 2848 684 quer
2874 613 2966 684 qui
2988 612 3101 666 fieri
3125 612 3383 681 potuerit,
3416 619 3474 665 ut
3499 628 3640 665 unus

2055 712 2110 758 et
2133 705 2274 762 idem
2306 705 2469 759 homo
2533 705 2588 758 in
2621 720 2732 758 uno
2759 719 2924 774 opere
2949 703 3207 764 refutarit
3230 718 3352 772 quae
3389 703 3441 756 in
3471 702 3640 757 altero

2057 795 2387 865 scripsisset.
2429 794 2534 849 Sed
2561 795 2796 850 fortasse
2829 794 3068 864 cuipiam
3102 795 3157 848 in
3189 804 3422 848 mentem
3462 796 3639 847 veniet

2057 887 2203 956 quod
2265 888 2548 958 aliquanto
2597 899 2722 941 ante
2771 887 3043 948 diximus,
3080 886 3335 940 videlicet
3373 903 3478 940 non
3517 903 3640 940 raro

2057 980 2396 1050 contingere,
2427 987 2484 1033 ut
2506 980 2632 1050 quis
2660 979 2818 1034 aliter
2868 978 2990 1032 aliis
3027 979 3366 1048 temporibus
3419 979 3637 1032 sentiat.

2055 1069 2202 1124 Nihil
2221 1087 2352 1141 ergo
2376 1071 2622 1139 impedit,
2654 1067 3099 1138 inquietaliquis,
3127 1067 3424 1136 quominus
3449 1075 3641 1119 auctor

2057 1163 2294 1232 primum
2329 1161 2770 1218 Constitutiones
2800 1163 3137 1219 monasticas
3176 1163 3428 1231 vulgasse
3459 1162 3642 1215 creda-

2058 1262 2168 1316 tur,
2192 1254 2389 1308 deinde
2419 1271 2546 1308 vero
2577 1254 2837 1325 Regulus,
2871 1255 2925 1308 in
2955 1256 3178 1325 quibus,
3201 1270 3322 1312 cum
3349 1253 3635 1322 experien-

2058 1347 2133 1398 tia
2178 1345 2392 1400 doctior
2441 1346 2670 1401 elIectus
2724 1347 2937 1411 fuisset,
2971 1356 3239 1400 mutasset
3290 1344 3637 1400 sententiam.

2062 1436 2172 1506 Ego
2200 1439 2420 1508 quidem
2475 1439 2686 1494 fatebor
2717 1439 2790 1492 ita
2833 1440 2966 1492 mihi
3001 1439 3176 1508 primo
3201 1445 3425 1507 aspectu
3463 1437 3638 1490 visum

2060 1531 2230 1586 fuisse
2266 1533 2421 1595 :sed,
2456 1549 2514 1586 re
2547 1532 2864 1600 diligentius
2918 1532 3285 1594 considerata,
3346 1531 3506 1586 aliter
3553 1529 3642 1598 ju—

2061 1624 2260 1679 dicavi.
2304 1623 2434 1678 Mihi
2465 1625 2610 1680 enim
2645 1623 2974 1694 persuadere
3005 1640 3110 1676 non
3144 1623 3314 1692 potui,
3362 1630 3639 1675 auctorem

2065 1725 2172 1770 tam
2198 1716 2474 1771 contraria
2498 1717 2739 1771 scribere
2774 1717 3035 1785 potuisse,
3080 1731 3177 1769 nec
3211 1727 3389 1768 tamen
3421 1713 3486 1767 de
3518 1729 3643 1767 seu-

2063 1809 2246 1863 tentia:
2289 1809 2592 1863 mutatione
2620 1809 2889 1862 rationem
2920 1810 3083 1861 ullam
3112 1806 3433 1860 reddidisse.
3459 1805 3639 1870 Certe,

2063 1901 2107 1952 si
2129 1900 2254 1969 quis
2290 1900 2452 1954 hodie
2481 1900 2548 1954 de
2579 1898 2943 1957 informandis
2992 1899 3444 1953 anachoretarum
3477 1900 3638 1951 mori-

2064 1992 2164 2045 bus
2198 1991 2392 2044 librum
2423 1991 2658 2060 aliquem
2700 1991 2907 2053 ederet,
2960 2006 3238 2060 nunquam
3266 1991 3319 2042 in
3358 1991 3464 2042 alio
3503 1990 3644 2043 libro

2064 2087 2311 2141 funditus
2383 2094 2653 2144 everteret
2704 2102 2891 2139 eorum
2948 2087 3294 2146 institutum,
3341 2085 3446 2138 nisi
3494 2085 3644 2152 prius

2063 2181 2367 2234 monuisset
2400 2195 2458 2233 se
2492 2179 2562 2232 ob
2591 2194 2784 2246 graves
2818 2192 3015 2232 causas
3039 2177 3105 2231 de
3138 2179 3408 2231 sententia
3455 2177 3644 2231 deces-

2063 2273 2242 2325 sisse:
2275 2271 2422 2340 quod
2484 2287 2609 2324 cum
2652 2270 2855 2324 factum
2908 2284 3017 2322 non
3049 2269 3122 2322 sit
3151 2269 3202 2320 in
3231 2268 3319 2330 iis,
3344 2268 3408 2320 de
3444 2268 3645 2337 quibus

2063 2363 2297 2430 agimus,
2339 2361 2581 2430 scriptis,
2621 2361 2745 2412 inde
2769 2359 2905 2412 ellici
2950 2358 3169 2411 videtur
3203 2359 3472 2425 ejusmodi
3507 2361 3644 2412 srri-

2066 2458 2155 2516 pta
2188 2463 2297 2502 non
2354 2447 2470 2510 uni,
2504 2447 2599 2503 sed
2636 2447 2850 2501 duobus
2893 2447 3255 2516 scriptoribus
3285 2448 3449 2499 tribui
3485 2465 3646 2516 opor-

2063 2549 2201 2595 tere.
2235 2539 2317 2593 ΑΙ)
2371 2556 2458 2602 eo,
2492 2538 2635 2608 quod
2682 2555 2807 2592 mox
2853 2539 3138 2607 proposui,
3176 2547 3499 2607 argumento
3533 2553 3642 2593 ucn

2067 2634 2293 2686 multum
2330 2632 2538 2686 abludit
2569 2632 2725 2693 illud,
2763 2633 2908 2701 quod
2939 2647 3060 2684 mox
3092 2630 3384 2698 proferam.
3429 2629 3646 2684 Monrre

2063 2736 2192 2791 ergo
2217 2722 2396 2792 juvat,
2418 2722 2586 2776 multa
2615 2720 2931 2774 communia
2965 2736 3087 2774 esse
3113 2718 3334 2789 [tegulis
3369 2736 3491 2774 cum
3531 2735 3647 2772 mo-

2067 2814 2293 2869 nasticis
2316 2814 2836 2868 Constitutiouibus.
2859 2812 3030 2878 Quale
3047 2821 3131 2864 est
3149 2811 3522 2880 quoddicitur
3538 2824 3644 2864 tam

2069 2906 2120 2959 in
2157 2904 2377 2975 [tegulis
2407 2921 2570 2975 quam
2619 2907 2670 2958 in
2705 2903 3209 2958 (Ionstitutionilnls
3257 2902 3323 2955 de
3376 2902 3647 2969 colloquio

376 3001 430 3044 Ill
456 2995 607 3050 illius
643 3005 759 3051 tota
803 2999 983 3054 media
1007 3017 1134 3071 pars
1165 3002 1233 3057 ad
1256 3003 1645 3067 anachoretas,
1683 3005 1855 3058 altera
1895 3005 1961 3058 ad
1993 3015 2034 3071 ο
2069 3014 2191 3050 cum
2229 2998 2585 3064 mulieribus;
2616 2997 2682 3050 de
2711 2995 2978 3065 eligendis
3009 2995 3077 3048 iis
3099 2994 3358 3063 operibus
3385 3011 3505 3062 qua:
3536 3002 3648 3046 sta-

376 3088 681 3143 rcenobitas
721 3096 1088 3159 spectaret.At
1106 3111 1232 3149 vero
1250 3101 1460 3150 tantum
1495 3096 1669 3159 abest,
1703 3105 1763 3150 ut
1793 3096 1976 3167 Regu-.

380 3179 543 3233 larum
576 3191 780 3238 auctor
803 3186 1026 3243 unicum
1045 3189 1269 3242 verbum
1291 3189 1492 3244 dixerit
1520 3190 1587 3244 de
1617 3191 1777 3248 laude
1800 3191 1974 3259 hujus.

379 3281 573 3336 status,
611 3283 671 3328 ut
697 3292 822 3331 eum
842 3279 1004 3332 etiam
1053 3281 1231 3337 modis
1250 3283 1508 3341 omnibus
1536 3283 1795 3353 exagitet.
1833 3281 1963 3353 Legi

380 3368 574 3431 poterit
601 3371 894 3437 septimum
923 3382 1087 3442 caput
1111 3372 1442 3445 Regularum
1472 3375 1740 3444 majorum
1764 3383 1961 3439 totum,

381 3456 430 3509 in
447 3474 555 3526 quo
574 3459 708 3513 nihil
724 3465 987 3518 omissum
1005 3474 1088 3520 est
1102 3481 1312 3528 eorum,
1329 3468 1530 3537 quibus
1549 3469 1711 3537 hujus
1731 3468 1963 3522 instituti

382 3546 626 3612 pericula
653 3549 1115 3624 incommodaque
1135 3557 1354 3612 ostendi
1389 3559 1622 3628 possint.
1651 3559 1747 3614 llic
1785 3562 1961 3614 locum

381 3654 570 3707 unum,
604 3643 698 3711 qui
723 3643 898 3700 instar
931 3649 1176 3702 omnium
1227 3666 1349 3705 esse
1393 3651 1587 3720 possit,
1632 3653 1959 3707 exscribam.

380 3731 514 3784 Cum
557 3735 726 3804 igitur
777 3738 1125 3796 incommoda
1175 3743 1382 3812 aliqua,
1414 3760 1534 3814 qum
1575 3743 1718 3798 ltaue
1752 3744 1964 3798 vivendi

381 3826 651 3880 rationem
724 3830 1097 3894 comitantur,
1150 3836 1452 3901 retulisset,
1498 3835 1570 3888 ita
1615 3836 1967 3905 persequitur

381 3916 526 3989 (pag.
550 3921 678 3989 545)
708 3939 722 3974 :
763 3923 924 3980 Ἀνευ
959 3925 1017 3977 δὲ
1039 3926 1360 3988 τούτου,καὶ
1397 3930 1426 3980 ὁ
1465 3929 1559 3998 τῆς
1607 3929 1826 3999 ἀγάπης
1870 3928 1962 3981 τοῦ

381 4011 618 4080 Χριστοῦ
648 4015 806 4083 λόγος
834 4017 934 4070 οὐκ
982 4018 1266 4088 ἐπιτρέπει
1300 4021 1360 4073 τὸ
1411 4020 1540 4074 ἴδιον
1577 4024 1800 4074 σκοπεῖν
1829 4022 1960 4075 ἕκα-

384 4119 527 4157 στον.
579 4102 651 4158 Ἦ
671 4105 870 4175 ἀγάπη
894 4109 1024 4180 γὰρ,
1059 4111 1244 4180 φησὶν,
1283 4113 1355 4164 οὐ
1397 4110 1553 4180 ζητεῖ
1598 4112 1671 4165 τὰ
1719 4112 1958 4179 ἑαυτῆς.

394 4195 454 4246 Ὀ
480 4196 535 4248 δὲ
566 4197 943 4265 ἀφιδιαστικὸς
975 4201 1087 4271 βίος
1119 4203 1213 4255 ἕνα
1246 4204 1445 4256 σκοπὸν
1481 4203 1614 4273 ἔχει,
1639 4203 1736 4274 τὴν
1757 4204 1961 4257 οἰκείαν

386 4285 616 4338 ἑκάστου
644 4288 755 4341 τῶν
788 4291 988 4360 χρειῶν
1033 4292 1351 4363 θεραπείαν.
1387 4293 1559 4348 Τοῦτο
1589 4294 1644 4346 δὲ
1677 4295 1960 4366 προδήλως

2069 3091 2146 3144 tui
2199 3091 2593 3145 monachorum
2646 3089 3007 3153 conveniant;
3073 3088 3139 3141 de
3183 3086 3529 3146 obedientia;
3578 3085 3644 3138 de

2069 3184 2345 3253 przepusiti
2378 3181 2588 3246 ollicio;
2620 3182 2686 3236 de
2721 3182 3088 3243 vestimentis,
3132 3181 3307 3250 deque
3341 3181 3464 3233 aliis
3499 3179 3649 3247 ejus-

2066 3279 2187 3331 dem
2235 3277 2456 3347 generis
2509 3275 2779 3346 plurimis.
2823 3275 2986 3345 Ergo,
3016 3276 3062 3328 si
3109 3274 3436 3344 chularum
3487 3283 3648 3341 atque

2065 3370 2536 3424 Constitutionum
2582 3369 2722 3426 idem
2766 3379 2956 3423 auctor
2989 3376 3155 3429 esset,
3210 3375 3304 3419 aut
3336 3367 3387 3419 iu
3429 3365 3648 3433 llegulis

2064 3463 2530 3517 Constitutionum
2556 3460 2918 3521 meminisset,
2945 3467 3038 3511 aut
3066 3461 3118 3512 in
3150 3457 3648 3514 Constitutionibus

2068 3555 2399 3609 mentionem
2434 3553 2653 3608 fecisset
2684 3551 3035 3622 Regularum.
3069 3551 3254 3620 quue
3283 3552 3476 3619 magis,
3497 3549 3648 3620 quod

2067 3651 2282 3707 auctor,
2324 3645 2392 3698 de
2425 3659 2536 3713 quo
2585 3644 2832 3713 agimus,
2875 3643 3192 3711 quicunque
3245 3643 3334 3696 ille
3389 3643 3521 3702 fuit,
3573 3642 3646 3694 ita

2066 3738 2248 3793 facere
2276 3745 2660 3800 consueverat,
2717 3745 2776 3790 ut
2821 3736 3004 3790 videre
3045 3748 3129 3790 est
3166 3736 3219 3790 in
3271 3735 3490 3804 ltegulis
3527 3735 3648 3787 bre—

2065 3832 2331 3896 vioribus,
2367 3832 2424 3886 in
2480 3831 2681 3901 quibus
2734 3830 2852 3900 ipse
2885 3845 2992 3882 non
3031 3845 3155 3883 raro
3196 3829 3327 3882 citat
3361 3843 3482 3897 qua:
3517 3827 3646 3879 alibi

2067 3924 2132 3978 de
2158 3925 2348 3980 eodem
2382 3931 2706 3993 argumento
2751 3922 3072 3992 scripserat.
3125 3920 3258 3990 Ejus
3290 3923 3363 3972 rei
3397 3935 3521 3974 cum
3556 3935 3647 3973 su-

2067 4018 2251 4086 perius
2281 4015 2527 4085 exempla
2560 4016 2770 4084 aliquot
2821 4013 3192 4076 retulerimus,
3235 4014 3288 4066 in
3320 4013 3387 4067 iis
3413 4013 3648 4082 amplius

2066 4104 2468 4158 immorandum
2493 4120 2603 4158 non
2635 4104 2968 4174 putavimus.

2136 4198 2225 4251 55'.
2269 4196 2592 4266 Quanquam
2657 4198 2813 4265 longe
2842 4196 3107 4250 dissentio
3157 4195 3224 4248 ab
3257 4194 3346 4258 iis,
3377 4195 3470 4264 qui
3503 4194 3648 4247 Stoi-

2065 4307 2188 4344 emn
2213 4291 2267 4344 in
2297 4288 2519 4359 Regalis
2543 4289 2774 4343 inveniri
2805 4295 3015 4358 putant,
3035 4302 3220 4342 earum
3244 4294 3424 4340 tamen
3455 4293 3647 4339 auctor

388 4380 693 4448 μαχόμενόν
726 4383 930 4453 ἐστιτῷ
946 4387 1047 4455 τῆς
1067 4387 1284 4457 ἀγάπης
1313 4387 1483 4456 νόμῳ,
1509 4386 1568 4438 ὃν
1593 4389 1620 4439 ὁ
1648 4387 1959 4450 Ἀπὸστολος

2073 4383 2200 4435 mihi
2232 4381 2474 4435 severior
2501 4382 2653 4436 visus
2673 4391 2778 4444 est,
2809 4396 2971 4450 quam
3002 4379 3216 4433 utidem
3258 4379 3350 4442 sit,
3382 4379 3475 4447 qui
3500 4378 3644 4432 Con-

386 4469 644 4539 ὲπλήρου,
701 4472 774 4542 μὴ
825 4472 1003 4543 ζητῶν
1055 4475 1116 4528 τὸ
1149 4476 1345 4529 ἑαυτοῦ
1387 4477 1685 4550 συμφέρον,
1721 4477 1857 4531 ἀλλὰ
1902 4480 1964 4531 τὸ

385 4559 490 4612 τῶν
523 4562 754 4628 πολλῶν,
782 4565 869 4619 ἵνα
886 4566 1152 4631 σωθῶσιν,
1171 4578 1275 4622 etc.
1309 4567 1412 4622 Sed
1434 4580 1686 4637 prwterea
1708 4569 1964 4640 diligendi

383 4650 586 4706 Christi
612 4657 750 4710 ratio
771 4667 819 4710 et
843 4659 1050 4718 modus.
1087 4677 1500 4732 unumquemque
1531 4663 1667 4733 quod
1715 4663 1814 4716 sibi
1843 4680 1966 4731 pro-

384 4748 555 4810 prium
591 4747 772 4814 fuerit,
823 4760 1057 4816 spectare
1105 4770 1206 4805 non
1255 4755 1401 4806 sinit.
1443 4775 1460 4806 ι
1505 4752 1752 4810 Charitas
1799 4758 1960 4819 enim,

387 4838 571 4905 inquit,
622 4855 725 4891 non
771 4844 959 4909 quaerit
1003 4859 1120 4912 qua:
1161 4861 1260 4897 sua
1283 4855 1403 4897 sunt
1435 4845 1501 4898 ".
1544 4865 1560 4896 ι
1607 4845 1728 4898 Vita
1787 4858 1962 4900 autem

385 4929 628 4983 solitaria
684 4939 733 4985 et
767 4949 1004 4986 seorsum
1039 4950 1072 4986 a
1100 4935 1302 4988 cwteris
1333 4935 1576 4988 omnibus
1606 4945 1726 4988 acta
1751 4952 1961 5004 scopum

386 5023 594 5075 unicum
637 5023 812 5086 habet,
859 5035 916 5078 ut
941 5026 1053 5080 suis
1085 5028 1303 5096 quisque
1338 5027 1660 5081 utilitatibus
1690 5029 1956 5084 inserviat.

389 5114 498 5166 Hoc
545 5124 720 5169 autem
754 5127 928 5184 aperte
979 5117 1288 5171 adversatur
1339 5119 1614 5172 charitatis
1646 5119 1765 5187 legi,
1805 5137 1961 5188 quam

387 5209 630 5275 implebat
655 5208 960 5277 Apostolus,
984 5211 1077 5280 qui
1102 5227 1204 5263 non
1235 5227 1352 5272 sua,
1382 5210 1471 5264 sed
1503 5212 1788 5264 multorum
1819 5230 1961 5265 com-

386 5299 538 5353 moda
591 5310 868 5368 quwreret,
899 5311 956 5352 ut
1001 5303 1132 5354 salvi
1173 5302 1374 5368 ﬁerent,
1433 5309 1540 5356 etc.
1597 5300 1781 5373 Neque
1835 5320 1962 5358 vero

450 5479 496 5510 ³⁸
525 5478 541 5530 1
570 5479 696 5534 Cor.
726 5497 844 5548 sui,

447 5633 524 5704 (a)
553 5633 682 5707 Reg.
726 5637 876 5692 brev.
919 5638 1006 5690 74.

2068 4475 2385 4529 stitutioncs
2415 4474 2721 4544 scripserit.
2737 4472 2836 4527 llic
2860 4473 3084 4543 majoris
3107 4471 3457 4541 perfectionis
3479 4487 3644 4526 causa

2069 4569 2419 4622 severitatem
2476 4567 2680 4636 ubique
2731 4566 3039 4636 prazdicat:
3087 4565 3176 4618 ille
3214 4563 3485 4633 quoddam
3524 4563 3647 4616 vitm

2068 4677 2242 4732 genus
2277 4669 2331 4714 et
2361 4660 2547 4712 tnitius
2569 4657 2981 4712 etconuuodius
2998 4655 3269 4725 proponit.
3308 4654 3407 4707 llic
3439 4661 3644 4707 arctam

2066 4755 2214 4805 illam
2240 4753 2407 4816 viam,
2447 4767 2569 4820 qua:
2597 4750 2663 4804 ad
2710 4765 2894 4804 veram
2924 4749 3089 4802 vitam
3128 4747 3298 4811 ducit,
3341 4747 3419 4801 vel
3450 4746 3644 4815 paulu—

2068 4847 2178 4898 lqu
2209 4844 2439 4898 dilatare
2465 4858 2682 4913 semper
2719 4849 2937 4895 veretur
2973 4860 2985 4893 :
3022 4840 3110 4892 ille
3141 4854 3201 4892 se
3237 4846 3457 4907 praestat
3487 4839 3645 4891 beni—

2066 4937 2311 5004 gniorem
2375 4934 2782 5003 Scripturarum
2842 4932 3223 4998 interpretem,
3263 4935 3351 4992 et,
3409 4929 3452 4982 si
3505 4928 3643 4980 liaue

2065 5029 2209 5082 viam
2239 5042 2345 5081 non
2395 5028 2604 5088 dilatet,
2637 5034 2693 5078 at
2720 5027 2892 5095 ipsam
2931 5031 3111 5076 tamen
3144 5021 3442 5075 faciliorem
3481 5029 3643 5090 atque

2064 5123 2364 5192 planiorem
2418 5119 2614 5173 reddit.
2648 5117 2784 5171 Cum
2820 5117 2987 5169 multa
3042 5116 3158 5169 loca
3185 5113 3375 5168 afferre
3401 5129 3639 5183 possem,

2065 5216 2266 5286 quibus
2298 5213 2516 5286 probari
2557 5221 2741 5282 posset
2771 5210 2914 5278 quod
2947 5209 3107 5264 modo
3139 5208 3272 5273 dixi,
3299 5209 3353 5262 in
3404 5206 3638 5262 medium

2065 5319 2245 5365 tamen
2284 5324 2457 5379 pauca
2475 5307 2740 5362 duntaxat
2765 5301 3084 5358 adducenda
3109 5301 3324 5357 censui:
3349 5315 3415 5355 eo
3444 5299 3636 5370 magis,
