3972 6202
351 269 418 324 87
1809 265 1897 320 PR

2006 267 2203 322 ‘ATIO.
3531 268 3602 326 88

350 383 498 454 quod
533 384 579 442 si
603 382 727 456 quis
755 385 909 454 plura
944 386 1149 455 cupiat,
1185 385 1234 438 ei
1263 382 1665 454 quamplurima
1717 384 1773 438 in
1806 383 1941 453 ipsis
1971 390 2016 444 Α
2045 386 2328 438 coercuerit
2366 384 2624 437 tumultus
2660 383 2939 446 animales,
2973 393 3079 436 tum
3124 382 3328 437 demum
3378 384 3603 444 rationis

352 477 601 533 fontibus
630 478 875 534 invenire
899 477 1055 532 facile
1091 478 1184 532 sit.
1218 476 1294 530 Ita
1345 476 1510 548 igitur
1543 477 1600 531 in
1643 474 1927 532 Constitu-

353 567 599 625 tionibus
618 568 817 639 legitur
846 570 990 638 (pag.
1039 567 1167 629 555,
1202 582 1253 622 c.
1288 568 1340 632 7,
1379 583 1432 621 n.
1463 566 1518 637 2)
1558 586 1571 621 :
1606 566 1724 640 Χρὴ
1754 567 1930 620 τοίνυν

350 660 526 731 ἡσυχῆ
567 658 747 731 μένειν
772 660 841 714 τά
888 659 1079 722 πολλὰ,
1106 660 1201 715 καὶ
1239 662 1525 731 καρτερεῖν
1561 659 1790 713 ἕκαστον
1832 659 1929 729 τὴν

354 732 493 806 ιδίαὺ
530 752 880 822 καταγωγὴν,
904 751 990 804 ἵνα
1028 749 1124 821 ἔχῃ
1156 749 1314 803 τοῦτο
1348 749 1449 820 τῆς
1474 749 1793 813 εὐσταθείας
1821 750 1927 802 τῶν

351 843 565 911 τρόπων
605 841 934 913 μαρτύριον·
968 842 1041 912 μὴ
1068 844 1240 913 πάντη
1288 841 1387 912 μὲν
1422 840 1763 912 καθεῖρχθαι,
1793 838 1928 894 ἀλλά

352 934 451 995 τάς
477 950 538 987 τε
576 935 878 1003 ἀναγκαίας
896 934 1155 1005 προόδους
1200 933 1710 1004 εὐπαρῤησιάστους
1754 936 1926 987 ποιεῖ-

351 1022 496 1088 σθαι,
522 1025 580 1078 ὲν
604 1017 692 1087 αἷς
710 1023 865 1078 οὐδὲν
900 1024 960 1077 τὸ
1008 1023 1246 1086 συνειδὸς
1282 1024 1630 1093 ἐπισκήπτει,
1668 1022 1762 1075 καὶ
1799 1023 1925 1086 τοὺς

351 1114 667 1185 βελτίστους
687 1133 747 1169 τε
773 1118 866 1169 καὶ
886 1115 1341 1186 ὠφελιμωτάτους
1356 1114 1443 1168 διά
1460 1114 1732 1177 πολιτείας
1765 1115 1923 1185 ἀκρί-

349 1202 502 1260 ϐειαν
557 1205 664 1259 τῶν
719 1206 962 1275 ἀδελφῶν
1003 1204 1447 1269 ἐπισκέπτεσθαι,
1508 1202 1922 1275 παραδείγματα

347 1295 559 1367 ἀρετῶν
612 1298 676 1350 ὲκ
725 1298 828 1368 τῆς
880 1297 1155 1368 ὠφελίμου
1199 1297 1484 1369 συντυχίας
1539 1297 1879 1367 λαμϐάνοντα
1904 1338 1918 1362 ,

346 1388 675 1460 ἐμμέτρους,
709 1390 784 1452 ὡς
828 1389 1062 1460 ἔφημεν,
1101 1392 1195 1444 καὶ
1232 1390 1627 1461 ἀνεπιλήπτους
1662 1390 1763 1455 τὰς
1789 1407 1923 1462 προ-

343 1476 498 1541 όδους
536 1480 875 1550 ποιούμενον.
919 1481 1183 1545 Πολλάκις
1203 1482 1331 1553 γὰρ,
1370 1483 1463 1536 καὶ
1498 1483 1725 1553 ἀκηδίαν
1764 1484 1921 1551 ἐγγε-

344 1568 575 1641 νομένην
617 1574 683 1642 τῇ
727 1570 870 1643 ψυχῇ
921 1575 954 1644 ὴ
1004 1573 1228 1644 πρόοδος
1268 1573 1584 1639 διαλύσασα,
1621 1574 1779 1629 πάλιν
1809 1568 1919 1627 οἷον

344 1660 648 1732 ἐπιρρῶσαι
664 1665 758 1715 καὶ
785 1662 1114 1717 ἀναπνεῦσαι
1157 1666 1352 1738 μικρὸν
1375 1666 1753 1741 παρασχοῦσα,
1783 1681 1917 1735 προ-

2031 476 2180 545 freno
2204 477 2433 544 conlisus
2480 475 2598 529 velit
2635 474 2956 545 frequentius
2988 491 3049 528 ac
3076 475 3309 530 crebrius
3340 476 3407 529 ad
3433 476 3605 547 (ediﬁ-

2032 567 2234 622 candos
2262 568 2656 638 visitandosque
2688 568 2885 637 fratres
2931 566 3301 637 egredi;eum,
3336 570 3427 639 qui
3460 569 3605 639 ejus-

2030 658 2173 712 modi
2202 670 2301 723 est,
2335 660 2475 712 ratio
2506 659 2573 711 ad
2595 659 2886 712 exeundum
2905 658 3077 724 potius
3090 657 3318 717 inducet.
3346 668 3405 711 ut
3429 660 3604 728 posita

2029 764 2184 817 super
2207 748 2526 803 candelabro
2567 749 2802 811 lucerna,
2839 747 3093 801 doctrina:
3127 748 3275 803 bona:
3301 748 3474 803 lumen
3499 750 3604 802 im-

2024 841 2217 906 pertiat
2264 840 2504 893 omnibus
2532 840 2615 894 :si
2641 838 2793 892 modo
2847 839 3078 906 conﬁdat
3097 853 3245 907 posse
3282 851 3330 894 et
3364 857 3602 895 sermone

2025 939 2074 986 et
2124 948 2274 1001 opere
2322 932 2549 999 seipsum
2598 932 2664 984 iis
2730 932 3039 999 quibuscum
3102 931 3455 1002 congreditur,
3506 947 3600 986 ceu

2023 1023 2309 1093 quamdam
2363 1024 2612 1079 uirtutum
2659 1022 2892 1076 scholam
2926 1022 3185 1087 exhibere,
3218 1031 3321 1078 etc.
3351 1021 3600 1094 Scriptor

2024 1115 2307 1183 aliquanto
2344 1120 2492 1176 ante,
2528 1129 2652 1168 cum
2693 1113 2978 1168 monachis
3011 1114 3325 1182 egrediendi
3364 1114 3598 1170 faculta-

2021 1211 2129 1258 tem
2162 1204 2373 1259 levandi
2397 1202 2542 1258 taedii
2585 1219 2750 1260 causa
2782 1203 2957 1266 daret,
2987 1203 3301 1259 facilitatem
3327 1220 3435 1260 non
3479 1221 3596 1262 me-

2020 1294 2260 1350 diocrem
2314 1295 2594 1349 ostendit:
2635 1295 2723 1349 hic
2775 1295 2850 1348 ita
2891 1293 3070 1351 facilis
3113 1303 3217 1359 est,
3260 1304 3319 1350 ut
3369 1298 3594 1352 modum

2019 1400 2234 1441 onmem
2285 1385 2521 1440 transire
2549 1386 2812 1441 videatur.
2858 1385 2992 1443 Nam
3045 1387 3345 1443 monachus
3373 1389 3592 1459 quivis,

2018 1477 2110 1547 qui
2167 1475 2466 1547 perfectum
2509 1491 2570 1531 se
2611 1476 2724 1545 jam
2767 1492 2891 1531 esse
2935 1478 2987 1530 in
3023 1477 3263 1532 animum
3297 1479 3466 1536 semel
3507 1480 3594 1534 in-

2017 1569 2254 1633 duxerit,
2286 1568 2353 1623 de
2369 1568 2612 1625 auctoris
2635 1569 2904 1623 sententia
2935 1585 3045 1623 non
3085 1572 3280 1639 poterit
3326 1573 3509 1636 modo,
3540 1574 3591 1629 si

2018 1661 2166 1724 velit,
2199 1660 2540 1731 frequentius
2587 1675 2652 1715 ac
2691 1661 2940 1716 crebrius
2975 1662 3045 1716 ad
3082 1663 3432 1719 :edificandos
3459 1665 3593 1719 visi-

344 1729 532 1823 θύμως
556 1755 836 1825 προσιέναι
854 1758 966 1820 τοῖς
986 1757 1125 1829 ὑπὲρ
1152 1729 1552 1829 τῆςεὺσεϐείας
1566 1729 1905 1829 ἀγωνίσμασι

2018 1729 2320 1821 tandosque
2349 1751 2546 1809 fratres
2561 1767 2783 1823 peregre
2812 1750 2963 1807 abire
2993 1768 3007 1803 :
3040 1752 3135 1808 sed
3157 1756 3396 1824 postulat
3421 1756 3590 1809 etiam

342 1844 573 1900 δίδωσιν.
610 1845 723 1901 Par
754 1857 831 1902 est
891 1849 1055 1918 igitur
1093 1850 1146 1903 in
1175 1850 1343 1920 quiete
1383 1861 1436 1903 ut
1467 1850 1752 1920 plurimum
1791 1868 1910 1905 ma-

345 1950 490 2002 nere,
518 1945 569 1990 et
592 1938 870 2005 quemlibet
904 1939 958 1991 in
989 1941 1205 2010 propria
1248 1940 1366 1995 sede
1394 1942 1691 2009 persistere,
1725 1951 1783 1994 ut
1813 1942 1909 1995 hoc

341 2027 652 2080 constantia:
682 2043 889 2081 morum
931 2029 1283 2082 testimonium
1321 2029 1510 2085 habeat
1540 2047 1558 2084 .'
1596 2048 1700 2085 non
1733 2041 1907 2086 tamen

338 2129 557 2183 prorsus
601 2118 655 2170 in
710 2116 842 2171 cella
895 2135 995 2173 sua
1045 2119 1307 2176 inclusum
1349 2138 1481 2188 esse,
1528 2124 1617 2177 sed
1656 2122 1835 2185 libere,
1861 2123 1909 2176 si

336 2216 609 2275 propterea
638 2210 769 2264 nihil
814 2211 1132 2266 conscientia
1160 2215 1464 2283 exprobrat,
1489 2214 1793 2269 necessitate
1820 2230 1908 2268 co-

335 2307 485 2366 gente
515 2300 707 2366 egredi,
749 2300 1042 2372 fratresque
1080 2304 1200 2358 uita:
1238 2305 1540 2373 integritate
1586 2312 1636 2359 et
1681 2305 1905 2374 optimos

335 2397 386 2440 et
407 2389 718 2445 utilissimos
744 2394 984 2456 invisere,
1020 2394 1111 2448 sed
1139 2396 1216 2449 ita
1254 2405 1448 2460 tamen,
1473 2406 1529 2449 ut
1548 2411 1614 2450 ea:
1635 2397 1756 2450 utili
1780 2414 1908 2450 con-

334 2494 517 2547 gressa
547 2483 798 2536 virtutum
859 2486 1036 2553 capiat
1061 2488 1301 2557 exempla
1333 2505 1353 2543 :
1372 2490 1509 2560 quod
1539 2502 1901 2561 consequetur,

334 2565 402 2624 si.
431 2576 490 2620 ut
517 2567 769 2632 diximus,
797 2572 856 2625 in
894 2574 1199 2641 prodeundo
1227 2577 1412 2633 modus
1447 2588 1702 2645 teneatur,
1744 2581 1878 2635 nihil
1888 2613 1901 2623 ι

332 2673 433 2714 oste
470 2660 569 2727 ﬁat
599 2662 737 2730 quod
780 2664 1081 2733 reprehendi
1112 2670 1295 2734 possit.
1352 2669 1500 2738 Sa'pe
1528 2674 1664 2725 enim
1685 2674 1902 2727 insitum

332 2750 493 2803 etiam
545 2754 721 2807 animo
770 2755 983 2809 ta'dium
1013 2758 1249 2813 exeundo
1285 2759 1606 2828 dissipatur;
1654 2763 1808 2833 idque
1847 2765 1901 2818 iu

333 2854 496 2894 causa
526 2853 604 2897 est
632 2860 726 2897 cur
764 2847 954 2900 iterum
993 2849 1151 2902 ueluti
1188 2852 1633 2917 convalescamus,
1664 2873 1727 2909 ac
1768 2872 1902 2924 pau-

333 2928 498 2984 lulum
524 2935 856 3001 respiremus,
894 2940 1243 3015 alacriterque
1271 2946 1340 2999 ad
1368 2950 1655 3002 certamina
1677 2965 1771 3019 pro
1791 2952 1899 3019 pie-

334 3029 440 3075 tate
467 3022 735 3080 subeunda
761 3030 1048 3087 ueniamus.
1068 3032 1224 3100 Quod
1270 3036 1427 3092 initio
1448 3039 1668 3103 dicitur,
1705 3041 1894 3105 libere,

332 3115 378 3169 si
410 3117 713 3173 necessitas
760 3130 951 3189 cogat,
1002 3126 1187 3194 egredi
1237 3136 1508 3198 oportere,
1554 3131 1608 3185 id
1664 3130 1900 3189 fortasse

331 3219 492 3261 nemo
516 3206 896 3276 intellexisset,
947 3214 1053 3269 nisi
1105 3217 1494 3289 interpretatus
1534 3231 1678 3277 esset
1710 3233 1903 3279 auctor

329 3297 465 3366 ipse.
511 3298 645 3353 Nam
691 3305 1038 3362 necessitatis
1068 3310 1290 3366 nomine
1323 3313 1485 3383 vulgo
1521 3314 1901 3384 significantur

333 3398 587 3458 urgentes
639 3390 859 3459 quidam
907 3410 1091 3459 casus,
1142 3399 1235 3467 qui
1299 3400 1373 3453 ita
1415 3409 1688 3470 premunt,
1723 3413 1782 3458 ut
1810 3406 1898 3459 vix

332 3478 490 3533 aliter
506 3479 687 3536 facere
710 3484 891 3551 possis
923 3500 938 3537 :
967 3495 1021 3542 et
1050 3495 1229 3545 tamen
1268 3490 1371 3546 hoc
1408 3493 1525 3547 loco
1558 3494 1763 3563 aliquid
1794 3497 1900 3552 tale

330 3569 629 3641 intelligere
656 3574 792 3629 nihil
822 3592 1046 3634 necesse
1070 3588 1172 3634 est.
1198 3581 1334 3636 Cum
1365 3584 1510 3637 enim
1565 3588 1801 3656 scriptor
1825 3589 1898 3642 ita

330 3661 547 3717 locutus
573 3671 657 3719 est
684 3684 696 3718 :
725 3663 874 3735 Stepe
897 3669 1032 3721 enim
1059 3670 1276 3724 insitum
1297 3674 1455 3727 etiam
1475 3678 1653 3731 animo
1684 3678 1897 3734 (adium

327 3753 564 3806 exeundo
594 3754 912 3826 dissipatur;
942 3775 1049 3814 non
1072 3762 1304 3818 obscure
1347 3766 1605 3822 indicavit
1631 3772 1899 3826 monacho

246 3833 252 3841 ’
326 3844 509 3913 egredi
553 3845 739 3912 licere,
801 3850 848 3903 si
883 3851 1101 3905 taedium
1135 3853 1403 3925 dissipare
1448 3859 1551 3914 sibi
1577 3870 1892 3931 proponat:

328 3935 383 3988 in
413 3951 522 4005 quo
553 3940 788 3993 maxima
816 3941 1100 4013 scriptoris
1124 3945 1320 4001 lenitas
1346 3958 1528 4017 aperte
1558 3953 1894 4019 ostenditur;

327 4026 598 4096 simulque
629 4028 896 4098 ejusmodi
943 4033 1254 4103 egrediendi
1299 4035 1530 4095 facultas
1567 4040 1749 4105 datur,
1789 4059 1895 4113 qua

326 4118 477 4172 abuti
518 4121 675 4174 multi
731 4131 975 4186 possent.
1029 4123 1212 4196 Longe
1261 4130 1482 4197 gravius
1510 4143 1593 4185 est
1629 4137 1772 4202 quod
1810 4151 1897 4190 se-

325 4208 511 4275 quitur
545 4226 559 4263 :
599 4209 661 4262 Εί
683 4210 739 4263 δέ
772 4229 857 4275 τις
887 4214 949 4266 τὸ
965 4215 1125 4269 καλὸν
1151 4221 1216 4288 τῇ
1252 4218 1395 4297 ψυχῇ
1426 4221 1655 4291 βεϐαίως
1692 4227 1897 4298 ἐνιδρυ-

326 4299 580 4368 σάμενος,
615 4301 710 4354 καὶ
741 4307 806 4374 τῇ
839 4306 1027 4378 χρονίᾳ
1054 4309 1285 4380 ἀσκήσει
1315 4313 1413 4383 τῆς
1442 4315 1550 4366 τῶν
1581 4317 1768 4371 παθῶν
1797 4337 1896 4373 κυ-

2017 1845 2175 1907 ratio,
2210 1850 2269 1898 ut
2317 1844 2422 1899 iter
2469 1845 2751 1913 suscipiat.
2795 1844 2925 1915 Ejus
2959 1853 3138 1901 autem
3172 1848 3250 1900 rei
3303 1846 3442 1900 hanc
3466 1848 3590 1916 pul-

2014 1934 2241 1989 chellam
2266 1935 2532 1988 rationem
2559 1935 2737 1989 reddit
2763 1951 2777 1986 :
2802 1946 2859 1989 ut
2886 1938 3061 2004 posita
3094 1952 3248 2004 super
3272 1936 3588 1990 candelabro

2014 2025 2248 2089 lucerna,
2301 2024 2556 2079 doctrina:
2604 2024 2752 2081 bona:
2785 2028 2959 2083 lumen
2996 2030 3260 2097 impertiat
3309 2029 3585 2083 omnibus:

2010 2118 2155 2187 quod
2197 2125 2378 2171 tamen
2437 2116 2551 2171 fleri
2585 2117 2745 2173 debet
2794 2135 2858 2173 ea
2911 2122 3246 2183 conditione,
3302 2118 3584 2174 dummodo

2010 2205 2240 2275 conﬁdat
2271 2220 2423 2274 posse
2450 2213 2498 2259 et
2528 2206 2696 2261 verbis
2730 2220 2778 2263 et
2807 2209 2962 2278 factis
2996 2210 3223 2278 seipsum
3272 2210 3337 2264 iis
3370 2209 3586 2279 quibus-

2009 2316 2126 2354 cum
2171 2299 2531 2369 congreditur,
2579 2316 2672 2355 ceu
2720 2301 3003 2371 quamdam
3052 2303 3303 2356 uirtutum
3349 2301 3585 2357 scholam

2006 2391 2264 2448 exhibere.
2299 2390 2462 2448 Certe
2507 2391 2612 2446 hoc
2660 2407 2769 2446 non
2809 2393 3145 2465 indulgentia
3169 2404 3272 2458 est,
3304 2393 3397 2448 sed
3428 2393 3585 2451 bonae

2005 2484 2308 2554 disciplinae
2337 2486 2547 2556 integra
2568 2485 2803 2540 eversio.
2826 2484 3072 2541 Primum
3098 2485 3310 2542 frenum
3331 2486 3580 2548 rationis.

2006 2591 2116 2645 quo
2150 2577 2268 2631 solo
2301 2576 2536 2644 scriptor
2564 2584 2856 2632 contentus
2883 2585 2987 2639 est,
3017 2591 3183 2647 quam
3219 2576 3397 2631 debile
3423 2575 3493 2630 sit
3528 2583 3585 2631 et

2010 2665 2311 2729 infirmum,
2333 2672 2537 2719 norunt
2565 2682 2772 2722 omnes.
2815 2666 3039 2733 Deinde,
3063 2667 3109 2723 si
3134 2668 3401 2722 monacho
3426 2667 3585 2721 cuili-

2002 2755 2091 2810 bet
2119 2757 2283 2810 semel
2308 2756 2451 2819 licet,
2475 2773 2597 2811 cum
2624 2758 2833 2825 libebit,
2862 2759 3204 2828 frequentius
3247 2774 3311 2812 ac
3333 2759 3590 2827 crebrius

2002 2847 2067 2900 ad
2090 2847 2434 2911 aedificandas
2459 2849 2870 2919 visitandosque
2883 2848 3081 2905 fratres
3102 2849 3374 2921 progredi,
3393 2857 3585 2904 auctor

2000 2953 2109 2993 non
2136 2939 2520 2995 auachoretam
2549 2942 2807 3005 instituit,
2857 2956 3020 3011 quem
3068 2946 3249 2995 tamen
3286 2941 3584 2995 instituen-

2001 3030 2131 3085 dum
2163 3031 2265 3087 sibi
2289 3042 2668 3102 prepostterat,
2706 3033 2802 3088 sed
2836 3033 3002 3087 veluti
3034 3033 3296 3101 viatorem
3344 3033 3584 3103 aliquem

1925 3099 1969 3158 (ί
2002 3137 2215 3192 semper
2246 3124 2352 3177 huc
2383 3124 2511 3177 illuc
2551 3134 2844 3188 errantem,
2868 3139 3147 3194 nunquam
3184 3125 3581 3194 quiescentem,

2000 3215 2255 3283 quamvis
2304 3215 2489 3291 potius
2518 3217 2685 3272 vitam
2723 3225 2994 3286 agentem,
3036 3231 3200 3285 quam
3255 3216 3584 3283 solitariam,

1999 3320 2162 3375 quam
2187 3312 2368 3359 tamen
2402 3307 2666 3377 agendam
2716 3314 3054 3377 susceperat.
3093 3306 3405 3372 Postremo,
3435 3308 3586 3378 quod

2000 3396 2239 3459 additur,
2275 3412 2392 3449 eum
2443 3397 2583 3451 ratio
2629 3396 2697 3451 ad
2726 3398 3022 3452 exeundum
3051 3399 3227 3466 potius
3269 3399 3502 3465 inducet,
3523 3409 3583 3453 ut

1996 3488 2169 3555 posita
2220 3504 2377 3557 super
2410 3490 2730 3543 candelabro
2784 3490 3003 3544 lucerna
3050 3491 3308 3546 doctrinae
3329 3493 3584 3545 bonwlu-

1999 3595 2115 3632 men
2144 3579 2410 3647 impertiat
2438 3582 2705 3649 omnibus,
2744 3580 3030 3649 dummodo
3066 3583 3300 3651 conﬁdat
3342 3598 3493 3651 posse
3531 3592 3583 3637 et

1997 3671 2164 3725 verbis
2199 3680 2247 3725 et
2280 3670 2440 3739 factis
2494 3674 2721 3741 seipsum
2761 3676 2826 3728 iis
2871 3674 3180 3745 quibuscum
3213 3675 3579 3745 congreditur,

1998 3783 2088 3819 ceu
2109 3766 2392 3836 quamdam
2415 3766 2668 3821 virtutum
2692 3768 2925 3823 scholam
2960 3769 3219 3835 exhibere,
3251 3770 3428 3823 locum
3465 3784 3582 3823 am-

1997 3859 2303 3928 plissimum
2340 3860 2632 3929 praestigiis
2658 3861 2874 3916 videtur
2923 3861 3075 3926 dare,
3110 3877 3234 3917 cum
3270 3861 3429 3917 facile
3462 3861 3580 3917 fieri

1999 3949 2193 4018 possit,
2215 3958 2275 4003 ut
2306 3949 2408 4004 sibi
2432 3952 2666 4019 quisque
2697 3952 2845 4006 brevi
2879 3951 3222 4022 persuadeat,
3258 3953 3420 4007 talem
3457 3966 3581 4007 esse

1998 4055 2080 4103 se,
2108 4041 2323 4111 qualem
2356 4050 2603 4112 oportet,
2629 4049 2688 4095 ut
2729 4042 2904 4096 facem
2942 4043 3194 4112 praeferat
3222 4043 3479 4097 omnibus
3509 4040 3579 4094 ad

1998 4131 2196 4183 bonam
2254 4130 2584 4194 doctrinam,
2637 4131 2708 4186 ob
2738 4132 2902 4199 idque
2947 4132 3189 4186 confidat
3216 4131 3484 4196 futurum,
3519 4139 3580 4185 ut

1995 4220 2262 4273 virtutum
2331 4220 2576 4274 omnium
2651 4221 2902 4291 exempla
2961 4237 3147 4275 secum
3200 4222 3578 4291 congressuris

1997 4311 2255 4380 praebeat.
2283 4309 2358 4363 Ex
2399 4311 2601 4380 quibus
2652 4313 2814 4382 plane
2856 4321 3075 4367 constat
3106 4312 3575 4367 Constitutionum

326 4389 633 4459 ϐερνήσεως
672 4390 770 4462 τὴν
819 4394 1110 4466 ἐμπειρίαν
1149 4397 1351 4466 λαϐὼν,
1400 4404 1495 4461 καὶ
1521 4404 1771 4475 δαμάσας
1798 4409 1895 4478 μὲν

2006 4410 2279 4457 auctorem
2308 4402 2382 4457 ila
2407 4403 2774 4473 indulgentem
2819 4404 3010 4470 fuisse,
3043 4413 3103 4460 ut
3135 4407 3298 4460 etiam
3342 4406 3576 4460 rationis

322 4480 422 4542 τὰς
449 4483 761 4551 σωματικὰς
814 4486 1103 4554 ἀκρασίας,
1133 4489 1433 4559 χαλινώσας
1458 4494 1517 4547 δὲ
1540 4495 1638 4558 τὰς
1659 4497 1895 4568 ψυχικὰς

323 4570 567 4637 ἀταξίας,
600 4572 816 4646 θαρρῶν
848 4577 903 4629 δὲ
948 4577 1024 4649 τῷ
1053 4580 1146 4633 τοῦ
1175 4582 1433 4654 λογισμοῦ
1473 4587 1673 4658 χαλινῷ
1702 4606 1894 4660 συχνο-

320 4664 486 4733 τέρας
514 4664 656 4718 θέλοι
686 4668 950 4723 ποιεῖσθαι
972 4670 1070 4734 τάς
1096 4673 1355 4742 προόδους
1385 4678 1464 4739 εἰς
1483 4678 1769 4750 οἰκοδομὴν
1799 4683 1895 4736 καὶ

320 4753 606 4825 ἐπίσκεψιν
648 4756 922 4827 ἀδελφῶν,
969 4759 1061 4814 τὸν
1117 4763 1355 4818 τοιοῦτον
1404 4766 1497 4820 καὶ
1548 4774 1893 4842 παρορμήσει

328 4843 522 4913 μᾶλλον
546 4845 575 4895 ὁ
606 4844 762 4915 λόγος
805 4850 899 4901 ἐπὶ
934 4852 1033 4922 τὴν
1070 4854 1316 4924 πρόοδον,
1348 4856 1435 4910 ἵνα
1466 4858 1556 4912 τὸν
1578 4860 1768 4932 λύχνον
1801 4866 1894 4919 ἐπὶ

320 4934 416 5004 τὴν
442 4934 659 5007 λυχνίαν
681 4940 866 5004 τιθεὶς,
903 4943 1032 4996 πᾶσι
1054 4943 1115 4996 τὸ
1143 4944 1256 5013 φῶς
1284 4946 1385 5016 τῆς
1405 4946 1511 5001 τῶν
1530 4949 1709 5004 καλῶν
1726 4952 1891 5024 καθηι

319 5030 531 5093 γήσεως
559 5031 839 5104 χορηγήσῃ
860 5049 874 5063 ·
911 5033 1067 5103 μόνον
1093 5035 1147 5087 εἴ
1164 5052 1226 5104 γε
1248 5036 1495 5108 θαρροίη,
1528 5039 1603 5103 ὡς
1631 5040 1725 5095 καὶ
1750 5041 1892 5112 λόγῳ

318 5117 413 5167 καὶ
438 5114 583 5187 ἔργῳ
605 5118 967 5179 διδασκαλεῖον
1005 5126 1215 5197 ἀρετῶν
1251 5128 1440 5182 ἑαυτὸν
1468 5130 1752 5203 δυνήσεται
1781 5137 1893 5197 τοῖς

318 5208 745 5277 συντυγχάνουσι
769 5215 1049 5286 παρέχειν,
1065 5225 1151 5272 etc
1162 5259 1173 5273 .
1191 5216 1253 5273 Si
1262 5221 1377 5289 quis
1392 5237 1529 5286 vero,
1550 5231 1891 5293 posteaquam

320 5294 512 5352 bonum
545 5299 600 5353 in
629 5301 807 5356 animo
860 5304 1073 5372 fortiter
1129 5310 1561 5373 constabiliuerit,
1607 5312 1899 5380 diuturna

317 5403 414 5455 que
435 5391 810 5447 exercitatione
823 5393 1285 5464 gubernandorum
1308 5401 1590 5469 affectuum
1621 5405 1889 5471 experien-

318 5482 448 5533 tiam
491 5481 711 5551 adeptus
746 5483 927 5553 fuerit,
966 5496 1017 5542 et
1046 5487 1260 5545 domitis
1303 5494 1537 5560 corporis
1583 5493 1887 5552 libidinibus

389 5673 465 5747 (a)
503 5675 634 5753 Reg.
672 5681 737 5738 ιι
767 5681 891 5753 maj.

1999 4497 2135 4551 fines
2163 4504 2542 4567 transgressus
2574 4498 2665 4553 sit.
2694 4498 2851 4553 Nunc
2886 4499 3194 4556 referamus
3226 4518 3348 4572 qua:
3387 4503 3442 4557 in
3465 4501 3575 4558 Re-

1999 4588 2141 4656 gulis
2162 4587 2434 4656 leguntur.
2474 4584 2599 4641 Haec
2631 4596 2811 4642 autem
2852 4599 2980 4644 sunt
3002 4590 3079 4658 (a)
3116 4610 3128 4644 :
3159 4591 3269 4660 Τὴν
3311 4592 3410 4662 μὲν
3436 4593 3574 4646 ἀπο-

1994 4679 2196 4750 δημίαν
2225 4679 2566 4751 ὲπιτρεπέτω
2593 4679 2669 4750 τῷ
2693 4680 2977 4753 δυναμένῳ
2998 4683 3250 4747 ἀϐλαϐῶς
3279 4687 3346 4755 τῇ
3376 4684 3572 4738 ἑαυτοῦ

1993 4769 2162 4849 ψυχῇ,
2180 4772 2273 4824 καὶ
2294 4770 2583 4842 ὠφελίμως
2612 4775 2724 4836 τοῖς
2746 4775 3197 4846 συντυγχάνουσιν
3223 4776 3392 4849 αὐτὴν
3415 4780 3572 4831 ἐκτε-

1995 4848 2127 4917 λεῖν.
2161 4863 2247 4927 Ὠς
2276 4862 2370 4916 ὲάν
2400 4863 2474 4935 μὴ
2497 4866 2643 4935 παρῇ
2670 4866 2699 4917 ὁ
2727 4866 3049 4936 ἐπιτήδειος,
3073 4866 3277 4937 βέλτιον
3310 4870 3366 4921 ὲν
3392 4869 3570 4942 ἐνδείᾳ

1994 4952 2102 5005 τῶν
2131 4952 2444 5019 ἀναγκαίων
2479 4954 2660 5006 πᾶσαν
2690 4953 2866 5023 θλῖψιν
2892 4955 2987 5008 καὶ
3021 4957 3382 5029 στενοχωρίαν
3407 4957 3569 5029 μέχρι

1994 5043 2086 5096 καὶ
2118 5043 2348 5105 θανάτου
2396 5045 2736 5114 ὑπενεγκεῖν,
2766 5047 2800 5117 ἢ
2848 5047 3201 5118 παραμυθίας
3241 5049 3426 5103 ἒνεκεν
3460 5067 3571 5103 σω-

1994 5134 2250 5202 ματικῆς,
2311 5132 2513 5204 βλάϐην
2557 5133 2733 5205 ψυχῆς
2790 5135 3225 5208 ὁμολογουμένην
3285 5139 3564 5209 περιορᾷν.

1994 5222 2378 5292 Percgrinandi
2407 5223 2560 5278 detur
2586 5224 2816 5291 facultas
2846 5224 2914 5290 ei,
2947 5226 3037 5294 qui
3076 5226 3210 5278 citra
3235 5228 3429 5280 anima:
3455 5242 3568 5281 sua!

1991 5314 2382 5381 detrimentum,
2433 5326 2482 5369 et
2539 5332 2658 5378 cum
2724 5317 2958 5371 utilitate
3010 5334 3214 5380 eorum,
3257 5317 3567 5387 quibuscum

1990 5404 2253 5476 graditur,
2274 5407 2373 5459 iter
2405 5407 2651 5475 perﬁcere
2677 5409 2863 5475 possit.
2900 5406 3065 5471 Nam,
3089 5408 3137 5461 si
3164 5424 3313 5461 nemo
3344 5406 3561 5461 idoneus

1993 5495 2225 5565 affuerit,
2276 5505 2493 5565 prwstat
2549 5498 2601 5550 in
2663 5512 2837 5554 rerum
2881 5500 3299 5553 necessariarum
3340 5481 3582 5569 penuria.
