3972 6202
251 277 328 338 83
1699 280 1895 332 PIiA-Ll‘
1911 281 2091 334 A'I'lO.
3462 288 3533 345 9'.)

258 403 593 473 aﬁiictionem
633 421 840 458 omnem
877 416 1036 475 atque
1075 404 1369 473 angustiam
1417 403 1493 455 re!
1536 403 1602 454 ad
1640 412 1858 454 mortem
1890 415 1932 458 Α
1966 401 2244 455 refert-iri:
2275 404 2326 457 in
2364 405 2472 458 illis
2494 406 2762 472 ejusmodi
2796 410 3107 461 testimonia
3139 424 3309 478 pauca
3345 413 3508 465 adnuo

261 507 430 563 usque
455 496 671 562 perpeti,
702 513 862 565 quam
892 498 1130 563 corporis
1170 495 1443 549 levamenti
1478 510 1642 546 causa
1665 493 1848 546 certis-

261 586 457 638 simum
505 588 696 641 anima'
745 589 1117 642 detrimentum
1158 587 1425 656 negligere.
1453 585 1508 638 In
1541 585 1736 654 quibus
1764 584 1851 637 di-

262 693 434 744 gnum
457 689 536 732 est
565 681 709 749 quod
739 690 982 746 notetur,
1010 697 1202 733 omnes
1221 681 1286 733 de
1313 678 1553 732 auctoris
1577 677 1848 732 sententia

264 773 450 840 potius
480 788 660 827 rerum
701 776 928 845 penuria
970 776 1150 844 perire
1183 775 1400 834 debere,
1437 785 1602 840 quam
1629 778 1685 822 ut
1708 785 1848 823 unus

259 864 335 915 ob
366 874 680 934 susceptam
719 868 1218 936 peregrinationem
1256 877 1462 918 certum
1495 863 1714 931 aliquod
1749 863 1847 916 de—

260 955 582 1010 trimentum
619 959 673 1010 in
705 959 885 1010 auium
923 961 1163 1027 patiatur
1195 977 1208 1014 :
1241 973 1360 1026 quae
1393 956 1656 1009 sententia
1691 954 1850 1022 iusta:

258 1045 578 1101 severitatis
629 1048 784 1117 plena
816 1060 922 1114 est,
962 1058 1016 1102 et
1046 1049 1380 1102 alienissima
1416 1047 1485 1099 ab
1515 1046 1636 1115 ejus
1681 1045 1849 1098 mori-

256 1134 388 1196 bus,
436 1137 534 1206 qui
580 1137 1050 1194 Constitutionum
1098 1141 1295 1193 librum
1344 1139 1532 1191 edidit.
1562 1137 1848 1202 Quomodo

258 1229 406 1284 enim
438 1229 629 1284 dicere
653 1235 942 1300 potuisset,
971 1233 1018 1285 si
1049 1247 1210 1285 nemo
1258 1231 1487 1285 idoneus
1517 1230 1844 1293 inveniatur,

256 1335 457 1376 omnes
488 1323 674 1392 potius
702 1325 845 1378 fame
899 1325 1125 1380 interire
1154 1324 1371 1387 debere,
1417 1336 1579 1392 quam
1613 1334 1672 1374 ut
1703 1337 1848 1376 unus

257 1413 458 1466 anima:
479 1429 593 1468 suae
647 1414 934 1485 dispendio
969 1431 1192 1485 peregre
1235 1415 1413 1476 abeat,
1445 1427 1568 1466 cum
1602 1412 1716 1480 ipse
1751 1410 1849 1464 do-

256 1505 437 1556 cuerit
473 1505 708 1559 idoneos
742 1507 807 1558 ad
828 1505 1288 1577 peregrinandum
1320 1519 1440 1558 esse
1462 1502 1690 1572 eos,qui
1721 1516 1850 1556 con-

258 1590 436 1646 ﬁdunt
473 1593 693 1649 futuros
718 1611 780 1650 se
802 1597 1054 1665 exemplo
1089 1597 1145 1649 in
1181 1596 1392 1656 itinere,
1420 1595 1487 1647 iis
1519 1593 1846 1662 quibuscum

255 1687 724 1753 congrediemur?
752 1687 962 1742 Etenim
979 1689 1024 1742 si
1055 1697 1205 1741 tanta
1232 1702 1408 1741 rerum
1430 1687 1655 1756 penuria
1677 1695 1844 1749 esset,

258 1785 316 1825 ut
341 1774 547 1829 fratres
571 1793 767 1833 omnes
798 1780 849 1832 in
873 1780 994 1833 vita:
1016 1780 1310 1834 discrimen
1329 1779 1595 1839 venirent,
1621 1777 1845 1830 dubium

258 1878 478 1920 nonest
506 1871 644 1935 quin
688 1871 744 1922 in
793 1872 1037 1940 quolibet
1067 1878 1334 1924 conventu
1389 1884 1604 1938 semper
1648 1867 1848 1935 aliquis

262 1961 568 2014 monachus
631 1963 992 2029 inveniretur,
1035 1965 1127 2032 qui
1157 1980 1214 2019 se
1259 1963 1310 2015 in
1363 1963 1554 2015 itinere
1597 1960 1848 2013 faciendo

258 2052 522 2109 virtutum
550 2054 800 2108 omnium
839 2056 1088 2124 exempla
1139 2055 1392 2108 omnibus
1428 2054 1680 2107 daturum
1717 2068 1849 2106 con-

262 2142 486 2210 ﬁderet;
523 2145 764 2214 ideoque
786 2162 952 2200 causa
1004 2162 1111 2201 non
1142 2154 1278 2208 erat,
1317 2162 1416 2201 cur
1445 2148 1682 2215 scriptor
1709 2160 1848 2215 pra:-

261 2238 464 2288 clarum
501 2237 642 2291 illud
673 2239 1014 2301 decantaret,
1057 2242 1102 2293 si
1129 2239 1344 2293 idoneus
1391 2257 1491 2292 non
1536 2241 1844 2305 reperiatur,

262 2333 474 2376 mortem
503 2327 688 2392 potius
731 2328 948 2382 tolerari
975 2327 1178 2391 debere,
1210 2346 1367 2398 quam
1401 2338 1600 2382 certum
1634 2327 1846 2398 aliquod

267 2419 442 2468 eniture
477 2418 744 2471 damnum
778 2420 1216 2489 negligere,cum,
1247 2431 1305 2474 ut
1335 2421 1591 2483 vidimus,
1619 2422 1847 2474 idoneus

275 2525 536 2579 nunquam
571 2513 815 2567 deesset.
851 2514 1458 2568 Adderelibetetalium
1481 2515 1678 2568 locum.
1709 2513 1844 2569 Cum

276 2618 389 2671 ergo
414 2612 619 2658 auctor
651 2605 1088 2676 interrogaretur
1115 2615 1295 2658 utrum
1327 2607 1749 2660 auscultandum
1777 2608 1847 2661 sit

273 2696 350 2754 iis,
380 2699 470 2766 qui
506 2713 618 2751 nos
649 2698 717 2750 ad
779 2698 998 2766 propria
1041 2699 1299 2751 reducere
1358 2699 1580 2760 vcl'ent,
1633 2700 1707 2752 ita
1762 2715 1846 2753 re-

266 2791 485 2858 spondet
530 2789 618 2858 (α)
643 2807 655 2841 :
685 2789 750 2840 Εί
808 2788 906 2856 μὲν
946 2788 1034 2839 διὰ
1058 2789 1342 2859 οἰκοδομὴν
1386 2791 1485 2859 τῆς
1529 2790 1782 2854 πίστεως,
1820 2794 1849 2844 ὁ

263 2878 553 2946 δυνάμενος
603 2880 782 2942 οὔτως
848 2880 1120 2932 ἀπελθεῖν,
1162 2881 1297 2950 μετὰ
1327 2882 1650 2951 δοκιμασίας
1709 2900 1849 2952 πεμ-

267 2971 458 3023 πέσθω.
520 2971 586 3025 Si
640 2972 698 3022 id
749 2973 847 3039 ﬁat
873 2971 934 3024 ob
959 2972 1082 3040 ﬁdei
1110 2972 1529 3040 a’di/icationem,
1574 2975 1663 3043 qui
1705 2974 1849 3028 abire

1953 491 2082 544 dum
2110 493 2376 548 invenias.
2417 495 2725 564 Scriptores
2772 505 2951 550 autem
3003 497 3076 550 ita
3112 499 3193 552 sui
3236 499 3535 554 dissimiles

1951 599 2074 638 esse
2109 600 2218 638 non
2259 587 2458 647 solent,
2516 595 2570 639 ut
2603 603 2726 640 cum
2767 589 2984 642 easdem
3021 604 3108 642 res
3153 597 3410 652 tractant,
3449 591 3534 643 di-

1953 674 2124 727 versis
2179 676 2457 730 scribendi
2514 679 2805 746 generibus
2864 686 3106 730 utantur.
3171 677 3307 732 Cum
3344 661 3536 746 .igitur

1951 776 2163 820 constet
2206 768 2398 822 iisdem
2425 769 2491 822 de
2523 769 2686 823 rebus
2721 770 2775 822 in
2802 769 3022 841 Regalis
3053 772 3292 839 atquein
3316 771 3532 824 Consti-

1953 859 2258 914 tutionibus
2311 876 2619 914 sermonem
2658 863 2892 926 institui,
2941 863 2995 916 in
3033 864 3211 932 iisque
3259 864 3532 917 diversam

1949 966 2072 1004 esse
2090 951 2427 1006 citandarum
2450 952 2794 1022 Seripturaru
2806 972 2854 1007 ιιι
2892 956 3180 1016 rationem,
3203 972 3325 1010 cum
3344 972 3404 1009 ea
3416 971 3532 1008 rum

1952 1045 2263 1098 testimonia
2298 1061 2440 1114 sape
2493 1047 2548 1100 in
2575 1045 2817 1115 Regillis,
2860 1064 2984 1100 raro
3020 1049 3073 1101 in
3109 1049 3532 1102 Constitutioni-

1953 1135 2054 1190 bus
2111 1136 2480 1205 proferantur,
2535 1156 2761 1194 necesse
2819 1141 3033 1195 videtur
3072 1141 3212 1194 duos
3266 1139 3532 1209 distingui

1952 1237 2226 1290 auctores,
2261 1246 2493 1299 quorum
2532 1247 2672 1286 unus
2718 1249 2848 1294 uno,
2883 1234 3024 1286 alius
3056 1233 3165 1284 alio
3203 1233 3364 1285 modo
3397 1233 3534 1287 scri-

1950 1321 2140 1388 pserit.
2173 1319 2237 1373 Et
2259 1325 2516 1391 quoniam
2541 1333 2922 1394 argumentqu
2946 1340 2977 1379 e
3001 1325 3266 1378 varietate
3299 1324 3534 1378 citanda:

1952 1409 2250 1481 Scriptura:
2303 1422 2486 1483 petere
2545 1416 2713 1469 semel
2748 1417 2911 1484 cmpi,
2966 1431 3204 1486 pergam.
3245 1415 3388 1486 Ergo
3418 1431 3536 1470 rno-

1950 1517 2080 1556 nere
2096 1518 2274 1572 operae
2321 1506 2552 1573 pretium
2586 1515 2691 1570 est,
2728 1508 2860 1561 illud
2889 1507 3069 1572 Lucae,
3115 1507 3353 1575 Martha,
3385 1508 3536 1562 solli-

1949 1595 2055 1646 cita
2097 1611 2175 1659 es,
2218 1605 2268 1648 et
2319 1596 2554 1651 turbaris
2597 1615 2721 1668 erga
2775 1601 3005 1666 plurima
3035 1617 3053 1652 :
3080 1615 3238 1661 porro
3262 1617 3424 1653 unum
3454 1609 3535 1654 est

1951 1688 2305 1742 necessarium
2336 1689 2402 1751 ³³,
2441 1695 2494 1742 et
2530 1691 2585 1742 in
2626 1688 2849 1759 Regulis
2879 1693 3108 1761 reperiri
3144 1701 3197 1747 et
3231 1694 3284 1746 in
3316 1691 3535 1746 Consti-

1953 1775 2256 1830 tutionibus
2283 1796 2295 1831 :
2320 1778 2412 1832 sed
2436 1787 2545 1832 tam
2567 1780 2803 1845 diverse,
2828 1791 2887 1836 ut
2914 1785 3070 1839 aliter
3098 1784 3210 1839 fieri
3246 1801 3352 1837 non
3376 1800 3536 1854 posse

1951 1868 2219 1933 videatur,
2253 1869 2384 1938 quin
2419 1871 2613 1923 borum
2663 1888 2889 1942 operum
2933 1874 3044 1930 duo
3084 1885 3336 1931 auctores
3365 1892 3534 1947 agno-

1951 1964 2195 2008 scantur.
2232 1956 2374 2011 Loca
2415 1960 2529 2027 ipsa
2555 1962 2607 2013 in
2637 1963 2873 2015 medium
2901 1980 3022 2018 meo
3059 1981 3208 2020 more
3240 1966 3531 2020 adducam:

1948 2062 2122 2116 eoque
2181 2049 2461 2111 libentius,
2495 2052 2641 2120 quod
2677 2053 2730 2107 in
2763 2055 2844 2109 eis
2891 2055 3116 2123 dignum
3148 2057 3406 2125 quiddam
3433 2072 3535 2110 cu-

1950 2141 2200 2195 riositate
2251 2144 2626 2198 studiosorum
2659 2147 2841 2201 inesse
2864 2149 3134 2202 videatur.
3166 2149 3244 2203 Ita
3284 2151 3451 2219 igitur
3481 2150 3534 2203 in

1949 2229 2172 2302 Regalis
2222 2235 2486 2304 scriptum
2548 2237 2822 2292 invenitur
2852 2240 2925 2309 (b)
2958 2256 2969 2290 :
3008 2243 3121 2293 υύκ
3168 2240 3400 2312 ἐπῄνεσε
3438 2241 3537 2312 τὴν

1949 2324 2180 2393 Μάρθαν
2206 2327 2284 2389 εἰς
2304 2326 2505 2397 πολλὴν
2523 2327 2800 2382 διακονίαν
2824 2331 3248 2400 περισπωμένην
3267 2334 3295 2384 ὁ
3314 2331 3535 2402 Κύριος,

1947 2416 2102 2480 ἀλλὰ,
2134 2417 2438 2486 Μεριμνᾷς
2482 2421 2584 2473 καί
2630 2410 2904 2491 τυρϐάῖῃ,
2941 2424 3094 2494 φησι,
3128 2425 3259 2492 περὶ
3291 2425 3495 2479 πολλὰ
3519 2442 3532 2455 ·

1949 2507 2167 2576 ὀλίγων
2199 2507 2265 2561 δέ
2288 2510 2420 2562 ἐστι
2443 2511 2633 2579 χρεία,
2660 2511 2696 2579 ἢ
2723 2512 2862 2579 ἑνός
2884 2530 2899 2545 ·
2933 2515 3126 2584 ὀλίγων
3152 2516 3269 2584 μὲν,
3295 2515 3536 2586 δηλονότι

1947 2597 2054 2648 τῶν
2105 2599 2241 2669 πρὸς
2289 2603 2681 2670 παρασκευήνο
2715 2603 2832 2666 ἑνὸς
2872 2605 2950 2666 δὲ,
3001 2605 3093 2656 τοῦ
3121 2604 3345 2670 σκοποῦ,
3395 2604 3536 2661 ὥστε

1947 2691 2045 2760 τὴν
2096 2693 2286 2762 χρείαν
2359 2694 2802 2766 ὲκπληρωθῆναι.
2877 2695 3221 2766 Nequaquam
3282 2697 3536 2752 Dominus

1949 2780 2188 2836 laudavit
2237 2783 2507 2838 Martham
2557 2787 2611 2838 in
2635 2788 2911 2857 multiplex
2959 2789 3305 2843 ministerium
3336 2789 3538 2843 distra-

1949 2883 2090 2925 ctam
2121 2890 2138 2926 :
2169 2874 2280 2936 sed,
2319 2896 2337 2926 ‹
2373 2876 2618 2931 Sollicita
2652 2896 2729 2945 es,
2773 2881 2959 2949 inquit,
3003 2893 3052 2935 et
3109 2883 3340 2936 turbaris
3394 2885 3536 2937 circa

1952 2965 2142 3018 multa.
2196 2968 2355 3038 Atqui
2392 2972 2600 3037 paucis,
2664 2971 2742 3024 vel
2790 2989 2894 3026 uno
2950 2987 3077 3040 opus
3116 2984 3194 3026 est
3235 2989 3252 3026 :
3289 2995 3308 3025 ι
3352 2973 3536 3042 paucis

265 3061 516 3128 nocnwdo
539 3070 738 3129 potest,
786 3063 830 3116 is
873 3058 1148 3130 primuisso
1179 3067 1370 3131 pra'vio
1401 3066 1643 3117 examine
1676 3064 1848 3118 dimit-

1952 3056 2182 3124 quidem,
2214 3070 2468 3129 quantum
2497 3063 2696 3115 scilicet
2747 3065 2816 3116 ad
2861 3075 3197 3132 apparatum,
3237 3083 3339 3120 uno
3377 3083 3520 3128 vero,

266 3163 440 3205 tatur:
473 3153 568 3206 ubi
625 3153 900 3208 uiuum-bo
952 3170 1062 3207 non
1109 3156 1460 3222 permittitur,
1503 3165 1582 3219 ut,
1615 3156 1660 3210 si
1695 3157 1843 3220 velit,

266 3246 624 3313 egrediatur:
673 3248 771 3300 sed
851 3247 1002 3315 prius
1059 3246 1454 3315 pertentandus
1504 3257 1606 3312 est,
1656 3259 1844 3302 utnum

267 3339 490 3392 idoneus
530 3339 627 3392 sit.
665 3335 787 3391 Uno
832 3339 1023 3398 verbo,
1067 3339 1212 3406 quod
1259 3338 1313 3390 in
1349 3338 1848 3395 Coustitutionibus

268 3425 366 3495 legi
421 3426 840 3489 adnotavimus,
901 3426 1148 3490 cuilibet,
1191 3427 1234 3481 si
1276 3428 1424 3491 velit,
1457 3429 1641 3497 egredi
1685 3430 1848 3484 licere

267 3535 410 3573 vana:
448 3520 746 3586 cujusdam
796 3519 1138 3574 confidentia:
1177 3521 1425 3583 obtentu,
1456 3522 1510 3574 id
1557 3531 1649 3575 aut
1692 3525 1850 3593 quid.

265 3627 422 3678 quam
457 3613 642 3667 simile
695 3613 750 3666 in
792 3611 1014 3682 [tegulis
1042 3614 1135 3682 qui
1182 3623 1475 3682 quaereret,
1514 3629 1735 3682 operam
1764 3615 1848 3668 Iu-

268 3703 434 3757 deret.
494 3706 684 3769 Quare
743 3706 790 3758 si
847 3705 1178 3778 [tegularum
1221 3706 1462 3774 scriptor
1491 3719 1730 3775 unquam
1767 3707 1851 3760 in-

269 3795 513 3850 duxisset
591 3799 836 3851 animum
892 3800 1252 3854 anachoretas
1317 3800 1634 3863 instituere,
1687 3801 1852 3854 modo

271 3901 446 3939 secum
480 3886 603 3954 ipse
623 3889 939 3943 consentire
956 3889 1241 3954 voluisset,
1274 3906 1382 3943 non
1400 3891 1481 3946 eis
1510 3891 1852 3960 permisisset

270 3986 326 4029 ut
381 3987 718 4047 vagarentur
773 3980 882 4033 huc
931 3981 1063 4036 illuc
1087 3987 1300 4052 quoties
1349 3985 1424 4037 ita
1476 3986 1666 4038 liberet
1702 4003 1716 4039 :
1754 3984 1851 4038 sed

264 4066 687 4139 jussissetipsos
715 4071 783 4125 ab
801 4073 1017 4128 homine
1043 4078 1287 4145 sapiente
1310 4077 1601 4130 consilium
1616 4091 1850 4142 .capere,

269 4161 335 4216 ab
381 4177 557 4232 eoque
609 4179 878 4233 quaerere,
943 4177 1128 4219 utrum
1188 4167 1371 4238 egredi
1415 4169 1496 4224 eis
1549 4171 1850 4237 expediret,

270 4268 459 4309 necne.
480 4254 685 4311 Videre
708 4265 793 4310 est
825 4258 989 4326 igitur
1017 4259 1074 4312 in
1101 4257 1323 4330 Regulis
1351 4262 1718 4322 severitatem,
1743 4277 1852 4317 non

272 4346 414 4399 illam
449 4349 672 4417 quidem
706 4347 964 4412 Stoicam,
996 4352 1091 4406 sed
1122 4369 1241 4422 quae
1264 4355 1496 4422 peritum
1531 4355 1849 4423 magistrum

1956 3164 2136 3216 nempe
2163 3150 2270 3218 fine
2323 3153 2459 3221 ipso,
2494 3165 2550 3206 ut
2579 3155 2818 3209 videlicet
2871 3158 3171 3210 necessitati
3229 3159 3325 3226 fiat
3377 3159 3532 3212 satis.

1950 3241 2076 3297 Ideo
2109 3253 2289 3298 autem
2324 3246 2437 3300 bare
2475 3249 2636 3316 paulo
2687 3247 2863 3303 fusius
2901 3250 3082 3310 retuli,
3120 3261 3177 3303 ut
3233 3251 3537 3321 intelligant

1949 3335 2042 3404 qui
2075 3335 2273 3404 legent,
2299 3352 2484 3391 vocem
2519 3338 2636 3401 ἑνὸς
2667 3338 2754 3392 hic
2786 3355 2893 3392 non
2923 3341 3095 3410 accipi
3116 3341 3324 3411 vulgari
3348 3358 3535 3405 sensu,

1951 3427 2046 3483 sed
2105 3443 2205 3497 pro
2269 3445 2379 3484 uno
2440 3430 2670 3486 ferculo.
2736 3431 2794 3487 In
2858 3434 3364 3490 Coustitutionibus
3405 3453 3538 3490 vero

1951 3518 2094 3588 (cap.
2118 3518 2170 3590 1)
2195 3519 2274 3573 sic
2296 3521 2494 3590 legitur
2525 3542 2537 3576 :
2566 3523 2717 3586 Εἰπὲ,
2745 3524 2927 3594 φησὶν,
2948 3526 3106 3596 αὐτῇ,
3141 3526 3227 3578 ἵνα
3260 3528 3539 3581 ἀναστᾶσα

1951 3609 2271 3680 συνδιακονῇ
2318 3628 2424 3682 μοι.
2478 3613 2534 3665 ιο
2566 3613 2621 3665 δὲ
2651 3615 2856 3684 Κύριος
2909 3617 3046 3687 πρὸς
3090 3617 3537 3688 αὑτήν·Μάρθα.

1951 3701 2170 3770 Μάρθα,
2196 3706 2466 3775 μεριμνᾷς
2488 3705 2580 3757 καὶ
2597 3707 2841 3777 τυρϐἁζῃ
2863 3709 2990 3778 περὶ
3004 3707 3194 3772 πολλὰ,
3221 3709 3337 3772 ἑνὸς
3353 3710 3408 3762 δέ
3424 3711 3539 3761 ἐστι

1953 3791 2130 3862 χρεία.
2161 3795 2346 3863 Μαρία
2379 3796 2509 3866 γάρ,
2539 3805 2644 3850 etc.
2686 3817 2703 3846 ι
2736 3796 2836 3850 Dic
2865 3799 2968 3862 illi,
3001 3799 3189 3869 inquit,
3219 3810 3274 3852 ut
3319 3817 3536 3868 surgens

1956 3883 2217 3936 ministret
2279 3901 2501 3937 mecum.
2535 3905 2552 3936 ι
2591 3887 2690 3939 Cui
2721 3886 2978 3946 Dominus
3007 3905 3024 3941 :
3051 3908 3068 3940 ‹
3105 3889 3343 3954 Martha,
3387 3889 3542 3945 Har-

1961 3976 2070 4036 tha,
2096 3976 2328 4030 sollicita
2353 3995 2428 4043 es,
2454 3988 2503 4032 et
2531 3979 2764 4032 turbaris
2789 3982 2928 4033 circa
2954 3983 3142 4035 nmlta.
3177 3983 3349 4038 Porro
3377 4002 3539 4038 unum

1956 4078 2032 4120 est
2052 4071 2430 4124 necessarium.
2461 4070 2639 4125 Maria
2661 4074 2800 4126 enim
2826 4074 2892 4135 '°,
2930 4093 2948 4125 ι
2983 4082 3086 4128 etc.
3107 4074 3215 4128 Nec
3247 4077 3538 4147 quiSquaiu

1956 4161 2158 4216 dixerit
2203 4172 2522 4233 corruptum
2579 4180 2702 4220 esse
2753 4165 3084 4235 Regularum
3138 4168 3317 4222 locum
3350 4187 3362 4218 :
3391 4169 3534 4236 quod

1957 4255 2173 4320 vitium,
2210 4265 2271 4308 ut
2306 4257 2408 4310 alia
2442 4256 2687 4326 ejusdem
2713 4261 2931 4327 generis
2961 4259 3218 4327 plurima,
3252 4267 3346 4313 aut
3373 4261 3529 4314 libra-

1956 4347 2162 4400 riorum
2197 4348 2513 4414 oscitantia,
2555 4359 2648 4402 aut
2679 4350 2786 4402 alio
2818 4350 3004 4420 aliquo
3048 4367 3178 4405 casu
3234 4352 3536 4421 irrepserit.

272 4438 478 4500 deceat,
503 4441 867 4512 οοηςυιεηίιυε
891 4444 1094 4513 optime
1125 4455 1274 4500 recto
1299 4446 1477 4501 οηιίηί
1511 4463 1524 4497 ς
1561 4448 1614 4500 in
1640 4447 1852 4504 οοηειί.
1888 4440 1929 4494 D
1960 4436 2197 4500 Etenim,
2227 4439 2271 4491 si
2301 4438 2466 4492 unico
2495 4438 2598 4492 hoc
2625 4439 2746 4492 loco
2774 4441 2847 4492 ita
2877 4440 3168 4509 legeretur,
3201 4437 3434 4494 fortasse
3459 4447 3542 4493 ta-

274 4533 578 4587 tutionibus
609 4550 759 4600 vero,
807 4539 1110 4593 molliorem
1155 4539 1446 4607 quamdam
1476 4539 1848 4609 disciplinam,

277 4641 389 4692 quae
438 4626 486 4680 si
541 4627 724 4681 locum
779 4628 1025 4696 haberet,
1053 4639 1240 4685 rectus
1262 4630 1400 4684 ordo
1444 4632 1534 4686 diu
1570 4621 1715 4687 stare
1743 4649 1850 4688 non

279 4727 474 4785 posset.

343 4809 428 4862 36.
457 4809 798 4879 Subjungam
818 4822 1198 4881 argumentqu
1229 4816 1399 4879 aliud,
1421 4816 1568 4886 quod
1598 4825 1652 4871 et
1677 4817 1852 4886 ipsum

284 4916 486 4970 quoque
515 4903 712 4971 probat
737 4904 959 4973 quidem
995 4921 1101 4958 non
1137 4907 1387 4961 eumdem
1420 4924 1544 4963 esse
1575 4919 1852 4964 auctorem

284 4989 625 5061 Regularum,
659 4995 754 5062 qui
785 4996 1282 5064 Uonstitutionum;
1335 4999 1431 5052 sed
1462 5008 1721 5068 praeterea
1751 5000 1854 5055 hoc

284 5083 546 5136 commodi
599 5084 783 5150 habet,
844 5094 904 5139 ut
960 5087 1113 5140 nullo
1152 5069 1442 5142 verborum
1475 5100 1763 5160 apparatu,
1800 5098 1856 5144 at

284 5175 389 5225 solo
413 5175 700 5230 oculorum
735 5179 940 5231 auxilio
970 5179 1228 5248 indigeat.
1268 5180 1436 5235 Velim
1489 5181 1657 5252 igitur
1681 5184 1855 5238 oculis

289 5265 577 5321 lustrentur
609 5267 828 5339 Regula:
863 5280 918 5324 et
952 5269 1409 5333 Constitutiones,
1437 5285 1852 5343 comparentur-

291 5359 536 5424 I_ueinter
561 5375 704 5416 sese.
735 5361 848 5418 Has
873 5362 1062 5418 videas
1092 5363 1499 5434 Scripturarum
1530 5368 1855 5424 testimoniis

356 5513 399 5545 ”
429 5512 563 5570 Luc.
594 5534 650 5581 ι,
683 5517 775 5580 Η,
803 5517 898 5570 ιιι.
975 5518 1017 5549 ³⁰
1047 5518 1177 5573 Ibid.
1207 5518 1397 5573 4042.

349 5699 418 5766 (α)
459 5698 585 5772 Reg.
624 5701 770 5757 brev.
799 5701 890 5760 89.

1958 4529 2030 4581 lia
2083 4529 2192 4583 dici
2235 4538 2459 4599 possent
2497 4548 2510 4584 :
2542 4531 2635 4584 sed
2689 4546 2813 4584 cum
2875 4539 2928 4585 ct
2977 4531 3105 4584 alibi
3140 4531 3331 4585 eodem
3379 4529 3539 4585 modo

1965 4623 2232 4691 scriptum
2279 4624 2611 4690 inveniatur,
2667 4624 2906 4678 dubitari
2961 4625 3155 4677 metito
3194 4641 3301 4678 non
3341 4631 3538 4694 potest,

1957 4713 2091 4780 quin
2126 4722 2320 4771 auctor
2355 4715 2470 4784 ipse
2500 4715 2574 4768 ita
2609 4717 2917 4786 scripserit.
2949 4714 3086 4770 Volo
3133 4725 3312 4768 autem
3350 4716 3542 4768 memi-

1957 4805 2109 4859 nisse
2139 4820 2355 4870 omnes,
2391 4807 2444 4859 in
2477 4807 2579 4860 hoc
2624 4808 2870 4862 eruditos
2929 4809 3069 4862 inter
3103 4825 3160 4862 se
3205 4807 3538 4870 consentire,

1957 4897 2104 4966 quod
2136 4913 2247 4950 uno
2279 4913 2551 4953 consensu
2592 4897 2817 4953 Moralia
2849 4908 2903 4953 et
2931 4898 3166 4968 Regulus
3199 4898 3292 4950 imi
3333 4897 3542 4952 eidem-

1958 5005 2065 5059 que
2097 4990 2353 5058 scriptori
2385 4991 2654 5046 tribuant.
2707 4991 3004 5047 Videamus
3064 5006 3216 5060 ergo,
3263 4989 3548 5059 quomodo

1960 5079 2249 5134 Moralium
2284 5092 2498 5147 auctor,
2549 5084 2642 5153 qui
2678 5081 2819 5136 idem
2862 5092 2945 5136 est
2975 5093 3137 5153 atque
3183 5081 3542 5152 chularum,

1960 5172 2117 5238 illud,
2149 5173 2293 5241 quod
2326 5174 2462 5237 dixi,
2519 5173 2678 5227 Lucae
2719 5174 3092 5227 testimonium
3148 5175 3414 5228 retulerit.
3451 5171 3542 5225 Sit:

1960 5273 2139 5317 autem
2191 5265 2432 5334 loquitur
2481 5267 2534 5318 in
2591 5264 2775 5334 tegula
2823 5263 2890 5317 38
2954 5266 3098 5335 (pag.
3161 5265 3324 5335 263):
3403 5263 3543 5317 Εἰπὲ

1959 5352 2052 5409 οὖν
2073 5357 2236 5426 αὐτῇ,
2270 5357 2361 5410 ἵνα
2395 5374 2484 5426 μοι
2509 5358 2980 5429 συναντιλάϐηται.
3019 5357 3361 5428 Ἀποκριθεὶς
3383 5356 3439 5411 δὲ
3465 5353 3538 5410 εῖ-

2034 5706 2106 5776 (b)
2139 5703 2270 5776 Reg.
2308 5704 2376 5794 20
2414 5703 2517 5758 fus.
