3972 6202
419 235 475 290 9i
1823 231 2209 288 Pii/EFATIO.
3590 243 3665 295 9;!

418 374 517 412 πεν
563 357 700 427 αὐτῇ
755 357 783 408 ὁ
845 355 1069 426 Ἰησοῦς·
1137 356 1356 427 Μάρθα,
1428 356 1649 427 Μάρθα,
1719 356 1987 427 μεριμνᾷς

2100 353 2195 407 Lria
2223 353 2490 423 exempla.
2524 354 2581 407 ln
2615 369 2682 409 eo
2708 354 2873 424 igitur
2897 355 2970 407 ita
2994 353 3192 423 legitur
3223 354 3367 424 (pag.
3393 354 3519 424 550)
3553 375 3567 411 :
3597 359 3667 410 Ei

418 450 512 508 καὶ
547 449 801 520 τυρϐἀζῃ
855 450 989 520 περὶ
1034 449 1236 502 πολλὰ*
1272 450 1466 517 ὀλίγων
1514 450 1570 502 δέ
1599 453 1714 503 ἐστι
1740 451 1919 522 χρεία,
1950 451 1985 521 ἦ
2088 444 2145 496 δέ
2183 462 2236 497 τι
2267 445 2375 498 δέοι
2420 445 2509 498 διὰ
2545 447 2647 519 τὴν
2684 444 2985 514 ἀναγκαίαν
3017 444 3207 516 χρείαν
3260 446 3354 499 καὶ
3397 444 3673 520 ὕπαιθρον

418 544 557 607 ἑνός.
581 543 687 596 Die
707 559 828 613 ergo
852 543 956 606 illi,
990 551 1047 595 ut
1077 559 1159 596 me
1186 543 1413 607 adiuvet.
1463 542 1793 608 Respondens
1815 553 1990 596 autem

2100 535 2248 604 ἔργον
2275 537 2561 601 ἐπιτελεῖν,
2587 537 2707 590 οὐδὲ
2740 536 2901 590 τοῦτο
2932 536 3029 607 τὴν
3057 535 3371 604 φιλοσοφίαν
3404 536 3667 592 κωλύσει.

416 634 571 690 Jesus
605 636 821 689 dixit-ei
843 650 862 688 :
896 635 1134 697 Martha,
1164 633 1402 695 Martha,
1423 635 1655 689 sollicita
1690 651 1767 696 es,
1792 644 1841 688 et
1878 645 1990 687 tur-

420 727 565 781 baris
590 728 733 781 circa
752 727 1002 795 plurima,
1034 736 1206 779 tamen
1240 727 1421 795 paucis
1444 743 1580 795 opus-
1605 736 1702 789 est,
1725 738 1819 780 aut
1843 744 1946 780 uno
1970 743 1988 780 :

419 819 513 873 ubi
548 834 656 873 non
685 820 841 873 aliter
866 820 1080 887 legitur,
1122 834 1285 887 quam
1330 820 1385 872 in
1421 819 1557 887 ipsis
1608 818 1867 889 Regulis;
1922 833 1988 872 ex

419 926 528 978 quo
562 909 641 973 ﬁt,
680 917 735 963 ut
759 925 882 963 cum
911 918 1228 965 constanter
1259 909 1472 965 duobus
1514 910 1568 963 in
1613 911 1748 965 locis
1801 913 1989 965 eodem

419 1000 584 1052 modo
622 999 855 1068 legatur,
894 1007 1087 1054 auctor
1118 1001 1256 1069 ipse,
1287 1000 1540 1068 quisquis
1582 1007 1689 1062 est,
1725 999 1799 1052 ita
1846 1001 1990 1055 scri-

420 1089 599 1157 psisse
623 1089 899 1157 putandus
935 1088 1027 1143 sit.
1062 1088 1351 1149 Praeterea,
1409 1089 1626 1157 opinor,
1678 1089 1797 1143 haec
1849 1089 1990 1144 scri-

423 1188 605 1247 ptura,
637 1180 821 1247 paucis
862 1194 990 1248 opus
1010 1187 1109 1242 est,
1133 1191 1226 1233 aut
1269 1196 1394 1241 uno,
1421 1186 1531 1233 tam
1563 1194 1703 1233 nova
1724 1187 1808 1234 est
1834 1189 1889 1234 et
1906 1179 1992 1233 in-

422 1271 604 1333 solita,
633 1278 693 1325 ut
732 1272 992 1334 librariis,
1028 1272 1137 1327 nisi
1168 1272 1340 1341 ipsam
1374 1271 1429 1326 in
1460 1272 1530 1328 iis
1555 1288 1675 1342 quae
1720 1271 1993 1327 habebant

420 1363 826 1431 exemplaribus
876 1364 1232 1426 invenissent,
1283 1379 1359 1418 ne
1388 1363 1443 1417 in
1502 1373 1737 1418 mentem
1773 1363 1991 1434 quidem

420 1454 663 1509 venisset
682 1472 696 1519 ;
715 1454 787 1508 ob
810 1454 974 1523 idque
999 1455 1173 1524 magis
1198 1455 1542 1526 intelligitur,
1574 1455 1831 1511 librarios
1848 1455 1991 1524 ejus,

423 1557 586 1612 quam
620 1543 805 1607 retuli,
834 1545 1118 1600 varietatis
1140 1553 1393 1600 auctores
1407 1544 1515 1599 dici
1533 1546 1656 1614 jure
1684 1560 1793 1598 non
1811 1558 1990 1613 posse.

422 1633 504 1689 Ex
550 1634 1061 1711 quibusomnibus
1114 1636 1373 1691 concludi
1429 1636 1610 1699 debet,
1664 1636 1990 1705 [tegularum

424 1726 750 1796 scriptorem
770 1708 942 1781 alium
988 1742 1114 1783 esse
1142 1728 1210 1782 ab
1250 1743 1316 1782 eo
1347 1728 1439 1797 qui
1471 1727 1904 1782 Constitutioues
1937 1726 1994 1781 in
2024 1703 2067 1759 Β

422 1817 602 1879 Lucem
644 1817 834 1879 edidit,
886 1833 1010 1871 cum
1041 1816 1205 1873 Lucae
1244 1818 1410 1871 verba
1435 1818 1521 1872 bis
1576 1817 1733 1870 aliter
1785 1817 1991 1871 citarit.

424 1904 579 1971 Quod
628 1916 807 1960 autem
831 1906 969 1970 dixi,
1007 1921 1196 1960 vocem
1245 1904 1360 1967 ἑνός
1393 1905 1535 1973 apud
1598 1904 1798 1957 Lucam
1840 1918 1993 1957 sum-

425 2005 573 2067 ptam
608 2012 731 2052 esse
757 1999 825 2051 ab
861 2004 1088 2051 auctore
1120 2014 1229 2051 non
1262 1999 1497 2068 mystico
1523 2012 1710 2063 sensu,
1741 1995 1994 2064 sedzpro-

424 2090 547 2158 prio
565 2097 620 2143 et
648 2088 912 2150 naturali,
939 2104 1135 2157 nempe
1152 2103 1255 2158 pro
1278 2074 1510 2151 ferculo,
1536 2088 1588 2142 id
1620 2104 1688 2141 ex.
1714 2103 1800 2150 eo,
1832 2102 1993 2157 quem

426 2178 588 2241 modo
621 2178 806 2244 citavi,
838 2177 1122 2231 Moralium
1186 2178 1307 2232 loco
1359 2177 1586 2233 miriﬁce
1621 2176 1993 2230 conﬁrmatur.

426 2269 562 2323 Cum
588 2270 734 2324 enim
765 2285 828 2324 ea
859 2269 1147 2324 Moralium
1189 2271 1399 2340 regula,
1438 2271 1492 2324 in
1541 2286 1646 2339 qua
1676 2270 1789 2325 hac
1820 2270 1999 2340 legun-

426 2366 539 2423 tur,
567 2359 762 2428 ὀλίγων
781 2358 840 2413 δέ
870 2361 983 2412 ἐστι
1013 2359 1192 2432 χρεία,
1217 2360 1250 2430 ἢ
1284 2360 1424 2423 ἑνός,
1460 2369 1633 2413 tamen
1666 2361 1848 2428 paucis
1870 2378 1997 2429 opus

424 2457 526 2511 est,
551 2459 643 2514 aut
672 2466 797 2529 uno,
830 2455 1036 2521 scripta
1072 2452 1151 2521 sit.
1176 2450 1245 2505 de
1300 2449 1639 2520 frugalitate,
1682 2458 1831 2505 certe
1866 2451 1999 2504 illud

428 2540 589 2596 Lucae
610 2543 1010 2607 testimonium,
1039 2542 1145 2598 nisi
1170 2558 1271 2597 vox
1300 2544 1418 2606 ἑνός
1444 2543 1518 2597 ibi
1566 2558 1665 2613 pro
1694 2542 1817 2598 cibo
1857 2543 1993 2597 acci-

427 2639 671 2703 peretur,
713 2632 849 2687 nihil
882 2635 1108 2687 omnino
1137 2633 1204 2688 ad
1230 2648 1343 2688 rem
1368 2633 1594 2689 laceret.

498 2726 587 2780 37.
621 2724 975 2795 Argumenta,
1007 2741 1130 2794 quae
1161 2727 1424 2782 hactenus
1446 2727 1728 2796 proposui,
1765 2726 2001 2782 fortasse

426 2815 601 2870 videri
635 2822 894 2883 poterunt
935 2814 1212 2884 aliquibus
1253 2816 1415 2885 paulo
1462 2817 1754 2871 remotiora
1794 2837 1807 2872 :
1854 2833 2001 2872 nunc

429 2923 729 2978 proponam
777 2909 907 2972 alia,
943 2922 1077 2977 quae
1110 2922 1176 2961 ex
1217 2908 1333 2977 ipsa
1379 2909 1505 2978 styli
1545 2909 1758 2963 ratione
1801 2917 1997 2978 petam.

2102 627 2160 680 Ὀ
2199 627 2309 699 γὰρ
2350 629 2585 700 ἀκριϐὴς
2622 629 2926 698 φιλόσοφος,
2953 630 3364 701 φροντιστήριον
3416 629 3555 699 ἔχων
3606 629 3671 681 τὸ

2091 717 2270 788 σῶμα,
2307 721 2401 772 καὶ
2447 719 2774 791 καταγωγὴν
2804 721 2902 791 τῆς
2947 719 3126 789 ψυχῆς
3166 720 3401 789 ἀσφαλῆ,
3444 718 3550 772 κᾶν
3575 718 3671 770 ἐπ’

2089 810 2295 880 ἀγορᾶς
2329 809 2404 864 ὢν
2428 811 2587 883 τύχῃ,
2611 811 2714 865 κᾶν
2742 813 2799 863 ὲν
2837 811 3163 883 πανηγύρει,
3196 811 3299 865 κᾶν
3316 814 3374 864 ὲν
3400 810 3537 881 ὄρει,
3562 808 3674 863 κᾶν

2090 906 2148 959 ἐν
2170 904 2345 976 ἀγρῷ,
2367 905 2487 961 κᾶν,
2503 903 2705 975 μεταξὺ
2746 903 2983 974 πλήθους
3008 902 3225 968 πολλοῦ,
3259 903 3316 955 ὲν
3336 901 3413 973 τῷ
3450 901 3667 971 φυσικῷ

2094 996 2439 1068 μοναστηρίῳ
2480 996 2820 1067 καθίδρυται,
2849 995 2997 1048 ἔνδον
3032 995 3280 1064 συνάγων
3311 995 3402 1048 τὸν
3425 993 3549 1049 νοῦν
3573 995 3673 1048 καὶ

2091 1087 2396 1156 φιλοσοφῶν
2417 1088 2486 1143 τὰ
2516 1087 2666 1158 αὺτῷ
2689 1087 2985 1158 πρέποντα.
3017 1087 3169 1154 Quod
3197 1088 3247 1141 si
3283 1088 3571 1156 oportuerit
3602 1087 3672 1140 ob

2090 1178 2438 1233 inevitabilem
2453 1177 2738 1250 quamdam
2755 1179 3113 1233 necessitatem
3134 1194 3261 1246 opus
3277 1176 3492 1248 aliquod
3504 1179 3673 1232 etiam

2091 1267 2188 1323 sub
2213 1267 2302 1321 dio
2317 1269 2519 1338 perﬁci,
2544 1284 2608 1322 ne
2625 1267 2720 1322 hoc
2736 1266 2945 1338 quidem
2973 1267 3314 1337 philosophiae
3337 1268 3574 1336 futurum
3589 1278 3673 1321 est

2092 1359 2479 1428 impedimento.
2517 1360 2622 1426 Qui
2672 1360 2812 1413 enim
2840 1375 2954 1413 vere
2977 1358 3311 1429 philosophus
3342 1368 3440 1423 est,
3470 1360 3520 1414 ei
3547 1376 3671 1412 cum

2093 1466 2280 1520 corpus
2308 1450 2377 1504 sit
2398 1448 2509 1503 loco
2525 1448 2716 1504 schola:
2742 1457 2791 1502 et
2810 1448 3093 1518 gymnasii,
3118 1448 3284 1515 sitque
3300 1446 3467 1501 eidem
3499 1448 3673 1500 animi

2094 1540 2242 1595 sedes
2277 1541 2585 1610 ﬁrmissima
2611 1554 2628 1591 :
2657 1540 2870 1594 etiamsi
2896 1540 2949 1593 in
2973 1539 3089 1608 [oro
3125 1539 3309 1608 fuerit,
3336 1540 3439 1593 sive
3471 1539 3526 1592 in
3540 1555 3673 1593 con-

2074 1643 2272 1715 .ventu,
2304 1634 2407 1688 sive
2433 1634 2490 1686 in
2534 1641 2730 1700 monte,
2762 1633 2868 1687 sive
2907 1633 2963 1685 in
2986 1630 3160 1685 media
3178 1630 3532 1685 multitudinis
3561 1631 3665 1701 fre-

2095 1725 2327 1795 quentia,
2385 1739 2479 1776 ceu
2516 1723 2571 1775 in
2618 1721 2854 1776 naturali
2900 1723 3222 1776 monasterio
3270 1730 3672 1776 commoratur:

2095 1815 2280 1883 quippe
2302 1815 2392 1883 qui
2433 1817 2574 1867 intus
2605 1815 2659 1866 in
2699 1830 2754 1867 se
2790 1813 3005 1884 colligat
3036 1815 3289 1876 animum,
3315 1823 3364 1867 et
3398 1813 3462 1867 de
3490 1814 3672 1877 rebus,

2095 1920 2212 1976 qua:
2240 1904 2343 1958 sibi
2379 1903 2711 1968 conveniant,
2743 1903 3157 1973 philosophetur.
3190 1903 3451 1958 Ultimum
3487 1905 3674 1959 locum

2097 2013 2374 2053 accersam
2400 2013 2431 2052 e
2453 2013 2573 2067 cap.
2613 1997 2698 2061 18,
2732 1997 2822 2050 ubi
2855 1996 2935 2052 sic
2977 1997 3175 2067 legitur
3196 2001 3340 2068 (pag.
3369 1996 3495 2067 560)
3526 2016 3540 2053 :
3575 2000 3679 2050 Δε-

2095 2091 2421 2163 δηλώκαμεν
2447 2092 2713 2154 δπως.....
2744 2090 2943 2144 δύναιτ’
2970 2089 3036 2144 ἂν
3069 2093 3199 2162 ἡμῖν
3219 2091 3312 2144 τὸν
3341 2091 3543 2162 ἀκριϐῆ
3572 2110 3674 2162 χα-

2101 2184 2426 2255 ρακτηρίσαι
2451 2182 2760 2252 φιλόσοφον,
2786 2182 3122 2251 exposuimus
3150 2182 3525 2251 quomodo.....
3551 2184 3674 2250 phi-
3705 2207 3709 2211 ν

2098 2275 2370 2343 losophum
2405 2276 2692 2344 perfectum
2722 2275 2873 2329 nobis
2902 2276 3190 2344 exprimere
3217 2276 3408 2345 possit.
3450 2274 3529 2329 Ex
3552 2276 3679 2345 qui-

2100 2366 2203 2420 bus
2238 2365 2475 2435 perspici
2517 2372 2720 2436 potest,
2757 2380 2874 2429 eas,
2915 2379 3054 2441 quas
3094 2365 3229 2429 dixi,
3260 2380 3427 2420 voces
3448 2364 3678 2420 Consti-

2099 2457 2371 2510 tutionum
2397 2456 2606 2510 auctori
2633 2471 2741 2510 non
2767 2472 2960 2527 parum
2993 2456 3481 2512 familiaresfuisse
3511 2476 3524 2511 ε
3553 2471 3678 2525 qua:

2098 2554 2282 2600 tamen
2312 2543 2643 2616 Regularum
2686 2546 2969 2616 scriptori,
3000 2562 3093 2602 res
3123 2546 3344 2602 easdem
3378 2554 3444 2601 et-
3469 2546 3675 2600 dicenti

2100 2646 2153 2692 et
2175 2637 2490 2706 exponenti,
2518 2644 2614 2691 aut
2652 2638 2707 2692 in
2742 2646 2977 2693 mentem
3008 2653 3115 2693 non
3153 2646 3438 2700 venerunt,
3470 2644 3586 2700 aut,
3628 2639 3676 2691 si

2100 2728 2367 2792 venerint,
2410 2728 2548 2797 ipsis
2586 2736 2764 2782 tamen
2798 2729 2874 2783 uti
2919 2729 3114 2783 noluit.
3166 2728 3279 2783 Hoc
3323 2730 3490 2793 idem,
3524 2729 3675 2799 quod

2101 2817 2261 2871 nobis
2291 2817 2702 2885 proposuimus,
2730 2816 2837 2877 alia
2861 2816 2949 2871 via
2975 2817 3198 2887 exsequi
3223 2832 3507 2872 conemur.
3535 2816 3678 2871 Illud

2102 2909 2266 2978 igitur
2296 2910 2618 2972 notandum,
2644 2906 2872 2961 verbum
2902 2908 3170 2961 ποιεῖσθαι
3202 2908 3277 2962 ita
3308 2908 3362 2962 in
3394 2908 3683 2964 Constitu—

426 3000 566 3054 Cum
599 3015 728 3069 ergo
766 2999 1001 3070 Regulas
1042 3007 1203 3068 atque
1246 3000 1674 3056 Constitutiones
1713 3002 2001 3071 diligenter
2027 3041 2073 3102 ς
2105 3000 2348 3056 tionibus
2379 3001 2658 3069 usurpari,
2683 3000 2904 3070 utipsis
2936 2998 3100 3054 etiam
3125 3000 3283 3062 locis,
3307 2999 3401 3053 ubi
3435 3008 3682 3069 tempore

428 3091 684 3161 legerem,
714 3106 916 3160 easque
955 3090 1097 3146 inter
1122 3106 1182 3146 se
1208 3105 1605 3160 compararem,
1633 3092 1818 3148 videre
1850 3094 2000 3149 visus

429 3198 552 3238 sum
588 3182 726 3238 duos
759 3190 1031 3247 auctores,
1078 3198 1313 3252 quorum
1353 3199 1495 3238 unus
1544 3200 1672 3251 uno,
1727 3185 1866 3239 alius
1894 3186 2001 3239 alio

428 3274 683 3343 loquendi
710 3289 907 3344 genere
931 3274 1087 3329 valde
1110 3275 1490 3329 delectaretur.
1515 3273 1579 3328 Et
1603 3278 1857 3344 quoniam
1882 3293 2003 3347 quae

429 3365 565 3436 ipsis
614 3366 791 3421 oculis
834 3365 1223 3434 subjiciuntur,
1266 3367 1454 3420 nescio
1507 3369 1779 3436 quomodo
1828 3369 2002 3439 magis

429 3465 670 3522 movent,
719 3456 1013 3525 cujuslibet
1045 3457 1124 3513 rei
1173 3458 1382 3527 aliquot
1422 3459 1667 3527 exempla
1708 3458 1999 3528 proferam.

427 3553 472 3603 Α
500 3551 681 3606 tribus
715 3550 944 3606 vocibus
984 3549 1199 3604 initium
1244 3550 1462 3612 ducam,
1508 3551 1814 3621 φιλοσοφία,
1856 3551 2005 3621 φιλό-

430 3658 592 3709 σοφος
615 3649 670 3695 et
708 3641 1049 3710 φιλοσοφεῖν·
1086 3657 1208 3710 qua:
1243 3656 1366 3695 cum
1405 3643 1459 3695 in
1500 3642 2002 3701 Constitutionibus

429 3747 572 3801 saepe
619 3731 1007 3796 adhibeantur,
1066 3747 1163 3787 eas
1215 3740 1398 3787 tamen
1453 3732 1696 3789 invenire
1750 3750 1859 3788 non
1920 3743 2006 3791 est

429 3837 662 3892 usquam
704 3822 759 3876 in
791 3820 1033 3892 Regulis.
1073 3822 1164 3877 Sic
1191 3823 1355 3893 igitur
1384 3824 1627 3893 loquitur
1655 3825 2007 3882 Constitutio-

429 3929 557 3967 num
580 3920 773 3969 auctor
801 3914 920 3983 ipso
948 3914 1196 3983 prommii
1224 3914 1306 3968 sui
1338 3913 1496 3968 initio
1526 3916 1672 3986 ;.Τὴν
1699 3917 2003 3989 κατὸιΧρι-

430 4004 554 4058 στὸν
601 4004 919 4074 φιλοσοφίαν
970 4004 1384 4075 ἐπανελόμενος,
1432 4008 1526 4059 καὶ
1573 4007 1681 4062 τῶν
1737 4008 2005 4078 βιωτικῶν

428 4094 730 4165 ἐπιθυμιῶν
775 4112 835 4148 τε
888 4097 982 4149 καὶ
1021 4095 1223 4166 ἡδονῶν
1253 4097 1349 4150 καὶ
1392 4099 1687 4169 φροντίδων
1738 4099 2006 4173 ἀνώτερον

428 4186 566 4254 ἄρας
598 4184 661 4237 τὸ
689 4184 963 4256 φρόνημα,
1011 4193 1117 4240 etc.
1155 4185 1237 4239 Ex
1263 4204 1367 4258 quo
1418 4186 1617 4242 Christi
1652 4191 1923 4259 amplexus
1953 4208 2005 4245 es

428 4276 834 4345 philosophiam,
872 4288 920 4331 et
964 4292 1125 4345 supra
1157 4277 1470 4347 cupiditates
1509 4279 1807 4335 mundanas
1854 4292 2008 4352 atque

2104 3090 2322 3160 passivo
2355 3090 2595 3160 ponitur,
2628 3097 2810 3145 tamen
2847 3089 3300 3161 signiﬁcationem
3334 3091 3563 3144 activam
3594 3106 3684 3145 re-

2100 3184 2289 3239 tineat.
2322 3182 2432 3239 Res
2461 3184 2662 3238 clarior
2695 3182 2785 3237 ﬁet
2814 3183 3100 3252 exemplis.
3134 3182 3212 3235 lta
3244 3197 3376 3252 ergo
3395 3182 3592 3251 legitur
3622 3182 3680 3236 in

2102 3274 2223 3343 ipso
2246 3273 2714 3329 Constitutionum
2755 3274 3060 3342 prooemio:
3101 3272 3367 3334 Πολλάκις
3415 3272 3512 3343 μὲν
3541 3272 3682 3343 πρὸς

2102 3366 2247 3435 ἡμᾶς
2275 3364 2505 3428 πολλοὺς
2542 3365 2837 3435 πεποίησαι
2872 3363 3085 3432 λόγους,
3123 3363 3525 3433 πυνθανόμενος
3556 3363 3682 3416 τίνα

2099 3458 2300 3526 τρόπον
2333 3456 2440 3510 δέοι
2465 3457 2567 3528 τὴν
2585 3455 2678 3509 τοῦ
2703 3455 2913 3524 ἀγῶνος
2938 3454 3184 3508 ἔνστασιν
3210 3454 3516 3508 τελειῶσαι.
3553 3452 3683 3508 Non

2102 3567 2228 3604 raro
2259 3549 2532 3604 nobiscum
2554 3549 2787 3603 habuisti
2813 3563 3124 3611 sermonem,
3156 3564 3219 3600 ac
3246 3557 3582 3617 percontatus
3603 3565 3683 3611 es,

2101 3641 2360 3715 quomodo
2389 3651 2685 3710 susceptum
2724 3650 2990 3695 certamen
3031 3639 3233 3693 absolvi
3276 3649 3534 3709 oporteat.
3567 3640 3687 3692 Ali-

2102 3742 2310 3803 quanto
2355 3743 2479 3804 post
2525 3742 2718 3788 auctor
2749 3734 2823 3787 ita
2859 3733 3055 3787 scribit
3081 3734 3223 3803 (cap.
3259 3732 3313 3795 4,
3350 3746 3473 3801 pag.
3509 3730 3637 3800 548)
3667 3751 3683 3785 :

2109 3827 2207 3888 Ἃς
2239 3824 2375 3896 πρὸς
2404 3825 2495 3878 τὸν
2520 3825 2732 3896 πατέρα
2757 3825 2856 3893 τῆς
2888 3824 3162 3897 ἁμαρτίας
3191 3824 3284 3877 τὸν
3311 3824 3553 3877 διάϐολον
3582 3842 3688 3877 πε-

2105 3915 2398 3986 ποιήμεθα,
2447 3932 2579 3986 quas
2630 3914 3022 3987 [obligationes]
3068 3932 3184 3968 cum
3229 3917 3425 3984 peccati
3466 3925 3689 3984 parente

2104 4008 2317 4063 diabolo
2361 4009 2744 4063 contraximus.
2776 4007 2980 4062 Eodem
3013 4008 3106 4062 illo
3146 4009 3200 4062 in
3228 4010 3406 4078 capite
3439 4008 3511 4062 ita
3538 4009 3684 4063 scri-

2107 4107 2256 4170 ptum
2293 4100 2571 4155 invenitur
2609 4099 2754 4168 (pag.
2795 4098 2921 4168 549)
2952 4117 2965 4152 :
3002 4097 3159 4152 Οὖτω
3200 4098 3298 4161 τὰς
3336 4098 3537 4170 ἀρετὰς
3583 4100 3687 4168 τῆς

2103 4191 2283 4262 ψυχῆς
2310 4193 2377 4261 τῇ
2408 4191 2670 4261 συνεργίᾳ
2694 4189 2789 4243 τοῦ
2821 4188 3074 4260 σώματος
3106 4190 3560 4261 ἀπελάμπρυναν,
3590 4190 3694 4243 τὸν

2107 4284 2410 4355 πρακτικὸν
2442 4282 2555 4353 βίον
2586 4283 2858 4354 σφραγῖδα
2883 4284 2979 4335 καὶ
3005 4282 3284 4336 τελείωσιν
3321 4283 3421 4353 τῆς
3448 4300 3690 4353 πνευμα-

429 4368 720 4437 voluptates
759 4385 822 4422 ac
850 4385 1008 4423 curas
1039 4371 1277 4423 animum
1311 4371 1571 4435 extulisti,
1608 4381 1717 4428 etc.
1744 4373 2001 4439 Ejusdem

2106 4376 2265 4446 τικῆς
2294 4374 2568 4438 πολιτείας
2600 4373 2978 4445 πεποιημένοι.
3005 4372 3094 4428 Sic
3123 4374 3289 4427 animi
3322 4374 3538 4428 virtutes
3565 4390 3688 4426 cor-

431 4460 547 4513 haec
576 4466 704 4515 sunt
736 4460 905 4514 verba
930 4463 1038 4515 alio
1068 4462 1190 4516 loco
1225 4463 1367 4532 (cap.
1392 4464 1447 4522 4,
1481 4481 1635 4519 num.
1663 4468 1717 4527 5,
1742 4482 1797 4535 p.
1831 4467 1955 4539 546)
1988 4486 2002 4522 :

430 4551 474 4602 ’Τ
480 4551 495 4603 ί
520 4549 629 4621 γὰρ
659 4549 884 4621 βέλτιον,
921 4552 1041 4604 εἰπέ
1085 4570 1194 4622 μοι,
1230 4554 1511 4624 μιμεῖσθαι
1542 4555 1650 4608 τῶν
1686 4555 1913 4627 δένδρων
1940 4556 2007 4613 τὰ

430 4637 752 4713 εῠκαρπα...
797 4640 855 4705 ἐξ
892 4641 1148 4711 ἡμισείας
1179 4641 1234 4695 δὲ
1279 4643 1379 4715 τὴν
1423 4645 1740 4714 φιλοσοφίαν
1782 4645 2007 4716 ἐργάζε-

434 4730 580 4794 σθαι,
619 4731 762 4801 ψυχῇ
789 4730 946 4804 μόνῃ,
980 4731 1095 4786 ἀλλ’
1125 4732 1247 4803 οὐχὶ
1283 4735 1378 4787 καὶ⁴
1412 4733 1491 4805 τῷ
1513 4734 1755 4805 σώματι;
1793 4736 2003 4801 Utrum,

329 4844 345 4861 ι
432 4836 631 4890 quaeso,
685 4821 1044 4889 prwsmbilius
1093 4833 1193 4889 est,
1236 4824 1520 4879 arbaresne
1569 4827 1852 4897 frugiferas
1880 4830 2005 4882 imi-

433 4912 631 4966 tari
665 4920 819 4981 atque
855 4927 919 4967 ea:
944 4912 1172 4966 dimidia
1201 4923 1408 4969 tantum
1432 4925 1604 4984 parte,
1633 4917 1744 4971 solo
1773 4918 2005 4974 videlicet

436 5001 635 5064 animo,
680 5018 742 5054 ac
787 5018 888 5056 non
937 4990 1101 5056 etiam
1148 5017 1363 5071 corpore
1404 5005 1748 5076 philosophia:
1794 5025 2008 5078 operam

440 5093 602 5147 dare?
629 5092 831 5149 Eodem
856 5095 951 5148 illo
978 5095 1034 5148 in
1062 5096 1246 5166 capite
1272 5096 1349 5166 (n.
1380 5095 1436 5165 4)
1472 5097 1553 5151 sic
1603 5097 1833 5153 scribit:
1864 5101 2009 5153 Ταύ-

440 5199 534 5253 της
576 5183 684 5253 γὰρ
710 5184 808 5254 τῆς
839 5184 1132 5250 διαθέσεως
1163 5188 1221 5241 ἐν
1260 5186 1405 5258 ψυχῇ
1443 5189 1759 5259 γενομένης,
1798 5191 1950 5244 οὐδὲν
1982 5194 2010 5245 ὁ

438 5275 677 5345 μετέχων
701 5276 802 5346 τῆς
822 5279 1050 5348 τροφῆς,
1084 5279 1178 5332 τοῦ
1204 5280 1280 5350 μὴ
1317 5279 1635 5351 μετέχοντος
1655 5280 1905 5352 δεύτερος
1929 5284 2010 5347 εἰς

437 5365 754 5437 φιλοσοφίαν
791 5372 1059 5437 φανεῖται.
1094 5371 1344 5438 Quisquis
1400 5374 1561 5434 enim,
1589 5374 1766 5427 animo
1811 5375 1889 5428 sic
1925 5376 2010 5444 af-

440 5456 595 5524 fecto,
621 5456 795 5510 cibum
843 5460 1024 5520 sumit,
1057 5461 1111 5512 in
1135 5461 1299 5515 nihilo
1346 5462 1605 5519 videbitur
1647 5461 1869 5529 inferior
1908 5479 2009 5516 non

441 5550 686 5625 sumenti,
737 5562 991 5621 quantum
1041 5554 1226 5607 attinet
1271 5554 1339 5607 ad
1388 5554 1788 5623 philosophiam.
1835 5555 2011 5625 Caput

438 5652 717 5713 quintum,
769 5643 873 5699 etsi
910 5644 1317 5713 brevissimum,
1354 5646 1473 5716 ejus
1528 5647 1604 5701 rei
1645 5646 2009 5718 suppeditabit

2108 4467 2251 4536 poris
2281 4481 2375 4534 ope
2414 4464 2776 4529 illustrarunt,
2832 4474 3105 4519 actuosam
3140 4466 3302 4519 vitam
3329 4480 3420 4518 ceu
3444 4464 3693 4535 sigillum

2109 4566 2263 4625 atque
2307 4554 2679 4623 perfectionem
2728 4554 3025 4623 spiritualis
3056 4555 3179 4611 vita;
3208 4563 3540 4623 praestantes.
3573 4554 3690 4609 Ho-

2108 4661 2232 4699 rum
2262 4645 2463 4700 similia
2503 4655 2632 4700 sunt
2657 4660 2779 4714 qua:
2806 4646 3063 4716 leguntur
3107 4660 3230 4716 cap.
3264 4644 3336 4700 20
3370 4644 3543 4715 (num.
3576 4646 3632 4711 2)
3669 4666 3695 4701 :~

2108 4736 2231 4799 Τοῖς
2269 4736 2368 4807 μὲν
2404 4732 2497 4789 οὖν
2527 4736 2843 4804 συγγενέσιν
2885 4736 3173 4807 εὐχώμεθα
3212 4736 3281 4789 τὰ
3310 4736 3578 4807 βέλτιστα,
3607 4737 3689 4790 δι-

2108 4826 2424 4896 καιοσύνην,
2463 4827 2626 4898 φημὶ,
2679 4828 2773 4880 καὶ
2819 4827 3120 4893 εὐσὲὕειαν,
3177 4826 3272 4880 καὶ
3299 4825 3492 4890 ταῦτα,
3540 4826 3699 4897 ἅπερ

2108 4920 2271 4988 ἡμεῖς
2310 4917 2467 4988 τίμια
2515 4917 2882 4988 πεποιήμεθα.
2938 4917 3220 4970 Preeemur
3262 4917 3439 4986 itaque
3488 4915 3689 4982 optima

2110 5010 2346 5078 cognatis
2392 5010 2612 5072 nostris,
2655 5009 2950 5077 justitiam,
2985 5009 3223 5077 inquam,
3254 5018 3301 5060 et
3337 5007 3602 5076 pietatem,
3636 5017 3691 5060 et

2110 5117 2227 5171 qua:
2261 5118 2355 5156 nos
2387 5103 2566 5172 magni
2596 5101 2838 5170 fecimus.
2873 5099 2984 5154 Nec
3018 5088 3257 5161 diversa:
3282 5113 3404 5168 quas
3442 5113 3569 5151 mox
3599 5112 3689 5152 se-

2112 5199 2354 5260 quuntur
2379 5190 2525 5263 (cap.
2545 5191 2638 5257 ει,
2669 5207 2724 5244 n.
2757 5191 2815 5257 2)
2850 5209 2862 5243 :
2896 5191 2970 5243 Οὐ
2999 5189 3107 5261 γὰρ
3147 5191 3240 5242 ἐπὶ
3264 5188 3434 5258 κακίᾳ
3462 5187 3560 5266 τὴν
3580 5203 3691 5239 κοι-

2112 5280 2306 5334 νωνίαν
2345 5280 2700 5350 πεποίηνται,
2743 5278 2998 5349 siquidem
3028 5295 3133 5332 nan
3162 5277 3303 5331 malo
3341 5276 3558 5330 consilio
3598 5291 3688 5342 pe-

2110 5372 2284 5441 pigere
2323 5372 2643 5446 societatem.
2695 5370 2880 5424 Notari
2927 5377 3104 5440 potest
3156 5376 3212 5423 et
3245 5365 3375 5420 illud
3409 5366 3550 5437 (cap.
3593 5364 3685 5423 22.

2112 5479 2232 5536 pag.
2276 5464 2400 5534 571)
2426 5483 2439 5518 :
2469 5464 2546 5517 Οὐ
2574 5463 2683 5535 γὰρ
2717 5462 2927 5516 οἴκοθεν
2965 5461 3248 5536 ὁρμηθεὶς,
3293 5460 3405 5513 ἀλλ’
3445 5459 3541 5511 ἀπ’
3586 5457 3687 5509 αὑ-

2111 5535 2219 5607 τῶν
2252 5555 2359 5608 τῶν
2384 5555 2541 5608 θείων
2564 5552 2796 5625 Γραφῶν
2829 5553 3034 5622 ταύτην
3074 5551 3171 5622 τὴν
3206 5549 3453 5603 εἰκασίαν
3491 5548 3687 5600 πεποί-

2112 5664 2271 5718 ημαι.
2308 5644 2429 5700 Non
2454 5646 2588 5701 enim
2616 5646 2826 5715 proprio
2852 5653 3038 5711 marte,
3064 5643 3151 5698 sed
3179 5642 3304 5712 ipsis
3326 5640 3513 5695 divinis
3541 5637 3685 5693 Serio
