3972 6202
323 286 396 341 93
1774 287 2170 346 PREFATIO.
3525 288 3590 346 94

324 404 499 471 pturis
546 401 793 458 inductus
828 405 964 459 hanc
1004 407 1226 461 adhibui
1259 410 1727 478 comparationem.
1759 408 1915 464 Hanc
1940 412 1986 468 Α
2014 408 2157 462 orbis
2184 416 2447 462 terrarum
2491 408 2698 476 publica
2728 416 2999 462 conventu.
3033 406 3195 461 Plura
3229 408 3470 478 ejusdem
3498 424 3591 481 ge-

326 503 513 551 autem
573 495 828 565 loquendi
882 502 1152 555 rationem
1206 516 1315 570 qua
1366 501 1591 556 verbum
1639 503 1906 556 ποιεῖσθαι

327 596 576 657 tempore
618 588 843 657 passivo
892 592 1134 660 positum
1177 594 1411 647 activam
1452 592 1904 663 signiﬁcationem

325 686 507 745 liabet.
534 688 626 756 qui
656 687 714 741 in
740 686 964 759 Regulis
994 699 1222 759 quaeret,
1254 707 1377 745 eum
1407 707 1531 762 ego,
1561 706 1685 746 cum
1719 694 1788 747 ab
1814 707 1905 747 ea-

324 793 446 829 rum
476 778 714 833 lectione
755 794 951 834 recens
976 782 1103 844 sim,
1136 782 1341 836 frustra
1368 783 1725 851 quaesiturum
1761 782 1904 836 allir-

323 881 474 921 mare
518 882 682 936 posse
724 869 938 923 videor.
969 870 1036 924 Et
1089 872 1267 926 sicubi
1310 887 1413 926 vox
1452 873 1818 943 πεποιημένος
1847 874 1901 927 in

322 956 548 1026 Regalis
571 961 835 1021 occurrit,
862 963 939 1015 uti
965 963 1145 1032 reipsa
1176 964 1229 1016 in
1259 963 1443 1033 regula
1472 964 1574 1017 198
1606 965 1897 1029 invenitur,

320 1055 456 1101 tunc
488 1048 952 1119 signiﬁcationem
981 1053 1260 1121 passivam
1290 1051 1531 1122 praefert.
1562 1053 1620 1107 In
1643 1070 1707 1109 eo
1728 1055 1896 1119 enim,

317 1155 481 1208 quem
514 1141 698 1195 notavi
728 1142 869 1205 loco,
902 1142 976 1195 ita
1004 1145 1268 1213 scriptum
1303 1153 1388 1201 est
1412 1164 1424 1198 :
1454 1145 1527 1196 Τὸ
1554 1143 1814 1215 ἐρώτημα
1836 1146 1897 1198 οὐ

315 1231 526 1300 κυρίως
564 1232 813 1302 φαίνεταί
849 1252 939 1304 μοι
965 1235 1353 1305 πεποιημένον.
1394 1235 1631 1302 Ωιιανδιίο
1654 1236 1764 1290 lucc
1793 1253 1896 1290 non

314 1325 448 1379 mihi
469 1326 572 1379 rite
598 1327 872 1395 proposita
894 1326 1118 1380 videtur.
1145 1325 1481 1381 Conlirmare
1509 1342 1729 1397 pergam
1751 1328 1895 1397 quod

309 1418 443 1472 mihi
466 1417 755 1488 pmposui,
784 1417 889 1471 hoc
915 1426 1274 1487 argumento:
1307 1418 1401 1487 qui
1430 1417 1895 1474 Constitutionum

309 1518 503 1565 auctor
521 1519 625 1573 est,
650 1524 775 1563 cum
804 1509 1125 1565 monasterii
1154 1507 1469 1579 pmfectum
1494 1508 1733 1564 indicare
1756 1510 1892 1566 vult.

307 1602 511 1671 passim
547 1601 635 1655 bis
665 1601 896 1655 vocibus
926 1603 1119 1665 utitur,
1141 1599 1461 1671 ἡγούμενος,
1489 1598 1890 1670 ἀφηγούμενος,

304 1692 741 1763 καθηγούμενος,
764 1691 1165 1763 ὑφηγούμενος,
1193 1693 1353 1762 cujus
1376 1693 1453 1748 rei
1476 1693 1681 1763 aliquot
1710 1707 1891 1748 exem-

302 1784 389 1851 pla
426 1798 552 1838 meo
584 1798 738 1838 more
772 1782 1089 1852 subjiciam.
1126 1782 1205 1837 lta
1249 1784 1417 1854 igitur
1451 1784 1642 1839 scribit
1667 1798 1789 1854 cap.
1814 1783 1884 1837 22

305 1874 479 1941 (num.
507 1874 570 1936 2,
595 1888 721 1945 pag.
749 1873 877 1943 570)
910 1892 923 1927 :
965 1873 1078 1927 Καὶ
1113 1874 1298 1944 μηδεὶς
1338 1874 1532 1928 οίέσθω
1564 1891 1653 1945 με,
1677 1874 1882 1945 κρατύ-

302 1980 411 2015 νειν
440 1962 697 2016 ἐθέλοντα
728 1962 828 2033 τὴν
860 1962 989 2033 περῖ
1014 1965 1142 2026 τοὺς
1181 1964 1513 2034 ἡγουμένους
1550 1962 1880 2028 εὐπείθειαν,

299 2053 585 2123 ὑπέρογκα
642 2052 914 2124 παράγειν
964 2054 1036 2108 τὰ
1088 2055 1480 2125 ὑποδείγματα.
1534 2053 1715 2126 Neque
1765 2072 1882 2110 vero

299 2146 561 2198 existimet
588 2145 896 2214 quisquam,
924 2162 1025 2208 me,
1067 2145 1413 2202 obedientiam
1440 2145 1704 2216 praefectis
1730 2146 1882 2201 debio

301 2249 403 2288 tam
428 2235 685 2289 stabilire
708 2238 985 2303 volentem,
1022 2237 1259 2308 exempla
1281 2239 1595 2293 sublimiora
1621 2239 1876 2309 proferre.

301 2327 446 2381 [laud
486 2327 656 2399 longe
688 2327 768 2381 ita
812 2343 1009 2384 rursus
1054 2330 1298 2400 loquitur
1335 2331 1510 2401 (num.
1535 2330 1591 2393 ι,
1632 2348 1686 2401 p.
1712 2330 1874 2401 575):

304 2417 506 2484 Ταύτην
536 2416 645 2487 τὴν
673 2418 983 2472 εὐπείθειαν
1019 2419 1331 2473 ἀπαιτεῖται
1353 2422 1382 2474 6
1402 2421 1544 2474 κατὰ
1562 2420 1693 2475 Θεὸν
1715 2422 1879 2492 ἀσκη-

310 2508 393 2577 si};
411 2506 488 2578 τῷ
539 2508 841 2579 ἡγουμένῳ
873 2509 1240 2583 εἰσφέρεσθαι.
1293 2509 1540 2581 Erigitur
1565 2511 1631 2565 ab
1663 2527 1743 2574 eo,
1787 2513 1878 2581 qui

310 2599 579 2653 secundum
624 2600 794 2653 Deum
844 2610 1020 2655 asceta
1063 2610 1164 2666 est,
1204 2611 1265 2656 ut
1302 2619 1398 2657 suo
1441 2602 1688 2671 praefecto
1740 2603 1876 2656 hanc

300 2700 495 2757 prcstet
517 2691 899 2745 obedientiam.
933 2690 991 2746 In
1015 2693 1195 2764 capite
1212 2693 1473 2750 vicesimo
1498 2696 1675 2765 primo
1697 2695 1871 2766 (num.

297 2781 348 2844 ι,
378 2796 499 2850 pag.
540 2780 672 2851 569)
704 2781 780 2835 ita
821 2783 1088 2851 scriptum
1134 2791 1221 2838 est
1251 2802 1266 2838 :
1309 2784 1432 2836 Ὅτι
1462 2782 1521 2837 δὲ
1567 2785 1595 2837 ὁ
1626 2781 1873 2852 ἀφηγού-

301 2891 451 2942 μενος
480 2875 587 2927 οὐκ
628 2873 697 2928 ἃν
725 2873 900 2927 ἒλοιτο
938 2874 1031 2929 τὸν
1078 2873 1227 2945 αὐτῷ
1275 2875 1709 2947 μαθητευόμενον
1737 2874 1874 2945 πρὸς

299 2966 556 3037 πονηρίαν
586 2967 992 3034 ὲναγαγεῖν.....
1028 2965 1220 3029 οὕτως,
1252 2968 1300 3019 εί
1330 2966 1496 3029 δοκεῖ,
1525 2965 1868 3037 σκεψώμεθα.

2007 499 2161 554 neris
2201 501 2330 564 alia,
2364 499 2410 554 si
2451 500 2668 563 vellem,
2704 499 3002 569 adjungere
3034 514 3249 568 possem
3282 519 3295 554 :
3335 499 3433 556 sed
3462 514 3588 554 cum

2006 600 2201 647 caetera
2248 592 2302 646 in
2336 592 2460 661 ipso
2510 591 2657 646 fonte
2713 592 2900 647 videre
2937 593 3138 662 cuique
3188 592 3368 658 liceat,
3405 592 3463 646 in
3501 592 3588 648 bis

2004 682 2210 738 diutius
2239 683 2518 737 immorari
2550 682 2733 737 nolui:
2764 696 2829 736 eo
2861 682 3055 752 magis,
3083 682 3225 751 quod
3254 698 3318 737 ea
3351 698 3471 753 qum
3499 698 3587 737 re~

2005 774 2128 839 tuli,
2160 774 2297 828 satis
2324 789 2599 844 superque
2631 772 2862 844 probent
2893 772 3361 829 Constitutionum
3393 782 3587 829 aucto-

2003 879 2119 918 rem
2143 864 2231 929 iis,
2251 881 2391 935 quas
2412 861 2550 927 dixi,
2571 864 2800 921 vocibus
2816 866 3178 922 libentissime
3205 883 3365 922 usum
3390 866 3581 931 fuisse,

2002 954 2205 1023 quibus
2235 965 2417 1011 tamen
2449 957 2782 1027 Regularum
2815 957 3073 1027 scriptor,
3105 975 3228 1012 cum
3260 960 3581 1013 monasterii

1999 1045 2320 1115 praelectum
2351 1047 2617 1102 denotare
2666 1048 2802 1112 vult,
2835 1065 3117 1119 nunquam
3162 1051 3353 1104 utitur.
3383 1049 3467 1104 Ab
3497 1048 3582 1104 bis

1998 1150 2110 1191 non
2161 1137 2238 1192 ita
2291 1138 2525 1193 multum
2573 1139 2890 1210 discrepant
2936 1156 3058 1210 qua:
3098 1142 3392 1197 ascribam.
3438 1141 3578 1198 Cum

1996 1242 2131 1299 ergo
2164 1229 2630 1284 Constitutionum
2657 1231 2855 1285 librum
2888 1239 3093 1286 attente
3122 1232 3374 1301 legerem,
3405 1232 3461 1287 in
3491 1231 3578 1285 his

1996 1318 2356 1374 animadverti
2395 1334 2584 1374 vocem
2623 1318 2876 1391 σύστημα
2901 1322 3201 1391 saepissime
3225 1321 3477 1392 usurpari
3506 1321 3573 1373 ad

1994 1408 2410 1479 signiﬁcandam
2451 1410 2684 1466 fratrum
2729 1414 3046 1468 societatem
3077 1433 3091 1469 :
3125 1412 3268 1484 quod
3296 1429 3417 1470 esse
3472 1414 3568 1477 ita,

1994 1506 2055 1553 ut
2090 1500 2227 1567 dixi,
2260 1502 2552 1558 ostendent
2581 1519 2645 1559 ea
2681 1520 2804 1575 qua:
2844 1505 3118 1575 proferam
3150 1507 3416 1576 exempla.
3453 1505 3571 1561 Sta-

1993 1590 2090 1643 tim
2127 1593 2373 1646 occurrit
2416 1594 2575 1660 illud,
2605 1594 2754 1664 quod
2805 1597 3000 1667 legitur
3040 1596 3197 1651 initio
3225 1597 3422 1666 capitis
3450 1595 3516 1651 l8
3547 1617 3562 1653 :

2006 1681 2157 1734 Ἐπεὶ
2177 1682 2233 1735 δὲ
2265 1684 2315 1736 oi
2347 1684 2587 1739 πλεῖστοι
2630 1688 2739 1741 τῶν
2777 1687 3031 1758 ἀσκητῶν
3068 1688 3209 1741 κατὰ
3246 1690 3564 1759 συστήματα

1989 1770 2383 1840 πολιτεύονται,
2431 1784 2538 1830 etc.
2580 1777 2647 1829 At
2693 1779 2943 1849 quoniam
2996 1786 3270 1831 versantur
3306 1779 3465 1833 simul
3508 1780 3565 1833 in

1987 1863 2366 1918 communitate
2382 1866 2601 1933 plurimi
2635 1878 2958 1932 ascetarum,
2993 1876 3103 1924 etc.
3138 1867 3252 1924 Sub
3284 1871 3442 1924 linem
3468 1886 3563 1925 ca—

1985 1952 2118 2022 pitis
2138 1954 2202 2008 21
2238 1955 2311 2010 ita
2350 1957 2547 2027 legitur
2576 1959 2724 2030 (pag.
2759 1960 2886 2029 570)
2921 1979 2933 2014 :
2968 1961 3188 2014 ’Ἅπασα
3222 1962 3401 2014 τοίνυν
3428 1961 3557 2032 πρὸ.

1984 2061 2147 2113 φασις
2167 2044 2389 2115 εὔλογος
2408 2048 2486 2119 τῷ
2511 2048 2817 2120 βουλομένῳ
2841 2049 3165 2122 χωρίζεσθαι
3190 2052 3559 2124 πνευματικοῦ

1983 2137 2323 2207 συστήματος
2368 2138 2722 2211 περιῄρηται,
2767 2149 2876 2196 etc.
2929 2138 3120 2212 Itaque
3159 2159 3338 2212 atquus
3379 2143 3551 2198 omnis

1979 2235 2268 2294 prwtexlus
2296 2228 2541 2283 sublatus
2569 2241 2647 2285 est
2677 2232 2746 2296 ei,
2773 2232 2866 2301 qui
2898 2231 3008 2285 vult
3033 2250 3066 2286 a
3090 2234 3361 2303 spirituali
3392 2238 3559 2288 socie-

1982 2328 2091 2374 tate
2114 2322 2374 2387 separari,
2393 2333 2499 2377 etc.
2524 2321 2617 2377 Sic
2639 2331 2820 2378 autem
2852 2324 3042 2394 incipit
3058 2333 3223 2394 caput
3240 2325 3310 2379 22
3335 2327 3557 2389 εὌκως

1983 2410 2083 2482 μὲν
2117 2408 2211 2467 οὖν
2258 2415 2524 2485 προσήκει
2560 2415 2652 2469 τὸν
2698 2416 2845 2483 ἅπαξ
2899 2415 3165 2470 ἐνωθέντα
3207 2418 3557 2489 πνευματικῷ

1980 2505 2291 2576 συστήματι
2318 2506 2608 2574 φυλάττειν
2649 2508 2748 2578 τὴν
2776 2510 2969 2563 ἕνωσιν
2997 2508 3294 2575 ἀδιάλυτον,
3331 2488 3562 2564 narra;

1977 2596 2097 2651 ἐνὸν
2126 2596 2460 2669 ὑπεθέμεθα.
2488 2599 2763 2665 Quomodo
2780 2601 2989 2670 quidem
3028 2600 3407 2656 indissolubilis
3430 2618 3554 2656 con-

1966 2688 2181 2757 junctio
2213 2689 2277 2742 ab
2327 2705 2409 2753 eo,
2444 2692 2534 2759 qui
2576 2707 2632 2744 se
2664 2692 2936 2760 spirituali
2972 2692 3214 2745 societati
3255 2691 3414 2746 semel
3452 2691 3553 2745 ad-

1966 2778 2227 2847 junxerit,
2258 2778 2515 2832 servanda
2558 2780 2651 2845 sit,
2683 2779 2857 2850 quoad
2880 2781 3167 2848 potuimus,
3209 2780 3550 2837 ostendimus.

1974 2871 2178 2927 Eodem
2225 2874 2320 2928 illo
2359 2873 2415 2928 in
2463 2874 2644 2943 capite
2700 2875 2876 2944 (nutu.
2909 2873 2963 2938 5,
2994 2891 3048 2945 p.
3082 2875 3206 2942 575)
3239 2891 3431 2931 rursus
3477 2876 3553 2929 ita

1974 2964 2239 3034 scriptum
2271 2972 2359 3019 est
2393 2983 2407 3020 :
2444 2965 2663 3034 Ταύτης
2690 2964 2797 3036 γὰρ
2826 2965 2925 3036 τῆς
2962 2964 3280 3035 συμφωνίας
3304 2966 3363 3019 ὲν
3390 2966 3554 3036 ἀσκη-

299 3056 444 3122 Quod
490 3066 673 3110 autem
710 3066 1000 3125 prtmptor
1035 3056 1356 3125 discipulum
1396 3072 1552 3110 suum
1590 3055 1659 3110 ad
1698 3056 1873 3123 pravi-

1974 3052 2113 3123 τικῷ
2146 3055 2449 3125 συστήματι
2476 3052 2849 3126 καθεστώσης,
2883 3055 3082 3127 ῥᾳδίως
3119 3056 3154 3127 ἦ
3186 3073 3245 3109 τε
3276 3057 3464 3128 εἰρήνη
3494 3059 3552 3110 ἐν

299 3158 449 3202 tatem
474 3149 727 3202 inducere
757 3166 861 3203 non
890 3149 1109 3203 pelia...
1143 3147 1237 3200 hoc
1261 3148 1435 3209 modo,
1459 3148 1508 3201 si
1532 3147 1725 3217 placet,
1748 3163 1874 3201 con-

296 3236 600 3293 sideremus.
636 3237 762 3291 Alio
806 3239 928 3292 loco
957 3239 1034 3291 ita
1078 3239 1342 3307 scriptum
1378 3238 1689 3292 invenimus
1725 3237 1867 3306 (cap.

296 3325 379 3388 22,
415 3342 471 3397 p.
510 3328 642 3398 573)
677 3346 691 3381 :
740 3323 862 3381 Οἷδε
897 3326 1006 3399 γάρ
1037 3328 1067 3380 ὃ
1099 3345 1162 3396 γε
1212 3325 1445 3390 συνετῶς
1492 3326 1871 3397 ἀφηγούμενος

296 3420 518 3473 ἑκάστου
544 3422 642 3473 καὶ
673 3420 802 3491 ἢθη,
832 3421 925 3473 καὶ¹
950 3420 1120 3491 πάθη,
1152 3422 1245 3474 καὶ
1268 3420 1505 3491 ψυχικὰς
1528 3421 1703 3491 ὁρμὰς
1722 3421 1872 3491 ἀκρι-

294 3509 397 3574 6ὦς
416 3510 716 3577 ἐξετάζειν.
735 3510 898 3565 Novit
913 3513 1049 3566 enim
1066 3512 1155 3580 qui
1166 3511 1447 3581 prudenter
1455 3522 1662 3580 prwest,
1684 3512 1869 3566 unius-

291 3604 539 3671 cujusque
581 3613 632 3657 et
670 3620 861 3670 mores,
890 3613 938 3657 et
961 3604 1202 3673 a/fectus,
1224 3612 1272 3657 et
1290 3604 1454 3657 animi
1466 3613 1636 3657 motus
1652 3602 1871 3672 diligen-

290 3701 363 3744 ter
389 3693 690 3761 exquirere.
720 3693 899 3762 Atque
926 3694 1091 3749 etiam
1145 3709 1333 3748 vocem
1379 3693 1785 3765 καθηγούμενος
1814 3696 1866 3747 in

287 3781 531 3836 eamdem
578 3783 913 3837 sententiam
956 3783 1206 3838 adhiberi
1257 3791 1477 3837 constat
1510 3800 1577 3838 ex
1615 3782 1703 3839 bis
1747 3800 1869 3853 qua:

288 3888 405 3926 mox
450 3873 789 3943 subjuugam
836 3874 1020 3929 verbis
1048 3876 1193 3943 (cap.
1242 3875 1329 3935 l9,
1365 3890 1422 3945 p.
1471 3875 1636 3946 565):
1678 3875 1866 3945 Πολλῷ

290 3965 485 4032 μᾶλλον
526 3966 578 4018 οἱ
617 3964 759 4036 πρὸς
780 3966 880 4036 τὴν
908 3966 1143 4037 μάθησιν
1178 3967 1278 4036 τῆς
1313 3967 1593 4029 εὐσεϐείας
1631 3968 1723 4021 καὶ
1767 3969 1864 4037 τῆς

282 4055 559 4125 ὁσιότητος
608 4054 1024 4124 ἀφικνούμενοι,
1070 4054 1218 4119 ἅπαξ
1256 4056 1576 4118 πεπεικότες
1619 4058 1860 4120 ἑαυτοὺς,

281 4148 359 4199 ὅτι
382 4146 713 4217 δυνήσονται
744 4147 895 4216 παρὰ
933 4147 1028 4199 τοῦ
1052 4147 1461 4218 καθηγουμένου
1490 4147 1588 4217 τὴν
1608 4148 1862 4217 τοιαύτην

279 4238 592 4309 ἐπιστήμην
620 4238 827 4302 λαϐεῖν,
860 4248 966 4292 etc.
998 4237 1172 4292 Multo
1203 4241 1370 4309 magis
1413 4241 1502 4309 qui
1543 4239 1612 4292 ad
1652 4241 1859 4293 discen-

280 4329 399 4383 dam
420 4332 641 4400 pietatis
664 4332 1077 4401 sanctitatisque
1101 4332 1441 4401 disciplinam
1472 4332 1744 4391 accedunt,
1774 4332 1862 4384 ubi

1973 3144 2156 3208 αὐτοῖς
2185 3144 2586 3210 πολιτεύσεται,
2616 3154 2723 3201 etc.
2759 3146 2949 3201 Stante
2987 3149 3127 3201 enim
3164 3148 3219 3201 in
3254 3157 3552 3201 ascetarum

1971 3245 2224 3290 conventu
2252 3236 2350 3292 hac
2393 3237 2724 3292 voluntatum
2768 3240 3125 3302 consensione,
3164 3238 3309 3293 nullo
3348 3238 3550 3309 negotio

1969 3334 2155 3396 etpaa:
2198 3330 2338 3384 inter
2366 3331 2507 3399 ipsos
2549 3329 2926 3393 diversabitur,
2956 3339 3061 3385 etc.
3112 3329 3221 3385 Nec
3269 3330 3342 3384 ita
3376 3331 3550 3384 multo

1972 3418 2114 3473 infra
2143 3419 2224 3475 sic
2251 3421 2450 3490 legitur
2476 3422 2618 3492 (cap.
2650 3420 2744 3485 25,
2771 3437 2824 3474 n.
2869 3420 2921 3490 l)
2947 3438 2962 3475 ;
2995 3422 3105 3474 Καὶ
3134 3420 3228 3474 τοῦ
3258 3422 3392 3475 οὐαὶ
3418 3421 3550 3494 κλη-

1974 3510 2201 3579 ρονόμος
2240 3511 2471 3579 γίνεται,
2496 3514 2524 3565 6
2555 3515 2612 3565 ἐν
2649 3513 2959 3583 συστήματι
2991 3512 3272 3583 ἀσκητικῷ
3299 3515 3548 3577 τοιαύτας

1969 3602 2145 3665 αἰτίας
2191 3605 2432 3675 ταραχῆς
2480 3603 2733 3668 ἐνδιδούς,
2778 3612 2829 3658 et
2889 3606 3027 3658 vocis
3067 3605 3212 3659 illius
3258 3621 3338 3660 va:
3381 3606 3546 3660 hwres

1966 3692 2141 3745 eradit
2189 3695 2258 3758 is,
2305 3695 2479 3763 quiin
2514 3698 2744 3750 ascetica
2787 3695 3036 3750 societate
3086 3696 3217 3749 tales
3270 3698 3546 3750 turbarum

1969 3799 2161 3837 causas
2192 3786 2341 3839 serit.
2373 3783 2553 3841 Locus
2585 3802 2727 3842 unus
2761 3786 2873 3842 duo
2904 3786 3150 3856 ejusdem
3190 3789 3268 3842 rei
3300 3790 3545 3858 exempla

1968 3876 2193 3942 praebet.
2214 3875 2288 3930 lta
2307 3875 2475 3946 igitur
2498 3888 2691 3932 auctor
2715 3878 2957 3948 loquitur
2974 3893 3093 3950 cap.
3121 3878 3191 3933 26
3215 3880 3358 3951 (pag.
3385 3880 3539 3952 576):

1967 3966 2242 4037 Προσήκει
2274 3967 2456 4022 τοίνυν
2493 3970 2587 4022 καὶ
2627 3970 2718 4022 τὸν
2762 3971 3262 4041 ὲγκαταλεγόμενον
3306 3989 3545 4043 πνενμα-

1964 4060 2102 4127 τικῴ
2134 4062 2438 4131 συστήματι
2472 4061 2547 4132 μὴ
2579 4063 2821 4126 ἐκείνους
2853 4063 2989 4133 πρὸς
3016 4062 3107 4118 τὸν
3126 4064 3317 4118 ἑαυτοῦ
3346 4066 3544 4135 τρόπον

1968 4149 2335 4222 μεθαρμόζειν
2356 4153 2583 4219 ἐθέλειν,
2616 4154 2751 4207 ἀλλὰ
2782 4154 2871 4207 τὸν
2891 4157 3087 4209 οἰκεῖον
3118 4154 3318 4228 τρόπον
3342 4159 3453 4219 τοῖς
3485 4158 3543 4210 ὲν

1961 4240 2040 4311 τῷ
2090 4247 2396 4313 συστήματι
2428 4245 2576 4298 ἔθεσί
2609 4264 2668 4299 τε
2722 4247 2815 4300 καὶ
2857 4248 3046 4313 τύποις
3085 4247 3381 4321 ἐξομοιοῦν.
3431 4248 3545 4301 Par

1914 4366 1917 4369 ς
1961 4333 2123 4401 igitur
2153 4332 2336 4401 fuerit,
2368 4351 2486 4387 eum
2511 4336 2692 4399 etiam,
2728 4338 2819 4405 qui
2858 4339 2912 4391 in
2959 4340 3289 4407 spiritualem
3317 4338 3543 4397 societa-

278 4423 433 4475 semel
463 4422 828 4491 persuaserint
853 4422 975 4484 sibi,
1009 4422 1340 4490 seejusmodi
1372 4422 1647 4476 scientiam
1676 4438 1706 4474 a
1729 4438 1861 4489 prw-
1897 4428 1937 4479 Ι)
1968 4433 2070 4479 tem
2118 4426 2341 4481 allectus
2388 4437 2488 4487 est,
2519 4444 2622 4481 non
2676 4429 2798 4483 illos
2837 4430 2907 4483 ad
2957 4448 3080 4486 suos
3116 4449 3283 4487 mores
3334 4450 3543 4488 accom-

278 4514 411 4578 [ει-ιο
452 4512 686 4566 ediscere
724 4529 895 4582 posse,
940 4522 1046 4566 etc.
1086 4512 1347 4581 Sequitur
1377 4511 1518 4581 (cap.
1549 4511 1640 4573 20,
1666 4527 1720 4562 ιι.
1754 4510 1804 4579 l)
1843 4529 1854 4562 :

278 4601 463 4672 Πατὴρ
496 4602 608 4671 γάρ
647 4604 796 4654 ἐστιν
832 4601 1219 4673 ἀληθέστατος,
1270 4602 1487 4674 πρῶτος
1534 4604 1632 4672 μὲν
1675 4604 1705 4654 6
1750 4602 1858 4655 τῶν

278 4693 532 4746 ἁπάντων
572 4693 799 4764 Πατήρο
838 4694 867 4745 6
908 4691 1160 4764 δεύτερος
1186 4692 1243 4744 δὲ
1286 4693 1403 4761 μετ’
1440 4693 1664 4756 ἐκεῖνον,
1697 4694 1725 4746 6
1762 4694 1857 4762 τῆς

280 4785 652 4855 πνευματικῆς
674 4783 1085 4855 καθηγούμενος
1109 4784 1402 4847 πολιτείας.
1435 4782 1599 4837 Pater
1622 4798 1698 4838 est
1719 4788 1855 4838 enim

277 4878 598 4943 verissimus,
625 4878 833 4946 primus
875 4878 1085 4946 quidem
1130 4879 1490 4930 unirersorum
1526 4876 1688 4929 Pater
1711 4892 1729 4929 :
1770 4895 1847 4931 se-

277 4968 471 5022 cundus
501 4985 621 5022 vero
641 4978 761 5039 post
785 4969 959 5033 illum,
983 4970 1028 5022 is
1054 4969 1143 5039 qui
1164 4985 1265 5038 pra
1277 4969 1316 5021 it
1346 4970 1398 5021 iu
1423 4968 1719 5034 spiritualis
1741 4971 1853 5022 vitw

277 5062 535 5114 instituto.
572 5062 837 5115 Auctoris
867 5062 981 5114 haec
1030 5068 1160 5114 sunt
1196 5060 1361 5115 verba
1411 5061 1517 5114 alio
1560 5061 1679 5115 loco
1708 5067 1846 5131 (cap.

275 5152 360 5213 21,
389 5170 445 5206 n.
479 5153 535 5220 5)
580 5171 596 5206 :
631 5152 747 5206 Καὶ
773 5152 961 5222 ἕτερον
991 5151 1049 5204 δὲ
1085 5152 1396 5222 σκοπῶμεν,
1430 5152 1506 5217 ὡς
1529 5154 1578 5205 εί
1602 5153 1800 5221 φαῦλος
1825 5157 1854 5207 6

277 5240 518 5312 μαθητὴς
550 5242 764 5309 γένοιτο
797 5240 950 5311 παρὰ
985 5242 1086 5311 τὴν
1112 5242 1277 5294 αὐτοῦ
1321 5242 1564 5313 ἀγωγὴν,
1594 5243 1852 5313 αἰσχύνην

274 5333 697 5405 ἀπαρηγόρητον
728 5330 841 5395 ἔξει
889 5332 984 5384 ἐπὶ
1028 5333 1127 5401 τῆς
1165 5335 1545 5405 οἱκουμενικῆς
1592 5334 1733 5387 κατὰ
1761 5336 1852 5387 τὸν

272 5424 364 5493 τῆς
410 5425 649 5495 κρίσεως
701 5424 895 5493 καιρὸν
944 5423 1309 5494 πανηγύρεως
1364 5428 1394 5478 6
1452 5424 1845 5496 ὑφηγούμενος.

275 5514 372 5568 Sed
401 5527 451 5570 et
481 5517 635 5570 aliud
669 5527 929 5587 praeterea
977 5518 1385 5582 consideremus,
1415 5517 1555 5587 quod
1594 5519 1642 5573 si
1676 5520 1849 5574 malus

270 5609 481 5662 eraserit
511 5608 809 5676 discipulus
850 5607 917 5660 ob
948 5609 1113 5675 ipsius
1152 5609 1559 5674 institutionem,
1592 5612 1849 5665 inurenda

273 5700 513 5769 magistro
531 5698 803 5769 sitjudicii
818 5708 1046 5769 tempore
1062 5700 1350 5757 indelebilis
1366 5702 1654 5773 ignominia
1670 5720 1847 5760 coram

1962 4517 2178 4571 modare
2232 4518 2378 4582 velle,
2432 4519 2522 4573 sed
2587 4536 2711 4574 suos
2772 4538 2939 4577 mores
2989 4523 3255 4578 societatis
3307 4524 3581 4582 moribus-

1959 4608 2324 4678 institutisque
2391 4610 2742 4679 conformare.
2802 4612 2980 4683 Caput
3044 4615 3367 4670 vicesimum
3436 4632 3539 4671 no-

1959 4715 2090 4753 num
2132 4700 2311 4768 legere
2354 4702 2448 4769 qui
2512 4704 2687 4768 volev,
2746 4705 2801 4760 in
2842 4722 2907 4760 eo
2964 4722 3182 4778 quoque
3243 4708 3418 4776 banc,
3473 4711 3542 4766 de

1956 4808 2064 4862 qua
2109 4793 2312 4863 agitur.
2344 4810 2529 4850 vocem
2573 4807 2771 4866 quater
2813 4800 3113 4855 adhibitam
3162 4803 3419 4859 inveniet.
3453 4802 3541 4859 ln-

1956 4883 2223 4952 (‘ipiamus
2263 4886 2332 4938 ab
2360 4888 2481 4957 ipso
2523 4890 2703 4954 titulo,
2739 4892 2828 4945 ubi
2891 4894 2968 4946 sic
3035 4893 3232 4964 legitur
3265 4911 3280 4949 :
3314 4896 3436 4949 Ὂτι
3476 4897 3538 4951 ού

1956 4975 2061 5047 χρὴ
2107 4976 2354 5046 ἑταιρίας
2386 4979 2479 5032 δύο
2526 4980 2557 5050 ἦ
2605 4983 2772 5053 τριῶν
2821 4985 3066 5053 ἀδελφῶν
3114 4987 3173 5040 ὲν
3232 4990 3539 5059 συστήματι

1955 5064 2238 5135 ἀσκητικῴ
2289 5067 2564 5134 γενέσθαι.
2601 5071 2755 5136 Quod
2793 5090 2896 5126 non
2940 5073 3084 5128 decet
3121 5076 3175 5129 in
3211 5079 3434 5133 ascetico
3457 5080 3540 5134 in-

1953 5155 2138 5209 stituto
2157 5157 2476 5223 peculiarem
2495 5161 2781 5228 quamdam
2805 5165 3098 5218 amicitiam
3118 5184 3229 5221 esse
3252 5168 3386 5223 inter
3405 5170 3538 5224 duos

1954 5256 2046 5299 aut
2092 5256 2194 5300 tres
2226 5246 2443 5315 fratres.
2490 5249 2753 5320 Sequitur
2785 5274 2798 5308 :
2837 5255 2898 5308 El
2939 5257 2995 5308 δὲ
3030 5259 3398 5330 ἀποτεμόντες
3443 5264 3538 5316 καὶ

1952 5335 2284 5407 διορίσαντες
2317 5342 2563 5404 ἑαυτοὺς,
2592 5343 2845 5414 σύστημα
2865 5348 2922 5399 ἐν
2952 5349 3257 5420 συστήματι
3276 5351 3533 5419 γίνονται,

1953 5430 2165 5500 πονηρά
2206 5432 2239 5500 ή
2268 5432 2368 5502 τῆς
2414 5433 2671 5504 τοιαύτης
2700 5435 2883 5503 φιλίας
2910 5443 3319 5512 συναγωγή.....
3358 5444 3535 5515 Προσ-

1955 5519 2077 5590 ήκει
2130 5521 2308 5575 τοίνυν
2343 5524 2481 5594 μήτε
2514 5524 2614 5588 τὰς
2654 5527 2908 5594 τοιαύτας
2941 5532 3186 5603 ἑταιρίας
3228 5538 3529 5605 συγχωρεῖ-ο

1955 5613 2077 5669 σθαι
2112 5617 2170 5670 ὲν
2212 5619 2325 5680 τοῖς
2357 5620 2687 5689 συστήμασι,
2725 5621 2885 5691 μήτε,
2911 5629 3017 5676 etc.
3052 5622 3113 5677 Si
3150 5640 3269 5678 vero
3289 5637 3523 5680 secantes

1952 5723 2014 5762 ac
2049 5718 2347 5778 separantes
2410 5711 2627 5781 seipsos,
2674 5711 2853 5783 aliqua
2896 5715 3240 5770 communitas
3274 5717 3325 5769 in
3376 5733 3520 5771 com-
