3972 6202
408 254 478 310 95
898 222 913 242 ‘
1854 253 2244 312 PREFATIO.
3616 247 3694 301 9⁸

410 377 671 430 munitate
727 376 883 445 fiant,
916 377 1101 430 uitiosa
1147 385 1226 429 est
1278 378 1541 445 ejusmodi
1588 378 1837 432 anticitiu:
1879 394 2002 431 con-
2033 386 2074 439 Α
2109 378 2275 431 variis
2306 377 2620 432 nominibus
2666 375 2744 430 ttti
2776 374 2842 427 ad
2874 370 3285 442 signiﬁcandam
3330 365 3555 420 fratrum
3589 381 3693 420 so-

408 464 730 538 functio.....
781 464 959 530 Quare
992 475 1195 532 oportet
1238 483 1398 535 neque
1443 468 1705 537 ejusmodi
1746 468 2003 523 sodalitia

408 556 644 625 permitti
674 557 729 609 in
776 559 1135 623 conventibus,
1166 576 1349 629 neque,
1397 570 1504 615 etc.
1547 560 1613 617 Et
1637 564 1860 631 quando
1890 572 1999 615 tam

411 647 578 700 multa
621 662 918 717 congerere
949 650 1118 703 semel
1147 651 1312 718 cmpi,
1356 652 1466 705 alia
1487 651 1649 705 etiam
1682 667 1750 705 ex
1785 652 1852 705 iis
1882 667 2005 721 quas

415 748 724 809 sequuntur
761 740 1039 809 capitibus
1080 742 1298 794 addam.
1357 741 1502 812 Ergo
1537 743 1732 795 borum
1787 743 1843 796 in
1896 758 2004 796 uno

410 831 487 884 ita
511 831 778 899 scriptum
830 832 1110 885 invenitur
1157 833 1300 901 (cap.
1342 832 1435 898 5'2,
1487 849 1540 902 p.
1582 832 1752 898 579}:
1787 831 2004 903 Ταύτης

410 922 510 992 τῆς
534 920 741 985 τάξεως
758 924 816 974 ὲν
844 922 1202 992 πνευματικῷ
1230 927 1537 994 συστήματι
1564 924 2002 995 φυλασσομένης,

409 1013 491 1065 ὅτι
520 1010 689 1075 ὅντως
714 1011 882 1082 ἐσμὲν
901 1012 1059 1083 σῶμα
1087 1013 1344 1084 Χριστοῦ,
1371 1024 1478 1070 etc.
1502 1014 1630 1070 Hac
1650 1014 1931 1082 disciplina
1957 1017 2002 1069 si

411 1105 467 1158 in
485 1104 756 1174 spirituali
769 1114 1288 1172 conventuservetur,
1307 1109 1637 1174 perspicuum
1660 1108 1761 1158 erit
1778 1122 1871 1159 nos
1891 1121 2006 1158 vere

413 1212 601 1266 corpus
627 1193 826 1252 Christi
848 1214 981 1261 esse,
1013 1207 1120 1253 etc.
1153 1199 1313 1252 Aliud
1339 1215 1463 1252 vero
1485 1200 1626 1268 (cap.
1657 1198 1746 1262 33..
1775 1215 1830 1268 p.
1864 1198 1993 1265 579.)

413 1288 496 1343 sic
535 1287 725 1358 incipit
757 1305 769 1340 :
798 1287 920 1360 Χρὴ
954 1289 1135 1359 μέντοι
1172 1290 1266 1344 καὶ
1311 1290 1438 1354 τοὺς
1465 1291 1574 1343 τῶν
1610 1289 1999 1359 πνευματικῶν

415 1394 583 1448 συστη
593 1378 776 1449 μάτων
801 1380 1214 1451 ἀφηγουμένους
1238 1380 1335 1451 τὴν
1351 1381 1488 1452 πρὸς
1501 1380 1760 1452 ἀλλήλους
1774 1378 2006 1433 ἀσκοῦν-

412 1486 512 1533 τας
524 1470 756 1526 εὔνοιαν.
770 1514 777 1524 .
790 1512 803 1525 .
814 1511 827 1523 .
851 1472 926 1543 μὴ
948 1472 1238 1526 καταλύειν
1253 1472 1324 1526 τὰ
1337 1472 1581 1544 ἀλλήλων
1595 1473 2001 1543 σπουδάσματα.

418 1562 636 1633 Oportet
682 1573 859 1617 autem
903 1574 954 1618 et
1005 1564 1371 1634 spiritualium
1417 1577 1647 1619 coetuum
1699 1564 2000 1634 praefectos,

416 1666 658 1709 mutuam
707 1666 1005 1711 exercentes
1053 1655 1586 1717 benevolentiam”...
1644 1655 1869 1709 alterum
1922 1657 2003 1706 al-

2104 471 2399 526 cietatem:
2451 472 2705 531 alterum,
2748 468 2834 522 his
2861 465 3176 521 nominibus
3218 476 3324 516 non
3361 460 3696 528 simpliciter

2106 563 2204 627 uti,
2230 561 2323 616 sed
2347 563 2445 627 sic,
2486 572 2547 616 ut
2574 575 2763 614 vocem
2813 556 3185 628 πνευματικός
3230 555 3364 622 ipsis
3399 552 3694 621 adiungat.

2105 654 2248 708 Loca
2286 654 2556 723 quaedam,
2584 653 2788 723 quibus
2835 651 2888 704 id
2915 650 3092 704 oculis
3136 647 3478 713 subjiciatur,
3514 643 3697 699 addu-

2103 763 2245 802 cam.
2293 746 2394 801 Hic
2449 754 2533 800 est
2574 746 2773 815 capitis
2809 743 2874 797 2!
2920 742 3114 796 titulus
3151 758 3166 796 :
3204 740 3325 793 Ὀτι
3363 739 3423 791 οὐ
3461 737 3544 790 δεῖ
3587 736 3697 805 τῆς

2103 836 2479 908 πνευματικῆς
2520 836 2880 907 ἀδελφότητος
2923 829 3347 887 ἀποκόπτεσθαι.
3401 827 3554 894 Quod
3586 845 3699 882 non

2103 925 2308 1000 oportet
2360 945 2393 981 α
2438 928 2707 998 spirituuli
2753 926 3090 995 fraternitate
3126 923 3371 977 resecari.
3428 920 3702 990 Sequitur

2105 1021 2286 1076 statim
2311 1028 2433 1090 post
2464 1020 2682 1073 titulum
2709 1018 2865 1091 εΧρὴ
2894 1017 3075 1088 μέντοι
3091 1017 3185 1070 καὶ⁴
3206 1014 3366 1069 τοῦτο
3392 1012 3699 1067 πεπεῖσθαι

2105 1112 2312 1181 σαφῶς,
2334 1112 2415 1165 ὄτι
2438 1111 2467 1163 6
2491 1109 2641 1175 ἅπαξ
2663 1112 2743 1173 εἰς
2760 1109 3054 1179 σύνδεσμον
3081 1108 3176 1162 καὶ
3198 1108 3489 1176 συνάφειαν
3515 1103 3699 1158 ἐλθὼν

2104 1202 2481 1274 πνευματικῆς
2526 1201 2909 1271 ἁδελφότητος,
2962 1208 3071 1255 etc.
3124 1198 3252 1253 Jam
3302 1198 3436 1252 illud
3485 1213 3699 1268 quoque

2100 1308 2196 1362 pro
2223 1305 2365 1347 certo
2397 1292 2696 1349 habendum
2736 1301 2836 1355 est,
2869 1308 3009 1354 eum,
3033 1292 3123 1362 qui
3151 1290 3312 1345 semel
3357 1289 3699 1359 fraternitati

2104 1383 2375 1452 spirituali
2398 1384 2656 1454 alligatus
2698 1392 2772 1437 est
2812 1392 2862 1437 et
2895 1382 3199 1452 adjunctus,
3233 1390 3341 1436 etc.
3372 1380 3543 1435 Paulo
3566 1388 3698 1449 post

2105 1476 2179 1529 ita
2200 1476 2427 1545 legitur:
2454 1474 2641 1545 Πολλῷ
2664 1473 2863 1545 μᾶλλον
2887 1476 2916 1527 6
2938 1476 3018 1538 εἰς
3042 1473 3315 1544 σύμϐασιν
3340 1471 3505 1525 ἐλθὼν
3529 1487 3699 1524 πνευ-

2107 1567 2344 1639 ματικῆς
2397 1565 2775 1638 συμϐιώσεως,
2830 1573 2935 1621 etc.
2980 1564 3155 1634 Longe
3182 1565 3353 1634 magis
3388 1564 3491 1632 .qui
3518 1561 3696 1631 {rudus

2104 1662 2283 1717 inierit
2311 1660 2608 1728 spiritualis
2639 1658 2788 1713 illius
2814 1656 3166 1720 contubernii,
3202 1664 3310 1711 etc.
3340 1654 3456 1709 Hoc
3483 1653 3693 1726 ipso-in

416 1750 581 1799 terius
622 1748 805 1801 studia
835 1764 939 1801 non
987 1747 1272 1802 destruere.
1311 1747 1378 1802 Et
1407 1747 1571 1817 paulo
1595 1755 1719 1817 post
1760 1746 1836 1800 ita
1863 1746 1997 1815 legi-

2109 1752 2224 1805 loco
2267 1727 2343 1803 ita
2381 1752 2650 1818 scriptum
2682 1757 2798 1803 est:
2845 1747 3006 1817 Πόσῳ
3039 1745 3236 1816 μᾶλλον
3271 1748 3300 1799 6
3341 1746 3692 1814 πνευματικῇ

416 1846 546 1890 tur:
581 1838 678 1892 Ἂν
709 1837 888 1891 τοίνυν
931 1839 960 1891 6
997 1837 1365 1909 ρᾳθυμότερος
1405 1838 1489 1911 ἴδῃ
1523 1838 1641 1902 ἐξὸν
1673 1836 1822 1907 αὐτῷ
1862 1836 2001 1907 μετὰ

416 1929 602 1992 ἁδείας
630 1930 965 1999 ἀποφεύγειν
992 1931 1118 1993 τοὺς
1142 1933 1200 1984 ὲν
1225 1929 1303 2001 τῷ
1331 1928 1477 1994 ἆπαξ
1504 1928 1775 2002 αἱρεθέντι
1805 1932 2002 2000 συστή-

420 2037 564 2091 μιιιτιΔ
588 2021 802 2086 πόνους,
832 2029 939 2075 etc.
987 2019 1048 2075 Si
1090 2022 1255 2091 igitur
1282 2024 1371 2091 qui
1413 2021 1760 2092 negligentior
1810 2023 1900 2083 sit,
1933 2023 2002 2075 li-

417 2127 532 2166 cere
562 2112 663 2166 sibi
706 2111 1162 2178 animadverterit,
1191 2112 1402 2181 impune
1431 2111 1638 2167 labores
1668 2112 1881 2167 delectae
1919 2130 2001 2167 se-

418 2205 521 2259 mel
549 2205 818 2259 societatis
845 2204 1094 2274 e/fugere,
1139 2212 1246 2258 etc.
1283 2202 1530 2261 Titulum
1576 2206 1755 2260 ultimi
1803 2207 2003 2275 capitis

416 2293 510 2362 qui
552 2293 712 2363 leget,
749 2292 805 2347 in
834 2301 911 2346 eo‘
947 2292 1021 2346 ita
1054 2292 1315 2361 scriptum
1349 2292 1612 2358 inveniet,
1633 2294 1757 2346 ’Ότι
1787 2292 1847 2346 οὐ
1894 2293 2001 2366 χρὴ

416 2382 507 2437 τὸν
538 2384 597 2436 ἐν
631 2384 935 2453 συστήματι
963 2381 1376 2454 πολιτευόμενον
1407 2385 1673 2456 ἀσκητήν.
1713 2385 1867 2452 Quod
1898 2403 2004 2440 non

418 2482 621 2542 oportet
655 2484 889 2528 ascetam
940 2474 994 2527 in
1039 2474 1220 2545 aliqua
1268 2484 1522 2529 conventu
1568 2474 1856 2544 degentem,
1892 2484 2001 2532 etc.

416 2565 572 2621 ilaud
613 2567 802 2636 procul
827 2580 857 2618 a
888 2566 1046 2620 titulo
1069 2567 1310 2621 occurrit
1337 2564 1490 2627 illud,
1521 2566 1691 2618 Ὅταν
1709 2567 1817 2638 γὰρ
1845 2569 1874 2620 6
1906 2567 2005 2638 μὲν

418 2657 598 2712 κανὼν
630 2656 726 2710 τοῦ
760 2657 875 2727 βίου
905 2656 1024 2729 ἔχῃ,
1061 2657 1196 2728 μηδὲ
1227 2657 1554 2730 χωρίζεσθαι
1595 2658 1689 2712 τοῦ
1726 2660 2007 2730 συστήμα-

321 2790 325 2795 .
415 2766 511 2813 τος
540 2740 586 2817 ᾧ
619 2748 993 2819 συνήφθημεν,
1026 2748 1182 2819 μηδέ,
1233 2758 1339 2802 etc.
1390 2748 1523 2803 Cum
1568 2751 1707 2803 enim
1749 2750 1867 2804 vitae
1911 2768 2005 2805 no-

420 2849 548 2900 stne
579 2840 881 2893 institutum
921 2840 1010 2901 sit,
1043 2855 1205 2909 neque
1251 2840 1491 2907 separari
1527 2841 1591 2893 ab
1623 2840 1717 2894 illo
1757 2851 1891 2895 coetu
1919 2845 2008 2897 cui

421 2932 621 3000 fuimus
654 2930 915 2997 adjuncti,
940 2946 1122 2998 neque,
1152 2938 1257 2984 etc.
1283 2929 1428 2985 Sane
1453 2931 1500 2985 si
1531 2930 2006 2986 Constitutionum

2099 1841 2354 1912 κοινωνίᾳ.
2384 1838 2807 1912 συναρμοσθείς,
2842 1846 2950 1893 etc.
2983 1837 3195 1903 Quanto
3221 1837 3388 1907 magis
3410 1836 3500 1905 qui
3526 1836 3697 1904 spiri-

2101 1932 2238 1995 ιπηιιὶ
2264 1933 2501 1988 societati
2520 1933 2718 1994 ascitus
2740 1942 2838 1993 est,
2868 1932 2934 1990 is,
2953 1938 3058 1985 etc.
3084 1929 3236 1984 Haud
3260 1929 3429 1983 multo
3450 1936 3577 1998 post
3607 1927 3697 1982 sic

2101 2026 2300 2095 legitur
2323 2022 2467 2096 (cap.
2498 2023 2589 2085 9.1,
2626 2021 2757 2088 m2)
2783 2041 2798 2076 :
2833 2021 3022 2085 Οὕτως
3050 2024 3078 2074 6
3105 2020 3299 2089 λέγων,
3338 2021 3421 2072 ὅτι
3445 2018 3531 2073 διὰ
3561 2019 3696 2082 τοὺς

2101 2117 2341 2187 φαύλους
2368 2114 2697 2188 χωρίζεσθαι
2733 2115 2834 2184 τῆς
2881 2113 3257 2184 πνευματικῆς
3305 2112 3696 2182 ἀναγκάζομαι

2103 2208 2419 2278 συναφείας,
2463 2214 2569 2262 etc.
2601 2205 2692 2265 Sic
2729 2206 2819 2275 qui
2859 2206 2934 2259 ait
2962 2220 2979 2258 :
3007 2204 3181 2275 Cogor
3217 2213 3427 2273 propter
3455 2203 3627 2256 rralos
3656 2220 3697 2258 ι

2102 2298 2372 2367 spiritual’i
2389 2297 2766 2351 communitate
2792 2296 3058 2364 separari,
3082 2304 3186 2349 etc.
3212 2294 3373 2364 Operi
3400 2309 3501 2349 suo
3526 2293 3693 2348 linem

2104 2389 2255 2444 brevi
2306 2389 2665 2458 impositurus
2714 2394 2930 2450 auctor,
2988 2384 3071 2440 sic
3125 2384 3367 2453 loquitur
3413 2382 3556 2453 (cap.
3595 2381 3693 2446 55,

2105 2498 2158 2552 p.
2201 2480 2325 2551 580)
2359 2499 2371 2533 :
2404 2480 2475 2533 Ἣ
2519 2480 2569 2532 εἰ
2618 2480 2817 2546 ἐκεῖνοι
2870 2478 3164 2548 ὲμμένοιεν
3187 2478 3253 2546 τῇ
3296 2474 3550 2544 ἀθετήσει
3588 2472 3697 2542 τῆς

2105 2570 2482 2641 πνευματικῆς
2522 2571 2830 2632 κοινωνίας,
2863 2578 2971 2624 etc.
3014 2569 3131 2625 Aut,
3153 2570 3201 2622 si
3228 2567 3386 2622 iidem
3418 2566 3501 2619 illi
3528 2565 3698 2633 spiri-

2106 2664 2305 2723 tualem
2345 2660 2686 2721 sodalitatem
2716 2670 2938 2731 pergant
2977 2660 3272 2730 aspernari,
3321 2666 3430 2714 etc.
3468 2656 3697 2717 «13111νί-

2104 2755 2288 2810 dimus
2322 2770 2512 2809 vocem
2553 2754 2924 2825 πνευματικός
2955 2752 3073 2808 voci
3111 2753 3365 2823 σύστημα
3398 2752 3697 2820 quinquies

2106 2852 2202 2899 aut
2230 2845 2415 2900 sexies
2463 2837 2757 2915 conjungi;
2802 2847 2873 2898 ob
2898 2846 3063 2914 idque
3092 2859 3155 2897 ea
3207 2844 3329 2898 loca
3363 2843 3448 2897 ltic
3496 2857 3697 2897 rursus

2104 2936 2420 2992 exscribere
2452 2950 2680 2990 necesse
2714 2950 2823 2989 non
2847 2942 2951 2990 est.
2988 2934 3105 2989 Etsi
3137 2943 3320 2989 autem
3357 2933 3695 3003 [tegularum

421 3033 585 3092 atque
618 3021 952 3092 Regularum
992 3024 1133 3077 idem
1159 3023 1401 3093 scriptor
1429 3038 1554 3078 esse
1575 3024 1743 3079 semel
1766 3025 2004 3090 dicatur,
2036 3062 2079 3123 ε
2110 3028 2346 3096 scriptor
2364 3025 2555 3081 multis
2585 3025 2865 3094 variisque
2891 3025 3206 3081 nominibus
3233 3024 3408 3081 utitur
3432 3023 3498 3078 ad
3524 3023 3699 3093 signi-

421 3114 607 3168 mirari
651 3113 856 3168 su-bibit
904 3114 1058 3167 vocis
1090 3112 1344 3182 σύστημα
1393 3129 1516 3183 qua!
1542 3113 2007 3169 Coastitutionum

423 3206 633 3261 auctori
669 3204 864 3273 quavis
914 3205 1021 3258 alia
1059 3203 1383 3258 familiarior
1420 3214 1562 3267 erat,
1595 3221 1666 3261 ne
1716 3207 2005 3276 vestigium

422 3297 641 3368 quidem
675 3297 731 3351 in
757 3295 983 3366 Reguiis
1010 3306 1247 3351 exstare.
1275 3294 1413 3350 Nam
1451 3298 1787 3366 experientia
1827 3297 2007 3361 docet,

425 3397 704 3454 auctores,
747 3389 840 3458 qui
885 3403 974 3443 res
1006 3388 1231 3443 easdem
1272 3389 1327 3442 in
1368 3387 1584 3443 duobus
1617 3389 1874 3458 operibus
1915 3398 2011 3445 aut

423 3487 661 3534 tractant
703 3488 799 3533 aut
828 3480 1284 3548 interpretantur,
1319 3480 1365 3536 si
1398 3480 1451 3534 in
1499 3496 1610 3535 uno
1639 3497 1747 3535 una
1778 3496 1912 3536 voce
1940 3483 2008 3536 ad

424 3583 539 3622 rem
563 3568 799 3638 aliquam
835 3569 1252 3639 signiﬁcandam
1285 3570 1589 3639 saepissime
1627 3571 1711 3625 usi
1743 3573 1874 3635 siut.
1913 3588 2009 3627 ea-

425 3661 549 3715 dem
574 3662 652 3715 uti
685 3664 878 3717 solitos
913 3674 966 3717 et
994 3663 1048 3716 in
1086 3663 1261 3715 altero
1294 3677 1480 3731 opere,
1526 3663 1762 3718 maxime
1793 3663 1839 3717 si
1870 3663 2011 3718 Itane

426 3752 599 3822 ipsam
646 3767 762 3807 rem
817 3744 1033 3823 pessimi
1069 3752 1301 3822 exprimi
1351 3769 1489 3821 opus
1546 3754 1636 3808 sit.
1681 3753 2010 3823 Regularum

429 3850 609 3896 autem
656 3850 869 3908 auctor,
909 3844 1166 3914 quisquis
1211 3854 1315 3908 est,
1354 3846 1564 3899 centies
1609 3847 1834 3916 quidem
1887 3848 2010 3903 aliis

427 3940 744 3995 nominibus
785 3938 1020 3993 fratrum
1060 3947 1392 3994 conventum
1432 3940 1750 4009 expressit:
1786 3942 1879 3995 sed
1922 3950 2009 3995 ta-

428 4046 551 4087 men
600 4047 723 4085 eum
755 4046 972 4101 semper
1002 4047 1032 4083 a
1086 4045 1218 4085 voce
1250 4029 1505 4102 σύστημα
1550 4031 1901 4096 abstinuisse,
1943 4050 2008 4088 ex

427 4124 614 4193 operis
632 4123 863 4177 lectione
891 4123 1049 4190 plane
1069 4130 1304 4177 constat.
1337 4121 1621 4188 Quomodo
1640 4139 1767 4193 ergo
1785 4122 2014 4194 Regula-

426 4231 547 4270 rum
569 4223 731 4285 atque
760 4214 1228 4269 Constitutionum
1253 4231 1395 4270 unus
1422 4225 1477 4269 et
1498 4215 1639 4269 idem
1669 4223 1863 4269 auctor
1889 4231 2013 4270 esse

428 4313 631 4376 potest,
658 4320 784 4360 cum
815 4306 870 4360 in
908 4305 994 4361 his
1016 4305 1084 4360 ad
1123 4315 1328 4360 certam
1366 4307 1657 4376 quamdam
1688 4322 1800 4361 rem
1831 4307 2012 4376 expri-

2114 3119 2387 3173 ﬁcandum
2424 3117 2822 3174 monachorum
2855 3117 3312 3180 contubernium,
3363 3124 3546 3170 tamen
3607 3116 3699 3170 bis

2108 3209 2426 3265 nominibus
2477 3224 2547 3264 ne
2599 3208 2769 3263 semel
2805 3208 3028 3278 quidem
3076 3223 3267 3261 vocem
3325 3209 3697 3277 πνευματικός

2110 3307 2379 3378 adjungit.
2427 3304 2535 3360 Par
2573 3314 2659 3360 est
2699 3305 2866 3374 igitur
2899 3303 3040 3358 duos
3088 3313 3344 3358 auctores
3396 3303 3701 3373 distingui,

2108 3415 2367 3472 quorum,
2400 3410 2459 3452 ut
2492 3398 2652 3462 solet,
2688 3396 2903 3451 diversa
2935 3404 3053 3450 erat
3085 3395 3363 3450 scribendi
3399 3394 3563 3448 ratio.

2181 3490 2270 3545 58.
2308 3490 2585 3544 Hactenus
2614 3502 2796 3544 sermo
2830 3487 3118 3542 institutus
3146 3492 3230 3539 est
3261 3484 3329 3540 de
3361 3482 3696 3557 quibusdam

2112 3581 2358 3643 vocibus,
2391 3594 2514 3649 qua:
2544 3593 2668 3632 cum
2714 3578 2825 3633 sint
2863 3575 3306 3631 familiarissima:
3336 3574 3699 3628 Constitutio-

2111 3690 2241 3728 num
2271 3673 2504 3735 auctori,
2555 3687 2828 3741 nusquam
2869 3679 3050 3724 tamen
3080 3669 3136 3723 in
3168 3667 3391 3735 [tegulis
3428 3667 3699 3722 adhiben-

2112 3774 2239 3818 tur:
2285 3778 2432 3817 nunc
2475 3763 2768 3832 loquamur
2798 3762 2866 3816 de
2907 3760 3033 3814 aliis
3056 3768 3151 3813 aut
3180 3760 3407 3814 vocibus
3435 3767 3531 3811 aut
3556 3758 3700 3812 scri-

2110 3855 2275 3909 bendi
2327 3853 2661 3915 rationibus,
2697 3866 2838 3921 (μιαν,
2872 3866 2995 3904 cum
3023 3866 3131 3903 non
3172 3849 3356 3902 minus
3398 3847 3701 3903 familiares

2113 3941 2223 3996 sint
2255 3940 2587 4010 ltegularum
2636 3938 2915 4008 scriptori,
2946 3953 3042 3992 eas
3099 3945 3277 3991 tamen
3324 3949 3600 4005 nunquam
3640 3936 3697 3988 in

2113 4032 2620 4089 Constitutionibus
2656 4038 2946 4101 usurpatas
2994 4030 3261 4085 invenias.
3298 4030 3376 4084 Ad
3426 4029 3573 4098 quod
3602 4046 3696 4100 ge-

2113 4140 2219 4180 nus
2273 4126 2549 4194 pertinent
2596 4124 2705 4178 duo
2744 4124 2858 4183 illa,
2907 4121 3268 4192 πληροφορείν
3323 4133 3376 4176 et
3422 4120 3701 4191 πληροφο-

2116 4215 2360 4288 ρεῖσθαι;
2396 4229 2519 4283 quae
2553 4228 2717 4267 voces
2746 4227 2869 4267 cum
2894 4211 2949 4265 in
2982 4211 3208 4280 [tegulis
3234 4212 3344 4265 sint
3370 4210 3700 4279 frequentis~

2115 4305 2290 4368 simtu,
2319 4306 2376 4358 in
2399 4301 2897 4358 Constiltttiouilnts
2920 4310 3097 4353 tamen
3125 4314 3393 4369 nusquam
3416 4300 3697 4368 leguntur.

428 4395 684 4450 mendam
714 4409 907 4449 vocem
953 4410 1119 4449 unam
1157 4393 1605 4467 frequentissime
1646 4397 1900 4466 usurpari
1933 4398 2011 4451 vi-
2040 4404 2088 4462 υ
2114 4394 2234 4450 Jam
2270 4403 2463 4451 nostro
2500 4408 2653 4448 more
2677 4393 2887 4462 aliquot
2914 4391 3035 4460 ejus
3068 4391 3147 4446 rei
3185 4391 3431 4459 exempla
3461 4390 3532 4444 ob
3562 4405 3699 4446 ocu-

427 4487 677 4551 deamus,
730 4502 851 4557 qua:
898 4496 1078 4541 tamen
1113 4501 1213 4541 vox
1262 4487 1316 4541 in
1352 4487 1460 4542 illis
1510 4486 1576 4539 ad
1608 4486 1856 4541 eamdem
1895 4503 2008 4542 rem

427 4579 839 4651 significandam
875 4594 1150 4649 nusquam
1184 4578 1531 4649 usurpatur?
1570 4578 1683 4648 Ego
1716 4578 1774 4632 itt
1825 4595 2012 4634 exem-

427 4674 535 4746 plis
565 4688 689 4730 esse
718 4669 827 4728 non
856 4682 1008 4743 puto,
1042 4674 1367 4743 Scriptorem
1400 4673 1475 4726 ita
1509 4685 1750 4741 unquam
1781 4671 1867 4726 sui
1896 4671 2011 4726 dis-

429 4766 661 4822 similem
698 4767 893 4831 luisse,
926 4774 988 4820 ut
1026 4781 1150 4820 cum
1186 4781 1300 4820 rem
1337 4765 1578 4835 aliquam
1613 4764 1668 4817 in
1699 4780 1812 4818 uno
1847 4779 2011 4833 opere

427 4868 584 4915 certo
629 4861 867 4929 quodam
904 4859 1126 4914 nomine
1178 4856 1482 4926 saepissime
1532 4857 1914 4927 expressisset,
1955 4857 2008 4910 in

428 4952 602 5005 altero
653 4950 795 5005 libro
824 4949 1070 5006 eamdem
1103 4965 1218 5004 rem
1249 4947 1440 5002 eodem
1468 4946 1563 5001 illo
1603 4948 1825 5001 nomine
1877 4962 2013 5001 nus-

428 5055 591 5111 quam
642 5042 999 5110 expresserit,
1041 5039 1370 5111 praeserlim,
1420 5048 1478 5092 ut
1532 5037 1792 5099 diximus,
1842 5038 1889 5091 si
1934 5037 2012 5091 rei

428 5131 577 5185 illius
607 5128 979 5199 exprimendae
1011 5129 1230 5184 occasio
1262 5142 1382 5183 sese
1410 5128 1615 5197 passim
1647 5125 1892 5181 otl‘erret.
1935 5124 2012 5180 Ex

427 5222 629 5292 quibus
667 5235 1014 5290 consequens
1058 5236 1182 5276 esse
1202 5220 1469 5285 arbitror,
1510 5225 1570 5271 ut
1609 5217 1720 5273 duo
1761 5229 2012 5274 auctores

427 5315 856 5385 distinguantur,
907 5329 1140 5383 quorum
1176 5330 1320 5369 unus
1373 5311 1638 5383 Regulus,
1687 5307 1827 5365 alter
1870 5312 2016 5365 Con-

428 5408 745 5463 stitutiones
785 5406 1199 5477 conscripserit.
1234 5405 1360 5461 Hice
1404 5413 1556 5461 certa
1595 5408 1718 5459 eSse
1758 5403 2014 5459 existimo

429 5501 649 5570 quidem
681 5519 694 5555 :
746 5496 866 5565 sed,
902 5515 972 5554 ne
1001 5502 1091 5553 cui
1134 5500 1258 5570 quis
1295 5500 1588 5568 scrupulus
1613 5497 1873 5568 supersit,
1910 5497 2014 5550 hoc

431 5596 576 5653 idem
604 5597 778 5667 magis
808 5594 1136 5651 conﬁrmare
1162 5596 1353 5652 statui.
1382 5595 1497 5650 Duo
1528 5603 1656 5649 sunt
1676 5594 1861 5665 igitur,
1893 5607 2014 5660 quae

430 5699 621 5745 notata
680 5689 827 5745 volo.
878 5685 1146 5755 Primum,
1204 5686 1674 5743 Constitutionum
1734 5691 2012 5740 auctorem

2114 4489 2196 4543 los
2222 4502 2512 4556 ponamus.
2544 4484 2621 4539 Ita
2649 4485 2814 4554 igitur
2838 4484 3103 4553 scriptum
3137 4492 3221 4537 est
3256 4482 3312 4535 in
3341 4481 3562 4552 Regulis
3589 4499 3702 4537 ma-

2104 4580 2322 4651 joribus
2346 4579 2482 4649 (reg.
2511 4577 2600 4648 H)
2622 4596 2634 4630 :
2659 4576 2761 4629 Τὸν
2785 4575 2884 4646 μὲν
2908 4574 3351 4645 πληροφορήσας,
3371 4574 3451 4628 ὅτι
3476 4577 3524 4637 6,
3557 4583 3694 4639 etc.,

2110 4673 2188 4728 sic
2214 4679 2273 4724 ut
2313 4671 2469 4725 alteri
2492 4666 2701 4740 quidem
2748 4669 3091 4738 persuaserit,
3128 4677 3185 4721 ut
3210 4668 3277 4729 si,
3308 4677 3413 4722 etc.
3454 4667 3597 4721 Alibi
3639 4672 3699 4723 in

2112 4764 2304 4820 iisdem
2332 4763 2438 4818 illis
2465 4760 2691 4831 Regalis
2721 4763 2855 4833 (reg.
2886 4761 2959 4815 27
2990 4759 3146 4831 maj.)
3186 4761 3259 4814 ita
3288 4760 3484 4829 legitur
3513 4777 3526 4813 :
3553 4760 3700 4831 Πλη-

2116 4854 2513 4929 ροφορηθέντες
2540 4852 2630 4907 διὰ
2656 4852 2755 4924 τῆς
2785 4851 3144 4923 φανερώσεως
3170 4850 3277 4903 τῶν
3313 4851 3373 4903 οὐ
3411 4851 3521 4920 μετ’
3561 4849 3697 4922 ἀλη-

2111 4946 2265 5009 θείας
2316 4943 2805 5005 ύποπτευθέντων,
2859 4943 2959 5014 τῆς
3015 4942 3101 4995 ἐπ’
3159 4941 3310 5012 αύτῷ
3376 4941 3699 5014 διακρίσεως

2112 5037 2570 5094 ἀπαλλάσσονται.
2600 5034 2737 5105 Ipsi,
2765 5035 2854 5100 iis,
2877 5050 2995 5104 quc
3023 5033 3163 5103 falso
3191 5042 3435 5102 suspecta
3457 5034 3694 5102 fuerant,

2112 5129 2358 5195 cognitis,
2399 5129 2475 5182 ita
2515 5128 2725 5182 demum
2754 5128 3004 5181 certiores
3034 5126 3186 5195 facti,
3215 5127 3281 5178 ab
3325 5142 3408 5189 ea,
3435 5142 3594 5195 quant
3632 5126 3697 5179 de

2112 5223 2226 5288 ipso
2260 5229 2626 5289 conceperant,
2675 5220 2976 5286 suspicione
3027 5217 3338 5272 liberantur.
3378 5214 3492 5271 Nec
3534 5217 3697 5272 aliter

2114 5313 2358 5384 loquitur
2405 5320 2601 5367 auctor
2650 5311 2705 5365 in
2755 5310 2979 5381 Regulis
3032 5309 3401 5374 brevioribus,
3445 5309 3535 5363 ttbi
3577 5309 3695 5364 haec

2113 5406 2278 5461 verba
2298 5406 2647 5475 reperiuntur
2671 5404 2804 5472 (reg.
2843 5403 2901 5457 11
2940 5403 3115 5473 brev.)
3139 5421 3152 5456 :
3185 5402 3309 5455 Ἐὰν
3332 5396 3426 5454 οὖν
3450 5418 3534 5465 τις
3554 5402 3692 5472 πλη-

2117 5497 2393 5570 ροφορηθῇ
2427 5497 2567 5551 ὅσων
2611 5496 2709 5550 καὶ
2738 5494 2940 5565 ἡλίκων
2984 5493 3169 5549 κακῶν
3205 5493 3415 5558 γίνεται
3451 5492 3598 5546 αἴτια
3623 5493 3692 5545 τὰ

2114 5587 2503 5657 ἁμαρτήματα,
2546 5592 2652 5639 etc.
2690 5582 2753 5638 Si
2798 5584 2884 5637 cui
2916 5584 3079 5652 igitur
3106 5597 3415 5650 persuasum
3446 5582 3537 5646 sit,
3566 5590 3692 5650 quot

2116 5689 2165 5734 et
2190 5686 2509 5750 quantorum
2542 5676 2801 5731 malorum
2839 5691 3002 5730 causa
3029 5684 3243 5744 peccata
3273 5676 3400 5741 sint,
3433 5682 3537 5730 etc.
3570 5673 3692 5727 Alia
