3972 6202
302 287 368 339 97
1728 280 2111 336 Ρηιιεητιο.
3518 288 3587 340 111

322 402 508 471 regula
541 401 673 471 (reg.
728 401 799 455 37
841 401 1017 469 brev.)
1053 402 1131 454 sic
1170 401 1357 469 incipit
1403 419 1413 452 :

307 493 409 563 τὴν
424 491 718 562 παρουσίαν
736 490 829 543 τοῦ
848 492 1119 543 Δεσπότω
1152 489 1284 541 Θεοῦ
1319 488 1411 541 τοῦ
1450 488 1519 539 τὰ
1550 487 1726 539 πάντα
1773 489 1897 555 ἐφο-

308 584 529 653 ρῶντος.
566 582 622 636 Si
652 584 698 635 ei
726 599 1039 649 persuasum
1066 584 1136 634 sit
1159 581 1221 633 de
1243 580 1526 647 praesentia
1560 578 1773 631 Domini
1798 578 1895 630 Dei

305 675 484 725 omnia
514 674 858 741 inspicientis.
889 672 1008 725 Mox
1046 675 1120 725 ita
1155 674 1350 741 legitur
1380 673 1512 741 (reg.
1553 674 1622 726 58
1676 670 1889 727 brev.):

315 764 772 834 Πληροςρορείσθω
819 763 897 826 δὲ,
932 764 1013 815 ὅτι
1060 765 1160 815 οὐκ
1207 762 1477 835 ἀνθρώπῳ
1531 762 1891 831 ἁντιλέγει,ἣ

305 856 590 919 ὑπακούει,
615 856 715 926 ἤδη
752 855 807 907 δὲ
836 857 927 908 καὶ
954 854 1099 925 αὐτῷ
1127 854 1207 925 τῷ
1237 856 1438 925 Κυρίῳ.
1467 854 1547 908 Sit
1582 866 1756 907 autem
1777 869 1889 921 per-

302 947 681 998 suasissimum
742 948 810 1007 ei,
860 962 917 999 se
974 963 1077 998 non
1116 946 1311 997 homini
1358 944 1738 1005 contradicere,
1799 953 1893 996 aut

298 1036 532 1098 obedire,
589 1036 681 1090 sed
735 1037 961 1089 Domino
1004 1038 1122 1104 ipsi.
1194 1037 1453 1106 Sequitur
1503 1037 1639 1106 (reg.
1689 1037 1777 1097 8|,
1834 1052 1888 1105 p.

299 1125 463 1195 444):
496 1126 712 1195 Μέχρις
763 1127 828 1179 ἂν
874 1127 1350 1197 πληροφορηθῆναι
1390 1127 1615 1198 δυνηθῇ,
1662 1128 1694 1198 ἢ
1734 1129 1815 1180 ὅτι
1862 1129 1890 1178 ὁ

299 1214 425 1277 Θεὸς
473 1217 671 1286 κριτὴς
700 1216 924 1281 δίκαιος,
959 1229 1063 1271 etc.
1103 1218 1288 1283 Quoad
1316 1220 1364 1271 ei
1411 1220 1721 1286 persuaderi
1768 1236 1890 1286 pos-

298 1308 386 1366 sit,
424 1319 521 1359 aut
576 1308 745 1361 Deum
792 1325 901 1361 esse
922 1309 1130 1377 justum
1151 1309 1404 1378 judicem,
1448 1321 1552 1363 etc.
1586 1312 1888 1378 lnterjcctis

300 1400 508 1459 multis,
540 1400 780 1467 scriptor
812 1401 1052 1469 loquitur
1089 1400 1220 1469 (reg.
1256 1403 1411 1469 127):
1460 1402 1620 1470 Πόσῳ
1660 1401 1884 1471 μᾶλλον,

299 1490 390 1541 ἐὰν
463 1490 861 1562 πληροφορηθῇ
910 1508 1027 1556 τις,
1085 1491 1216 1544 Θεὸν
1277 1492 1419 1561 ἔχειν
1476 1493 1717 1561 ὲπὸπτην
1778 1492 1886 1545 τῶν

303 1579 444 1631 ἰδίων
518 1582 875 1649 κινημάτων;
931 1582 1145 1647 Quanto
1209 1585 1374 1653 magis
1437 1583 1575 1637 idem
1634 1585 1886 1637 vitabitur

298 1672 343 1721 si
382 1672 501 1739 quis
554 1672 661 1723 sibi
704 1672 860 1740 plane
905 1677 1261 1742 persuaserit,
1293 1692 1345 1729 se
1380 1686 1615 1729 motuum
1666 1692 1883 1729 suorum

1460 400 1572 470 Πλη
1582 398 1872 471 ροφορηθεὶ

2006 398 2172 450 verbo
2222 398 2679 469 πληροφορεῖσθαι
2726 402 2775 453 111
2810 401 2895 463 iis,
2945 415 3067 469 quae
3114 399 3247 465 111111,
3299 401 3579 458 Constitu-

2005 490 2213 541 tionum
2247 491 2380 545 locis
2413 507 2639 545 usurum
2673 492 2843 547 fuisse
2876 505 3028 562 puto,
3078 495 3224 562 quod
3258 497 3423 550 verbo
3461 500 3581 550 πεί-

2004 580 2189 633 θεσθαι
2222 583 2299 635 1111
2351 598 2460 637 non
2508 586 2681 637 soleat
2730 600 2829 654 pro
2862 600 2948 647 eo,
2980 585 3125 654 quod
3162 594 3265 646 est.
3299 597 3440 640 certo
3465 606 3577 643 cre-

2000 671 2141 733 dere,
2192 684 2285 725 aut
2340 676 2669 743 persuaderi.
2704 676 2970 731 Videntur
3015 678 3180 745 igitur
3207 680 3577 748 distinguendi

2000 778 2122 816 esse
2174 764 2283 817 duo
2332 774 2608 829 auctores,
2642 782 2872 834 quorum
2921 783 3062 821 unus
3093 769 3257 823 verbo
3309 769 3579 840 πληροφο-

2001 850 2211 920 ρείσθαι
2260 853 2423 906 unice
2475 854 2780 907 delectatus
2812 856 2881 907 sit
2923 855 2988 906 ad
3020 855 3311 923 quamdam
3351 872 3577 926 persua-

1999 943 2207 995 sionem
2241 943 2680 1012 signiiicandam,
2722 945 2861 998 alter
2906 961 3033 999 vero
3081 946 3147 999 ad
3180 948 3426 1002 eamdem
3460 966 3575 1005 rem

1996 1035 2406 1102 exprimendam
2455 1038 2636 1104 potius
2686 1038 2793 1089 alio
2844 1038 3039 1106 quovis
3089 1040 3257 1093 verbo
3304 1056 3437 1096 usus
3481 1044 3574 1098 sit.

2000 1123 2099 1179 Ubi
2135 1135 2188 1181 et
2238 1128 2371 1180 illud
2425 1129 2603 1182 notari
2640 1137 2838 1198 potest,
2876 1146 3064 1185 vocem
3094 1132 3437 1205 πληροφορία
3470 1151 3572 1190 sae-

1996 1217 2220 1284 pissime
2255 1234 2473 1287 quoque
2513 1221 2566 1273 in
2618 1218 2840 1287 Regulis
2875 1228 2986 1274 tam
3038 1223 3373 1292 longimibus
3406 1243 3570 1296 quam

1995 1306 2335 1363 brevioribus
2397 1311 2497 1379 legi
2537 1328 2551 1363 :
2590 1326 2710 1377 qua:
2781 1318 2964 1365 tamen
3038 1315 3207 1368 semel
3253 1323 3461 1370 tantum
3514 1318 3571 1373 in

1992 1396 2489 1453 Constitutionibus
2523 1402 2827 1469 reperitur;
2878 1418 2942 1455 ex
2976 1418 3083 1471 quo
3126 1406 3203 1467 lit,
3244 1416 3301 1458 ut
3327 1408 3435 1460 duo
3466 1423 3569 1463 au-

1992 1498 2169 1542 ctores
2198 1490 2458 1559 distingui
2506 1492 2759 1557 debeant,
2813 1509 3047 1562 quorum
3096 1497 3187 1548 uni
3225 1512 3326 1550 vox
3370 1498 3570 1570 πληρο-

1992 1580 2151 1649 φορία
2188 1582 2261 1633 ita
2305 1583 2591 1651 placuerit,
2643 1592 2702 1636 ut
2750 1599 2814 1638 ea
2864 1586 3069 1653 passim
3116 1596 3380 1653 uteretur,
3434 1593 3571 1645 alter

1990 1684 2119 1723 vero
2169 1672 2356 1726 eadem
2406 1675 2572 1727 semel
2622 1675 2888 1730 duntaxat
2935 1678 3088 1746 quasi
3149 1678 3376 1732 fortuito
3431 1696 3566 1735 usus

298 1759 461 1813 Deum
497 1762 844 1829 inspectorem
873 1765 1110 1818 habere?
1143 1766 1302 1819 Plura
1331 1769 1423 1835 qui
1456 1768 1659 1831 volent,
1698 1768 1874 1836 legere
1909 1761 1947 1813 Β
1977 1762 2068 1815 sit.
2105 1759 2270 1815 Multa
2303 1763 2502 1816 omitto
2536 1766 2753 1827 sciens;
2787 1780 2885 1819 nec
2917 1768 3060 1819 enim
3111 1770 3286 1822 notari
3342 1778 3564 1839 possent

304 1861 555 1921 poterunt
621 1856 841 1923 regulas
891 1856 1013 1919 152,
1066 1857 1188 1920 174,
1240 1858 1360 1920 199,
1400 1857 1526 1918 219,
1580 1857 1705 1919 255,
1749 1857 1877 1919 261,

304 1944 423 2007 9.79.,
458 1945 571 1998 296
606 1956 663 1999 et
717 1947 841 1999 506.
897 1946 1017 2000 Jam
1059 1950 1216 2002 velim
1254 1965 1438 2003 secum
1474 1960 1726 2019 reputent
1756 1967 1881 2004 eru-

296 2035 389 2087 1111
441 2036 723 2101 homines,
766 2053 893 2090 num
940 2039 1239 2092 verisimile
1279 2040 1350 2094 sit
1381 2049 1661 2094 auctorem
1691 2057 1882 2110 quem-

296 2124 432 2189 iiam
463 2140 577 2177 uno
610 2125 779 2179 verbo
802 2126 869 2178 ad
905 2127 1114 2195 aliquid
1139 2127 1557 2195 signiﬁcandum
1589 2132 1789 2197 passim
1826 2130 1879 2181 111

296 2216 473 2283 aliquo
535 2230 705 2284 opere
762 2216 870 2277 uti,
926 2217 1019 2285 qui
1081 2225 1261 2271 tamen
1309 2218 1499 2271 eodem
1564 2218 1659 2271 illo
1713 2220 1879 2271 verbo

301 2321 573 2375 nnnipiam
612 2314 801 2359 utatur
850 2306 905 2359 in
936 2309 1043 2359 alio
1079 2308 1219 2361 libro
1262 2307 1329 2360 ad
1368 2308 1612 2361 eamdem
1644 2322 1756 2362 rem
1785 2325 1879 2362 ex-

309 2399 664 2465 primendam,
712 2400 951 2453 maxime
986 2400 1033 2453 si
1068 2416 1180 2453 rem
1220 2400 1366 2453 illam
1408 2402 1609 2469 saepius
1643 2403 1877 2470 exprimi

313 2492 620 2561 «perluerit.
661 2490 721 2545 In
757 2493 1257 2548 Constitutionibus
1280 2502 1459 2548 autem
1487 2496 1712 2549 verbum
1740 2494 1878 2564 πλη-

313 2588 537 2654 ροςξορεῖν
572 2599 853 2653 nusquam
901 2586 1119 2653 legitur,
1157 2600 1278 2637 cum
1325 2596 1504 2639 tamen
1555 2601 1743 2639 earum
1779 2601 1877 2639 au-

307 2684 411 2727 ctor
438 2674 503 2727 ad
538 2675 795 2728 eamdem
827 2688 939 2727 rem
974 2674 1387 2741 signiﬁcandam
1429 2676 1538 2729 alio
1570 2676 1739 2731 verbo
1773 2691 1876 2732 sae-

307 2767 413 2833 pius
446 2781 582 2819 usus
619 2767 712 2819 sit.
761 2764 825 2817 Et
854 2781 923 2819 nc
956 2766 1079 2834 quis
1114 2766 1165 2818 id
1214 2776 1413 2820 temere
1444 2766 1652 2820 dictum
1708 2767 1877 2821 fuisse

307 2858 583 2917 existimet,
625 2856 747 2907 loca
795 2857 1042 2925 quaedam
1099 2857 1388 2917 adducam,
1426 2859 1627 2927 quibus
1660 2859 1876 2912 dubita-

307 2948 376 3000 tio
412 2949 586 3000 omnis
636 2948 884 3000 tollatur.
940 2945 1128 3016 Itaque
1183 2946 1649 3002 Constitutionum
1684 2957 1876 3002 auctor

1982 1853 2187 1913 omnia,
2220 1854 2351 1921 quin
2391 1855 2611 1908 taedium
2647 1865 2809 1925 atque
2839 1858 3066 1913 satietas
3097 1860 3402 1916 alierretur.
3457 1860 3564 1917 Sed

1982 1950 2160 1996 tamen
2208 1942 2340 1996 illud
2374 1944 2593 1997 silentio
2644 1948 2921 2013 prieterire
2967 1963 3072 2000 non
3102 1956 3265 2017 queo’,
3305 1951 3561 2005 adverbia

1981 2032 2227 2100 qumdam
2272 2035 2328 2087 in
2375 2032 2596 2102 Regillis
2628 2052 2734 2088 non
2774 2052 2900 2090 raro
2926 2040 3121 2107 praeire
3155 2039 3563 2110 Scripturarum

1981 2125 2311 2179 testimoniis
2345 2143 2357 2177 :
2390 2127 2483 2195 qui
2535 2128 2917 2182 adverbiorum
2969 2147 3102 2186 usus
3152 2135 3337 2189 nullus
3370 2144 3455 2190 est
3504 2136 3562 2191 in

1980 2215 2491 2269 Constitutionibus.
2530 2215 2698 2285 Magis
2745 2234 2832 2273 res
2876 2220 3231 2290 intelligetur,
3270 2225 3315 2277 si
3365 2242 3557 2279 exem-

1981 2305 2068 2375 pla
2128 2307 2307 2375 aliqua
2364 2316 2754 2376 proponantur.
2809 2309 3052 2364 Primum
3087 2306 3274 2367 ‘autcm
3323 2319 3563 2372 occurrit

1981 2397 2110 2450 illud
2135 2398 2185 2451 in
2212 2398 2430 2467 Itegulis
2467 2386 2918 2469 majoribus(rcg.
2950 2402 3002 2457 5.
3023 2419 3076 2455 11.
3097 2402 3151 2465 2)
3178 2424 3189 2458 :
3222 2406 3325 2458 Τοῦ
3354 2408 3560 2478 Κυρίου

1978 2486 2265 2554 ὁριστικῶς
2298 2487 2562 2549 εἰπόντος,
2609 2488 2689 2539 δτι
2737 2489 2899 2541 Οὕτω
2934 2490 3053 2556 πᾶς
3098 2492 3166 2556 ἐξ
3205 2494 3391 2562 ὑμῶν,
3442 2504 3548 2552 etc.

1980 2574 2111 2629 Cum
2142 2576 2397 2630 Dominus
2427 2581 2592 2631 verbis
2626 2577 2930 2633 decretoriis
2960 2581 3177 2646 dixerit,
3209 2603 3227 2634 1
3278 2584 3367 2639 Sic
3390 2591 3557 2642 omnis

1978 2683 2043 2721 ea:
2076 2668 2239 2729 vobis,
2282 2690 2298 2718 1
2334 2681 2439 2723 etc.
2487 2668 2601 2722 lloc
2652 2670 2770 2738 ipso
2806 2672 2861 2723 in
2913 2671 3030 2725 loco
3061 2675 3134 2727 ita
3178 2676 3415 2744 legitur:
3451 2679 3562 2733 Καὶ

1978 2763 2057 2815 ἔτι
2083 2763 2622 2833 δυσωπητικώτερον,
2653 2764 2860 2829 Καθὼς
2889 2764 3003 2834 ἐγὼ
3046 2766 3149 2831 τὰς
3170 2768 3425 2835 ἐντολὰς
3455 2772 3563 2825 τοῦ

1978 2856 2205 2923 Πατρός
2245 2872 2365 2923 μου
2422 2855 2752 2922 τετήρηκα,
2802 2864 2909 2910 etc.
2968 2857 3055 2920 Et,
3114 2859 3248 2926 quod
3304 2861 3560 2929 efficacius

1976 2948 2137 3000 etiam
2166 2950 2331 3014 possit
2375 2964 2713 3010 commovere,
2756 2966 2774 2998 1
2832 2948 2982 3001 Sicut
3016 2960 3064 3003 et
3111 2967 3201 3020 ega
3242 2950 3423 3006 Patris
3458 2955 3561 3007 mei

307 3042 378 3094 sic
409 3041 649 3110 loquitur
683 3041 827 3110 (cap.
865 3040 918 3110 9)
950 3058 963 3093 :
997 3039 1218 3101 Γνόντες
1244 3035 1334 3092 οὖν
1366 3040 1465 3109 τὴν
1503 3038 1727 3109 ζημίαν,
1772 3038 1873 3107 φύ-

1982 3048 2232 3105 ρηεεερια
2254 3040 2475 3101 servari,
2510 3057 2529 3090 1
2566 3050 2671 3092 etc.
2705 3039 2989 3093 Consentit
3015 3058 3135 3094 cum
3170 3043 3235 3096 iis
3268 3061 3388 3110 ([1133
3419 3046 3561 3099 dixi-

307 3151 476 3202 γωμεν
505 3135 604 3204 τῆς
632 3132 927 3201 ἐπιθυμίας
956 3132 1017 3183 τὸ
1044 3133 1261 3185 ἄτοπον.
1325 3132 1539 3201 Cognito
1578 3134 1755 3201 itaque
1785 3132 1875 3184 de—

309 3229 554 3290 trimento,
588 3227 727 3277 lianc
760 3224 1049 3276 absurdam
1092 3223 1389 3291 cupidinem
1426 3225 1714 3293 fugiamus.
1765 3224 1874 3277 Nec

307 3318 369 3370 ita
400 3320 566 3371 multo
612 3318 755 3370 infra
804 3318 883 3368 sic
922 3316 1109 3369 scribit
1153 3318 1295 3383 (cap.
1340 3315 1426 3381 16)
1461 3334 1473 3366 :
1510 3315 1692 3383 Μηδὲν
1738 3314 1874 3377 ὅλως

304 3411 587 3481 κατορθοῦν
644 3410 707 3474 ἐξ
758 3409 965 3471 οἰκείας
1014 3407 1335 3478 λογιζομένη
1378 3406 1690 3477 δυνάμεως,
1744 3408 1874 3460 nihil

302 3506 499 3556 omnino
544 3506 657 3555 suis
714 3518 769 3555 se
809 3499 1005 3554 viribus
1058 3510 1193 3552 recte
1250 3500 1421 3567 facere
1481 3512 1655 3553 ratus.
1716 3498 1873 3550 Paria

299 3607 413 3648 sunt
432 3611 551 3664 quae
569 3594 736 3663 paulo
762 3602 883 3661 post
901 3594 1152 3660 leguntur
1171 3593 1311 3659 (cap.
1339 3590 1421 3649 17,
1444 3606 1496 3659 p.
1516 3590 1642 3658 560)
1669 3608 1680 3643 :
1716 3590 1875 3641 Ἀλλὰ

298 3686 617 3755 ὶογισαμὲνη
652 3686 721 3753 τῇ
765 3683 1012 3752 ἀναιδείᾳ
1044 3681 1138 3733 τοῦ
1183 3682 1281 3751 τῆς
1330 3683 1597 3753 πονηρίας
1651 3683 1873 3752 εὑρετοῦ

297 3778 383 3846 τὴν
409 3777 515 3829 τῶν
566 3778 791 3829 ἀτόπων
847 3774 1067 3827 ἐννοιῶν
1114 3774 1409 3841 φαντασίαν
1453 3774 1727 3841 γενέσθαι,
1765 3782 1870 3829 etc.

300 3871 390 3925 Sed
420 3873 557 3923 illud
601 3887 781 3925 secum
815 3869 1075 3937 cogitans,
1111 3866 1173 3919 ab
1216 3866 1514 3934 impudente
1551 3867 1643 3919 illo
1687 3869 1870 3936 nequi-

297 3967 375 4015 tia'
406 3966 675 4017 inventore
726 3960 1081 4014 absurdarum
1107 3959 1483 4028 cogitationum
1511 3959 1732 4025 speciem
1772 3960 1872 4011 im-

294 4059 467 4119 primi,
502 4064 613 4111 etc.
654 4053 889 4107 Maxime
940 4050 1238 4105 notandum
1269 4049 1415 4118 quod
1451 4051 1698 4119 sequitur
1729 4049 1872 4118 (cap.

297 4148 380 4209 19,
417 4164 469 4216 p.
525 4146 654 4213 563;
692 4143 923 4213 εΠολλῷ
961 4142 1158 4211 μᾶλλον
1207 4144 1256 4193 οἱ
1310 4141 1443 4211 πρὸς
1492 4141 1591 4209 τὴν
1644 4141 1875 4210 μάθησιν

295 4241 387 4308 τῆς
416 4238 702 4299 εὐσεϐείας
731 4237 824 4288 καὶ
856 4236 951 4305 τῆς
979 4235 1254 4304 ὁσιότητος
1287 4232 1693 4301 ἀφικνούμενοι,
1729 4234 1874 4299 ἅπαξ

297 4332 614 4393 πεπεικάτες
661 4329 885 4389 ἑαυτοὺς
924 4329 1001 4380 ὅτι
1032 4327 1367 4395 δυνήσονται,
1404 4333 1507 4378 etc.
1558 4322 1730 4376 Multo
1768 4342 1876 4377 ma-

1981 3146 2119 3191 Inus,
2173 3130 2305 3182 illud
2356 3130 2490 3199 (reg.
2541 3130 2634 3192 57,
2679 3144 2735 3182 11.
2778 3130 2856 3198 2),
2899 3130 2994 3183 τοῦ
3050 3131 3368 3185 ’Λποστόλου
3404 3152 3565 3203 φανε-

1979 3218 2089 3289 ρῶς
2135 3220 2637 3290 παραγγέλλοντος,
2688 3222 2779 3271 τὸν
2832 3219 2905 3289 μὴ
2964 3220 3364 3291 ἐργαζόμενον,
3424 3225 3562 3295 μηδὲ

1977 3308 2195 3372 ἐσθίειν,
2228 3327 2346 3362 cum
2376 3311 2657 3379 Apostolus
2704 3321 2879 3378 aperte
2920 3314 3216 3380 prcecpiat,
3256 3324 3309 3365 ut
3336 3318 3424 3385 qui
3460 3332 3565 3369 nou

1979 3402 2210 3463 laborat,
2246 3418 2407 3472 neque
2437 3404 2599 3455 etiam
2634 3404 2933 3456 manducet.
2984 3403 3242 3459 Eamdem
3288 3408 3561 3461 scrl‘bend.

1980 3496 2242 3547 rationem
2289 3504 2511 3550 secutus
2559 3505 2751 3548 auctor
2801 3496 2852 3549 in
2905 3495 3135 3566 Regulis
3186 3498 3552 3558 brevioribus.

1977 3584 2050 3636 ita
2082 3586 2301 3653 scripsit
2333 3588 2464 3655 (reg.
2496 3586 2584 3655 47)
2619 3607 2631 3640 ;
2677 3587 2889 3638 Ἦλίκον
2926 3586 2982 3638 δέ.
3014 3590 3129 3639 ἐστι
3167 3588 3227 3639 τὸ
3254 3590 3429 3659 κρίμα
3462 3591 3558 3643 τοῦ

1978 3677 2369 3747 ἁμαρτήματος
2413 3678 2624 3742 τούτου,
2659 3676 2836 3740 ἔξεστι
2886 3679 3088 3746 γνῶναι
3122 3682 3335 3751 πρῶτον
3368 3686 3466 3751 μὲν
3497 3684 3557 3746 ἐξ

1977 3769 2306 3835 ἀποφάσεως
2332 3770 2424 3821 τοῦ
2456 3770 2657 3839 Κυρίου
2687 3770 2990 3832 καθολικῶς
3016 3772 3284 3835 εἰπόντος,
3318 3773 3380 3825 '0
3402 3775 3563 3826 ἀπει-

1976 3858 2097 3911 θῶν
2144 3858 2226 3922 τῷ
2283 3858 2411 3925 Υἱῷ,
2464 3873 2569 3914 010.
2629 3858 2803 3914 Porro
2837 3878 2994 3930 quam
3028 3878 3182 3930 grave
3216 3866 3286 3916 sit
3344 3864 3563 3933 hujusce

1974 3952 2171 4017 peccati
2218 3951 2506 4019 judicium,
2558 3952 2783 4021 intelligi
2818 3962 2989 4020 potest
3037 3956 3206 4021 primo
3242 3955 3451 4025 quidem
3496 3973 3563 4011 ex

1977 4044 2236 4095 sententia
2266 4043 2498 4102 Domini.
2536 4043 2625 4110 qui
2676 4046 2727 4095 in
2772 4046 3068 4096 universum
3120 4046 3297 4099 dixit:
3337 4066 3356 4097 1
3396 4048 3558 4114 Quis-

1976 4133 2091 4200 quis
2119 4150 2220 4185 non
2245 4132 2414 4186 obedit
2450 4131 2609 4195 Filio,
2646 4152 2664 4184 1
2700 4142 2806 4187 etc.
2838 4135 3031 4188 Statim
3062 4139 3134 4189 ita
3163 4139 3424 4206 scriptum
3463 4141 3548 4191 in-

1977 4226 2191 4278 venitur
2221 4225 2355 4294 (reg.
2391 4226 2480 4295 18)
2522 4246 2531 4280 :
2565 4221 2658 4287 Οἷς
2684 4227 2933 4296 ἐπιφέρει
2962 4227 3415 4300 καθολικώτερον,
3453 4232 3557 4284 οὗ·

1976 4333 2088 4380 τως
2117 4319 2149 4368 ό
2177 4316 2548 4383 θησαυρίζων
2576 4316 2787 4380 ἐαυτῷ,
2822 4326 2928 4370 etc.
2962 4317 3168 4382 Quibus
3218 4322 3387 4389 magis
3414 4338 3562 4391 gene-

295 4425 367 4492 911
398 4424 487 4489 qui
520 4421 591 4474 ad
640 4419 946 4472 discendam
996 4416 1209 4483 pietatis
1264 4417 1664 4495 sanctitatisque
1714 4415 1874 4468 disci-
1908 4432 1950 4485 ο
1979 4410 2135 4461 ratim
2174 4409 2415 4477 adjungit
2449 4425 2466 4461 :
2508 4428 2525 4458 1
2570 4409 2658 4463 Sic
2700 4410 2789 4477 qui
2836 4410 2939 4463 sibi
2986 4414 3337 4478 thesaurizat,
3378 4432 3397 4464 1
3447 4423 3554 4469 etc.

296 4515 490 4581 plinom
531 4510 810 4568 accedunt,
838 4511 925 4561 ubi
948 4508 1106 4563 semel
1125 4508 1484 4574 persuaserint
1513 4506 1632 4566 sibi,
1663 4522 1735 4564 se,
1761 4514 1867 4558 etc.

298 4606 469 4659 Prima
497 4604 696 4673 capitis
724 4602 789 4654 21
836 4601 1000 4654 verba
1046 4600 1160 4653 inec
1193 4606 1321 4652 sunt
1356 4616 1367 4649 :
1405 4596 1523 4666 Χρὴ
1568 4596 1750 4666 μέντοι
1777 4597 1871 4648 καὶ

297 4700 446 4753 τοῦτο
472 4696 772 4749 πεπεῖσθαι
794 4692 999 4761 σαφῶς,
1017 4694 1121 4753 ὅτι,
1138 4698 1241 4745 etc.
1261 4688 1387 4741 1am
1414 4688 1547 4740 illud
1563 4703 1765 4757 quoque
1778 4702 1872 4754 pro

300 4803 428 4846 certo
457 4788 756 4843 habendum
788 4796 887 4847 est,
919 4792 1021 4837 etc.
1056 4782 1308 4851 Ejusdem
1343 4780 1555 4850 generis
1591 4790 1718 4832 sunt
1753 4795 1872 4847 quae

300 4884 562 4936 ascribam
599 4896 629 4933 e
657 4894 776 4945 cap.
810 4876 882 4928 22
900 4876 971 4944 (p.
993 4874 1116 4935 575)
1141 4891 1152 4925 :
1186 4872 1284 4923 Διά
1313 4888 1393 4923 τοι
1421 4869 1579 4922 τοῦτο
1606 4872 1871 4940 προσήκει

304 4971 557 5043 μηδαμῶς
600 4965 975 5021 ἐναντιοῦσθαι
1007 4967 1129 5025 ταῖς
1172 4960 1337 5016 αὑτοῦ
1377 4961 1701 5024 διατάξεσιν,
1736 4961 1873 5012 ἀλλὰ

303 5064 604 5123 zamia-Bai,
650 5069 757 5116 etc.
809 5060 1071 5124 Quocirca
1117 5055 1263 5110 nullo
1296 5055 1450 5108 modo
1486 5054 1601 5123 ejus
1651 5056 1869 5107 statutis

307 5154 680 5209 aduersandum
736 5163 834 5209 est.
881 5150 967 5202 sed
1026 5164 1121 5215 pro
1176 5157 1315 5199 certo
1380 5144 1708 5205 habendum,
1763 5154 1866 5198 etc.

302 5247 450 5301 Certe
488 5248 534 5300 si
566 5246 659 5314 qui
698 5241 942 5311 Regulus
981 5239 1225 5307 scripsit,
1262 5238 1574 5306 scripsisset
1626 5246 1678 5291 et
1724 5239 1871 5291 (Jon—

305 5337 629 5398 Stitutiones,
662 5332 958 5402 aliquando
990 5331 1041 5382 in
1072 5330 1162 5391 iis,
1193 5343 1316 5397 quae
1350 5344 1473 5382 mox
1506 5328 1695 5388 citavi,
1735 5328 1870 5381 locis

305 5431 459 5482 verbo
497 5422 981 5495 πληροφορείςθαι,
1033 5436 1146 5474 11110
1195 5419 1437 5473 omnium
1485 5419 1588 5472 sibi
1637 5417 1871 5470 familia-

306 5517 536 5577 rissimo,
586 5529 725 5567 usus
773 5519 922 5565 esset
958 5529 970 5562 :
1013 5512 1156 5577 quod
1206 5522 1330 5561 cum
1367 5523 1473 5560 non
1508 5506 1718 5571 fecerit,
1746 5508 1870 5574 jure

309 5606 568 5674 putandus
593 5613 677 5658 est
706 5602 852 5655 alius
884 5614 1009 5653 esse
1039 5599 1105 5651 ab
1140 5613 1226 5659 eo,
1274 5599 1365 5666 qui
1407 5597 1868 5652 Constitutionum

307 5697 495 5753 librum
523 5697 727 5754 emisit.
763 5693 958 5763 quue
1001 5692 1174 5762 magis
1216 5688 1545 5761 Regularum
1591 5698 1868 5745 auctorem

1978 4500 2283 4567 lnterjcctis
2314 4516 2421 4553 non
2470 4502 2659 4568 paucis
2704 4504 2781 4555 sic
2829 4506 3042 4557 locutus
3071 4514 3154 4557 est
3188 4513 3379 4558 auctor
3419 4505 3551 4577 (reg.

1978 4592 2101 4660 115)
2137 4611 2148 4644 :
2192 4587 2287 4654 Οἷς
2338 4593 2589 4663 ἐπιφέρει
2636 4594 3189 4665 δυσωπητικὼτερον,
3254 4596 3480 4663 Ὠσπερ
3521 4602 3557 4650 ό

1986 4684 2117 4749 Υἱὸς
2147 4685 2252 4736 τοῦ
2286 4683 2619 4752 ἀνθρώπου,
2655 4693 2760 4737 etc.
2799 4685 3001 4750 Quibus
3040 4688 3149 4740 Iuec
3175 4688 3465 4755 e/ﬁcaeiora
3506 4698 3556 4740 et

1975 4777 2043 4829 ad
2076 4776 2497 4842 persuadendum
2535 4776 2743 4843 aptiora
2780 4777 3022 4847 adjungit
3062 4794 3081 4829 :
3133 4797 3151 4827 1
3199 4780 3554 4841 Quemadmo-

1973 4871 2100 4921 dum
2158 4867 2330 4922 Filius
2392 4870 2655 4928 hominis,
2716 4888 2734 4919 1
2782 4878 2889 4923 etc.
2957 4867 3161 4921 Harum
3225 4884 3404 4923 rerum
3458 4874 3549 4940 qui

1974 4961 2178 5015 curiosi
2210 4970 2359 5026 sunt,
2410 4962 2606 5013 similia
2659 4961 2904 5029 exempla
2955 4960 3138 5013 videre
3188 4969 3443 5028 poterunt
3496 4964 3549 5015 in

1973 5052 2177 5122 regulis
2208 5052 2332 5116 125,
2380 5052 2503 5114 151,
2542 5051 2663 5113 158,
2697 5051 2821 5113 212,
2852 5049 2953 5103 221
2989 5058 3042 5104 et
3076 5048 3203 5103 269.
3257 5049 3542 5119 Ejusmodi

1974 5153 2155 5198 autem
2186 5143 2460 5209 adverbia,
2494 5158 2726 5212 quorum
2761 5157 2893 5195 usus
2939 5142 2992 5195 in
3029 5139 3249 5210 liegulis
3294 5144 3548 5211 frequens

1973 5242 2076 5295 est,
2111 5248 2378 5301 nusquam
2413 5233 2465 5285 in
2498 5231 2996 5287 Constitutionibus
3027 5239 3351 5284 occurrunt.
3392 5231 3546 5297 Quod

1974 5328 2166 5381 ultimo
2199 5327 2319 5380 1000
2355 5340 2657 5395 proponere
2684 5323 2922 5385 decrevi,
2959 5323 3009 5377 id
3053 5324 3239 5377 nescio
3274 5327 3547 5392 quomodo

1973 5432 2059 5471 me
2089 5415 2262 5483 magis
2292 5423 2472 5467 movet
2500 5432 2514 5468 :
2546 5414 2739 5465 merito
2770 5427 2837 5464 an
2885 5413 3179 5475 immerito,
3222 5412 3545 5481 judicaliunt

1972 5512 2083 5564 alii.
2119 5509 2477 5562 l’i'obavimus
2510 5508 2825 5561 monasterii
2861 5506 3174 5575 przcl‘ectum
3223 5508 3277 5560 in
3326 5506 3544 5559 Consti-

1973 5603 2275 5657 tutionibus
2311 5601 2537 5653 indicari
2573 5601 2737 5653 variis
2777 5600 3112 5668 nominibus,
3147 5613 3268 5666 quae
3300 5614 3328 5650 a
3364 5597 3543 5666 Begu-

1972 5688 2040 5743 lis
2088 5687 2286 5741 absunt
2326 5706 2339 5741 :
2382 5701 2526 5741 nunc
2574 5687 2823 5741 eumdem
2880 5688 2982 5739 alia
3034 5686 3264 5755 quadam
3312 5690 3546 5751 ratione,
