3972 6202
276 308 364 363 l0!
1719 312 2109 371 PREFATIO.

3441 328 3545 386 50!

276 428 481 492 datum,
511 444 615 481 non
650 437 731 481 est
762 429 1071 497 cujuslibet,
1102 430 1194 484 sed
1223 432 1360 501 ejus,
1407 433 1492 485 cui
1524 440 1642 502 post
1666 432 1868 501 factum
1900 439 1945 494 Α
1974 435 2176 504 quibus
2204 433 2389 491 Basilii
2418 437 2885 493 Constitutionum
2927 440 3135 496 mentio
3176 440 3253 509 ﬁt,
3293 442 3427 498 nihil
3452 445 3545 515 ju-

279 519 565 588 periculum
594 519 832 574 delatum
880 532 957 575 est
1004 523 1351 592 dispensandi
1388 541 1601 579 munus.
1648 525 1863 580 Rursus

282 615 419 681 (reg.
469 610 631 679 100):
675 612 735 665 Ὀ
768 611 870 682 τὴν
910 612 1203 681 μετάδοσιν
1242 615 1692 686 ἐπιτεταγμένος,
1728 616 1864 686 μετὰ

280 703 600 772 δοκιμασίας
648 703 813 756 τοῦτο
851 704 1102 758 ποιείτω.
1135 704 1236 759 Cui
1277 721 1469 760 munus
1509 705 1866 761 distribuendi

281 783 380 864 {itit
410 796 773 865 assignatum,
804 798 849 850 is
878 798 1124 850 examine
1150 799 1423 866 prwmisso
1452 797 1589 852 illud
1618 799 1860 869 impleat.

281 886 383 942 Nec
414 902 579 942 secus
614 888 882 957 scriptum
922 896 1010 942 est
1044 889 1327 960 aliquanto
1364 897 1489 959 post
1523 889 1660 961 (reg.
1690 890 1815 961 141)
1846 909 1859 944 :

278 978 556 1050 Παρεκτδς
625 979 721 1033 τοῦ
773 980 1211 1051 πεπιστευμένου
1267 980 1367 1052 τὴν
1422 981 1711 1052 ἐπίσκεψιν
1757 983 1864 1037 τῶν

277 1072 681 1144 ἐργαζομένων,
708 1072 744 1140 ἢ
769 1071 867 1143 τὴν
896 1071 1209 1143 οἰκονομίαν
1249 1072 1358 1126 τῶν
1405 1072 1604 1145 ἔργων,
1643 1075 1722 1139 ὅς,
1753 1084 1859 1131 etc.

279 1162 353 1216 Eo
376 1174 597 1233 excepto
640 1165 731 1233 qui
783 1164 1042 1231 operariis
1085 1163 1372 1218 invisendis
1406 1176 1454 1219 et
1492 1166 1863 1235 dispensandis

279 1255 520 1325 operibus
549 1255 829 1325 praefectus
858 1255 984 1324 fuit,
1036 1256 1295 1326 quisquis,
1329 1266 1438 1312 etc.
1492 1256 1707 1313 Similia
1741 1260 1863 1315 loca

279 1348 523 1416 adjicere
555 1350 690 1403 mihi
716 1351 909 1405 liceret
943 1370 957 1405 ε
984 1352 1079 1405 sed
1104 1366 1168 1406 ea
1196 1349 1439 1405 indicare
1458 1350 1598 1406 satis
1622 1350 1859 1407 habebo.

278 1438 449 1495 Velim
488 1441 659 1511 igitur
699 1441 954 1511 legantur
982 1444 1181 1512 regula:
1203 1443 1325 1508 148,
1359 1441 1479 1508 152,
1516 1443 1621 1496 187
1649 1452 1703 1498 et
1729 1443 1858 1498 288.

280 1533 607 1588 Adno'tanda
656 1542 764 1587 tam
799 1536 973 1588 multa
1011 1536 1347 1600 existimavi,
1390 1544 1450 1589 ut
1483 1536 1662 1607 magis
1700 1537 1864 1592 intel-

280 1625 541 1695 ligeretur
606 1623 939 1696 Regularum
990 1636 1158 1697 atque
1208 1627 1680 1682 Constitutionum
1748 1643 1860 1684 non

280 1732 446 1769 unum
495 1724 551 1771 et
611 1717 863 1772 eumdem
895 1724 1176 1773 auctorem
1238 1732 1382 1783 esse,
1434 1733 1561 1772 cum
1606 1720 1861 1774 naturale

1966 528 2081 581 vari
2128 529 2446 599 opinionem
2481 544 2695 595 eorum,
2737 531 2833 601 qui
2882 531 3316 591 Constitutiones
3352 552 3544 592 mona-

1966 619 2158 686 sticas,
2194 635 2333 689 quas
2358 630 2576 687 vocant,
2608 621 2814 678 Basilio
2836 624 3108 690 tribuunt,
3141 643 3288 689 eum,
3319 637 3380 683 ut
3406 630 3541 696 disi,

1965 712 2428 766 constitutionum
2456 728 2662 769 nomen
2703 730 2801 785 per
2828 730 2894 770 se
2939 731 3144 786 anceps
3170 718 3241 773 sit
3270 726 3326 773 et
3369 720 3545 776 ambi-

1964 814 2150 870 guum.
2200 799 2399 856 Fateor
2443 803 2665 872 quidem
2726 804 3065 860 monasticas
3107 792 3545 863 constitutiones

1964 899 2091 961 apte
2122 899 2180 946 et
2215 892 2436 962 proprie
2482 895 2940 948 constitutionum
2978 896 3199 950 nomine
3245 897 3542 968 signiﬁcari

1963 997 2126 1052 posse
2147 1002 2159 1036 :
2179 983 2274 1039 sed
2296 998 2392 1038 eas
2420 986 2735 1039 necessario
2753 986 2856 1039 hoc
2879 986 3101 1041 nomine
3123 986 3356 1041 indicari
3378 1003 3539 1058 nego,
3632 1048 3643 1057 _

1962 1088 2090 1128 cum
2131 1082 2187 1129 et
2218 1075 2368 1143 ipsas
2404 1073 2640 1145 Regulas
2678 1078 2753 1130 ita
2795 1092 3017 1147 quoque
3046 1080 3324 1149 appellare
3354 1080 3538 1134 liceat.

1963 1162 2102 1217 Cum
2149 1164 2292 1218 enim
2330 1166 2530 1234 regulae
2553 1165 2689 1219 nihil
2722 1167 2869 1221 aliud
2902 1168 3034 1230 sint,
3073 1184 3237 1238 quam
3273 1168 3543 1224 co'nstitu-

1963 1254 2141 1309 tiones
2171 1253 2421 1325 qumdam
2450 1257 2789 1320 monasticae,
2827 1258 2948 1313 sine
2974 1258 3144 1312 dubio
3169 1260 3303 1329 ipsis
3336 1261 3543 1331 regulis

1963 1349 2422 1403 constitutionum
2472 1364 2671 1404 nomen
2714 1350 2833 1404 dari
2884 1352 3022 1407 nihil
3055 1360 3220 1407 vetat.
3251 1351 3432 1419 Quare
3473 1368 3544 1408 ex

1962 1439 2237 1508 ejusmodi
2286 1441 2641 1506 testimoniis,
2702 1442 2757 1496 in
2812 1444 3018 1513 quibus
3068 1456 3277 1500 veteres
3335 1446 3544 1515 aliquot

1964 1533 2265 1602 scriptores
2290 1532 2476 1587 Basilii
2506 1534 2978 1591 Constitutionum
3012 1540 3400 1603 meminerunt,
3431 1532 3544 1592 elli-

1962 1624 2107 1677 citur
2150 1624 2349 1687 solum,
2384 1623 2650 1680 Basiliam
2693 1626 2896 1696 scripta
2948 1626 3152 1696 aliqua,
3185 1642 3307 1697 qua:
3345 1629 3414 1682 ad
3454 1632 3543 1682 re's

1962 1716 2299 1769 monasticas
2336 1716 2693 1785 pertinerent,
2740 1719 3118 1788 vulgasse:at
3163 1735 3230 1774 ex
3274 1720 3360 1775 his
3406 1720 3542 1774 nihil

281 1823 387 1861 non
422 1808 521 1871 sit,
561 1814 623 1860 ut
661 1822 804 1862 unus
853 1814 910 1861 et
956 1806 1100 1863 idem
1132 1807 1369 1878 scriptor
1408 1815 1521 1862 tam
1550 1808 1770 1864 diverse
1806 1819 1861 1865 et
1893 1791 1935 1849 Β
1961 1809 2198 1877 amplius
2241 1809 2426 1879 colligi
2469 1816 2674 1880 potest.
2707 1809 2844 1863 Cum
2901 1826 3034 1882 ergo
3088 1813 3162 1865 ita
3215 1827 3304 1867 res
3345 1812 3418 1867 sit
3444 1812 3542 1882 (e),

283 1898 477 1952 sentiat
517 1904 575 1952 et.
629 1897 862 1952 scribat.

286 2055 421 2128 §XL
463 2054 608 2110 Pars
659 2055 964 2128 sea:ta,_ubi
990 2057 1189 2128 multis
1232 2056 1560 2126 argum’entis
1600 2057 1861 2126 probatur

527 2128 800 2181 Basiliam
834 2126 1156 2189 Requiarum
1186 2138 1456 2181 auctorem
1481 2143 1613 2182 esse.

275 2324 283 2331 ,
348 2260 434 2315 39.
477 2260 736 2317 Vidimus
766 2277 875 2317 non
903 2278 1068 2317 unam
1104 2264 1350 2319 omnium
1384 2265 1712 2319 sententiam
1733 2278 1861 2321 esse

285 2353 347 2404 de
373 2353 663 2407 Asceticis.
696 2352 1059 2411 Combeﬁsius
1090 2352 1347 2408 Basiliam
1386 2353 1861 2409 Constitutiouum

294 2442 723 2496 monasticarum
764 2450 1049 2498 auctorem
1085 2446 1214 2499 facit
1241 2462 1255 2499 :
1284 2444 1380 2500 sed
1410 2442 1648 2513 Regulas
1688 2445 1862 2514 ipsius

299 2550 402 2590 esse
430 2544 616 2606 negat.
643 2534 1054 2601 Tillemontius,
1084 2535 1353 2606 Dupinus,
1386 2536 1596 2593 N‘atalis
1621 2536 1859 2591 Alexan-

301 2629 382 2683 der
407 2638 459 2683 et
492 2629 589 2682 alii
618 2628 734 2684 fere
757 2644 950 2684 omnes
979 2637 1040 2683 ut
1074 2628 1331 2699 Regulas,
1372 2630 1447 2684 ita
1490 2639 1546 2686 et
1571 2631 1860 2688 Constitu-

298 2720 457 2775 tiones
483 2722 825 2777 monasticas
854 2721 1058 2777 Basilio
1091 2723 1359 2777 tribuunt.
1394 2723 1465 2779 Ut
1487 2734 1547 2779 ut
1574 2726 1688 2780 haec
1710 2737 1857 2791 sunt,
1897 2750 1901 2755 ·

298 2814 525 2867 dubitari
558 2816 762 2869 merito
796 2830 908 2868 non
946 2822 1124 2884 potest
1166 2817 1301 2886 quin
1338 2816 1574 2872 Basilius
1606 2820 1860 2873 volumen

299 2904 501 2973 aliquod
547 2902 619 2959 de
665 2905 834 2959 rebus
873 2905 1195 2959 monasticis
1240 2904 1560 2961 coniecerit.
1604 2904 1740 2958 Nam
1774 2922 1859 2971 ea,

298 3009 406 3064 qua:
427 2995 719 3050 retulimus
734 2996 834 3066 (a),
867 3004 1114 3049 veterum
1140 2996 1453 3051 testimonia
1475 3004 1663 3066 aperte
1684 3006 1865 3051 osten-

300 3089 423 3143 dunt
440 3078 707 3143 Basilium
738 3104 849 3142 non
876 3089 1041 3144 breve
1073 3087 1372 3157 quoddam,
1409 3088 1503 3143 sed
1534 3090 1773 3159 amplum
1798 3106 1860 3143 ac

1962 1914 2109 1953 nunc
2136 1898 2430 1955 videndum
2460 1916 2583 1970 qua:
2615 1902 2727 1957 sint
2762 1904 2969 1972 scripta
2997 1905 3089 1958 illa
3127 1904 3387 1969 ascetica,
3422 1922 3544 1976 quze

1960 1993 2341 2061 composuisse
2397 1992 2661 2048 Basiliam
2710 2004 2790 2049 tot
2846 2005 3016 2052 testes
3065 2004 3120 2052 et
3170 1999 3543 2069 antiquissimi

1961 2082 2325 2139 tradiderunt.
2356 2083 2468 2154 Ego
2505 2094 2686 2140 autem
2730 2102 2854 2140 cum
2905 2089 3162 2158 superius
3207 2090 3437 2145 dixerim
3464 2094 3543 2162 (ά)

1960 2170 2202 2243 Regulus
2232 2173 2397 2228 simul
2426 2186 2482 2229 et
2510 2175 2948 2232 Coustitutiones
2988 2180 3325 2234 monasticas
3362 2180 3455 2233 uni
3487 2188 3545 2234 et

1962 2263 2140 2318 eidem
2188 2266 2455 2334 scriptori
2489 2268 2692 2321 ascribi
2728 2284 2836 2322 non
2877 2268 3098 2331 debere,
3139 2285 3238 2340 ego
3282 2270 3448 2340 igitur
3486 2278 3546 2325 ut

1959 2352 2350 2408 liberalissime
2380 2368 2507 2409 cum
2547 2355 2750 2410 Basilio
2795 2370 2973 2425 agam,
3024 2348 3160 2409 nihil
3194 2357 3428 2423 amplius
3462 2356 3544 2410 ia-

1963 2459 2090 2499 cere
2132 2459 2298 2514 queo,
2328 2460 2495 2516 quam
2544 2456 2604 2501 ut
2636 2447 2831 2500 horum
2875 2462 3102 2516 operum
3134 2449 3461 2503 alterutrum
3491 2449 3543 2503 ei

1962 2537 2223 2592 tribuam.
2258 2536 2474 2595 Rursus
2499 2553 2625 2593 cum
2668 2555 2795 2593 mox
2840 2539 3158 2594 allirmarim
3204 2542 3353 2596 nulla
3393 2549 3544 2598 vete~

1962 2644 2085 2688 mm
2112 2628 2448 2699 scriptorum
2489 2631 2804 2684 testimonia
2838 2630 3068 2699 proferri
3100 2646 3283 2701 posse,
3316 2647 3382 2686 ex
3419 2632 3545 2703 qui.

1963 2721 2067 2777 bus
2098 2727 2251 2777 certo
2282 2728 2498 2777 constet
2542 2721 2982 2777 Constitutiones
3027 2723 3366 2778 monasticas
3412 2724 3543 2777 olim

1962 2810 2165 2865 Basilio
2193 2812 2428 2867 tributas
2472 2811 2664 2878 fuisse,
2702 2810 2790 2866 vix
2821 2809 3078 2867 ferendus
3120 2827 3321 2874 essem,
3370 2812 3417 2866 si
3449 2829 3545 2866 eas

1962 2915 2182 2956 summo
2223 2901 2303 2955 illi
2358 2902 2479 2956 viro
2526 2902 2927 2970 adjudicarem.
2978 2903 3159 2968 Quare
3203 2900 3444 2975 Regulus
3493 2903 3544 2956 ei

1963 2992 2320 3047 ascribendas
2347 3007 2470 3048 esse
2503 2995 2695 3049 censui
2721 3013 2734 3048 :
2760 3010 2827 3050 eo
2862 2996 3058 3065 magis,
3091 2996 3237 3065 quod
3275 3005 3330 3050 et
3357 3005 3544 3051 aucto~

1965 3084 2123 3146 ritas,
2154 3092 2208 3139 et
2252 3085 2411 3148 ratio,
2453 3093 2508 3139 et
2550 3085 2727 3154 ipsum
2778 3086 3054 3141 scribendi
3102 3103 3274 3157 genus
3307 3089 3381 3142 ita
3424 3103 3544 3143 sua-

300 3183 619 3251 pmiplttlm
666 3196 808 3251 opus
836 3182 905 3236 de
961 3152 1356 3235 monachorum
1412 3152 1680 3237 institutis
1731 3197 1859 3235 cou~
1891 3152 1933 3208 δ
1967 3175 2150 3229 deant.
2194 3173 2260 3227 Et
2289 3174 2510 3243 quidem
2554 3152 2933 3244 composuisse
2964 3152 3224 3231 Basiliutn
3258 3185 3351 3231 aut
3375 3178 3544 3232 Asce-

300 3274 600 3344 scripsisse.
635 3271 821 3339 Quare
855 3280 951 3326 aut
990 3270 1248 3342 Regulas,
1287 3279 1382 3325 aut
1423 3281 1572 3326 certe
1602 3272 1865 3325 monasti-

299 3381 385 3420 cas
416 3366 855 3421 Constitutiones
908 3366 958 3419 ei
990 3366 1298 3435 adjudicari
1342 3380 1570 3421 necesse
1609 3372 1713 3420 est.
1757 3364 1864 3419 No—

299 3460 507 3513 tandum
536 3467 621 3514 est
654 3467 862 3523 autem,
894 3458 1106 3511 nullum
1137 3458 1403 3512 hactenus
1432 3465 1680 3511 veterum
1712 3458 1866 3511 scri—

295 3560 500 3621 ptorum
527 3551 910 3606 testimonium
942 3550 1163 3603 allatum
1190 3564 1314 3604 esse
1347 3562 1524 3617 neque
1566 3564 1596 3602 a
1629 3549 1860 3603 Combe-

296 3640 426 3705 lisio,
459 3656 641 3711 neque
678 3656 711 3691 a
755 3640 952 3710 quovis
990 3640 1119 3704 alio,
1158 3654 1265 3709 quo
1305 3645 1587 3693 constaret
1617 3638 1748 3691 olim
1797 3638 1864 3691 ab

294 3731 466 3800 aliquo
494 3731 771 3801 scriptore
807 3731 1030 3799 antiquo
1056 3730 1490 3784 Constitutiones
1527 3728 1863 3783 monasticas

294 3823 487 3879 Basilio
543 3825 822 3894 ascriptus
856 3823 1048 3878 fuisse.
1084 3822 1147 3874 Et
1185 3831 1356 3885 ecrte,
1387 3831 1444 3875 ut
1475 3821 1608 3875 mihi
1640 3819 1861 3890 quidem

291 3917 522 3981 videtur,
578 3915 857 3986 ejusmodi
912 3914 1223 3969 testimonia
1273 3920 1424 3968 certa
1465 3922 1519 3966 et
1557 3911 1863 3965 indubitata

291 4010 528 4079 proferre
560 4016 879 4079 promptum
915 4021 1026 4060 non
1064 4013 1203 4069 erat,
1240 4020 1362 4059 cum
1413 4004 1461 4060 si
1490 4018 1598 4074 qua
1630 4017 1754 4058 esse
1782 4003 1863 4056 vi-

288 4102 537 4165 deantur,
572 4116 640 4155 ea
674 4101 729 4153 in
772 4098 1104 4153 contrariam
1147 4096 1469 4152 sententiam
1516 4096 1862 4165 interpretari

289 4195 467 4249 liceat.
495 4190 640 4246 Nam
672 4190 822 4261 quod
850 4189 1157 4244 litterarum
1184 4188 1558 4242 monumentis
1585 4187 1860 4257 proditum

287 4294 387 4348 est,
419 4284 706 4356 piissimos
751 4282 925 4345 viros,
970 4278 1366 4343 Theodosium,
1399 4278 1762 4333 Philibertum
1809 4287 1862 4333 et

290 4376 564 4431 Platonem
592 4374 1032 4430 Constitutiones
1056 4371 1243 4427 Basilii
1271 4371 1520 4427 studiose
1555 4373 1750 4441 legisse
1765 4369 1860 4442 (ι),

286 4486 351 4524 ex
378 4485 445 4525 eo
477 4468 618 4524 nihil
660 4474 872 4522 certum
918 4465 1172 4521 concludi
1212 4473 1413 4535 potest.
1442 4464 1509 4518 Et
1542 4480 1673 4519 vero
1717 4463 1864 4517 Con-

286 4563 636 4617 stitutionum
660 4574 883 4622 nomen,
914 4565 976 4611 ut
1016 4558 1123 4611 alia
1158 4558 1439 4627 pleraque,
1474 4556 1548 4610 ita
1592 4565 1647 4610 et
1681 4555 1861 4625 ipsum

287 4669 501 4724 quoque
524 4651 842 4722 ambiguum
870 4660 994 4716 est;
1024 4663 1126 4703 nec
1155 4663 1252 4720 per
1290 4663 1349 4704 se
1375 4647 1559 4717 potius
1590 4662 1687 4703 eas
1715 4646 1863 4700 Con-

290 4748 606 4802 stitutiones
636 4744 1001 4807 monasticas,
1048 4757 1170 4812 quae
1223 4743 1279 4795 in
1306 4740 1496 4796 Basilii
1529 4739 1863 4795 editionibus

287 4839 663 4899 inveniuntur,
724 4835 1019 4906 signiﬁcat,
1083 4848 1247 4904 quam
1305 4832 1551 4902 ejusdem
1604 4831 1859 4902 Regulas.

289 4930 477 4984 Omnia
520 4929 670 4983 enim
715 4927 941 4980 nomina
989 4927 1124 4988 haec,
1155 4923 1308 4988 liber,
1341 4925 1609 4987 instituta,
1654 4925 1858 4993 regula,

290 5022 710 5085 constitutiones,
748 5029 802 5073 et
831 5018 1076 5085 ejusdem
1107 5019 1323 5089 generis
1365 5018 1493 5080 alia,
1519 5018 1720 5087 quibus
1765 5032 1863 5070 an-

290 5111 419 5179 tiqui
474 5110 779 5177 scriptores
823 5106 893 5160 ad
945 5106 1198 5162 Ascetica
1253 5106 1441 5160 Basilii
1505 5105 1862 5177 signiﬁcanda

290 5202 370 5255 usi
399 5208 553 5264 sunt,
582 5214 652 5255 ex
678 5214 739 5253 se
765 5199 994 5253 omnino
1022 5197 1164 5253 idem
1192 5201 1375 5253 valent
1399 5238 1414 5263 ,
1445 5193 1862 5267 nihilque'aliud

290 5304 477 5347 natura
508 5308 612 5347 sua
645 5291 984 5362 signiﬁcant,
1012 5307 1176 5361 quam
1219 5292 1469 5362 quaedam
1520 5306 1709 5361 opera,
1742 5307 1864 5362 quae

289 5386 352 5441 de
375 5390 542 5443 rebus
571 5387 902 5441 monasticis
941 5385 1172 5440 Basilius
1210 5385 1399 5440 edidit.
1429 5383 1555 5442 Haec
1584 5391 1765 5440 autem
1797 5401 1863 5439 eo

290 5482 488 5546 notavi,
520 5488 581 5535 ut
616 5479 968 5535 ostenderem
1002 5495 1067 5532 ex
1101 5478 1375 5548 ejusmodi
1417 5477 1773 5543 testimoniis,
1808 5480 1862 5531 in

357 5634 429 5699 (ei
469 5633 617 5703 Lege
647 5651 702 5686 n.
731 5633 825 5685 27.

362 5706 434 5771 ib)
478 5704 623 5773 Lege
651 5721 707 5756 ιι.
740 5703 832 5773 ἑὶῖ.

358 5780 427 5832 lct
470 5772 613 5838 Lege
641 5791 700 5828 ιι.
732 5772 824 5827 27.

1967 3266 2135 3320 ticum
2159 3267 2501 3335 simpliciter,
2528 3274 2621 3319 aut
2642 3265 2866 3321 Librum
2896 3270 3215 3335 asceticum,
3241 3281 3335 3325 aut
3364 3269 3544 3343 Regu-

1966 3362 2097 3424 lam,
2123 3368 2217 3412 aut
2237 3358 2693 3418 Constitutiones.
2714 3370 2808 3414 aut
2830 3361 3127 3432 quidquam
3154 3364 3352 3429 simile,
3374 3372 3544 3419 testes

1967 3461 2095 3505 sunt
2140 3449 2531 3523 Hieronymus,
2579 3450 2801 3515 Suidas,
2846 3452 3142 3523 Gregorius
3178 3454 3541 3521 Turonensis,

1967 3539 2314 3605 Benedictus,
2375 3540 2739 3607 Theodosius,
2786 3542 2964 3608 Plato,
3020 3544 3376 3611 Philibertus,
3443 3548 3546 3603 Eu-

1965 3632 2175 3701 gendus
2207 3645 2262 3687 et
2287 3631 2589 3704 Gregorius
2613 3634 2997 3691 Nazianzenus
3021 3636 3112 3707 (e).
3146 3637 3414 3704 Quoniam
3446 3655 3543 3693 au-

1967 3731 2076 3778 tem
2112 3725 2337 3780 nomina
2373 3725 2508 3789 haec,
2542 3727 2745 3796 quibus
2782 3727 2835 3780 hi
2863 3729 3162 3799 scriptores
3191 3730 3273 3784 usi
3306 3738 3434 3784 sunt
3474 3731 3542 3785 ad

1967 3817 2236 3871 asceticas
2284 3815 2473 3873 Basilii
2510 3818 2924 3874 lucubrationes
2972 3820 3318 3886 indicandas,
3364 3838 3428 3877 ex
3482 3840 3544 3879 se

1966 3908 2216 3977 ambigua
2269 3917 2418 3972 sunt,
2471 3925 2572 3964 nec
2613 3926 2708 3980 per
2754 3926 2813 3966 se
2866 3912 3084 3980 regulas
3131 3914 3326 3984 magis,
3378 3931 3541 3986 quam

1966 4002 2390 4056 coxistitutiones
2418 4004 2751 4058 monasticas
2781 4004 3116 4075 signiﬁcant,
3149 4006 3288 4060 bene
3325 4022 3390 4061 ac
3422 4007 3544 4062 l'eli-

1966 4092 2103 4146 citer
2126 4095 2405 4162 provisum
2447 4102 2552 4159 est,
2582 4104 2643 4149 ut
2677 4111 2740 4150 ea
2769 4097 2839 4151 ab
2868 4097 2993 4152 aliis
3020 4098 3339 4153 auctoribus
3361 4107 3416 4154 et
3445 4114 3545 4154 an-

1967 4183 2293 4253 tiquissimis
2332 4193 2385 4239 et
2412 4186 2861 4257 locupletissimis
2891 4188 3051 4259 plane
3077 4198 3131 4244 et
3160 4200 3344 4260 aperte
3366 4193 3543 4261 expli-

1965 4284 2243 4331 carentur.
2299 4277 2510 4332 Praeeat
2551 4280 2926 4335 testimonium
2978 4282 3160 4336 Ruﬁni
3204 4282 3296 4353 qui
3343 4283 3398 4336 in
3443 4299 3543 4337 sua

1966 4369 2288 4425 Praefatione
2338 4371 2390 4424 in
2430 4369 2690 4440 Regulam
2737 4375 2912 4428 sancti
2946 4373 3134 4429 Basilii
3174 4377 3242 4430 ad
3288 4372 3541 4431 Urseium

1967 4461 2215 4515 abbatem
2258 4462 2337 4516 sic
2370 4463 2615 4533 loquitur
2639 4465 2714 4534 (Ῑ)
2741 4484 2754 4519 τ
2786 4465 2870 4518 Ad
2898 4466 3010 4520 lucc
3051 4483 3165 4537 ego,
3202 4484 3265 4521 ne
3293 4470 3417 4539 quid
3448 4468 3544 4521 tibi

1965 4554 2138 4608 minus
2177 4553 2353 4624 digne,
2388 4571 2490 4608 non
2518 4555 2637 4610 dico
2667 4573 2826 4626 quam
2853 4559 3075 4627 geritur,
3111 4558 3201 4612 sed
3243 4576 3401 4629 quam
3435 4562 3543 4629 geri

1963 4642 2132 4707 debet,
2182 4659 2515 4711 exponerem,
2558 4643 2617 4700 S.
2652 4645 2847 4699 Basilii
2900 4646 3251 4717 Cappadocus
3289 4650 3540 4718 episcopi,

1964 4736 2064 4789 viri
2093 4735 2199 4803 ﬁde
2244 4744 2293 4789 et
2327 4738 2567 4803 operibus
2603 4746 2652 4790 et
2694 4738 2839 4791 omni
2881 4740 3162 4792 sanctitate
3205 4741 3337 4793 satis
3381 4741 3538 4802 clari.

1966 4825 2225 4880 Instituta
2270 4829 2668 4891 monac/torum,
2707 4846 2825 4900 qua:
2859 4832 3304 4901 interrogantibus
3348 4850 3403 4886 se
3436 4850 3542 4887 mo-

1965 4917 2149 4971 nachis
2190 4919 2329 4973 velut
2358 4920 2534 4972 sancti
2562 4919 2843 4989 cujusdam
2870 4922 3003 4984 iuris
3043 4936 3295 4987 responsa
3327 4926 3538 4988 statuit,

1962 5010 2183 5079 protuli.
2220 5009 2363 5080 Ergo
2395 5011 2462 5065 de
2506 5009 2690 5065 Rulini
2730 5014 2997 5066 sententia
3052 5011 3309 5067 Instituta
3354 5032 3541 5069 mona-

1965 5100 2180 5153 chorum
2214 5102 2347 5154 nihil
2384 5101 2531 5155 aliud
2564 5110 2713 5165 sunt,
2755 5117 2919 5172 quam
2966 5117 3231 5171 respousa
3265 5104 3375 5167 illa,
3418 5120 3541 5174 qua:

1966 5193 2202 5248 Basilius
2232 5194 2378 5248 dedit
2412 5195 2718 5255 monachis,
2750 5195 2841 5264 qui
2872 5195 3050 5263 ipsum
3092 5196 3493 5265 interrogarent
3521 5217 3533 5250 :

1966 5288 2070 5342 hoc
2094 5294 2198 5349 est,
2227 5288 2358 5356 ipsa:
2382 5294 2511 5341 sunt
2535 5286 2776 5357 Regulae,
2813 5287 2869 5341 in
2894 5287 3095 5357 quibus
3128 5286 3362 5342 Basilius
3398 5290 3537 5341 mul-

1964 5388 2050 5434 tas
2082 5395 2145 5433 ac
2169 5381 2348 5435 varias
2379 5379 2771 5433 monachorum
2800 5381 3136 5449 quaestiones
3164 5379 3325 5436 docte
3360 5395 3422 5434 ac
3449 5382 3534 5435 di-

1968 5472 2145 5527 lucide
2175 5472 2356 5527 Solvit.
2389 5471 2553 5542 Ergo,
2585 5472 2777 5527 eodem
2810 5482 2968 5535 teste,
2997 5471 3328 5544 liegularum
3362 5471 3537 5544 legiti-

2038 5628 2116 5693 (ά)
2149 5627 2298 5700 Lege
2331 5645 2383 5681 η.
2421 5629 2489 5682 54
2516 5636 2571 5683 et
2605 5644 2723 5700 seq.

2038 5700 2106 5765 (e)
2148 5697 2289 5766 Lege
2322 5715 2379 5751 η.
2408 5699 2501 5753 27.

2043 5769 2119 5834 li)
2160 5766 2300 5833 Lege
2331 5767 2573 5824 Corticem
2603 5771 2795 5833 requl..
2833 5787 2887 5827 ι).
2921 5769 3012 5824 97.
