3972 6202
434 321 540 380 [93

1874 315 2260 372 PREFATIO.

3592 327 3700 380 108

433 455 557 496 mus
590 453 789 508 parens
821 437 1053 492 Basilius
1082 434 1183 492 est.
1219 437 1322 491 Ubi
1376 439 1555 492 ‘obiter
1588 435 1910 497 notandum,
1947 451 2015 490 ex
2043 440 2089 496 Α
2121 435 2336 489 nemine
2370 433 2420 489 ei
2467 440 2618 488 certo
2650 431 2981 489 tribuantur.
3019 434 3221 502 Quare,
3270 435 3314 490 si
3353 436 3702 492 auctoritatis

435 530 520 583 his
565 529 767 597 optime
796 527 1023 597 intelligi
1079 543 1266 580 verum
1300 537 1423 581 esse
1457 526 1602 596 quod
1654 525 1789 587 dixi,
1822 525 2017 579 videli-

433 630 540 683 cet,
575 619 798 673 nomina
822 618 956 682 lucc,
991 617 1413 682 eonstitutidnes,
1443 619 1709 681 instituta,
1741 624 1795 671 et
1819 617 2017 671 horum

435 711 635 764 similia
665 710 880 764 diverse
913 710 1174 779 explicari
1207 726 1389 780 posse,
1419 717 1471 764 et
1495 711 1623 763 talia
1656 724 1800 769 esse.
1835 718 1892 762 ut
1917 724 2016 763 sua

437 811 632 855 natura
663 816 772 854 non
807 803 990 870 potius
1017 802 1438 855 constitutiones
1467 801 1821 862 monasticas,
1851 816 2015 870 quam

437 894 653 962 regulas
686 891 1015 961 signiﬁcent.
1065 889 1130 942 Et
1176 905 1307 944 vero
1355 889 1460 943 nisi
1492 887 1726 942 Ruﬁnus
1773 889 1888 957 ipse
1919 887 2019 940 do-

437 985 644 1037 cuisset
669 981 795 1052 quid
827 983 1186 1036 intellexisset
1211 996 1305 1050 per
1334 981 1582 1033 instituta
1613 979 2016 1042 monac/torum,

435 1071 944 1126 Constitutionesne
975 1086 1043 1124 an
1079 1070 1296 1140 [tegulas
1331 1071 1434 1124 hoc
1480 1071 1698 1124 nomine
1740 1069 2018 1139 signiﬁca-

437 1173 649 1229 rentur,
699 1163 1244 1234 ignoraremus:sed
1291 1177 1414 1215 cum
1465 1163 1577 1215 haec
1625 1161 1850 1220 addidit,
1900 1177 2018 1230 qua:

437 1253 884 1323 interrogantibus
932 1270 986 1307 se
1031 1253 1298 1306 monac/tis
1344 1252 1479 1305 uelut
1523 1252 1694 1304 sancti
1742 1249 2015 1312 cuiusdam

428 1345 570 1412 juris
617 1361 870 1414 responsa
904 1345 1113 1406 statuit,
1164 1343 1381 1405 protuli,
1418 1341 1814 1394 dubitationem
1862 1355 2020 1408 pror-

439 1452 536 1490 sus
569 1438 791 1490 excutit.
825 1433 931 1488 Nec
965 1437 1124 1488 aliter
1153 1443 1248 1487 aut
1279 1434 1473 1495 sensit,
1502 1441 1594 1484 aut
1625 1433 1849 1499 scripsit
1889 1430 2020 1486 Cas-

439 1529 650 1591 sianus,
699 1528 860 1596 cujus
901 1527 1068 1580 verba
1099 1527 1200 1579 hoc
1249 1527 1371 1578 loco
1412 1539 1608 1578 rursus
1662 1522 1871 1577 referre
1905 1538 2015 1575 non

435 1619 656 1688 pigebit.
688 1617 828 1671 Sunt
857 1624 1034 1670 autem
1066 1618 1334 1684 ejusmodi
1357 1614 1431 1686 (τι)
1459 1633 1470 1667 :
1497 1613 1614 1667 Huc
1636 1613 1856 1673 accedit,
1881 1612 2018 1683 quod

436 1725 593 1778 super
620 1708 716 1762 hac
749 1725 802 1761 re
835 1709 933 1760 viri
955 1717 1002 1760 et
1033 1709 1140 1760 vita
1170 1706 1392 1768 nobiles,
1417 1715 1465 1758 et
1493 1721 1730 1758 sermone
1768 1703 2018 1756 scientia-

436 1776 532 1872 que
571 1801 843 1867 prtectari,
891 1801 1059 1854 multa
1097 1805 1214 1869 jam
1261 1799 1515 1868 opuscula
1563 1797 1908 1860 desudarant,
1956 1795 2014 1851 S.
2053 1776 2092 1830 Β

445 1894 710 1946 Basiliam
756 1902 802 1945 et
842 1891 1224 1960 Hieronymum
1259 1892 1398 1955 dico,
1442 1889 1678 1959 aliosque
1711 1889 2014 1954 nonnullos,

440 2002 659 2053 quorum
692 1985 926 2038 anterior
948 1981 1345 2037 sciscitantibus
1369 1980 1626 2050 fratribus
1655 1995 1810 2048 super
1843 1979 2016 2032 direr-

443 2078 517 2129 sis
567 2077 829 2129 institutis
875 2075 950 2127 rel
990 2073 1368 2142 quaestionibus
1413 2089 1515 2125 non
1559 2071 1731 2124 solum
1762 2069 2015 2139 facundo,

440 2184 614 2222 verum
645 2170 806 2222 etiam
829 2169 1130 2242 divinarum
1156 2165 1558 2234 Scripturarum
1587 2165 1898 2216 testimoniis
1931 2179 2018 2214 co-

438 2261 587 2330 pioso
615 2277 852 2315 sermone
872 2259 1161 2327 respondit.
1200 2256 1410 2322 Quibus
1448 2257 1629 2311 verbis
1658 2255 1896 2325 [tegulas
1936 2255 2019 2308 in-

437 2351 610 2406 dicari
653 2367 813 2406 nemo
865 2367 972 2404 non
1014 2348 1181 2409 videt,
1226 2364 1350 2404 cum
1401 2347 1454 2400 in
1501 2347 1635 2416 ipsis
1686 2347 2018 2415 quaestiones

440 2443 666 2497 fratrum
723 2452 884 2511 atque
939 2440 1398 2509 interrogationes
1455 2450 1512 2494 ut
1549 2439 1780 2493 facunde
1821 2448 1876 2492 et
1920 2454 2018 2493 co-

438 2535 614 2603 piose,
657 2533 729 2586 ita
774 2537 1142 2600 congruenter
1177 2527 1476 2598 Scripturte
1520 2529 2019 2599 convenienterque

437 2624 761 2680 eitodentur.
801 2621 913 2676 lloc
949 2622 1089 2676 idem
1131 2621 1358 2674 miriﬁce
1406 2620 1752 2674 conﬁrmavit
1792 2619 2021 2687 impera-

440 2729 529 2770 tor
561 2712 928 2772 Justinianus.
966 2729 1088 2767 cum
1138 2711 1467 2780 [tegularum
1511 2711 1821 2765 breviorum
1855 2725 2016 2762 unam

437 2809 627 2861 citavit
656 2809 791 2875 (reg.
831 2806 979 2872 267),
1012 2806 1116 2858 hoc
1157 2805 1317 2857 modo
1346 2824 1358 2856 :
1386 2803 1664 2855 Βασιλείου
1719 2801 2018 2852 ἐπισκόπου

440 2897 778 2967 Καισαρείας
812 2895 1230 2958 Καππαδοκίας,
1276 2897 1340 2947 ὲκ
1382 2893 1475 2946 τοῦ
1525 2891 1809 2945 κανονικοῦ
1855 2890 2018 2942 αὑτοῦ

447 2989 671 3059 βιϐλίου.
715 2985 1033 3058 Ἐρώτησις,
1078 2986 1141 3038 Et
1178 2985 1312 3037 ὅπου
1361 2984 1457 3054 μὲν
1496 2983 1664 3048 λέγει,
1698 2981 2022 3048 duplicatae

350 3088 354 3098 '
440 3079 661 3137 πολλὰ.
689 3081 822 3131 ὅπου
853 3079 931 3139 δὲ,
968 3076 1190 3144 Ὀλίγα,
1227 3075 1341 3138 πῶς
1361 3074 1577 3142 λέγουσί
1606 3090 1750 3136 τινες
1784 3073 1856 3143 μὴ
1884 3069 2019 3126 εἶναι

440 3173 593 3234 τέλος
623 3171 721 3241 τῆς
763 3170 1033 3231 κολάσεως
1059 3171 1170 3230 τοῖς
1217 3167 1634 3235 κολαζομένοις;
1679 3166 2010 3235 Ἀπόκρισις.

443 3269 524 3320 Τὰ.
549 3265 823 3336 ἀμφίϐολα
839 3264 932 3317 καὶ
953 3260 1477 3330 ἐπικεκαλυμμένως
1495 3257 1744 3329 εἰρῆσθαι
1765 3257 2020 3311 δοκοῦντα

441 3358 498 3410 ἐν
521 3376 630 3412 τισι
654 3357 838 3418 τόποις
870 3356 967 3425 τῆς
993 3351 1350 3407 θεοπνεύστου
1375 3351 1622 3422 Γραφῆς,
1651 3350 1756 3402 ὑπὸ
1788 3350 1896 3402 τῶν
1928 3349 2021 3402 ἄλ-

443 3449 548 3501 λων
584 3450 640 3500 ἐν
671 3447 850 3508 ἄλλοις
885 3443 1325 3514 ὁμολογουμένων
1361 3439 1734 3511 σαφηνίζεται,
1772 3447 1878 3494 etc.
1915 3439 2016 3491 Ba-

445 3540 555 3592 sitii
593 3540 824 3608 episcopi
875 3536 1134 3590 Cwsarete
1187 3531 1558 3600 Cappadocia),
1607 3546 1672 3584 ea:
1720 3531 1832 3598 ejus
1887 3528 2020 3582 libro

445 3632 786 3704 Regularum.
828 3628 1204 3697 Interrogatio.
1255 3625 1315 3680 Si
1364 3624 1638 3684 tumdicit,
1673 3643 1692 3673 ‹
1737 3621 2020 3689 Vapulabit

445 3726 628 3778 multis
648 3725 715 3785 ³³,
755 3731 887 3785 tum,
939 3721 1166 3790 paucis:
1197 3739 1214 3770 ι
1243 3734 1342 3787 quo
1388 3727 1539 3785 pacto
1586 3715 1799 3785 quidam
1839 3714 2019 3766 dicunt

445 3816 649 3870 nullum
675 3815 830 3882 ﬁnem
861 3811 1101 3880 supplicii
1133 3810 1244 3877 [ore
1276 3810 1342 3860 iis
1382 3809 1470 3877 qui
1503 3822 1654 3873 poena
1683 3806 2022 3875 afﬁciuntur?

451 3907 756 3975 Responsio.
806 3904 936 3968 Qua:
969 3902 1215 3970 ambigua
1259 3908 1403 3958 sunt,
1431 3915 1490 3950 ac
1526 3897 1766 3951 videntur
1805 3897 2022 3949 obscure

446 4013 559 4050 esse
607 3994 752 4048 dicta
808 3995 862 4046 in
915 3992 1228 4062 quibusdam
1276 3990 1403 4042 locis
1446 3989 1697 4041 divinitus
1748 3989 2023 4054 inspirata:

449 4087 760 4155 Scriptum,
781 4083 909 4138 alibi
935 4083 998 4135 ab
1024 4083 1144 4134 aliis
1182 4097 1296 4150 qua'
1318 4079 1561 4142 confessa
1589 4090 1635 4131 et
1669 4088 1852 4147 aperta
1880 4086 2020 4139 sunt,

447 4179 808 4240 declarantur,
855 4185 960 4230 etc.
996 4173 1327 4242 [tegularum
1357 4173 1521 4241 igitur
1561 4171 1696 4223 liber
1726 4169 2021 4224 .Iustiniani

447 4279 607 4324 actate
631 4267 832 4322 Basilio
860 4267 1226 4318 tribuebatur.
1259 4262 1414 4315 Hanc
1445 4262 1759 4329 Opinionem
1792 4277 1820 4312 a
1847 4260 2022 4327 majo-

450 4363 602 4413 ribus
629 4365 906 4425 acceptam
948 4355 1016 4408 ad
1054 4364 1302 4424 posteros
1333 4353 1640 4404 transmisit
1675 4351 1899 4403 Photius
1927 4351 2021 4419 (b),

451 4453 536 4505 bis
555 4443 931 4505 verbisinra
973 4443 1082 4497 οἷον
1130 4447 1326 4515 Ὅρους
1369 4443 1518 4505 τινὰς
1555 4442 1905 4512 ἀσκητικοὺς,
1948 4440 2022 4502 ὡς

450 4547 508 4596 ὲν
556 4541 824 4610 ἐρωτήσει
857 4539 953 4591 καὶ
987 4536 1273 4605 ἀποκρίσει
1321 4533 1794 4606 προηγουμένους.
1825 4532 2024 4586 ἐκτίθε-

449 4650 539 4684 ται
587 4633 676 4684 τὸν
742 4627 972 4699 ἀριθμὸν
1018 4627 1353 4695 πεντήκοντα
1402 4622 1662 4694 [πέντε].
1709 4622 1821 4674 Καὶ
1866 4622 2026 4675 πάλιν

454 4721 858 4792 συντομώτερον
880 4717 1098 4787 ἑτέρους
1126 4717 1324 4785 Ὅρους
1355 4719 1477 4782 τιγ’.
1519 4711 1714 4765 Deinde
1747 4713 1897 4780 quasi
1929 4710 2028 4763 Re-

453 4815 605 4883 gutas
644 4810 903 4881 quasdam
954 4809 1230 4868 asceticas,
1283 4805 1657 4874 interrogando
1703 4820 1763 4856 ac
1814 4817 2026 4871 respon-

453 4905 622 4958 dendo
650 4903 943 4970 propositas
966 4898 1200 4968 exponit,
1233 4912 1448 4950 numero
1477 4895 1853 4965 quinquaginta
1875 4893 2028 4963 quin-

455 5011 596 5066 que:
631 4995 918 5063 iterumque
959 4990 1216 5043 breviores
1270 4987 1408 5039 alias
1459 4997 1714 5040 trecentas
1757 4987 2022 5038 tredecim.

461 5089 517 5141 Si
548 5087 710 5156 igitur
735 5099 920 5138 verum
949 5090 1032 5137 est
1057 5080 1295 5150 [tegulas
1319 5079 1481 5133 simul
1509 5086 1563 5132 et
1592 5078 2026 5131 Constitutiones

463 5177 664 5234 Basilio
696 5173 890 5244 Magno
931 5172 1093 5227 tribui
1140 5186 1249 5224 non
1281 5185 1462 5240 posse,
1500 5168 1657 5237 longe
1705 5169 1900 5222 melius
1941 5177 2026 5223 est

463 5275 626 5336 atque
660 5265 1026 5328 praestabilius
1063 5276 1338 5317 summum
1393 5261 1538 5314 hunc
1581 5260 1755 5312 virum
1791 5257 2028 5328 [tegula-

463 5373 583 5410 rum
625 5365 899 5409 auctorem
928 5356 1130 5416 facere,
1162 5368 1324 5421 quam
1364 5351 1854 5412 Constitutionum,
1901 5367 2025 5405 cum

465 5449 640 5516 ipsum
671 5444 904 5514 [tegulas
935 5445 1314 5512 composuisse
1353 5443 1621 5496 aflirment
1654 5442 2025 5510 antiquissimi

461 5545 516 5593 et
566 5535 868 5606 gravissimi
917 5536 1234 5602 scriptores,
1274 5533 1710 5588 Coustitutiones
1771 5540 1952 5586 autem
1997 5549 2028 5587 a

535 5649 580 5682 ³¹
609 5649 743 5703 Luc.
781 5665 878 5711 xu,
914 5648 1002 5708 t7,
1044 5647 1131 5700 48.

536 5763 611 5837 (tt)
649 5761 804 5818 Cass.
841 5759 952 5824 In.,
984 5760 1037 5814 in
1069 5757 1228 5812 Praef.

2048 3101 2155 3186 C8

2119 525 2369 579 habenda
2398 527 2540 580 ratio
2577 526 2670 589 sit,
2708 541 2830 596 quae
2860 527 3098 580 maxima
3133 527 3186 580 in
3214 527 3280 582 iis
3315 527 3479 582 rebus
3507 527 3700 584 haberi

2118 618 2299 679 debet,
2334 626 2550 687 oportet
2578 633 2686 672 non
2714 618 3173 680 (Ionstitutioncs,
3199 631 3430 687 quarum
3454 634 3524 673 ne
3546 634 3705 674 men-

2119 710 2194 763 tio
2223 708 2441 778 quidem
2479 711 2768 780 perspicue
2805 709 2947 763 facta
2980 720 3064 763 est
3095 709 3239 778 apud
3276 709 3557 776 antiquos,
3600 710 3701 762 sed

2118 798 2356 870 [tegulas
2384 801 2588 855 Basilio
2618 801 2805 864 tribui,
2845 809 3034 871 utpote
3065 816 3297 870 quarum
3323 800 3562 855 Basilius
3594 815 3704 852 au-

2118 899 2238 946 ctor
2273 891 2442 946 fuisse
2492 893 2620 945 olim
2667 909 2694 945 a
2736 893 2938 961 priscis
2978 893 3340 960 scriptoribus
3369 892 3552 944 dictus
3600 891 3701 956 sit,

2117 983 2208 1052 qui
2239 983 2360 1051 ejus
2398 992 2491 1036 aut
2517 984 2778 1052 aequales,
2812 991 2906 1035 aut
2938 983 3050 1036 fere
3078 983 3318 1051 aequales
3348 981 3519 1037 fuere.

2187 1076 2276 1129 40.
2317 1075 2451 1129 Cum
2486 1077 2617 1130 illud
2649 1077 2806 1146 quasi
2842 1076 3170 1144 principium
3200 1083 3412 1130 certum
3441 1073 3703 1144 posueri-

2118 1181 2262 1232 mus,
2288 1165 2618 1237 [tegularum
2655 1177 2816 1236 atque
2853 1167 3319 1220 Constitutionum
3353 1181 3464 1219 n0u
3520 1180 3702 1218 unum

2118 1266 2168 1314 et
2199 1259 2448 1313 eumdem
2481 1269 2762 1313 auctorem
2804 1274 2958 1325 esse;
2993 1273 3338 1326 consequens
3383 1265 3484 1322 est,
3531 1257 3577 1311 si
3608 1271 3705 1312 ra-

2119 1349 2321 1403 tionem
2353 1349 2509 1418 sequi
2563 1351 2840 1412 volumus,
2890 1357 2949 1402 ut
2979 1347 3238 1401 Basilium
3271 1363 3378 1401 non
3418 1347 3704 1402 Constitu-

2118 1441 2315 1504 tiones,
2346 1441 2441 1495 sed
2479 1441 2713 1510 [tegulas
2744 1440 3032 1509 scripsisse
3066 1438 3335 1492 dicamus.
3372 1438 3606 1502 Etenim,
3650 1439 3703 1492 si

2119 1529 2246 1597 quis
2270 1529 2606 1583 monasticas
2633 1527 3068 1583 Constitutiones
3109 1543 3232 1581 cum
3278 1526 3703 1597 [tegulis‘com-

2123 1622 2416 1692 paraverit,
2448 1620 2633 1675 statim
2669 1621 3067 1674 animadvertet
3097 1626 3306 1672 tantum
3349 1620 3447 1673 has
3476 1619 3544 1672 ab
3585 1618 3703 1673 illis

2123 1711 2358 1775 diﬂ‘erre,
2390 1719 2651 1781 quantum
2684 1727 2823 1781 opus
2856 1711 3366 1780 praestantissimum
3401 1711 3468 1764 ab
3498 1725 3693 1780 opere,

2119 1803 2164 1857 si
2189 1819 2296 1856 non
2321 1803 2484 1870 malo,
2515 1811 2570 1857 at
2599 1804 2740 1858 inter
2779 1803 3076 1856 mediocria
3124 1812 3305 1857 tamen
3351 1801 3542 1856 ultimo
3588 1801 3706 1856 dif-

2121 1893 2246 1948 fert.
2279 1894 2342 1947 Et
2373 1910 2499 1949 vero
2524 1894 2736 1950 referta:
2770 1903 2899 1950 sunt
2944 1894 3162 1964 Regulae
3215 1893 3499 1963 praeceptis
3547 1895 3705 1946 salu-

2119 1985 2372 2039 berrimis
2419 1996 2580 2057 atque
2623 1987 2953 2050 utilissimis,
3003 1986 3204 2056 quibus
3243 2000 3352 2038 non
3398 1985 3706 2038 monacho-

2119 2092 2241 2130 rum
2271 2077 2452 2143 modo,
2485 2078 2579 2133 sed
2613 2080 2776 2132 etiam
2809 2079 3248 2133 Christianorum
3287 2078 3399 2132 vita
3431 2084 3484 2132 et
3514 2090 3706 2133 mores

2121 2169 2470 2222 sanctissime
2501 2169 2754 2234 componi
2785 2168 3018 2237 possint.
3061 2166 3121 2221 [n
3147 2167 3232 2222 bis
3266 2167 3434 2220 multa
3463 2180 3525 2219 ac
3550 2165 3706 2219 difﬁ-

2119 2260 2245 2314 cilia
2302 2256 2593 2328 Scriptura:
2641 2261 2759 2312 loca
2812 2259 3134 2314 doctissime
3190 2272 3256 2314 ac
3301 2258 3705 2312 dilucidissime

2119 2353 2499 2420 explanantur.
2521 2350 2721 2406 Videas
2747 2352 3016 2406 hominem
3040 2350 3107 2405 ad
3131 2351 3370 2405 inﬁnitas
3395 2365 3706 2419 gravesque

2120 2444 2500 2513 cujuscunque
2539 2443 2753 2514 generis
2787 2443 3116 2512 quaestiones
3165 2443 3454 2497 solvendas
3484 2457 3707 2510 semper

2121 2545 2394 2606 paratum,
2443 2546 2496 2592 et
2527 2539 2600 2590 ita
2633 2545 2756 2607 apte
2797 2537 2860 2590 ad
2905 2537 3118 2606 singula
3152 2535 3595 2605 respondentem,
3644 2545 3707 2587 ut

2121 2630 2254 2682 nihil
2282 2630 2474 2684 melius
2507 2637 2600 2682 aut
2626 2629 3043 2684 convenientius
3086 2628 3265 2682 aﬂ‘erri
3308 2629 3501 2698 possit.
3535 2628 3706 2682 (lente

2122 2737 2260 2789 opus
2305 2731 2410 2774 tam
2454 2721 2766 2774 absolutum
2813 2736 2920 2774 non
2976 2721 3029 2774 in
3074 2721 3369 2790 quemlibet
3417 2719 3701 2782 convenit,

2123 2812 2218 2865 sed
2250 2813 2303 2864 in
2329 2812 2526 2870 virum.
2563 2812 2656 2880 qui
2711 2820 2768 2864 ut
2808 2813 2919 2865 acri
2947 2811 3179 2879 judicio,
3217 2811 3288 2863 ita
3329 2810 3478 2864 omni
3520 2810 3707 2863 eccle-

2124 2907 2355 2962 siastica:
2377 2907 2617 2961 scientia:
2652 2907 2988 2976 supellectile
3019 2908 3320 2960 instructus
3342 2912 3508 2959 esset.
3541 2902 3706 2970 Ejus.

2125 2999 2272 3052 modi
2323 3000 2488 3068 igitur
2528 3013 2667 3068 Opus
2703 3001 2884 3068 potius
2943 2998 3107 3052 tribui
3165 2996 3324 3050 debet
3378 2997 3705 3050 dat-tiSsiIno

2163 3087 2554 3155 ravissimoque
2587 3088 2840 3155 scriptori
2874 3086 3092 3152 Basilio,
3135 3102 3297 3155 quam
3329 3084 3704 3139 Constitutio-

2125 3191 2252 3229 runn
2300 3177 2456 3237 liber,
2498 3177 2550 3229 in
2601 3192 2709 3245 quo
2758 3178 2894 3231 nihil
2949 3178 3021 3230 ita
3087 3192 3363 3245 magnum,
3413 3176 3544 3228 nihil
3624 3177 3706 3228 ita

2123 3265 2276 3328 utile,
2315 3265 2450 3317 nihil
2491 3265 2563 3318 ita
2598 3265 2857 3318 eximium
2888 3265 3216 3318 continetur.
3247 3264 3400 3326 Nam,
3435 3276 3491 3317 ut
3519 3264 3699 3320 aiunt.

2122 3371 2375 3423 magnum
2431 3371 2625 3425 magna
2677 3356 2902 3419 decent,
2956 3370 3182 3426 parvum
3215 3370 3400 3424 parva.
3429 3354 3710 3420 Quamob-

2121 3462 2233 3501 rem
2296 3461 2405 3500 non
2459 3457 2767 3501 erraturum
2819 3457 2969 3514 puto,
3018 3449 3107 3516 qui
3153 3447 3385 3516 [tegulas
3426 3455 3702 3516 tauquam

2123 3539 2604 3608 przestantissimas
2660 3541 3112 3606 praestantissimo
3162 3541 3416 3608 scriptori
3469 3538 3701 3602 Basilio,

2121 3629 2559 3684 Constitutiones
2589 3645 2717 3683 vero
2743 3631 3075 3684 monasticas
3103 3638 3361 3700 tanquam
3391 3632 3705 3686 mediocres

2125 3720 2386 3774 mediocri
2420 3721 2594 3774 cuivis
2623 3721 2834 3774 auctori
2875 3723 3096 3776 tribuet.
3142 3722 3218 3775 Ac
3252 3739 3318 3775 uc
3342 3724 3466 3791 quis
3501 3723 3706 3777 existi-

2126 3819 2235 3864 met
2278 3809 2515 3880 [tegulas
2549 3811 2687 3865 falso
2715 3813 2820 3864 dici
2849 3813 3099 3874 eximias,
3140 3830 3240 3866 nec
3289 3816 3470 3867 verius
3507 3828 3708 3866 mona-

2126 3903 2294 3957 sticas
2351 3902 2784 3956 Constitutioues
2839 3902 2946 3956 dici
2997 3905 3321 3969 mediocres,
3378 3905 3706 3958 meminisse

2123 4006 2302 4060 Operm
2331 3992 2564 4061 pretium
2588 4002 2692 4053 est,
2727 3993 3061 4045 monasticas
3096 3991 3531 4045 Constitutiones
3567 4007 3713 4044 nus-

2123 4095 2287 4150 quam
2339 4081 2476 4148 apud
2531 4081 2786 4149 antiquos
2832 4090 2982 4134 certo
3015 4090 3066 4134 et
3102 4081 3478 4133 indubitanter
3517 4081 3706 4133 citari.

2127 4172 2268 4226 Sane
2307 4170 2536 4225 Ruﬁnus
2568 4181 2621 4226 et
2658 4173 2976 4234 Cassianus,
3013 4175 3103 4241 qui
3147 4170 3385 4234 [tegulas
3411 4173 3710 4239 perspicue

2125 4264 2436 4325 laudarunt,
2491 4280 2716 4333 prorsus
2749 4272 2929 4316 tamen
2970 4263 3035 4317 de
3082 4263 3576 4316 Consti‘tutiouilms
3626 4264 3708 4315 si-

2127 4357 2295 4410 luere.
2333 4359 2396 4408 lit
2433 4355 2578 4423 quod
2611 4356 2782 4423 niagis
2813 4355 3100 4415 mirabere,
3135 4352 3385 4416 Photius,
3413 4354 3502 4421 qui
3538 4359 3709 4406 cane-

2127 4447 2320 4517 roquin
2381 4457 2488 4500 tam
2557 4447 2777 4514 c0piose
2839 4445 2904 4498 de
2965 4445 3231 4499 Asceticis
3307 4447 3521 4499 locutus
3591 4454 3705 4506 est,

2129 4549 2306 4592 tamen
2337 4555 2404 4592 ne
2444 4553 2609 4591 unum
2636 4538 2852 4607 quidem
2883 4538 3104 4591 verbum
3131 4537 3197 4590 de
3231 4536 3704 4590 Constitutionum

2126 4630 2265 4682 libro
2291 4629 2517 4692 addidit,
2561 4629 2639 4682 sic
2672 4637 2731 4681 ut
2765 4628 2816 4680 id
2850 4644 2988 4698 Opus
3034 4637 3127 4681 aut
3159 4645 3266 4681 non
3316 4630 3555 4688 novisse.
3605 4639 3708 4681 aut

2127 4719 2276 4772 nullo
2327 4719 2449 4771 loco
2505 4718 2762 4772 habuisse
2817 4719 3084 4772 videatur.
3130 4717 3316 4787 Neque
3345 4734 3475 4772 vero
3511 4734 3709 4771 mona-

2127 4813 2294 4865 sticas
2326 4809 2760 4865 Constitutiones
2797 4811 2971 4880 magis
3026 4809 3166 4880 apud
3202 4811 3534 4864 recentiores
3590 4810 3712 4862 lau-

2127 4903 2284 4956 datas
2313 4903 2548 4964 invenio,
2583 4917 2706 4955 cum
2750 4901 2966 4972 [tegulae
3031 4913 3208 4956 tamen
3241 4919 3382 4972 sche
3442 4903 3705 4956 citentur.

2128 4993 2402 5057 Profecto,
2448 4995 2493 5047 si
2527 4994 2786 5060 theologi,
2819 4996 2864 5048 si
2895 4995 2985 5048 alii
3013 4995 3306 5064 scriptores
3343 4994 3708 5048 ecclesiastici

2129 5085 2331 5153 aliquid
2375 5084 2430 5136 in
2463 5084 2966 5139 Constitutionibus
3001 5086 3360 5144 invenissent,
3397 5083 3544 5153 quod
3595 5085 3663 5137 si:
3693 5084 3708 5136 i

2129 5173 2289 5225 alicui
2338 5175 2460 5226 usui
2495 5190 2616 5227 esse
2665 5174 2953 5242 potuisset,
3004 5189 3100 5228 eas
3147 5174 3341 5228 crebro
3391 5174 3706 5228 citassent:

2128 5264 2269 5332 quod
2297 5279 2420 5317 cum
2445 5281 2548 5317 non
2575 5263 2823 5323 fecerint,
2851 5265 2986 5319 satis
3015 5266 3363 5318 declararunt
3391 5264 3524 5318 nihil
3549 5264 3706 5332 ejus-

2127 5353 2272 5407 modi
2307 5356 2359 5406 in
2394 5354 2526 5423 ipsis
2574 5355 2866 5410 invenisse.
2896 5357 3097 5421 Quare,
3133 5365 3189 5409 ut
3231 5356 3364 5416 divi,
3407 5361 3708 5409 consenta-

2130 5463 2287 5500 neum
2339 5454 2421 5499 est
2491 5447 2710 5508 rationi,
2770 5446 3004 5516 [tegulas
3052 5448 3131 5500 uti
3183 5447 3429 5515 egregias
3496 5447 3704 5500 ascribi

2127 5536 2497 5589 eruditissimo
2547 5538 2798 5605 scriptori
2845 5537 3065 5601 Basilio,
3097 5537 3531 5592 Constitutiones
3572 5551 3709 5590 vero

2201 5758 2274 5828 (ὁ)
2313 5759 2446 5812 Cod.
2483 5776 2622 5825 exet,
2659 5776 2710 5830 p.
2744 5760 2868 5815 495.
