3972 6202
216 309 311 366 105

1646 294 2034 357 ΡίὶᾹὶιῗΑΤΙΟ.

3352 303 3454 360 106

218 428 292 482 uti
320 426 479 495 longe
506 422 794 478 inferiores
822 422 1033 477 homini
1088 434 1243 491 longe
1279 419 1553 473 inferioris
1585 419 1771 471 sortis.

1876 418 2002 488 γὰρ.
2034 419 2114 469 ὅτι
2143 420 2169 469 ὁ
2210 418 2499 488 πολύτιμος
2521 417 2861 488 μαργαρίτης
2898 417 3032 488 πρὸς
3066 417 3163 488 τὴν
3197 419 3452 487 ὁμοίωσιν

218 518 387 589 Magis
420 524 601 573 autem
632 529 696 567 ac
728 515 901 584 magis
942 515 997 567 in
1044 513 1147 567 hac
1202 526 1320 565 mea
1353 511 1618 566 sententia
1649 525 1782 562 con-

218 614 418 669 lirmor,
464 608 681 675 quoties
733 604 972 675 Regulas
1006 602 1410 672 Scripturarum
1458 600 1783 654 testimoniis

216 697 453 752 relerciri
492 698 694 766 cogito,
731 710 856 749 cum
911 701 1096 748 tamen
1147 691 1416 760 ejusmodi
1469 689 1782 744 testimonia

216 805 337 841 raro
388 789 442 840 in
488 785 809 841 monasticis
839 781 1335 838 Constitutionibus
1398 779 1778 833 adhibeantur.

214 881 353 949 Opus
382 880 527 933 enim
573 880 630 932 in
670 892 781 948 quo
818 877 1022 945 passim
1059 874 1351 943 Scriptura:
1381 872 1639 932 citantur,
1678 885 1778 922 au-

212 982 408 1026 ctorem
440 972 599 1025 decet
646 970 1054 1039 Scripturarum
1101 965 1511 1035 peritissimum,
1566 964 1779 1034 qualem

212 1064 467 1119 Basiliam
502 1062 700 1125 fuisse,
734 1061 781 1115 si
808 1075 915 1113 non
942 1074 1006 1113 ex
1040 1058 1387 1127 antiquorum
1425 1056 1777 1120 testimoniis,

209 1167 259 1208 at
285 1165 440 1209 certo
471 1164 657 1207 tamen
686 1169 755 1207 ex
789 1152 962 1222 ipsius
993 1150 1181 1205 Basilii
1216 1149 1536 1204 indubitatis
1560 1149 1780 1218 scriptis

210 1258 696 1313 cognosceremus:
731 1241 1196 1296 Constitutionum
1223 1256 1349 1293 vero
1370 1248 1645 1293 auctorem
1671 1239 1778 1293 dici

208 1352 299 1406 par
326 1346 409 1389 est
440 1336 723 1389 hominem
759 1334 873 1403 qui,
906 1342 1169 1402 quantum
1199 1348 1264 1386 ex
1304 1333 1423 1401 ejus
1452 1348 1615 1401 opere
1646 1347 1778 1384 con-

206 1429 292 1498 jici
340 1434 545 1497 potest,
604 1425 919 1496 Scripturas
977 1440 1084 1477 non
1137 1425 1209 1477 ita
1259 1425 1489 1476 multum
1535 1424 1776 1478 calleret.

212 1516 430 1570 Maxime
453 1530 675 1585 quoque
705 1515 771 1567 ad
793 1529 907 1566 rem
942 1511 1071 1565 facit
1100 1511 1245 1581 quod
1278 1512 1473 1580 legitur
1510 1511 1562 1564 iu
1593 1510 1778 1566 Basilii

212 1608 429 1677 epistola
461 1606 567 1660 ἳθῦ
607 1625 619 1659 :
654 1603 855 1657 Τούτου
891 1604 1051 1674 χάριν
1086 1602 1379 1654 ἀπέστειλα
1406 1601 1497 1654 τὸν
1538 1602 1779 1654 ποθεινὸ-

210 1717 354 1752 υτον
378 1698 538 1769 ἡμῶν
569 1696 818 1762 ἀδελφὸν,
860 1695 947 1746 ἵνα
982 1693 1076 1745 καὶ
1111 1693 1169 1745 τὸ
1209 1692 1485 1763 πρόθυμον
1508 1692 1772 1763 γνωρίσῃ,

1882 510 1980 578 τῆς
2010 510 2329 579 ἐπουρανίου
2365 510 2641 579 βασιλείας
2672 510 3059 579 παρείληπται,
3098 510 3163 579 ἣν
3196 510 3451 563 ἀδύνατον

1883 602 2013 669 ἡμῖν
2048 600 2449 670 προσγενέσθαι
2491 601 2518 652 ὁ
2554 599 2647 652 τοῦ
2678 600 2885 669 Κυρίου
2918 599 3152 651 δείκνυσι
3178 600 3350 666 λόγος,
3377 601 3451 672 μὴ

1882 690 2059 741 πάντα
2078 688 2211 759 ὁμοῦ
2233 690 2300 741 τὰ
2326 687 2595 759 προσόντα
2617 692 2768 759 ἡμῖν,
2786 689 2879 741 καὶ
2902 688 3148 753 πλοῦτον,
3168 689 3447 756 καὶδόξαν,

1882 781 1975 833 καὶ
1996 780 2171 848 γένος,
2202 781 2295 834 καὶ
2315 782 2434 834 εἴτι
2461 780 2586 835 ἄλλο
2613 782 2718 833 τῶν
2741 780 2952 843 πολλοῖς
2974 782 3451 852 περισπουδάστων

1883 872 2019 941 πρὸς
2046 872 2142 943 τὴν
2174 872 2515 943 ἀνταλλαγὴν
2547 873 2713 943 αὐτῆς
2750 874 3091 943 προεμένοις.
3124 872 3353 926 Planum
3374 884 3452 927 est

1880 963 2038 1028 enim,
2067 979 2280 1032 regnum
2309 963 2510 1017 caeleste
2547 978 2639 1030 per
2656 965 2940 1030 pretiosam
2973 965 3321 1033 margaritam
3354 964 3451 1016 ad-

1880 1051 2117 1105 umbrari
2141 1070 2157 1106 :
2185 1053 2321 1123 quod
2357 1070 2449 1107 nos
2484 1055 2693 1124 assequi
2723 1071 2823 1107 non
2851 1069 3002 1122 posse
3032 1053 3305 1107 declarant
3340 1054 3451 1107 Do-

1880 1146 2009 1197 mini
2039 1146 2212 1207 verba,
2250 1146 2352 1198 nisi
2384 1146 2559 1197 omnia
2593 1146 2752 1198 simul
2784 1162 2898 1214 qua:
2924 1146 3195 1209 habemus,
3231 1155 3279 1199 et
3315 1145 3448 1198 divid-

1883 1235 2008 1300 tias,
2036 1246 2084 1289 et
2113 1236 2363 1305 gloriam,
2393 1247 2440 1289 et
2466 1252 2647 1306 genus,
2678 1246 2727 1288 et
2753 1237 2799 1289 si
2828 1237 2953 1307 quid
2988 1235 3134 1289 aliud
3166 1247 3264 1299 est,
3298 1237 3449 1306 cujus

1878 1326 2057 1380 studio
2085 1327 2442 1398 desiderioque
2473 1327 2704 1396 plerique
2745 1337 3039 1393 teneantur,
3089 1342 3182 1394 pro
3216 1344 3275 1380 eo
3307 1343 3448 1379 com-

1877 1420 2117 1486 parando
2153 1422 2481 1474 deseramus.
2519 1420 2643 1474 Haec
2679 1419 2786 1473 nisi
2822 1419 3181 1488 explicentur,
3227 1426 3282 1472 ut
3314 1418 3449 1472 falsa

1880 1518 2028 1571 sunt,
2071 1512 2141 1564 ita
2187 1513 2410 1565 nimiam
2461 1514 2804 1567 severitatem
2851 1526 2961 1580 prae
2994 1526 3052 1566 se
3087 1509 3287 1573 lerunt,
3322 1525 3450 1563 cum

1876 1600 2035 1653 veudi
2062 1600 2244 1653 omnia
2274 1601 2339 1655 ad
2363 1602 2592 1657 salutem
2616 1601 3035 1672 comparandam
3064 1601 3197 1654 nihil
3222 1614 3449 1655 necesse

1882 1692 1969 1746 sit.
2009 1689 2119 1745 Nec
2155 1693 2339 1747 minus
2371 1708 2563 1763 aspere
2604 1694 2849 1764 loquitur
2887 1702 3080 1748 auctor
3127 1695 3181 1747 in
3224 1694 3448 1764 Regulis

210 1794 296 1844 καὶ
329 1759 629 1860 isiussi.»
668 1759 929 1857 δίεγείρῃ,
975 1788 1068 1839 καὶ
1108 1787 1169 1839 τὸ
1210 1759 1771 1854 ἀντιτείνονγφανερδν

1878 1786 2240 1849 brevioribus,
2274 1800 2505 1855 quarum
2546 1788 2843 1842 centesima
2880 1787 3054 1857 prima
3088 1789 3169 1842 sic
3204 1787 3396 1857 incipit
3428 1806 3441 1841 :

210 1884 331 1951 ἡμῖν
375 1883 721 1951 καταστήσῃ.
770 1878 947 1949 Πολλὴ
990 1879 1100 1948 γὰρ
1145 1876 1471 1949 ἡέπιθυμία
1506 1878 1600 1929 καὶ
1648 1878 1774 1931 ἰδεῖν

216 1973 349 2040 ὑμᾶς
382 1970 778 2039 συνηγμένους,
814 1969 908 2020 καὶ
941 1967 1170 2021 ἀκοῦσαι
1205 1968 1329 2039 περὶ
1363 1967 1514 2036 ὑμῶν
1542 1969 1623 2019 ὅτι
1656 1968 1775 2037 οὐχὶ

210 2061 295 2113 τὸν
323 2058 634 2129 ἀμάρτυρον
673 2058 924 2124 ἀγαπᾶτε
964 2056 1097 2125 βίον,
1133 2056 1265 2108 ἀλλὰ
1302 2057 1502 2126 μᾶλλον
1546 2057 1772 2109 καταδέ-

213 2150 361 2223 χεσθε
392 2149 615 2217 πάντες,
659 2151 751 2201 καὶ
793 2148 1031 2217 φύλακες
1062 2148 1161 2217 τῆς
1201 2148 1445 2219 ἀλλήλων
1487 2150 1775 2220 ἀκριϐείας

215 2241 359 2307 εἶναι,
391 2244 483 2295 καὶ
511 2243 790 2312 μάρτυρες
821 2240 927 2292 τῶν
960 2240 1422 2310 κατορθουμένων.
1469 2240 1623 2293 Οὕτω
1666 2241 1772 2311 γὰρ

217 2337 423 2397 ἕκαστος
443 2336 539 2386 καί
559 2334 650 2385 τὸν
676 2334 760 2401 ἐφ’
776 2332 953 2401 ἐαυτῷ
983 2332 1168 2401 μισθὸν
1191 2332 1392 2386 τέλειον
1416 2332 1769 2403 ἀπολήψεται,

221 2430 303 2480 καὶ
337 2428 422 2479 τὸν
467 2426 561 2478 ἐπὶ
603 2428 668 2495 τῇ
707 2424 800 2476 τοῦ
835 2423 1066 2492 ἁδελφοῦ
1114 2428 1384 2496 προκοπῇ,
1420 2426 1477 2477 ὃν
1510 2428 1601 2478 καὶ
1631 2424 1773 2495 λόγῳ

228 2522 306 2572 ni.
338 2517 477 2589 ἔργῳ
519 2516 857 2587 παρέχεσθαι
897 2518 1043 2586 ἡμᾶς
1087 2518 1336 2589 ἀλλήλοις
1379 2520 1663 2589 προσήκει,
1708 2518 1772 2571 ὲκ

238 2612 313 2680 τῆς
348 2612 600 2681 συνεχοῦς
637 2611 855 2681 ὁμιλίας
905 2612 998 2663 καὶ
1047 2611 1463 2682 παρακλήσεως.
1510 2611 1665 2664 Hanc
1709 2613 1771 2666 ob

228 2721 415 2758 causam
444 2704 961 2757 desideratissimam
998 2702 1217 2771 fratrem
1265 2713 1503 2757 nostrum
1539 2704 1679 2764 misi,
1716 2712 1771 2754 ut

224 2809 264 2849 et
297 2799 484 2850 alacres
529 2803 807 2867 agnoscat,
851 2805 897 2848 et
944 2787 1125 2848 tardos
1164 2796 1481 2855 exstimulet,
1535 2805 1584 2847 et
1626 2794 1772 2847 nobis

224 2889 390 2941 indicet
433 2888 776 2943 reluctantes.
822 2885 967 2939 Nam
1010 2888 1331 2941 vehementer
1360 2888 1512 2956 cupio
1554 2896 1662 2939 tum
1696 2888 1776 2940 vi—

221 2981 327 3034 dere
354 2998 435 3035 eos
467 2981 819 3042 coadanatas,
852 2990 961 3032 tum
992 2981 1087 3033 hoc
1118 2982 1180 3034 de
1210 2980 1348 3035 vobis
1389 2980 1594 3041 audire,
1636 2979 1773 3048 quod

1877 1875 1970 1939 Τὸ,
2008 1876 2191 1929 Παντὶ
2224 1874 2304 1940 τῷ
2332 1876 2597 1929 αἰτοῦντί
2624 1894 2697 1930 σε
2726 1877 2917 1941 δίδου,
2943 1878 3038 1929 καὶ
3070 1877 3175 1930 τὸν
3196 1876 3447 1931 θέλοντα

1875 1966 1989 2019 ἀπὸ
2015 1967 2129 2020 σοῦ
2150 1967 2537 2021 δανείσασθαι
2563 1968 2647 2037 μὴ
2672 1967 3083 2037 ἀποστραφῇς,
3116 1969 3301 2040 ὥσπερ
3330 1982 3447 2021 πει-

1878 2057 2087 2127 ρασμοῦ
2127 2057 2237 2128 ἔχει
2278 2060 2461 2121 τόπον,
2496 2060 2571 2123 ὡς
2607 2062 2639 2131 ὴ
2691 2060 2977 2113 ἀκολουθία
3018 2061 3125 2113 τῶν
3169 2058 3447 2131 συνημμέ-

1875 2166 1978 2202 νων
1999 2150 2255 2203 δείκνυσι.
2278 2153 2387 2203 Καὶ
2417 2153 2494 2214 εἰς
2524 2153 2793 2223 πονηρούς
2814 2154 2929 2205 ἐστι
2954 2151 3015 2204 τὸ
3041 2151 3446 2223 προστεταγμέ-

1874 2258 1984 2305 νον,
2012 2252 2119 2296 etc.
2156 2242 2322 2308 Illud,
2360 2262 2377 2291 ι
2408 2243 2566 2298 Omni
2600 2244 2791 2312 petenti
2822 2255 2868 2296 te
2900 2244 3088 2308 tribue,
3116 2254 3163 2297 et
3190 2243 3442 2297 volentem

1874 2351 1907 2387 a
1957 2342 2004 2387 te
2046 2344 2281 2387 mutuum
2335 2339 2566 2403 accipere
2612 2353 2673 2389 ne
2717 2337 2967 2389 averseris
3008 2337 3072 2400 ³³,
3128 2354 3146 2387 ι
3193 2346 3271 2389 est
3326 2335 3440 2388 loco

1872 2427 2026 2496 quasi
2058 2428 2383 2487 tentationis.
2419 2428 2855 2497 Quemadmodum
2889 2444 3092 2491 eorum,
3118 2444 3234 2498 qua:
3260 2429 3442 2495 proxi-

1874 2534 1954 2570 me
1983 2529 2289 2587 sequuntur,
2320 2521 2479 2573 series
2520 2520 2777 2572 declarat.
2823 2519 2988 2587 Atque
3030 2528 3338 2585 prwceptum
3374 2518 3443 2570 il-

1873 2609 1965 2662 lud
2001 2610 2184 2664 datum
2230 2622 2307 2665 est
2361 2613 2414 2665 in
2468 2612 2752 2679 improbos,
2801 2624 2907 2666 etc.
2962 2610 3025 2663 Et
3077 2611 3193 2665 haac
3227 2622 3444 2683 quoque

1872 2699 2212 2769 expositione
2240 2700 2505 2772 indigent.
2542 2701 2801 2771 Alioquin
2828 2700 2972 2755 enim
2998 2708 3318 2770 sequeretur
3343 2700 3447 2752 im-

1874 2790 2076 2859 probos
2102 2805 2224 2844 esse
2254 2805 2349 2845 eos
2380 2805 2594 2854 omnes,
2625 2792 2718 2860 qui
2750 2804 2850 2845 sua
2882 2790 3023 2843 bona
3051 2803 3159 2842 non
3185 2787 3445 2843 vendide—

1872 2890 2022 2944 runt,
2046 2881 2485 2952 quandoquidem
2519 2881 2897 2951 improborum
2924 2881 3144 2935 nomine
3172 2880 3262 2934 hic
3285 2879 3444 2934 intel-

1876 2963 2429 3044 liguntur'ejusmodi
2471 2973 2743 3037 homines,
2788 2972 2881 3042 qui
2931 2971 3281 3027 facultatibus
3327 2971 3444 3026 suis

220 3074 364 3125 ritum
389 3091 419 3125 a
454 3075 665 3127 testium
702 3082 979 3143 conspectu
1011 3084 1259 3126 remotam
1287 3090 1395 3126 non
1429 3071 1644 3133 amatis,
1683 3070 1771 3124 sed
1798 3089 1841 3149 ρ
1878 3082 1985 3120 non
2012 3067 2418 3121 renuntiarunt.
2452 3064 2629 3120 Verba
2655 3065 2842 3119 Graeca
2875 3064 3320 3135 interrogationis
3339 3063 3446 3117 235

217 3166 374 3234 potius
400 3167 590 3235 singuli
614 3165 773 3218 vultis
800 3175 848 3218 et
882 3175 1077 3218 mutuae
1103 3175 1284 3219 vestra:
1312 3164 1596 3234 diligentia:
1624 3172 1672 3217 et
1700 3180 1776 3217 re-

216 3274 324 3309 rum
354 3258 608 3326 praclare
646 3267 912 3328 gestarum
956 3266 1107 3309 testes
1144 3257 1279 3324 ﬁeri.
1326 3254 1411 3309 Ita
1442 3257 1581 3310 enim
1612 3271 1775 3308 unus-

214 3349 412 3418 quisque
440 3359 488 3402 et
510 3350 786 3418 propriam
808 3347 1092 3401 mercedem
1124 3350 1376 3417 integram
1408 3355 1771 3416 consequetur,

212 3450 259 3492 et
287 3457 413 3503 eam,
441 3456 558 3509 qua
580 3456 643 3492 ex
666 3440 853 3508 fratris
880 3453 1158 3508 progressu
1188 3438 1386 3491 accedit
1411 3454 1427 3489 :
1452 3454 1609 3505 quam
1640 3436 1774 3490 alter
1818 3504 1823 3511 ξ

211 3533 353 3585 alteri
379 3546 487 3586 tam
519 3534 690 3587 verbis
716 3550 874 3603 quam
905 3534 1059 3601 [actis
1085 3547 1148 3584 ex
1166 3531 1286 3601 jugi
1314 3547 1591 3600 congressu
1618 3540 1775 3595 atque

208 3625 554 3679 consolatione
599 3625 847 3677 debemus
895 3623 1197 3675 conciliare.
1241 3620 1343 3673 llic
1388 3620 1554 3688 igitur
1587 3618 1771 3672 Basilii

208 3714 349 3770 locus
373 3716 439 3769 ad
468 3731 588 3771 rem
620 3716 780 3769 valde
807 3716 1062 3784 pertinet.
1097 3712 1327 3768 Constat
1358 3714 1502 3766 enim
1535 3710 1770 3781 Regulas

205 3815 255 3858 et
285 3805 720 3861 Constitutioues
756 3806 811 3859 in
841 3821 908 3860 eo
937 3806 1171 3859 maxime
1201 3804 1343 3859 inter
1371 3819 1429 3857 se
1455 3803 1769 3867 dissentire,

207 3899 341 3967 quod
372 3900 428 3952 in
458 3898 549 3953 his
573 3899 1031 3952 anachoretarum
1062 3904 1237 3951 status
1269 3896 1548 3964 probetur,
1580 3894 1635 3947 in
1665 3894 1770 3947 illis

206 4004 327 4043 vero
358 4004 554 4044 eorum
591 3988 812 4043 vivendi
860 4004 1031 4058 genus
1076 3987 1274 4042 acriter
1315 3984 1766 4056 reprehendatur.

204 4078 375 4146 Quare
416 4097 547 4137 cum
592 4096 662 4135 ex
709 4096 795 4145 ea,
837 4095 1000 4149 quam
1043 4094 1203 4133 3.000
1233 4080 1418 4143 citavi,
1452 4076 1771 4147 epistolali-

206 4178 358 4240 queat
391 4185 501 4225 nor.
534 4171 830 4239 probatum
867 4170 1037 4225 fuisse
1073 4169 1278 4223 Basilio
1312 4170 1768 4223 anachoretarum

204 4260 411 4315 vivendi
446 4276 647 4331 genus,
678 4262 819 4315 ratio
851 4262 1061 4325 suadet,
1096 4270 1157 4315 ut.
1182 4260 1421 4331 Regulae,
1467 4259 1521 4312 in
1571 4259 1769 4329 quibus

207 4351 256 4403 id
289 4352 502 4405 vivendi
534 4367 709 4421 genus
747 4367 857 4405 non
888 4353 1173 4422 probatur,
1214 4352 1264 4406 ei
1295 4352 1624 4412 tribuantur,
1658 4366 1767 4404 non

208 4452 378 4496 autem
406 4416 864 4506 Constitutiones,
889 4416 955 4496 in
990 4444 1190 4512 quibus
1221 4444 1355 4497 illud
1387 4444 1510 4497 vita:
1542 4443 1767 4496 institu~
1802 4416 1845 4476 θ

211 4538 317 4583 tum
340 4546 569 4600 prorsus
599 4534 819 4602 probari
852 4534 1109 4589 vidimus.
1154 4534 1232 4588 Ita
1271 4535 1416 4589 enim
1449 4544 1502 4589 et
1535 4534 1771 4590 Basilius

214 4622 309 4675 sibi
338 4624 452 4693 ipse
497 4627 798 4689 constabit,
845 4637 901 4680 et
944 4625 1163 4697 Regulae
1208 4643 1332 4681 cum
1371 4626 1619 4696 ejusdem
1656 4628 1773 4696 epi-

217 4714 359 4768 stolis
386 4717 440 4770 in
475 4733 544 4772 eo
571 4718 938 4783 consentient,
978 4720 1123 4789 quod
1177 4721 1231 4772 in
1280 4720 1365 4774 his
1409 4734 1561 4789 teque
1605 4734 1669 4773 ac
1716 4719 1770 4773 in

220 4802 317 4857 illis
342 4809 793 4863 anachoretarum
824 4810 1036 4865 vivendi
1068 4810 1206 4865 ratio
1233 4812 1591 4880 improbetur.

281 4895 364 4948 il.
404 4896 554 4952 Satis
603 4899 823 4967 quidem
864 4916 929 4954 ex
977 4899 1140 4953 dictis
1182 4909 1396 4954 constat
1438 4901 1766 4969 Regularum

222 4996 482 5041 auctorem
535 5004 931 5057 nonnunquam
979 4988 1149 5042 videri
1192 4990 1355 5057 paulo
1387 4990 1718 5042 severiorem
1754 5003 1767 5039 :

225 5080 305 5133 sed
333 5088 533 5143 tamen,
581 5080 839 5149 quoniam
888 5082 963 5134 ita
1007 5081 1246 5149 expedit,
1282 5081 1401 5150 ejus
1446 5081 1521 5133 rei
1564 5082 1773 5149 aliquot

225 5172 447 5239 exempla
490 5186 689 5226 rursus
730 5171 832 5224 hoc
861 5172 981 5225 loco
1018 5171 1312 5241 proferam.
1346 5170 1483 5225 Cum
1514 5172 1680 5241 igitur
1715 5173 1769 5225 in

225 5263 507 5330 majoribus
535 5263 757 5332 Regillis
781 5266 1098 5332 protulisset
1124 5266 1257 5319 illud
1284 5265 1520 5319 Matthazi
1549 5286 1561 5319 :
1588 5264 1774 5319 Simile

224 5361 289 5403 est
324 5368 535 5423 regnum
582 5354 834 5407 caelorum
889 5356 1087 5409 homini
1142 5357 1473 5425 negotiatori,
1522 5358 1775 5425 qumrenti

226 5439 368 5495 bonas
400 5446 744 5513 margaritas,
776 5447 984 5499 inventa
1021 5456 1193 5499 autem
1222 5448 1455 5515 pretiosa
1484 5449 1776 5516 margarita

225 5532 337 5586 abiit
360 5534 426 5594 ",
455 5544 562 5590 etc.
634 5537 717 5591 sic
747 5537 1094 5608 persequitur
1127 5540 1262 5609 (reg.
1298 5538 1353 5601 8,
1389 5556 1443 5592 n.
1473 5539 1529 5607 2)
1557 5556 1572 5593 :
1605 5539 1774 5608 Δῆλον

284 5685 325 5718 ³⁸
358 5688 539 5745 Μειῑὴ.
577 5707 711 5757 xm,
746 5691 818 5745 45
851 5706 1001 5761 seqq.
1077 5692 1121 5723 ³³
1160 5691 1290 5748 Luc.
1327 5711 1416 5763 vr,
1451 5696 1539 5761 30,
1576 5696 1662 5751 29.

534 5784 815 5843 Ριτιιοι.
855 5782 970 5842 Gn.
1006 5784 1238 5844 XXXI.

1875 3163 2004 3211 sunt
2038 3156 2151 3209 haec
2187 3174 2200 3210 :
2248 3157 2340 3209 Ἐκ
2375 3155 2591 3209 πάντων
2622 3155 2731 3209 τῶν
2770 3156 3230 3227 κατορθωμάτων,
3265 3155 3359 3209 ἐὰν
3387 3155 3445 3208 ἓν

1873 3246 2031 3318 λείπῃ
2078 3247 2203 3309 τινὶ,
2252 3248 2299 3299 εἰ
2348 3245 2436 3299 διὰ
2476 3246 2633 3300 τοῦτο
2675 3247 2735 3299 οὐ
2777 3245 3041 3311 σώζεται;
3088 3245 3173 3299 Ex
3203 3246 3444 3299 omnibus

1874 3346 2009 3390 recte
2042 3337 2199 3405 [actis
2225 3340 2272 3391 si
2303 3338 2379 3391 vel
2425 3354 2586 3390 unum
2627 3336 2760 3393 desit
2790 3339 2971 3403 alicui,
3018 3354 3142 3391 num
3174 3348 3445 3405 propterea

1874 3428 2097 3483 salutem
2126 3446 2228 3482 non
2260 3432 2624 3499 consequitw.’
2658 3430 2756 3484 Cui
2789 3430 3074 3499 quaestioni
3108 3430 3447 3499 respondens

1875 3528 2086 3585 auctor,
2131 3522 2210 3576 sic
2254 3522 2475 3591 scripsit
2512 3541 2523 3575 :
2569 3523 2687 3575 Ἵνα
2732 3523 2789 3575 ὲν
2835 3523 2915 3574 ἐνὶ
2943 3524 3089 3592 μόνῳ
3134 3518 3257 3594 δόξῃ
3305 3534 3448 3591 παρ-

1874 3611 2111 3677 ακούειν,
2149 3616 2243 3667 καὶ
2270 3614 2426 3667 τοῦτο
2446 3613 2569 3666 οὔτε
2595 3612 2683 3667 διὰ
2710 3614 2883 3679 ὄκνον,
2907 3613 3028 3666 οὔτε
3052 3613 3137 3666 διὰ
3174 3608 3446 3685 καταφρό-

1873 3726 2050 3779 νησιν,
2081 3709 2214 3763 ἀλλὰ
2241 3711 2307 3763 δι’
2336 3711 2621 3765 εὐλάϐειαν
2644 3711 2735 3764 καὶ
2763 3711 2926 3781 τιμὴν
2945 3711 3042 3782 τὴν
3074 3712 3203 3781 περὶ
3226 3709 3317 3763 τὸν
3341 3709 3449 3763 Ku-

1875 3816 2008 3870 ριον,
2060 3801 2155 3853 ἐπὶ
2186 3802 2359 3871 τούτῳ
2396 3799 2541 3872 μόνῳ
2589 3802 2796 3865 ἀκούει,
2841 3800 2980 3854 Ἐὰν
3011 3800 3097 3870 μὴ
3147 3802 3305 3869 νίψω
3347 3816 3444 3865 σε,

1873 3894 1985 3946 οὐκ
2012 3894 2173 3961 ἔχεις
2191 3894 2373 3963 μέρος
2390 3896 2516 3962 μετ’
2540 3894 2706 3961 ἐμοῦ
2736 3893 2823 3945 ubi
2844 3891 3082 3963 (Petrus)
3106 3893 3156 3944 in
3185 3909 3286 3946 uno
3310 3891 3449 3945 dun-

1876 3991 2024 4033 taxat
2050 3983 2190 4035 visus
2213 3992 2290 4035 est
2318 3999 2418 4036 non
2443 3982 2670 4045 obedire,
2704 3992 2858 4051 atque
2884 3982 2979 4034 hoc
3009 3997 3166 4050 neque
3194 3979 3255 4034 ob
3276 3979 3447 4049 segni.

1877 4074 2021 4138 tiem,
2045 4090 2205 4144 neque
2238 4074 2301 4127 ob
2334 4084 2708 4141 contemptum,
2750 4072 2841 4127 sed
2871 4081 3080 4141 propter
3104 4072 3444 4123 reverentiam

1872 4176 1921 4219 et
1952 4166 2200 4219 honorem
2231 4165 2468 4229 Domini,
2496 4165 2557 4218 ob
2586 4166 2637 4217 id
2670 4165 2841 4219 solum
2870 4163 3039 4226 audit,
3074 4181 3091 4213 ι
3126 4161 3185 4216 Si
3221 4178 3325 4214 non
3360 4161 3444 4212 lae

1873 4277 1982 4314 vem
2015 4269 2081 4322 te,
2110 4276 2210 4313 non
2233 4259 2389 4313 habes
2418 4270 2621 4327 partem
2652 4274 2850 4311 mecum
2868 4257 2931 4309 ".
2970 4276 2987 4306 ι
3008 4254 3160 4321 Quod
3191 4254 3277 4307 hic
3309 4252 3447 4305 diein-

1874 4361 1983 4415 tur,
2023 4350 2158 4413 fore,
2192 4357 2250 4405 ut
2283 4350 2407 4418 quis
2436 4350 2665 4403 salutem
2702 4364 2810 4402 non
2849 4356 3238 4415 consequatur,
3284 4344 3329 4399 si
3359 4340 3443 4397 vel

1876 4458 2043 4497 unum
2088 4448 2234 4497 recte
2270 4440 2474 4494 factum
2514 4440 2782 4499 omiserit,
2812 4438 2888 4501 id,
2925 4437 3034 4492 nisi
3064 4437 3444 4505 interpretere,

1874 4535 1997 4605 plus
2020 4533 2170 4602 justo
2198 4546 2447 4585 severum
2471 4538 2575 4592 est,
2600 4538 2890 4600 potestque
2918 4528 2984 4582 ad
3008 4526 3445 4597 desperationem

1874 4626 2167 4680 adducere.
2193 4623 2437 4692 Rogatus
2462 4623 2719 4691 scriptor,
2750 4620 3025 4690 quomodo
3045 4633 3169 4673 cum
3194 4617 3261 4671 iis
3283 4630 3447 4683 agen-

1873 4716 2002 4770 dum
2053 4718 2144 4780 sit,
2202 4716 2296 4785 qui
2348 4715 2589 4771 devitant
2639 4713 2887 4782 graviora
2935 4716 3180 4777 peccata,
3229 4714 3447 4777 patrant

1873 4820 2002 4861 vero
2029 4807 2233 4861 leviora
2266 4804 2766 4867 indiscriminatim,
2798 4803 2871 4855 ita
2900 4799 3214 4869 respondet,
3244 4803 3303 4851 ut
3328 4811 3445 4849 oma

1879 4900 1968 4951 nia
2004 4906 2223 4967 peccata
2250 4896 2480 4965 aequalia
2509 4894 2718 4950 efﬁcere
2751 4893 3000 4947 videatur
3030 4908 3044 4943 :
3082 4887 3225 4959 quod
3257 4895 3313 4940 ut
3350 4885 3448 4940 fal-

1879 5006 2022 5053 sum,
2057 4989 2131 5043 ita
2163 5004 2417 5058 asperum
2464 5002 2585 5043 esse
2619 5001 2778 5040 nemo
2820 4983 3153 5039 dil'litebitur.
3193 4979 3322 5048 Ejus
3350 4993 3447 5032 au-

1881 5094 1985 5135 tem
2021 5082 2135 5136 haec
2168 5089 2295 5135 sunt.
2328 5080 2489 5133 verba
2526 5080 2659 5148 (reg.
2686 5077 2812 5137 265)
2846 5095 2858 5130 :
2889 5073 3106 5145 Πρῶτον
3133 5072 3230 5143 μὲν
3253 5071 3447 5122 εἰδέναι

1878 5173 2002 5243 χρὴ,
2020 5172 2101 5223 ὃτι
2122 5173 2177 5223 ὲν
2191 5174 2255 5241 τῇ
2281 5172 2452 5238 Καινῇ
2467 5168 2709 5239 Διαθήκῃ
2729 5165 2930 5235 ταύτην
2953 5162 3050 5234 τὴν
3065 5162 3324 5232 διαφορὰν
3348 5162 3449 5213 οὐκ

1874 5263 1987 5315 ἔστι
2022 5262 2230 5333 μαθεῖν.
2275 5261 2385 5314 Μία
2414 5262 2523 5331 γὰρ
2556 5261 2828 5327 ἀπόφασις
2857 5255 2997 5309 κατὰ
3028 5256 3241 5308 πάντων
3271 5255 3448 5323 ἁμαρ-

1873 5354 2135 5422 τημάτων
2178 5351 2489 5413 κείται,τοῦ
2523 5350 2727 5420 Κυρίου
2764 5346 3026 5409 εἰπόντος,
3062 5346 3142 5397 ὅτι
3185 5345 3234 5395 '0
3263 5340 3449 5394 ποιῶν

1874 5445 1988 5514 τὴν
2002 5444 2317 5515 ἁμαρτίαν,
2345 5440 2705 5507 δοῦλόςέστι
2738 5437 2848 5505 τῆς
2874 5439 3179 5507 ἁμαρτίας.
3205 5434 3448 5489 Primum

1874 5539 2084 5603 quidem
2116 5555 2268 5593 nosse
2296 5547 2495 5607 oportet
2526 5536 2661 5589 hanc
2687 5533 3040 5603 diﬂerentiam
3071 5527 3446 5600 (peccatorum)

1758 5690 1803 5725 “
1842 5693 1997 5749 Joan.
2037 5706 2165 5755 xm,
2199 5692 2251 5745 8.

3173 5778 3209 5831 Α
