3972 6202
514 338 616 397 ιο*

1952 317 2349 378 ΡΒΛΕΡΑΤΙΟ.

3652 325 3759 381 108

514 462 569 515 in
606 458 754 514 Nouo
789 455 1119 509 Testamento
1164 464 1265 502 non
1300 445 1534 516 reperiri.
1573 442 1689 496 Una
1730 455 1952 508 namque
1988 436 2084 488 lia-

2189 431 2261 502 τῷ
2296 433 2395 503 μὶν
2441 434 2711 499 ἀκουσίως
2758 435 2853 489 τοῦ
2906 437 3272 507 προσήκοντος
3321 436 3615 510 ἁμαρτόντι
3657 443 3761 496 κᾶν

517 554 665 607 betur
698 547 956 604 sententia
989 542 1238 598 adversus
1268 538 1511 611 quwlibet
1539 542 1775 605 peccata,
1817 548 1936 585 cum
1980 529 2085 583 Do-

517 647 691 699 minus
731 641 896 701 dicat,
946 655 964 687 ι
994 635 1097 703 Qui
1133 633 1262 703 facit
1292 641 1584 701 peccatum,
1626 641 1803 680 servus
1843 632 1918 676 est
1962 635 2083 690 pec-

518 738 624 790 cati
647 735 712 786 ".
751 754 768 784 ι
801 730 866 783 Et
916 725 1061 797 quod
1114 723 1398 778 molestius
1446 718 1740 781 videbitur,
1788 721 1979 768 auctor
2008 711 2084 764 ita

517 825 894 897 imprudenter
926 819 1216 889 scripsisse
1240 815 1387 869 credi
1414 812 1504 867 vix
1533 817 1735 881 potest,
1764 822 1887 862 eum
1918 805 1972 858 in
2004 817 2088 856 re-

504 895 643 991 gula
683 923 875 986 quarta
908 927 1018 967 non
1049 907 1333 964 dissimilia
1361 905 1474 974 jam
1502 902 1751 957 dixisset.
1782 899 1859 952 Ex
1884 895 2085 967 quibus

495 988 771 1065 -mnnibus
801 1004 982 1076 colligi
1030 1008 1206 1074 potest
1251 1006 1555 1059 auctorem,
1603 993 1708 1049 nisi
1758 991 1879 1060 ejus
1918 988 2086 1043 verba

499 1111 666 1158 trecte
697 1098 1089 1168 intelligantur,
1116 1091 1445 1149 severiorem
1471 1086 1642 1143 videri
1673 1084 1868 1139 merito
1900 1095 2081 1151 posse.

505 1194 699 1263 'Quare
724 1192 770 1247 si
802 1187 1038 1245 dillicilia
1078 1183 1323 1255 quaedam
1354 1179 1681 1250 Regularum
1713 1176 1832 1229 loca
1868 1175 2086 1227 incaute

515 1261 733 1357 legeris,
762 1281 920 1335 facile
945 1276 1160 1341 credas,
1186 1270 1501 1329 Combelisii
1534 1266 1804 1337 exemplo,
1837 1261 2085 1334 quemvis

515 1355 682 1434 alium
705 1375 887 1446 potius
908 1384 1095 1427 earum
1127 1376 1404 1422 auctorem
1430 1376 1576 1425 esse,
1597 1373 1760 1430 quam
1785 1355 2044 1410 Basilium
2068 1370 2082 1405 :

517 1465 612 1523 sed
651 1442 1002 1534 si—quispiam
1034 1453 1302 1525 ejusmodi
1334 1453 1576 1505 locorum
1610 1444 1939 1503 sententiam
1980 1442 2086 1495 rite

514 1568 570 1617 et
604 1564 882 1614 scrutatus
914 1550 1075 1606 fuerit
1110 1558 1164 1603 et
1201 1552 1508 1606 assecutus,
1542 1539 1680 1595 nihil
1710 1536 1959 1607 asperius
1993 1539 2086 1586 aint

515 1649 709 1705 durius
740 1646 797 1700 in
836 1643 972 1715 ipsis
1002 1638 1261 1699 inveniet,
1298 1634 1514 1703 sibique
1543 1630 1705 1702 plane
1736 1622 2086 1698 persuadebit

517 1739 861 1799 severitatem
887 1735 1033 1787 illam
1059 1731 1113 1784 in
1143 1728 1352 1783 nullum
1379 1726 1544 1779 alium
1568 1720 1741 1791 magis
1766 1717 2081 1779 convenire,

516 1898 642 2003 {ima
675 1922 893 1996 aliquod
938 1918 1231 1989 explanare
1273 1910 1378 1967 sibi
1414 1923 1523 1963 non
1549 1902 1949 2003 proposuisset,

515 1990 737 2093 quando
766 1990 1012 2069 vliberius
1065 2006 1419 2073 severiusque
1453 2000 1793 2067 loqueretur.
1842 1991 1977 2046 Nam
2028 1990 2083 2044 in

514 2083 681 2168 rebus
705 2106 769 2161 ad
802 2119 985 2160 ntores
1009 2094 1430 2171 pertinentibus,
1462 2100 1854 2156 nonnunquam
1879 2083 2081 2144 minus,

506 2212 578 2259 'ut
604 2203 676 2257 ita
702 2199 901 2257 dicam,
941 2189 1253 2247 attendebat
1282 2185 1349 2240 ad
1380 2184 1545 2240 verba
1585 2179 1787 2249 quibus
1814 2183 2081 2238 uteretur,

515 2307 679 2365 quam
713 2289 781 2344 ad
816 2283 1154 2341 audientium
1190 2279 1443 2340 salutem,
1493 2273 1561 2329 ad
1590 2287 1752 2341 quam
1786 2280 2081 2339 quemque,

514 2360 840 2457 quacunque
888 2377 1096 2432 ratione
1143 2379 1365 2443 posset,
1415 2365 1718 2438 perducere
1758 2360 2081 2417 conabatur.

513 2450 671 2531 ﬁunc
697 2489 727 2528 e
750 2450 937 2525 Basilii
975 2463 1316 2521 orationibus
1347 2458 1593 2530 exempla
1620 2456 1802 2526 aliqua
1830 2450 2083 2515 subdam,

513 2577 576 2623 ut
609 2580 735 2621 cum
767 2563 856 2626 iis,
892 2574 1015 2631 quae
1060 2556 1243 2619 retuli,
1302 2552 1631 2624 [tegularum
1680 2547 1816 2602 locis
1870 2543 2085 2615 possint

513 2655 842 2729 comparari.
867 2651 1100 2707 Basilius
1122 2649 1287 2719 igitur
1303 2661 1367 2700 cu
1378 2662 1425 2698 m
1449 2642 1581 2697 illud
1600 2641 1781 2703 Lucae,
1800 2636 2085 2692 Destruam

514 2726 702 2807 horrea
728 2763 864 2810 mea,
890 2753 938 2799 et
971 2743 1178 2812 majora
1204 2735 1498 2808 cediﬁcabo,
1531 2733 1870 2803 cxplanaret,
1900 2729 1975 2782 ita
2007 2726 2087 2781 lo-

515 2852 679 2900 cutus
707 2847 791 2895 est
824 2838 977 2909 (tom.
1019 2833 1082 2896 Il,
1120 2849 1174 2903 p.
1202 2831 1290 2901 50)
1319 2847 1333 2882 :
1366 2827 1461 2891 Τίς
1490 2829 1637 2879 ἐστιν
1665 2825 1693 2877 ὁ
1723 2820 2082 2891 πλεονέκτης;

528 2936 588 2992 '0
621 2935 696 3007 μὴ
726 2931 978 3005 ἐμμένων
1008 2932 1072 3000 τῇ
1104 2922 1422 2996 αὐταρκείᾳ.
1452 2920 1582 2988 Quis
1619 2934 1808 2972 avarus
1841 2918 1959 2971 est?
1983 2913 2087 2980 Qui

518 3005 673 3085 rebus
703 3041 819 3097 qua:
847 3022 979 3077 satis
1010 3028 1152 3083 sunt,
1199 3022 1469 3071 contentus
1517 3029 1619 3066 non
1662 3019 1759 3063 est.
1807 3005 1964 3073 Quod
2012 3005 2086 3059 ita

2188 526 2483 599 συγγνώμη
2511 545 2597 591 τις
2631 528 2761 591 ἴσως
2793 528 2944 599 παρὰ
2980 527 3075 581 τοῦ
3116 527 3249 581 Θεοῦ
3298 529 3525 596 γένοιτο·
3577 531 3657 603 τῷ
3704 533 3765 589 δι

2184 615 2495 689 ἐξεπίτηδες
2519 618 2585 671 τὰ
2614 621 2783 692 χείρω
2812 618 3157 691 προελομένῳ
3178 620 3400 692 οὐδεμία
3431 623 3763 696 παραίτησις

2183 708 2245 761 τὸ
2269 707 2343 779 μὴ
2363 708 2482 780 οὐχὶ
2502 709 2898 764 πολλαπλασίω
2914 711 3009 783 τὴν
3032 712 3252 766 κόλασιν
3282 713 3554 784 ὑποσχεῖν.
3585 714 3764 769 Enim-

2187 817 2305 854 uero
2330 803 2419 870 qui
2445 818 2478 854 a
2512 813 2648 855 recto
2677 802 2965 873 decoroque
2996 821 3099 859 non
3141 807 3437 860 uoluntarie
3469 807 3763 876 aberrarit,

2186 893 2324 962 forte
2346 897 2551 948 veniam
2576 895 2811 967 aliquam
2837 897 3086 952 obtinebit
3110 916 3142 952 a
3170 899 3277 954 Deo
3305 917 3323 953 :
3343 902 3432 970 qui
3457 917 3573 955 vero
3596 903 3765 971 fuerit

2186 988 2428 1040 consulto
2481 987 2625 1041 mala
2678 988 2973 1057 amplexus,
3034 992 3440 1060 implacabiliter
3499 994 3766 1064 supplicia

2188 1077 2336 1145 longe
2362 1076 2568 1146 majora
2593 1078 2837 1147 perferet.
2874 1079 2998 1135 Haec
3030 1082 3123 1151 qui
3154 1082 3350 1152 legent,
3384 1083 3472 1146 iis,
3510 1085 3619 1138 nisi
3662 1100 3765 1139 ca-

2185 1177 2366 1233 veant,
2412 1169 2571 1223 facile
2618 1171 2674 1224 in
2726 1180 2960 1227 mentem
2994 1174 3195 1236 veniet,
3245 1174 3438 1228 horum
3463 1177 3765 1231 verborum

2184 1259 2327 1315 hanc
2353 1276 2475 1317 esse
2504 1263 2854 1326 sententiam,
2885 1265 2978 1335 qui
3007 1281 3118 1320 non
3148 1266 3455 1322 voluntarie
3488 1283 3766 1339 peccave-

2186 1354 2278 1421 rit,
2333 1369 2454 1408 eum
2503 1355 2740 1412 fortasse
2777 1359 2990 1411 veniam
3028 1366 3488 1427 consecuturum;
3537 1361 3632 1430 qui
3660 1375 3767 1414 au-

2187 1452 2295 1499 tem
2336 1447 2588 1501 consulto
2628 1456 2681 1503 et
2727 1448 3052 1512 voluntarie,
3099 1450 3235 1504 nihil
3262 1451 3312 1506 ei
3342 1451 3458 1520 spei
3492 1452 3762 1520 relinqui,

2185 1538 2280 1592 sed
2313 1554 2525 1594 omnem
2553 1542 2883 1611 ρωηὶιειιιίθε
2921 1544 3098 1597 locum
3130 1558 3355 1613 prorsus
3376 1544 3535 1598 adimi
3564 1563 3577 1599 :
3610 1543 3767 1615 quod

2185 1641 2295 1681 non
2330 1628 2492 1682 modo
2521 1631 2644 1699 plus
2664 1645 2819 1701 aequo
2848 1647 3096 1688 severum
3128 1640 3231 1698 est,
3273 1632 3369 1688 sed
3395 1634 3613 1698 falsum,
3643 1645 3703 1687 et
3732 1649 3767 1686 τι

2187 1717 2373 1774 Basilii
2404 1729 2583 1776 mente
2622 1724 3070 1778 remotissimum.
3107 1723 3306 1780 Eodem
3348 1726 3444 1779 illo
3475 1741 3541 1780 ex
3570 1726 3768 1781 libello

2185 1827 2380 1869 rursus
2431 1829 2604 1884 pauca
2655 1815 2964 1884 subjiciam.
3014 1813 3155 1870 Sunt
3201 1824 3384 1871 autem
3439 1817 3766 1887 hujusmodi

2187 1902 2367 1974 (ibid.)
2395 1923 2408 1959 :
2439 1906 2600 1959 Ὥστε
2625 1906 3004 1978 καλλωπιστήν
3052 1902 3188 1960 εἶναι
3230 1907 3324 1960 καὶ
3370 1908 3764 1978 ὀνομάζεσθαι,

2184 1996 2384 2066 ὁμοίως
2422 2000 2645 2071 αἰσχρὸν
2681 2002 2932 2072 ἡγεῖσθαί
2967 2021 3109 2074 φημι
3147 2004 3256 2058 δεῖν
3289 2005 3415 2067 τοὺς
3459 2005 3764 2070 τοιούτους,

2183 2087 2257 2152 ὡς
2305 2088 2365 2142 τὸ
2409 2092 2664 2164 ἑταιρεῖν,
2706 2095 2739 2165 ἢ
2784 2094 3083 2167 ἀλλοτρίοις
3121 2097 3319 2165 γάμοις
3363 2095 3763 2151 ἐπιϐουλεύειν.

2187 2179 2365 2245 Quare
2394 2183 2750 2238 cincinnatum
2772 2202 2882 2241 esse
2915 2197 2962 2240 et
2987 2187 3264 2257 appellari,
3289 2205 3431 2259 wque
3458 2198 3605 2256 turpe
3634 2204 3767 2242 cen-

2184 2272 2401 2326 sendum
2435 2274 2550 2328 dico
2582 2286 2735 2346 atque
2782 2282 3027 2339 scortari,
3061 2291 3151 2334 aut
3183 2281 3370 2335 alienis
3403 2281 3600 2350 nuptiis
3629 2281 3770 2336 insi-

2184 2362 2328 2419 diari
2367 2364 2550 2432 Certe,
2579 2383 2702 2422 cum
2731 2369 2804 2424 ita
2834 2371 3051 2427 loeutus
3067 2380 3150 2428 est
3171 2372 3428 2436 Basilius,
3461 2389 3574 2428 rem
3594 2387 3766 2443 exag-

2183 2469 2407 2525 gerasse
2439 2456 2547 2512 dici
2594 2460 2791 2516 merito
2845 2471 3041 2532 potest.
3089 2462 3225 2518 Nam
3258 2466 3402 2519 aliud
3442 2467 3615 2521 multo
3652 2475 3766 2532 est,

2185 2548 2558 2604 cincinnatum
2589 2567 2715 2607 esse
2757 2556 3150 2626 appellarique,
3200 2566 3255 2611 et
3308 2558 3456 2611 aliud
3495 2558 3765 2622 scortari,

2186 2648 2279 2693 aut
2327 2641 2521 2699 alienis
2554 2645 2762 2714 nuptiis
2814 2646 3086 2702 insidiari.
3142 2647 3222 2703 Ex
3273 2650 3472 2719 quibus
3505 2651 3768 2705 omnibus

2187 2730 2357 2801 liquet
2412 2731 2693 2802 Basilium,
2744 2750 2869 2790 cum
2927 2738 3231 2793 animarum
3287 2741 3435 2795 salus
3484 2752 3767 2810 ageretur,

2186 2827 2424 2881 naturali
2455 2829 2691 2898 quodam
2724 2830 2925 2901 impetu
2956 2833 3115 2902 quasi
3149 2833 3456 2903 abreptum,
3492 2849 3617 2888 raro
3641 2833 3770 2902 qui-

2186 2916 2330 2982 dem,
2367 2919 2462 2974 sed
2498 2934 2889 2992 nonnunquam
2925 2931 3103 2978 tamen
3139 2924 3319 2993 aliqua
3353 2923 3576 2985 dixisse,
3616 2939 3765 2994 quae,

2187 3010 2295 3065 nisi
2329 3013 2694 3081 explicentur,
2725 3015 3002 3070 severiora
3030 3024 3122 3068 aut
3148 3023 3296 3079 sunt,
3321 3025 3414 3070 aut
3440 3016 3610 3070 videri
3639 3029 3772 3085 pos-

519 3118 760 3177 breviter
782 3131 844 3171 ac
865 3112 1182 3183 simpliciter
1202 3109 1408 3163 dictum
1433 3109 1714 3177 perterrel.
1748 3099 1904 3165 Nam,
1937 3099 1984 3154 Si
2012 3098 2085 3151 ila
2112 3101 2156 3158 C
2189 3114 2339 3159 sunt.
2370 3104 2557 3177 Itaque
2595 3107 2846 3177 quisquis
2880 3110 3149 3164 rationem
3181 3110 3337 3179 sequi
3370 3109 3622 3175 voluerit,
3656 3106 3772 3163 lle-

518 3220 625 3274 est,
656 3210 818 3282 pauci
846 3211 1029 3268 erunt,
1064 3202 1159 3273 qui
1189 3200 1337 3255 avari
1361 3213 1471 3253 non
1503 3197 1631 3254 sint.
1659 3194 1843 3264 Longe
1866 3191 2087 3262 gravius

521 3313 608 3359 est
648 3299 794 3371 quod
824 3295 1094 3367 sequitur.
1127 3292 1263 3348 Cum
1305 3290 1450 3346 enim
1490 3285 1724 3342 Basilius
1766 3285 1821 3338 in
1854 3285 2088 3354 quadam

519 3393 771 3451 oratione
808 3403 1112 3446 sermonem
1139 3383 1464 3439 instituisset
1497 3381 1563 3437 de
1609 3396 1674 3436 eo
1722 3377 2086 3438 adolescente,

521 3485 633 3547 cui,
656 3490 717 3538 ut
737 3489 823 3537 est
843 3477 984 3549 apud
1010 3476 1343 3539 Matthaaum,
1364 3473 1627 3528 Dominus
1647 3470 1891 3526 dixerat:
1919 3468 2090 3523 Vende

516 3590 638 3649 qua:
664 3570 844 3638 habes,
868 3577 919 3624 et
960 3573 1030 3621 da
1057 3566 1372 3638 pauperibus
1394 3564 1485 3628 δ”,
1516 3572 1629 3617 tum
1658 3560 1875 3616 detnum
1911 3560 2088 3630 ipsum

522 3670 600 3724 ita
627 3665 928 3735 alloquitur
957 3659 1111 3733 (tom.
1145 3658 1214 3724 ll,
1243 3674 1299 3729 p.
1332 3656 1423 3728 5|)
1455 3675 1467 3711 :
1500 3655 1564 3708 Et
1595 3653 1704 3727 γὰρ
1739 3653 1839 3706 οὐκ
1870 3651 2092 3721 ἐφόνευ-

516 3776 645 3825 σας,
668 3757 745 3821 ὡς
774 3756 837 3809 σὺ
859 3754 988 3826 φὴς,
1014 3749 1136 3805 οὔτε
1161 3749 1503 3821 ἐμοίχευσας,
1534 3744 1658 3799 οὔτε
1689 3741 1942 3813 ἔκλεψας,
1965 3739 2090 3794 οὔτε

521 3844 1014 3920 κατεμαρτύρησάς
1044 3859 1190 3904 τινος
1238 3838 1544 3912 μαρτυρίαν
1589 3837 1781 3907 ψευδῆ,
1835 3835 2092 3906 ἀνόνητον

522 3937 734 4009 σεαυτῷ
762 3938 934 4000 ποιεῖς
959 3935 1055 4006 τὴν
1090 3933 1216 4004 περὶ
1248 3931 1422 3985 ταῦτα
1454 3929 1706 4001 σπουδὴν,
1747 3928 1821 4000 μὴ
1863 3944 2088 4000 προστι-

518 4030 637 4094 θεὶς
667 4028 730 4082 τδ
757 4028 962 4092 λεῖπον,
1001 4025 1065 4078 δι’
1091 4019 1151 4080 οὖ
1179 4023 1337 4093 μόνου
1361 4022 1566 4093 δυνήσῃ
1596 4019 1855 4073 εἰσελθεῖν
1884 4020 1965 4081 εἰς
1990 4017 2088 4089 τὴν

518 4120 800 4194 βασιλείαν
832 4119 927 4172 τοῦ
953 4118 1109 4173 Θεοῦ.
1143 4116 1373 4180 Etenim,
1400 4116 1445 4169 si
1473 4131 1578 4169 non
1607 4112 1869 4177 occidisti,
1892 4121 1950 4164 ut
1983 4111 2088 4174 ais,

519 4230 685 4285 neque
712 4211 1032 4267 adulterium
1053 4209 1388 4272 commisisti,
1412 4223 1572 4277 neque
1600 4206 1811 4276 furatus
1833 4222 1909 4269 es,
1931 4218 2092 4275 neque

516 4315 711 4364 contra
739 4307 1030 4375 quempiam
1059 4302 1255 4371 falsum
1285 4299 1638 4355 testimonium
1660 4297 1882 4351 dixisti:
1907 4297 2094 4351 nihilo-

519 4398 696 4454 minus
734 4406 908 4450 tamen
951 4392 1243 4447 adhibitam
1285 4390 1343 4444 in
1374 4390 1455 4445 his
1496 4388 1711 4460 agendis
1760 4387 2090 4458 diligentiam
2120 4430 2165 4490 Β

523 4490 620 4546 tibi
660 4489 1046 4559 infructuosam
1091 4485 1267 4553 eﬂicis,
1306 4483 1396 4553 qui
1423 4482 1558 4554 quod
1593 4480 1847 4551 reliquum
1880 4489 2091 4534 estnon

522 4580 773 4653 adjicias,
797 4594 898 4649 quo
927 4576 1040 4632 solo
1072 4577 1243 4644 possis
1288 4576 1343 4628 in
1383 4573 1479 4628 Dei
1516 4589 1729 4644 regnum
1767 4571 1986 4643 ingredi.
2023 4570 2090 4626 Et

517 4686 651 4730 vero
680 4669 932 4742 quisquis
972 4667 1128 4722 audit
1166 4665 1344 4721 illud:
1382 4664 1742 4719 Nihilominus
1783 4675 1956 4719 tamen
1992 4665 2093 4718 ad-

521 4763 745 4818 hibitam
776 4762 830 4816 in
867 4760 949 4814 his
989 4757 1321 4829 diligentiam
1361 4757 1456 4811 tibi
1493 4756 1883 4825 infructuosam
1910 4758 2090 4827 efﬁcis,

519 4854 611 4926 qui
642 4852 780 4922 quod
810 4849 1066 4921 reliquum
1095 4858 1170 4903 est
1201 4865 1303 4902 non
1335 4847 1579 4918 adjicias,
1624 4864 1725 4917 quo
1766 4848 1880 4903 solo
1920 4852 2091 4917 possis

520 4946 580 5000 in
605 4943 696 4999 Dei
719 4958 935 5015 regnum
960 4939 1187 5011 ingredi,
1218 4940 1424 5006 statim,
1455 4939 1561 4994 nisi
1585 4941 1846 4995 attentior
1870 4944 1961 5005 sit,
1987 4943 2091 4997 sibi

523 5038 581 5093 in
613 5037 854 5092 animum
898 5033 1112 5090 inducit
1158 5031 1418 5087 Basilium
1465 5031 1570 5086 hoc
1611 5033 1794 5087 dicere
1828 5034 2089 5102 voluisse,

523 5125 646 5182 ﬁeri
680 5139 790 5180 non
820 5139 1003 5195 posse,
1032 5130 1092 5176 ut
1127 5122 1253 5193 quis
1277 5121 1330 5175 in
1359 5136 1585 5192 regnum
1616 5124 1881 5177 caelorum
1910 5125 2092 5196 ingre-

524 5216 729 5281 diatur,
759 5214 868 5270 nisi
915 5213 1103 5269 fecerit
1141 5212 1287 5283 quod
1328 5211 1456 5266 huic
1500 5211 1837 5268 adolescenti
1879 5215 2089 5280 deerat,

524 5310 632 5365 hoc
647 5313 753 5369 est,
777 5304 885 5360 nisi
912 5304 1096 5360 omnia
1126 5299 1226 5359 sua
1251 5301 1576 5368 vendiderit,
1609 5303 1930 5376 dcderitque
1959 5321 2093 5376 pau-

524 5397 751 5472 peribus
786 5416 800 5451 :
833 5395 978 5467 quod
1010 5396 1178 5451 nimis
1211 5403 1490 5451 austerum
1513 5410 1636 5451 esse
1663 5397 1849 5452 vident
1879 5413 2090 5454 omnes.

525 5489 736 5546 Addam
766 5488 947 5543 locum
983 5486 1275 5557 quemdam
1309 5501 1341 5543 e
1374 5500 1627 5542 sermone
1654 5486 1732 5541 De
1758 5487 1987 5558 legendis
2022 5490 2092 5543 li-

526 5581 633 5634 bris
661 5578 935 5653 gentilium
965 5576 1118 5647 (tom.
1140 5572 1208 5641 ll,
1238 5592 1291 5647 p.
1326 5575 1476 5647 181),
1506 5576 1600 5632 ubi
1630 5576 1704 5632 ita
1735 5577 1932 5651 legitur
1957 5598 1971 5638 :
2007 5580 2095 5645 Ὠς

591 5737 636 5772 ³⁸
671 5735 830 5795 Joan.
861 5750 993 5807 vui,
1026 5732 1115 5791 54.
1190 5732 1257 5766 "‘
1293 5733 1479 5792 Matth.
1516 5748 1628 5804 nx,
1674 5735 1763 5791 2!.

2188 3199 2343 3267 gulas
2373 3199 2554 3267 potius
2594 3198 2798 3255 Basilio
2844 3202 3069 3265 tribuet,
3113 3217 3349 3269 quarum
3394 3203 3451 3254 in
3482 3201 3771 3257 nonnullis

2188 3288 2362 3358 major
2390 3291 2635 3359 quaedam
2665 3293 2930 3348 severitas
2958 3301 3201 3363 apparet,
3233 3309 3395 3364 quam
3427 3294 3772 3350 monasticas

2187 3381 2645 3450 Constitutiones,
2692 3385 2748 3439 in
2788 3386 2992 3456 quibus
3031 3388 3302 3456 ejusmodi
3344 3387 3655 3442 severitatis
3694 3403 3772 3443 ne

2190 3475 2476 3543 vestigium
2515 3477 2734 3544 quidem
2766 3480 2935 3534 ullum
2968 3489 3169 3537 exstat.
3202 3481 3278 3535 Ita
3306 3482 3451 3535 enim
3485 3481 3773 3536 constabit

2189 3562 2474 3630 Basilium,
2508 3580 2631 3620 cum
2661 3566 2728 3623 de
2748 3569 2996 3624 moribus
3020 3585 3328 3625 sermonem
3356 3569 3596 3631 haberet,
3625 3584 3774 3624 sem-

2190 3672 2287 3726 per
2316 3658 2401 3712 sui
2448 3658 2682 3714 similem
2717 3659 2886 3716 fuisse
2918 3680 2931 3715 :
2961 3662 3053 3730 qui
3094 3663 3302 3717 scilicet
3337 3661 3539 3731 ubique
3571 3661 3772 3718 tamin

2192 3748 2415 3820 Regulis
2456 3766 2618 3821 quam
2686 3752 2743 3806 in
2784 3753 2906 3807 aliis
2950 3754 3066 3809 suis
3115 3755 3335 3824 scriptis
3369 3768 3773 3824 nonnunquam

2192 3856 2252 3897 se
2278 3843 2441 3912 paulo
2472 3844 2800 3899 severiorem
2832 3846 3157 3901 ostenderit.
3193 3845 3379 3917 Neque
3417 3856 3599 3901 tamen
3634 3860 3775 3916 pro-

2191 3942 2378 4004 pterea
2409 3935 2592 3990 statim
2624 3936 3103 4006 reprehendendus
3125 3947 3208 3992 est
3233 3938 3316 3990 vir
3342 3952 3609 4001 sunnnus,
3638 3951 3772 3991 cum

2191 4027 2311 4097 ejus
2360 4031 2524 4083 verba
2570 4031 2802 4100 quilibet
2850 4032 3239 4101 paulummodo
3292 4032 3663 4102 perspicacior
3707 4029 3773 4086 in

2190 4120 2387 4187 bonam
2423 4134 2630 4193 partem
2661 4124 3007 4194 interpretari
3036 4123 3192 4179 facile
3226 4124 3419 4195 possit.

2261 4214 2351 4269 42.
2393 4214 2546 4281 Quod
2585 4216 2697 4286 jam
2728 4219 2923 4271 attinet
2957 4216 3024 4271 ad
3063 4219 3234 4286 ipsam
3271 4215 3549 4271 scribendi
3590 4215 3772 4271 ratio-

2193 4321 2338 4371 nem,
2374 4307 2610 4378 ingenue
2638 4307 2852 4363 fatebor
2890 4308 3143 4381 Regulas,
3190 4309 3234 4364 si
3281 4306 3591 4378 eloquentia
3642 4321 3774 4375 spe-

2194 4408 2394 4465 ctetur,
2424 4416 2456 4454 ιι
2483 4401 2698 4456 caeteris
2728 4401 2911 4456 Basilii
2944 4403 3201 4471 operibus
3234 4400 3486 4455 nonnihil
3515 4397 3769 4453 ditl‘erre:

2197 4493 2291 4549 sed
2322 4493 2436 4547 haec
2470 4492 2786 4558 diversitas,
2810 4509 2933 4549 cum
2965 4495 3043 4549 rei
3067 4499 3443 4562 argumentum
3473 4492 3547 4545 ita
3577 4497 3773 4560 postu-

2196 4584 2355 4649 laret,
2391 4585 2662 4639 neminem
2686 4600 2902 4640 movere
2931 4585 3110 4639 debet.
3149 4582 3265 4636 Non
3293 4582 3437 4636 enim
3463 4580 3693 4634 decebat
3712 4578 3776 4633 in

2196 4679 2519 4734 monasticis
2544 4677 2768 4749 Regulis
2793 4677 3208 4735 conscribendis
3240 4677 3317 4730 uti
3348 4673 3625 4747 grandiori
3654 4681 3778 4744 sty-

2197 4769 2270 4836 ιο,
2307 4769 2400 4824 sed
2427 4769 2782 4839 simpliciore,
2816 4770 3018 4839 quique
3047 4769 3116 4823 ad
3145 4782 3251 4829 res,
3298 4781 3418 4836 quae
3459 4773 3774 4819 tractaren—

2158 4936 2163 4941 ἡ
2196 4867 2307 4923 tur,
2339 4861 2517 4929 aptior
2555 4868 2700 4915 esset
2734 4867 2897 4929 atque
2935 4858 3414 4914 accommodatior.
3458 4855 3570 4926 Ego
3601 4855 3776 4938 igitur

2197 4948 2455 5020 Regulus,
2488 4951 2533 5005 si
2565 4965 2688 5005 cum
2719 4950 2948 5019 reliquis
2973 4950 3157 5004 Basilii
3193 4948 3413 5016 scriptis
3443 4960 3776 5015 comparen-

2196 5049 2306 5105 tur,
2338 5042 2517 5097 minus
2543 5042 2818 5111 elegantes
2838 5055 2961 5095 esse
2993 5054 3099 5093 non
3128 5054 3265 5109 nego
3289 5038 3503 5108 quidem
3527 5056 3538 5090 :
3559 5034 3654 5091 sed
3686 5044 3775 5089 ta-

2198 5149 2321 5189 men
2355 5132 2623 5188 contendo
2651 5135 2799 5202 ipsas
2831 5148 2942 5187 non
2991 5132 3245 5202 indignas
3295 5147 3436 5194 esse,
3484 5144 3605 5199 quae
3647 5129 3771 5182 elo-

2197 5223 2560 5293 quentissimo
2604 5222 2859 5292 scriptori
2897 5236 2961 5275 ac
2994 5220 3392 5275 facundissimo
3431 5220 3769 5272 tribuantur.

2196 5311 2262 5366 Et
2284 5328 2413 5368 vero
2432 5310 2564 5382 quid
2598 5312 2655 5366 in
2683 5309 3012 5381 Begularum
3037 5311 3180 5382 stylo
3202 5310 3286 5364 vel
3318 5309 3552 5362 morosis
3573 5307 3777 5377 displi-

2195 5420 2320 5460 cere
2356 5404 2552 5474 possit,
2595 5419 2706 5458 non
2736 5402 2913 5458 video.
2958 5400 3103 5456 Fluit
3136 5403 3341 5471 ubique
3382 5402 3561 5455 oratio
3597 5398 3774 5452 libere

2197 5509 2261 5548 ac
2294 5495 2553 5549 suaviter.
2595 5491 2666 5547 Ut
2707 5492 3001 5547 verborum
3054 5491 3390 5546 abundantia
3439 5490 3773 5560 scriptorem

2196 5583 2640 5655 copiosissimum
2690 5580 2863 5639 fuisse
2913 5589 3100 5652 aperte
3145 5576 3411 5645 ostendit,
3450 5578 3525 5631 ita
3575 5585 3774 5631 eorum
