3972 6202
199 270 296 324 109

1642 267 2029 328 ΡΒΑΞΡΑΤΙΟ.

3350 265 3453 323 MO

199 382 435 438 delectus
480 385 934 456 constructioque
991 385 1248 440 dubitare
1298 401 1405 440 non
1457 385 1586 439 sinit
1638 388 1770 456 quin
1802 401 1847 451 Α
1881 407 1898 438 ι
1942 388 2007 442 Ei
2037 389 2126 457 qui
2153 388 2259 442 vult
2291 396 2456 440 tecum
2480 386 2533 440 in
2556 383 2758 453 iudicio
2789 386 3150 447 contendere,i
3179 392 3284 438 etc.
3309 382 3452 438 Loca

198 475 338 530 idem
367 475 762 530 disertissimus
800 475 987 531 fuerit.
1033 475 1177 542 Quid
1211 475 1398 546 plura?
1428 477 1473 530 A
1502 476 1659 533 nobis
1697 475 1778 530 fa-

200 567 275 622 cit
301 582 484 620 earum
515 583 698 620 rerum
730 569 969 638 optimus
993 568 1164 637 judex
1198 570 1448 624 Photius.
1496 567 1599 622 Ubi
1632 569 1776 622 enim

200 658 267 712 de
299 657 562 712 Aseeticis
589 658 776 712 Basilii
809 660 1079 728 loquitur,
1111 661 1185 714 ita
1216 661 1410 714 scribit
1442 659 1518 729 (a)
1555 677 1568 712 :
1601 657 1667 712 In
1697 657 1778 711 his

202 758 372 799 tamen
405 746 606 798 duobus
638 746 786 800 libris
822 765 926 801 non
954 765 1159 817 semper
1189 748 1256 800 ad
1280 748 1567 815 emphasim
1597 763 1778 800 recur-

203 840 289 890 rit.
327 837 518 891 Statim
555 840 694 890 enim
718 840 919 906 primus
954 840 1089 893 liber
1121 840 1251 892 nihil
1286 856 1397 908 prae
1427 856 1480 892 se
1510 839 1609 908 fert
1650 841 1777 903 tale,

203 932 300 984 nisi
328 931 464 999 quod
488 930 647 982 semel
687 931 882 982 alicubi
914 946 1006 998 per
1043 932 1366 984 reticentiam
1399 933 1598 984 malum
1631 948 1780 985 omen

201 1033 413 1076 arertat.
456 1021 604 1074 Nam
653 1023 722 1075 ad
767 1033 960 1075 cratera
990 1023 1134 1092 quod
1169 1025 1372 1089 attinet,
1406 1025 1556 1078 ualde
1598 1025 1669 1076 ibi
1701 1034 1779 1078 est

203 1114 405 1182 ﬁrmus,
441 1122 491 1163 et
533 1128 678 1181 teque
709 1127 870 1180 purus
911 1123 1066 1180 atque
1097 1113 1382 1176 dilucidus,
1417 1130 1607 1184 perque
1646 1113 1778 1168 duos

202 1205 344 1256 hosce
372 1204 538 1256 libros
572 1205 803 1256 decurrit
847 1205 1146 1273 simplicior
1185 1205 1396 1272 quidam
1438 1216 1486 1258 et
1526 1206 1780 1275 perfurui-

202 1296 344 1348 liaris
374 1311 548 1347 sermo
579 1313 642 1348 ac
677 1297 1007 1363 compositio,
1036 1296 1104 1349 ad
1129 1297 1266 1366 vulgi
1289 1313 1442 1350 aures
1469 1306 1780 1367 comparata

204 1399 350 1456 atque
380 1388 641 1452 demissa,
674 1401 722 1440 et
763 1392 828 1442 ad
860 1391 1030 1443 solam
1067 1389 1272 1442 demum
1309 1389 1609 1442 auditorum
1633 1390 1780 1443 salu-

207 1489 296 1532 tem
333 1481 556 1534 intenta.
592 1478 780 1533 Graeca
812 1481 999 1535 videre
1032 1481 1125 1549 qui
1169 1481 1371 1548 cupiet,
1415 1495 1479 1534 ea
1525 1481 1778 1550 superius

210 1570 377 1638 legere
409 1572 616 1639 poterit
644 1579 818 1642 (num.
852 1572 965 1642 '27).
1011 1571 1117 1624 Sed
1158 1572 1271 1624 haec
1300 1574 1600 1640 generatim
1633 1571 1776 1626 dicta

207 1670 363 1714 sunt:
397 1678 547 1714 nunc
595 1662 661 1715 de
704 1662 872 1715 certis
917 1662 1246 1732 quibusdam
1299 1663 1465 1726 notis,
1507 1677 1538 1716 e
1577 1663 1778 1734 quibus

1882 479 2127 550 quaedam
2162 479 2457 550 Scriptura:
2497 479 2713 533 diverse
2752 478 2820 532 ab
2861 477 3254 546 interpretibus
3295 490 3454 531 versa

1881 569 2050 624 fuisse
2094 583 2204 623 non
2239 585 2364 623 raro
2405 577 2595 622 monet
2638 568 2893 622 Basilius.
2963 566 3210 636 Exempli
3262 580 3453 630 causa,

1881 661 1961 715 sic
1987 660 2040 712 in
2064 675 2227 729 opere
2252 659 2356 714 Sea:
2387 659 2592 712 dierum
2625 661 2887 729 scriptum
2919 657 3195 711 invenitur
3221 656 3391 723 (hom.
3420 657 3456 711 ὁ

1881 752 1933 803 in
1972 750 2133 814 llex.,
2167 769 2221 804 n.
2255 750 2308 816 ὃ)
2345 769 2357 804 :
2390 751 2714 821 Πρὸσκειται
2747 749 2803 802 δὲ
2833 751 2887 801 ἐν
2925 747 3133 810 πολλοῖς
3167 746 3273 800 τῶν
3309 747 3456 800 ἀντιο

1881 843 2127 912 γράφων,
2171 843 2281 895 Καὶ
2327 841 2606 911 συνήχθη
2657 842 2721 894 τὸ
2764 841 2918 905 ὕδωρ
2952 843 3018 892 τὸ
3048 838 3321 894 ὑποκάτω
3350 838 3456 893 τοῦ

1880 933 2136 1002 οὐρανοῦ
2157 937 2245 999 εὶς
2283 934 2387 1000 τὰς
2418 932 2770 1004 συναγωγὰς
2810 931 3029 994 αὐτῶν,
3079 932 3175 984 καὶ
3220 929 3384 999 ὤφθη
3416 931 3454 998 ἡ

1881 1025 2053 1092 ξηρά·
2080 1025 2222 1095 ἆπερ
2248 1023 2368 1077 οὔτε
2389 1027 2531 1088 τινὲς
2553 1024 2658 1077 τῶν
2686 1023 2885 1077 λοιπῶν
2911 1021 3269 1075 ἐκδεδώκασιν
3292 1022 3457 1092 ἑρμη-

1880 1117 2101 1172 νέων..,.
2127 1116 2194 1168 τὰ
2221 1116 2397 1168 τοίνυν
2420 1115 2620 1186 ἀκριϐῆ
2641 1114 2744 1167 τῶν
2769 1115 3116 1184 ἀντιγράφων
3145 1112 3453 1164 ὠὸέλισται.
3537 1118 3552 1126 ’

1877 1207 2134 1261 Additum
2161 1218 2239 1262 est
2265 1219 2437 1261 tamen
2460 1209 2511 1261 in
2538 1207 2717 1261 multis
2751 1207 3160 1275 exemplaribus,
3203 1228 3219 1256 ι
3246 1204 3311 1257 Et
3333 1221 3456 1258 con-

1877 1312 2091 1371 gregata
2119 1311 2194 1355 est
2227 1318 2384 1370 aqua,
2410 1317 2525 1368 quia
2551 1300 2643 1353 sub
2676 1299 2802 1353 caelo
2840 1309 2973 1364 erat,
3008 1301 3061 1352 in
3100 1297 3457 1367 congregatio-

1878 1408 1968 1444 nes
2005 1408 2153 1455 suas,
2190 1401 2238 1446 et
2271 1393 2515 1460 apparuit
2545 1391 2722 1443 arida.
2758 1410 2774 1442 i
2816 1390 2946 1455 Qua:
2978 1405 3103 1442 sane
3133 1389 3284 1441 verba
3318 1385 3453 1440 nulli

1877 1498 1941 1535 ex
1987 1483 2200 1552 reliquis
2250 1482 2615 1552 interpretibus
2668 1483 3024 1534 tradidere....
3081 1478 3288 1531 Notata
3331 1487 3452 1531 sunt

1877 1576 2038 1645 igitur
2085 1575 2232 1628 obelo
2265 1575 2588 1643 exemplaria
2629 1573 2983 1626 accuratiore.
3031 1571 3295 1636 Basilius,
3327 1584 3452 1623 cum

1878 1667 2146 1736 psalmum
2180 1667 2501 1720 vicesimum
2536 1674 2785 1717 octavum
2822 1677 3007 1716 coram
3040 1661 3242 1730 populo
3272 1661 3458 1730 expla-

206 1753 458 1806 Basilium
488 1753 818 1823 Regularuni
841 1764 1121 1808 auctorem
1145 1770 1265 1809 esse
1288 1754 1546 1824 cognosci
1575 1753 1779 1822 possit,
1806 1740 1850 1798 Β
1877 1765 2032 1810 naret
2080 1761 2244 1824 (tom.
2282 1753 2336 1819 Ι,
2374 1770 2494 1825 pag.
2538 1755 2671 1824 114)
2697 1793 2712 1817 ,
2771 1751 2958 1807 eodem
3019 1751 3180 1805 modo
3237 1751 3454 1805 locutus

205 1845 558 1898 disseramus.
605 1845 755 1900 Hanc
790 1845 1009 1900 dicendi
1042 1845 1356 1911 formulam,
1397 1863 1489 1916 ego
1520 1845 1646 1909 vidi,
1681 1853 1776 1899 aut

207 1955 291 2004 ego
310 1939 441 1999 novi,
471 1937 678 1992 Basilio
700 1939 1126 2007 perfamiliarem
1154 1938 1318 1993 fuisse
1337 1939 1450 2008 jam
1476 1939 1659 1994 monui
1679 1938 1773 2009 (li).

207 2026 477 2080 Invenitur
509 2038 696 2082 autem
731 2041 784 2083 et
818 2031 871 2083 in
900 2029 1122 2098 Regulis
1146 2045 1362 2099 quoque
1389 2046 1452 2085 ea
1486 2032 1604 2100 ipsa
1634 2033 1774 2086 scri-

207 2119 360 2173 bendi
389 2122 562 2183 ratio;
606 2122 677 2176 ob
711 2122 873 2191 idque
906 2121 1142 2177 Basilius
1165 2137 1350 2176 earum
1381 2123 1656 2193 legitimus
1686 2138 1776 2192 pa-

210 2229 332 2268 rens
363 2230 480 2268 esse
508 2215 638 2283 jure
686 2214 964 2284 putandus
999 2227 1104 2270 est.
1156 2214 1227 2267 Ita
1289 2216 1456 2284 igitur
1497 2217 1550 2268 in
1595 2216 1779 2284 regula

209 2302 308 2355 εει
341 2307 612 2373 scriptum
649 2306 927 2358 invenitur
969 2323 982 2358 :
1029 2307 1237 2375 Ὠσπερ
1283 2301 1376 2357 οὖν
1421 2304 1480 2356 τὸ
1522 2303 1779 2377 ἀργύριον

211 2394 514 2446 ἀκολουθίαν
551 2396 666 2464 ἔχει
695 2399 806 2459 τοῖς
845 2396 1200 2467 τραπεζίταις
1233 2394 1466 2448 δίδοσθαι
1505 2399 1585 2458 είς
1629 2411 1781 2464 πορι-

222 2488 357 2553 cuba,
393 2488 497 2538 εἰσὶ
531 2489 664 2558 γὰρ,
707 2488 782 2551 ὡς
818 2490 873 2540 ὲν
917 2487 1291 2557 Ἀλεξανδρείᾳ
1328 2487 1521 2555 ἔγνων,
1563 2489 1610 2538 ot
1649 2487 1780 2537 ὐπο-

223 2577 469 2647 δεχὸμενοι
500 2581 599 2632 καὶ
636 2579 794 2632 τοῦτο
823 2579 1120 2642 ποιοῦντες,
1161 2579 1349 2642 οὕτως,
1376 2588 1484 2633 etc.
1520 2578 1784 2644 Quemad—

221 2670 404 2720 modum
434 2670 602 2739 igitur
629 2671 852 2738 pecunia
871 2670 1000 2722 solet
1027 2668 1396 2720 nummulariis
1420 2666 1489 2720 ad
1525 2678 1783 2736 quwstum

217 2760 464 2827 daritsnnt
481 2762 645 2824 enim,
664 2771 820 2830 utego
837 2760 1175 2812 Alexandria:
1196 2763 1332 2822 novi,
1347 2761 1434 2829 qui
1448 2763 1718 2828 recipiant,
1733 2771 1782 2814 et

216 2851 420 2918 idipsum
440 2857 745 2922 peragant),
769 2853 863 2910 sic.
878 2860 983 2905 etc.
1007 2850 1069 2903 Et
1092 2853 1215 2906 alibi
1233 2868 1355 2906 cum
1376 2852 1442 2906 de
1459 2851 1782 2920 quibusdam

216 2943 382 3004 rebus,
414 2959 534 3009 qua:
566 2951 763 3012 sponte
792 2950 1002 2995 naturae
1023 2943 1172 3001 fiunt,
1203 2944 1365 2996 verba
1401 2943 1634 3004 fecisset,
1663 2959 1784 3011 per-

215 3042 416 3086 secutus
442 3043 523 3086 est
551 3034 656 3086 hoc
689 3031 849 3086 modo
875 3033 1011 3102 (reg.
1035 3032 1156 3100 309)
1183 3051 1193 3085 :
1232 3032 1370 3101 Ἐγὼ
1400 3032 1454 3084 δὲ
1482 3032 1671 3100 ἔγνων,
1703 3035 1783 3084 ὅτι

213 3121 369 3173 ταῦτα
409 3122 750 3192 κατωρθώθη
798 3121 1033 3192 Χριστοῦ
1078 3123 1256 3192 χάριτι
1299 3122 1394 3174 καὶ
1449 3122 1506 3173 ὲν
1555 3123 1780 3192 ἀνδράσι

213 3213 302 3263 καὶ
329 3216 378 3265 ὲν
410 3216 645 3281 γυναιξὶ,
703 3213 882 3266 πίστει
921 3216 986 3284 τῇ
1036 3215 1113 3276 είς
1161 3214 1248 3265 τὸν
1302 3213 1506 3284 Κύριον
1557 3214 1775 3283 γνησίᾳ.

214 3303 318 3374 Ego
360 3318 528 3359 autem
576 3307 698 3359 novi
739 3306 848 3358 lucc
879 3304 1079 3358 Christi
1109 3307 1284 3374 gratia
1313 3306 1569 3372 completa
1613 3305 1779 3372 fuisse

214 3406 314 3447 tum
346 3399 394 3450 in
428 3402 554 3452 viris
589 3409 702 3450 tum
732 3401 783 3450 in
818 3398 1046 3466 feminis,
1078 3413 1167 3465 per
1190 3399 1470 3466 genuinam
1505 3399 1555 3450 in
1588 3397 1766 3450 Domi-

210 3505 326 3539 num
361 3491 514 3558 ﬁdem
545 3490 644 3559 (c).
678 3489 817 3543 Cum
850 3490 906 3542 in
939 3501 1084 3544 tomo
1115 3491 1286 3559 primo
1315 3490 1382 3544 de
1414 3491 1618 3544 ultimis
1645 3489 1780 3543 duo-

209 3581 306 3633 llus
332 3584 380 3633 in
407 3582 732 3636 Eunomium
767 3583 923 3636 libris
943 3583 1369 3652 disputaremus,
1399 3583 1780 3637 adnotavimus

207 3672 482 3736 Basiliam,
520 3677 568 3730 si
600 3673 736 3744 quid
785 3683 879 3727 aut
927 3676 1232 3743 probaSSet,
1276 3684 1369 3729 aut
1416 3675 1776 3740 confutasset,

207 3775 297 3817 ant
325 3768 703 3835 explanasset,
731 3767 807 3819 ita
837 3768 1138 3820 orationem
1179 3767 1505 3822 concludere
1533 3768 1774 3827 solitum,

207 3858 299 3908 καὶ
327 3857 498 3909 ταῦτα
533 3858 632 3926 μὲν
664 3858 756 3908 ὲπί
785 3856 1054 3923 τοσοῦτον,
1084 3857 1151 3910 τὰ
1192 3859 1288 3928 μὲν
1321 3853 1415 3910 οὖν
1439 3859 1657 3927 napi...”
1687 3859 1780 3911 ἐπὶ

204 3950 469 4014 τοσοῦτον,
503 3957 598 4002 aut
626 3949 737 4002 alio
765 3950 932 4003 simili
966 3949 1146 4004 modo.
1186 3948 1341 4002 Paria
1370 3958 1550 4003 autem
1586 3951 1639 4002 in
1671 3949 1777 4004 Be-

203 4041 340 4110 gulis
379 4042 718 4105 invenimus,
754 4043 806 4094 in
847 4042 1044 4110 quibus
1079 4041 1158 4095 sic
1189 4042 1387 4108 legitur
1411 4043 1547 4112 (reg.
1579 4043 1614 4095 2
1645 4042 1776 4107 fns.,

201 4146 258 4185 n.
285 4133 373 4199 ηιμ
403 4132 509 4185 Καὶ
556 4134 688 4203 περὶ
735 4132 832 4202 μὲν
864 4133 962 4201 τῆς
991 4133 1069 4194 εἰς
1097 4131 1226 4184 Θεὸν
1266 4133 1486 4202 ἀγάπης
1519 4132 1774 4185 τοσαῦτα.

203 4220 304 4275 Sed
329 4225 585 4276 hactenus
617 4223 684 4275 de
704 4223 979 4276 dilectione
1004 4221 1117 4274 Dei.
1155 4222 1379 4288 Quando
1406 4233 1586 4277 autem
1611 4223 1780 4278 semel

203 4312 388 4369 Basilii
426 4317 481 4369 in
528 4315 852 4368 Eunomium
884 4316 1037 4370 libris
1071 4331 1203 4370 usus
1236 4331 1379 4382 sum,
1415 4332 1481 4370 ex
1516 4316 1599 4371 his
1634 4315 1779 4370 aliud

205 4417 584 4475 argumentum
620 4416 822 4477 petam.
865 4405 1052 4476 Igitur,
1106 4421 1228 4460 cum
1275 4408 1427 4460 initio
1475 4407 1596 4461 libri
1631 4409 1777 4463 tertii
1814 4441 1856 4494 Β

208 4499 520 4566 signiﬁcare
555 4500 718 4552 vellet
762 4498 1098 4568 Scripturam
1139 4513 1376 4559 sacram,
1435 4500 1508 4552 ita
1565 4500 1778 4556 locutus

207 4599 286 4642 est
315 4609 326 4642 :
367 4589 671 4659 ’Ᾱξιώματι
701 4590 799 4660 μὲν
829 4590 935 4660 γὰρ
965 4589 1292 4660 δευτερεύειν
1323 4588 1416 4641 τοῦ
1446 4589 1576 4642 Υίοῦ
1605 4607 1783 4660 παραε-

211 4678 412 4734 δίᾱοσιν
445 4682 578 4744 ἴσως
600 4685 629 4734 ὁ
655 4682 753 4752 τῆς
780 4682 1056 4745 εὐσεϐείας
1085 4683 1258 4750 λόγος.
1287 4680 1558 4751 Dignitate
1573 4681 1782 4751 quidem

214 4772 517 4846 [Spiritum]
570 4775 862 4828 secundum
912 4791 1023 4828 esse
1070 4792 1101 4827 a
1151 4774 1295 4828 Filio
1343 4774 1506 4827 tradit
1556 4775 1785 4843 fortasse

214 4867 416 4933 pietatis
445 4883 645 4920 sermo.
683 4865 854 4919 Secus
884 4873 1064 4919 autem
1103 4868 1156 4919 in
1192 4867 1375 4935 regula
1406 4881 1546 4919 nona
1581 4867 1785 4935 majore

218 4972 317 5010 non
353 4958 576 5027 legitur,
605 4958 699 5010 ubi
737 4959 812 5010 ita
840 4957 1105 5026 scriptum
1136 4963 1220 5010 est
1249 4957 1394 5025 (pag.
1431 4956 1555 5024 35l)
1583 4974 1594 5008 :
1622 4958 1783 5010 Δικά-

218 5049 390 5112 ζεσθαι
441 5049 499 5101 δὲ
547 5049 677 5119 περὶ
728 5048 904 5101 αὑτῶν
957 5047 1048 5100 ἐπὶ
1094 5046 1459 5118 δικαστηρίων
1510 5045 1781 5108 ὲξωτικῶν

218 5140 584 5212 ἀπηγόρευσεν
612 5142 642 5191 ὀ
669 5140 769 5210 τῆς
797 5138 1101 5201 Θεοσεϐείας
1120 5138 1293 5205 λόγος,
1319 5137 1385 5190 δι’
1411 5130 1486 5190 ὧν
1516 5152 1669 5208 φησι·
1701 5137 1784 5202 Τῷ

219 5235 442 5290 θέλοντί
474 5251 578 5288 σοι
613 5230 909 5300 κριθῆναι,
943 5240 1050 5286 etc.
1077 5229 1180 5285 Sed
1211 5245 1327 5283 cum
1348 5230 1476 5300 ipsis
1500 5244 1593 5297 pro
1616 5229 1784 5282 tribu-

220 5329 316 5381 nali
343 5339 563 5381 externo
598 5326 812 5394 litigare
842 5333 978 5378 vetat
1003 5324 1212 5392 pietatis
1241 5339 1431 5391 sermo,
1472 5320 1552 5374 his
1577 5319 1739 5375 verbis
1765 5337 1780 5373 .'

269 5482 307 5511 ³⁸
330 5480 462 5538 Luc.
491 5495 632 5534 xxii.
655 5477 747 5534 36.

276 5597 342 5674 (a)
371 5599 511 5674 βοά.
544 5612 705 5674 (τις)ζ
728 5613 782 5668 p.
817 5595 947 5650 493.

277 5667 336 5743 (ὁ)
371 5671 503 5743 Leg.
546 5686 608 5724 ri.
639 5667 732 5724 29.

1878 1855 1961 1902 est
1993 1864 2004 1898 :
2053 1843 2141 1900 Ἐν
2165 1844 2377 1908 πολλοῖς
2402 1844 2583 1914 μέντοι
2611 1843 2718 1896 τῶν
2745 1840 3094 1911 ἀντιγράφων
3127 1840 3456 1912 προσκείμεο

1879 1954 1966 1990 νον
1989 1936 2220 2007 εὕρομεν
2250 1935 2330 2000 τό,
2366 1945 2472 1990 etc.
2524 1934 2587 1987 In
2624 1931 2805 1987 multis
2850 1945 3025 1986 autent
3067 1930 3451 2000 exemplaribm

1881 2028 2119 2082 additum
2169 2031 2454 2097 reperimus
2500 2028 2659 2092 illud,
2689 2009 2796 2081 etc.
2841 2025 3061 2096 Insigne
3090 2025 3239 2078 aliud
3265 2039 3450 2079 exem-

1880 2123 2028 2192 plum
2055 2121 2330 2191 proferam
2363 2137 2393 2176 e
2419 2120 2659 2176 secundo
2689 2121 2742 2173 in
2769 2115 3088 2172 Eunomium
3111 2118 3249 2172 libro
3275 2116 3449 2188 (num.

1879 2214 1992 2286 20),
2029 2217 2118 2269 ubi
2151 2217 2225 2269 ita
2262 2215 2460 2284 legitur
2496 2235 2508 2268 :
2537 2217 2684 2279 Τέως
2711 2233 2775 2282 γε
2805 2215 2911 2285 μὴν
2941 2213 3072 2284 μηδὲ
3106 2215 3280 2268 ἐκεῖνο
3312 2213 3455 2265 ἀπαο

1885 2309 2227 2379 ρασήμαντον
2261 2308 2667 2378 καταλίπωμεν,
2712 2309 2793 2360 ὅτι
2832 2306 2980 2360 ἄλλοι
3014 2306 3120 2358 τῶν
3150 2305 3452 2376 ἑρμηνέων,

1881 2404 1930 2454 οἱ
1958 2400 2313 2472 καιριώτερον
2335 2401 2434 2471 τῆς
2465 2401 2739 2472 σημασίας
2771 2399 2876 2452 τῶν
2913 2398 3212 2470 Ἑϐραϊκῶν
3234 2397 3454 2451 καθικό-

1887 2509 2056 2562 μενοι,
2098 2490 2426 2556 Ὲκτιὶσατό
2447 2507 2543 2559 με,
2583 2490 2702 2542 ἀντὶ
2734 2489 2849 2552 τοῦ,
2885 2490 3186 2553 Ἔκτισεν,
3225 2484 3455 2539 ἐκδεδὼ-

1884 2603 2062 2640 κασιν.
2101 2583 2323 2639 Interim
2359 2595 2531 2638 tamen
2561 2600 2720 2653 neque
2761 2582 2898 2635 illud
2934 2583 3144 2635 silentio
3173 2590 3456 2650 praeterea-

1884 2693 2020 2740 mus,
2067 2677 2370 2744 interpretes
2403 2675 2560 2740 alios,
2607 2675 2694 2743 qui
2738 2673 3122 2726 conuenientius
3159 2669 3458 2724 Hebraica-

1886 2784 2002 2820 rum
2036 2783 2213 2820 vocum
2247 2767 2555 2820 sententiam
2593 2766 2822 2818 assecuti
2854 2771 2995 2826 sunt,
3025 2778 3118 2831 pro
3146 2781 3164 2813 ι
3187 2759 3398 2827 creavit,
3431 2773 3450 2812 ι

1889 2856 2114 2911 edidisse
2157 2876 2174 2907 ι
2205 2857 2432 2925 possedit
2478 2871 2577 2909 me.
2614 2875 2633 2907 ι
2671 2856 2736 2908 Et
2769 2870 2837 2908 ne
2867 2854 3063 2924 longus
3092 2853 3193 2909 sim
3215 2893 3228 2916 ,
3262 2851 3455 2907 omitto

1888 2951 2086 3014 sciens,
2123 2965 2244 3018 qua:
2285 2949 2539 3018 leguntur
2573 2949 2628 3001 in
2657 2946 2876 2999 homilia
2911 2947 3082 3016 prima
3115 2946 3170 2999 in
3199 2942 3452 2998 Ilexaem.

1890 3058 2041 3096 num.
2079 3042 2146 3108 6;
2172 3043 2300 3095 item
2332 3054 2452 3109 quae
2482 3038 2683 3108 scripta
2710 3045 2838 3092 sunt
2864 3036 2919 3090 in
2953 3036 3177 3090 homilia
3204 3037 3259 3088 in
3305 3032 3454 3104 psal-

1811 3105 1852 3161 ο
1887 3152 2029 3188 mum
2069 3105 2530 3204 quadragesimum
2574 3105 2843 3200 quartum,
2879 3144 3029 3182 num.
3061 3126 3116 3182 4.
3152 3122 3239 3180 Fit
3271 3135 3454 3180 autem

1879 3242 2096 3297 quoque
2140 3226 2192 3278 in
2241 3223 2463 3295 Regulis
2496 3223 2699 3277 mentio
2733 3221 2881 3274 illius
2935 3219 2988 3273 in
3042 3216 3456 3289 Scripturarum

1881 3308 2332 3387 interpretatione
2365 3300 2666 3369 varietatis.
2704 3314 2762 3367 In
2795 3312 2880 3367 liis
2907 3311 3049 3366 enlm
3082 3310 3156 3364 ita
3188 3311 3452 3380 scriptum

1879 3421 1962 3466 est
1990 3413 2122 3482 (reg.
2142 3408 2267 3480 251)
2291 3429 2302 3463 :
2334 3409 2419 3472 Ὠς
2451 3408 2524 3478 μὴ
2549 3402 2686 3460 εἶναι
2718 3403 3062 3475 πρόσταγμα,
3097 3402 3270 3456 Ἀλλὰ
3288 3401 3404 3455 νῦν
3424 3403 3458 3454 ὀ

1879 3500 2035 3567 ἔχων
2052 3497 2406 3562 βαλάντιον,
2431 3495 2643 3562 ἀράτω,
2662 3493 2779 3564 ἤτοι
2801 3489 2934 3560 ἀρεῖ
2948 3484 3109 3561 (οὕτω
3140 3489 3246 3561 γὰρ
3275 3490 3369 3542 καὶ
3388 3488 3458 3543 τὰ

1880 3590 2050 3643 πολλὰ
2075 3589 2182 3643 τῶν
2213 3587 2555 3658 ἀντιγράφων
2575 3585 2730 3655 ἔχει),
2753 3582 2889 3638 ἀλλὰ
2906 3580 3236 3653 προφητείαν
3259 3579 3455 3652 προλέ-

1880 3701 2068 3752 γοντος
2096 3683 2191 3736 τοῦ
2232 3683 2462 3753 Κυρίου,
2487 3687 2593 3734 etc.
2624 3676 2711 3730 Ita
2738 3686 2794 3729 ut
2827 3676 2981 3742 illud,
3012 3693 3029 3724 ι
3067 3672 3169 3727 Sed
3200 3683 3338 3725 nunc
3365 3672 3456 3737 qui

1879 3773 2030 3826 habet
2057 3771 2538 3833 sarculum,tollat,
2566 3787 2584 3819 ι
2607 3784 2697 3821 seu
2717 3786 2733 3816 ι
2760 3767 2904 3819 tollet
2927 3763 3004 3815 ³⁸»
3027 3765 3124 3833 (sic
3139 3763 3275 3816 enim
3296 3763 3458 3815 etiam

1881 3865 2047 3917 multa
2063 3862 2385 3930 exemplaria
2397 3860 2628 3929 habent),
2643 3876 2744 3913 non
2761 3855 2828 3912 sit
2844 3856 3104 3928 quoddam
3121 3861 3454 3924 prteceptum,

1880 3955 1970 4010 sed
1989 3955 2289 4008 vaticinium
2310 3953 2540 4014 Domini,
2559 3951 2646 4021 qui
2661 3949 3050 4018 pra'nuntiabaI
3070 3947 3326 4016 futurum,
3345 3953 3453 4000 etc.

1881 4044 1992 4101 Has
2035 4043 2249 4099 dicendi
2302 4043 2586 4106 formulas,
2635 4041 2727 4093 τὸν
2771 4036 3090 4108 ἐπιμέλειαν
3131 4035 3228 4108 τὴν
3273 4034 3458 4106 κοινὴν

1882 4132 2329 4205 πεπιστευμένον,
2356 4131 2404 4184 οἱ
2433 4133 2530 4203 τὴν
2555 4127 2770 4201 όδηγίαν
2800 4128 2906 4182 τῶν
2940 4126 3147 4180 πολλῶν
3168 4141 3458 4179 πεπιστευ-

1887 4228 2059 4298 μένοι,
2087 4233 2142 4280 et
2173 4226 2308 4278 alias
2338 4222 2391 4276 id
2415 4239 2585 4295 genus
2613 4222 2669 4274 in
2703 4219 2924 4288 Regulis
2949 4218 3147 4288 saepius
3167 4229 3456 4271 occurrere

1883 4317 2164 4386 aliquanto
2211 4319 2337 4367 ante
2386 4310 2726 4366 ostendimus
2756 4307 2854 4379 (ά).
2902 4307 3236 4377 Principium
3272 4313 3455 4360 autem

1885 4407 2303 4461 Proverbiorum
2359 4419 2636 4473 exponens
2686 4401 2922 4456 Basilius
2966 4400 3154 4454 eodem
3200 4396 3453 4468 loquendi

1885 4513 2083 4570 genere
2115 4513 2247 4550 usus
2276 4502 2380 4559 est,
2417 4495 2520 4548 hoc
2546 4493 2708 4546 modo
2731 4493 2876 4561 (pag.
2903 4488 3024 4562 106)
3053 4485 3206 4542 ιοῖον
3232 4486 3456 4559 πορνεία

1889 4589 1981 4643 καὶ
2013 4585 2334 4659 σωφροσύνη
2367 4582 2520 4656 παρὰ
2558 4582 2640 4636 σοὶ
2674 4583 2938 4654 κρίνεται,
2971 4579 3063 4634 καὶ
3092 4579 3292 4648 ὑψηλὸς
3318 4594 3453 4648 προ-

1887 4675 2171 4743 καθέζεταί
2202 4693 2294 4730 σου
2323 4675 2352 4728 ό
2382 4675 2506 4738 νοῦς
2545 4672 2970 4743 πεπιστευμένος
3003 4671 3062 4723 τὸ
3081 4667 3454 4736 δικαστήριον.

1887 4771 2131 4840 Exempli
2165 4786 2349 4831 causa,
2387 4768 2636 4821 scortatio
2670 4773 2718 4818 et
2759 4762 3013 4832 pudicitia
3051 4758 3187 4828 apud
3229 4766 3275 4811 te
3308 4757 3458 4825 judi-

1887 4871 2098 4923 cantur,
2145 4872 2194 4912 et
2236 4858 2440 4912 excelsa
2489 4866 2580 4909 tua
2629 4872 2772 4908 mens
2817 4850 3076 4922 ejusmodi
3113 4848 3317 4918 judicio
3357 4847 3458 4901 sibi

1887 4953 2167 5006 commisso
2197 4949 2464 5019 prtesidet.
2494 4947 2657 5002 Decet
2681 4947 2845 5015 igitur
2868 4960 2974 4998 non
2999 4940 3452 5003 Constitutiones,

1889 5045 1984 5100 sed
2021 5044 2257 5114 Begulas
2292 5041 2494 5096 Basilio
2534 5037 2732 5111 Magno
2767 5037 2956 5100 tribui,
2990 5051 3113 5089 cum
3147 5037 3203 5089 in
3239 5033 3327 5087 bis
3355 5031 3449 5086 Ba-

1890 5137 2070 5191 siliani
2109 5135 2233 5205 styli
2271 5135 2438 5186 multa
2475 5131 2811 5184 monimenta
2849 5136 3084 5191 exstent,
3126 5127 3179 5180 in
3218 5128 3327 5182 illis
3361 5139 3459 5179 au-

1890 5235 1998 5281 tem
2027 5225 2162 5279 nihil
2199 5224 2307 5277 tale
2337 5234 2567 5293 nsquam
2600 5226 2933 5289 compareat.
2977 5217 3161 5289 Neque
3193 5218 3296 5272 hoc
3323 5214 3457 5271 mihi

1889 5318 2038 5374 credi
2075 5318 2316 5387 postulo,
2363 5316 2458 5372 sed
2501 5313 2968 5371 Constitutionum
3010 5313 3211 5369 librum
3256 5315 3464 5367 attente

1962 5585 2029 5654 (c)
2065 5582 2221 5654 me.
2264 5581 2438 5654 ηελῖί

1959 5653 2035 5727 (d)
2071 5653 2198 5724 Leg.
2228 5670 2283 5708 n.
2315 5653 2402 5707 38.
