3972 6202
525 282 619 336 111

1993 250 2376 309 ΡΒᾸΞΕΑΤΙΟ.

3659 244 3771 300 112

526 409 590 445 ac
623 390 910 457 diligenter
956 382 1062 453 legi
1110 379 1308 434 velim:
1339 373 1482 446 quod
1523 370 1614 442 qui
1651 369 1859 432 fecerit,
1894 367 1987 429 ita,
2030 371 2083 418 ut

2191 363 2445 432 ὁμοίωσιν
2473 361 2572 427 τῆς
2605 362 2925 434 ἐπουρανίου
2963 362 3235 432 βασιλείας
3264 361 3651 433 παρείληπται,
3693 361 3768 431 ἢν

522 483 658 547 dixi,
693 495 806 534 rem
845 490 990 537 esse,
1025 473 1141 529 suis
1173 469 1348 525 oculis
1379 472 1590 520 cernet.

597 605 685 658 65.
721 600 848 655 Scio
875 598 1033 650 aliter
1067 592 1268 648 sentire
1299 588 1676 644 doctissimum
1723 584 1901 637 virum
1937 579 2092 634 Com-

524 697 774 754 beﬁsium
811 710 823 744 :
861 690 954 745 sed
990 686 1134 758 quod
1170 698 1269 755 pro
1301 683 1460 736 firmo
1519 684 1840 748 argumento
1888 671 2088 733 attulit,

523 790 762 860 Regulas
796 782 1089 854 aliquando
1121 777 1424 834 severiores
1445 771 1637 835 videri,
1671 769 1722 824 id
1745 775 1945 821 nostra)
1969 764 2090 833 opi-

525 857 676 936 nioni
703 877 876 947 magis
915 874 1094 928 favere
1127 883 1289 939 quam
1323 866 1535 919 ollicere
1576 861 1832 915 arbitror.
1857 857 2090 912 Basilius

523 977 691 1038 enim,
723 982 780 1028 ut
807 989 870 1026 ex
899 967 1063 1024 dictis
1093 964 1167 1035 (a)
1201 967 1436 1022 constat,
1458 958 1510 1010 in
1541 955 1664 1010 aliis
1705 966 1922 1023 quoque
1953 949 2088 1004 scri-

525 1070 634 1141 ptis
662 1070 776 1124 suis
809 1081 865 1120 se
891 1060 1141 1133 praestitit
1168 1072 1315 1117 eum,
1341 1053 1432 1123 qui
1496 1045 1790 1117 aliquando
1851 1042 2091 1098 severior

525 1135 698 1218 fuisse
726 1159 872 1215 credi
901 1155 1071 1225 possit
1099 1169 1112 1202 :
1137 1149 1228 1204 sed
1267 1149 1340 1200 ita
1372 1153 1574 1203 tamen,
1601 1147 1681 1202 ut,
1714 1139 1760 1193 si
1799 1135 2088 1191 verborum

523 1255 643 1324 ejus
674 1267 801 1305 vera
841 1244 1112 1302 sententia
1141 1238 1494 1306 intelligatur,
1555 1230 1689 1284 nihil
1723 1226 1948 1282 omnino
1995 1239 2090 1278 ne-

525 1319 632 1416 que
656 1344 710 1397 in
743 1339 988 1409 Regulis,
1021 1350 1198 1404 neque
1229 1334 1282 1386 in
1307 1331 1427 1384 aliis
1462 1326 1637 1396 ipsius
1691 1319 2091 1378 lucubrationi-

525 1415 627 1493 bus
657 1443 750 1488 aut
782 1431 1091 1503 praedurum
1117 1433 1210 1480 aut
1239 1422 1482 1478 Stoicum
1517 1422 1697 1476 inesse
1738 1415 2088 1488 perspicuum

525 1530 616 1583 sit.
651 1525 847 1580 Fateor
882 1521 1045 1591 igitur
1080 1533 1184 1570 non
1219 1515 1274 1569 in
1304 1513 1526 1584 Regulis
1550 1510 1730 1571 modo,
1756 1507 1848 1564 sed
1884 1508 1937 1560 in
1969 1504 2089 1591 aliis

513 1614 690 1668 etiam
721 1587 1046 1680 quibusdam
1111 1601 1293 1656 Basilii
1328 1599 1545 1668 scriptis
1575 1593 1812 1650 dillicilia
1842 1587 2087 1660 quazdam

525 1707 645 1760 loca
671 1700 894 1772 reperiri
938 1717 952 1753 :

525 1809 587 1853 ut
614 1813 708 1852 eas
735 1791 1071 1848 adulterinas
1112 1802 1233 1842 esse
1267 1791 1474 1855 putem.
1511 1780 1621 1836 Cur
1668 1777 1836 1838 enim,
1878 1787 2085 1843 quaeso,

524 1891 580 1945 in
610 1887 812 1959 spuriis
869 1887 1201 1954 ponerentur
1257 1876 1476 1946 Regula:
1511 1872 1730 1928 nomine
1782 1864 2088 1924 severitatis

522 1956 805 2051 cujusdam
836 1975 1079 2044 majoris,
1113 1971 1218 2024 alia
1241 1984 1368 2023 vero
1397 1969 1486 2020 illa
1511 1963 1694 2018 Basilii
1753 1960 1980 2028 scripta,
2030 1956 2086 2010 in

521 2068 721 2138 quibus
757 2079 866 2118 non
920 2061 1157 2114 minores
1203 2057 1543 2110 dilllcultates
1601 2057 1923 2112 occurrunt,
1989 2060 2087 2116 pro

520 2137 667 2214 veris
688 2157 1018 2210 haberentur
1033 2151 1055 2202 ?
1071 2146 1182 2204 Cur
1210 2162 1402 2202 rursus
1424 2151 1691 2214 suspectae
1719 2149 1881 2217 erunt
1901 2137 2085 2194 Basilii

522 2249 742 2320 Regulae
774 2246 841 2301 ob
862 2242 1107 2298 dilﬁciles
1139 2238 1404 2309 quosdam
1437 2238 1609 2300 locos,
1669 2235 1901 2288 aliorum
1955 2245 2086 2283 vero

519 2347 835 2397 sanctorum
894 2336 1115 2390 Patrum
1164 2334 1310 2398 libri,
1348 2332 1403 2385 in
1433 2329 1632 2400 quibus
1674 2327 1778 2381 loci
1808 2333 1901 2378 aut
1935 2336 2087 2392 teque

520 2433 786 2494 difﬁciles,
823 2438 916 2484 aut
958 2429 1121 2484 etiam
1170 2424 1499 2481 dilliciliores
1531 2419 1902 2482 inveniuntur,
1935 2428 2087 2470 care-

519 2524 656 2578 bunt
687 2520 1034 2592 suspicione?
1064 2517 1127 2571 Et
1187 2515 1389 2585 alioqui
1449 2513 1586 2568 levia
1637 2517 1785 2574 sunt,
1838 2523 1958 2578 quae
2004 2506 2087 2560 vir

520 2609 1264 2672 doctissimus-Combefisius
1289 2605 1534 2678 opponit,
1555 2611 1608 2658 et
1638 2604 1786 2663 talia,
1813 2600 1994 2670 qualia
2030 2598 2085 2651 in

521 2709 727 2764 scholis
789 2706 1023 2777 publicis
1057 2703 1297 2774 quotidie
1349 2699 1577 2770 proponi
1630 2699 1827 2759 solent,
1861 2709 2088 2766 quaeque

521 2817 629 2870 qua
659 2799 915 2853 facilitate
945 2796 1301 2866 objiciuntur,
1335 2793 1524 2846 eadem
1561 2791 1643 2844 vel
1675 2791 1742 2842 ab
1765 2789 2085 2843 adolescen-

522 2894 668 2946 tibus
699 2890 1004 2944 solvuntur.
1037 2884 1217 2950 Quare
1235 2899 1357 2937 cum
1381 2880 1785 2935 eruditissimus
1809 2878 1893 2932 vir
1922 2877 2087 2931 'l‘ille-

519 2982 761 3037 montius
785 2978 858 3050 (b)
893 2975 1206 3032 Combefisii
1229 2979 1547 3043 argumenta
1577 2971 1818 3039 legisset,
1865 2984 2084 3023 eorum-

519 3089 625 3145 que
655 3072 852 3141 cuique
875 3067 1204 3139 respondere
1238 3065 1540 3128 statuisset,
1572 3062 1646 3116 ita
1690 3061 1995 3130 respondit,
2027 3067 2086 3112 ut

520 3165 709 3220 mirari
744 3179 802 3218 se
824 3177 930 3216 non
960 3175 1083 3214 raro
1118 3156 1529 3228 signiﬁcaverit,
1567 3162 1674 3208 tam
1713 3155 1850 3208 levia
1884 3155 1951 3209 ab
1985 3153 2085 3207 ho-

520 3256 669 3312 mine
692 3254 852 3310 docto
885 3254 1030 3308 serio
1058 3250 1287 3320 proponi
1313 3248 1573 3318 potuisse.
1604 3247 1917 3302 Etsiautem
1969 3245 2087 3300 Til-

519 3345 764 3400 lemontii
791 3343 912 3398 libri
950 3343 1060 3395 rari
1085 3357 1192 3395 non
1225 3347 1376 3402 sunt,
1431 3338 1687 3408 quoniam
1736 3345 1917 3391 tamen
1973 3336 2086 3391 for-

519 3445 667 3492 tasse
687 3435 752 3490 ad
781 3450 998 3488 manum
1021 3448 1130 3486 non
1153 3432 1408 3485 omnibus
1438 3437 1618 3492 erunt,
1659 3428 2085 3500 speciosioribus

518 3525 828 3582 Combelisii
861 3524 1196 3593 argumentis
1223 3521 1458 3576 breviter
1481 3520 1581 3575 hoc
1605 3521 1725 3574 loco
1755 3519 2086 3588 respondere

517 3619 848 3674 mihivisum
881 3624 1004 3670 est:
1043 3613 1189 3684 quod
1223 3628 1288 3667 eo
1316 3612 1575 3666 libentius
1601 3610 1819 3672 faciam,
1865 3611 1994 3681 quia
2028 3611 2084 3664 in

517 3711 687 3764 variis
722 3705 1176 3776 responsionibus
1220 3705 1342 3758 novi
1377 3702 1584 3771 aliquid
1631 3701 1863 3756 inveniri
1924 3702 2081 3756 solet.

521 3800 628 3857 Sed
686 3808 976 3868 antequam
1035 3799 1174 3851 ultra
1234 3795 1571 3865 progrediar,
1647 3802 1907 3848 annotare
1954 3793 2085 3848 libet

518 3892 927 3955 Combefisium,
953 3905 1076 3944 cum
1109 3888 1451 3943 Eustathiqu
1500 3885 1862 3943 Sebastenum
1904 3886 2082 3957 Regu-

517 3985 691 4037 larum
718 3991 993 4036 auctorem
1016 3995 1138 4034 esse
1169 3979 1271 4034 sibi
1301 3980 1469 4034 semel
1523 3977 1658 4033 falso
1693 3979 2080 4049 persuasisset,

516 4077 622 4133 sibi
652 4076 992 4146 persuasisse
1022 4088 1129 4126 non
1161 4070 1364 4134 verius,
1417 4071 1665 4126 eumdem
1700 4073 1851 4126 illum
1887 4073 2084 4128 Eusta-

512 4168 689 4222 thium
725 4167 794 4221 ob
821 4181 1008 4220 earum
1046 4164 1375 4234 [tegularum
1403 4178 1717 4232 perversam
1749 4156 2081 4218 doctrinam

515 4260 572 4314 in
623 4258 858 4313 concilio
907 4256 1209 4326 Gangrensi
1264 4254 1680 4311 condemnatum
1731 4255 1948 4311 fuisse:
1987 4257 2080 4311 sed

513 4349 659 4420 quod
687 4365 784 4418 pro
803 4358 952 4402 certo
984 4350 1068 4401 vir
1123 4347 1476 4402 doctissimus
1508 4348 1716 4408 habuit.
1748 4348 1800 4400 id
1830 4349 2080 4403 valdein-
2113 4371 2154 4424 υ
2181 4398 2273 4451 gas
2302 4379 2365 4434 de
2395 4389 2592 4435 ωιενηα
2613 4347 2806 4442 ξαιαιε,
2837 4394 2928 4432 nec
2957 4347 3187 4446 επρῇηαδ

514 4450 720 4496 certum
739 4450 840 4494 est.
876 4441 1015 4492 Sunt
1043 4439 1186 4493 enim
1206 4439 1299 4508 qui
1323 4439 1506 4493 dicant
1528 4455 1832 4494 sermonem
1861 4440 1915 4493 in
1951 4455 2078 4494 con-

513 4532 639 4586 cilio
667 4530 968 4600 Gangrensi
999 4531 1066 4585 de
1085 4530 1190 4583 alio
1240 4529 1522 4584 Eustathio
1570 4531 1778 4595 haberi,
1844 4547 2075 4601 quorum

511 4622 856 4692 antesignani
911 4633 1038 4677 sunt
1089 4621 1438 4676 eruditissimi
1469 4622 1569 4677 viri
1597 4621 1882 4685 Baronius,
1921 4623 2075 4679 Blon-

511 4714 688 4771 delius
710 4726 764 4768 et
797 4712 1064 4782 Dupinus.
1090 4711 1195 4767 Sed
1231 4730 1353 4767 cum
1380 4716 1493 4768 haec
1519 4715 1748 4784 quaestio
1776 4716 1941 4786 hujus
1970 4718 2072 4772 loci

513 4822 623 4860 non
645 4807 736 4869 sit,
771 4804 902 4856 mihi
928 4803 1063 4856 satis
1095 4818 1218 4857 esse
1246 4804 1576 4866 existimavi,
1603 4804 1649 4859 si
1679 4819 1740 4859 ea
1773 4805 1840 4859 de
1870 4821 1928 4860 re
1955 4821 2072 4860 mo-

512 4899 776 4952 nuissem.
799 4893 918 4948 Jam
946 4909 1077 4964 ergo
1112 4894 1178 4948 ad
1207 4895 1543 4964 propositum
1567 4911 1652 4950 me
1676 4897 1887 4963 refero;
1932 4899 2077 4968 ipsa-

512 5005 620 5059 que
660 4987 973 5043 Combcﬁsii
1028 4987 1211 5048 verba,
1271 4987 1469 5054 quibus
1525 4988 1762 5057 regulam
1826 4999 2073 5045 octavam

511 5077 773 5145 majorem
809 5083 1104 5146 oppugnat,
1144 5075 1246 5129 hoc
1278 5076 1400 5129 loco
1425 5078 1736 5132 exscribere
1763 5095 1870 5132 non
1922 5081 2072 5150 pige-

511 5167 613 5220 bit.
638 5165 878 5220 Primum
911 5175 1090 5220 autem
1116 5164 1322 5228 Basilii,
1352 5164 1545 5221 deinde
1566 5167 1871 5225 Combelisii
1909 5172 2073 5225 verba

512 5259 820 5329 subjiciam.
862 5259 1096 5314 Basilius
1125 5259 1289 5328 igitur
1319 5259 1391 5312 ita
1442 5260 1680 5328 loquitur
1709 5261 1850 5334 (pag.
1885 5265 2010 5337 550)
2052 5283 2064 5318 :

509 5350 677 5419 Δῆλον
702 5349 828 5420 γὰρ,
872 5349 954 5401 ὅτι
981 5349 1008 5400 ὁ
1042 5349 1334 5420 πολύτιμος
1387 5352 1731 5424 μαργαρίτης
1789 5357 1925 5426 πρὸς
1970 5357 2069 5430 τὴν

576 5463 620 5495 ³⁷
660 5461 850 5516 Matth.
884 5478 999 5526 nx,
1028 5461 1116 5514 21.

580 5574 657 5718 2a)
683 5574 808 5645 ch.
839 5591 894 5630 η.
921 5575 1010 5628 41.

603 5647 655 5718 ὁ)
694 5645 780 5702 Vie
815 5647 878 5701 de
899 5647 1010 5701 εαξη

603 5647 655 5718 ὁ)
694 5643 780 5702 va
815 5647 878 5701 de
899 5647 1038 5701 saint
1064 5644 1260 5708 Basile,
1286 5659 1407 5716 pag.
1433 5643 1555 5702 638.

997 1695 1090 1752 sed
1127 1709 1237 1748 non
1282 1698 1568 1761 propterea
1622 1685 1780 1739 facile
1824 1681 2085 1742 adducar,
2126 1703 2163 1757 Β

2195 455 2453 509 ἀδύνατον
2485 457 2616 527 ἡμῖν
2652 454 3049 525 προσγενέσθαι
3080 454 3108 506 ὁ
3137 455 3240 507 τοῦ
3273 454 3478 524 Κυρίου
3519 454 3768 506 δείκνυσι

2193 547 2366 615 λόγος,
2398 547 2472 618 μὴ
2506 549 2681 601 πάντα
2709 546 2844 618 ὁμοῦ
2871 547 2936 600 τὰ
2963 547 3234 618 προσόντα
3277 548 3427 615 ἡμῖν,
3469 546 3562 598 καὶ
3597 544 3772 597 πλοῦ-

2192 657 2310 704 τον,
2346 639 2440 692 καὶ
2467 639 2645 704 δόξαν,
2687 640 2779 692 καὶ
2803 638 2976 706 γένος,
3003 639 3095 692 καὶ
3115 638 3166 689 εἴ
3195 656 3245 690 τι
3265 637 3390 690 ἄλλο
3406 637 3512 689 τῶν
3547 637 3771 699 πολλοῖς

2193 729 2669 801 περισπουδάστων
2699 729 2833 800 πρὸς
2885 731 2980 800 τὴν
3019 729 3357 798 ἁνταλλαγὴν
3400 728 3568 799 αὐτῆς
3620 744 3770 798 προ-

2194 821 2427 890 εμὲνοις.
2460 821 2691 874 Planum
2715 831 2790 875 est
2813 822 2949 875 enim
2979 838 3191 890 regnum
3224 821 3428 874 cmleste
3447 835 3536 888 per
3566 821 3773 887 pretio-

2191 928 2306 964 sam
2328 914 2672 982 margaritam
2707 912 3015 964 adumbrari
3051 929 3069 966 :
3117 912 3254 982 quod
3283 929 3374 965 nos
3401 912 3607 980 assequi
3657 925 3772 963 non

2191 1022 2342 1075 posse
2375 1005 2650 1059 declarant
2687 1005 2900 1059 Domini
2921 1005 3095 1069 verba,
3124 1006 3228 1059 nisi
3250 1005 3426 1057 omnia
3457 1002 3617 1056 simul
3643 1017 3771 1072 quia

2192 1098 2460 1161 habemus,
2497 1107 2544 1151 et
2575 1097 2809 1160 divitias,
2841 1107 2888 1151 et
2912 1098 3158 1167 gloriam,
3183 1106 3229 1150 et
3260 1112 3441 1165 genus,
3473 1103 3521 1148 et
3552 1096 3599 1147 si
3632 1094 3770 1163 quid

2192 1189 2338 1244 aliud
2368 1200 2468 1253 est,
2505 1190 2654 1258 cujus
2686 1189 2859 1242 studio
2890 1188 3245 1258 desiderioque
3270 1187 3499 1256 plerique
3551 1195 3774 1239 tenean-

2193 1290 2298 1342 tur,
2343 1295 2436 1347 pro
2509 1295 2569 1332 eo
2619 1277 2970 1346 comparando
3026 1277 3348 1330 deseramus.
3405 1274 3773 1330 Combeﬁsius

2191 1388 2320 1426 vero
2351 1373 2453 1426 hoc
2487 1372 2647 1426 modo
2670 1372 2740 1441 lc)
2788 1387 2800 1422 .'
2848 1371 3065 1424 Videtur
3101 1372 3217 1423 istis
3272 1370 3404 1424 satis
3436 1378 3608 1437 aperte
3662 1386 3768 1421 au-

2191 1475 2303 1518 ctor
2329 1481 2356 1517 e
2395 1481 2548 1534 regno
2572 1463 2818 1516 cazlorum
2861 1462 3154 1525 erc'ndcre,
3200 1463 3289 1530 qui
3331 1478 3433 1516 non
3462 1462 3767 1514 renuntient

2192 1555 2454 1618 omnibus,
2488 1570 2579 1607 nec
2608 1561 2968 1622 paupertatem
2993 1551 3343 1621 evangelicum
3373 1552 3763 1618 amplexentur,

2191 1645 2328 1716 quod
2359 1645 2543 1699 Patres
2575 1641 2900 1712 Gangrenses
2924 1643 3111 1696 merito
3140 1641 3484 1696 damnarunt.
3517 1641 3608 1694 Est
3637 1658 3766 1711 ergo

2190 1737 2279 1791 ille
2303 1737 2560 1805 pretiosus
2596 1735 2729 1801 lapis
2747 1733 2985 1787 omnibus
3012 1733 3344 1798 coemendus,
3371 1733 3617 1801 perfectio
3663 1733 3769 1785 illa

2189 1830 2283 1884 sub
2306 1829 2525 1883 consilio
2545 1846 2574 1880 a
2613 1826 2826 1883 Christo
2848 1827 3140 1894 proposita,
3160 1836 3214 1876 ut
3245 1833 3292 1878 et
3316 1824 3622 1894 virginitas;
3654 1839 3768 1876 non

2189 1918 2302 1985 ipsa
2325 1915 2562 1969 absolute
2590 1917 2698 1968 vita
2730 1925 2925 1968 azterna
2947 1924 3036 1966 aut
3053 1915 3220 1981 pietas
3244 1911 3571 1968 Christiana.
3598 1913 3772 1966 Com-

2189 2007 2437 2062 belisium
2492 2011 2674 2061 autem
2731 2006 2774 2059 si
2806 2006 3147 2060 meminisset
3205 2021 3394 2060 eorum
3443 2021 3564 2075 qua:
3607 2006 3767 2074 prius

2189 2098 2438 2164 dixisset,
2479 2099 2608 2151 talia
2644 2113 2752 2151 non
2788 2098 3124 2168 scripturum
3187 2097 3360 2152 fuisse
3413 2102 3560 2167 puto.
3620 2097 3766 2150 Cum

2187 2191 2332 2243 enim
2358 2189 2412 2243 in
2436 2204 2498 2244 ea
2533 2189 2779 2242 oratione
2807 2227 2821 2249 ,
2874 2204 3034 2257 quam
3063 2187 3297 2242 Basilius
3343 2189 3393 2241 in
3429 2187 3623 2241 divites
3664 2187 3770 2240 ha-

2189 2282 2325 2347 buit,
2357 2282 2560 2352 aliquid
2593 2283 2771 2338 simile
2804 2281 3044 2350 legisset,
3088 2281 3161 2334 ita
3197 2278 3497 2349 respondit,
3533 2289 3590 2332 ut
3638 2279 3768 2348 ejus

2189 2376 2475 2445 responsio
2508 2377 2573 2430 ad
2617 2377 2765 2430 hunc
2812 2375 3143 2446 Regularum
3195 2374 3375 2427 locum
3410 2372 3613 2442 Optime
3667 2387 3768 2426 ac-

2189 2466 2522 2521 commodari
2553 2467 2748 2536 possit.
2795 2466 2984 2522 Basilii
3035 2474 3214 2520 autem
3259 2464 3446 2528 verba,
3475 2478 3595 2532 quae
3645 2466 3766 2534 jam

2189 2565 2348 2611 antea
2375 2558 2558 2621 retuli,
2589 2558 2673 2611 hic
2700 2573 2894 2613 rursus
2923 2556 3132 2612 edenda
3159 2553 3420 2625 judicavi.
3455 2553 3556 2608 Ubi
3595 2553 3768 2624 igitur

2188 2658 2465 2703 oratorum
2491 2651 2729 2719 optimus
2771 2649 3006 2705 Basilius
3038 2649 3199 2704 verba
3223 2646 3358 2701 facit
3402 2645 3470 2700 de
3529 2661 3593 2699 eo
3623 2648 3765 2699 ado-

2188 2743 2443 2807 lescente,
2481 2743 2565 2796 cui
2596 2757 2624 2794 a
2655 2740 2883 2796 Domino
2912 2742 3115 2796 dictum
3151 2740 3349 2802 fuerat,
3417 2738 3590 2793 Vende
3641 2755 3766 2807 qua:

2188 2831 2365 2893 habes,
2415 2842 2464 2884 et
2503 2831 2572 2884 da
2623 2831 2938 2901 pauperibus
2985 2832 3048 2895 ³⁷,
3099 2831 3179 2886 sic
3233 2830 3426 2885 scribit
3476 2830 3630 2899 (tom.
3696 2827 3763 2891 ll,

2188 2936 2312 2990 pag.
2345 2921 2432 2991 5i)
2468 2937 2479 2971 ε
2522 2921 2585 2973 Εἰ
2614 2921 2721 2992 γὰρ
2747 2921 2846 2973 οὐκ
2868 2921 3182 2990 ἐφόνευσας,
3235 2920 3311 2984 ὼς
3360 2921 3425 2973 σὺ
3481 2918 3604 2988 φὴς,
3634 2916 3765 2970 οὔτε

2114 3035 2154 3090 c
2189 3014 2526 3084 ἐμοίχευσας,
2559 3014 2680 3066 οὗτε
2710 3012 2962 3082 ἔκλεψας,
2994 3012 3116 3065 οὔτε
3146 3010 3636 3082 κατεμαρτύρησὰς
3679 3026 3765 3061 τι·-

2187 3123 2276 3170 νος
2325 3106 2624 3177 μαρτυρίαν
2647 3105 2836 3176 ψευδῆ,
2892 3105 3148 3176 ἀνόνητον
3194 3103 3404 3173 σεαυτῷ
3437 3105 3610 3164 ποιεῖς
3658 3101 3764 3170 τὴν

2188 3195 2317 3266 περὶ
2344 3193 2516 3248 ταῦτα
2567 3192 2824 3264 σπουδὴν,
2876 3191 2950 3263 μὴ
3003 3188 3310 3262 προστιθεὶς
3365 3189 3424 3241 τὸ
3469 3188 3650 3240 λεῖπον
3692 3187 3762 3238 δι’

2185 3278 2246 3337 οὗ
2301 3283 2460 3353 μόνου
2513 3284 2716 3356 δυνήσῃ
2773 3281 3032 3334 εἰσελθεῖν
3087 3281 3166 3341 είς
3196 3279 3294 3348 τὴν
3356 3275 3632 3348 βασιλείαν
3661 3276 3760 3329 τοῦ

2186 3375 2340 3428 Θεοῦ.
2380 3373 2590 3428 Etenim
2615 3375 2661 3427 si
2686 3389 2787 3427 non
2810 3371 3069 3434 occidisti,
3091 3379 3146 3422 ut
3173 3369 3252 3422 ais
3273 3377 3350 3435 tu,
3378 3385 3538 3438 neque
3558 3366 3763 3421 adulte-

2187 3469 2325 3522 rium
2377 3466 2709 3528 commisisti,
2766 3480 2925 3534 neque
2977 3461 3186 3530 furatus
3235 3477 3310 3525 es,
3365 3475 3527 3530 neque
3567 3467 3760 3512 contra

2185 3558 2479 3628 quempiam
2525 3557 2725 3626 falsum
2758 3557 3114 3610 testimonium
3159 3554 3367 3620 dixisti,
3410 3554 3760 3609 nihilominus

2187 3660 2362 3704 tamen
2402 3649 2692 3703 adhibitam
2731 3649 2783 3701 in
2825 3648 2906 3702 his
2936 3647 3148 3719 agendis
3183 3647 3511 3717 diligentiam
3544 3647 3638 3700 tibi
3667 3649 3758 3699 in-

2184 3741 2512 3809 fructuosam
2562 3741 2743 3810 eﬂicis,
2775 3740 2866 3810 qui
2899 3740 3039 3810 quod
3090 3740 3347 3809 reliquum
3379 3748 3455 3792 est
3484 3755 3585 3792 non
3612 3738 3762 3807 adji-

2185 3835 2318 3898 cias,
2341 3849 2440 3902 quo
2464 3832 2577 3885 solo
2602 3832 2772 3901 possis
2792 3832 2846 3885 in
2868 3831 2964 3886 Dei
2987 3847 3200 3901 regnum
3237 3829 3458 3900 ingredi.
3503 3828 3559 3882 ln
3583 3844 3750 3898 quem

2186 3927 2366 3980 locum
2399 3925 2757 3980 doctissimus
2784 3923 2868 3977 vir
2913 3921 3274 3978 Combefisius
3307 3922 3370 3990 (ι.
3404 3919 3448 3986 1,
3472 3935 3593 3990 pag-
3629 3919 3757 3983 115)

2185 4017 2301 4072 haec
2327 4017 2539 4071 notavit
2571 4032 2585 4068 :
2621 4015 2846 4080 Durior,
2885 4013 3080 4084 inquit,
3123 4013 3430 4081 propositio,
3467 4012 3512 4065 si
3554 4011 3760 4064 intelli-

2183 4123 2280 4176 gas
2309 4106 2372 4160 de
2398 4116 2597 4161 wterna
2629 4105 2821 4167 salute,
2871 4119 2962 4159 nec
2996 4119 3228 4172 exponas
3265 4102 3320 4154 in
3366 4100 3757 4169 pra’paratione

2186 4198 2373 4252 animi.
2430 4196 2542 4267 Ego
2593 4196 2761 4267 igitur
2787 4195 2911 4249 dico
2954 4208 3170 4263 quoque
3207 4193 3430 4247 duriora
3479 4207 3603 4246 esse
3630 4207 3756 4260 qua:

2184 4289 2419 4344 Basilius
2453 4290 2505 4343 in
2549 4289 2736 4358 regula
2761 4297 2953 4342 octava
2980 4285 3185 4354 majore
3207 4284 3451 4354 scripsit,
3483 4283 3528 4336 si
3549 4282 3755 4335 intelli-

3252 4376 3307 4428 in
3363 4374 3757 4441 pra-paratione

2179 4472 2365 4534 animi,
2393 4471 2487 4525 sed
2523 4471 2569 4524 si
2605 4471 2725 4539 ejus
2783 4469 2948 4524 verba
2988 4482 3215 4535 exponas
3256 4465 3310 4518 in
3363 4464 3754 4533 prwparatione

2180 4564 2364 4626 animi,
2407 4577 2470 4616 ea
2497 4561 2704 4614 allirmo
2739 4560 2959 4614 duriora
3004 4573 3111 4612 non
3138 4571 3278 4611 esse.
3324 4554 3755 4625 lteprehendun-

2178 4661 2269 4707 tur
2285 4667 2502 4722 quoque
2533 4666 2563 4705 a
2593 4649 2916 4706 Combelisio
2937 4688 2952 4714 ,
3002 4665 3123 4720 quae.
3161 4650 3217 4703 in
3252 4647 3436 4719 regula
3470 4646 3752 4700 tricesima

2182 4744 2423 4800 secunda
2439 4743 2507 4798 de
2530 4743 2848 4813 parentibus
2868 4759 2932 4798 ac
2965 4743 3210 4814 cognatis
3231 4743 3502 4811 leguntur.
3535 4738 3612 4793 lbi
3652 4752 3753 4791 au-

2182 4843 2290 4889 tem
2328 4837 2402 4888 ita
2436 4836 2696 4904 scriptum
2728 4842 2812 4890 est
2836 4835 2978 4905 (pag.
3031 4835 3200 4903 575):
3256 4835 3319 4886 El
3365 4832 3421 4885 δὲ
3481 4829 3752 4901 ἐμπεπλε-

2183 4925 2372 4993 γμένοι
2407 4925 2512 4977 εἰσὶ
2565 4924 2645 4994 τῷ
2687 4922 2848 4994 κοινῷ
2875 4923 2990 4995 βίῳ·
3026 4924 3196 4986 οὐδεὶς
3229 4924 3358 4994 ἡμῖν
3386 4920 3560 4982 κοινὸς
3608 4918 3751 4989 πρὸς

2176 5015 2369 5077 αὐτοὺς
2404 5014 2579 5084 λόγος,
2612 5018 2725 5077 τοῖς
2749 5015 2809 5067 τὸ
2833 5014 3106 5084 εὔσχημον
3156 5015 3247 5066 καὶ
3291 5010 3622 5082 εὐπάρεδρον
3667 5009 3748 5079 τῷ

2174 5102 2362 5174 Κυρίῳ
2387 5106 2808 5176 ἀπερισπάστως
2829 5103 3123 5175 κατορθοῦν
3157 5101 3534 5155 ἐσπουδακόσι.
3589 5099 3746 5165 Quod

2173 5194 2220 5246 si
2249 5195 2517 5263 implicati
2580 5206 2701 5250 sunt
2762 5196 2869 5248 uita
2915 5195 3199 5258 communi,
3223 5193 3370 5247 nulla
3397 5209 3477 5246 res
3529 5208 3648 5245 cum
3669 5193 3746 5245 eis

2171 5282 2322 5338 nobis
2353 5290 2642 5340 communis
2661 5296 2762 5350 est,
2794 5285 2886 5355 qui
2917 5285 3188 5338 honestum
3238 5283 3580 5353 decorumque
3634 5299 3742 5336 ser-

2170 5385 2312 5437 vare,
2345 5383 2394 5426 et
2422 5375 2633 5429 assidue
2656 5375 2764 5428 Deo
2801 5374 3060 5429 cohwrere
3098 5373 3389 5440 studemus,
3410 5375 3546 5428 citra
3573 5372 3746 5427 ullam

2251 5592 2320 5666 (c)
2352 5593 2520 5651 Basil.
2549 5615 2743 5659 recens.
2771 5609 2902 5658 tom.
2943 5600 3008 5668 ll,
3048 5618 3170 5675 pag.
3202 5601 3324 5659 165.
