3972 6202
201 370 303 423 {13

1604 366 1991 422 PBA‘IFATIO.

3347 358 3449 412 114

199 484 391 538 mentis
418 481 803 536 sberrationem
830 498 847 535 :
884 496 1006 551 quae
1035 482 1202 537 verba
1229 481 1384 535 valde
1410 482 1681 551 improbat
1710 484 1776 548 is,

1898 485 1992 537 Καὶ
2010 484 2135 546 τοὺς
2191 484 2248 536 ἐν
2275 478 2504 550 συζυγίᾳ
2526 478 2579 531 δὲ
2596 479 2771 547 γάμου
2797 474 3019 544 τοιούτῳ
3044 474 3142 543 βίῳ
3164 488 3453 543 προσερχο-

200 592 365 644 quem
391 575 582 644 sapius
607 574 746 633 dixi,
765 573 855 626 vir
884 572 1291 627 eruditissimus
1312 571 1779 639 Combelisius(a).

204 666 397 727 Porro,
426 665 619 734 inquit,
638 664 783 716 istud
806 663 875 717 de
904 664 1209 731 parentibus
1231 664 1322 731 qui
1352 664 1571 729 implexi
1589 664 1688 716 sint
1706 662 1784 732 τῷ

204 756 365 825 κοινῷ
388 755 506 823 βίῳ,
528 755 599 808 .id
629 763 731 815 est.
762 756 855 820 qui
880 754 1128 808 steculari
1159 754 1346 806 militia
1385 755 1582 816 vivant,
1648 754 1784 823 quod

205 863 297 899 nec
332 847 553 909 visendi,
592 863 687 899 nec
720 846 1029 913 recipiendi,
1065 861 1156 898 nec
1180 843 1423 913 juvandi,
1468 846 1621 914 quasi
1667 846 1784 913 jam

210 938 379 991 liberis
399 940 451 990 in
476 939 717 991 coenobio
752 937 998 991 monachi
1022 937 1181 990 vitam
1211 934 1483 1004 agentibus
1533 936 1666 987 nihil
1704 936 1783 987 illi

207 1030 483 1092 attineant,
510 1045 678 1081 unum
708 1028 914 1081 videtur
931 1037 981 1081 et
1010 1028 1306 1080 maximum
1336 1041 1400 1079 ea:
1430 1026 1697 1080 damnatis
1731 1029 1787 1080 in

208 1122 421 1173 concilio
449 1119 769 1189 Gangrensi.
806 1119 1119 1172 Honorandi
1180 1133 1379 1185 semper
1430 1128 1691 1185 parentes,
1727 1135 1788 1170 ac

208 1227 318 1264 cum
346 1222 556 1280 egeant,
587 1212 780 1281 quibus
814 1211 995 1272 liceat,
1031 1210 1271 1278 fovendi;
1304 1214 1409 1262 sive
1444 1212 1496 1260 in
1522 1210 1629 1262 vita
1652 1210 1789 1260 κατὰ

208 1302 352 1363 Θεόν,
378 1320 541 1371 quam
572 1305 652 1356 sic
683 1304 1061 1356 monachorum
1101 1312 1288 1355 auctor
1342 1310 1515 1363 vocat,
1573 1302 1678 1354 sive
1733 1302 1789 1351 in

212 1396 467 1445 communi
494 1402 545 1446 et
568 1394 755 1447 steculi
784 1396 913 1457 vita,
951 1411 1012 1446 ac
1037 1394 1113 1446 vel
1144 1394 1256 1460 ipsa
1278 1409 1380 1446 non
1407 1407 1628 1458 prorsus
1666 1390 1787 1442 lau-

211 1485 400 1549 dabili;
430 1496 693 1555 quantum
717 1496 893 1539 tamen
920 1496 1091 1539 status
1114 1486 1221 1553 ipse
1247 1485 1471 1552 patitur.
1501 1481 1630 1552 Legi
1655 1496 1792 1551 quo-

212 1593 309 1648 que
336 1585 515 1645 potest
542 1577 860 1631 Combeflsii
889 1587 1017 1630 nota
1063 1579 1119 1630 in
1160 1576 1401 1646 regulam
1434 1575 1561 1639 190,
1595 1575 1683 1628 ubi
1708 1574 1791 1627 vir

213 1671 395 1726 doctus
418 1669 477 1721 in
515 1667 853 1737 Regularum
882 1678 1164 1722 auctorem
1190 1668 1363 1721 multo
1412 1664 1789 1721 vehementius

213 1760 502 1814 invehitur.
529 1759 702 1813 Recte
720 1768 903 1814 autem
934 1767 989 1813 et
1011 1774 1137 1814 vere
1192 1759 1470 1813 adnotavit
1529 1757 1788 1812 eruditis-

1890 577 2084 647 μένους
2146 574 2530 643 ἀνακρίνεσϐαι
2583 573 2689 637 δεῖ,
2721 572 2768 623 εἰ
2820 570 2885 620 ἐκ
2946 564 3234 634 συμφώνου
3297 562 3454 615 τοῦτο

1887 667 2102 720 ποιοῦσι
2135 665 2273 718 κατὰ
2306 666 2401 735 τὴν
2420 662 2676 733 διαταγὴν
2706 660 2799 714 τοῦ
2843 656 3182 711 Ἀποστόλου.
3210 655 3317 709 Τοῦ
3345 655 3455 721 γὰρ

1890 758 2041 810 ἰδίου
2070 756 2363 824 σώματος,
2400 754 2582 824 φησὶν,
2620 754 2730 805 οὐκ
2764 748 3113 814 ἐξουσιάζει,
3142 748 3235 800 καὶ
3283 746 3454 807 οὕτως

1889 852 1981 904 ἐπὶ
2013 850 2273 903 πλειόνων
2340 848 2630 919 μαρτύρων
2674 843 2921 913 δέχεσθαι
2949 842 3038 894 τὸν
3086 838 3455 910 προσερχόμε-

1887 962 1996 995 νον.
2025 945 2189 1011 Atque
2216 944 2252 994 ii
2280 943 2438 995 etiam
2462 941 2550 1007 qui
2582 936 2919 991 matrimonio
2946 934 3234 1003 conjuncti,
3260 930 3327 983 ad
3359 934 3457 982 hu-

1881 1030 2120 1099 jusmodi
2143 1031 2262 1082 vita:
2287 1045 2445 1098 genus
2478 1026 2752 1090 accedunt,
2807 1023 3166 1093 interrogandi
3198 1032 3339 1085 sunt,
3388 1038 3457 1073 an

1891 1131 2069 1174 mutuo
2113 1136 2365 1174 consensu
2399 1121 2451 1172 id
2477 1120 2720 1188 efﬁciant,
2770 1133 2835 1171 ea:
2869 1116 3105 1183 Apostoli
3156 1122 3410 1182 pra'cepto
3439 1126 3457 1163 :

1896 1234 1914 1265 ‹
1953 1214 2119 1278 Nam,
2182 1216 2369 1285 inquit,
2428 1214 2512 1266 sui
2564 1212 2794 1279 corporis
2840 1218 3146 1278 potestatem
3202 1222 3303 1258 non
3350 1206 3458 1256 Ita-

1892 1306 2080 1371 bct'“,
2115 1327 2131 1359 ι
2167 1308 2340 1376 sicque
2366 1306 2454 1375 qui
2482 1304 2698 1363 accedit,
2730 1318 2907 1354 coram
2958 1297 3195 1368 pluribus
3242 1293 3457 1348 testibus

1891 1401 2216 1466 recipiendus
2255 1410 2378 1451 est:
2415 1412 2535 1465 quas
2567 1397 2730 1449 verba
2788 1392 3094 1452 retulimus,
3148 1404 3258 1441 non
3314 1386 3458 1454 quod

1891 1490 1957 1543 de
1988 1490 2072 1544 his
2097 1490 2203 1543 ulla
2232 1486 2604 1542 controversia
2624 1486 2715 1550 sit,
2738 1485 2831 1539 sed
2864 1481 3009 1553 quod
3041 1482 3106 1535 ad
3126 1478 3460 1548 responden—

1890 1579 2019 1633 dum
2051 1578 2360 1633 necessaria
2397 1592 2520 1632 esse
2550 1576 2862 1629 videantur.
2885 1572 3081 1627 Gravia
3118 1580 3246 1624 sunt
3277 1578 3331 1623 et
3353 1565 3458 1621 dif—

1892 1669 2058 1727 ficilia
2090 1686 2209 1739 qua:
2243 1677 2570 1737 sequuntur.
2626 1668 2704 1721 lla
2748 1667 2914 1735 igitur
2970 1663 3205 1717 Basilius
3252 1660 3461 1729 reliqua

1890 1762 2233 1832 persequitur
2267 1776 2279 1811 :
2324 1762 2385 1813 Ei
2427 1759 2483 1812 δὲ
2512 1758 2884 1820 διαστασιάζοι
2930 1755 2991 1807 τὸ
3031 1754 3215 1824 ἓτερον
3274 1751 3458 1821 μέρος,

212 1852 376 1905 simus
409 1851 495 1904 vir
524 1850 937 1914 Tillemontius,
963 1860 1056 1904 aut
1083 1851 1333 1919 aequalia,
1371 1860 1466 1904 aut
1499 1852 1663 1905 etiam
1696 1865 1786 1904 se-

1898 1855 1984 1907 καὶ
2013 1854 2352 1924 διαμάχοιτο,
2384 1852 2603 1905 ἔλαττον
2668 1848 2949 1921 φροντίζον
2982 1847 3082 1916 τῆς
3133 1845 3266 1916 πρὸς
3331 1842 3461 1917 Θεὸν

213 1944 418 1998 veriora
452 1944 513 1996 in
559 1944 748 2013 capite
794 1943 1058 1996 vicesimo
1106 1940 1574 1997 Constitutionum
1635 1943 1785 1997 inve-

210 2036 313 2092 niri
346 2035 535 2105 :quod
576 2051 650 2089 ne
684 2034 864 2103 ipsum
922 2035 1138 2102 quidem
1176 2032 1562 2088 Combeﬁsium
1608 2034 1785 2087 latuit.

211 2126 339 2179 Cum
368 2125 517 2180 enim
542 2125 617 2178 ad
650 2126 705 2179 id
730 2134 894 2193 caput
918 2124 1182 2187 venisset,
1209 2122 1543 2193 vidissetque
1583 2125 1785 2177 nullam

214 2217 282 2271 ibi
306 2232 482 2286 neque
530 2226 853 2286 parentum,
889 2231 1065 2285 neque
1114 2224 1467 2286 cognatorum
1523 2218 1786 2270 ratiOnem

219 2308 415 2371 haberi,
448 2309 527 2361 ita
565 2309 794 2377 scripsit
828 2327 841 2362 :
870 2306 1065 2361 Nescio
1087 2324 1155 2360 an
1188 2308 1321 2359 satis
1354 2306 1639 2376 Evangelio
1666 2324 1791 2361 con-

226 2411 349 2453 sonet
371 2409 527 2452 tanta
555 2400 671 2453 haec
700 2408 979 2467 parentum
1024 2397 1309 2461 abdicatio,
1351 2399 1396 2452 si
1424 2398 1548 2466 quid
1566 2409 1793 2450 extreme

233 2488 573 2542 laborantibus
606 2488 892 2541 monachus
926 2488 1037 2555 opis
1084 2495 1338 2553 praestare
1394 2487 1578 2552 possit.
1636 2484 1791 2539 Nunc

230 2593 384 2649 ergoa
419 2580 783 2644 Combeiisio,
815 2578 861 2633 si
909 2578 1136 2640 viveret,
1191 2575 1421 2629 libenter
1469 2590 1790 2643 quaererem,

230 2672 415 2725 cnrille
434 2680 735 2740 parentum
765 2671 924 2739 quasi
953 2675 1297 2736 contemptus
1318 2666 1623 2735 impedierit
1662 2666 1793 2734 quin

230 2759 538 2829 Regularum
575 2760 838 2815 Basilium
868 2768 1148 2815 auctorem
1181 2759 1403 2819 faceret.
1445 2774 1556 2813 non
1610 2767 1791 2812 autem

233 2850 521 2920 impedierit
566 2850 704 2919 quin
740 2850 917 2904 eidem
946 2849 1210 2903 tribueret
1225 2847 1687 2909 Constitutionum
1730 2847 1793 2899 li-

232 2940 393 3002 brum,
428 2956 556 2995 cum
586 2940 641 2993 in
680 2952 917 3009 utroque
944 2954 1107 3009 opere
1137 2939 1565 3009 parentumjnra
1592 2938 1795 3008 pariter

234 3034 403 3087 violari
424 3033 740 3087 videantur.
771 3031 837 3084 Et
868 3032 1069 3101 alioqui
1099 3047 1205 3085 non
1228 3040 1313 3087 est
1358 3031 1682 3093 timendum,
1728 3046 1796 3084 ne

234 3142 455 3194 unquam
488 3129 548 3178 in
591 3126 890 3179 liberorum
918 3124 1115 3177 animis
1148 3124 1363 3193 penitus
1416 3124 1794 3191 exstinguatur

235 3231 374 3271 amor
399 3228 719 3288 parentum,
744 3231 872 3270 cum
906 3232 971 3270 ex
1012 3232 1131 3271 sese
1190 3216 1458 3287 phuanicis
1489 3217 1542 3269 in
1571 3216 1791 3269 modum

235 3325 435 3378 semper
504 3316 861 3363 renascatur.
916 3306 1069 3372 Quod
1126 3308 1180 3360 in
1244 3309 1432 3377 regula
1498 3308 1795 3362 centesima

231 3400 396 3467 prima
445 3399 821 3469 vituperatur,
869 3397 1146 3467 improbos
1174 3397 1354 3451 vocari
1393 3412 1511 3462 eos,
1546 3399 1637 3468 qni
1690 3415 1797 3452 non

230 3494 398 3545 omnia
432 3492 581 3546 bona
606 3506 707 3546 sua
741 3489 1127 3550 vendiderunt,
1159 3489 1209 3542 id
1243 3490 1357 3544 leve
1377 3497 1481 3555 est,
1513 3499 1567 3544 et
1595 3491 1797 3544 nullius

229 3584 499 3637 momenti.
531 3581 774 3652 [mprobi
805 3583 949 3636 enim
1000 3582 1259 3635 dicuntur
1288 3597 1394 3635 non
1426 3584 1663 3651 proprie,
1700 3582 1795 3637 sed

228 3673 361 3741 quod
390 3675 579 3729 minus
610 3674 772 3743 probi
804 3674 935 3736 sint,
966 3676 1261 3743 minusque
1318 3672 1568 3743 perfecti.
1603 3671 1795 3739 Omisi,

226 3766 359 3833 quod
388 3766 618 3820 minime
643 3764 848 3827 decuit,
882 3765 1025 3818 aliud
1047 3763 1358 3818 Combelisii
1394 3772 1793 3835 argumentum.

227 3854 591 3925 Conqueritur
624 3855 794 3924 igitur
825 3857 910 3909 vir
945 3855 1162 3918 doctus,
1188 3857 1484 3909 sanctiores
1520 3856 1799 3908 matrimo-

225 3950 294 4002 ιιἱὶ
320 3950 466 4018 leges
515 3963 752 4019 prorsus
793 3948 847 4001 in
895 3947 1081 4017 regula
1126 3946 1446 4001 duodecima
1506 3948 1799 4016 prolixiore

223 4042 490 4110 abmgari.
532 4041 712 4110 Ipsius
737 4041 853 4094 inec
893 4051 1019 4096 sunt
1064 4042 1274 4096 verba:
1315 4037 1438 4093 Non
1481 4050 1648 4107 potest
1695 4040 1802 4093 dici

221 4136 414 4187 clarius
431 4136 644 4203 aliquid
672 4134 739 4186 ad
764 4135 863 4187 vim
894 4135 1065 4197 illam,
1089 4151 1248 4203 quam
1277 4131 1616 4186 Eustathiani
1649 4132 1800 4186 adhi-

222 4221 402 4274 bebant
429 4223 722 4290 conjugiis,
743 4232 799 4274 ut
829 4232 1147 4290 pugnantem
1185 4223 1409 4276 alterum
1435 4223 1728 4293 conjugem,
1753 4225 1802 4279 vi

219 4313 359 4364 omni
389 4313 458 4364 ad
489 4312 653 4364 alteri
681 4312 871 4365 volenti
899 4315 1200 4366 renuntiare
1232 4314 1617 4368 assentiendum
1647 4332 1802 4385 coge-

222 4414 355 4467 rent,
382 4413 473 4455 aut
502 4406 667 4456 etiam
696 4404 788 4457 illo
820 4406 981 4457 invito
1037 4407 1424 4458 renuntiantem
1480 4406 1799 4473 reciperent;

221 4494 355 4563 quod
399 4495 535 4548 nihil
587 4495 909 4563 subjectione
960 4496 1027 4549 ad
1078 4496 1266 4559 Deum,
1316 4497 1447 4551 nihil
1510 4497 1802 4551 obedientia

224 4586 622 4653 prwstabilius;
657 4588 939 4656 meritoque
957 4587 1276 4641 damnarunt
1323 4589 1509 4641 Patres
1536 4588 1802 4657 Gangren-

224 4695 321 4733 ses.
362 4680 507 4735 Sane
534 4680 709 4732 virum
740 4679 804 4731 ab
836 4695 996 4733 uxore
1033 4698 1134 4733 non
1169 4680 1451 4743 discedere,
1476 4680 1573 4734 Dei
1611 4696 1800 4747 praece-

225 4779 362 4834 ptum
385 4780 501 4830 est;
533 4770 837 4823 castitatem
863 4769 1108 4837 prteferre
1132 4769 1297 4821 altero
1315 4770 1593 4837 conjugum
1614 4768 1797 4830 invito,

227 4878 323 4913 non
358 4861 453 4915 Dei
471 4862 649 4930 jussis
681 4877 865 4929 parere
900 4870 997 4923 est,
1048 4863 1193 4931 eique
1221 4861 1433 4929 subjici,
1483 4860 1573 4913 sed
1619 4860 1800 4928 palam

229 4968 453 5019 pugnare
485 4970 504 5006 :
535 4954 642 5005 nisi
674 4968 791 5005 eum
830 4962 1005 5005 ratum
1042 4951 1307 5004 duntaxat
1357 4952 1656 5020 conjugium
1698 4960 1798 5014 est,

232 5057 313 5094 nec
334 5059 394 5094 ea
415 5043 565 5110 plene
588 5041 871 5110 conjugum
892 5050 1074 5094 mutua
1109 5042 1329 5093 servitus
1374 5042 1526 5093 coivit
1558 5056 1575 5092 :
1604 5057 1707 5109 qua
1736 5044 1799 5093 de

236 5149 283 5185 re
306 5134 438 5186 nihil
457 5142 650 5185 auctor
674 5134 918 5201 cogitavit
940 5149 959 5194 ,'
991 5132 1082 5185 sed
1104 5133 1205 5185 vim
1236 5131 1475 5185 absolute
1514 5131 1798 5200 conjugiis,

234 5228 371 5294 quasi
400 5226 509 5279 Deo
521 5224 743 5293 jubente
770 5225 1051 5277 divortium
1096 5224 1378 5294 ἀσκήσεως
1404 5235 1681 5291 praetextu,
1714 5224 1800 5291 fa-

238 5319 459 5373 ciendam
511 5318 770 5372 admittit.
817 5315 1143 5370 Audivimus
1195 5316 1577 5369 Combefisium
1612 5333 1624 5365 :
1658 5331 1802 5369 nunc

241 5410 486 5468 Basiliam
520 5410 832 5474 audiamus,
857 5410 951 5479 qui
982 5409 1062 5463 sic
1083 5410 1322 5479 loquitur
1343 5408 1486 5478 (reg.
1510 5407 1577 5459 12
1626 5406 1757 5477 fus.)
1786 5428 1798 5463 :

299 5586 405 5642 ³⁷⁸1
438 5587 567 5643 Cor.
600 5604 672 5643 vn
695 5628 711 5652 ,
745 5587 798 5641 4.
877 5584 924 5616 ³⁸
962 5583 1093 5639 ibid.
1130 5585 1215 5639 15.
1290 5585 1332 5615 ³³
1374 5582 1504 5637 Luc.
1544 5600 1655 5645 xxv,
1690 5582 1780 5640 26.

298 5742 367 5815 (a)
390 5744 572 5803 Camb.
600 5745 653 5801 in
682 5742 861 5799 Basil.
897 5757 1093 5795 recens.
1124 5751 1253 5795 tom.
1282 5738 1344 5802 ll,
1376 5755 1496 5809 pag.
1525 5736 1615 5800 77.

1888 1946 2315 2015 εὐαρεστήσεως,
2370 1943 2785 2014 μνημονευέσθω
2833 1945 2861 1995 ὁ
2900 1938 3217 1999 Ἀπόοτολος
3267 1934 3459 2002 λέγων,

1904 2038 2003 2092 Ἐν
2027 2037 2094 2089 δὲ
2111 2037 2316 2105 εἰρήνῃ
2348 2036 2642 2101 κέκληκεν
2666 2033 2821 2103 ἡμᾶς
2850 2035 2880 2085 ό
2913 2033 3056 2097 Θεός
3079 2047 3091 2059 ·
3114 2029 3207 2083 καὶ
3226 2023 3461 2096 πληρού-

1894 2127 2004 2180 σθω
2050 2127 2111 2179 τὸ
2174 2126 2506 2197 πρόσταγμα
2548 2124 2641 2177 τοῦ
2695 2122 2899 2194 Κυρίου
2947 2121 3192 2183 εἰπόντος
3219 2136 3232 2149 ’
3271 2118 3343 2170 El
3376 2135 3465 2182 τις

1890 2217 2125 2287 ἔρχεται
2152 2218 2301 2285 πρὸς
2317 2217 2413 2285 μὲ,
2451 2217 2547 2269 καὶ
2575 2219 2646 2269 οὺ
2676 2214 2844 2284 μισεῖ
2867 2214 2975 2266 τὸν
3013 2214 3236 2279 πατέρα
3255 2209 3463 2273 αὐτοῦ,

1891 2310 1991 2363 καὶ
2026 2310 2142 2377 τὴν
2165 2308 2411 2378 μητέρα,
2442 2309 2537 2361 καὶ
2570 2307 2683 2374 τὴν
2706 2305 2979 2375 γυναῖκα,
3019 2303 3119 2356 καὶ
3148 2304 3218 2355 τὰ
3258 2301 3462 2354 τέκνα.

1892 2402 1986 2454 καὶ
2014 2401 2079 2453 τὰ
2110 2400 2291 2463 λοιπὰ,
2314 2401 2386 2452 οὐ
2413 2398 2663 2451 δύναταί
2694 2415 2812 2466 μου
2843 2391 2993 2448 εἶναι
3012 2393 3294 2462 μαθητής.
3314 2388 3466 2455 Quod

1892 2491 1939 2543 si
1969 2490 2251 2543 dissentiat
2300 2489 2469 2541 altera
2520 2504 2665 2555 pars,
2700 2492 3064 2553 repugnetque,
3104 2480 3240 2551 quod
3292 2480 3465 2531 minus

1891 2579 2125 2634 sollicita
2150 2580 2237 2644 sit,
2270 2577 2527 2649 quomodo
2566 2576 2774 2645 placeat
2809 2574 2939 2635 Deo,
2965 2573 3020 2625 in
3052 2580 3271 2624 mentem
3294 2567 3464 2621 veniat

1896 2672 2155 2738 Apostoli,
2207 2672 2296 2739 qui
2362 2671 2541 2723 dicit:
2568 2687 2587 2718 ι
2632 2667 2695 2720 In
2733 2683 2858 2736 pace
2917 2673 3093 2718 autem
3126 2662 3325 2717 vocavit
3371 2676 3465 2712 nos

1896 2762 2037 2818 Deus
2058 2764 2141 2830 ³⁸;
2177 2783 2195 2814 ι
2229 2771 2382 2831 atque
2408 2762 2691 2830 impleatur
2734 2767 3050 2829 praeceptum
3106 2755 3340 2819 Domini,
3378 2754 3466 2823 qui

1895 2856 2077 2910 dixit:
2115 2875 2132 2907 ι
2178 2855 2238 2909 Si
2281 2855 2396 2923 quis
2450 2856 2585 2909 venit
2644 2854 2711 2905 ad
2766 2869 2867 2917 me,
2910 2861 3094 2904 etnon
3124 2849 3233 2901 odit
3262 2856 3465 2915 patrem

1897 2963 2070 3007 suum,
2123 2955 2171 3000 et
2224 2956 2471 3010 matrem,
2524 2953 2572 2999 et
2635 2960 2876 3005 uxorem,
2911 2952 2959 2996 et
2991 2943 3154 3011 ﬁlios,
3187 2950 3314 3005 ctc.,
3364 2956 3469 2992 non

1895 3049 2061 3106 potest
2086 3055 2227 3093 meus
2253 3055 2363 3092 esse
2400 3038 2690 3107 discipulus
2717 3037 2784 3091 ³⁸.
2824 3055 2841 3086 ι
2878 3034 2955 3087 Ex
2979 3034 3181 3104 quibus
3230 3031 3465 3103 perspici

1900 3138 2079 3200 potest
2100 3147 2290 3187 Omnes
2317 3131 2533 3201 quidem
2563 3130 2730 3199 recipi
2775 3128 2975 3182 debere
3020 3128 3075 3179 in
3136 3122 3468 3177 monasterio

1900 3222 1968 3276 de
1991 3220 2172 3276 Basilii
2229 3222 2519 3283 sententia,
2559 3229 2668 3273 tam
2704 3235 2799 3273 eos
2853 3218 2945 3287 qui
3002 3214 3468 3271 consentientibus

1904 3315 2166 3369 uxoribus
2184 3314 2472 3376 accedunt,
2501 3326 2664 3381 quam
2693 3327 2808 3372 eos,
2844 3324 3077 3379 quorum
3130 3321 3330 3361 uxores
3377 3320 3466 3358 re—

1902 3415 2147 3478 pugnant
2178 3424 2191 3460 :
2221 3406 2314 3461 sed
2341 3422 2448 3460 non
2477 3406 2665 3460 eodem
2692 3404 2871 3458 modo.
2910 3402 2988 3455 Illi
3016 3404 3161 3457 enim
3192 3401 3265 3454 ita
3322 3398 3468 3453 reci-

1902 3500 2212 3570 piebantur,
2264 3508 2325 3551 ut
2362 3498 2597 3552 Basilius
2662 3505 2829 3551 testes
2886 3495 3131 3549 adhiberi
3179 3494 3335 3547 vellet
3366 3512 3378 3546 :
3414 3490 3469 3544 lii

1903 3606 2031 3645 vero
2056 3606 2178 3645 cum
2210 3589 2602 3659 reciperentur,
2628 3595 2797 3641 testes
2843 3586 3035 3640 adesse
3081 3598 3301 3639 necesse
3360 3598 3470 3636 non

1900 3690 2040 3743 erat,
2068 3688 2252 3750 utpote
2284 3695 2514 3748 quorum
2538 3677 2769 3731 Basilius
2791 3678 3117 3730 mentionem
3147 3689 3253 3729 non
3286 3673 3468 3726 faciat.

1903 3773 2056 3828 Unde
2084 3782 2262 3826 autem
2298 3772 2554 3826 lioc?nisi
2586 3772 2711 3841 quia
2744 3770 2954 3839 priores
2982 3767 3049 3820 ad
3075 3764 3466 3837 professionem

1902 3864 2353 3924 admittebantur,
2388 3862 2468 3916 sic
2524 3878 2631 3915 non
2682 3865 2761 3915 eis
2812 3860 3044 3928 amplius
3079 3874 3107 3910 c
3136 3858 3468 3912 monasterio

1902 3955 2085 4025 egredi
2146 3956 2372 4017 liceret;
2427 3954 2497 4006 ob
2550 3953 2711 4021 idque
2769 3952 3067 4005 intererant
3098 3956 3288 4011 testes,
3326 3954 3385 4000 ut
3420 3947 3468 4001 si

1902 4046 2122 4117 quando
2145 4058 2266 4099 vota
2297 4061 2395 4100 sua
2431 4044 2582 4097 irrita
2612 4043 2790 4097 facere
2814 4043 3033 4106 vellent,
3061 4042 3342 4093 hominum
3373 4039 3468 4109 qui

1904 4138 2210 4192 adfuissent
2242 4135 2563 4190 testimonio
2601 4134 2972 4187 retinerentur
3010 4151 3023 4188 :
3052 4132 3188 4185 alios
3223 4145 3353 4185 vero
3379 4145 3470 4183 co—

1905 4243 2018 4281 ram
2046 4226 2279 4282 testibus
2311 4225 2476 4293 recipi
2510 4215 2743 4277 Basilius
2774 4237 2880 4275 non
2906 4220 3155 4290 jubebat,
3184 4217 3327 4289 quod
3364 4232 3471 4269 non

1905 4319 1968 4373 ad
1998 4319 2397 4389 professionem
2428 4319 2863 4372 admitterentur.
2897 4317 2990 4370 sed
3023 4314 3088 4368 ad
3125 4308 3473 4367 exercitatio-

1907 4426 2049 4464 nem.
2088 4408 2248 4461 Aliud
2279 4417 2460 4461 autem
2489 4409 2661 4460 multo
2691 4416 2794 4470 est,
2832 4406 3042 4459 admitti
3077 4402 3142 4457 ad
3175 4398 3473 4471 professio-

1907 4515 2053 4561 nem,
2076 4507 2128 4553 et
2155 4498 2325 4560 aliud,
2354 4498 2421 4551 ad
2454 4498 2919 4551 exercitationem.
2947 4494 3157 4548 Etenim
3195 4489 3472 4557 semelqui

1909 4589 2191 4657 professus
2213 4597 2315 4653 est,
2346 4604 2453 4642 non
2484 4599 2566 4642 est
2611 4588 2844 4657 amplius
2885 4586 2970 4642 sui
3013 4584 3153 4654 juris
3179 4602 3190 4636 :
3221 4582 3312 4651 qui
3344 4595 3473 4633 vero

1910 4679 2325 4733 exercitationis
2351 4692 2518 4733 causa
2554 4679 2607 4730 in
2649 4678 3042 4732 monasterium
3076 4673 3338 4737 introivit,
3364 4684 3474 4724 non

1908 4779 2195 4838 propterea
2236 4770 2321 4824 sui
2369 4770 2509 4837 juris
2539 4786 2662 4825 esse
2716 4770 2936 4831 desinit,
2978 4766 3095 4830 sed,
3127 4766 3173 4821 si
3198 4767 3269 4819 ita
3301 4762 3472 4827 lubet,

1906 4862 2086 4931 egredi
2121 4870 2317 4931 potest.
2344 4862 2493 4916 lianc
2511 4874 2688 4917 autem
2714 4862 2901 4917 Basilii
2934 4859 3257 4914 sententiam
3282 4856 3473 4919 fuisse,

1908 4969 2088 5019 nemo,
2119 4954 2333 5023 opinor,
2364 4955 2547 5019 homo,
2578 4955 2669 5023 qui
2699 4956 2819 5022 ejus
2844 4953 3005 5007 verba
3031 4958 3234 5005 attente
3264 4948 3473 5020 legerit,

1906 5046 2147 5115 negabit.
2185 5046 2296 5099 Cur
2331 5046 2476 5099 enim
2495 5087 2508 5107 .
2536 5062 2741 5115 quaeso,
2769 5044 2948 5114 rogari
2968 5041 3250 5104 voluisset,
3270 5057 3337 5093 an
3354 5054 3445 5093 mu

1908 5148 1996 5191 tuo
2022 5155 2279 5193 consensu
2329 5139 2383 5191 id
2421 5140 2666 5208 efﬁciant,
2719 5139 2764 5193 si
2791 5152 2980 5192 omnes
3010 5151 3075 5189 ex
3104 5149 3260 5204 aequo
3306 5129 3473 5202 recipi

1907 5229 2106 5285 debere
2159 5231 2519 5285 credidisset?
2579 5230 3056 5298 lnterrogabantur
3093 5236 3274 5283 autem
3311 5233 3391 5289 ut,
3425 5224 3471 5279 si

1908 5336 2109 5375 uxores
2166 5323 2478 5377 consentire
2535 5330 2835 5386 constaret,
2898 5321 3311 5391 proﬁterentur;
3383 5317 3472 5373 sin

1910 5413 2113 5478 minus,
2171 5412 2591 5468 admitterentur
2648 5412 2867 5482 quidem
2922 5412 2989 5467 ad
3032 5408 3474 5466 exercitationem
