3972 6202
494 349 598 406 “5

1910 349 2306 411 PREFATIO.

3657 350 3775 405 “6

491 478 590 533 per
619 462 837 533 aliquod
872 472 1110 537 tempus,
1141 484 1421 541 nunquam
1467 479 1650 527 autem
1679 471 1746 525 ad
1770 468 2065 540 professio-
2093 471 2141 527 Α
2172 482 2236 522 ac
2266 468 2461 522 miram
2487 466 2643 522 dicit.
2678 474 2734 521 et
2760 480 2789 520 a
2817 463 3166 531 Combeﬁsio.
3208 466 3303 538 qui
3358 465 3413 521 in
3446 464 3559 537 ipsa
3600 462 3772 520 Stoi-

490 571 638 621 nem,
664 558 771 613 nisi
804 575 1038 616 uxorum
1072 578 1377 621 consensus
1408 565 1625 621 tandem
1671 564 1975 620 accederet.
2004 562 2064 618 1d

488 647 562 701 ita
582 664 706 706 esse
734 660 920 721 aperte
944 656 1261 721 ostendunt,
1287 673 1409 728 quae
1433 665 1756 729 sequuntur.
1797 656 1936 711 Sunt
1965 672 2067 710 au-

489 747 597 793 tem
623 741 938 812 hujusmodi
967 750 1110 818 (pag.
1144 748 1271 821 554)
1313 768 1327 804 :
1372 751 1563 821 Ἡμεῖς
1606 750 1664 804 δὲ
1707 749 1954 820 ἔγνωμεν
2003 749 2063 800 ἐν

488 830 704 895 πολλοῖς
754 835 1011 901 πολλάκις
1057 840 1151 892 καὶ
1194 839 1283 895 διὰ
1319 842 1571 897 συντόνου
1619 842 1926 915 προσευχῆς
1967 840 2064 895 καὶ

486 922 738 991 νηστείας
767 928 1070 994 ἀνενδότου,
1101 930 1192 985 τὸν
1221 933 1422 987 σκοπὸν
1457 935 1557 1006 τῆς
1594 937 1652 988 ἐν
1682 935 1875 1006 ἁγνείᾳ
1918 932 2064 1005 ζωῆς

486 1015 926 1087 περιγενόμενον,
956 1021 1049 1074 τοῦ
1077 1024 1279 1095 Κυρίου
1305 1028 1431 1089 τοὺς
1473 1028 1634 1099 μέχρι
1662 1026 1864 1089 παντὸς
1897 1029 2062 1080 deret-

486 1099 732 1170 θοῦντας,
759 1109 850 1161 καὶ
865 1110 931 1162 δι’
965 1112 1211 1184 ἀνάγκης
1239 1116 1496 1178 πολλάκις
1517 1117 1835 1188 σωματικῆς
1848 1121 1912 1188 τῇ
1935 1134 2036 1184 συγ
2038 1146 2064 1157 ·

486 1195 775 1250 καταθέσει
820 1201 920 1271 τῆς
956 1201 1121 1274 ὀρθῆς
1163 1205 1398 1276 κρίσεως
1442 1207 1763 1276 ὑπάγοντος.
1797 1206 2061 1261 Caterum

487 1298 582 1337 nos
605 1295 768 1341 casta:
797 1291 916 1343 vitte
940 1295 1155 1362 agenda:
1176 1295 1455 1348 consilium
1483 1312 1588 1349 non
1615 1313 1738 1350 raro
1762 1307 1872 1350 tum
1915 1296 2064 1350 velteo

485 1375 738 1428 mentium
777 1393 1009 1445 precum,
1052 1388 1163 1434 tnm
1192 1382 1396 1436 assidui
1418 1384 1612 1453 jejunii
1646 1401 1739 1454 ope
1772 1386 1824 1439 in
1878 1385 2060 1438 muttis

486 1468 828 1531 prtevaluisse
857 1473 1113 1533 novimus,
1140 1473 1364 1528 Domino
1390 1492 1499 1540 eos,
1526 1477 1615 1546 qui
1629 1492 1847 1545 prorsus
1891 1477 2060 1532 obsti-

485 1561 600 1613 nati
627 1571 802 1627 erant,
826 1579 962 1632 swpe
994 1566 1153 1619 etiam
1198 1582 1290 1634 per
1327 1569 1652 1634 corporalem
1696 1571 2058 1626 necessitatem

487 1652 560 1706 ad
585 1665 781 1709 rectum
801 1657 1067 1731 judicium
1091 1661 1537 1730 comprobandum
1560 1662 1852 1719 inducente.
1877 1665 2057 1721 Causa

487 1745 673 1815 igitur,
726 1762 825 1802 cur
887 1750 1126 1808 Basilius
1159 1752 1424 1822 quosdam
1479 1754 1667 1811 invitis
1696 1757 1958 1813 uxoribus
1996 1757 2049 1811 in

485 1841 816 1894 monasteria
849 1842 915 1896 ad
947 1844 1391 1899 exercitationem
1425 1846 1696 1902 introduci
1724 1850 1906 1913 vellet,
1936 1849 2051 1903 hare

482 1934 621 1991 erat,
644 1930 787 1998 quod
820 1931 1091 2000 ejusmodi
1133 1942 1300 1990 castae
1328 1936 1452 1990 vitae
1485 1938 1707 2005 agendae
1757 1939 2053 1993 consilium

484 2018 737 2084 precibus
784 2030 838 2075 et
877 2022 1106 2091 jejuniis
1160 2040 1300 2094 ssepe
1359 2027 1416 2080 in
1470 2027 1660 2082 multis
1689 2029 2040 2098 praevaluisse

480 2116 688 2163 nosset.
733 2108 889 2176 Quod
946 2112 1099 2167 addit
1156 2113 1542 2180 Combetisius,
1580 2118 1835 2173 traditam
1864 2120 1917 2174 in
1950 2121 2051 2177 hac

476 2200 664 2269 regula
692 2200 992 2257 doctrinam
1040 2219 1071 2257 a
1118 2205 1370 2262 Patribus
1398 2208 1807 2280 Gangrensibus
1836 2211 2054 2267 damna-

479 2297 593 2343 tam
622 2290 813 2358 fuisse,
852 2292 905 2347 id
944 2295 1010 2348 ad
1046 2310 1163 2349 rem
1193 2312 1303 2350 non
1346 2302 1619 2369 pertinere
1674 2302 1788 2371 jam
1841 2303 2051 2373 pridem

477 2381 690 2434 monuit
746 2382 1093 2439 clarissimus
1144 2388 1227 2440 vir
1257 2386 1662 2446 Tillemontius.
1716 2389 1775 2445 In
1810 2407 1874 2447 eo
1903 2394 2051 2448 enim

476 2476 713 2530 concilio
744 2476 822 2550 (a)
850 2478 932 2534 ha:
949 2481 1206 2538 mulieres
1222 2482 1572 2549 damnantur,
1604 2504 1726 2557 qua)
1780 2489 1902 2544 ideo
1937 2505 2047 2543 ma-

476 2567 614 2622 ritos
633 2569 1032 2640 relinquebant,
1061 2575 1205 2643 quod
1241 2578 1652 2633 matrimonium
1706 2580 1995 2636 horrerent
2032 2598 2044 2633 :

474 2674 635 2726 quem
677 2661 920 2731 conjugii
948 2664 1229 2721 horrorem
1282 2673 1494 2723 tantum
1546 2671 1699 2727 abest
1729 2680 1788 2725 ut
1822 2671 2052 2744 Regula-

477 2764 600 2803 rum
632 2760 824 2806 auctor
852 2756 1106 2821 suaserit,
1134 2766 1192 2810 ut
1220 2757 1384 2812 etiam
1409 2763 1627 2829 nuptias
1653 2770 1705 2817 et
1754 2764 2049 2832 permissas

474 2845 529 2891 et
553 2836 697 2911 [Dei]
732 2841 1112 2899 benedictione
1141 2845 1442 2904 honoratas
1467 2848 1642 2905 fuisse
1685 2866 1945 2921 expresse
1966 2854 2046 2908 di-

473 2936 562 2983 cat
578 2929 715 2999 (reg.
749 2931 783 2985 5
817 2930 970 3003 fus.).
1001 2933 1153 3000 Quod
1179 2938 1369 2993 ultimo
1391 2940 1510 2995 loco
1528 2940 1887 3000 Combeﬁsius
1909 2945 2048 3013 obji-

473 3020 571 3082 cit,
598 3019 652 3074 id
687 3019 1034 3080 Tillemontio
1055 3027 1130 3080 ita
1156 3043 1319 3098 grave
1354 3031 1528 3087 visum
1553 3043 1658 3100 est,
1695 3042 1754 3087 ut
1785 3034 2045 3090 Basilium

2172 575 2300 613 cum
2330 558 2593 630 quiddam
2630 561 2858 631 reperit,
2887 561 3044 632 longe
3063 560 3347 615 dissentio.
3390 555 3574 628 Neque
3598 557 3771 611 enim

2167 650 2223 704 in
2256 649 2443 705 Basilii
2466 652 2649 706 verbis
2678 653 2978 722 quidquam
3038 650 3416 722 excipiendum
3476 649 3764 711 arbitror,

2167 756 2347 811 neque
2394 742 2451 797 in
2504 743 2697 798 iisdem
2736 745 2904 799 ullum
2943 745 3137 815 dogma
3190 743 3434 797 Stoicum
3495 739 3765 795 invenio.

2171 827 2342 884 Velim
2381 830 2549 899 igitur
2572 846 2802 900 scopum
2844 834 3176 888 sanctissimi
3206 832 3382 886 Patris
3427 838 3590 901 atque
3627 843 3768 900 pro-

2166 925 2405 993 positum
2437 927 2699 994 spectari.
2730 924 3101 996 Interrogatus
3126 925 3299 980 fuerat
3322 923 3575 986 Basilius,
3605 936 3767 992 quo-

2164 1015 2326 1069 modo
2355 1030 2479 1070 cum
2505 1019 2573 1072 iis
2604 1022 2873 1088 agendum
2930 1020 3023 1083 sit,
3060 1019 3151 1089 qui
3198 1018 3457 1087 graviora
3515 1017 3762 1087 quidem

2165 1114 2390 1176 peccata
2415 1107 2681 1173 devitant,
2716 1109 2809 1165 sed
2833 1109 3042 1164 leviora
3078 1108 3554 1163 indiscriminatim
3585 1121 3761 1160 com-

2161 1199 2385 1253 mittunt
2416 1219 2428 1254 :
2456 1201 2544 1254 cui
2581 1201 2997 1270 interrogationi
3035 1201 3109 1254 ita
3147 1200 3478 1270 respondere
3525 1197 3758 1262 debuit,

2166 1299 2222 1343 ut
2256 1291 2310 1345 id
2370 1292 2476 1345 sibi
2515 1302 2640 1347 ante
2684 1295 2867 1347 omnia
2910 1301 3262 1363 proponeret,
3289 1300 3349 1345 ut
3396 1292 3516 1345 illos
3551 1305 3761 1343 mona-

2164 1382 2298 1435 chos
2330 1396 2556 1452 aprava
2617 1384 2709 1436 illa
2761 1384 3163 1439 consuetudine
3210 1383 3525 1438 deterreret.
3587 1380 3759 1435 Nihil

2161 1488 2292 1543 ergo
2329 1473 2398 1527 ab
2423 1489 2490 1528 eo
2523 1474 2718 1530 melius
2747 1473 2856 1529 dici
2878 1475 3073 1545 potuit,
3102 1490 3225 1528 cum
3260 1474 3350 1527 illa
3373 1471 3585 1527 Domini
3621 1486 3759 1528 sen-

2164 1565 2359 1626 tentia,
2401 1580 2521 1635 qua:
2568 1566 2781 1619 nullum
2836 1568 2893 1620 in
2937 1565 3174 1636 peccatis
3225 1563 3519 1619 discrin‘len
3557 1561 3752 1632 ponit,

2164 1672 2272 1710 una
2303 1659 2547 1711 omnium
2607 1657 2892 1727 aptissima
2945 1657 3015 1712 sit
3076 1664 3240 1725 atque
3278 1653 3757 1710 accommodatis—

2170 1747 2307 1802 sima
2328 1748 2396 1802 ad
2425 1747 2642 1802 animos
2687 1747 3093 1819 perterrendos.
3121 1746 3266 1818 Ergo
3316 1747 3363 1801 si
3419 1744 3545 1800 linis
3589 1745 3751 1815 ejus,

2170 1855 2331 1909 quem
2357 1839 2461 1895 sibi
2488 1838 2723 1896 Basilius
2748 1840 3054 1910 proposuit,
3081 1840 3221 1893 ratio
3256 1837 3542 1902 habeatur,
3594 1837 3752 1891 nihil

2160 1939 2244 1985 est
2276 1932 2330 1984 in
2374 1931 2479 1985 hac
2497 1932 2707 2002 regula,
2750 1931 2893 2002 quod
2952 1938 3047 1985 aut
3073 1946 3103 1984 a
3139 1929 3466 1985 Combeﬂsio
3488 1928 3619 1999 jure
3648 1943 3755 1999 po-

2158 2022 2326 2077 tuerit
2389 2021 2732 2092 reprehendi,
2790 2032 2885 2077 aut
2938 2037 2968 2075 a
3013 2020 3365 2076 Tillemontio
3420 2017 3751 2074 necessario

2156 2115 2332 2184 excipi
2356 2113 2623 2170 debuerit.
2656 2115 2891 2170 Basilius
2933 2123 3135 2180 autem,
3184 2114 3342 2182 quasi
3392 2112 3748 2182 praevidisset

2157 2222 2267 2259 non
2297 2206 2504 2269 defore,
2539 2206 2632 2275 qui
2667 2206 2841 2276 ipsius
2873 2206 3036 2260 verba
3081 2205 3135 2258 in
3174 2204 3371 2256 malam
3396 2211 3607 2272 partem
3643 2214 3748 2254 ac-

2156 2301 2421 2369 ciperent,
2456 2300 2785 2354 sententiam
2836 2313 2988 2353 suam
3017 2299 3085 2352 de
3115 2296 3431 2352 discrimine
3476 2301 3747 2366 peccato-

2155 2406 2279 2444 rnm
2329 2391 2696 2447 disertissime
2760 2390 3082 2460 explicavit,
3145 2404 3269 2443 cum
3337 2389 3450 2442 haec
3520 2386 3745 2441 addidit

2158 2484 2303 2555 (pag.
2370 2483 2494 2540 5l8l
2526 2502 2537 2537 :
2579 2484 2754 2547 Ὄλως
2777 2483 2854 2547 δὲ,
2883 2483 2932 2535 εἰ
2962 2478 3366 2551 ὲπιτρεπόμεθα
3408 2477 3587 2547 λέγειν
3646 2494 3744 2546 μι-

2155 2577 2286 2646 κρὸν
2343 2576 2436 2629 καὶ
2472 2576 2614 2646 μέγα
2676 2577 2996 2647 ἁμάρτημα,
3055 2572 3444 2643 ἀναντίρρητον
3493 2570 3607 2639 ἔχει
3630 2570 3741 2641 τὴν

2153 2665 2443 2731 ἀπόδειξιν,
2485 2667 2697 2734 ἑκάστῳ
2731 2665 2874 2735 μέγα
2905 2662 3042 2716 εἶναι
3082 2661 3141 2716 τὸ
3178 2662 3406 2714 ἑκάστου
3464 2656 3734 2730 κρατοῦν,

2154 2757 2249 2809 καὶ
2279 2755 2469 2828 μικρὸν
2507 2756 2686 2820 τοῦτο,
2731 2750 2791 2809 οὗ
2816 2755 3044 2816 ἕκαστος
3069 2752 3374 2824 κρατεῖ.....
3396 2750 3486 2801 Δεῖ
3513 2742 3606 2799 οὗν
3632 2744 3734 2798 ἐπὶ

2154 2852 2354 2916 παντὸς
2377 2851 2777 2922 ἁμαρτάνοντος
2814 2848 3118 2919 οἱονδήποτε
3152 2846 3473 2917 ἁμάρτημα,
3519 2839 3734 2911 φυλάσ-

2154 2959 2268 2995 σειν
2295 2944 2354 2995 τὸ
2375 2945 2549 3014 κρῖμα
2577 2940 2669 2994 τοῦ
2704 2941 2910 3011 Κυρίου
2938 2938 3209 3001 εἰπόντος,
3233 2937 3312 2989 ὅτι
3348 2937 3456 2989 Ἂν
3489 2932 3734 3002 ἁμάρτῃ

2150 3038 2238 3100 εὶς
2270 3016 2345 3088 σὲ
2361 3037 2393 3087 ό
2422 3034 2686 3102 ἀδελφός
2706 3048 2843 3096 σου,
2867 3032 3079 3099 ὕπαγε,
3103 3028 3356 3098 ἔλεγξον
3385 3025 3569 3078 αὐτὸν
3617 3039 3733 3093 με-

474 3108 730 3166 deserere
758 3127 864 3167 non
891 3113 1175 3172 dubitarit.
1196 3119 1314 3185 Qua
1339 3121 1405 3176 de
1434 3139 1492 3178 re
1526 3131 1583 3177 ut
1612 3125 1790 3181 cuivis
1845 3129 2042 3183 melius

2152 3125 2296 3189 ταξὺ
2322 3124 2437 3178 σοῦ
2459 3123 2558 3177 καὶ
2582 3122 2766 3176 αὐτοῦ
2792 3123 3007 3190 μόνου,
3040 3126 3143 3173 etc.
3185 3115 3298 3170 Uno
3321 3114 3494 3175 verba,
3514 3114 3561 3167 si
3595 3127 3731 3182 par-1

473 3200 790 3258 existimare
818 3204 1005 3272 liceat,
1052 3207 1239 3264 Basilii
1273 3220 1326 3266 et
1372 3212 1682 3271 Combelisii
1714 3219 1879 3271 verba
1909 3219 2050 3274 refe-
2150 3233 2269 3270 vum
2298 3226 2347 3270 et
2393 3230 2640 3285 magnum
2695 3222 2963 3282 peccatum
2991 3211 3164 3263 dicere
3215 3208 3364 3262 nobis
3401 3207 3578 3267 liceat,
3611 3204 3730 3258 sine

469 3304 610 3344 ram.
645 3291 879 3350 Basilius
911 3295 1047 3369 (reg.
1072 3299 1199 3369 9.93)
1230 3318 1242 3352 :
1281 3303 1503 3375 Πρῶτον
1532 3305 1632 3377 μὲν
1667 3307 1865 3364 εἰδέναι
1918 3311 2046 3382 χρὴ,

470 3383 552 3439 ὅτι
582 3384 640 3437 ὲν
671 3387 736 3455 τῇ
764 3386 936 3459 Καινῇ
959 3390 1201 3465 Διαοήκῃ
1235 3395 1436 3466 ταύτην
1484 3398 1585 3469 τὴν
1623 3399 1886 3471 διαφορὰν
1945 3405 2048 3457 οὐκ

470 3474 585 3529 ἔστι
608 3478 816 3546 μαθεῖν.
854 3480 969 3535 Μία
991 3480 1100 3553 γὰρ
1149 3484 1419 3555 ἀπόφασις
1450 3488 1591 3542 κατὰ
1622 3491 1836 3545 πάντων
1865 3494 2044 3563 άμαο-

466 3569 730 3639 τημάτων
759 3574 960 3639 κεῖται,
1004 3574 1098 3628 τοῦ
1122 3576 1330 3649 Κυρίου
1356 3579 1605 3645 εἰπόντος
1624 3599 1638 3613 ν
1657 3583 1740 3636 ὅτι
1769 3583 1833 3637 '0
1859 3586 2042 3638 ποιῶν

467 3659 586 3728 τὴν
609 3662 904 3731 ἁμαρτίαν
934 3663 1155 3733 δοῦλός
1203 3669 1335 3724 ἐστι
1364 3671 1475 3742 τῆς
1516 3675 1893 3743 άμαρτίας....
1949 3678 2044 3731 καὶ

467 3752 562 3805 τοῦ
608 3751 855 3808 Ἰωάννου
918 3756 1170 3826 βοῶντοςσ
1207 3761 1257 3814 '0
1308 3763 1567 3820 ἀπειθῶν
1620 3766 1700 3832 τῷ
1752 3767 1881 3834 Υἱῷ,
1931 3771 2042 3823 οὐκ

467 3840 677 3910 ὄψεται
703 3844 818 3913 τὴν
849 3844 1019 3915 ζωὴν,
1049 3850 1189 3903 ἀλλ’
1213 3851 1250 3918 ἡ
1278 3852 1425 3922 ὀργὴ
1444 3854 1552 3908 τοῦ
1584 3856 1733 3909 Θεοῦ
1750 3857 1927 3925 μενεῖ
1947 3859 2038 3911 ἐπ’

463 3933 670 3998 αὑτὸν,
704 3935 805 4007 τῆς
830 3939 1111 4004 ἀπειθείας
1136 3942 1236 3995 οὐκ
1267 3947 1324 3996 ὲν
1353 3947 1418 4015 τῇ
1449 3946 1678 4018 διαφορᾷ
1706 3949 1817 4002 τῶν
1857 3951 2039 4023 ἁμαρ-

462 4026 745 4096 τημάτων,
814 4030 930 4084 ἀλλ’
970 4033 1028 4085 ὲν
1068 4037 1134 4105 τῇ
1181 4039 1433 4108 παρακοῇ
1476 4039 1574 4109 τὴν
1615 4041 1841 4112 ἀπειλὴν
1883 4043 2039 4113 ἐχού-

462 4133 584 4186 σης.
621 4118 863 4174 Primum
913 4124 1120 4192 quidem
1154 4142 1303 4180 nosse
1349 4140 1550 4196 oportet
1603 4130 1737 4185 hanc
1771 4133 2037 4201 (peccato-

461 4207 604 4280 rum)
630 4208 985 4279 diﬂ'srentiam
1014 4216 1068 4268 in
1101 4213 1154 4267 Ν
1158 4233 1250 4271 ovo
1276 4210 1610 4274 Testamento
1641 4239 1747 4275 non
1791 4225 2032 4293 reperiri.

467 4300 583 4356 Una
604 4319 828 4374 namque
843 4306 1065 4361 habetur
1084 4311 1345 4365 sententia
1376 4311 1627 4369 adversus
1651 4318 1894 4386 quaelibet
1915 4336 2036 4389 pec-

461 4404 602 4461 cata,
660 4413 779 4450 cum
841 4397 1095 4454 Dominus
1140 4401 1285 4457 dicat
1318 4421 1334 4457 :
1368 4424 1384 4454 ι
1423 4405 1529 4471 Qui
1560 4407 1692 4477 facit
1736 4422 2028 4477 peccatum,

457 4476 634 4541 servus
660 4499 738 4543 est
766 4491 964 4558 peccati
984 4491 1121 4548 ‘°....

461 4597 481 4629 ι
519 4577 624 4644 Qui
645 4597 746 4634 non
772 4581 943 4635 obedit
976 4581 1140 4647 Filio,
1187 4602 1291 4640 non
1341 4588 1533 4643 videbit
1583 4593 1764 4655 vitam,
1812 4594 1905 4648 sed
1949 4596 2033 4650 ira

454 4667 554 4723 Dei
576 4670 804 4725 manebit
823 4688 977 4741 super
996 4674 1166 4741 ipsum
1200 4677 1265 4741 “,
1296 4698 1314 4729 ι
1336 4683 1669 4735 contumacia
1693 4699 1796 4738 non
1822 4686 1884 4737 ob
1915 4702 2032 4754 pec-

455 4771 697 4818 catorum
750 4765 1055 4831 discrimen,
1099 4771 1188 4823 sed
1242 4770 1304 4825 ob
1338 4776 1825 4843 transgressionem,
1856 4778 2028 4833 locum

454 4855 851 4910 eomminationi
907 4857 1187 4925 praebente.
1244 4860 1613 4920 Combeﬁsius
1654 4866 1728 4938 (b)
1778 4885 1791 4920 :
1843 4868 2029 4925 Stoica

452 4955 808 5014 peccatorum,
843 4951 1049 5004 auctori
1069 4962 1295 5019 asserta,
1320 4959 1620 5024 wqualitas,
1651 4962 1957 5032 cautiusque
1976 4970 2029 5017 et

454 5031 567 5085 alia
593 5049 740 5098 vena,
765 5053 896 5107 quos
937 5038 1281 5097 Hermantius
1310 5049 1466 5113 quasi
1506 5050 1704 5118 affines,
1733 5061 1827 5104 aut
1868 5054 2027 5108 etiam

453 5122 730 5193 rigidiores
754 5143 850 5181 suo
882 5128 966 5183 hic
996 5130 1222 5199 Basilio,
1250 5136 1467 5191 adducit
1510 5139 1718 5195 Patres.
1748 5142 1859 5214 Ego
1881 5160 1944 5199 ea
1970 5147 2027 5203 in

449 5227 513 5266 re
534 5213 1010 5275 etaTillemontin
1055 5223 1146 5296 (c),
1185 5228 1303 5296 qui
1349 5235 1517 5283 totam
1577 5231 1720 5288 hanc
1758 5213 2024 5306 regulam,

419 5305 694 5375 lesceptis
719 5308 892 5366 tribus
917 5313 1110 5381 primis
1144 5319 1419 5387 versibus,
1449 5337 1636 5377 veram
1667 5305 2024 5400 sanctamque

517 5486 567 5513 δ’
600 5497 760 5539 Joan.
796 5498 926 5551 vnt,
959 5486 1046 5541 54.
1125 5491 1165 5523 ⁶¹
1207 5491 1363 5549 Joan.
1403 5512 1499 5561 ill,
1537 5497 1625 5553 56.

518 5640 595 5709 (at
620 5644 751 5699 (Ian.
782 5645 849 5699 14
872 5650 1029 5702 Cone.
1063 5657 1196 5706 tom.
1232 5653 1292 5706 ll.

520 5713 598 5791 (b)
630 5714 821 5773 Uomb.
854 5720 908 5772 in
942 5718 1065 5774 Bas.
1098 5729 1230 5777 tom.
1267 5724 1332 5792 ll,
1366 5740 1487 5797 pag.
1515 5725 1640 5784 29.3.

2149 3308 2510 3364 controversia
2535 3307 2717 3376 negari
2748 3322 2851 3358 non
2884 3309 3072 3373 potest,
3131 3300 3327 3370 hocque
3378 3299 3560 3367 cuique
3604 3311 3727 3348 ma-

2147 3417 2308 3471 gnum
2339 3416 2472 3462 esse,
2506 3399 2656 3467 cujus
2698 3399 2915 3467 quisque
2958 3393 3239 3462 subjicitur
3275 3390 3507 3445 dominio
3536 3405 3556 3443 :
3582 3384 3726 3441 illud

2148 3508 2264 3546 cera
2293 3507 2534 3562 parvum,
2568 3492 2652 3542 cui
2674 3489 2889 3559 quisque
2916 3486 3338 3540 dominatur.....
3388 3483 3725 3550 Quapropter

2144 3599 2270 3652 erga
2310 3597 2664 3653 quemcunque
2706 3578 3058 3648 cujuscunque
3106 3575 3306 3646 generis
3333 3581 3604 3642 peccatum
3631 3569 3725 3625 ad-

2146 3675 2435 3729 mittentem
2488 3671 2805 3727 servandum
2866 3678 2943 3723 est
3001 3676 3314 3736 prwceptum
3344 3664 3577 3725 Domini,
3628 3661 3725 3732 qui

2143 3767 2281 3821 dixit
2313 3783 2331 3819 :
2367 3785 2385 3816 ι
2416 3763 2475 3820 Si
2495 3764 2787 3832 peccaverit
2813 3763 2868 3815 in
2893 3772 2940 3815 te
2965 3760 3135 3830 frater
3159 3769 3300 3817 tuus,
3337 3757 3485 3821 vade,
3513 3754 3723 3820 corripe

2140 3875 2258 3912 eum
2288 3859 2423 3911 inter
2443 3866 2489 3911 te
2514 3867 2561 3909 et
2592 3857 2763 3925 ipsum
2790 3852 3067 3917 solunﬂ',»
3098 3857 3205 3906 etc.
3224 3849 3463 3903 Primum
3493 3845 3720 3917 quidem

2142 3958 2401 4020 tanquam
2438 3951 2482 4003 si
2505 3949 2831 4008 dubitasset,
2863 3948 2936 4000 ita
2969 3948 3185 4000 locutus
3215 3950 3320 4004 est,
3352 3941 3399 3995 si
3425 3939 3574 3995 nobis
3594 3939 3720 3990 licet

2142 4054 2363 4108 parvum
2393 4046 2442 4091 et
2475 4052 2721 4106 magnum
2746 4035 2918 4088 dicere
2940 4047 2958 4084 :
2986 4033 3081 4087 sed
3101 4031 3284 4087 statim
3321 4044 3483 4099 parva
3506 4037 3561 4083 et
3590 4041 3715 4081 ma-

2141 4146 2247 4200 gna
2280 4138 2501 4199 peccata
2532 4144 2590 4184 re
2625 4129 2743 4199 ipsa
2771 4125 3011 4181 discerni
3037 4134 3286 4193 oportere
3316 4128 3502 4192 aperte
3524 4129 3715 4174 osten-

2138 4222 2238 4286 dit,
2271 4238 2395 4276 cum
2430 4223 2503 4275 ita
2533 4221 2751 4290 scripsit
2778 4239 2792 4274 :
2825 4217 2948 4273 Sine
2989 4215 3343 4271 controversia
3384 4213 3562 4283 negari
3607 4226 3714 4264 non

2141 4322 2332 4381 potest,
2357 4312 2452 4366 hoc
2478 4313 2662 4381 cuique
2682 4326 2931 4381 magnum
2964 4325 3096 4372 esse,
3119 4310 3271 4377 cujus
3303 4307 3518 4375 quisque
3551 4301 3716 4388 subji-

2146 4407 2289 4459 citur
2312 4405 2546 4459 dominio
2583 4420 2600 4457 :
2624 4404 2758 4456 illud
2787 4419 2903 4457 vero
2922 4417 3163 4472 parvum,
3192 4400 3278 4453 cui
3302 4398 3515 4468 quisque
3537 4394 3713 4448 domi-

1168 4512 1186 4546 ι
1215 4496 1339 4548 item
1368 4514 1485 4550 cum
1523 4497 1756 4554 Joannes
1798 4501 1988 4557 clamet
2014 4522 2033 4558 ,ο
2064 4508 2111 4563 1)
2144 4508 2325 4553 natur.
2365 4496 2502 4552 Ecce
2540 4497 2683 4550 enim
2703 4495 2804 4550 tibi
2833 4495 2941 4548 duo
2974 4503 3315 4563 peccatorum
3357 4502 3552 4559 genera
3587 4501 3712 4556 per-

2148 4592 2334 4659 spicue
2357 4589 2636 4643 distincta.
2668 4587 2788 4640 Alia
2829 4601 2930 4640 suo
2959 4598 3060 4639 nos
3091 4582 3332 4638 dominio
3377 4579 3706 4649 subjiciunt:

2150 4684 2275 4737 aliis
2304 4696 2405 4735 nos
2436 4679 2784 4734 dominamur
2812 4694 2826 4743 ;
2859 4677 2965 4730 hoc
2993 4682 3096 4738 est,
3153 4673 3255 4726 alia
3308 4683 3501 4740 magna
3554 4677 3705 4733 sunt,

2140 4777 2247 4831 alia
2292 4788 2477 4845 parva.
2526 4772 2639 4827 lmo
2665 4770 2958 4826 dilucidius
3012 4768 3173 4823 etiam
3216 4766 3331 4819 haec
3356 4769 3707 4832 peccatorum

2138 4865 2429 4920 distinctio
2464 4868 2690 4933 apparet
2743 4876 2808 4915 ex
2853 4860 2939 4914 his
2981 4872 3101 4928 qua:
3151 4866 3453 4925 sequuntur
3478 4852 3702 4908 verbis:

2144 4959 2481 5027 Quapropter
2530 4971 2654 5025 erga
2707 4966 3059 5023 quemcunque
3104 4948 3456 5017 cujuscunque
3503 4943 3702 5012 generis

2135 5060 2405 5122 peccatum
2435 5048 2796 5102 admittentem
2822 5042 3130 5098 servandum
3152 5050 3229 5095 est
3254 5048 3567 5112 praeceptum
3590 5035 3701 5090 Do-

2134 5143 2286 5201 mini,
2323 5140 2434 5209 qui,
2476 5148 2583 5192 etc.
2616 5134 2750 5190 Nam
2783 5135 2886 5189 hoc
2942 5132 3103 5187 modo
3128 5132 3222 5201 qui
3256 5130 3516 5200 loquitur,
3574 5141 3702 5196 pec-

2130 5244 2253 5289 cata
2282 5231 2464 5288 omnia
2483 5230 2657 5285 unius
2686 5238 2740 5283 et
2768 5226 3011 5296 ejusdem
3044 5227 3258 5296 generis
3288 5239 3411 5279 esse
3443 5237 3550 5276 non
3599 5236 3698 5290 pu-

2129 5332 2230 5386 tat,
2264 5323 2360 5379 sed
2414 5310 2729 5391 multiplicis
2766 5334 2933 5374 :cum
2995 5334 3100 5372 vox
3158 5322 3496 5385 quodcunque
3536 5329 3599 5367 ex
3636 5325 3697 5368 se

1705 5503 1749 5533 η
1789 5500 1978 5559 Mattn.
2014 5518 2179 5569 xvm,
2219 5509 2304 5558 15.

2182 5659 2253 5730 (c)
2296 5659 2386 5714 Vie
2426 5657 2488 5713 de
2523 5657 2579 5714 S.
2616 5658 2814 5726 Basile,
2847 5673 2898 5728 p.
2936 5656 3062 5719 642,
