3972 6202
417 348 523 407 H9

1820 342 2214 399 ΡΒΑΞΓΑΤΙΟ.

3564 340 3669 394 1'20

418 462 707 519 manifeste
742 463 1146 534 comprobetur.
1176 462 1333 519 Nunc
1357 470 1537 519 autem
1569 478 1791 520 causam
1817 503 1831 526 ,
1887 478 1985 517 cur
2013 465 2059 522 Α
2087 459 2346 515 sticarum
2377 465 2652 512 auctorem
2685 471 2841 513 esse:
2866 455 2959 513 sed
2992 455 3149 526 quasi
3163 456 3210 510 ei
3229 454 3365 510 satis
3378 453 3596 516 fuisset,
3618 455 3670 510 si

414 555 648 612 Basilius
670 571 787 621 eos,
816 556 909 626 qui
941 555 1205 627 privatam
1252 557 1420 611 vitam
1473 563 1636 627 atque
1681 555 1984 611 solitariam

415 661 574 716 agere
593 647 936 711 statuissent,
961 647 1114 717 prius
1142 649 1195 703 in
1220 647 1476 703 sodalitio
1508 649 1691 718 aliquo
1737 645 1984 702 exerceri

413 738 596 802 vellet,
625 736 869 793 invenire
890 738 1108 794 didicile
1144 755 1254 795 non
1288 747 1393 796 est.
1418 740 1497 794 Ita
1525 740 1670 793 enim
1695 738 1981 807 contingit,

395 836 475 884 'ut
501 828 546 883 si
586 829 709 897 quis
758 828 810 883 in
840 829 1133 885 solitudine
1161 835 1369 900 peccet,
1399 829 1716 885 meminisse
1770 828 1981 901 possit,

414 928 508 973 aut
536 934 615 983 se,
643 925 738 974 aut
757 920 895 977 alios
928 920 1001 975 ob
1023 921 1200 976 simile
1228 920 1431 975 factum
1471 935 1502 974 a
1538 919 1828 990 pmposito
1853 918 1981 972 olim

412 1009 737 1080 redargutos
770 1010 977 1076 fuisse;
1011 1017 1177 1080 atque
1206 1011 1310 1066 hoc
1344 1019 1525 1083 pacto,
1558 1018 1617 1063 ut
1646 1026 1715 1064 ne
1749 1009 1983 1079 amplius

413 1102 522 1156 tale
555 1103 849 1173 quidquam
880 1103 1172 1167 admittat,
1223 1117 1253 1157 a
1301 1118 1401 1159 sua
1432 1102 1605 1174 ipsius
1645 1100 1982 1156 conscientia

413 1193 767 1249 admonetur:
801 1203 994 1251 contra
1016 1235 1032 1259 ,
1075 1195 1191 1251 fieri
1238 1195 1396 1250 facile
1427 1201 1635 1263 potest,
1675 1200 1735 1247 ut
1782 1193 1827 1247 si
1858 1191 1982 1261 quis

412 1287 569 1341 initio
610 1286 664 1341 in
710 1285 964 1341 sodalitio
997 1302 1107 1341 non
1135 1286 1372 1351 vixerit,
1402 1285 1565 1341 etiam
1599 1285 1730 1339 dum
1773 1284 1983 1354 gravis-

413 1375 550 1430 sime
579 1385 806 1445 peccat,
847 1376 917 1430 ob
947 1376 1275 1447 imperitiam
1328 1384 1511 1431 tamen
1541 1390 1769 1446 peccare
1798 1390 1857 1429 se
1894 1389 1983 1428 ne-

412 1465 571 1518 sciat.
606 1464 731 1521 Haec
752 1474 932 1523 autem
966 1474 1152 1523 nostra
1187 1466 1485 1523 declaratio
1530 1466 1706 1535 ipsius
1734 1463 1980 1534 Gregorii

410 1555 739 1611 Nazianzeni
785 1558 966 1613 verbis
1025 1559 1261 1613 maxime
1293 1558 1668 1613 confirmatur.
1726 1556 1802 1610 lta
1832 1554 1979 1611 enim

410 1646 604 1701 scribit
655 1645 798 1717 (a):
854 1647 961 1703 Τοῦ
1009 1646 1188 1701 τοίνυν
1241 1647 1508 1719 ὲρημικοῦ
1564 1646 1677 1717 βίου
1732 1646 1827 1702 καὶ
1882 1644 1978 1699 τοῦ

414 1737 637 1809 μιγάδος
686 1737 1003 1809 μαχομένων
1040 1738 1178 1809 πρὸς
1227 1737 1487 1811 ἀλλήλους
1535 1737 1612 1801 ὠς
1664 1737 1735 1791 τὰ
1773 1736 1941 1790 πολλὰ
1960 1777 1975 1800 ,

2088 564 2244 603 suam
2263 548 2589 603 sententiam
2604 547 2955 609 declarasset.
2970 562 3240 618 nusquam
3262 545 3407 600 illam
3424 544 3554 600 ullis
3571 558 3667 598 ar-

2086 645 2356 713 gumentis
2371 641 2759 710 comprobavit.
2781 638 2964 711 Neque
2980 647 3159 693 tamen
3174 638 3347 692 virum
3358 635 3647 691 eruditissi

2085 749 2232 787 mum
2247 732 2412 787 ullius
2430 731 2767 802 negligentiae
2781 739 3094 787 accusatum
3107 731 3286 786 velim.
3303 727 3473 782 Nemo
3487 727 3668 789 enim,

2085 827 2177 895 qui
2215 833 2437 894 praestat
2464 822 2609 895 quod
2631 829 2829 893 potest,
2858 820 3002 892 quod
3032 821 3277 891 quaedam
3308 834 3414 876 non
3462 817 3670 889 possit,

2086 917 2568 987 reprehendendus
2592 922 2698 971 est.
2729 913 2868 969 Puto
2919 922 3096 968 autem
3128 926 3302 982 neque
3338 927 3369 964 a
3395 907 3669 965 Combeﬁ-

2083 1011 2187 1077 sio,
2216 1027 2386 1081 neque
2436 1024 2465 1063 a
2515 1023 2788 1080 quoquam
2818 1007 2986 1061 ullum
3037 1011 3415 1077 argumentum
3439 1003 3667 1058 firmum

2085 1101 2266 1157 aﬂ‘erri
2299 1116 2478 1172 posse,
2515 1115 2625 1170 quo
2652 1114 2761 1154 non
2792 1098 2915 1153 dico
2945 1106 3197 1161 constet,
3234 1096 3330 1152 sed
3363 1094 3668 1150 verisimile

2085 1194 2210 1257 ﬁat,
2260 1193 2518 1249 Basilium
2566 1202 2843 1265 parentem
2884 1194 3183 1264 legitimum
3235 1207 3358 1248 ~sse
3397 1191 3669 1247 monasti-

2080 1298 2268 1338 carum
2302 1283 2789 1338 Constitutionum.
2843 1282 3000 1339 Unde
3049 1281 3216 1345 enim,
3256 1296 3464 1352 quaeso,
3502 1281 3665 1350 ejus-

2080 1374 2227 1429 modi
2258 1381 2577 1443 argumenta
2631 1374 2992 1444 peterentur?
3036 1373 3077 1427 E
3130 1383 3371 1429 veterum
3419 1376 3667 1443 scripto-

2080 1482 2202 1521 rum
2236 1466 2605 1521 testimoniis?
2638 1465 2744 1520 Sed
2775 1465 3083 1521 testimonia
3122 1465 3305 1519 omnia
3349 1479 3472 1534 qua
3519 1481 3661 1535 pro-

2080 1557 2210 1613 ferri
2246 1559 2555 1629 potuissent
2578 1599 2593 1622 ,
2652 1559 2905 1631 ambigua
2944 1567 3108 1623 sunt,
3141 1574 3241 1613 nec
3297 1558 3469 1629 magis
3496 1573 3562 1613 ex
3597 1575 3663 1614 se

2078 1647 2512 1707 Constitutiones
2573 1649 2905 1721 significant,
2938 1665 3101 1720 quam
3156 1648 3414 1719 Regulas.
3469 1649 3512 1703 E
3562 1666 3659 1704 ra»

2080 1743 2269 1799 tione?
2314 1742 2420 1797 Sed
2477 1744 2600 1809 cui,
2660 1756 2878 1813 qumso,
2930 1741 3292 1798 Combefisius
3324 1742 3659 1814 persuadere

411 1808 504 1889 irai.
526 1808 992 1900 διισταμένων.....
1036 1808 1131 1884 καὶ
1158 1808 1381 1894 reticeo;
1419 1830 1617 1901 ἄρισαςα
1648 1827 1975 1899 κατήλλαξεν

2081 1836 2351 1905 potuisset
2384 1844 2811 1891 consentaneum
2856 1849 2979 1891 esse
3010 1836 3231 1900 rationi,
3264 1835 3465 1889 ascribi
3497 1835 3656 1890 Basi-

373 1984 382 1994 ,
409 1921 658 1992 ἀλλήλοις
681 1921 776 1975 καὶ
796 1922 1183 1996 συνεκέρασενο
1209 1923 1515 1994 ἀσκητήρια
1532 1923 1626 1976 καὶ
1652 1922 1984 1993 μοναστήρια

408 2012 729 2084 δειμάμενος
778 2012 896 2084 μὲν,
942 2014 1002 2066 οὐ
1037 2013 1225 2085 πόρῤω
1271 2013 1329 2067 δὲ
1360 2012 1468 2066 τῶν
1519 2014 1850 2067 κοινωνικῶν
1888 2013 1983 2067 καὶ

413 2103 674 2173 μιγάδων,
704 2104 822 2159 οὐδὲ
849 2104 1037 2175 ὥσπερ
1064 2105 1250 2175 τειχίῳ
1267 2106 1376 2159 ttvi.
1401 2105 1550 2175 μέσῳ
1574 2105 1746 2158 ταῦτα
1759 2104 1979 2158 διαῦάλη

409 2195 536 2261 λων,
572 2198 668 2251 καὶ
690 2197 784 2252 ἀπ’
801 2198 1043 2269 ἀλλήλων
1059 2197 1318 2269 χωρίσας,
1336 2196 1470 2253 ἀλλὰ
1491 2197 1715 2269 πλησίον
1738 2196 1982 2266 συνάψας

409 2286 504 2340 καὶ
548 2286 854 2352 διαζεύξας,
886 2296 993 2344 etc.
1027 2286 1159 2341 Cum
1188 2288 1349 2357 igitur
1378 2288 1621 2342 solitaria
1647 2289 1772 2353 vita,
1807 2297 1855 2342 et
1891 2305 1974 2349 ea,

404 2395 521 2451 qua:
540 2382 785 2436 societate
797 2379 1008 2452 gaudet,
1031 2391 1087 2437 ut
1101 2381 1383 2452 plurimum
1406 2383 1536 2436 inter
1561 2398 1615 2437 se
1638 2384 1670 2434 d
1682 2381 1975 2447 issiderent,

406 2486 470 2525 ac
486 2479 866 2542 pugnarent...
915 2472 1058 2541 ipsas
1100 2482 1274 2528 tamen
1299 2473 1552 2543 praetore
1567 2476 1704 2528 inter
1718 2491 1772 2529 se
1797 2491 1978 2529 reson-

404 2561 621 2626 ciliavit,
648 2579 710 2617 ac
737 2564 1060 2632 permiscuit,
1090 2565 1301 2633 pietatis
1343 2567 1592 2619 nimirum
1622 2566 1899 2636 gymnasia
1926 2578 1974 2619 et

405 2656 725 2708 monasteria
753 2664 1051 2716 exstruens,
1085 2671 1187 2710 non
1221 2664 1394 2709 tamen
1418 2656 1572 2726 longo
1612 2656 1885 2710 intervallo
1908 2656 1974 2709 ab

403 2746 495 2807 iis,
520 2746 610 2816 qui
634 2746 690 2799 in
718 2745 967 2801 sodalitio
990 2748 1189 2809 vivunt,
1226 2758 1428 2802 remota
1448 2788 1461 2806 .
1514 2763 1605 2802 nec
1656 2748 1791 2801 velut
1824 2763 1974 2801 muro

2081 1925 2155 1980 lio
2195 1925 2386 1996 Magno
2413 1926 2844 1981 Constitutiones
2875 1926 3228 1991 monasticas,
3258 1941 3395 1996 quas
3420 1925 3473 1981 ei
3525 1925 3656 1979 nul-

2080 2018 2165 2073 lus
2199 2021 2431 2087 scriptor
2461 2019 2716 2087 antiquus
2754 2024 2907 2072 certo
2946 2016 3177 2072 tribuit?
3204 2032 3326 2072 cum
3364 2016 3478 2087 ipse
3502 2015 3658 2084 adju-

2077 2107 2246 2163 dicari
2274 2107 2476 2163 Basilio
2516 2106 2752 2178 Regulas
2797 2106 3065 2172 noluerit,
3097 2122 3236 2178 quas
3266 2106 3317 2161 ei
3345 2115 3524 2160 tamen
3557 2120 3657 2159 an-

2076 2199 2214 2269 tiqui
2251 2198 2406 2252 multi
2458 2209 2713 2255 auctores
2759 2198 2981 2255 disertis
3012 2199 3194 2254 verbis
3239 2197 3605 2252 attribuebant
3634 2236 3650 2260 ,

2077 2291 2325 2352 Ruﬁnus,
2378 2290 2698 2347 Cassianus.
2733 2291 3028 2361 imperator
3073 2288 3449 2354 Justinianus,
3502 2286 3651 2343 Pho~

2076 2387 2184 2440 tins
2212 2384 2305 2457 (b).
2361 2382 2403 2435 E
2450 2383 2629 2454 style?
2682 2380 2787 2437 Sed
2842 2396 2964 2452 qua:
2993 2380 3369 2437 convenientia
3412 2378 3652 2434 inveniri

2076 2485 2282 2548 potest,
2334 2476 2422 2531 ubi
2476 2476 2625 2529 nulla
2663 2473 2783 2529 est?
2828 2473 2941 2527 lino
2990 2487 3098 2527 non
3131 2472 3264 2527 satis
3315 2471 3648 2533 estdicere,

2075 2569 2279 2623 nullam
2331 2583 2456 2623 esse
2513 2568 2567 2621 in
2617 2567 2757 2638 stylo
2793 2564 3252 2629 convenientiam,
3285 2579 3407 2618 cum
3442 2562 3653 2617 discre-

2073 2657 2255 2726 pantia
2291 2657 2527 2709 maxima
2560 2656 2650 2711 sit.
2700 2655 3020 2725 Quanquam
3070 2661 3249 2709 autem
3288 2651 3651 2707 Combefisius

2070 2747 2238 2803 nullis
2267 2747 2602 2817 argumentis
2636 2762 2788 2802 suam
2813 2747 3136 2802 sententiam
3169 2744 3531 2804 confirmavit,
3563 2752 3650 2796 ta-

403 2836 649 2907 quopiam
683 2836 956 2906 interjecto
992 2854 1055 2893 ea
1083 2838 1408 2909 distinguens
1441 2847 1596 2909 atque
1625 2854 1657 2891 a
1680 2854 1735 2892 se
1757 2838 1971 2891 invicem
2069 2854 2193 2893 men
2228 2854 2335 2892 non
2370 2846 2573 2893 temere
2619 2838 2817 2893 factum
2851 2846 3007 2909 puto,
3045 2848 3103 2892 ut
3146 2837 3476 2892 monasticas
3509 2833 3651 2889 Con-

404 2942 678 2995 separaris,
710 2944 886 2983 verum
914 2943 1070 2998 prope
1107 2931 1422 3001 conjungens
1451 2946 1512 2983 ac
1550 2930 1801 2985 dirimens
1820 2972 1834 2994 ,
1863 2938 1969 2986 etc.

404 3015 618 3072 Etenim
647 3016 804 3074 facile
833 3019 1033 3090 cuique
1060 3021 1333 3090 conjicere
1369 3024 1514 3086 licet,
1542 3020 1802 3077 Basiliam
1830 3020 1973 3090 ejus-

2071 2931 2383 2986 stitutiones
2413 2930 2616 2987 Basilio
2672 2931 2949 2987 tribuerit.
3000 2931 3137 2986 Cum
3177 2931 3322 2986 enim
3374 2928 3540 2985 semel
3588 2928 3647 2982 in

2072 3021 2312 3074 animum
2349 3020 2653 3076 induxisset
2704 3037 2886 3085 suum,
2932 3020 3168 3091 Regulas
3218 3020 3471 3089 indignas
3522 3031 3650 3072 esse

404 3106 551 3161 modi
577 3109 908 3164 monasteria
941 3124 1007 3164 eo
1028 3110 1260 3165 consilio
1288 3112 1363 3165 ita
1394 3111 1755 3182 disposuisse,
1786 3118 1848 3164 ut
1876 3110 1967 3181 qui
1996 3140 2038 3198 ο
2071 3129 2302 3182 quarum
2332 3113 2563 3169 Basilius
2586 3123 2774 3169 auctor
2806 3113 3101 3176 diceretur,
3147 3127 3488 3181 consequens
3520 3109 3647 3173 fuit,

405 3199 858 3256 anachoretarum
880 3201 1095 3256 vivendi
1119 3203 1382 3257 rationem
1408 3203 1659 3272 amplecti
1686 3209 1966 3272 cuperent,

403 3293 557 3361 prius
584 3292 640 3346 in
670 3292 853 3362 aliquo
881 3293 1135 3349 sodalitio
1165 3296 1344 3349 vicino
1374 3295 1440 3347 ad
1474 3294 1726 3366 pietatem
1749 3307 1971 3349 exerce-

403 3391 615 3441 rentur.
667 3383 780 3441 Etsi
834 3392 1013 3440 autem
1050 3384 1286 3441 Basilius
1313 3384 1583 3455 quoddam
1616 3385 1972 3440 anachoreta-

404 3491 525 3537 rum
560 3492 731 3548 genus
770 3477 1067 3541 laudabat,
1116 3486 1294 3533 tamen
1331 3479 1383 3532 in
1416 3479 1531 3534 suis
1576 3478 1796 3551 Regulis
1848 3478 1973 3533 uni-

403 3580 559 3621 verse
586 3569 640 3620 in
664 3567 1021 3623 anachoretas
1044 3576 1151 3621 tam
1186 3569 1532 3625 vehementer
1562 3568 1742 3623 invehi
1765 3569 1969 3640 potuit,

404 3673 634 3730 quorum
660 3660 869 3716 scilicet
893 3676 1019 3730 pars
1050 3661 1283 3714 maxima
1318 3661 1436 3716 sine
1467 3663 1663 3731 praevia
1697 3662 1787 3716 illa
1810 3677 1969 3718 exer-

405 3751 665 3807 citatione
719 3751 773 3807 id
817 3754 942 3809 vitaa
979 3769 1152 3824 genus
1185 3754 1427 3824 eligeret.
1488 3754 1550 3807 Et
1581 3771 1649 3810 ne
1675 3756 1799 3825 quis
1834 3754 1972 3811 forte

405 3842 518 3897 haee
549 3858 672 3897 cum
701 3844 1078 3915 superioribus
1123 3862 1363 3916 pugnare
1395 3848 1717 3910 arbitretur,
1750 3862 1971 3904 monere

403 3933 568 3998 libet,
628 3933 888 3991 Basilium
939 3944 994 3991 et
1043 3936 1505 3992 Constitutionum
1540 3940 1970 3996 monasticarum

406 4033 685 4080 auctorem
713 4027 767 4081 in
800 4042 866 4083 eo
893 4028 1126 4083 maxime
1172 4030 1315 4085 inter
1356 4044 1416 4084 se
1460 4029 1766 4095 dissidere,
1824 4029 1970 4100 quod

404 4114 533 4170 huic
560 4119 1011 4173 anachoretarum
1044 4119 1353 4175 institutum
1377 4122 1680 4190 generatim
1711 4121 1969 4191 probare-

406 4218 495 4262 tur
539 4209 616 4262 illi
638 4208 777 4263 idem
792 4211 1084 4281 generatim
1106 4212 1524 4283 improbaretur.
1549 4212 1775 4283 Magnus
1791 4222 1969 4267 autem

405 4297 496 4353 ille
511 4297 617 4352 dux
638 4312 700 4350 ac
718 4299 975 4369 magister
994 4302 1380 4356 monachorum
1415 4302 1739 4358 Benedictus
1772 4319 1972 4374 appro-

405 4388 565 4444 babat
581 4402 798 4459 quoque
814 4391 1173 4449 anachoretas
1193 4408 1309 4460 eos,
1335 4393 1426 4464 qui
1454 4409 1578 4448 cum
1592 4394 1684 4449 diu
1704 4396 1756 4449 in
1772 4395 1974 4450 sodali-

2075 3209 2156 3267 ut,
2192 3201 2423 3258 sublatis
2456 3200 2702 3272 Regalis,
2734 3202 2783 3257 ei
2822 3204 3012 3257 saltem
3054 3202 3386 3256 monasticas
3424 3199 3648 3255 Consti—

2072 3296 2314 3349 tutiones
2348 3294 2523 3348 daret.
2556 3294 2621 3347 Et
2647 3311 2775 3349 vero
2798 3302 2877 3347 tot
2905 3294 3215 3349 testimonia
3247 3301 3511 3353 veterum,
3548 3291 3645 3361 qui

2073 3385 2238 3455 ampli
2271 3386 2556 3455 cujusdam
2595 3385 2778 3455 cperis
2821 3384 3042 3439 ascetici
3084 3384 3339 3440 Basilium
3369 3390 3643 3438 auctorem

2071 3475 2362 3531 manifeste
2395 3475 2601 3532 faciunt
2626 3516 2640 3538 ,
2679 3474 2915 3545 [tegulas
2941 3485 3102 3545 atque
3127 3474 3560 3529 Constitutiones
3592 3472 3644 3527 ei

2072 3567 2236 3623 simul
2283 3566 2446 3623 adimi
2481 3582 2590 3621 non
2635 3567 2840 3621 sinunt.
2901 3564 3052 3620 Hanc
3100 3575 3284 3619 autem
3331 3564 3643 3619 Combefisii

2070 3657 2377 3726 Opinionem
2414 3671 2593 3716 nemo,
2615 3655 2759 3724 quod
2792 3655 2997 3717 sciam,
3049 3656 3336 3725 amplexus
3367 3662 3469 3709 est.
3512 3653 3644 3707 Mihi

2070 3748 2289 3818 quidem
2315 3763 2422 3801 non
2454 3748 2694 3817 ignotum
2728 3759 2830 3810 est,
2861 3747 3030 3802 videri
3065 3746 3368 3802 Scultetum
3408 3746 3644 3799 ascetica

2071 3840 2253 3892 omnia
2288 3854 2319 3894 e
2351 3837 2748 3894 Basilianorum
2784 3841 3110 3911 scriptorum
3142 3839 3388 3908 catalogo
3419 3851 3645 3907 prorsus

2072 3929 2401 3984 sustulisse:
2456 3930 2552 3984 sed
2605 3931 2878 3984 neminem
2930 3931 3097 3992 novi,
3153 3929 3285 3999 qui,
3333 3926 3645 3983 Combeﬂsii

2071 4021 2339 4091 exemplo,
2367 4018 2601 4090 Regulos
2633 4021 2687 4074 in
2743 4020 2945 4088 spuriis
2997 4027 3251 4089 poneret,
3294 4016 3647 4074 Constitutio-

2073 4128 2171 4166 nes
2199 4126 2329 4165 vero
2376 4127 2475 4181 pro
2508 4111 2690 4166 Basilii
2718 4112 2956 4181 genuino
2986 4112 3096 4165 fetu
3126 4110 3370 4164 haberet.
3403 4108 3647 4162 Adversa

2072 4207 2235 4274 igitur
2256 4206 2527 4260 sententia
2569 4205 2792 4259 omnino
2814 4206 2963 4268 vicit,
2994 4219 3205 4259 eorum.
3232 4202 3347 4273 qui,
3373 4211 3432 4256 ut
3466 4199 3646 4272 Regu-

2075 4297 2176 4359 las,
2201 4297 2272 4348 ita
2307 4302 2361 4347 et
2385 4294 2718 4348 monasticas
2748 4308 2966 4364 quoque
3009 4291 3445 4347 Consututiones
3490 4286 3646 4342 Basi-

2075 4388 2150 4441 lio
2182 4387 2482 4442 ascribunt.
2518 4386 2629 4457 Ego
2661 4395 2840 4441 autem
2876 4387 2920 4442 si
2973 4386 3040 4441 iis
3085 4400 3205 4455 qua:
3254 4384 3410 4454 posui
3444 4382 3648 4452 princi-

406 4477 483 4533 tio
500 4477 875 4539 vixissent,ita
892 4479 1108 4535 demum
1121 4482 1287 4537 vitam
1307 4484 1605 4538 solitariam
1626 4499 1783 4555 agere
1798 4493 1970 4541 stalu-
2002 4474 2049 4529 Ῑ)
2078 4476 2184 4548 piis
2227 4485 2373 4531 stare
2397 4476 2539 4537 νοῐο,
2570 4483 2628 4530 ιιι
2656 4491 2685 4528 τι
2719 4474 3070 4538 CombciisiO.
3108 4474 3179 4528 ita
3208 4488 3237 4527 3
3266 4472 3479 4527 caeteris
3508 4485 3647 4540 qu0~

407 4582 578 4624 erenl.
611 4568 701 4624 Sic
736 4571 883 4626 enim
914 4573 1091 4642 capite
1115 4574 1291 4642 primo
1328 4572 1545 4645 Regulae
1578 4591 1692 4632 suae
1737 4577 1927 4631 scribit
1956 4597 1967 4633 :

408 4658 787 4716 Monacborum
815 4673 1041 4734 quatuor
1054 4682 1166 4720 esse
1191 4682 1380 4736 genera
1414 4670 1753 4738 manilestum
1799 4678 1969 4725 est....

408 4751 706 4807 Secundum
735 4770 896 4825 genus
934 4765 1012 4810 est
1039 4757 1498 4822 anachoretarum,
1528 4760 1582 4813 id
1603 4770 1703 4825 est,
1731 4762 1976 4816 eremita-

407 4858 562 4898 rum:
596 4844 780 4899 horum
804 4848 893 4916 qui
917 4862 1019 4901 non
1039 4848 1389 4902 conuersionis
1412 4849 1612 4918 fervore
1647 4853 1861 4916 nouitio,
1880 4852 1973 4907 sed

407 4936 715 4990 monasterii
726 4937 1035 5007 probatione
1048 4939 1323 5004 diuturna,
1346 4941 1643 4996 didicerunt
1657 4953 1840 4997 contra
1853 4944 1972 4998 dia-

407 5025 585 5081 bolum
607 5029 891 5085 multorum
912 5032 1106 5086 solatio
1137 5031 1257 5104 jam
1286 5033 1428 5087 docti
1454 5050 1685 5105 pugnare
1703 5074 1718 5099 ,
1757 5043 1863 5090 etc.

411 5135 438 5209 δ
473 5135 576 5214 Xl._
601 5137 734 5193 Pars
764 5144 1007 5210 septima,
1034 5158 1098 5197 ea:
1118 5160 1221 5214 qua
1250 5137 1492 5213 c'ognosci
1519 5146 1730 5214 poterit,
1760 5146 1972 5201 Consti-

435 5209 702 5331 -‘t‘utbt'ones
762 5209 1083 5271 monasticas
1130 5209 1417 5271 Eustatltio
1475 5209 1759 5273 Sébasteno
1810 5218 1972 5270 tribui

508 5294 537 5331 e
569 5293 674 5331 ere.
1264 5324 1270 5331 .

508 5293 674 5333 ιοονε.

475 5368 565 5423 M.
604 5367 967 5428 Doctissimus
999 5374 1082 5429 vir
1111 5374 1473 5433 Combefisius
1496 5392 1640 5448 saepe
1666 5377 1886 5447 quidem
1918 5385 1976 5434 et

405 5458 745 5516 confidenter
792 5462 926 5517 dicit
962 5462 1222 5521 Basilium
1267 5466 1729 5526 Constitutionum
1786 5484 1975 5528 mona-

473 5639 549 5713 (α)
580 5638 672 5713 ρτ.
700 5641 793 5703 ‘20,
820 5658 939 5713 pag.
979 5642 1083 5698 ειςε
1108 5651 1160 5697 et
1186 5645 1309 5699 359.

470 5709 545 5783 (ὁ)
584 5709 707 5783 Leg_
748 5729 803 5767 η.
823 5709 926 5769 λσ.

2080 4584 2188 4639 que
2214 4566 2506 4622 dissentire
2535 4581 2704 4636 cogor
2737 4585 2749 4619 :
2786 4566 2879 4621 sed
2908 4567 2988 4621 sic
3015 4575 3219 4627 tamen,
3251 4572 3310 4618 ut
3350 4563 3397 4617 si
3451 4576 3648 4616 recon-

2080 4659 2254 4712 ciliari
2304 4672 2391 4713 me
2437 4672 2673 4726 unquam
2722 4672 2843 4710 cum
2897 4655 3221 4710 Combelisio
3269 4653 3644 4708 difﬁcillimum

2082 4748 2177 4810 sit,
2206 4746 2617 4801 reconciliatum
2648 4728 2733 4800 me
2757 4745 2821 4799 iri
2845 4745 3099 4799 facillime
3125 4760 3247 4799 cum
3278 4743 3489 4798 caneris
3521 4757 3646 4813 spe-

2080 4852 2233 4902 rem;
2268 4838 2430 4891 modo
2462 4837 2751 4907 cogitarint
2783 4853 2868 4891 me
2919 4837 2986 4891 ab
3032 4837 3167 4907 ipsis
3221 4836 3275 4889 in
3316 4850 3375 4889 re
3404 4834 3508 4889 levi
3533 4834 3647 4889 dis,

2076 4928 2295 4983 sentire.
2330 4926 2461 4982 Mihi
2495 4926 2649 4981 enim’
2672 4943 2795 4981 cum
2828 4928 2934 4983 illis
2983 4926 3253 4988 convenit,
3282 4923 3546 4995 quidquid
3588 4924 3645 4979 in

2076 5018 2342 5074 Asceticis
2368 5019 2584 5089 insigne
2612 5026 2695 5074 est
2724 5025 2779 5073 et
2801 5019 3079 5081 eximium,
3112 5032 3273 5071 omne
3311 5016 3364 5070 id
3394 5015 3462 5070 ad
3494 5014 3647 5070 Basi-

2076 5111 2209 5163 lium
2241 5109 2493 5180 Magnum
2553 5110 2879 5179 pertinere:
2936 5109 3082 5163 solas
3133 5121 3262 5161 vero
3314 5106 3646 5161 monasticas

2077 5200 2507 5256 Constitutiones
2537 5201 2656 5268 ejus
2693 5216 2815 5256 esse
2852 5215 3008 5270 nego,
3038 5214 3157 5268 quae
3205 5207 3353 5253 certe
3374 5238 3391 5262 ,
3440 5198 3486 5253 si
3518 5212 3643 5251 cum

2081 5289 2301 5360 Regulis
2329 5300 2735 5361 comparentur,
2772 5291 2905 5345 nihil
2941 5292 3121 5362 magni
3156 5299 3249 5345 aut
3283 5288 3468 5345 eximii
3494 5304 3646 5343 como

2082 5383 2244 5455 plecti
2274 5383 2620 5439 videbuntur.
2655 5383 2809 5451 Nam,
2849 5393 2906 5437 ut
2937 5383 3122 5437 monui
3155 5382 3224 5454 (c)
3245 5423 3259 5447 ,
3291 5379 3645 5436 Constitutio-

2086 5489 2186 5529 nes
2219 5474 2536 5530 monasticae
2558 5488 2835 5546 nunquam
2868 5472 3101 5531 fortasse
3126 5487 3303 5544 neque
3326 5467 3469 5544 apud
3503 5467 3645 5525 antio

2154 5650 2223 5721 (ε)
2254 5648 2380 5721 Leg.
2419 5666 2473 5704 n.
2504 5649 2592 5704 40.
