3972 6202
320 394 417 447 ω

1724 404 2105 467 ΡΒΑΕῈΑΤΙΟ.

3473 423 3574 478 122

304 514 458 572 quos,
486 516 668 571 neque
692 507 840 574 apud
876 511 1215 566 recentiores
1256 513 1519 582 citantur,
1552 533 1675 574 cum
1713 528 1892 576 tamen
1922 527 1973 584 Α
2068 527 2157 581 45.
2210 528 2448 586 Probare
2510 541 2695 587 autem
2745 532 3181 589 Constitutioncs
3244 538 3572 595 monastic-as

308 586 539 661 [tegulas
568 611 717 665 sazpe
758 596 925 653 citari
959 612 1215 658 constet:
1266 607 1409 675 quod
1442 610 1644 664 indicio
1680 624 1765 667 est
1794 612 1897 669 Re-
2000 616 2282 675 Eustathio
2323 622 2622 677 Sebasteno
2657 624 2958 694 adjudicari
2998 634 3251 695 oportere
3274 667 3288 689 ,
3325 636 3408 683 est
3446 644 3574 697 pro-

309 687 453 754 gulas
480 700 705 756 semper
738 693 985 746 maximo
1041 696 1096 748 in
1143 698 1318 766 pretio
1352 698 1522 755 fuisse
1545 742 1559 765 ,
1609 702 1892 760 Constitu-

310 772 472 826 tioncs
520 788 634 828 non
671 775 826 832 item.
881 779 1065 845 Quare
1120 800 1228 839 non
1280 789 1416 843 satis
1448 806 1590 859 queo
1619 792 1891 851 Combefi-

305 862 436 917 sium
468 864 685 930 mirari,
713 870 809 938 qui
838 885 963 925 cum
1006 874 1227 945 aliquod
1278 887 1521 935 veterum
1576 892 1667 937 aut
1701 902 1890 942 recen-

315 958 507 1010 tiorum
543 962 926 1019 testimonium
962 967 1029 1020 ad
1080 973 1412 1028 monasticas
1459 974 1889 1036 Constitutioncs
1930 1013 1937 1021 -

302 1051 770 1108 commendandas
814 1054 1010 1111 afferre
1044 1057 1363 1126 debuisset,
1418 1068 1552 1122 satis
1612 1070 1714 1123 sibi
1765 1087 1888 1128 esse

302 1140 550 1206 credidit,
588 1145 635 1196 si
670 1145 789 1214 ipse
819 1164 914 1203 eas
940 1150 1182 1219 impense
1213 1156 1477 1211 laudaret.
1515 1160 1751 1217 Causam
1786 1182 1887 1220 au-

302 1240 427 1293 tem,
459 1249 561 1287 cur
584 1240 1018 1295 mouasticarum
1046 1244 1511 1303 Constitutionum
1532 1251 1882 1312 Eustatliium

306 1319 663 1377 Sebastenum
696 1335 979 1383 auctorem
1031 1331 1249 1398 faciam,
1280 1337 1484 1402 vident,
1519 1341 1734 1409 opinor,
1766 1359 1885 1398 om-

304 1434 417 1472 nes.
453 1421 593 1475 Cum
630 1426 777 1477 enim
813 1428 968 1495 prius
1019 1444 1118 1498 pro
1164 1439 1315 1485 certo
1364 1444 1418 1488 et
1462 1437 1743 1503 explorato
1774 1450 1885 1492 sta-

304 1513 494 1565 tuerim
523 1513 623 1583 (α),
649 1518 988 1573 monasticas
1011 1521 1441 1580 Constitutioncs
1463 1538 1513 1581 et
1538 1526 1771 1598 llegulas
1788 1529 1883 1583 uni

302 1612 352 1656 et
382 1605 561 1659 eidem
592 1608 854 1676 scriptori
883 1613 1050 1665 tribui
1086 1630 1191 1666 non
1224 1630 1403 1684 posse,
1431 1619 1731 1689 eodemque
1761 1623 1882 1676 loco

303 1694 613 1751 aﬂirmarim
673 1699 937 1755 Basilium
1002 1715 1283 1771 parentem
1336 1724 1456 1762 esse
1505 1708 1833 1779 [tegularum
1865 1754 1880 1779 ,

303 1801 646 1857 consequens
670 1798 773 1851 est.
805 1792 849 1846 si
895 1809 1106 1848 mecum
1138 1800 1451 1853 consentire
1482 1801 1663 1864 velim,
1693 1810 1750 1855 ut
1779 1805 1880 1856 ali-

303 1892 456 1945 quem
493 1880 968 1937 Constitutionum
1006 1897 1307 1953 auctorem,
1342 1894 1435 1962 qui
1482 1894 1716 1949 Basilius
1769 1914 1876 1951 non

304 1970 388 2032 sit,
418 1987 686 2039 quaeram.
724 1973 860 2040 Quis
888 1985 1091 2040 autem,
1123 1996 1326 2049 quaiso.
1351 1998 1539 2037 earum
1568 1995 1760 2040 auctor
1786 2006 1878 2045 ve-

304 2062 583 2118 risimilius
615 2066 725 2120 dici
766 2076 983 2136 potest,
1043 2086 1205 2138 quam
1260 2072 1581 2131 Eustathius
1624 2077 1880 2136 Sebaste-

302 2168 418 2212 nus.
445 2154 567 2222 qui,
601 2163 661 2207 ut
682 2166 767 2209 est
793 2160 934 2227 apud
965 2158 1325 2216 Sozomeuum
1361 2164 1459 2235 (ὁ),
1491 2167 1693 2222 librum
1726 2187 1879 2226 asce-

300 2247 458 2298 ticum
485 2287 502 2310 ,
537 2248 630 2316 qui
671 2248 855 2302 Basilii
904 2250 1249 2322 Cappadocis
1308 2262 1527 2313 nomine
1575 2261 1876 2332 inscriptus

302 2346 437 2401 erat,
470 2340 719 2395 edidisse
746 2358 775 2395 a
798 2344 1129 2413 quibusdam
1160 2347 1524 2403 credebatur?
1547 2351 1682 2407 Nam
1714 2356 1877 2411 licere

303 2433 451 2487 nobis
508 2450 622 2487 non
679 2436 1051 2502 arbitramur,
1086 2448 1330 2494 veterum
1385 2444 1732 2511 testimonia,
1768 2449 1876 2502 nisi

300 2537 478 2575 eorum
526 2524 746 2582 falsitas
794 2527 1015 2584 aliunde
1070 2531 1358 2586 manifesto
1390 2536 1608 2603 probari
1658 2541 1873 2607 possit,

302 2629 392 2682 pro
425 2615 581 2671 falsis
608 2618 832 2673 habere.
862 2620 999 2674 Cum
1034 2638 1187 2693 ergo,
1220 2634 1278 2678 ut
1312 2624 1649 2685 Sozomenus
1682 2632 1871 2698 refert,

302 2715 473 2759 essent
501 2710 597 2777 qui
634 2710 829 2764 librum
862 2716 1153 2782 quemdam
1191 2718 1488 2772 asceticum
1511 2762 1524 2783 ,
1557 2723 1648 2791 qui
1684 2723 1871 2779 Basilii

302 2808 487 2848 nomen
527 2796 889 2873 pmferebat,
947 2802 1016 2855 ab
1074 2802 1362 2861 Eustathio
1404 2807 1704 2867 Sebasteuo
1736 2830 1872 2869 con-

302 2885 560 2955 scriptum
594 2888 767 2944 fuisse
799 2890 1131 2949 afﬁrmarent
1162 2914 1175 2948 :
1208 2901 1479 2966 sequitur,
1506 2904 1552 2956 si
1589 2907 1711 2974 quis
1738 2908 1874 2962 liber

302 2976 365 3029 sit
398 2977 449 3029 in
470 2977 771 3043 Asceticis.
802 2984 893 3052 qui
931 2983 1131 3040 Basilio
1166 2989 1331 3045 tribui
1364 3008 1472 3046 non
1506 2997 1715 3063 possit,
1743 3015 1869 3053 eum

302 3065 579 3123 Eustatbio
610 3073 816 3127 ascribi
850 3084 1122 3145 oportere.
1182 3078 1493 3137 Obscurum
1548 3097 1727 3141 autem
1764 3106 1871 3143 non

1994 710 2113 777 prie
2146 722 2326 765 actum
2363 729 2543 783 agere.
2578 714 2713 768 Nam
2760 716 2943 769 omnia
3001 727 3318 786 argumenta
3371 721 3570 787 quibus

1993 799 2077 852 usi
2112 816 2303 855 sumus
2324 803 2424 872 (ά),
2459 806 2677 872 partim,
2707 814 2768 858 ut
2797 807 3210 860 ostenderemus
3241 805 3570 878 Begularum

1992 888 2314 957 scriptOrem
2351 893 2517 945 alium
2549 910 2670 949 esse
2698 896 2765 949 ab
2794 910 2858 949 eo
2880 936 2893 957 ,
2937 897 3027 964 qui
3068 900 3397 953 mouasticas
3426 899 3571 953 Con-

1990 980 2302 1037 stitutioncs
2331 984 2535 1051 edidit;
2562 988 2778 1055 partim,
2805 996 2861 1041 ut
2897 988 3112 1056 planum
3147 989 3448 1045 faceremus
3474 994 3567 1061 (e),

1990 1070 2231 1126 dubitari
2262 1076 2410 1129 nullo
2446 1078 2607 1130 modo
2660 1094 2856 1148 posse,
2909 1080 3038 1147 quin
3086 1079 3317 1136 Basilius
3372 1098 3569 1151 parens

1990 1163 2061 1218 sit
2094 1165 2368 1234 legitimus
2398 1167 2730 1235 Regularum
2758 1209 2771 1232 ,
2814 1171 2859 1223 si
2891 1172 3021 1240 quid
3061 1172 3310 1240 probent,
3336 1173 3568 1243 probant

1986 1272 2204 1325 quoque
2247 1260 2560 1313 necessaria
2611 1261 2845 1329 quadam
2903 1263 3323 1327 consecutione,
3375 1264 3569 1320 Eusta-

1989 1346 2165 1399 tbium
2223 1347 2584 1402 Sebastenqu
2620 1350 3087 1404 Constitutionum
3143 1354 3567 1407 mouasticarum

1987 1446 2269 1494 auctorem
2324 1458 2466 1497 esse.
2500 1443 2733 1510 Etenim,
2769 1446 2813 1499 si
2839 1462 3022 1498 verum
3051 1454 3135 1499 est
3158 1446 3415 1501 Basilium
3450 1452 3567 1519 opi—

1988 1531 2037 1585 ﬁ;
2058 1548 2142 1586 em
2176 1551 2299 1589 esse
2337 1537 2691 1607 Begularum,
2720 1554 3068 1609 consequens
3092 1550 3195 1607 est,
3220 1552 3276 1595 ut
3302 1546 3567 1609 mouasti-

1985 1642 2081 1680 cas
2112 1627 2546 1685 Constitutioncs
2582 1647 2687 1685 non
2738 1633 2992 1695 ediderit,
3023 1648 3170 1695 cum,
3206 1641 3269 1687 ut
3301 1635 3432 1699 dixi,
3461 1634 3566 1690 Be-

1982 1719 2231 1787 gularum
2259 1731 2312 1775 et
2333 1720 2797 1776 Constitutionum
2825 1739 2967 1777 unus
2991 1731 3042 1777 et
3073 1724 3213 1777 idem
3239 1733 3431 1778 auctor
3455 1741 3563 1780 non

1985 1810 2071 1862 sit.
2142 1810 2242 1865 Cui
2300 1821 2521 1877 autem,
2572 1829 2791 1883 quaaso,
2836 1815 3030 1868 melius
3069 1816 3270 1869 ascribi
3309 1826 3564 1884 poterunt

1984 1900 2413 1957 Constitutioncs
2456 1905 2805 1967 monasticae,
2863 1922 3025 1974 quam
3086 1906 3416 1972 Eustathio,
3472 1911 3563 1963 cui

1979 1993 2221 2046 omnium
2281 2009 2557 2048 consensu
2626 1995 2971 2049 tribuendum
3038 2008 3122 2051 est
3189 1997 3453 2067 quidquid
3507 2001 3558 2053 in

1976 2080 2243 2137 Asceticis
2272 2082 2603 2136 Basilianum
2634 2100 2741 2137 non
2766 2086 2886 2139 est?
2941 2086 3017 2138 Ex
3075 2088 3276 2155 quibus
3323 2089 3561 2159 perspici

1980 2182 2159 2243 potest
2213 2176 2610 2244 quaestionem,
2667 2192 2830 2245 quam
2884 2178 2973 2231 hic
3022 2179 3335 2232 solvendam
3398 2182 3561 2236 nobis

1978 2266 2367 2335 proponimus,
2409 2272 2578 2318 totam
2624 2268 2858 2336 pendere
2891 2285 2954 2323 ex
2991 2270 3057 2322 iis
3090 2271 3224 2323 locis
3254 2310 3267 2331 ,
3324 2271 3460 2334 ubi,
3502 2280 3560 2325 ut

1979 2356 2110 2408 milii
2147 2356 2366 2425 quidem
2398 2356 2612 2410 videtur
2636 2396 2651 2419 ,
2708 2359 2845 2412 satis
2878 2362 3165 2429 perspicue
3223 2363 3471 2431 probavi,
3503 2371 3558 2417 et

1978 2442 2238 2499 Basilium
2273 2444 2602 2513 Regularum
2641 2448 2940 2515 legitimum
2976 2458 3254 2517 parentem
3289 2468 3444 2516 esse,
3500 2461 3557 2507 et

1976 2534 2445 2588 Constitutionum
2480 2538 2906 2590 mouasticarum
2936 2546 3212 2593 auctorem
3248 2542 3411 2595 alium
3436 2559 3559 2598 esse

1977 2625 2046 2681 ab
2076 2642 2161 2688 eo,
2192 2628 2282 2695 qui
2316 2626 2549 2696 llegulas
2580 2630 2911 2699 conscripsit
2946 2631 3048 2699 (f);
3092 2632 3161 2685 ob
3200 2634 3362 2702 idque
3393 2636 3553 2689 velim

1975 2718 2210 2771 maxime
2239 2732 2299 2770 ea
2332 2715 2675 2773 Praelationis
2727 2735 2852 2788 pars
2903 2724 3062 2789 paulo
3106 2726 3366 2778 attentius
3414 2726 3557 2796 lega—

1975 2814 2083 2861 tur.
2113 2808 2351 2869 lnterim,
2384 2817 2441 2861 ut
2477 2814 2648 2880 magis
2675 2812 3026 2881 intelligatur,
3054 2818 3381 2871 monasticas
3412 2819 3557 2871 Con—

1975 2900 2283 2954 stitutiones
2322 2916 2426 2953 non
2482 2902 2753 2955 iuunerito
2793 2920 2822 2957 a
2875 2906 3032 2958 nobis
3071 2905 3355 2960 Eustathio
3387 2908 3552 2962 Seba-

1973 2999 2131 3044 steno
2157 2992 2345 3053 tribui,
2381 2993 2468 3045 liie
2514 2995 2828 3048 eorumdem
2886 3007 3332 3065 argumentorum
3362 3038 3376 3061 ,
3434 3016 3555 3070 qua:

1968 3082 2079 3151 jam
2116 3090 2241 3136 ante
2271 3084 2467 3150 protuli
2498 3084 2589 3153 (g),
2623 3086 2777 3153 quasi
2826 3086 3096 3153 epitomeu
3127 3090 3420 3157 quamdam
3483 3093 3554 3145 ob

299 3168 395 3221 est,
424 3163 586 3216 talem
622 3180 747 3219 esse
773 3165 1233 3225 Constitutionmn
1288 3175 1509 3229 librum.
1565 3178 1696 3232 Nam
1728 3224 1741 3247 ,
1809 3192 1867 3236 ut
1896 3212 1939 3270 Ο
1973 3176 2160 3227 Oculos
2193 3176 2494 3242 ponendam
2522 3192 2640 3228 esse
2671 3177 2933 3241 judicavi.
3004 3177 3271 3231 Notarunt
3302 3192 3424 3235 ante
3454 3197 3553 3237 nos

304 3264 426 3270 μ--
463 3250 567 3270 λη-.
609 3254 621 3270 ι
659 3256 670 3270 .
868 3258 916 3270 ..
1375 3265 1404 3270 _
2224 3263 2256 3270 ._
2379 3267 2387 3270 _

301 3264 432 3318 szepe
455 3250 569 3304 dixi
605 3254 698 3322 (c),
731 3272 838 3311 non
867 3258 1007 3313 idem
1033 3270 1226 3316 auctor
1258 3272 1341 3318 cst
1367 3265 1868 3335 Constitutionum,

300 3343 385 3410 qui
417 3343 773 3413 Regularum.
833 3348 971 3403 Cum
1034 3353 1198 3421 igitur
1250 3354 1484 3412 Basilius
1542 3358 1870 3429 Rrgularum

298 3443 480 3488 auctor
528 3438 636 3499 sit,
692 3438 809 3507 ipse
837 3440 1304 3500 Constitutionum
1364 3458 1556 3504 auctOr
1606 3468 1727 3505 esse
1763 3470 1869 3507 non

297 3534 489 3593 potest.
535 3525 832 3598 Reliquum
877 3539 961 3586 est
1001 3534 1169 3604 igitur
1201 3548 1261 3590 ut
1294 3536 1763 3596 Constitutionum
1802 3545 1869 3597 li-

294 3614 444 3669 brum
477 3629 571 3671 aut
604 3620 673 3673 ad
708 3622 1056 3680 Eustathium
1088 3632 1358 3697 pertinere
1387 3633 1657 3696 dicamus,
1685 3647 1777 3691 aut
1801 3637 1869 3692 ad

295 3709 626 3780 incognitum
673 3725 975 3772 anetorem.
1034 3721 1141 3776 Sed
1205 3741 1365 3779 nemo
1408 3728 1689 3793 hactenus,
1724 3731 1869 3800 quod

292 3801 456 3854 sciam
484 3843 500 3865 ,
564 3822 743 3875 neque
786 3813 1117 3869 monasticas
1156 3815 1592 3875 Constitutioncs
1618 3861 1632 3884 ,
1691 3838 1869 3892 neque

294 3891 450 3943 ullam
493 3894 659 3948 aliam
695 3898 1067 3955 Asceticorum
1101 3913 1309 3974 partem
1355 3910 1632 3979 incognito
1658 3917 1867 3969 auctori

292 3982 494 4038 tribuit.
533 3984 741 4043 Omnes
775 3992 919 4043 enim
947 4032 961 4047 .
994 3999 1376 4053 auctoritatem
1430 4001 1718 4058 Sozomeni
1780 4023 1867 4061 se-

289 4077 417 4138 cuti,
451 4077 705 4133 Ascetica
754 4096 969 4152 semper
1005 4094 1100 4140 aut
1145 4087 1347 4144 Basilio
1398 4094 1737 4167 ascripsere,
1774 4106 1866 4151 aut

288 4164 593 4226 Eustatbio.
630 4172 695 4226 Et
724 4177 939 4243 quidem
974 4181 1187 4236 etiamsi
1217 4184 1416 4237 eruditi
1449 4164 1675 4243 mirifice
1704 4188 1868 4244 dissi-

286 4262 445 4317 deant
495 4264 642 4319 iuter
692 4282 753 4320 se
785 4267 852 4321 de
896 4271 1198 4334 Asceticis,
1232 4275 1285 4327 in
1318 4291 1383 4329 eo
1441 4286 1617 4332 tamen
1674 4294 1867 4335 omnes

285 4368 513 4421 prorsus
540 4358 685 4410 inter
717 4373 775 4412 se
818 4363 1171 4425 conveniunt,
1197 4366 1340 4434 quod
1374 4383 1562 4422 eorum
1590 4379 1684 4424 aut
1714 4372 1866 4428 Basi-

284 4444 414 4498 lium
448 4458 730 4503 auctorem
765 4450 995 4517 faciant,
1034 4466 1125 4509 aut
1150 4455 1527 4527 Eustatltium;
1584 4464 1657 4517 ita
1711 4473 1770 4518 ut
1819 4466 1863 4520 si

1972 3273 2025 3317 et
2058 3265 2146 3315 alii
2174 3305 2187 3328 ,
2224 3263 2549 3333 [tegularqu
2580 3276 2856 3320 auctorem
2892 3271 3242 3323 auaclmretis
3288 3271 3551 3327 infensis-

1972 3355 2171 3408 simum
2223 3356 2429 3419 fuisse,
2484 3356 2765 3425 viderique
2814 3359 3041 3428 hujusce
3077 3361 3291 3415 vivendi
3330 3364 3550 3431 generis

1972 3448 2212 3515 pericula
2245 3447 2698 3519 incommodaque
2728 3450 2801 3501 ita
2831 3466 3214 3521 exaggerasse,
3239 3462 3297 3506 ut
3328 3455 3547 3508 modum

1968 3538 2232 3591 excedere
2293 3538 2590 3601 videatur,
2657 3556 2780 3593 cum
2842 3551 3021 3596 tamen
3080 3544 3549 3599 Constitutionum

1969 3629 2201 3697 scriptor
2232 3631 2310 3682 sic
2338 3630 2419 3683 eis
2453 3629 2665 3689 faverit,
2704 3640 2761 3683 ut
2798 3634 3026 3686 mediam
3070 3635 3152 3687 sui
3197 3637 3379 3703 operis
3413 3653 3539 3705 par-

1968 3727 2074 3773 tem
2102 3727 2267 3772 totam
2291 3735 2478 3773 eorum
2517 3738 2681 3774 causa
2710 3726 3099 3791 composuerit.
3134 3725 3329 3795 Liquet
3360 3737 3541 3782 autem

1966 3824 2031 3863 ex
2063 3809 2246 3864 Basilii
2275 3811 2526 3879 Epistolis
2556 3816 2736 3882 (epist.
2770 3815 2920 3884 295),
2959 3832 3234 3870 summmn
3282 3819 3428 3873 hunc
3460 3821 3543 3872 vi-

1967 3916 2088 3953 rum
2148 3903 2604 3957 anaclioretarum
2661 3907 2875 3959 vivendi
2928 3908 3195 3962 rationem
3247 3926 3355 3963 non
3415 3926 3545 3977 pro-

1969 3995 2128 4047 basse
2154 4035 2168 4058 ,
2204 3997 2273 4048 ob
2306 3998 2467 4063 idque
2511 3999 2635 4065 jure
2675 4013 2737 4052 ac
2769 4001 2960 4053 merito
2993 3999 3101 4053 dici
3136 4001 3333 4055 debere
3366 4001 3546 4072 ltegu~

1968 4089 2138 4141 larum
2173 4099 2470 4143 auctorem.
2504 4089 2635 4143 Nam
2677 4092 2779 4144 hoc
2812 4092 2972 4145 modo
3003 4094 3301 4158 constabit,
3335 4097 3545 4164 praestio

1967 4184 2100 4235 tisse
2131 4197 2187 4235 se
2210 4184 2459 4236 eumdem
2482 4191 2589 4235 tam
2612 4186 2662 4235 in
2690 4183 2934 4252 liegulis,
2973 4200 3133 4254 quam
3174 4187 3227 4238 in
3262 4186 3541 4257 Epistolis,

1966 4269 2069 4323 hoc
2096 4280 2215 4331 est,
2271 4273 2729 4325 anachoretarum
2761 4276 3150 4341 ﬂagitatorem
3190 4291 3539 4346 osoremqtte.

1966 4365 2251 4429 Quomodo
2276 4382 2404 4419 vero
2430 4368 2541 4419 fieri
2573 4368 2840 4436 potuisset
2873 4376 2933 4419 ut
2966 4366 3198 4422 Basilius
3219 4408 3231 4430 ,
3278 4371 3365 4422 cui
3397 4382 3543 4425 certe

1967 4456 2418 4511 anachoretarum
2453 4458 2768 4511 institutqu
2806 4473 2915 4511 non
2961 4460 3240 4527 placebat,
3286 4462 3542 4530 scripsis-

283 4536 407 4601 quis
438 4538 568 4605 quid
601 4537 804 4593 Basilio
844 4544 1087 4607 sustulit,
1124 4546 1177 4598 id
1209 4545 1492 4602 Eustathio
1522 4553 1746 4621 largitus
1770 4555 1861 4609 sit,
1901 4557 1937 4607 D
1967 4556 2047 4603 sct
2074 4547 2539 4603 Constitutionum
2570 4551 2794 4611 librum,
2833 4550 2886 4601 in
2939 4566 3049 4621 quo
3079 4551 3166 4604 illa
3197 4553 3411 4605 vivendi
3449 4569 3539 4605 ra-

282 4625 491 4691 Quodsi
545 4629 601 4683 in
648 4632 903 4687 manibus
969 4645 1157 4689 essent
1208 4639 1388 4708 aliqua
1443 4643 1547 4695 alia
1592 4642 1862 4702 Eustatbii

282 4733 466 4785 opera,
501 4719 756 4777 fortassis
789 4740 817 4777 e
849 4727 975 4795 styli
1009 4727 1373 4786 similitudine
1422 4735 1635 4787 ostendi
1676 4747 1860 4806 posset

282 4812 618 4867 monasticas
651 4814 1089 4873 Constitutioncs
1120 4821 1188 4874 ad
1228 4836 1351 4875 cum
1398 4826 1673 4893 pertinere
1708 4846 1719 4881 :
1763 4830 1857 4882 sed

281 4917 399 4953 cum
425 4903 576 4955 nulla
604 4904 749 4966 sint,
788 4907 889 4961 hoc
919 4919 1362 4977 argumentorum
1400 4932 1596 4983 genere
1626 4918 1703 4971 uti
1746 4935 1855 4974 non

280 5002 600 5055 possumus.
653 4994 904 5050 Attamen
944 4998 1047 5050 alia
1082 5000 1340 5057 adhibere
1387 5005 1510 5058 licet
1541 5023 1647 5060 non
1682 5010 1855 5063 mino-

280 5080 352 5135 ris
380 5082 645 5149 ponderis
697 5095 789 5139 aut
826 5092 1103 5144 momenti.
1135 5091 1269 5146 Cum
1295 5098 1441 5150 enim
1472 5109 1683 5154 constet
1711 5102 1855 5156 inter

280 5186 468 5229 omnes
497 5175 776 5239 Ascetica.
808 5178 922 5233 sive
948 5180 1324 5240 Asceticorum
1355 5200 1554 5256 partes,
1582 5204 1673 5246 aut
1704 5192 1854 5248 Basi-

278 5261 331 5314 lii
361 5279 508 5327 esse,
538 5273 633 5317 aut
662 5268 954 5334 Eustathii,
988 5272 1033 5326 si
1074 5274 1487 5341 probaverimus
1520 5286 1851 5339 monasticas

279 5354 714 5412 Constitutioncs
745 5360 999 5415 Basilium
1036 5375 1311 5421 auctorem
1357 5385 1464 5424 non
1508 5373 1726 5443 habere,
1755 5393 1850 5434 eas

277 5439 565 5500 Eustathio
588 5447 907 5504 tribuendas
945 5466 1069 5508 esse
1104 5454 1265 5509 simul
1297 5458 1667 5526 probabimus.

341 5600 417 5674 (ᾳ)
611 5619 667 5654 n.
708 5602 775 5655 34
802 5613 853 5657 et
888 5620 1005 5674 seq.

336 5671 414 5742 (ὁ)
448 5669 567 5742 [.ib.
606 5688 692 5734 ιιι,
725 5690 777 5726 c.
810 5676 899 5730 M.

341 5740 418 5813 (ς’)
445 5740 581 5813 _Leg.
620 5759 678 5795 n.
716 5743 787 5796 διδ
816 5752 869 5796 et
904 5760 1017 5813 seq.

341 5747 390 5807 (ε
451 5743 581 5812 Leg.
620 5759 678 5795 η.
716 5743 787 5796 διδ
816 5752 869 5796 et
904 5760 995 5813 seq

339 5743 571 5883 ("21493.
606 5830 661 5867 n.
699 5813 767 5867 54
804 5821 856 5866 et
890 5829 1005 5883 seq.

1963 4643 2037 4694 tio
2071 4642 2304 4693 maxime
2334 4642 2631 4709 probatur?
2663 4641 2851 4694 Restat
2880 4642 3043 4710 igitur
3068 4653 3121 4693 ut
3150 4643 3233 4694 hic
3269 4643 3404 4695 liber
3422 4644 3539 4696 red-

1958 4730 2119 4782 datur
2156 4744 2254 4782 suo
2278 4729 2486 4781 auctori
2525 4728 2827 4790 Eustatlzio,
2856 4730 2968 4797 qui,
3001 4727 3265 4796 quidquid
3294 4728 3347 4781 in
3369 4728 3538 4782 Asce-

1960 4823 2087 4875 ticis
2120 4821 2302 4873 Basilii
2340 4837 2446 4874 non
2482 4829 2564 4875 est
2593 4860 2607 4883 ,
2644 4821 2764 4889 ejus
2804 4831 2999 4873 auctor
3047 4835 3260 4886 semper
3308 4820 3376 4873 ab
3418 4836 3538 4874 om-

1959 4914 2120 4967 nibus
2142 4914 2357 4965 habitus
2376 4923 2482 4967 est.
2514 4911 2905 4981 lnsperguntur
2933 4912 2984 4964 in
3013 4910 3231 4979 Begulis
3251 4914 3532 4978 nonnulla,

1959 5020 2079 5073 qua:
2111 5004 2452 5057 severitatem
2494 5003 2787 5072 quamdam
2830 5004 3072 5055 redolent
3099 5002 3206 5071 (Ii),
3239 5020 3344 5057 non
3379 5006 3535 5059 aliter

1960 5107 2121 5165 atque
2150 5098 2200 5149 in
2234 5098 2559 5166 quibusdam
2602 5096 2788 5151 Basilii
2828 5097 3049 5165 scriptis
3090 5118 3101 5151 :
3129 5114 3157 5150 a
3188 5115 3295 5168 qua
3329 5104 3535 5155 severi.

1959 5199 2066 5242 tate
2098 5190 2414 5258 longissime
2444 5190 2598 5243 abest
2640 5189 3104 5243 Constitutionum
3138 5199 3329 5244 auctor
3356 5212 3367 5245 :
3405 5208 3532 5261 ergo

1959 5297 2066 5333 non
2101 5296 2242 5333 unus
2275 5287 2329 5333 et
2366 5280 2505 5333 idem
2533 5290 2617 5334 est
2643 5279 2971 5350 Regularum
2994 5290 3047 5335 et
3069 5283 3530 5338 Constitutionum

1956 5372 2212 5440 scriptor,
2239 5372 2332 5426 sed
2361 5372 2491 5435 duo,
2524 5387 2757 5439 quorum
2791 5373 2927 5426 alter
2971 5376 3131 5444 paulo
3158 5377 3415 5439 severior,
3449 5379 3529 5429 al-

1956 5474 2038 5518 ter
2079 5465 2241 5533 paulo
2275 5464 2644 5533 indulgentior
2667 5463 2833 5519 videri
2862 5475 3094 5534 poterat.
3127 5466 3267 5534 Ergo
3290 5467 3531 5521 Basdius

2028 5618 2097 5681 (ei
2129 5616 2314 5670 Itidem
2342 5617 2409 5670 ’59
2434 5625 2487 5668 et
2519 5633 2633 5684 seq.

2027 5688 2097 5762 (fl
2134 5688 2258 5762 [.eg.
2298 5704 2351 5740 n.
2493 5697 2547 5741 et-
2572 5704 2685 5757 seq.
2719 5696 2769 5742 et
2802 5705 2856 5743 n.
2886 5690 2954 5743 57
2988 5702 3042 5745 et
3067 5707 3181 5762 seq.

2029 5757 2103 5823 (ῃ)
2140 5755 2264 5823 Legg.
2295 5773 2347 5809 n.
2380 5758 2465 5809 3i.

2023 5827 2093 5894 (lu
2128 5826 2231 5897 Leg
2285 5844 2317 5883 τ.
2374 5828 2439 5882 δ’δ’
2473 5837 2522 5881 et
2550 5828 2636 5885 41.
