3972 6202
384 398 487 453 ΗΞ

1809 396 2187 458 ΡΠᾸΞἘΑΤΙΟ.

3527 395 3630 456 124

381 510 710 581 Begularum
733 519 924 566 auctor
954 519 1059 572 est,
1093 526 1219 566 cum
1251 521 1306 568 et
1341 514 1397 567 in
1428 513 1551 566 aliis
1578 515 1696 567 suis
1729 513 1954 581 scriptis
1983 519 2030 572 Α
2059 512 2411 567 inficiabitur.
2446 511 2709 568 Uuiverse
2738 511 2846 567 dici
2878 518 3056 581 potest
3086 508 3322 580 Regulas
3371 509 3443 564 ita
3491 524 3630 564 con-

380 604 684 658 severitatis
737 618 843 656 non
898 604 1187 658 mediocris
1236 612 1587 659 monumenta
1638 616 1785 660 certa
1831 606 1955 658 reli-

379 693 561 761 querit
595 712 607 745 :
642 692 1109 749 Coustitutionum
1135 702 1317 750 autem
1348 698 1620 767 legitimus
1644 712 1840 766 parens
1868 704 1953 753 est

379 783 719 845 Eustathius,
747 799 893 849 cum,
918 784 964 838 si
994 784 1122 854 quid
1153 785 1206 838 in
1240 787 1510 842 Asceticis
1540 788 1632 852 sit,
1666 786 1811 855 quod
1854 786 1955 840 Ba-

381 875 488 929 silii
518 890 626 928 non
669 876 760 940 sit,
786 876 907 943 ejus
929 876 1110 945 opifex
1143 892 1267 932 esse
1297 879 1365 933 ab
1388 880 1642 935 omnibus
1673 879 1950 934 credatur.

381 968 458 1019 lta
489 968 706 1036 scriptae
742 974 870 1021 sunt
899 967 1137 1037 Regulae,
1172 977 1229 1021 ut
1250 971 1464 1024 refertae
1497 970 1607 1025 sint
1636 970 1952 1040 Scriptura-

380 1072 499 1110 rum
538 1059 897 1126 testimoniis;
944 1059 1258 1130 idcircoque
1288 1060 1545 1124 Basilius,
1584 1064 1677 1133 qui
1731 1065 1785 1116 in
1835 1064 1951 1119 suis

378 1148 535 1204 libris
581 1165 766 1204 sacras
796 1149 1111 1220 Scripturas
1140 1153 1341 1221 passim
1396 1152 1620 1216 citabat,
1676 1153 1951 1222 putandus

376 1250 462 1295 est
491 1242 864 1311 composuisse
899 1241 1169 1312 Begulas,
1228 1259 1335 1297 non
1380 1254 1558 1299 autem
1592 1244 1951 1299 Constitutio-

375 1348 476 1388 nes
501 1373 515 1397 ,
553 1333 606 1386 in
645 1335 845 1403 quibus
871 1336 1140 1403 ejusmodi
1174 1337 1488 1391 testimonia
1528 1352 1653 1391 raro
1688 1336 1952 1391 adhiben-

375 1432 487 1479 tur.
521 1424 664 1480 Nulli
698 1441 829 1495 ergo
862 1427 1017 1480 alteri
1050 1427 1254 1481 rectius
1278 1428 1482 1482 ascribi
1520 1437 1698 1498 potest
1732 1426 1950 1482 Consti-

374 1518 648 1570 tutionum
678 1517 835 1580 liber,
862 1533 1025 1587 quam
1060 1516 1346 1572 Eustathio
1371 1558 1386 1582 ,
1437 1520 1524 1573 cui
1574 1519 1738 1573 tribui
1790 1518 1949 1573 debet

374 1608 639 1677 quidquid
666 1608 721 1661 in
751 1609 1018 1663 Asceticis
1037 1608 1364 1663 Basilianam
1385 1609 1659 1664 scribendi
1680 1608 1945 1663 rationem

376 1712 487 1752 non
507 1699 668 1767 sapit.
707 1697 998 1753 Familiare
1032 1709 1114 1754 est
1144 1699 1611 1755 Constitutionum
1651 1700 1942 1768 scriptori,

375 1807 502 1845 cum
538 1793 902 1847 monasticum
949 1791 1166 1845 vivendi
1224 1808 1397 1860 genus
1452 1789 1764 1861 significare
1796 1791 1941 1854 vult,

2057 607 2292 675 scriptas
2322 621 2466 673 esse,
2492 613 2550 658 ut
2583 606 2722 683 ipsa“
2742 603 3016 659 scribendi
3055 602 3194 656 ratio
3223 600 3406 655 Basilii
3459 602 3631 671 phra—

2056 698 2159 751 sim
2191 700 2346 767 plane
2391 697 2651 753 redoleat.
2699 696 2884 767 Neque
2935 697 2991 749 in
3035 696 3137 749 hoc
3167 694 3299 747 mihi
3347 692 3503 748 fidem
3535 693 3633 746 ha-

2053 789 2169 843 beri
2204 791 2346 853 volo,
2375 791 2468 846 sed
2493 791 2644 860 gravi
2671 798 2725 845 et
2753 790 2970 844 erudito
3011 787 3265 857 scriptori
3300 785 3497 840 Photio
3531 786 3623 855 (f,,

2054 879 2146 948 qui
2171 881 2226 933 in
2258 880 2480 951 Regulis
2506 882 2705 951 stylum
2754 880 2940 936 Basilii
2981 886 3034 935 et
3061 894 3281 933 manum
3338 879 3628 949 agitavisse

2054 986 2113 1027 se
2139 981 2367 1030 testatus
2397 983 2502 1030 est.
2547 972 2687 1029 Sunt
2723 982 2984 1044 praeterea
3029 973 3085 1026 in
3135 971 3357 1041 Regulis
3392 971 3628 1041 peculia-

2053 1083 2142 1123 res
2173 1070 2420 1137 quaedam
2452 1068 2709 1123 Basiliani
2764 1068 2889 1138 styli
2945 1075 3107 1128 notae,
3143 1081 3279 1135 quas
3330 1066 3420 1132 qui
3478 1065 3627 1119 serio

2052 1160 2364 1224 attenderit,
2397 1175 2519 1214 eum
2551 1161 2793 1228 ipsarum
2826 1165 3103 1211 auctorem
3132 1170 3255 1211 esse
3298 1155 3453 1209 facile
3482 1154 3625 1209 fate-

2052 1256 2213 1310 bitur.
2264 1253 2453 1319 Qualis
2500 1261 2584 1307 est
2634 1253 2746 1305 haec
2786 1251 3003 1305 dicendi
3053 1248 3308 1309 formula,
3351 1265 3442 1318 ego
3490 1246 3622 1311 vidi,

2051 1354 2166 1411 aut,
2194 1361 2285 1415 ego
2337 1346 2455 1398 novi
2486 1360 2504 1398 :
2538 1358 2643 1413 qua
2697 1342 3036 1397 familiariter
3091 1341 3168 1393 uti
3208 1341 3427 1393 solitum
3468 1337 3625 1393 Basi-

2050 1437 2181 1490 lium
2238 1435 2618 1488 adnotavimus
2648 1432 2742 1503 (g).
2775 1431 3038 1484 Similiter
3075 1444 3175 1484 suo
3224 1430 3344 1482 loco
3405 1427 3625 1481 monui-

2049 1542 2172 1580 mus
2198 1524 2296 1595 (h),
2335 1523 2618 1582 Basilium.
2653 1537 2775 1575 cum
2812 1519 2879 1574 de
2907 1520 3087 1588 aliqua
3142 1533 3199 1572 re
3242 1516 3620 1578 disseruisset,

2049 1616 2153 1670 hac
2206 1612 2566 1669 concludendi
2626 1611 2837 1664 ratione
2906 1610 3139 1662 maxime
3186 1606 3465 1668 delectari,
3524 1606 3621 1657 καὶ

2046 1704 2218 1759 ταῦτα.
2249 1704 2346 1774 μὲν
2377 1703 2470 1755 ἐπὶ
2499 1701 2769 1765 τοσοῦτον,
2792 1699 2898 1762 vel,
2929 1699 2996 1752 τὰ
3028 1699 3123 1768 μὲν
3150 1693 3242 1750 οὖν
3270 1697 3398 1767 περὶ
3427 1694 3618 1747 τοσοῦ-

2046 1814 2160 1860 τον,
2191 1797 2272 1850 vel
2303 1797 2407 1848 alio
2443 1793 2609 1848 simili
2647 1794 2827 1846 modo.
2853 1790 2966 1844 Hoc
2991 1800 3171 1844 autem
3207 1789 3421 1843 dicendi
3446 1803 3619 1857 genus

374 1881 602 1935 vocibus
621 1891 712 1935 aut
749 1881 1056 1949 φιλοσοφία,
1077 1891 1171 1934 aut
1192 1882 1500 1949 φιλόσοφος,
1516 1888 1610 1932 aut
1638 1879 1940 1948 φιλοσοφεῖν

2047 1889 2103 1943 in
2154 1887 2374 1957 Regulis
2422 1899 2639 1955 quoque
2674 1891 2992 1952 usurpatur.
3024 1880 3180 1935 Haud
3235 1880 3500 1936 dissimile
3532 1886 3621 1933 est

372 1970 453 2023 uti
480 1968 588 2039 (a):
617 1985 755 2040 quas
781 1979 957 2031 tamen
982 1986 1142 2025 voces
1166 1970 1408 2025 invenire
1434 1985 1541 2023 non
1572 1979 1657 2023 est
1686 1969 1825 2038 apud
1854 1968 1950 2021 Ba-

373 2060 555 2115 silium
582 2060 684 2114 hoc
715 2076 879 2115 sensu
910 2071 1179 2130 acceptas.
1216 2059 1334 2113 Non
1368 2061 1508 2114 male
1538 2060 1702 2129 igitur
1726 2060 1946 2114 Consti-

371 2152 643 2205 tutionuin
670 2153 806 2205 liber
823 2150 1685 2220 adjudieabiturEustathio,qui.
1715 2150 1860 2219 quod
1887 2151 1945 2205 in

372 2244 640 2298 Asceticis
665 2260 693 2297 a
725 2243 1000 2298 Basiliauo
1031 2245 1305 2299 scribendi
1341 2259 1539 2314 genere
1569 2245 1804 2298 alienum
1838 2250 1942 2309 est,

371 2350 474 2388 suo
526 2336 760 2404 quodam
797 2336 951 2404 jure,
995 2350 1170 2405 eoque
1222 2337 1484 2405 antiquo,
1522 2335 1627 2390 sibi
1679 2336 1941 2389 vindicat.

372 2423 563 2480 Simile
593 2434 677 2481 est
705 2427 851 2496 quod
887 2428 1156 2495 sequitur.
1188 2425 1245 2481 In
1288 2428 1601 2482 memoriam
1641 2428 1807 2496 igitur
1859 2444 1945 2482 re-

368 2517 675 2570 vocandum
730 2517 876 2587 quod
938 2517 1090 2583 dixi,
1143 2518 1369 2571 verbum
1428 2517 1696 2571 ποιεῖσθαι
1757 2518 1832 2571 ita
1888 2518 1942 2571 in

368 2608 867 2666 Constitutionibus
902 2610 1184 2674 adhiberi,
1221 2619 1280 2663 ut
1312 2612 1446 2680 ipsis
1469 2611 1632 2664 etiam
1666 2611 1824 2674 locis,
1851 2612 1941 2665 ubi

368 2711 614 2772 tempore
666 2694 885 2774 passivo
942 2705 1195 2773 ponitur,
1246 2712 1428 2758 tamen
1490 2704 1939 2773 significationem

366 2794 603 2846 activam
663 2801 843 2847 servet
894 2792 1007 2863 (b):
1064 2793 1225 2861 cujus
1295 2794 1371 2846 rei
1432 2808 1534 2847 suo
1592 2794 1711 2848 loco
1768 2796 1940 2848 multa

366 2886 613 2955 exempla
654 2887 1001 2955 protulimus.
1071 2883 1170 2937 Hie
1234 2893 1414 2938 autem
1470 2885 1623 2939 verbi
1673 2885 1939 2939 ποιεῖσθαι

367 2990 504 3031 usus
545 2975 850 3030 Basilianus
881 2989 987 3028 non
1017 2983 1101 3030 est
1127 2993 1141 3029 :
1170 2974 1559 3030 Eustathianus
1584 2975 1778 3045 igitur,
1814 2990 1937 3029 cum

366 3066 719 3123 Eustathiana
748 3081 871 3121 esse
919 3067 989 3119 ab
1029 3067 1283 3121 omnibus
1314 3066 1606 3131 dicantur,
1653 3081 1776 3136 quae
1828 3081 1938 3121 non

365 3157 636 3213 Basiliana
669 3173 788 3213 esse
819 3166 1141 3211 noscuntur.

436 3250 524 3304 46.
555 3250 768 3315 Quanta
797 3251 869 3305 sit
897 3251 1247 3319 antiquorum
1270 3249 1602 3318 scriptorum
1631 3248 1934 3304 auctoritas

364 3341 421 3395 in
458 3342 725 3409 ejusmodi
759 3342 1158 3411 quaestionibus
1189 3341 1587 3410 persolvendis,
1621 3356 1804 3406 nemo,
1841 3340 1936 3410 qui

366 3434 586 3503 paulum
623 3435 784 3488 modo
812 3434 1104 3488 humanior
1128 3438 1233 3497 e’st,
1262 3435 1498 3502 ignorat.
1522 3433 1724 3488 Basilio
1755 3442 1935 3489 autem

364 3523 600 3593 Regulus
634 3524 1001 3594 antiquissimi
1026 3535 1079 3578 et
1104 3523 1517 3594 locupletissimi
1549 3532 1805 3577 auctores
1833 3522 1937 3575 tri-

364 3618 560 3684 buunt,
608 3617 859 3679 Rufinus,
890 3617 1211 3675 Cassianus.
1245 3618 1542 3685 imperator
1570 3615 1937 3679 Justinianus,

363 3708 589 3764 Photius
617 3711 708 3777 (cl.
741 3707 995 3771 Proinde,
1042 3724 1166 3762 cum
1196 3708 1344 3761 nulla
1382 3723 1548 3762 causa
1581 3708 1691 3773 sit,
1724 3723 1825 3761 cur
1870 3708 1939 3762 ab

362 3800 466 3855 hac
507 3803 813 3871 priscorum
867 3802 1195 3872 scriptorum
1255 3801 1513 3869 opinione
1555 3800 1934 3864 discedamus,

362 3890 598 3960 Regulas
630 3893 829 3947 Basilio
876 3893 1177 3959 adjudicari
1223 3907 1437 3960 aequum
1467 3900 1570 3945 est.
1604 3892 1740 3945 Cum
1774 3892 1940 3963 igitur

362 3982 500 4036 satis
531 3993 743 4037 constet
770 3999 834 4036 ex
867 3981 1030 4037 dictis
1064 3983 1162 4052 (d),
1193 3990 1252 4036 ut
1295 3982 1426 4035 mihi
1458 3983 1675 4051 quidem
1703 3983 1935 4047 videtur,

363 4072 690 4144 Begularum
723 4076 1045 4143 scriptorem
1077 4075 1243 4127 alium
1287 4090 1410 4129 esse
1448 4076 1518 4128 ab
1552 4089 1638 4138 eo,
1675 4075 1768 4144 qui
1791 4075 1939 4130 Con-

363 4165 708 4220 stitutionum
750 4165 945 4218 librum
976 4164 1162 4228 edidit,
1188 4179 1289 4217 nec
1330 4163 1566 4219 Basilius
1598 4180 1785 4219 earum
1818 4166 1937 4235 opi-

361 4258 449 4313 fex
480 4258 588 4311 dici
617 4257 829 4326 possit,
870 4258 963 4326 qui
1015 4257 1222 4310 scilicet
1250 4273 1318 4311 ex
1362 4267 1604 4312 veterum
1665 4259 1936 4313 sententia

361 4347 600 4419 Begulas
645 4349 973 4415 confecerit,
1011 4357 1160 4404 certe
1194 4350 1281 4403 hic
1303 4348 1768 4404 Constitutionum
1800 4351 1937 4405 liber

360 4441 481 4510 jure
511 4441 807 4495 ascribitur
856 4439 1142 4495 Eustathio
1167 4480 1181 4502 ,
1209 4456 1371 4511 quem
1410 4456 1601 4495 omnes
1639 4441 1798 4497 facile
1853 4442 1935 4495 fa-

2046 1980 2189 2051 quod
2228 1979 2519 2033 ascribam.
2574 1975 2913 2045 Scripturani
2946 1989 3155 2028 sacram
3180 1973 3486 2042 significare
3520 1986 3620 2025 vo-

2044 2073 2162 2127 lens
2188 2070 2442 2131 Basilius,
2488 2070 2561 2122 ita
2592 2069 2809 2122 locutus
2851 2076 2934 2121 est
2968 2065 3056 2136 (i),
3081 2065 3442 2135 παραδίδωσιν
3486 2063 3619 2126 ἴσως

2043 2167 2072 2218 ὁ
2099 2167 2198 2235 τῆς
2228 2161 2508 2223 εὐσεϐείας
2534 2160 2710 2228 λόγος,
2735 2159 2897 2212 tradit
2928 2157 3155 2226 fortasse
3185 2157 3393 2224 pietatis
3420 2172 3613 2209 sermo.

2044 2252 2120 2308 Ita
2177 2264 2355 2307 autem
2410 2251 2558 2319 loqui
2611 2264 2830 2319 quoque
2876 2248 3203 2317 Regularum
3239 2253 3515 2300 auctorem
3545 2244 3619 2297 ad

2043 2346 2185 2400 idem
2243 2340 2658 2412 significandum
2714 2344 2932 2392 constat
2963 2335 3062 2405 (j).
3119 2334 3351 2388 Basilius
3401 2333 3454 2385 in
3498 2333 3616 2387 suis

2043 2435 2198 2489 libris
2232 2449 2340 2488 non
2376 2447 2499 2485 raro
2532 2438 2715 2483 monet
2743 2428 2880 2481 alios
2917 2427 3237 2495 interpretes
3279 2425 3437 2477 aliter
3465 2438 3612 2492 quae-

2042 2530 2167 2584 dam
2207 2527 2507 2597 Scripturze
2548 2526 2667 2578 loca
2701 2521 3049 2592 interpretari
3077 2538 3090 2573 :
3117 2516 3262 2587 quod
3292 2518 3452 2571 etiam
3486 2514 3618 2568 fecit

2040 2620 2133 2689 qui
2180 2619 2414 2688 [tegulas
2466 2617 2521 2671 in
2555 2617 2727 2669 lucem
2775 2613 2945 2668 edidit
2969 2612 3060 2683 (It).
3096 2610 3204 2665 llas
3256 2606 3469 2663 dicendi
3502 2605 3617 2658 for-

2041 2711 2239 2773 mulas,
2297 2708 2387 2761 τὸν
2443 2704 2761 2775 ἐπιμέλειαν
2803 2703 2902 2774 τὴν
2947 2700 3129 2772 κοινὴν
3163 2698 3612 2767 πεπιστευμένον,

2040 2805 2087 2855 οἱ
2127 2802 2223 2873 τὴν
2254 2798 2476 2870 ὁδηγίαν
2500 2797 2608 2849 τῶν
2647 2795 2857 2848 πολλῶν
2894 2793 3335 2862 πεπιστευμένοι,
3366 2798 3420 2845 et
3467 2790 3616 2858 ejus-

2037 2894 2158 2948 dem
2215 2890 2429 2961 generis
2459 2889 2595 2943 alias
2645 2888 2843 2956 szepius
2882 2886 2936 2939 in
2969 2883 3213 2953 Begulis,
3252 2882 3481 2936 inveniri
3511 2881 3616 2935 ali-

2037 2990 2238 3053 quanto
2255 2989 2379 3037 ante
2394 2980 2578 3034 multis
2590 2978 2855 3046 exemplis
2868 2977 3079 3030 ostendi
3099 2975 3178 3046 (ι).
3202 2973 3403 3028 Eodem
3430 2981 3614 3026 aulem

2038 3076 2130 3128 illo
2157 3074 2209 3127 in
2235 3075 2353 3127 loco
2375 3082 2656 3126 ostensum
2676 3077 2781 3130 est,
2813 3067 3095 3129 Basiliam,
3127 3081 3250 3120 cum
3281 3064 3613 3134 principium

2036 3167 2454 3221 Proverbiorum
2475 3162 2791 3231 explicaret,
2811 3175 2919 3213 non
2954 3158 3111 3212 aliter
3141 3158 3382 3210 locutum
3417 3155 3611 3209 fuisse.

2038 3261 2111 3315 Ex
2145 3259 2346 3330 quibus
2372 3256 2624 3312 omnibus
2655 3253 2883 3323 perspici
2913 3258 3112 3321 potest,
3140 3249 3339 3303 Basilio
3362 3248 3613 3303 tribuen-

2036 3353 2135 3407 das
2185 3365 2307 3406 esse
2346 3347 2601 3416 Regulus,
2637 3345 2691 3398 in
2740 3344 2937 3414 quibus
2970 3339 3226 3395 Basiliani
3266 3339 3391 3409 styli
3419 3353 3615 3391 monu-

2038 3449 2219 3499 menta
2254 3440 2421 3494 multa
2454 3445 2691 3500 exstant,
2734 3451 2842 3489 non
2887 3443 3065 3487 autem
3111 3431 3441 3485 monasticas
3463 3429 3612 3483 Con-

2037 3533 2372 3593 stitutiones,
2418 3531 2468 3582 in
2513 3529 2710 3597 quibus
2752 3542 2819 3580 ne
2859 3524 3146 3590 vestigium
3194 3522 3410 3592 quidem
3464 3522 3613 3576 illius

2037 3624 2209 3677 ullum
2273 3620 2562 3690 reperitur.
2638 3617 2742 3671 Sed
2794 3617 2838 3671 si
2896 3616 3113 3684 Regulae
3177 3615 3344 3669 semel
3408 3611 3614 3667 Basilio

2037 3713 2403 3775 ascribantur,
2428 3715 2679 3787 superest
2710 3715 2769 3760 ut
2826 3705 3143 3760 Eustathius
3173 3704 3243 3758 ob
3272 3719 3412 3765 eam,
3445 3718 3613 3772 quam

2039 3804 2238 3873 saepius
2280 3801 2505 3872 protuli,
2539 3814 2758 3855 causam
2794 3798 3255 3853 Constitutionum
3281 3796 3615 3849 monastica—

2038 3911 2158 3948 rum
2188 3902 2380 3948 auctor
2411 3907 2534 3947 esse
2557 3889 3070 3945 dicatur.Pr'.eterea
3091 3896 3275 3942 notum
3305 3897 3387 3941 est
3408 3898 3461 3941 et
3482 3902 3618 3940 conv

2040 3987 2265 4050 fessum,
2289 3989 2553 4055 Optimum
2585 3984 2903 4052 scriptorem
2938 3980 3194 4034 Basilium
3231 3991 3612 4049 argumentum

2037 4078 2182 4148 quod
2218 4078 2382 4132 semel
2417 4073 2832 4145 disquirendum
2866 4073 3224 4141 suscepisset,
3249 4073 3320 4125 ita
3351 4080 3609 4134 tractare,

2039 4175 2097 4221 ut
2121 4181 2397 4234 nunquam
2435 4165 2581 4217 aliud
2612 4171 2755 4233 agat,
2775 4177 3051 4233 nunquam
3088 4176 3117 4212 a
3147 4160 3425 4230 proposito
3455 4159 3615 4212 aber-

2038 4265 2139 4321 ret,
2170 4271 2449 4325 nunquam
2481 4256 2695 4308 omittat
2725 4255 3021 4324 quidquam
3043 4268 3229 4307 eorum
3260 4266 3380 4319 qua:
3402 4252 3468 4303 ad
3494 4267 3612 4304 rem

2038 4350 2367 4420 pertineant.
2405 4348 2480 4400 Ita
2513 4355 2691 4399 autem
2742 4346 2978 4413 scriptus
3019 4350 3102 4397 est
3143 4340 3609 4395 Constitutionum

2037 4442 2193 4505 liber,
2226 4449 2285 4493 ul.
2315 4439 2435 4509 ejus
2466 4447 2657 4492 auctor
2691 4436 2836 4489 aliud
2871 4434 3062 4503 egerit,
3107 4433 3548 4499 aberraveritque
3580 4443 3614 4483 a

362 4541 545 4589 tentur
573 4541 848 4587 auctorem
875 4547 998 4587 esse
1030 4547 1217 4587 eorum
1252 4533 1653 4595 Asceticorum,
1697 4548 1930 4602 quorum
1963 4547 2011 4604 ι)
2039 4535 2335 4605 preposito,
2366 4544 2465 4583 nec
2490 4529 2786 4599 quidquam
2818 4526 3015 4579 dixerit
3044 4538 3231 4577 eorum
3259 4537 3379 4591 qua).
3405 4521 3471 4574 ad
3496 4537 3611 4574 rem

361 4625 596 4681 Basilius
627 4634 816 4679 auctor
844 4629 950 4678 non
982 4632 1077 4679 est.
1115 4622 1336 4694 Regulae
1358 4664 1373 4687 ,
1435 4626 1480 4679 si
1513 4640 1601 4679 res
1645 4626 1762 4693 ipsa
1805 4625 1932 4680 dilic

361 4728 551 4788 genter
579 4717 986 4779 consideretur,
1030 4730 1168 4784 opus
1203 4724 1330 4768 sunt
1369 4716 1526 4786 longe
1552 4723 1605 4770 et
1632 4717 1850 4772 doctius
1879 4724 1933 4772 et

361 4808 693 4879 perfectius,
745 4824 908 4878 quam
953 4808 1268 4863 monastica:
1300 4808 1758 4864 Coustitutiones.
1793 4810 1929 4864 Cum

360 4915 490 4967 ergo
520 4915 583 4954 es
614 4899 696 4954 his
730 4898 944 4953 duobus
980 4897 1258 4966 operibus,
1292 4907 1352 4950 ut
1381 4899 1580 4967 saepius
1611 4899 1802 4951 monui
1837 4898 1930 4969 (e),

361 4991 594 5044 alterum
628 4990 829 5045 Basilio
852 5029 867 5052 ,
914 4990 1147 5044 alterum
1184 4987 1471 5043 Eustathio
1510 4990 1713 5044 ascribi
1764 5005 1933 5060 opor-

361 5089 494 5146 teat,
519 5083 773 5137 convenit
804 5081 1169 5153 praastautiori
1200 5080 1398 5136 Basilio
1452 5082 1617 5137 tribui
1660 5080 1931 5153 Regulus,

359 5191 482 5244 qua:
508 5176 917 5245 praestantiores
942 5181 1104 5229 sunt:
1131 5174 1413 5228 Eustathio
1434 5189 1562 5229 vero
1588 5176 1769 5230 minus
1792 5190 1933 5244 pra:-

361 5268 550 5332 stanti,
590 5269 922 5322 monasticas
984 5266 1425 5322 Constitutiones
1461 5307 1476 5330 ,
1550 5281 1688 5336 quas
1749 5268 1934 5323 nullus

359 5377 550 5432 aequus
602 5376 781 5416 rerum
844 5363 1147 5418 aestimator
1197 5362 1381 5418 minus
1438 5369 1762 5432 praestantes
1811 5376 1934 5418 esse

428 5472 509 5613 ea
543 5470 767 5599 {ait

458 5543 509 5611 b)
544 5543 766 5599 Ibidem.
944 5558 949 5565 '

429 5612 504 5681 (ο)
536 5613 661 5684 Leg.
688 5631 742 5668 ιι.
769 5616 856 5671 59.

432 5684 509 5755 (d)
541 5684 665 5753 Leg.
700 5701 754 5738 ιι.
777 5686 844 5739 δι
867 5693 919 5739 et
950 5701 1064 5754 seq.

436 5760 505 5819 (et
542 5755 647 5823 Leg
702 5773 755 5808 ιι.
789 5756 877 5809 40.

434 5826 498 5892 (f)
527 5828 665 5881 Cod.
690 5842 831 5889 cret,
863 5844 914 5897 p.
950 5826 1073 5883 493.

2039 4626 2392 4697 pertinerent.
2417 4620 2484 4673 Et
2530 4637 2656 4674 vero
2699 4620 2805 4673 nisr
2856 4618 3133 4683 docuisset
3179 4615 3294 4684 ipse
3316 4614 3458 4684 (cap.
3496 4613 3611 4681 18),

2036 4720 2330 4789 scripsisse
2356 4731 2415 4770 se
2452 4715 2685 4783 primam
2716 4711 2798 4766 sui
2831 4710 3010 4780 operis
3034 4715 3240 4779 partem
3271 4707 3336 4760 ad
3368 4708 3613 4759 anacho-

2035 4821 2182 4867 retas
2220 4806 2606 4867 instituendos,
2645 4804 2699 4857 id
2755 4817 2982 4872 prorsus
3018 4801 3413 4869 ignoraremus.
3450 4797 3615 4862 Qua:-

2019 4888 2251 4972 'cunque
2279 4903 2425 4957 enim
2459 4900 2512 4952 in
2547 4897 2718 4967 prima
2745 4895 2834 4947 illa
2874 4893 3296 4946 monasticarum
3326 4889 3616 4944 Constitu—

2034 4996 2243 5049 tionum
2269 4998 2423 5062 parte
2448 4991 2721 5056 leguntur,
2759 4986 2860 5038 hoc
2898 4991 3004 5045 est,
3038 4983 3094 5035 in
3132 4982 3327 5051 primis
3354 4980 3484 5035 totis
3521 4996 3614 5035 se-

2037 5082 2361 5156 ptemdecim
2395 5078 2688 5148 capitibus,
2713 5089 2776 5128 ea
2807 5088 2913 5127 non
2940 5070 3113 5141 magis
3147 5069 3213 5123 ad
3247 5066 3615 5121 anachoretas

2035 5182 2306 5245 spectant,
2340 5187 2504 5242 quam
2529 5170 2594 5223 ad
2624 5167 2927 5222 ctenobitas
2947 5183 2959 5217 :
2983 5165 3091 5216 imo
3113 5176 3241 5217 vero
3267 5162 3423 5231 plura
3456 5167 3610 5220 sunt,

2034 5285 2155 5340 qua:
2182 5268 2250 5322 ad
2274 5266 2617 5322 Christianos
2639 5278 2829 5317 omnes
2859 5259 3049 5314 referri
3089 5257 3451 5329 possunt.Cui
3476 5272 3614 5326 ergo

2034 5360 2355 5433 persuaderi
2395 5358 2613 5428 poterit,
2640 5355 2921 5417 Basilium,
2951 5351 3044 5423 qui
3076 5366 3106 5404 a
3130 5348 3411 5421 proposito
3435 5347 3611 5404 decli-

2105 5472 2181 5541 (g)
2218 5470 2344 5540 Leg.
2378 5487 2434 5522 ιι.
2467 5468 2535 5521 29
2563 5479 2615 5522 et
2644 5465 2733 5519 ω.

2108 5542 2183 5609 (Ii)
2212 5541 2340 5605 Leg.
2369 5539 2618 5594 eumdem
2651 5553 2705 5590 ιι.
2732 5534 2817 5589 42.

2112 5614 2174 5681 (i)
2200 5610 2403 5681 Ibidem
2415 5651 2427 5663 .
2498 5677 2502 5680 η

2108 5679 2177 5751 (ἱ)
2210 5679 2436 5751 ibidem.

2108 5749 2180 5819 (ιι)
2208 5749 2431 5802 Ibidem.

2108 5822 2170 5894 (ι)
2201 5819 2427 5876 Ibidem.
