3972 6202
296 402 400 458 127

1704 405 2091 467 ΡΒᾸΞῈΑΊΊΟ.

3456 411 3561 468 128

299 524 563 594 scriptum
593 526 860 590 invenias,
888 527 1113 599 ἑτέρωθι
1150 527 1207 580 δὲ
1247 528 1425 583 πάλιν.
1460 529 1594 583 Cum
1633 529 1762 581 alibi
1800 529 1874 581 ita
1905 533 1951 588 Α
1980 528 2364 597 cognovissent
2391 527 2649 591 hominis,
2691 527 2787 598 qui
2820 534 2878 582 ut
2917 527 3138 584 Arianis
3172 527 3564 599 coniunctissi-

302 616 441 685 lego,
488 617 752 688 σύντομον
806 619 902 689 τὴν
946 620 1240 691 ἀπόκρισιν
1292 619 1658 692 παρεξόμεθα,
1713 621 1795 673 ὅτι
1856 621 1885 672 ὁ

301 705 444 770 θεῖος
477 708 819 773 Ἀπόστολος,
842 717 972 775 etc.,
1012 710 1203 766 Paucis
1233 712 1677 781 respondebimus,
1713 713 1810 766 hoc
1853 729 1887 766 a

300 796 479 851 divino
537 799 814 869 Apostolo,
874 809 1011 864 etc.,
1075 818 1182 856 non
1236 818 1460 872 possum
1511 805 1643 874 quin
1692 818 1887 857 rursus

301 899 482 943 notem
517 891 655 945 hanc
683 908 892 956 vocem,
926 893 1098 957 Θεῖος,
1127 895 1258 948 mibi
1300 894 1473 948 videri
1527 895 1581 948 in
1633 896 1887 966 genuinis

306 980 487 1037 Basilii
518 984 777 1053 operibus
822 985 1139 1039 inusitatam
1170 1001 1312 1041 esse.
1338 984 1449 1040 Nec
1476 985 1758 1057 indignum
1798 1001 1888 1039 ar-

302 1071 478 1125 bitror
506 1074 653 1143 quod
700 1084 944 1139 notetur,
979 1077 1180 1130 multas
1223 1092 1386 1131 voces
1421 1077 1474 1130 in
1508 1095 1584 1148 μα
1628 1078 1887 1131 cadentes

302 1178 412 1217 non
451 1179 579 1218 raro
610 1166 663 1218 in
695 1164 1164 1221 Constitutiouum
1195 1169 1336 1223 libro
1365 1169 1617 1238 usurpari
1646 1185 1659 1219 :
1688 1168 1887 1238 quibus

305 1263 497 1307 auctor
546 1272 657 1310 non
711 1273 902 1326 parum
947 1258 1255 1314 delectatus
1305 1276 1427 1314 esse
1473 1260 1605 1313 mihi
1648 1260 1884 1315 videtur.

306 1343 586 1412 Ejusmodi
623 1353 751 1400 sunt
788 1348 1048 1401 vocabula
1081 1349 1216 1408 haec.
1248 1349 1603 1419 σπούδασμα,
1638 1348 1886 1421 ἄσκημα,

307 1435 649 1506 ἑμπόρευμα,
702 1438 1072 1509 θησαύρισμα,
1111 1441 1391 1512 ἀτόπημα,
1451 1442 1654 1510 quibus
1705 1448 1888 1495 tamen

310 1526 541 1581 vocibus
580 1544 686 1582 non
738 1530 895 1585 video
928 1530 1180 1585 Basilium
1224 1533 1451 1585 libenter
1489 1532 1588 1585 uti.
1632 1530 1892 1586 Animad-

306 1617 445 1671 verti
473 1618 635 1672 etiam
674 1618 772 1675 has
797 1636 956 1676 voces
999 1622 1367 1687 ἐσπουδακὼς,
1409 1622 1730 1685 ἐσπούδακε,
1780 1625 1891 1675 διε-

313 1707 609 1772 σπούδακε,
670 1725 791 1779 quae
833 1712 1112 1767 rarissime
1145 1712 1283 1781 apud
1315 1712 1570 1766 Basilium
1615 1713 1889 1782 leguntur,

310 1797 612 1866 saepissime
637 1800 692 1854 in
729 1804 1048 1859 monasticis
1075 1804 1576 1862 Constitutionibus
1604 1806 1881 1876 usurpari.

1988 635 2108 673 mus
2143 628 2198 674 et
2250 620 2636 684 amicissimus,
2680 621 2754 674 ita
2806 619 3004 675 Basilio
3051 619 3452 676 infensissimus
3497 635 3565 676 ac

1989 712 2401 767 inimicissimus
2439 712 2593 766 erat?
2647 710 2913 765 Futurum
2960 710 3128 768 fuisse
3160 712 3398 766 arbitror
3427 727 3559 783 ego,

1988 812 2047 856 ut
2078 803 2332 858 monachi
2361 804 2462 868 illi,
2491 804 2584 873 qui
2615 802 2959 858 Eustatliium
2988 802 3181 858 ducem
3216 803 3562 868 habuissent,

1987 910 2113 949 cum
2144 896 2196 950 in
2229 896 2441 951 caeteris
2477 895 2833 964 Cappadocia:
2862 895 3019 958 locis,
3074 903 3189 949 tum
3232 897 3465 951 maxime
3506 896 3564 951 in

1986 987 2209 1042 dioecesi
2240 986 2559 1042 Caesariensi
2592 986 2860 1056 lapidibus
2886 1001 2917 1041 a
2947 987 3146 1057 populo
3195 986 3377 1041 obruti
3428 986 3567 1042 fuis-

1988 1087 2130 1132 sent.
2163 1076 2361 1134 Fateor
2396 1079 2614 1149 quidem
2645 1077 2783 1132 nihil
2813 1088 3017 1141 vetare,
3046 1078 3343 1147 quominus
3371 1076 3568 1132 Eusta-

1987 1171 2161 1232 thius,
2196 1172 2290 1240 qui
2329 1181 2377 1225 et
2417 1171 2536 1240 ipse
2570 1171 2963 1225 monachorum
3009 1170 3175 1223 vitam
3224 1172 3563 1237 imitabatur,

1988 1276 2196 1331 paucos
2226 1258 2497 1330 quosdam
2536 1274 2567 1314 e
2596 1259 2883 1329 discipulis
2922 1259 3038 1314 suis
3076 1259 3330 1314 habuerit
3371 1276 3565 1315 mona-

1990 1354 2140 1408 sticre
2176 1353 2299 1407 vitae
2351 1352 2550 1415 socios,
2613 1352 2709 1420 qui
2752 1352 2823 1406 ob
2873 1352 3183 1407 simulatam
3227 1361 3280 1407 et
3316 1352 3473 1408 ﬁdem
3512 1361 3568 1408 et

1990 1443 2244 1513 pietatem
2276 1443 2533 1511 populum
2563 1432 2717 1497 initio
2737 1441 3029 1498 fefellerint
3066 1461 3078 1497 :
3113 1444 3206 1499 sed
3230 1443 3300 1498 ab
3324 1459 3390 1499 eo
3410 1444 3570 1498 insti-

1990 1541 2167 1587 tutum
2204 1532 2373 1586 fuisse
2404 1530 2457 1585 in
2490 1530 2833 1602 Cappadocia
2866 1534 3258 1587 monachorum
3297 1535 3567 1598 ordinem,

1989 1627 2347 1695 eamdemque
2386 1625 2583 1680 ibidem
2619 1640 2996 1692 perseverasse
3037 1627 3282 1696 potuisse
3323 1634 3446 1696 post
3474 1641 3573 1682 σοι

1990 1720 2194 1789 guitam
2232 1717 2401 1772 semel
2455 1715 2725 1771 Eustathii
2774 1717 2827 1770 in
2877 1717 2982 1772 ﬁde
3023 1717 3468 1781 inconstantiam,
3513 1724 3571 1773 et

1993 1820 2115 1881 post
2163 1818 2403 1879 apertam
2439 1810 2586 1864 illius
2622 1826 2648 1861 a
2694 1808 2896 1865 Basilio
2936 1810 3342 1874 alienationem,
3386 1808 3568 1864 credi-

312 1886 556 1958 Denique
581 1892 836 1947 universe
856 1893 1056 1959 dicam,
1086 1896 1132 1950 si
1161 1896 1631 1951 Coustitutionum
1662 1897 1800 1952 liber
1824 1898 1889 1953 ad
1923 1868 1965 1922 Β
1996 1868 2104 1955 bile
2140 1868 2248 1954 non
2285 1901 2513 1955 videtur.
2552 1898 2657 1953 Par
2685 1910 2768 1955 est
2813 1901 2978 1971 igitur
2994 1902 3230 1971 regulas,
3250 1902 3471 1971 quibus,
3496 1908 3573 1958 te-

311 1979 575 2036 Basilium
609 1985 927 2053 pertineret,
980 1984 1116 2049 Fore,
1153 1996 1214 2040 ut
1255 1988 1309 2042 in
1344 2004 1409 2042 eo
1449 1989 1669 2058 aliquod
1702 1990 1891 2045 saltem

310 2074 640 2144 eloquentiae
688 2076 979 2132 Basilianaa
1025 2087 1191 2151 atque
1241 2081 1571 2136 eruditionis
1604 2080 1892 2152 vestigium

312 2173 578 2222 exstaret.
609 2167 849 2224 Basilius
873 2170 1017 2224 enim
1041 2175 1127 2226 vel
1159 2172 1363 2227 invitus
1389 2169 1621 2227 facunde
1649 2183 1703 2228 et
1724 2173 1895 2243 perite

313 2257 607 2311 scribebat.
662 2258 822 2315 Tales
875 2271 1054 2316 autem
1103 2278 1211 2317 non
1273 2279 1395 2318 esse
1464 2264 1894 2319 Constitutiones

312 2350 665 2415 monasticas,
699 2352 784 2406 vel
827 2368 892 2406 ex
935 2369 1000 2408 eo
1046 2356 1164 2409 solo
1203 2356 1543 2426 intelligitur,
1568 2357 1712 2426 quod
1736 2372 1896 2412 nemo

311 2446 437 2494 ante
479 2437 863 2495 Combeﬁsium
920 2459 1099 2513 neque
1158 2445 1229 2498 ob
1283 2447 1676 2516 eloquentiam,
1718 2462 1897 2516 neque

313 2530 385 2583 ob
411 2531 769 2587 eruditionem
800 2548 893 2589 eas
930 2535 1254 2591 laudaverit.
1280 2537 1393 2591 lmo
1437 2554 1505 2593 ne
1532 2540 1647 2608 ipse
1676 2540 1893 2608 quidem

312 2621 674 2680 Combelisius
707 2640 937 2695 usquam
981 2627 1131 2697 ipsas
1168 2630 1410 2683 laudavit
1452 2632 1524 2685 ob
1553 2629 1892 2685 facundiam.

314 2712 450 2778 Quis
478 2723 658 2769 autem
692 2725 888 2785 praeter
918 2718 1307 2773 Combeﬁsium
1347 2720 1507 2775 facile
1541 2721 1643 2776 sibi
1669 2736 1890 2790 persua-

315 2802 464 2858 debit
490 2804 763 2859 eruditum
796 2821 919 2861 esse
953 2806 1222 2877 ejusmodi
1253 2824 1413 2877 opus,
1439 2824 1503 2862 ex
1535 2825 1643 2879 quo
1671 2810 1893 2874 eruditi,

315 2909 440 2948 eum
479 2904 573 2949 aut
609 2897 676 2951 de
709 2898 975 2962 moribus,
1008 2910 1101 2953 aut
1134 2901 1202 2954 de
1247 2901 1373 2955 aliis
1404 2903 1690 2971 quibusvis
1733 2904 1895 2960 rebus

316 2986 638 3051 scriberent,
669 2990 803 3043 nihil
835 3006 1077 3061 unquam
1111 2991 1175 3046 ad
1209 2993 1569 3050 illustrandas
1603 3010 1733 3051 suas
1773 3012 1897 3050 sen-

317 3076 518 3132 tentias
565 3093 907 3148 excerpsere.
942 3080 1009 3134 Et
1063 3090 1123 3135 ut
1170 3085 1422 3153 exemplo
1473 3085 1656 3155 aliquo
1702 3089 1898 3141 contir-

317 3174 496 3221 metur
520 3168 666 3236 quod
693 3168 838 3236 dico,
858 3170 1018 3225 velim
1044 3171 1254 3240 legatur
1286 3173 1542 3227 eximium
1575 3173 1706 3227 illud
1734 3190 1893 3242 opus,

316 3263 463 3330 quod
495 3262 657 3317 homo
684 3263 930 3318 doctrina
960 3277 1225 3334 praestans
1258 3265 1545 3334 Mattlneus
1578 3267 1894 3324 Petitdidier

318 3351 584 3407 adversus
617 3355 822 3409 multos
864 3354 1126 3409 Ludovici
1169 3355 1362 3426 Dupini
1399 3373 1617 3412 errores
1657 3360 1897 3414 conscri—

318 3439 427 3507 psit
454 3436 550 3509 (a).
585 3440 722 3494 Cum
783 3442 950 3511 igitur
985 3445 1051 3505 is,
1087 3460 1249 3513 quem
1281 3445 1419 3510 dixi,
1467 3447 1549 3500 vir
1584 3448 1897 3504 eruditissi-

320 3543 445 3583 mus
499 3532 702 3587 multas
752 3532 938 3587 Basilii
995 3536 1301 3592 sententias
1351 3539 1491 3592 scit-u
1542 3539 1896 3609 dignissimas

320 3628 556 3685 notaret,
595 3631 654 3677 ut
696 3635 890 3680 caetera
942 3625 1122 3683 Basilii
1156 3629 1382 3698 scripta,
1414 3631 1485 3683 ita
1533 3635 1768 3700 genuina
1808 3635 1893 3704 ip-

320 3711 438 3767 sius
474 3713 720 3770 Ascetica
755 3717 956 3786 saepius
991 3720 1206 3781 citavit,
1241 3735 1549 3776 sermonem
1578 3722 1656 3777 De
1687 3724 1894 3792 judicio

319 3802 439 3869 Dei,
466 3805 685 3863 brevem
725 3818 1020 3864 tractatum
1055 3811 1131 3865 De
1180 3811 1512 3869 abdicatione
1542 3833 1738 3881 rerum,
1789 3816 1895 3874 Re-

320 3897 479 3967 gulas
525 3905 635 3952 tam
683 3901 1009 3968 prolixiores
1042 3917 1205 3971 quam
1253 3903 1535 3960 breviores
1570 3925 1583 3958 ε
1616 3918 1668 3962 et
1712 3916 1893 3964 tamen

322 3987 396 4042 ibi
425 3988 494 4042 de
530 3991 852 4045 monasticis
890 3990 1397 4049 Constitutionibus
1422 4010 1650 4064 prorsus
1679 3999 1891 4057 siletur.

391 4079 462 4132 47
493 4080 602 4132 δίε.
636 4080 797 4133 Aliud
828 4090 1205 4151 argumentum
1234 4099 1539 4154 proponere
1574 4088 1720 4142 libet.
1746 4089 1897 4145 lluﬁ-

324 4186 430 4227 nus
458 4185 581 4226 cum
616 4169 850 4242 Regulas
876 4174 1264 4243 interpretatus
1279 4187 1444 4239 esset,
1469 4193 1670 4247 easque
1700 4179 1895 4237 Urseio

324 4262 506 4317 abbati
552 4261 805 4318 dedicare
855 4265 1159 4329 statuisset,
1200 4267 1273 4321 ita
1310 4284 1432 4321 eum
1467 4270 1521 4322 in
1564 4286 1664 4326 sua
1711 4273 1897 4341 praefa-

325 4356 475 4410 tione
499 4355 794 4424 alloquitur
825 4354 898 4427 (b)
930 4374 942 4410 :
978 4356 1079 4411 Tui
1111 4376 1237 4413 sane
1266 4360 1335 4412 sit
1374 4361 1547 4429 ofﬁcii,
1578 4366 1739 4418 etiam
1772 4367 1894 4422 aliis

324 4448 659 4503 monasteriis
680 4449 1005 4515 exemplaria
1036 4450 1263 4518 prwbere
1289 4469 1307 4506 :
1340 4461 1398 4506 ut
1431 4454 1711 4508 secundum
1726 4457 1898 4511 instar

1997 1998 2079 2045 ste
2103 1988 2321 2051 Ruﬁno,
2358 1990 2611 2043 monachi
2641 1990 2696 2044 in
2724 1990 3070 2060 Cappadocia
3102 1999 3444 2061 regerentur,
3474 1993 3575 2046 tri-

1995 2081 2085 2135 bui
2122 2096 2226 2134 non
2257 2079 2564 2143 Eustathio,
2595 2081 2691 2134 sed
2724 2080 2926 2135 Basilio
2964 2097 2978 2134 :
3008 2096 3239 2151 quarum
3259 2083 3304 2136 si
3335 2065 3601 2139 Basilius!

1995 2173 2159 2228 Semel
2189 2172 2370 2242 opifex
2396 2172 2616 2233 dicitur,
2647 2171 3114 2227 Constitutionum
3146 2176 3573 2229 monasticarum

1995 2276 2192 2332 parens
2226 2260 2331 2315 dici
2365 2276 2473 2315 non
2499 2269 2697 2331 potest.
2729 2278 2854 2317 cum
2884 2272 2941 2317 ut
2963 2280 3025 2319 ex
3042 2264 3205 2319 dictis
3229 2264 3575 2334 satisliquet,

1997 2352 2281 2421 utriusque
2310 2351 2493 2421 aperis
2523 2367 2631 2406 non
2660 2351 2802 2406 idem
2837 2354 3076 2423 scriptor
3106 2355 3197 2410 sit.
3241 2354 3410 2409 Nemo
3446 2369 3576 2426 ergo

1994 2444 2181 2497 mirari
2233 2443 2413 2506 debet,
2463 2445 2507 2498 si
2555 2443 3017 2500 Constitutionum
3050 2446 3246 2500 librum
3271 2447 3576 2503 tribuamus

1992 2533 2297 2598 Eustathio,
2326 2551 2450 2589 cum
2483 2536 2620 2589 nihil
2652 2535 2971 2600 fecerimus,
3013 2538 3161 2608 quod
3196 2553 3306 2593 non
3344 2536 3579 2594 fecerint

1994 2626 2197 2689 caeteri,
2229 2626 2320 2693 qui
2357 2624 2647 2681 Eustatbio
2668 2641 2886 2695 quoque
2915 2628 3292 2698 ascripserunt
3312 2629 3577 2699 quidquid

1994 2716 2051 2770 in
2084 2715 2352 2771 Asceticis
2382 2732 2493 2770 non
2533 2716 2864 2773 Basilianum
2899 2733 3023 2773 esse
3058 2719 3158 2772 sibi
3198 2720 3504 2775 videbatur.

2063 2804 2153 2860 48.
2176 2805 2380 2860 Ultimo
2397 2806 2516 2861 loco
2534 2805 2843 2862 Combelisii
2862 2816 3180 2878 argumento
3193 2817 3383 2864 contra
3401 2811 3580 2881 ipsum

1994 2895 2379 2952 Combeﬁsium
2411 2906 2555 2952 utar.
2576 2898 2672 2952 Vir
2703 2899 2867 2969 igitur
2898 2899 3270 2966 doctissimus,
3298 2917 3420 2955 cum
3454 2918 3581 2972 pro-

1993 2986 2125 3041 bare
2145 2987 2325 3048 vellet,
2350 2986 2609 3042 Basilium
2637 2986 2965 3058 [tegularum
2999 2999 3273 3044 auctorem
3294 3005 3401 3044 non
3435 3007 3580 3056 esse,

1995 3076 2070 3130 ita
2103 3077 2464 3132 ratiocinatus
2509 3084 2594 3133 est
2631 3078 2880 3132 :Auctor
2925 3078 3234 3132 libellorum
3269 3077 3340 3132 De
3371 3078 3582 3148 judicio

2004 3166 2096 3220 Dei
2138 3175 2192 3221 et
2230 3166 2302 3221 De
2334 3166 2456 3237 ﬁde,
2480 3167 2621 3221 idem
2655 3177 2761 3230 est,
2787 3170 2878 3238 qui
2924 3168 3275 3239 Regularum.
3310 3168 3357 3224 Is
3401 3180 3582 3225 autem

2008 3261 2099 3328 qui
2138 3260 2377 3314 libellum
2412 3259 2486 3313 De
2515 3259 2619 3327 ﬁde
2668 3262 3019 3332 conscripsit,
3071 3276 3254 3314 vocem
3300 3260 3583 3331 ὁμοούσιος

2002 3350 2056 3405 in
2091 3365 2188 3403 sua
2232 3349 2351 3404 ﬁdei
2385 3349 2767 3419 explanatione
2800 3350 2868 3405 de
2911 3351 3181 3406 industria
3230 3351 3467 3413 reticuit,
3521 3358 3584 3405 ut

2002 3442 2278 3496 mitiorum
2347 3440 2675 3496 Arianorum
2736 3443 2967 3513 gratiam
3030 3443 3131 3496 sibi
3204 3441 3577 3498 conciliaret:

2001 3534 2145 3603 quod
2178 3533 2453 3588 silentium
2489 3548 2611 3586 cum
2643 3534 2836 3589 cadere
2875 3548 2985 3587 non
3016 3534 3188 3603 possit
3221 3534 3273 3588 in
3302 3533 3584 3596 Basilium,

2001 3623 2093 3691 qui
2144 3622 2728 3679 consubstantialitatis
2769 3632 2824 3679 et
2852 3624 3007 3679 fidem
3042 3631 3095 3679 et
3141 3638 3327 3679 vocem
3372 3640 3584 3697 semper
3660 3614 3668 3620 ’

2006 3715 2182 3784 palam
2215 3713 2478 3776 defendit,
2507 3730 2732 3770 necesse
2752 3722 2837 3770 est
2867 3724 2925 3768 ut
2947 3715 3108 3769 cadat
3136 3715 3188 3769 in
3216 3714 3584 3781 Eustathium,

2008 3806 2103 3876 qui
2155 3821 2278 3859 cum
2325 3804 2746 3860 Macedonianus
2786 3816 2955 3873 esset,
2994 3823 3127 3863 voce
3167 3809 3257 3863 illa
3307 3808 3586 3874 ὁμοούσιος

2003 3900 2081 3952 uti
2113 3896 2421 3952 recusabat.
2457 3897 2619 3968 Ergo,
2644 3899 2819 3968 inquit
2848 3899 2916 3960 is,
2960 3915 3119 3968 quem
3159 3900 3319 3953 modo
3347 3899 3481 3962 dixi,
3504 3901 3590 3954 vir

2001 3988 2427 4052 eruditissimus,
2475 3988 2715 4042 dubitari
2744 3990 2939 4043 merito
2962 4004 3067 4043 non
3094 3996 3291 4058 potest,
3318 3989 3449 4059 quin
3482 3988 3591 4043 Eu—

2003 4081 2238 4135 stathius
2268 4090 2324 4134 ut
2353 4080 2656 4134 libellorum
2691 4079 2769 4134 De
2803 4080 3008 4149 judicio
3054 4080 3149 4134 Dei
3175 4089 3227 4135 et
3256 4079 3332 4133 De
3353 4081 3479 4149 ﬁde,
3512 4082 3589 4135 ita

2002 4172 2327 4241 Regnlarum
2368 4186 2584 4241 quoque
2614 4172 2887 4240 legitimus
2917 4188 3114 4241 parens
3137 4175 3225 4228 sit.
3264 4171 3374 4242 Ego
3407 4180 3586 4226 autem

2004 4260 2163 4315 facile
2207 4262 2427 4335 quidem
2475 4261 2706 4322 fatebor,
2742 4276 2865 4315 eum
2907 4261 2999 4330 qui
3039 4261 3250 4315 libellos
3289 4259 3362 4313 De
3379 4260 3588 4328 judicio

2005 4352 2105 4406 Dei
2136 4364 2191 4406 et
2219 4352 2292 4406 De
2321 4352 2423 4421 fide
2445 4352 2749 4421 composuit
2782 4352 2875 4421 (c),
2905 4353 3069 4405 alium
3114 4367 3220 4406 non
3252 4366 3374 4406 csse
3413 4351 3482 4407 ab
3522 4366 3590 4407 eo

2003 4444 2095 4514 qui
2127 4442 2363 4514 [tegulas
2392 4444 2446 4498 in
2478 4446 2655 4499 lucem
2693 4444 2884 4507 edidit,
2937 4444 3098 4512 idque
3132 4451 3358 4497 caeteros
3397 4457 3589 4498 omnes

326 4537 694 4608 Cappadociae,
739 4542 915 4593 omnia
936 4544 1259 4596 monasteria
1279 4543 1469 4597 eisdem
1487 4554 1535 4598 et
1558 4562 1659 4598 non
1681 4545 1894 4603 diversis

2002 4536 2203 4604 pariter
2234 4534 2584 4591 confessuros
2643 4544 2810 4606 puto:
2839 4535 2931 4590 sed
2974 4535 3121 4589 aliud
3176 4549 3403 4603 prorsus
3450 4548 3587 4626 con:

324 4632 403 4687 vel
426 4632 690 4686 institutis
725 4631 806 4684 uel
846 4629 1295 4687 observationibus
1342 4636 1535 4688 vivant.
1582 4636 1660 4689 Ex
1708 4638 1906 4706 quibus
2006 4626 2184 4679 ClUdO-
2236 4624 2422 4693 Itaque
2462 4626 2534 4679 ίίδ
2574 4626 2836 4681 adversus
2868 4623 3253 4680 CombeﬁSium
3272 4623 3587 4676 Γθίίοθῖηπὶ

325 4730 473 4794 patet
528 4723 743 4776 illorum
781 4730 1085 4790 temporum
1122 4725 1420 4778 monachos
1469 4726 1523 4778 in
1563 4725 1906 4797 Cappadocia

327 4814 531 4884 regulis
573 4828 705 4868 usos
758 4811 928 4869 fuisse
974 4813 1040 4866 ad
1087 4829 1243 4868 suam
1279 4815 1671 4871 instituendam
1713 4818 1903 4873 vitam.

326 4904 462 4960 Nam
496 4905 743 4960 instituta
770 4905 860 4959 illa
890 4906 1430 4976 observationesque,
1450 4923 1679 4978 quarum
1698 4925 1764 4964 eo
1781 4910 1902 4964 loco

326 4997 531 5053 mentio
551 4997 629 5063 ﬁt,
646 4999 781 5051 nihil
797 4997 942 5053 aliud
958 5013 1081 5054 esse
1103 5013 1264 5067 quam
1290 4999 1437 5069 ipsas
1461 5000 1717 5070 Regulas,
1736 5016 1800 5055 ex
1819 5016 1906 5068 ea,

326 5103 488 5158 quam
525 5104 649 5143 mox
681 5089 918 5153 laudavi,
943 5088 1123 5144 Ruﬁni
1156 5089 1471 5159 praefatione
1492 5099 1728 5146 constat.
1754 5090 1903 5157 Quo-

328 5182 490 5237 modo
516 5188 719 5244 autem.
755 5197 962 5251 quaeso,
1012 5182 1391 5253 Cappadociae,
1439 5182 1683 5252 adeoque
1731 5183 1904 5253 ipsius

328 5267 584 5323 ditecesis
606 5267 964 5325 Caesariensis
991 5272 1244 5326 monaéhi
1280 5272 1395 5341 ipsa
1423 5269 1609 5326 Basilii
1641 5281 1798 5325 etate
1817 5287 1906 5327 re—

329 5358 484 5428 gulas
514 5358 617 5413 sibi
647 5359 957 5427 sequendas
987 5363 1425 5429 proposuissent,
1479 5362 1525 5421 si
1574 5376 1762 5416 earum
1809 5376 1908 5415 au-

331 5457 450 5504 ctor
488 5449 682 5505 fuisset
708 5449 1065 5506 Eustathius?
1094 5452 1381 5518 Quomodo
1421 5468 1531 5507 non
1586 5453 1768 5522 potius
1812 5453 1907 5509 de-

332 5543 515 5598 testati
560 5541 798 5598 fuissent
831 5541 1104 5612 ejusmodi
1150 5545 1387 5615 regulas,
1431 5558 1570 5615 quas
1613 5557 1751 5612 opus
1787 5557 1909 5599 esse

406 5697 482 5770 (ᾳ)
512 5697 669 5770 rom.
708 5699 774 5760 ιι,
810 5715 934 5770 pag.
978 5698 1084 5754 502
1113 5706 1165 5755 et
1203 5716 1317 5769 seq.

406 5768 480 5839 (b)
515 5767 643 5826 rod.
680 5767 862 5842 Regni.
888 5767 954 5839 ῆι).
989 5770 1076 5826 97.

2005 4719 2134 4772 licet
2171 4733 2185 4770 :
2217 4717 2424 4771 Auctor
2454 4717 2762 4772 libellorum
2799 4717 2871 4772 De
2897 4716 3104 4786 judicio
3139 4715 3233 4769 Dei
3264 4723 3317 4770 et
3350 4714 3427 4769 De
3460 4714 3585 4783 ﬁde,

2008 4809 2151 4864 idem
2184 4817 2289 4870 est,
2323 4809 2415 4878 qui
2445 4808 2773 4878 Regularum
2807 4828 2820 4863 :
2857 4809 2948 4879 qui
2985 4816 3164 4862 autem
3210 4807 3452 4862 libellum
3511 4805 3590 4859 De

2005 4900 2110 4968 ﬁde
2138 4900 2397 4964 confecit,
2445 4914 2580 4955 voce
2619 4899 2903 4971 ὁμοούσιος
2939 4899 2991 4953 in
3030 4915 3126 4955 sua
3164 4897 3284 4951 ﬁdei
3320 4897 3584 4967 explana-

2002 4991 2151 5045 tione
2176 5005 2311 5045 usus
2338 4999 2422 5046 est
2447 4991 2602 5060 (tom.
2639 4988 2702 5052 Il,
2739 5007 2795 5043 η.
2825 4990 2916 5059 4):
2952 5005 3062 5043 non
3111 4987 3279 5058 igitur
3312 4987 3424 5040 haec
3462 4984 3586 5040 ﬁdei

2006 5083 2277 5151 expositio
2311 5083 2478 5136 tribui
2506 5089 2684 5152 potest
2720 5080 3046 5144 Eustathio,
3082 5081 3198 5149 qui,
3242 5078 3385 5148 quod
3418 5093 3447 5130 a
3480 5076 3588 5129 Ma-

2008 5171 2236 5228 cedonio
2269 5175 2472 5237 stabat,
2507 5189 2638 5228 voce
2665 5174 2755 5227 illa
2800 5172 3084 5243 ὀμοούσιος
3122 5170 3348 5224 minime
3396 5170 3588 5223 uteba-

2009 5274 2100 5320 tur
2135 5285 2147 5319 :
2183 5274 2237 5319 at
2262 5266 2378 5320 haec
2409 5266 2526 5336 ipsa
2552 5265 2674 5320 fidei
2708 5264 2999 5334 expositio,
3043 5264 3097 5317 in
3129 5277 3236 5331 qua
3259 5276 3363 5315 vox
3390 5259 3587 5330 ὁμοού·

2013 5377 2127 5423 σιος
2160 5361 2379 5431 legitur,
2419 5361 2625 5429 optime
2654 5359 2911 5413 convenit
2939 5359 2994 5412 in
3018 5355 3281 5411 Basilium
3307 5354 3582 5423 Magnum,

2013 5453 2109 5521 qui
2131 5466 2317 5506 vocem
2347 5451 2630 5521 ὁμοούσιος
2650 5449 2902 5519 privatim
2927 5458 2982 5503 et
3010 5446 3224 5517 publice
3254 5444 3453 5498 acriter
3488 5443 3587 5496 de-

2015 5542 2237 5598 fendere
2303 5558 2519 5614 semper
2559 5543 2823 5613 gloriatus
2875 5548 2980 5596 est.
3051 5539 3263 5594 Rursus
3322 5537 3587 5592 adversus

2093 5704 2162 5773 (ο)
2202 5700 2327 5771 Leg.
2357 5717 2409 5753 ιι.
2437 5700 2506 5752 50
2536 5705 2587 5753 et
2623 5714 2776 5769 seqq.
