3972 6202
358 282 459 336 1ἒ9

1806 275 2199 333 ΡΒᾹΞΕΑΤΙΟ.

3538 283 3642 342 154)

353 397 600 452 eumdem
660 397 1048 454 Combelisium
1093 400 1167 453 ita
1218 398 1535 453 ratiocinari
1594 411 1887 468 possumus
1924 410 1936 443 ε
1972 398 2018 453 Α
2047 396 2318 452 Trinitate
2354 417 2366 451 :
2402 405 2457 451 at
2512 399 2563 452 in
2614 399 2937 454 monasticis
3005 399 3502 455 Constitutionibus
3551 402 3639 457 bis

356 487 569 557 Regula:
598 488 851 544 eumdem
881 498 1163 544 auctorem
1197 490 1418 549 habent,
1461 504 1623 558 quem
1661 487 1828 542 libelli
1868 487 1941 541 De

351 582 546 649 judicio
580 579 680 634 Dei
716 596 781 634 ac
816 581 888 635 De
907 583 1012 650 [ide
1038 599 1055 633 :
1092 584 1187 636 sed
1225 583 1309 634 hic
1341 581 1414 634 De
1445 582 1546 649 [ide
1577 581 1793 634 libellus
1830 578 1938 632 Eu-

357 675 551 728 statbio
585 674 657 728 ob
687 690 831 737 eam,
856 691 1021 743 quam
1046 676 1180 736 dixi,
1213 690 1436 729 causam
1481 673 1648 727 tribui
1680 690 1791 727 non
1841 687 1941 742 po-

354 776 500 821 test:
548 780 651 820 nec
707 766 840 835 ipsre
874 767 1041 837 igitur
1067 766 1285 837 Regulae
1328 767 1377 821 ei
1425 766 1627 821 ascribi
1683 773 1938 835 possunt,

350 874 467 913 eum
502 859 648 912 idem
682 867 897 923 auctor,
932 860 1261 915 Combelisio
1294 860 1516 919 fatente,
1549 867 1601 912 et
1631 857 1865 927 Bt-gulas
1888 866 1941 910 et

350 949 491 1002 hunc
522 948 599 1003 De
617 951 723 1017 ﬁde
754 952 994 1005 libellum
1025 952 1279 1020 vulgarit.
1332 950 1459 1015 Sed,
1500 952 1545 1006 si
1573 966 1746 1018 neque
1787 951 1942 1003 libel-

349 1041 431 1093 lus
457 1038 535 1092 De
552 1041 680 1107 ﬁde,
708 1057 886 1110 neque
915 1040 1135 1111 Regulze
1154 1040 1350 1094 ascribi
1372 1048 1603 1108 possunt
1628 1037 1936 1099 Eustathio,

349 1145 697 1200 consequens
719 1141 802 1186 est
836 1141 895 1185 ut
932 1132 1130 1185 Basilio
1154 1132 1486 1193 tribuantur,
1535 1145 1659 1181 cum
1700 1129 1935 1183 Basilius

349 1232 399 1276 et
424 1221 745 1277 Eustathius
796 1227 869 1278 ita
916 1226 1060 1279 inter
1116 1242 1175 1278 se
1207 1225 1457 1278 Ascetica
1510 1224 1837 1293 partiantur,
1882 1230 1937 1274 ut

350 1316 612 1385 quidquid
647 1317 703 1369 in
740 1318 1011 1370 Asceticis
1048 1317 1112 1369 ad
1141 1318 1368 1370 alterum
1418 1331 1525 1369 non
1574 1316 1831 1384 pertinet.
1882 1312 1936 1366 id

354 1408 418 1461 ad
484 1408 721 1461 alterum
778 1410 1053 1476 pertinere
1098 1410 1238 1463 inter
1271 1424 1461 1462 omnes
1497 1414 1728 1462 constet.
1781 1406 1936 1459 Nunc

349 1512 523 1557 autem
559 1503 626 1557 ad
662 1506 1001 1573 propositum
1026 1506 1101 1559 ita
1122 1516 1479 1570 revertamur,
1502 1514 1561 1559 ut
1589 1504 1935 1559 Eustathium

347 1591 814 1647 Constitutionum
843 1598 1271 1650 monasticarum
1310 1605 1585 1649 auctorem
1627 1611 1749 1649 esse
1803 1610 1934 1664 pan-

346 1686 425 1739 cis
459 1686 822 1741 ostendamus
863 1705 875 1740 :
914 1688 1063 1758 quod
1112 1688 1253 1743 factu
1296 1689 1452 1743 facile
1486 1697 1589 1743 est.
1620 1688 1831 1742 Etenim
1885 1688 1929 1741 si

344 1774 575 1831 Basilius
607 1786 662 1830 ut
698 1778 863 1833 libelli
893 1779 964 1833 De
987 1780 1112 1847 ﬁde,
1147 1784 1217 1834 ita
1245 1782 1572 1850 Regularum
1597 1793 1788 1834 auctor
1804 1796 1928 1836 esse

343 1867 562 1931 dicitur,
606 1868 748 1922 alius
786 1870 1248 1924 Constitutionqu
1285 1873 1481 1925 librum
1513 1872 1795 1942 scripserit
1836 1888 1933 1925 ne-

342 1972 492 2011 cesse
534 1966 641 2020 est,
679 1973 826 2020 cum,
863 1970 918 2013 ut
974 1975 1118 2027 smpe
1149 1961 1283 2024 dixi,
1343 1962 1638 2031 multisque
1683 1962 1931 2029 probavi,

346 2046 672 2118 Regularum
691 2059 744 2105 et
770 2049 1233 2106 Constitutiouum
1267 2068 1371 2106 non
1400 2069 1560 2117 unus,
1586 2052 1678 2108 sed
1698 2054 1807 2105 duo
1837 2069 1934 2106 au-

342 2152 515 2197 ctores
549 2144 686 2197 sint.
742 2145 817 2198 Ex
866 2145 1034 2199 dictis
1084 2156 1266 2199 autem
1313 2146 1483 2215 liquet
1522 2146 1785 2201 Basilium
1821 2154 1930 2199 tam

341 2234 577 2290 libellum
622 2235 699 2288 De
731 2235 833 2304 ﬁde
866 2253 1028 2308 quam
1058 2238 1289 2307 [tegulas
1338 2239 1738 2306 conscripsisse
1774 2256 1787 2293 :
1823 2255 1930 2292 non

338 2331 501 2400 igitur
531 2331 791 2391 Basilius,
822 2331 917 2386 sed
940 2332 1140 2401 aliquis
1168 2332 1305 2384 alius
1322 2332 1747 2384 monasticarum
1790 2330 1935 2384 Con-

348 2423 700 2476 stitutionum
758 2434 953 2477 auctor
999 2422 1266 2478 dicendus
1315 2432 1417 2478 est.
1460 2424 1781 2480 Eustathius
1835 2441 1933 2479 au-

345 2521 448 2567 tem
479 2516 637 2569 solus
669 2523 777 2577 est,
810 2517 899 2569 cui
934 2515 1128 2568 merito
1152 2516 1313 2568 tribui
1350 2518 1559 2585 possint
1593 2536 1605 2570 :
1647 2534 1806 2588 quem
1847 2526 1931 2574 vi-

340 2604 533 2659 delicet
570 2606 838 2660 hactenus
879 2606 1078 2660 eruditi
1107 2622 1298 2661 omnes
1351 2618 1629 2663 auctorem
1676 2609 1928 2665 fecerunt

340 2713 552 2762 eorum,
583 2715 708 2767 quie
741 2699 795 2752 in
828 2699 1011 2753 Basilii
1040 2700 1305 2753 Asceticis
1338 2716 1437 2770 pro
1462 2702 1665 2770 spuriis
1692 2710 1744 2756 et
1772 2704 1930 2758 adul-

347 2791 533 2845 terinis
566 2792 755 2844 babita
788 2800 938 2846 sunt.
978 2791 1042 2845 Et
1077 2793 1294 2861 quando
1347 2808 1414 2848 ex
1463 2794 1779 2850 Combelisii
1843 2813 1932 2850 ar-

341 2892 592 2952 gumento
628 2886 751 2953 opis
799 2884 1006 2953 aliquid
1052 2885 1120 2939 ad
1169 2901 1342 2940 meam
1394 2888 1708 2955 opinionem
1758 2890 1931 2945 stabi-

344 2976 567 3029 Iiendain
604 2992 804 3045 capere
840 2978 1006 3032 semel
1034 2978 1195 3047 ccepi,
1239 2994 1304 3032 ex
1340 2979 1528 3033 eodem
1582 2981 1754 3049 ipsam
1791 2998 1929 3036 con-

2044 486 2265 554 quidem
2298 489 2648 541 sanctissima
2684 488 2926 543 Trinitas
2960 490 3296 557 nominatur,
3324 490 3417 545 Sed
3456 503 3639 547 tamen

2045 588 2277 647 utroque
2310 580 2429 633 loco
2473 582 2800 635 vocabulum
2841 581 3125 648 ὀμοούσιος
3175 585 3634 653 praetermittitur.

2046 665 2207 721 Varia
2234 678 2411 725 autem
2436 672 2526 725 illa
2566 673 2840 727 scribendi
2860 674 3289 730 ratiodiversum
3310 676 3635 746 scriptorem

2044 757 2290 813 indicare
2322 762 2522 816 merito
2552 764 2725 818 videri
2757 774 2939 834 potest
2972 785 2982 819 :
3012 781 3246 834 quorum
3278 769 3490 837 primus
3531 768 3636 821 erit

2043 848 2301 916 Basilius,
2363 856 2455 923 qui
2502 870 2634 909 voce
2676 857 2969 927 opooﬁsto;
3021 860 3179 913 unice
3218 860 3633 924 delectabatur;

2042 944 2181 997 alter
2213 946 2316 999 erit
2348 946 2689 1012 Eustathius,
2737 950 2829 1018 qui
2860 952 3091 1004 aliorum
3123 952 3633 1008 Macedonianorum

2041 1040 2289 1109 exemplo
2318 1056 2461 1103 eam,
2490 1059 2655 1111 quam
2690 1044 2826 1108 dixi,
2860 1061 3048 1098 vocem
3076 1044 3365 1116 diligenter
3399 1048 3628 1104 vitabat.

2040 1128 2157 1183 lam
2191 1133 2255 1185 ad
2291 1134 2507 1203 reliqua
2561 1138 2885 1206 properabo,
2937 1138 3031 1191 sed
3087 1140 3133 1192 si
3178 1140 3329 1207 prius
3366 1141 3631 1196 celebrem

2044 1220 2331 1279 Sozomeni
2359 1228 2559 1294 locum,
2594 1230 2687 1298 qui
2724 1230 2806 1284 his
2838 1229 3303 1298 disputationibus
3344 1234 3630 1287 materiam

2040 1315 2210 1377 dedit,
2256 1321 2531 1389 explicare
2570 1333 2803 1377 conatus
2860 1322 3015 1376 fuero
3052 1343 3063 1378 :
3098 1325 3244 1394 quod
3294 1336 3352 1380 ut
3417 1327 3631 1382 felicius

2040 1409 2320 1473 succedat,
2347 1429 2471 1466 eum
2500 1414 2681 1466 locum
2710 1414 2907 1467 iterum
2935 1415 3111 1469 oculis
3144 1417 3416 1485 subjicere
3454 1420 3628 1473 visum

2037 1510 2141 1565 est,
2173 1504 2265 1556 sed
2303 1505 2382 1557 sic
2415 1512 2596 1559 tamen
2622 1518 2679 1559 ut
2703 1509 2868 1560 verba
2894 1507 3101 1572 Graeca,
3133 1525 3249 1578 quae
3287 1510 3439 1579 prius
3471 1513 3629 1565 retuli

2039 1592 2214 1664 (num.
2253 1595 2367 1665 27),
2405 1598 2509 1651 hoc
2536 1600 2656 1652 loco
2681 1600 2952 1654 otiiittam.
2986 1599 3062 1653 lta
3102 1601 3266 1670 igitur
3292 1602 3630 1659 Snzomenus

2038 1687 2296 1757 loquitur,
2330 1690 2421 1743 lib.
2445 1706 2525 1753 In,
2550 1706 2668 1759 cap.
2700 1692 2766 1745 14
2796 1710 2808 1745 :
2838 1694 2995 1761 Apud
3018 1696 3291 1747 Armenios
3316 1712 3432 1749 vero
3454 1706 3501 1748 et
3521 1695 3624 1749 Pa-

2038 1779 2347 1849 pltlagonas,
2378 1791 2426 1836 et
2480 1784 2687 1836 accolas
2751 1782 2928 1847 Ponti,
2986 1783 3323 1849 Eustathius,
3365 1787 3630 1841 Sebastite

2038 1873 2091 1925 in
2118 1875 2367 1927 Armenia
2392 1877 2686 1943 episcopus,
2720 1878 3030 1929 monastica:
3073 1880 3483 1933 conversationis
3525 1898 3627 1933 au-

2037 1973 2149 2015 ctor
2183 1964 2347 2032 fuisse
2368 1966 2565 2018 dicitur
2602 1982 2618 2017 :
2648 1976 2695 2020 et
2728 1966 2791 2019 de
2811 1967 3055 2019 arctioris
3094 1969 3212 2021 vitta
3237 1967 3546 2038 disciplina.
3566 1969 3628 2023 de

2036 2056 2163 2110 cibis
2197 2058 2382 2125 quibus
2415 2061 2686 2119 utendum,
2725 2071 2815 2112 aut
2850 2078 2882 2113 a
2907 2060 3093 2129 quibus
3132 2060 3501 2113 abstinendum
3544 2078 3627 2114 es-

2035 2161 2131 2209 set.
2164 2151 2227 2205 de
2257 2153 2480 2205 vestibus
2505 2152 2693 2221 quibus
2725 2155 2803 2207 uti
2837 2165 3116 2222 oporteret,
3137 2154 3200 2206 de
3228 2154 3461 2207 moribus
3480 2154 3627 2208 deni-

2034 2258 2130 2310 que
2161 2254 2209 2295 et
2248 2252 2439 2296 exacta
2482 2243 2685 2297 vivendi
2733 2246 2941 2299 ratione
2980 2253 3241 2313 pra'cepta
3304 2245 3624 2308 tradidisse;

2036 2333 2165 2386 adeo
2189 2344 2244 2386 ut
2282 2337 2497 2403 quidam
2530 2338 2785 2404 a/ﬁrment
2809 2338 3001 2389 librum
3025 2339 3330 2399 usreticum,
3350 2341 3435 2407 qui
3464 2337 3627 2390 Basi-

2037 2427 2096 2479 lii
2125 2426 2453 2495 Cappadocis
2476 2431 2683 2482 nomine
2713 2430 3041 2493 inscribitur,
3077 2430 3140 2482 ab
3179 2447 3238 2483 eo
3272 2432 3625 2498 conscriptum

2036 2518 2222 2585 fuisse.
2258 2519 2426 2573 Erant
2449 2520 2612 2590 igitur
2648 2522 2797 2584 olim,
2851 2521 3156 2576 Sozomeno
3200 2531 3447 2586 auctore,
3488 2539 3623 2592 quo-

2036 2628 2155 2665 rum
2200 2613 2409 2677 judicio
2466 2614 2737 2667 asceticus
2788 2614 3010 2683 quidam
3062 2614 3217 2677 liber,
3280 2615 3373 2684 qui
3431 2614 3621 2669 Basilii

2033 2704 2378 2774 Cappadocis
2410 2707 2631 2760 nomine
2656 2708 3157 2776 conscriptuserat,
3186 2708 3250 2761 ad
3280 2707 3623 2761 Eustatbinm

2035 2797 2395 2853 Sebastenum
2438 2800 2764 2867 pertinebat.
2810 2798 2952 2853 Puto
3007 2808 3190 2853 autem
3258 2799 3621 2854 Sozomenum

2034 2890 2162 2942 nihil
2202 2890 2348 2943 aliud
2375 2891 2477 2944 nisi
2498 2891 2920 2945 tnonastiearum
2944 2890 3404 2945 Constitutionnm
3425 2891 3620 2945 librum

2033 2984 2278 3037 indicare
2321 2984 2583 3038 voluisse.
2629 2983 2740 3038 Nec
2778 2984 2977 3037 mirum
3018 2985 3276 3054 cuiquam
3325 2983 3620 3049 videbitur,

346 3067 555 3121 ﬁrmare
587 3084 835 3138 pergam.
882 3068 1115 3132 Etenim,
1150 3071 1194 3123 si
1223 3070 1570 3133 Combelisio,
1604 3073 1695 3142 qui
1727 3074 1780 3127 in
1831 3075 1923 3129 illo
1950 3087 1992 3144 ρ
2032 3076 2229 3128 librum
2261 3075 2354 3143 qui
2408 3074 2678 3129 Eustathii
2719 3086 2858 3140 erat,
2898 3077 3125 3130 nomine
3179 3075 3365 3130 Basilii
3417 3076 3620 3129 inscri—

346 3156 416 3209 De
450 3156 551 3224 ﬁde
576 3158 765 3210 libello
792 3160 1116 3211 vocabulum
1141 3158 1422 3228 ὀμοούσιος
1451 3160 1646 3215 deesse
1672 3161 1810 3216 falso
1834 3179 1925 3231 pu-

346 3258 563 3310 taverat,
590 3251 664 3301 ita
696 3250 1069 3319 argumentari
1120 3251 1275 3305 licuit
1331 3270 1345 3305 :
1385 3250 1536 3321 Opus
1586 3254 1639 3307 in
1688 3271 1798 3323 quo
1822 3272 1925 3309 vox

344 3339 615 3407 ὁμωὺσιος
648 3350 879 3402 tacetur,
914 3339 1203 3395 Eustathio
1254 3343 1505 3396 convenit
1550 3345 1723 3413 magis
1762 3361 1927 3414 quam

344 3434 554 3497 Basilio,
587 3450 698 3487 non
734 3433 890 3488 video
916 3449 1015 3487 cur
1037 3435 1195 3489 nobis
1222 3449 1437 3503 quoque
1458 3435 1530 3487 ita
1557 3438 1925 3505 argumentari

343 3540 443 3579 non
475 3528 636 3579 liceat
670 3547 683 3579 ε
714 3525 867 3595 Opus
919 3527 972 3579 in
998 3543 1109 3596 quo
1156 3543 1351 3581 nomen
1401 3528 1687 3597 ὁμοούσιος
1729 3530 1932 3583 omitti-

339 3625 441 3681 tur,
505 3612 798 3673 Eustathio
840 3620 1023 3687 potius
1067 3618 1233 3672 tribui
1273 3619 1431 3673 debet
1472 3637 1633 3689 quam
1677 3620 1877 3676 Basilio
1911 3640 1924 3676 :

338 3709 425 3762 sed
456 3711 608 3763 vocis
632 3707 914 3778 ὀμοούσιος
945 3724 1013 3762 ne
1029 3708 1312 3779 vestigium
1327 3709 1544 3778 quidetn
1575 3710 1626 3763 in
1651 3719 1762 3764 toto
1784 3709 1928 3764 Con-

337 3802 679 3855 stitutionum
735 3802 872 3854 libro
922 3808 1137 3863 exstat;
1174 3801 1385 3870 aequius
1424 3810 1510 3856 est
1571 3802 1736 3872 igitur
1783 3803 1928 3871 ejus-

334 3895 477 3948 modi
518 3896 722 3948 librum
758 3893 1048 3948 Eustathio
1095 3894 1425 3963 adjudicari,
1482 3911 1646 3963 quam
1699 3893 1923 3950 Basilio.

340 3985 400 4038 Et
430 3999 487 4039 ut
522 3987 691 4055 hujus
713 3988 1027 4053 argumenti
1058 3988 1139 4041 vis
1170 3988 1343 4055 magis
1388 3988 1746 4057 intelligatur,
1806 3988 1923 4041 loca

333 4079 434 4131 tria
462 4093 587 4149 quae
632 4078 869 4130 maxime
910 4077 977 4130 ad
1022 4092 1136 4131 rem
1187 4077 1414 4140 faciunt,
1467 4078 1559 4132 hic
1612 4078 1925 4134 exscribere

332 4185 437 4224 non
468 4170 695 4240 pigebit.
722 4168 967 4222 Primum
1012 4168 1283 4222 adducam
1314 4185 1344 4223 e
1380 4170 1565 4224 libello
1594 4169 1670 4225 De
1696 4170 1818 4239 ﬁde,
1869 4172 1924 4225 in

331 4275 440 4327 quo
465 4260 541 4312 ita
566 4260 767 4328 legitur
792 4259 1081 4329 (pag.228)
1101 4278 1112 4311 :
1133 4259 1290 4311 Οὕτω
1317 4260 1643 4330 φρονοῦμεν,
1674 4263 1766 4314 καὶ
1783 4263 1925 4315 οὕτω

333 4349 665 4420 βαπτίζομεν
716 4351 795 4412 εἰς
839 4351 880 4400 Τ
888 4350 1040 4420 ριάδα.
1068 4351 1366 4419 ὁμοούσιον.
1402 4352 1490 4406 Sic
1521 4354 1796 4420 sentimus,
1821 4356 1924 4408 sic-

2040 3173 2189 3235 ptum
2223 3165 2412 3230 fuisse,
2452 3167 2498 3220 si
2528 3168 2840 3221 meminerit
2874 3168 3044 3222 multa
3076 3168 3282 3237 scripta
3313 3183 3457 3233 esse,
3496 3183 3619 3237 qua

2038 3268 2145 3311 tam
2177 3258 2231 3311 in
2269 3259 2504 3326 vulgatis
2535 3274 2696 3327 quam
2732 3260 2786 3312 in
2815 3260 3091 3314 veteribus
3122 3260 3276 3314 libris
3302 3268 3618 3315 sanctorum

2036 3347 2261 3402 Patrum
2302 3352 2522 3405 nomine
2558 3351 2960 3417 inscribuntur,
2997 3367 3118 3421 qua:
3141 3359 3321 3404 tamen
3363 3351 3523 3404 hodie
3548 3351 3618 3404 ab

2035 3441 2267 3496 eruditis
2297 3442 2612 3497 hominibus
2647 3444 2701 3496 in
2725 3444 3026 3498 subdititiis
3058 3451 3112 3497 et
3148 3443 3471 3497 adulterinis
3489 3443 3615 3512 poni

2035 3533 2303 3589 videmus.
2326 3535 2463 3588 Cum
2501 3537 2665 3605 igitur
2691 3538 3163 3591 Constitutionum
3187 3536 3616 3590 monasticarum

2035 3625 2192 3689 liber,
2222 3627 2316 3695 qui
2348 3627 2619 3682 Eustathii
2651 3636 2788 3693 erat,
2828 3628 3014 3683 Basilii
3056 3630 3278 3683 nomine
3317 3630 3617 3697 inscriptus

2036 3715 2172 3781 fuit,
2196 3718 2333 3771 nihil
2370 3718 2419 3773 ei
2442 3721 2569 3773 novi
2598 3720 2797 3775 accidit
2831 3740 2843 3774 :
2884 3721 2980 3776 sed
3004 3721 3249 3776 eamdem
3278 3728 3480 3775 sortem
3520 3720 3618 3773 ba-

2034 3809 2172 3872 buit,
2199 3825 2362 3879 quam
2398 3812 2569 3864 multa
2611 3812 2716 3865 alia
2755 3813 2983 3882 scripta,
3034 3828 3157 3882 quae
3204 3828 3329 3867 cum
3381 3813 3614 3866 aliorum

2032 3905 2238 3961 essent,
2293 3899 2524 3952 aliorum
2578 3908 2760 3955 tamen
2801 3900 3118 3955 nominibus
3169 3899 3307 3955 falso
3351 3902 3615 3970 inscripta

2034 3998 2180 4044 sunt.
2222 3990 2351 4060 Ejus
2379 3995 2457 4047 rei
2480 4008 2679 4048 causas
2709 4009 2973 4063 quaarere,
3002 3995 3137 4047 nihil
3169 3994 3233 4047 ad
3268 4010 3351 4048 me
3381 3994 3611 4048 attinet:

2033 4081 2167 4133 mihi
2198 4083 2335 4136 satis
2354 4090 2458 4146 est,
2492 4083 2538 4137 si
2573 4099 2660 4137 res
2696 4084 2769 4137 ita
2796 4084 2890 4146 sit,
2917 4099 3017 4136 nec
3056 4084 3242 4152 negari
3272 4083 3460 4151 possit.
3506 4080 3613 4136 Sed

2033 4175 2225 4228 audire
2252 4175 2385 4228 mihi
2429 4175 2616 4231 videor
2663 4178 2757 4247 qui
2807 4185 3215 4247 conquerantur
3261 4177 3610 4231 immoratum

2033 4280 2117 4319 Ine
2143 4267 2310 4320 fuisse
2343 4268 2394 4320 in
2428 4269 2704 4337 probanda
2739 4286 2797 4324 re
2822 4285 2929 4323 non
2960 4269 3146 4334 dubia,
3180 4284 3303 4323 cum
3322 4269 3613 4324 ostendere

2032 4354 2343 4409 debuissem
2377 4356 2760 4420 Sozomennm,
2796 4373 2919 4411 cum
2947 4358 3019 4410 ita
3054 4359 3270 4412 locutus
3299 4367 3383 4412 est
3416 4378 3429 4413 :
3462 4358 3607 4411 Adeo

331 4460 424 4511 que
481 4445 817 4510 baptizamus
876 4444 929 4495 in
984 4441 1242 4496 Trinitate
1287 4444 1749 4500 consubstantiali.
1792 4446 1913 4499 Alia
1941 4442 1993 4502 Ι)
2019 4455 2075 4497 ut
2094 4445 2307 4511 quidam
2327 4447 2581 4515 aﬁirment
2608 4447 2797 4501 librum
2816 4450 3118 4511 asceticum,
3139 4450 3227 4518 qui
3246 4448 3438 4501 Basilii
3467 4447 3609 4514 Cap-

332 4535 440 4588 duo
468 4535 763 4588 mutuabor
791 4550 821 4588 e
860 4535 1177 4588 monasticis
1215 4536 1713 4593 Constitutionibus
1779 4538 1921 4607 (cap.

331 4624 386 4687 2,
424 4641 551 4695 pag.
615 4625 766 4695 ὅου),
814 4625 868 4679 in
921 4627 1123 4694 quibus
1165 4626 1237 4680 ita
1269 4629 1534 4697 scriptum
1575 4628 1920 4684 invenimus:

345 4716 533 4770 Ἡνξκα
559 4719 658 4787 μὲν
704 4717 814 4788 γὰρ
854 4720 887 4787 ἡ
915 4717 1061 4787 ψυχὴ
1102 4717 1162 4769 τὸ
1209 4719 1407 4789 ἑαυτῆς
1447 4720 1774 4773 ἀνακινοῦσα
1810 4738 1925 4773 νοε-

334 4813 439 4880 ρδν,
462 4812 525 4863 τὸ
550 4811 798 4880 φυσικῶς
820 4812 1335 4881 ἐγκατεσπαρμένον
1373 4813 1509 4883 αὐτῇ
1536 4814 1687 4884 παρὰ
1704 4816 1802 4885 τῆς
1828 4832 1925 4867 πε-

333 4902 623 4971 ποιηκυίας
642 4900 815 4970 αὐτὴν
841 4901 999 4969 ἁγίας
1030 4902 1280 4972 Τριὰδος,
1315 4900 1631 4973 βουλεύεται
1674 4903 1761 4969 τά,
1814 4912 1921 4959 etc.

335 4992 543 5048 Etenim
572 4995 785 5047 animus
820 4993 1032 5063 quando
1073 5012 1172 5048 sua
1195 4996 1526 5066 intelligendi
1550 4998 1597 5049 vi
1630 5009 1917 5061 commota,

331 5083 507 5152 quaeei
538 5083 861 5135 naturaliter
914 5099 945 5134 a
980 5093 1171 5136 sancta
1223 5083 1483 5138 Trinitate
1528 5086 1693 5153 ipsius
1738 5089 1924 5155 api/ica

329 5174 495 5227 insita
522 5183 624 5233 est.
659 5173 724 5226 de
754 5174 906 5227 rebus
943 5174 1222 5238 deliberat,
1260 5184 1368 5230 etc.
1413 5173 1479 5229 Et
1517 5179 1708 5245 paucis
1752 5179 1924 5232 inter-

326 5267 487 5335 jectis
540 5268 622 5321 sic
672 5267 1073 5335 persequitur:
1110 5266 1280 5320 Τοῦτο
1332 5270 1429 5338 μὲν
1494 5271 1575 5332 εἰς
1622 5271 1784 5339 ἁγίαν
1834 5270 1925 5325 καὶ

332 5359 714 5429 προσκυνητὴν
742 5358 971 5427 Τριὰδα,
1005 5359 1150 5411 κατὰ
1176 5359 1237 5411 τὸ
1266 5359 1405 5423 ἐνὸν,
1443 5361 1629 5424 ἀτενὲς
1658 5362 1920 5432 ἐνορῶσα,

329 5464 435 5506 etc.
497 5451 614 5505 Hoc
661 5452 923 5514 videlicet,
976 5460 1234 5519 quantum
1296 5453 1412 5519 ﬁeri
1459 5461 1649 5521 potest,
1708 5455 1920 5509 intentis

329 5546 491 5598 animi
526 5546 695 5598 oculis
726 5545 780 5596 in
823 5551 1011 5597 sancta
1051 5552 1102 5595 et
1148 5542 1426 5597 adoranda
1486 5544 1750 5598 Trinitate
1794 5562 1921 5598 con-

328 5646 496 5697 tuens,
527 5647 637 5691 etc.
677 5634 880 5690 Vocem
924 5634 1210 5705 ὁμοθύσιος
1258 5634 1509 5690 videmus
1538 5637 1592 5689 in
1638 5636 1819 5689 libello
1846 5636 1921 5690 De

326 5731 429 5797 ﬁde
457 5737 807 5801 usurpatam,
836 5744 963 5783 cum
1000 5727 1203 5783 mentio
1228 5728 1457 5783 habetur
1485 5729 1550 5785 de
1569 5728 1919 5786 sanctissima

2028 4540 2243 4606 padocis
2283 4540 2490 4593 nomine
2512 4540 2840 4601 inscribitur,
2859 4541 2923 4594 ab
2947 4559 3004 4595 eo
3022 4542 3031 4611 ι
3048 4540 3351 4612 Eustathio]
3373 4542 3610 4593 conscri-

2027 4642 2172 4701 ptum
2198 4634 2385 4701 fuisse,
2444 4634 2579 4688 nihil
2616 4636 2762 4687 aliud
2799 4634 2883 4688 his
2930 4635 3110 4690 verbis
3158 4634 3467 4702 signiﬁcare
3510 4648 3609 4685 vo-

2028 4726 2216 4785 luisse.
2258 4726 2361 4779 nisi
2387 4726 2561 4779 solum
2585 4726 3050 4780 Constitutionum
3076 4728 3501 4779 monasticarum
3541 4728 3605 4779 li-

2027 4817 2207 4879 brum,
2226 4816 2367 4884 quod
2390 4826 2447 4869 ut
2470 4819 2703 4871 maxime
2724 4817 2971 4879 dubium,
2999 4817 3067 4870 ita
3102 4817 3329 4885 probatu
3352 4816 3603 4869 dilhcilli-

2026 4925 2174 4962 mum
2226 4911 2394 4963 videri
2428 4918 2622 4979 potest.
2678 4909 2790 4979 Ego
2827 4918 3006 4963 autem
3033 4911 3189 4963 aliter
3213 4910 3413 4970 sentio,
3441 4910 3604 4979 idque

2027 5004 2263 5056 arbitror
2298 5017 2404 5054 non
2440 5002 2735 5056 obscurum
2785 5002 2919 5065 fore,
2962 5002 3005 5054 si
3038 5016 3121 5061 ea,
3178 5014 3298 5069 quae
3342 5016 3467 5055 mox
3521 5018 3578 5055 re

2026 5096 2145 5158 tuli,
2204 5094 2488 5147 Sozomeni
2542 5095 2708 5147 verba
2748 5094 2910 5162 paulo
2963 5092 3281 5159 diligentius
3328 5093 3597 5162 legantur.

2028 5185 2101 5239 lbi
2155 5185 2299 5238 enim
2330 5185 2505 5238 solum
2553 5186 2754 5237 mentio
2786 5184 2844 5236 ﬁt
2886 5184 2951 5237 de
2974 5185 3228 5239 arctioris
3265 5187 3387 5238 vita:
3433 5185 3601 5239 disci—

2024 5278 2191 5346 plina,
2228 5275 2296 5329 de
2320 5278 2456 5331 cibis
2512 5277 2711 5345 quibus
2742 5276 3023 5339 utendum,
3052 5284 3146 5329 aut
3180 5292 3209 5329 a
3246 5278 3443 5345 quibus
3474 5281 3590 5329 alib-

2025 5367 2328 5430 tinendum,
2372 5368 2440 5421 de
2484 5368 2730 5422 vestibus
2771 5368 2972 5436 quibus
3052 5370 3129 5421 uti
3177 5377 3477 5438 oporteret,
3529 5382 3598 5422 ne

2024 5460 2267 5514 moribus
2305 5460 2540 5529 denique
2593 5469 2646 5514 et
2675 5467 2868 5514 exacta
2912 5462 3129 5516 vivendi
3172 5462 3389 5515 ratione
3424 5480 3435 5513 :
3471 5462 3595 5523 qui-

2024 5553 2125 5608 bus
2151 5552 2333 5605 verbis
2361 5550 2828 5605 Constitutionum
2862 5554 3288 5607 monasticarum
3322 5552 3456 5605 liber
3487 5562 3596 5604 tam

2023 5643 2307 5713 perspicue
2334 5641 2626 5703 indicatur,
2648 5652 2705 5695 ut
2737 5651 2944 5696 tantum
2975 5660 3080 5697 non
3116 5643 3387 5696 nominari
3421 5641 3597 5696 videar

2023 5739 2129 5783 tur.
2164 5728 2356 5783 Omnia
2381 5730 2524 5784 enim
2558 5745 2677 5800 qua:
2714 5731 2767 5785 in
2802 5731 2895 5785 illo
2933 5730 3221 5786 Sozomeni
3255 5733 3373 5785 loco
3401 5732 3594 5802 legun-
