3972 6202
288 311 379 364 151

1712 292 2100 352 ΡΒᾹΞῈΔΤΙΟ.

3452 294 3556 348 £32

285 428 396 483 tur,
428 419 589 472 unice
630 415 1094 471 Constitutionum
1156 414 1293 466 libro
1341 413 1694 473 conveniunt,
1756 424 1863 464 non
1895 408 2150 474 Adetur,
2221 427 2391 480 pauca
2443 410 2690 480 quzedam
2754 411 3090 466 monasteria
3143 411 3212 466 ab
3257 410 3546 467 Eustathio

287 522 470 568 autem
505 509 747 580 Regulis,
801 525 938 579 quas
982 511 1026 564 si
1081 509 1420 561 Sozomenus
1457 506 1743 575 designare
1776 519 1872 558 νοω

288 606 496 663 luisset,
523 603 799 656 debuisset
828 615 958 654 sane
984 598 1125 667 quod
1151 599 1203 650 in
1226 597 1310 650 his
1346 596 1672 665 praecipuum
1701 601 1784 646 est
1817 597 1872 646 et

290 695 570 762 singulare
596 707 882 745 recensere
917 705 929 741 :
967 689 1110 758 quod
1144 703 1268 740 cum
1317 702 1424 739 non
1463 685 1673 747 fecerit,
1708 699 1777 738 ne
1805 682 1872 736 de

290 784 426 854 ipsis
463 783 682 852 quidem
720 782 991 851 cogitasse
1035 778 1307 847 putandus
1339 785 1441 831 est.
1476 775 1645 830 Nemo
1691 783 1871 827 autem

290 878 488 933 nescit,
523 876 568 927 si
603 873 732 942 quid
757 873 1017 925 eximium
1049 879 1132 923 est
1159 880 1211 923 et
1242 868 1516 938 peculiare
1545 869 1596 920 in
1625 865 1870 935 Regulis,

294 965 346 1018 id
383 967 548 1018 silum
582 979 705 1017 esse
738 963 789 1016 in
825 963 959 1014 mira
996 962 1084 1015 illa
1120 961 1534 1013 innumerorum
1577 957 1873 1027 Scriptura:

293 1055 730 1110 testimoniorum
798 1054 1122 1106 collectione
1178 1067 1190 1100 :
1243 1066 1362 1119 quae
1404 1049 1712 1102 testimonia
1764 1055 1871 1098 tam

295 1155 420 1215 apte
477 1154 692 1212 tamque
741 1143 1010 1195 concinne
1069 1141 1461 1210 proferuntur,
1523 1146 1580 1192 ut
1625 1137 1874 1206 plurimae

295 1247 458 1306 atque
499 1236 838 1305 gravissima:
871 1235 1250 1302 cujuscunque
1285 1232 1501 1302 generis
1540 1231 1873 1298 Qua‘stioncs

297 1327 614 1380 doctissime
661 1339 725 1376 ae
774 1323 1168 1376 dilueidissime
1191 1321 1494 1380 solvantur,
1553 1317 1872 1392 difﬁcillima

301 1417 598 1485 Scriptura:
630 1416 745 1467 lora
777 1414 1117 1482 explicentur
1152 1412 1390 1464 breviter
1423 1408 1585 1461 simul
1619 1415 1670 1460 et
1695 1405 1874 1476 perdi-

298 1510 554 1578 ligenter,
592 1514 644 1559 et
679 1507 880 1573 ubique
919 1503 1282 1557 saluberrima
1313 1499 1709 1566 utilissimaque
1741 1511 1874 1565 pra:-

297 1610 456 1672 cepta
490 1601 557 1654 ad
609 1598 1015 1667 componendos
1065 1612 1242 1652 mores
1296 1595 1604 1648 tradantur.
1642 1591 1874 1648 Rufinus

297 1695 706 1759 Cassianusque
739 1699 792 1746 et
844 1690 1091 1752 Photius,
1123 1704 1248 1742 cum
1307 1688 1373 1742 de
1402 1686 1626 1758 Begulis
1680 1687 1874 1755 loque-

298 1796 535 1850 rentur,
586 1786 781 1839 horum
829 1782 1128 1851 Scriptura:
1175 1783 1419 1836 locorum
1473 1779 1876 1842 meminerunt;
1909 1767 1954 1822 Β

302 1896 404 1934 nec
435 1879 722 1941 immerito,
759 1891 882 1929 cum
915 1875 1097 1929 Basilii
1127 1873 1346 1943 Regula:
1378 1887 1489 1925 non
1523 1869 1744 1924 aliunde
1771 1885 1882 1921 ma-

301 1969 386 2041 gis
426 1982 587 2037 quam
619 1982 681 2020 ex
714 1965 820 2017 illis
861 1963 1193 2017 testimoniis
1243 1963 1310 2015 ab
1345 1961 1577 2012 aliorum
1627 1957 1881 2011 asceticis

305 2059 729 2128 distinguantur.
767 2052 922 2122 (Vide
956 2052 1095 2105 infra
1121 2067 1272 2104 num.
1304 2050 1394 2115 69.,
1419 2064 1588 2119 pr0pe
1616 2051 1736 2115 lin.)
1762 2046 1880 2112 Qua

307 2150 472 2216 igitur
496 2150 706 2200 ratione
741 2147 1012 2215 potuisset
1054 2142 1392 2196 Sozomenus
1422 2143 1488 2196 de
1529 2142 1612 2194 his
1639 2141 1883 2194 testimo-

306 2241 415 2297 niis
447 2250 645 2300 tacere,
711 2254 808 2291 nec
857 2238 1021 2289 ullam
1067 2235 1399 2287 mentionem
1458 2232 1634 2286 facere
1667 2245 1880 2293 eorum,

306 2348 428 2402 quae
462 2329 786 2397 liegularum
840 2324 1059 2393 propria
1115 2331 1264 2386 sunt,
1323 2323 1366 2374 si
1408 2321 1556 2390 ipsas
1595 2335 1682 2380 eo,
1721 2333 1883 2387 quem

308 2420 598 2489 exscripsi,
635 2419 754 2470 loco
786 2415 1028 2468 indicare
1057 2413 1161 2466 sibi
1205 2409 1620 2480 proposuisset?
1650 2408 1767 2462 Non
1795 2410 1888 2476 igi-

311 2522 398 2566 tur
430 2509 717 2564 Sozomcni
775 2507 940 2561 verba
994 2502 1313 2572 accipienda
1363 2509 1491 2557 sunt
1536 2501 1603 2554 de
1640 2499 1883 2570 Begulis,

311 2609 378 2662 ad
409 2623 545 2677 quas
590 2614 714 2675 apte
758 2601 947 2657 referri
984 2615 1089 2653 non
1129 2603 1380 2667 possunt,
1422 2593 1515 2648 sed
1570 2591 1637 2646 dc
1667 2590 1888 2644 Consti-

311 2703 584 2754 tutionum
622 2698 1050 2751 inenasticarum
1078 2693 1240 2752 libro,
1273 2689 1338 2744 ad
1369 2705 1530 2758 quem
1554 2686 1760 2754 optime
1798 2696 1890 2734 ac-

311 2791 732 2846 commodantur
796 2801 1134 2856 quaecunque
1194 2781 1532 2836 Sozomenus
1605 2778 1709 2830 hoc
1767 2776 1889 2829 loco

314 2883 555 2951 scripsit.
587 2879 744 2933 Nunc
779 2888 962 2932 autem
995 2878 1220 2946 quinam
1269 2875 1345 2927 illi
1382 2879 1590 2938 essent,
1617 2869 1711 2939 qui
1741 2883 1890 2921 asce-

315 2974 485 3027 ticum
520 2972 670 3024 illiilli
701 2971 898 3023 librum
933 2969 1154 3021 nomine
1187 2965 1377 3018 Basilii
1410 2961 1737 3030 inscriptum
1782 2958 1891 3011 Eu-

315 3063 521 3118 stathio
578 3061 878 3131 adjudieari
939 3067 1192 3128 Oportcre
1255 3055 1616 3116 aliirmarent,
1692 3050 1888 3158 merito
1913 3097 1959 3158 ϐ

317 3155 488 3224 quaeri
543 3160 738 3222 potest.
797 3149 990 3204 Fuisse
1033 3149 1269 3201 arbitror
1307 3146 1454 3198 illius
1493 3141 1669 3196 aetatis
1713 3138 1888 3194 erudi-

318 3245 563 3298 tissimos
593 3255 842 3310 quosque
875 3249 1037 3308 atque
1071 3235 1529 3297 studiosissimos,
1593 3231 1710 3302 qui,
1765 3244 1891 3282 cum

320 3331 529 3387 assidui
565 3339 748 3385 essent
796 3330 850 3382 in
905 3327 1184 3382 volvendis
1219 3334 1503 3378 auctorum
1551 3321 1724 3383 libris,
1781 3316 1894 3372 for-

321 3433 470 3477 tasse
529 3422 752 3488 antiqua
785 3417 1034 3487 qtnedam
1072 3414 1502 3469 monasticarum
1532 3411 1865 3466 Constitutio

321 3526 452 3566 num
478 3511 809 3578 exemplaria
859 3507 1211 3567 invenissent,
1249 3505 1304 3557 in
1346 3503 1547 3572 quibus
1575 3517 1674 3571 pro
1705 3499 1894 3554 Basilii

322 3606 542 3658 nomine
576 3616 772 3656 nomen
804 3599 1074 3653 Eustathii
1115 3598 1352 3668 positum
1385 3603 1532 3650 esset
1568 3613 1580 3648 :
1619 3601 1714 3646 aut
1742 3600 1894 3648 certe

321 3696 417 3764 qui
454 3693 837 3763 cognovissent
869 3705 934 3743 ex
969 3688 1092 3759 styli
1128 3687 1592 3748 dissimilitudine,
1622 3682 1896 3754 ejusmodi

325 3800 463 3854 opus
505 3785 571 3837 ad
618 3784 874 3838 Basilium
909 3782 1182 3850 pertinere
1226 3795 1335 3834 non
1388 3793 1588 3848 posse;
1624 3778 1694 3832 ob
1735 3775 1898 3845 idque

321 3875 660 3944 judicassent
708 3875 838 3928 illud
895 3871 1095 3927 ascribi
1143 3869 1342 3924 debere
1381 3869 1686 3932 Eustathio,
1734 3881 1897 3937 quem

327 3967 545 4021 aliunde
591 3967 941 4021 rescivissent
1001 3966 1265 4033 scriptum
1328 3962 1548 4030 aliquod
1599 3963 1898 4016 asceticum

325 4063 383 4115 in
437 4060 612 4112 lucem
647 4059 914 4112 edidisse.
952 4055 1062 4108 Nec
1095 4055 1240 4108 enim
1274 4069 1361 4108 res
1397 4055 1522 4108 talis
1571 4054 1690 4108 sine
1730 4068 1898 4108 causa

328 4147 585 4203 aﬂirmari
635 4147 825 4216 potuit.
862 4145 967 4198 Alii
998 4160 1147 4206 vero,
1177 4146 1269 4213 qui
1301 4145 1356 4198 in
1391 4143 1632 4214 legendis
1669 4144 1900 4196 auctori-

328 4242 433 4295 bus
476 4239 656 4292 minus
697 4238 896 4291 versati
927 4245 1132 4301 essent,
1187 4237 1319 4290 falsa
1378 4237 1502 4289 libri
1544 4236 1901 4304 inscriptione

329 4330 528 4389 delusi,
561 4328 718 4382 facile
749 4343 894 4383 mera
938 4327 1293 4382 Eustathiana
1327 4327 1528 4383 Basilio
1575 4327 1770 4397 Magno
1811 4324 1910 4382 as-‘

1978 509 2294 555 constructa
2327 501 2496 557 fuisse
2526 503 2582 555 in
2633 502 2910 564 Armenia.
2945 509 3019 568 et,
3053 503 3096 556 si
3132 503 3255 571 quis
3283 504 3357 556 ita
3401 503 3552 566 velit,

1977 594 2032 648 in
2092 593 2505 664 Paphlagonia:
2561 595 2613 647 in
2674 595 2872 664 quibus
2930 593 3289 649 Eustathiana
3337 594 3555 650 vivendi

1979 700 2172 739 norma
2231 686 2302 740 ob
2342 687 2444 739 viri
2502 687 2700 739 malam
2750 685 2950 739 famam
3005 701 3117 740 non
3157 687 3248 740 diu
3298 685 3555 754 viguerit,

1979 783 2032 829 et
2079 777 2132 828 in
2179 792 2299 844 quze
2341 791 2438 845 pro
2479 775 2840 830 Eustathiano
2872 777 3203 830 Basilianum
3239 777 3557 830 institutum

1980 865 2129 920 brevi
2164 867 2537 920 introductum
2590 869 2681 931 sit,
2731 869 2801 921 ob
2858 883 3110 936 magnam
3163 869 3371 922 scilicet
3428 880 3558 921 san-

1979 957 2211 1010 ctissimi
2266 973 2327 1010 ac
2358 958 2712 1013 eruditissimi
2743 958 2923 1012 Patris
2957 958 3098 1027 apud
3143 975 3332 1013 omnes
3369 959 3559 1012 existi-

1979 1049 2294 1102 mationem.
2334 1048 2490 1114 Quod
2522 1059 2702 1103 autem
2741 1051 2959 1103 additur
2996 1050 3063 1103 de
3117 1051 3320 1104 accolis
3371 1049 3554 1114 Ponti,

1980 1140 2031 1193 id
2082 1139 2332 1206 Rufinus,
2370 1141 2463 1208 qui
2499 1142 2688 1196 Basilii
2741 1144 2969 1211 aequalis
3010 1150 3148 1204 erat,
3189 1141 3384 1195 falsum
3434 1158 3560 1196 esse

1980 1231 2159 1286 docet.
2210 1231 2288 1285 Ita
2322 1234 2465 1286 enim
2536 1234 2628 1286 lib.
2687 1250 2745 1295 ιι,
2791 1249 2912 1302 cap.
2950 1234 3004 1297 9,
3063 1232 3306 1300 loquitur
3343 1249 3355 1283 :
3399 1233 3556 1286 Basi-

1982 1324 2084 1378 lius
2115 1323 2274 1378 Ponti
2309 1325 2459 1378 urbes
2493 1336 2542 1378 et
2587 1342 2716 1378 rura
2759 1326 3092 1388 circumiens,
3149 1325 3352 1378 desides
3386 1325 3558 1395 gentis

1981 1415 2129 1466 illius
2167 1417 2375 1468 animos
2407 1425 2456 1467 et
2496 1432 2683 1484 parum
2724 1415 2786 1468 de
2813 1431 2901 1481 spe
2939 1418 3122 1483 futura
3154 1415 3411 1468 sollicitos
3447 1416 3562 1469 sti—

1982 1509 2208 1568 mulare,
2255 1507 2424 1559 verbis
2469 1517 2520 1560 et
2564 1507 2939 1574 prtrdicatione
2970 1508 3300 1571 succendere,
3334 1507 3562 1561 callum-

1981 1614 2080 1668 que
2110 1599 2174 1650 ab
2207 1598 2288 1650 his
2329 1598 2498 1668 longte
2531 1597 2860 1667 negligentiae
2901 1599 3052 1667 ca'pit
3083 1596 3309 1662 abolere,
3339 1596 3564 1666 subegit-

1982 1705 2099 1759 que,
2147 1689 2361 1758 abjectis
2408 1689 2646 1742 inanium
2689 1705 2863 1742 rerum
2917 1698 2966 1742 et
3010 1689 3349 1742 swcularium
3395 1689 3560 1752 curis,

1983 1783 2171 1835 suimet
2197 1783 2439 1835 notitiam
2490 1783 2750 1849 recipere;
2795 1790 2842 1835 et
2874 1783 2926 1833 in
2970 1797 3132 1833 unum
3183 1783 3340 1841 coire,
3372 1797 3556 1834 mona-

1981 1875 2144 1927 steria
2179 1884 2496 1939 construere,
2531 1875 2751 1944 psalmis
2801 1885 2849 1928 et
2884 1875 3090 1945 hymnis
3137 1883 3185 1928 et
3232 1873 3560 1927 orationibus

1982 1964 2158 2018 docuit
2189 1981 2373 2017 vacare
2397 1981 2415 2027 ;
2445 1981 2734 2033 pauperum
2765 1981 2943 2016 curam
2979 1980 3173 2034 gerere,
3218 1964 3390 2031 eisque
3419 1962 3565 2017 habfs

1985 2057 2164 2109 tacula
2211 2057 2446 2120 honesta,
2503 2067 2552 2108 et
2582 2071 2698 2126 quae
2746 2055 2813 2106 ad
2859 2055 3051 2107 victum
3095 2056 3390 2108 necessaria
3441 2063 3563 2107 sunt

1983 2149 2246 2216 prwbere;
2307 2147 2533 2214 virgines
2601 2146 2912 2206 instituere,
2969 2143 3213 2212 pudicam
3261 2153 3564 2210 castamque

1985 2251 2147 2292 vitam
2197 2239 2436 2290 omnibus
2481 2253 2607 2305 pene
2645 2234 3044 2288 desiderabilem
3075 2233 3265 2297 facere.
3302 2230 3389 2284 Ita
3420 2231 3560 2284 brevi

1985 2340 2284 2402 permutata
2313 2338 2389 2382 est
2417 2329 2575 2382 totius
2610 2329 2891 2396 provincite
2921 2326 3105 2394 facies,
3134 2337 3190 2377 ut
3220 2325 3271 2378 in
3318 2323 3470 2377 arido
3512 2335 3562 2376 et

1987 2423 2249 2493 squalenti
2284 2435 2464 2488 campo
2524 2420 2783 2474 rideretur
2827 2435 2967 2488 seges
3018 2417 3261 2486 fecunda,
3320 2433 3382 2468 ac
3439 2415 3567 2469 [tela

1989 2516 2140 2567 vinea
2172 2513 2481 2566 surrexisse.
2522 2510 2635 2564 Hoc
2659 2511 2798 2565 idem
2834 2509 3176 2564 conﬁrmavit
3200 2517 3253 2561 et
3279 2507 3562 2570 Socrates,

1989 2607 2082 2675 qui
2124 2605 2218 2659 lib.
2257 2621 2330 2666 iv,
2373 2620 2493 2672 cap.
2541 2602 2631 2665 26,
2661 2603 2733 2656 ita
2767 2602 3028 2672 scripsit:
3083 2598 3279 2662 Δεδιὼς
3324 2598 3433 2669 γὰρ
3485 2600 3560 2669 μή

1991 2715 2108 2760 πως
2153 2698 2403 2767 Ἀρειανὴ
2457 2695 2776 2765 καινοτομία
2807 2697 2902 2747 καὶ
2954 2693 3050 2755 τὰς
3085 2692 3227 2744 κατὰ
3249 2693 3336 2745 τὸν
3365 2693 3566 2745 Πόντον

1990 2788 2292 2859 ἐπινεμηθῇ
2321 2788 2613 2857 ἐπαρχίας,
2643 2787 2896 2856 δρομαῖος
2925 2786 3014 2838 ἐπὶ
3040 2783 3107 2837 τὰ
3135 2785 3249 2835 ἐκεῖ
3291 2784 3429 2854 μέρη
3459 2782 3568 2834 διέ-

1991 2882 2142 2934 ϐαινε
2172 2899 2184 2911 ·
2223 2883 2338 2934 ἐκεῖ
2379 2898 2437 2933 τε
2475 2881 2786 2951 ὰσκητήρια
2839 2879 3268 2948 συστησάμενος,
3318 2875 3408 2928 καὶ
3437 2891 3569 2928 κατ-

1991 2975 2204 3045 ηχήσας
2221 2975 2345 3036 τοὺς
2361 2972 2555 3042 ἄνδρας
2575 2974 2693 3034 ταῖς
2719 2969 2880 3023 αὐτοῦ
2909 2969 3294 3031 διδασκαλίαις,
3319 2968 3443 3028 τοὺς
3474 2983 3571 3020 σα-

1992 3061 2317 3132 λευομένους
2385 3061 2658 3132 ἐστήριξε.
2721 3060 2928 3114 Veritus
2979 3061 3115 3114 enim
3177 3055 3460 3130 [Basilius]
3508 3073 3571 3110 ne

1999 3157 2192 3211 Ariani
2237 3155 2498 3224 dogmatis
2554 3155 2756 3206 novitas
2801 3151 2963 3205 Ponti
3025 3167 3225 3221 quoque
3271 3150 3569 3218 provincias

1999 3247 2384 3318 depasceretur,
2436 3246 2673 3299 celeriter
2719 3244 2788 3298 ad
2842 3261 2930 3298 eas
2979 3254 3155 3314 partes
3199 3261 3253 3296 se
3309 3239 3570 3303 contulit;

2001 3357 2216 3407 cumque
2245 3339 2355 3392 illic
2382 3340 2701 3391 monasteria
2733 3339 3106 3401 constituisset,
3147 3348 3192 3390 et
3221 3345 3430 3389 cunctos
3459 3333 3572 3387 suis

2000 3431 2464 3502 pra’dicationibus
2514 3431 2850 3493 instituisset,
2890 3439 3135 3482 nutantes
3158 3444 3338 3482 eorum
3361 3427 3571 3479 animos

2002 3523 2351 3590 conﬁrmavit.
2402 3519 2796 3588 Praetereaque,
2825 3519 2872 3573 si
2908 3519 3032 3588 quis
3053 3519 3183 3572 velit
3222 3531 3391 3587 pauca
3420 3529 3572 3584 qua:-

2003 3612 2126 3667 dam
2187 3611 2519 3666 monasteria
2584 3612 2639 3664 in
2673 3611 2852 3665 Ponto
2885 3611 3046 3665 etiam
3074 3610 3141 3663 ab
3175 3607 3460 3661 Eustathio
3485 3607 3572 3660 in-

2005 3704 2192 3757 stituta
2222 3701 2414 3766 fuisse,
2461 3716 2695 3770 quorum
2747 3701 2863 3770 ipse
2897 3699 3018 3768 jure
3053 3707 3244 3751 auctor
3270 3696 3450 3749 dictus
3478 3695 3571 3758 sit,

2003 3809 2112 3848 non
2139 3793 2390 3862 pugnabo
2415 3807 2547 3862 ego;
2575 3807 2675 3846 nec
2702 3792 2844 3845 enim
2877 3790 3036 3844 video
3066 3789 3196 3858 quid
3234 3786 3357 3840 inde
3385 3793 3575 3839 nostra

2005 3886 2270 3942 sententia
2305 3885 2422 3938 ltedi
2459 3885 2652 3953 possit.
2687 3882 2898 3937 Etenim
2927 3897 3035 3935 non
3060 3896 3197 3949 nego
3221 3877 3572 3932 Eustathium

2005 3975 2335 4030 monasteria
2359 3975 2540 4042 aliqua
2578 3974 2665 4028 hic
2703 3973 2813 4026 illic
2844 3973 3002 4026 initio
3031 3971 3318 4025 instituere
3358 3966 3573 4037 potuis-

2006 4081 2064 4120 se
2085 4081 2096 4116 :
2120 4065 2214 4120 sed
2231 4066 2374 4132 dico,
2413 4065 2458 4118 si
2480 4079 2566 4117 res
2599 4065 2670 4116 ita
2697 4063 2784 4124 sit,
2827 4063 2956 4115 mihi
2982 4060 3345 4116 certissimum
3377 4055 3572 4120 videri,

2005 4156 2414 4212 Eustathianam
2441 4157 2588 4209 illam
2617 4155 2833 4211 vivendi
2861 4169 3106 4208 normam
3135 4155 3190 4207 in
3220 4151 3328 4206 illis
3379 4162 3578 4202 mona-

2007 4251 2188 4305 steriis
2236 4264 2426 4318 parum
2473 4249 2566 4302 diu
2608 4248 2870 4316 viguisse,
2921 4247 2991 4300 ob
3019 4245 3259 4299 hominis
3289 4240 3579 4296 odiosissi~

2007 4358 2158 4397 mum
2185 4355 2405 4404 nomen,
2438 4341 2599 4407 eique
2642 4338 2967 4392 Basilianam
3013 4338 3193 4389 statim
3227 4334 3576 4402 subrogatam

331 4422 665 4491 cripserunt.
705 4418 807 4473 Sed
841 4419 1074 4474 fortasse
1097 4420 1242 4474 dicet
1271 4421 1466 4489 aliquis
1498 4440 1510 4474 :
1545 4420 1600 4474 Si
1628 4436 1734 4489 qua
1770 4421 1889 4474 olim

2012 4434 2214 4498 fuisse,
2282 4432 2352 4486 ob
2392 4431 2627 4500 piissimi
2686 4445 2750 4484 ac
2806 4428 3110 4485 doctissimi
3157 4425 3442 4495 scriptoris
3495 4423 3580 4476 fa-

329 4515 674 4572 exstitissent
715 4516 1067 4582 exemplaria,
1120 4515 1174 4566 in
1205 4515 1404 4584 quibus
1434 4531 1532 4584 pro
1573 4515 1758 4569 Basilii
1804 4530 1905 4568 no-

332 4611 480 4664 mine
529 4624 728 4662 nomen
765 4607 1030 4674 Eustathii
1090 4609 1356 4678 scriptum
1395 4617 1563 4674 esset,
1621 4623 1721 4661 cur
1755 4607 1904 4661 nulla

333 4702 598 4771 ejusmodi
631 4700 961 4770 exemplaria
982 4700 1143 4754 hodie
1172 4701 1226 4754 in
1252 4701 1592 4754 bibliothecis
1620 4701 1906 4769 reperiun-
1988 4719 1999 4776 ς

335 4794 457 4848 tur?
519 4793 646 4846 Mihi
679 4792 977 4847 verisimile
1031 4791 1112 4854 fit,
1166 4791 1213 4845 si
1244 4792 1461 4859 quando
1496 4793 1632 4846 tales
1671 4792 1792 4846 libri
1821 4807 1910 4846 ex-

335 4887 598 4949 stiterint,
659 4885 936 4950 librarios,
984 4883 1079 4953 qui
1131 4884 1272 4937 male
1315 4883 1504 4937 audire
1564 4882 1905 4937 Eustathium

335 4980 600 5043 viderent,
641 4987 1086 5046 vcrerenturque,
1113 4992 1200 5040 ne,
1244 4975 1291 5031 si
1328 4976 1473 5029 illius
1503 4990 1700 5029 nomen
1737 4977 1790 5029 in
1815 4976 1903 5039 iis,

341 5087 458 5141 quae
499 5070 888 5125 exscribebant
942 5068 1349 5138 exemplaribus
1389 5074 1708 5120 cerneretur
1739 5107 1753 5131 ,
1806 5069 1880 5120 mi

337 5164 490 5215 noris
544 5160 714 5214 libros
763 5175 895 5214 suos
930 5159 1252 5220 venderent,
1306 5167 1594 5225 propterea
1645 5156 1712 5210 de
1756 5157 1888 5210 indu

338 5250 472 5304 stria
506 5263 702 5302 nomen
737 5257 844 5301 tam
882 5248 1010 5302 mali
1065 5249 1266 5304 ominis
1319 5261 1546 5316 prorsus
1596 5248 1908 5301 rescidisse.

337 5339 478 5407 Quid
530 5339 747 5393 tandem
817 5340 1052 5394 sentiam
1109 5340 1176 5394 de
1230 5339 1419 5409 primis
1471 5339 1578 5392 illis
1623 5337 1907 5392 Sozomeni

337 5431 542 5493 verbis,
572 5429 724 5497 Apud
757 5429 1032 5484 Armenios
1075 5448 1192 5485 vero
1213 5442 1263 5486 et
1296 5430 1696 5501 Paphlagonas,
1726 5440 1775 5484 et
1825 5447 1886 5484 ac

339 5521 485 5576 colas
516 5519 712 5588 Ponti,
749 5519 1084 5587 Eustathius,
1131 5521 1386 5577 Sebastite
1415 5524 1470 5575 in
1513 5523 1764 5576 Armenia
1805 5525 1902 5592 cpi-

340 5626 551 5679 scopus,
596 5613 904 5666 monastica:
919 5614 1326 5667 conversationis
1361 5623 1547 5666 auctor
1573 5613 1737 5682 fuisse
1779 5615 1915 5667 dici-

343 5713 448 5773 tur,
474 5720 620 5761 nunc
652 5707 908 5776 aperiam.
943 5706 1074 5761 Mihi
1120 5706 1284 5776 igitur
1338 5709 1468 5762 satis
1512 5707 1792 5777 probabile
1843 5713 1914 5766 vi-

2007 4539 2176 4577 niam.

2175 4636 2202 4708 §
2237 4634 2328 4690 X1.
2387 4635 2523 4689 Pars
2569 4644 2775 4708 octava,
2810 4649 2866 4686 tn
2906 4649 3013 4702 qua
3067 4631 3130 4686 de
3167 4629 3436 4699 Epitimiis

2631 4707 2957 4772 disputatur.

2077 4799 2167 4851 49.
2202 4796 2478 4866 Epitimia,
2511 4797 2578 4852 de
2631 4797 2830 4866 quibus
2881 4795 3155 4850 disserere
3197 4807 3345 4846 nunc
3391 4805 3584 4860 aggre-

2008 4891 2151 4954 dior,
2183 4905 2289 4942 non
2328 4889 2518 4942 eodem
2551 4889 2672 4941 loco
2712 4887 2765 4939 in
2797 4887 3036 4942 editione
3069 4883 3364 4939 Parisiensi
3396 4883 3587 4950 legun-

2008 4991 2099 5035 tur
2128 4999 2140 5034 :
2173 4980 2316 5050 quod
2360 4982 2434 5033 ita
2483 4981 2683 5033 factum
2712 4988 2816 5044 est,
2856 4987 2914 5032 ut
2945 4994 3006 5032 ea
3037 4992 3157 5047 qua:
3200 4991 3322 5031 vera
3353 4990 3416 5028 ac
3447 4989 3590 5044 ger—

2009 5088 2170 5126 mana
2219 5087 2341 5126 esse
2381 5072 2732 5141 putabantur,
2785 5085 2814 5123 a
2873 5070 3026 5124 falsis
3075 5078 3237 5138 atque
3265 5065 3588 5120 adulterinis

2012 5171 2445 5219 seeernerentur.
2506 5162 2616 5232 Ego
2652 5169 2854 5224 autem,
2911 5162 3004 5228 qui
3039 5160 3106 5214 de
3153 5159 3408 5213 omnibus
3446 5157 3587 5211 idem

2007 5255 2272 5324 judicium
2302 5255 2423 5318 tuli,
2458 5255 2640 5309 omnia
2681 5253 2840 5308 simul
2865 5251 3070 5307 edenda
3099 5267 3221 5306 esse
3255 5251 3443 5305 censui
3479 5266 3493 5301 :
3524 5263 3590 5302 eo

2013 5346 2186 5416 magis
2219 5346 2363 5415 quod
2389 5346 2442 5398 in
2476 5361 2584 5398 uno
2610 5344 2799 5398 codice
2833 5343 3002 5414 Regio
3029 5345 3374 5398 continenter
3404 5343 3594 5412 legan-

2013 5446 2121 5491 tur.
2184 5437 2330 5493 Ordo
2368 5436 2586 5507 quidem
2628 5437 2958 5506 postulabat,
3017 5446 3075 5490 ut
3119 5437 3271 5505 prius
3305 5435 3373 5490 de
3418 5433 3593 5502 Epiti-t
3649 5441 3654 5445 ‘

2014 5529 2140 5584 miis
2184 5544 2396 5599 agerem
2429 5544 2593 5598 quam
2623 5529 2690 5582 de
2721 5528 3038 5583 monasticis
3063 5525 3588 5587 Constitutionibus,

2016 5633 2140 5672 cum
2175 5635 2237 5674 ea
2263 5628 2388 5673 ante
2425 5619 2572 5688 ipsas
2614 5619 2889 5686 posuerim
2930 5637 2941 5670 :
2977 5618 3074 5672 sed
3117 5617 3377 5686 quoniam
3429 5630 3593 5683 argu-

2017 5723 2217 5778 menta,
2259 5713 2456 5784 quibus
2485 5728 2616 5768 usus
2651 5728 2769 5766 sum
2810 5711 3005 5784 partim
3059 5712 3113 5767 in
3155 5708 3452 5780 probsndis
3487 5706 3592 5761 lte-
