3972 6202
324 316 425 371 133

1725 313 2113 371 ΡΒΑΞῈΑΤΙΟ.

3473 321 3570 378 134

325 430 482 504 gulis,
508 431 707 500 partim
733 430 788 485 in
819 432 1175 503 repudiandis
1203 430 1720 493 Constitutionibus,
1745 436 1903 483 erant
1934 434 1973 482 Α
2005 425 2201 480 siliana
2232 442 2355 482 esse
2377 428 2587 497 judico.
2626 427 2743 483 Etsi
2775 429 2920 484 enim
2948 429 3185 486 Basilius
3218 432 3423 501 passim
3457 449 3550 488 ser

324 520 608 592 ejusmodi,
641 531 702 576 ut
758 523 870 577 alia
919 524 991 579 ab
1038 524 1161 579 aliis
1211 524 1531 594 penderent,
1580 522 1791 577 idcirco
1836 534 1903 575 ea

332 613 580 667 continua
642 613 898 668 oratione.
943 629 1248 683 proponere
1301 612 1617 679 constitui;
1675 610 1904 666 verebar

334 704 467 760 enim
498 719 588 769 ne,
621 704 723 759 sia
752 720 813 759 se
848 707 1082 760 invicem
1112 706 1517 768 divellerentur,
1552 704 1794 774 ipsorum
1820 701 1903 758 vis

335 814 392 854 ac
418 799 631 869 pondus
656 800 1022 855 minueretur.
1070 799 1195 854 Haec
1236 800 1402 870 igitur
1429 814 1595 854 causa
1628 797 1750 861 fuit,
1804 812 1904 851 cur

329 893 382 945 in
403 893 548 946 hunc
584 893 771 947 locum
809 891 1062 961 Epitimia
1109 893 1414 961 rejecerim.
1458 891 1535 944 lta
1570 899 1747 945 autem
1779 905 1905 945 scn-

325 986 391 1039 tit
418 984 780 1039 doctissimus
831 985 919 1038 vir
946 984 1303 1038 Combeﬁsius
1348 984 1452 1054 (α),
1487 993 1544 1037 ut
1574 983 1756 1037 omnia
1788 982 1902 1036 haec

328 1074 582 1143 Epitimia
611 1073 799 1128 Basilii
839 1073 1023 1143 potius
1071 1088 1235 1143 quam
1285 1074 1508 1128 alterius
1553 1089 1674 1129 esse
1708 1082 1899 1143 putet:

327 1162 413 1215 alii
440 1177 573 1217 vero
610 1161 875 1216 duntaxat
904 1178 1089 1217 comm
1138 1173 1345 1232 partem
1382 1163 1585 1218 Basilio
1632 1165 1899 1217 tribuunt.

330 1255 463 1321 Quid
488 1263 675 1309 autem
699 1255 766 1308 de
791 1254 1063 1325 Epitimiis
1098 1258 1329 1310 sentiam
1377 1258 1516 1326 ipse,
1549 1259 1761 1327 aperire
1792 1274 1902 1312 non

328 1347 591 1401 omittam.
627 1344 756 1412 Sed,
786 1354 1075 1417 antequam
1101 1363 1211 1401 rem
1245 1349 1552 1417 aggrediar,
1570 1350 1900 1412 existimavi,

330 1452 393 1491 ne
424 1439 605 1506 aliqua
629 1438 884 1493 confusio
913 1440 1275 1505 suboriretur,
1305 1442 1560 1510 Epitimia
1590 1442 1679 1494 illa
1714 1442 1766 1495 in
1792 1450 1902 1498 tres

332 1529 535 1583 classes
564 1530 857 1584 dividenda
895 1547 1039 1586 esse.
1077 1530 1280 1594 Prima,
1312 1534 1496 1602 priora
1531 1534 1783 1587 undecim
1812 1550 1904 1588 no-

330 1631 454 1677 stra:
507 1621 769 1676 editionis
809 1621 1066 1691 Epitimia
1117 1624 1508 1693 complectetur
1560 1641 1574 1677 :
1636 1626 1899 1690 secunda,

329 1713 534 1781 reliqua
568 1713 753 1766 omnia
788 1712 855 1766 ad
889 1729 1063 1784 usque
1091 1716 1488 1784 sexagesimum
1523 1718 1719 1771 :tertia
1753 1732 1903 1771 com-

329 1805 623 1872 prehendet
660 1806 884 1860 alterius
914 1807 1129 1877 generis
1169 1806 1443 1877 Epitimia,
1500 1824 1622 1878 qme
1649 1825 1678 1862 a
1715 1810 1899 1865 nescio

329 1897 527 1966 quibus
555 1897 633 1950 ita
682 1896 945 1966 inscripta
976 1905 1124 1959 sunt,
1186 1899 1463 1969 Ἐπιτὶμια
1492 1900 1574 1963 εἰς
1610 1900 1708 1963 τὰς
1739 1919 1899 1955 κανο-

329 1990 500 2053 νικέις,
528 1991 791 2058 Epitimia
836 1992 892 2043 in
949 1993 1256 2047 canonicos.
1302 1993 1556 2063 Epitimia
1610 1995 1799 2064 primae
1848 2003 1901 2051 et

332 2081 499 2133 tertia
542 2080 744 2134 classis
776 2089 1034 2149 tanquam
1069 2082 1303 2150 genuina
1348 2083 1402 2136 in
1446 2081 1743 2139 Parisiensi
1784 2085 1901 2139 edi-

331 2170 473 2224 tione
501 2174 684 2240 posita
714 2178 845 2225 sunt
879 2182 1006 2226 ante
1054 2174 1387 2227 monasticas
1422 2173 1896 2232 Constitutioncs:

330 2273 386 2316 at
416 2260 672 2326 Epitimia
706 2262 985 2325 secundat,
1032 2271 1287 2330 tanquam
1324 2265 1631 2319 adulterina
1666 2277 1789 2336 post
1818 2269 1902 2337 ip-

328 2365 416 2407 sas
448 2351 655 2421 rejects
686 2362 836 2407 sunt.
891 2351 991 2408 His
1025 2353 1211 2416 dictis,
1257 2356 1683 2426 disputationem
1720 2358 1901 2428 ingre-

328 2442 563 2497 diamur.
617 2442 870 2496 Arbitror
917 2444 1135 2513 quidem
1169 2444 1419 2514 Epitimia
1474 2448 1656 2501 omnia
1700 2463 1902 2518 suppo.

330 2535 493 2590 sititia
523 2550 650 2590 esse
678 2542 843 2604 atque
868 2536 1198 2598 adulterina,
1258 2537 1352 2592 sed
1377 2538 1450 2591 ita
1477 2546 1679 2603 tamen,
1707 2548 1766 2594 ut
1794 2541 1900 2596 alia

332 2626 447 2679 aliis
480 2626 672 2695 pejora
704 2627 836 2690 sint,
868 2628 1213 2698 majoresque
1242 2644 1306 2684 ac
1330 2631 1693 2688 evidentiores
1745 2649 1902 2704 pere-

331 2717 600 2785 grinitatis
639 2727 801 2775 notas
834 2736 942 2789 prae
970 2736 1030 2776 se
1063 2721 1256 2777 lerant.
1290 2723 1370 2778 Ad
1413 2726 1557 2794 quod
1589 2743 1762 2795 genus
1812 2743 1899 2782 re-

337 2806 551 2864 ferenda
587 2827 713 2867 esse
740 2821 871 2881 puto
903 2829 989 2879 ea,
1028 2831 1148 2884 qua:
1191 2816 1244 2869 in
1291 2817 1528 2871 secunda
1561 2818 1737 2873 classe
1780 2820 1898 2874 col-

336 2900 631 2955 locavimus
681 2921 694 2956 :
733 2911 788 2956 at
833 2905 1024 2973 prima:
1072 2921 1135 2959 ac
1183 2908 1355 2961 tertiae
1397 2910 1594 2964 classis
1645 2909 1898 2979 Epilimia

337 2998 389 3045 et
438 2992 553 3061 ipsa
593 3009 815 3063 quoque
860 3011 981 3050 meo
1026 2997 1246 3066 quidem
1279 3000 1491 3067 judicio
1526 3002 1713 3070 spuria
1771 3011 1900 3057 sunt

2003 534 2221 573 monem
2258 520 2495 576 instituit
2537 521 2606 577 de
2633 522 3048 585 communitate,
3088 539 3183 578 seu
3217 524 3284 580 de
3314 525 3431 593 ipso
3462 526 3568 578 Ira.

2001 619 2146 664 trum
2173 622 2466 675 conventu,
2487 628 2758 683 nusquam
2793 623 2999 680 tamen,
3023 624 3081 669 ut
3108 616 3221 683 jam
3270 618 3454 671 monui
3475 620 3572 686 (ο),

1952 736 1959 743 -
2002 703 2058 756 in
2084 703 2350 759 Asceticis
2380 705 2496 759 suis
2530 706 2782 774 genuinis
2814 721 2943 760 voce
2974 706 3187 760 σννοδία
3210 723 3343 762 usus
3371 716 3476 763 est.
3502 707 3567 762 ll-

2004 797 2095 851 lud
2137 814 2372 869 quoque,
2434 800 2574 854 κατὰ
2602 800 2692 852 τὸν
2724 801 2945 853 εἰπόντα
2993 800 3165 868 ἅγιον,
3202 801 3572 857 adulter-inim)

2001 904 2125 944 esse
2152 891 2282 943 mihi
2313 890 2550 944 videtur.
2585 891 2819 945 Basilius
2846 893 3016 954 enim,
3070 892 3159 946 ubi
3191 894 3324 946 citat
3352 902 3560 963 aposto-

2003 979 2115 1033 lum
2154 979 2404 1045 Paulum,
2451 982 2583 1036 citat
2626 991 2807 1035 autem
2840 984 3161 1051 saepissime,
3205 991 3386 1037 tamen
3423 985 3573 1038 nullo

2003 1072 2123 1127 loco
2186 1073 2505 1142 simpliciter
2553 1073 2731 1136 dixit,
2788 1076 2816 1126 ὁ
2849 1074 3023 1142 ἅγιος.
3083 1072 3197 1127 lmo
3252 1078 3415 1128 etiam
3461 1076 3557 1145 cpi

2003 1164 2212 1217 tbetum
2281 1165 2460 1228 illud,
2508 1167 2536 1218 ὁ
2590 1166 2786 1233 ἅγιος,
2861 1180 3131 1234 nusquam
3193 1167 3336 1235 apud
3415 1165 3573 1220 Basi-

2005 1257 2158 1323 lium,
2192 1258 2282 1311 ubi
2311 1259 2378 1312 de
2407 1257 2577 1311 Paulo
2609 1260 2857 1327 apostolo
2896 1274 3076 1313 sermo
3125 1260 3374 1323 habt-tur,
3421 1260 3574 1313 adbi-

2003 1348 2175 1403 bitum
2211 1350 2378 1404 fuisse
2429 1350 2735 1405 invenitur.
2798 1349 2861 1402 Et
2907 1352 3037 1405 i!lud
3091 1351 3290 1405 addere
3344 1353 3572 1421 possim,

2003 1441 2148 1509 quod
2211 1439 2444 1496 Basilius
2500 1456 2623 1494 cum
2668 1442 2977 1495 testimonia
3033 1442 3277 1511 quaedam
3334 1458 3365 1497 e
3424 1441 3573 1497 Scri-

2003 1542 2165 1605 ptura
2201 1535 2429 1603 prol'ert,
2468 1535 2762 1602 scriptorcs
2794 1550 2981 1588 sacros
3017 1535 3070 1586 in
3103 1536 3206 1587 line
3236 1534 3442 1602 periodi
3476 1547 3576 1587 no-

2004 1626 2213 1678 minare
2265 1640 2372 1678 non
2419 1626 2612 1679 soleat.
2674 1624 2813 1696 Ergo
2865 1626 2911 1677 si
2964 1624 3154 1677 horum
3188 1623 3572 1692 Epitimiorum

2004 1724 2150 1770 esset
2206 1725 2439 1781 auctor,
2497 1717 2699 1771 omissa
2743 1731 2875 1770 voce
2924 1715 3110 1784 ἅγιος,
3146 1731 3252 1783 qua
3297 1715 3364 1769 de
3402 1713 3574 1769 Paulo

2007 1809 2234 1878 loquens
2282 1824 2391 1863 non
2447 1810 2722 1873 utebatur,
2759 1809 2829 1861 ita
2863 1809 3042 1877 potius
3091 1808 3431 1876 scripsisset,
3461 1824 3573 1877 χω-

2008 1899 2238 1971 ριζέσθω
2262 1901 2290 1953 ὁ
2313 1899 2551 1963 τοιοῦτος
2592 1900 2691 1969 τῆς
2724 1900 2968 1962 συνοδίας
2994 1899 3291 1962 παντελῶς,
3323 1899 3463 1952 κατὰ
3482 1899 3574 1952 τὸν

2003 1992 2249 2054 εἰπόντα,
2284 1990 2476 2060 Μικρὰ
2523 1986 2688 2060 (nm,
2719 2000 2849 2059 etc.,
2909 2002 3178 2058 separetur
3215 2007 3431 2060 prorsus
3484 1990 3576 2060 qui

2002 2093 2081 2137 est
2125 2084 2386 2151 ejusmodi
2435 2101 2466 2136 α
2511 2086 2906 2147 communitate,
2935 2084 3097 2151 juxta
3138 2099 3255 2135 eum
3290 2082 3379 2152 qui
3412 2081 3572 2143 dixit,

2008 2196 2027 2226 s
2070 2174 2335 2229 Modicum
2377 2176 2707 2245 fermentum,
2748 2195 2766 2227 s
2808 2183 2914 2229 etc.
2979 2174 3088 2228 Nec
3136 2173 3574 2243 praetereundum

2005 2268 2246 2328 silentio,
2299 2283 2488 2321 vocem
2531 2267 2744 2319 συνοδία
2783 2267 2837 2319 ἱη
2882 2267 3128 2334 epitimio
3169 2265 3459 2319 undecimo
3490 2281 3577 2319 re-

2005 2361 2157 2429 peti:
2194 2376 2313 2428 qua:
2346 2359 2498 2412 vocis
2546 2358 2781 2414 insolitae
2830 2357 3105 2425 repetitio,
3163 2356 3354 2409 horum
3403 2356 3577 2425 Epiti»

2004 2451 2237 2503 miorum
2265 2448 2700 2518 peregrinitatem
2732 2446 2903 2514 magis
2933 2459 2995 2497 ac
3022 2445 3195 2514 magis
3224 2444 3445 2497 indicat.

2076 2542 2162 2596 50.
2194 2540 2463 2593 Ilactenus
2489 2538 2556 2591 de
2585 2538 2756 2606 prima
2783 2538 2957 2589 classe
2982 2534 3357 2604 Epitimiorum
3388 2553 3402 2588 :
3428 2550 3575 2588 nunc

2003 2634 2070 2689 de
2105 2632 2264 2687 tertia
2302 2629 2700 2685 disserendum.
2750 2628 2816 2681 Et
2863 2629 2951 2682 hic
2999 2643 3215 2697 quoque
3251 2628 3439 2696 paucis
3478 2628 3577 2681 ab-

2004 2728 2231 2782 solvam.
2283 2724 2426 2778 Sane
2462 2739 2572 2776 non
2602 2722 2759 2775 video
2806 2735 3031 2775 causam
3063 2722 3249 2778 ullam,
3283 2733 3382 2773 cur
3414 2718 3576 2786 hujus

2003 2817 2198 2871 classis
2227 2815 2480 2885 Epitimia
2516 2813 2898 2883 probarentur,
2935 2826 3058 2864 cum
3095 2811 3274 2878 priora
3305 2811 3454 2878 prius
3491 2823 3578 2863 re-

2003 2910 2227 2980 pudiata
2259 2908 2371 2962 sint
2396 2923 2410 2972 ;
2440 2920 2563 2958 nam
2595 2903 2663 2957 de
2691 2904 2945 2957 omnibus
2974 2902 3178 2971 pariter
3202 2901 3391 2956 siletur
3430 2899 3572 2970 apud

2005 3000 2281 3066 antiquos.
2310 2994 2501 3050 Onmia
2534 2993 2587 3046 in
2626 3008 2734 3046 uno
2773 2993 3038 3046 duntaxat
3071 2998 3165 3044 aut
3203 2991 3375 3043 altero
3404 2990 3575 3044 veteri

340 3092 389 3139 et
417 3086 704 3154 peregrina
732 3101 745 3136 :
778 3087 897 3149 sed,
945 3096 1003 3141 ut
1038 3089 1174 3144 dixi.
1217 3091 1425 3143 minora
1455 3092 1668 3155 νοθείας
1696 3092 1897 3146 indicia
1927 3128 1974 3187 Ε
2007 3089 2145 3144 libro
2175 3086 2543 3142 inveniuntur.
2574 3083 2839 3137 Praeterea
2879 3097 3002 3135 cum
3033 3082 3220 3135 oculos
3257 3081 3490 3150 conjicio
3519 3084 3575 3136 in

342 3174 648 3243 prefer-unt.
690 3177 952 3247 Incipiam
988 3180 1059 3234 ab
1097 3179 1369 3249 Epitimiis
1400 3182 1588 3252 primae
1629 3198 1693 3237 ac
1729 3185 1902 3239 tertia:

342 3265 524 3320 classis
572 3284 587 3333 ;
636 3277 830 3337 postea
888 3268 955 3324 de
1025 3270 1266 3325 secunda
1329 3271 1507 3327 classe
1584 3273 1898 3343 disputabo.

342 3354 572 3411 Primum
633 3361 901 3427 ejusmodi
972 3360 1348 3431 Epitimiorum
1418 3365 1676 3434 antiquus
1720 3367 1903 3421 nullus

344 3449 568 3518 scriptor
620 3452 954 3506 mentionem
992 3470 1231 3523 unquam
1277 3454 1404 3509 fecit
1438 3472 1452 3509 :
1487 3458 1680 3511 deinde
1705 3460 1758 3511 in
1792 3473 1903 3512 uno

342 3536 597 3594 duntaxat
664 3550 755 3595 aut
811 3544 984 3598 altero
1051 3547 1221 3600 veteri
1305 3548 1447 3601 libro
1531 3552 1898 3618 reperiuntur.

338 3628 577 3696 Accedit.
608 3634 756 3702 quod
783 3636 952 3689 multa
984 3645 1079 3690 aut
1114 3653 1251 3693 nove
1289 3640 1435 3693 dicta
1465 3642 1600 3706 sint,
1640 3650 1733 3695 aut
1761 3658 1902 3697 novo

339 3723 566 3789 quodam
632 3726 795 3779 modo
844 3727 1221 3796 accipiantur.
1269 3730 1549 3801 Exempla,
1611 3743 1670 3787 ut
1731 3734 1903 3804 quid-

336 3828 439 3881 que
495 3824 793 3885 occurret,
859 3818 1172 3888 proleram.
1228 3820 1321 3877 Sic
1376 3824 1544 3894 igitur
1589 3827 1644 3879 in
1707 3837 1903 3897 quarto

334 3902 517 3970 prima:
555 3906 756 3961 claSsis
811 3909 1056 3978 epitimio
1108 3913 1370 3982 scriptum
1419 3917 1695 3971 invenitur
1755 3918 1900 3989 (pag.

334 3992 456 4063 527)
499 3996 612 4048 :El’
656 4014 743 4060 τις
787 3997 997 4067 ὑϐρίζοι
1039 4001 1071 4073 ἢ
1107 4004 1486 4072 ἀντιλέγοι.....
1526 4009 1620 4061 καὶ
1675 4010 1749 4080 μὴ
1800 4010 1905 4062 ὑπ-

334 4085 518 4139 ακούει
545 4089 688 4158 μετὰ
712 4090 895 4163 πάσης
937 4093 1037 4163 τῆς
1062 4095 1118 4148 ὲν
1166 4097 1386 4168 Χριστῷ
1414 4102 1608 4169 χαρᾶς,
1649 4103 1725 4164 ὡς
1767 4100 1905 4173 πλην

334 4179 578 4248 ροφορῶν
645 4181 845 4246 αὐτόν,
903 4183 993 4237 ubi
1061 4185 1281 4240 verbum
1329 4188 1692 4261 πληροφορεῖν
1761 4193 1904 4247 sumi

332 4269 550 4323 videtur
606 4286 710 4340 pro
762 4288 850 4337 eo,
922 4277 1066 4344 quod
1117 4286 1219 4344 est,
1253 4281 1479 4335 nimium
1539 4285 1597 4337 in
1661 4302 1718 4340 se
1776 4303 1905 4341 con-

333 4359 532 4427 ﬁdere,
593 4374 645 4418 et
717 4366 775 4419 in
833 4384 930 4422 suo
985 4385 1137 4424 sensu
1191 4370 1499 4441 abundare,
1552 4393 1676 4431 cum
1723 4387 1905 4436 tamen

2005 3181 2307 3252 epitimium
2353 3177 2676 3238 secundum,
2713 3176 2842 3228 mihi
2895 3175 3223 3244 persuadere
3280 3189 3390 3226 non
3435 3186 3577 3242 queo

2005 3270 2276 3341 ejusmodi
2311 3270 2556 3338 Epitimia
2591 3267 2775 3319 Basilii
2811 3265 2985 3333 Magni
3017 3280 3159 3319 esse.
3196 3264 3253 3317 In
3286 3279 3352 3318 eo
3393 3273 3577 3318 autem

2003 3364 2077 3418 ita
2109 3362 2304 3431 legitur
2344 3361 2485 3431 (pag.
2531 3358 2655 3427 530)
2689 3374 2701 3409 :
2749 3358 2811 3409 Ἠ
2847 3355 3284 3427 βλασφημήσασά
3314 3373 3437 3409 τινα.
3467 3354 3578 3408 τῶν

2005 3452 2377 3524 πρεσϐυτίδων
2430 3450 2539 3504 τῶν
2590 3450 3037 3518 πεπιστευμένων
3090 3447 3377 3501 διαωποῦν
3414 3447 3482 3500 τὰ
3519 3449 3579 3499 ὲν

2002 3545 2079 3615 τῷ
2126 3544 2466 3616 ἀσκητηρίῳ,
2518 3541 2858 3612 ἀφοριζέσθω
2913 3540 3182 3609 ἑϐδομάδα
3237 3539 3386 3608 μίαν.
3446 3537 3579 3603 Qut:

2004 3637 2279 3691 maledixit
2331 3635 2490 3688 alicui
2542 3648 2607 3687 ea:
2652 3631 2921 3685 sororibus
2968 3646 3085 3699 qua'
3134 3630 3284 3682 rebus
3339 3628 3580 3681 asceterii

2003 3729 2236 3800 regendis
2270 3734 2663 3796 proponuntur,
2697 3731 3007 3775 ca’terarum
3051 3722 3281 3789 privetur
3312 3720 3578 3773 consortio

2003 3819 2380 3875 hebdomadam
2416 3832 2594 3871 unam.
2629 3814 2765 3868 Illud
2811 3814 2956 3868 enim
2997 3813 3329 3882 ἀσκητήριον
3360 3811 3580 3866 insolito

2004 3915 2206 3970 dictum
2251 3920 2354 3977 est,
2404 3926 2505 3964 nec
2556 3921 2807 3977 usquam,
2845 3904 3060 3974 opinor,
3087 3919 3149 3957 ea
3183 3918 3316 3957 vace
3371 3902 3423 3973 in
3460 3903 3579 3957 suis

2004 4006 2270 4061 Asceticis
2299 4002 2549 4074 genuinis
2600 4014 2735 4054 usus
2771 4005 2855 4052 est
2900 3996 3134 4049 Basilius
3197 3994 3274 4048 lta
3312 3994 3579 4062 scriptum

2005 4108 2091 4154 est
2122 4096 2428 4167 epitimium
2456 4091 2725 4147 decimum
2759 4091 3001 4152 tertium,
3031 4095 3091 4138 ut
3124 4086 3410 4139 verborum
3444 4081 3580 4137 ordo

2006 4208 2116 4248 non
2151 4204 2344 4262 parum
2374 4186 2677 4254 displiceat.
2714 4183 2805 4236 Sic
2831 4189 3011 4237 autem
3044 4178 3241 4247 legitur
3271 4195 3284 4229 :
3322 4177 3384 4227 'H
3413 4190 3583 4229 κατα·

2009 4280 2382 4357 φρονητικῶς,
2434 4277 2571 4348 μετὰ
2612 4274 2769 4345 δῆθεν
2816 4272 3045 4344 ἡσυχίας
3096 4270 3168 4340 μὴ
3203 4265 3489 4337 πληροῦσα
3518 4264 3583 4317 τὸ

2008 4378 2309 4445 ἐπίταγμα,
2339 4367 2703 4441 ἀφοριζὲσθω,
2732 4375 2864 4428 etc.,
2896 4365 2960 4418 ad
2994 4362 3218 4417 verbum
3245 4376 3257 4411 :
3292 4358 3424 4425 Qum
3457 4373 3583 4410 cou-

335 4452 478 4522 apud
535 4452 799 4508 Basilium
842 4471 943 4526 pro
982 4459 1317 4527 persuadere,
1361 4474 1455 4517 aut
1486 4466 1762 4519 certiorem
1816 4468 1904 4537 fa-
1935 4469 1982 4526 Β
2011 4477 2261 4537 τεηιρηηι,
2293 4480 2411 4518 cum
2445 4463 2611 4532 quiete
2638 4458 2870 4513 videlicet
2902 4472 3003 4509 non
3042 4452 3219 4521 iMplet
3240 4457 3579 4519 prwceptum,

332 4560 449 4597 cere
481 4548 736 4616 usurpari
789 4550 962 4603 soleat
1010 4552 1106 4624 (ὁ).
1154 4552 1327 4608 Verba
1360 4571 1480 4625 quae
1520 4574 1645 4613 mox
1701 4548 1911 4615 exscri-

334 4636 481 4699 bam,
541 4650 761 4708 sumpta
790 4651 919 4696 sunt
956 4658 1019 4697 ex
1060 4646 1302 4715 epitimio
1344 4656 1554 4703 octavo.
1596 4650 1675 4705 lbi
1724 4661 1907 4706 autem

334 4728 409 4781 ita
440 4729 642 4799 legitur
665 4747 679 4782 :
712 4733 775 4785 Εἰ
797 4733 1084 4790 δὲ,τούτων
1101 4738 1399 4807 γινομένων
1415 4740 1644 4811 ἁμελοίη
1670 4743 1771 4813 τῆς
1787 4745 1909 4796 ἑαυ-

333 4817 426 4871 τοῦ
445 4821 741 4890 σωτηρίας,
760 4823 1362 4893 χωριζέσθωὸτοιοῦτος
1382 4829 1484 4898 τῆς
1513 4832 1758 4896 συνοδίας
1782 4850 1909 4887 παν-

333 4906 504 4970 τελῶς
520 4926 532 4936 ·
552 4912 745 4978 Μαιρὰ
760 4913 870 4984 γὰρ
890 4913 1033 4983 ζύμη
1054 4914 1199 4969 ὅλον
1213 4917 1277 4969 τὸ
1296 4919 1533 4989 φύραμα
1549 4918 1731 4990 ζυμοῖ,
1768 4924 1908 4978 κατὰ

333 4997 423 5051 τὸν
446 5000 671 5054 εἱπόντα
700 5002 875 5073 ἅγιον.
909 5004 1061 5070 Quod
1077 5009 1125 5060 si
1148 5007 1229 5062 Itis
1252 5008 1409 5078 factis
1439 5013 1722 5082 neglexerit
1753 5032 1907 5069 suam

336 5091 582 5154 salutem,
624 5104 900 5162 separetur
925 5112 1143 5164 prorsus
1176 5100 1265 5169 qui
1295 5110 1373 5153 est
1409 5102 1672 5171 ejusmodi
1706 5121 1739 5159 a
1764 5121 1908 5160 com-

336 5181 612 5246 munitate,
647 5200 773 5235 nam
808 5202 827 5234 ι
869 5185 1138 5239 Modicum
1187 5187 1499 5256 fermentum
1550 5202 1717 5248 totam
1765 5212 1909 5249 mas-

333 5287 447 5325 sam
473 5275 766 5343 corrumpit
788 5276 855 5341 ‘5,
876 5295 895 5328 ι
914 5287 971 5329 ut
990 5287 1207 5333 sanctus
1236 5278 1373 5334 dixit
1396 5297 1416 5336 .'
1438 5283 1530 5339 ubi
1550 5284 1660 5341 duo
1674 5300 1785 5342 non
1805 5285 1910 5342 Ba-

406 5428 454 5459 “
489 5427 663 5484 Galat.
695 5446 748 5497 ν,
784 5429 840 5487 9.

406 5612 484 5688 (ᾳ)
519 5609 687 5688 _Bassl.
720 5625 924 5688 refens.
956 5616 1095 5663 tom.
1124 5603 1193 5670 il,
1225 5621 1345 5688 pag.
1379 5608 1507 5664 225.

407 5683 480 5750 (ὁ)
516 5679 656 5752 Lege
684 5696 741 5735 n.
773 5680 867 5733 '58.

2010 4571 2321 4613 cwterarum
2366 4551 2631 4607 consortio
2679 4549 2928 4617 privetur,
2970 4554 3075 4599 etc.
3133 4541 3232 4595 Ubi
3282 4539 3472 4593 vocula
3506 4540 3580 4608 μή

2010 4651 2189 4720 posita
2241 4655 2324 4701 est
2372 4646 2491 4699 loco
2532 4657 2642 4695 non
2689 4654 2810 4696 suo.
2866 4636 2959 4691 Sic
3005 4634 3149 4689 enim
3195 4632 3376 4701 potius
3413 4628 3582 4720 scribi

2009 4718 2385 4812 oportuisset:
2434 4738 2496 4789 Ἦ
2544 4727 3062 4803 καταφρονητικῶς,
3110 4725 3183 4795 μὴ
3229 4722 3388 4792 δῆθεν
3445 4718 3584 4790 μετὰ

2011 4832 2238 4904 ἡσυχίας
2267 4829 2546 4900 πληροῦσα
2580 4827 2641 4879 τὸ
2676 4824 2976 4891 ἐπίταγμα,
3005 4827 3136 4879 etc.,
3168 4815 3313 4885 quod
3362 4812 3426 4867 ad
3462 4827 3585 4867 ver-

2013 4927 2142 4981 bum
2195 4924 2268 4977 ita
2316 4919 2663 4988 interpretari
2715 4915 2959 4969 licuisset
2993 4930 3006 4963 :
3039 4908 3170 4975 Qum
3225 4904 3581 4971 contemptim,

2015 5033 2117 5070 non
2148 5023 2318 5068 autem
2348 5013 2514 5081 quiete
2545 5018 2593 5064 et
2634 5007 2842 5061 silentio
2872 5002 3049 5071 implet
3075 5006 3407 5068 prtrceptum,
3441 5002 3579 5058 etc.;

2014 5115 2176 5177 atque
2204 5106 2308 5159 hoc
2330 5110 2488 5172 pacto
2515 5115 2620 5154 vos
2650 5095 2900 5167 quaelibet
2936 5101 3045 5145 tam
3075 5089 3259 5143 Graece
3283 5100 3446 5157 quam
3478 5082 3583 5177 Lai-

2015 5175 2125 5253 tine
2154 5198 2332 5250 locum
2357 5208 2516 5248 suum
2545 5188 2895 5246 obtinuisset.
2913 5182 3023 5236 Nec
3046 5180 3218 5249 magis
3241 5179 3417 5247 placet
3437 5175 3581 5244 quod

2014 5290 2071 5344 in
2128 5285 2374 5357 epitimio
2411 5282 2626 5337 decimo
2686 5276 2917 5348 septimo
2968 5273 3187 5345 legitur,
3247 5271 3303 5324 in
3350 5283 3459 5339 quo
3505 5267 3584 5320 ita

2081 5610 2148 5684 (c)
2184 5609 2345 5666 Num.
2381 5610 2469 5665 32.
