3972 6202
318 278 425 334 £35

1765 263 2158 323 PRAZFATIO.

3497 281 3603 339 136

322 391 586 458 scriptum
619 395 701 442 est
739 406 751 440 :
797 382 859 438 Ἦ
893 385 1028 457 μετὰ
1066 385 1164 452 τὴν
1197 386 1461 438 ἀπόλυσιν
1492 385 1600 436 τῶν
1629 383 1902 448 συνάξεων

2019 382 2290 436 timiorum
2328 381 2589 453 primum,
2637 383 2691 437 in
2732 392 2918 438 nostra
2965 385 3202 442 editione
3244 389 3604 460 quadragesi-

322 478 586 550 ὁμιλοῦσι
629 496 732 532 τινι
785 477 892 530 τῶν
928 477 1032 544 ἔξω
1065 478 1368 546 γυναικῶν,
1404 478 1766 549 ἀφοριζέσθω,
1800 486 1906 533 etc.

324 571 456 637 Qute
503 579 618 639 post
674 568 947 622 absolutas
1001 584 1228 638 synaxes
1289 585 1408 621 cum
1464 568 1644 639 aliqua
1695 578 1912 621 externa

326 661 544 714 muliere
577 657 1040 727 confabulabatur,
1075 667 1365 724 separetur,
1393 664 1500 709 etc.
1553 655 1687 708 lllud
1739 655 1910 715 enim,

327 751 436 804 τῶν
469 750 760 815 συνάξεων,
795 758 990 819 praeter
1037 747 1224 802 Basilii
1274 748 1722 802 consuetudinem
1753 745 1908 815 posi-

329 853 444 898 tum
476 853 561 899 est
587 861 600 896 :
639 844 731 914 qui
759 843 859 896 etsi
897 840 1300 894 con'ununiouis
1324 855 1496 893 sacrae
1527 839 1725 893 crebro
1757 854 1912 893 men-

331 936 534 988 tionem
566 934 712 997 facit,
744 948 1014 1003 nusquam
1048 940 1252 995 tamen,
1279 930 1426 1002 quod
1457 929 1673 1001 quidem
1715 930 1906 994 sciam,

330 1041 464 1081 voce
490 1025 708 1088 σύναξις
739 1025 930 1078 utitur.

399 1116 486 1172 51.
519 1115 806 1184 Quodjam
839 1115 902 1168 ad
937 1112 1186 1182 Epitimia
1241 1111 1497 1167 secundae
1545 1111 1740 1166 classis
1786 1111 1911 1165 alti-

330 1215 444 1269 net,
477 1208 604 1260 talia
649 1214 798 1268 sunt,
829 1214 886 1258 ut
935 1208 1132 1258 mirum
1166 1205 1235 1258 sit
1267 1203 1698 1257 eruditissimum
1731 1203 1909 1257 virum

329 1301 716 1355 (Zombelisium
739 1299 1009 1369 ejusmodi
1033 1297 1289 1367 Epitimia
1321 1313 1419 1365 pro
1445 1297 1586 1350 veris
1617 1312 1679 1348 ac
1709 1310 1913 1366 germa-

330 1393 417 1447 nis
456 1394 761 1461 agnovisse,
799 1403 894 1445 aut
929 1400 1075 1445 certe
1123 1391 1175 1443 in
1224 1405 1341 1443 eam
1393 1390 1703 1458 opinionem
1757 1389 1911 1442 valde

332 1484 704 1552 pr0pendisse.
748 1484 881 1536 Cum
933 1483 1076 1538 enim
1119 1481 1349 1535 dixisset
1380 1481 1654 1550 Epitimia,
1695 1497 1817 1550 quae
1855 1481 1909 1534 in

332 1573 635 1630 l’arisiensi
684 1575 922 1629 editione
965 1574 1198 1628 diversis
1253 1575 1389 1627 locis
1445 1575 1618 1643 posita
1665 1583 1810 1637 sunt,
1856 1575 1907 1627 in

334 1681 435 1720 suo
467 1667 637 1722 veteri
679 1667 814 1719 libro
860 1666 1204 1718 continenter
1247 1665 1371 1734 legi,
1407 1664 1487 1718 sic
1515 1665 1758 1734 loquitur
1782 1664 1858 1734 (a)
1893 1681 1907 1717 :

2015 489 2162 527 mum
2189 483 2443 544 quartum
2477 483 2596 542 est;
2623 476 2943 542 secundum,
2975 489 3228 547 quartum
3253 488 3304 534 et
3329 481 3606 552 quinqua-

2015 568 2305 636 gesimum.
2371 567 2447 622 Ex
2501 568 2704 638 quibus
2770 570 2907 624 satis
2967 571 3282 642 intelligitur
3329 572 3602 641 ejusmodi

2013 655 2268 727 Epitimia
2317 675 2425 713 non
2470 659 2693 725 Basilio,
2719 662 2814 718 sed
2852 664 3142 718 recentiori
3192 664 3429 735 cuipiam
3461 667 3604 721 scri-

2013 749 2156 818 ptori
2191 750 2480 805 tribuenda
2511 767 2656 808 esse.

2017 903 2044 975 §
2084 904 2175 958 XI.
2224 905 2573 982 Iiarsnana,
2625 908 2714 962 ubi
2763 911 3125 980 expenduntur
3165 914 3418 982 opuscula
3469 915 3600 981 duo,

2083 992 2200 1046 quae
2239 976 2588 1050 Gontbe/isius
2623 996 2727 1033 non
2775 976 2850 1034 ita
2896 982 3099 1050 pridem
3151 976 3207 1036 in
3255 1001 3352 1039 suo
3397 976 3605 1042 Basilio

2083 1049 2362 1103 recensita
2391 1065 2486 1118 pro
2521 1051 2666 1103 novis
2696 1067 2758 1104 ac
2786 1049 3024 1122 genuinis
3052 1054 3238 1107 edidit.

2083 1199 2172 1253 52.
2206 1197 2817 1272 HorumOpusculorum
2839 1205 3070 1272 primum
3093 1205 3163 1259 ita
3178 1205 3549 1277 exorditur(b)
3586 1227 3600 1263 :

2013 1293 2120 1346 Τοῦ
2171 1295 2376 1364 Κυρίου
2428 1295 2584 1364 ἡμῶν
2621 1296 2794 1366 Ἰησοῦ
2848 1297 3084 1368 Χριστοῦ
3135 1300 3602 1368 προστάσσοντοςο

2019 1385 2088 1435 Ὃ
2116 1385 2272 1451 λέγω
2296 1383 2439 1452 ὑμῖν
2473 1385 2544 1437 ἐν
2579 1383 2654 1452 τῇ
2680 1386 2911 1451 σκοτίᾳ,
2953 1387 3159 1440 εἴπατε
3199 1388 3271 1440 ἐν
3303 1387 3381 1453 τῷ
3417 1390 3567 1457 φωτί
3588 1399 3601 1418 ⁴

2012 1474 2108 1526 καὶ
2139 1473 2169 1526 ὃ
2211 1475 2362 1541 πρὸς
2396 1475 2462 1528 τὸ
2513 1471 2624 1540 οὖς
2663 1475 2985 1541 ἠκούσατε,
3016 1476 3313 1543 κηρύξατε
3354 1477 3452 1530 ἐπὶ
3486 1478 3610 1532 τῶν

2011 1565 2298 1635 δωμάτων
2315 1583 2328 1597 ·
2359 1569 2453 1622 καὶ
2480 1567 2572 1621 τοῦ
2600 1567 2944 1633 Ἀπόστολου,
2967 1568 3067 1638 τῆς
3097 1569 3310 1638 σιωπῆς
3337 1570 3398 1621 τὸ
3429 1572 3605 1641 κρῖμα

2015 1659 2244 1729 φοϐερὸν
2273 1658 2598 1724 δεικνύντος,
2629 1667 2736 1714 etc.
2780 1657 2912 1714 Cum
2950 1659 3422 1740 Dominusmoster
3444 1660 3606 1716 Jesus

337 1757 605 1811 Mazarini
628 1757 789 1811 codex
823 1757 1000 1809 omnia
1022 1757 1183 1809 simul
1211 1757 1510 1825 complexus
1533 1766 1629 1821 est,
1650 1757 1914 1826 eidemque
1944 1729 1986 1783 Β
2017 1750 2259 1805 Christus
2299 1753 2573 1820 prweipiat
2600 1767 2618 1804 :
2652 1772 2669 1802 ι
2705 1751 2858 1817 Quod
2904 1752 3048 1807 vobis
3091 1729 3300 1807 dicdin
3349 1754 3600 1817 tenebris,

332 1850 576 1911 ascripsit
610 1866 726 1902 vero
753 1860 844 1901 aut
878 1849 1180 1902 existimato
1211 1848 1453 1900 Basilio:
1485 1864 1545 1900 ac
1573 1847 1744 1916 potius
1775 1864 1910 1912 vero,

329 1940 637 1994 subnectens
675 1941 739 1993 iis
795 1940 1062 2008 opusculis
1092 1955 1208 2007 quae
1246 1941 1595 1992 communiter
1630 1941 1684 1992 in
1725 1939 1917 1994 Basilii

333 2034 516 2104 Magni
544 2035 780 2104 genuinis
817 2042 1182 2088 numerantur.
1219 2032 1284 2086 Et
1317 2049 1444 2087 vero
1479 2040 1612 2103 quot
1661 2043 1789 2087 sunt
1823 2049 1916 2087 vo-

331 2139 424 2178 ces
455 2124 510 2177 in
543 2125 646 2177 hac
678 2122 1056 2192 Epitimiorum
1096 2123 1295 2186 classe,
1325 2132 1403 2176 tot
1435 2131 1563 2176 sunt
1609 2122 1721 2177 fere
1762 2140 1916 2193 pere-

334 2216 610 2286 grinitatis
642 2224 781 2269 notae
828 2232 841 2266 :
876 2215 1020 2284 quod
1054 2231 1117 2268 ex
1160 2230 1349 2270 eorum
1403 2215 1636 2269 lectione
1687 2215 1844 2269 facile
1887 2231 1916 2270 a

339 2307 535 2374 quovis
567 2305 821 2375 cognosci
854 2312 1048 2373 potest.
1081 2302 1179 2358 llic
1203 2320 1424 2359 monere
1450 2306 1593 2368 volo,
1634 2305 1795 2373 hujus
1827 2320 1916 2359 se-

339 2397 532 2452 cundae
560 2397 757 2451 classis
787 2396 1087 2466 epitimium
1119 2397 1352 2466 primum
1381 2398 1434 2450 in
1465 2405 1652 2450 nostra
1684 2396 1918 2451 editione

341 2490 724 2544 duodecimum
767 2505 909 2544 esse.
961 2489 1018 2543 ln
1067 2505 1134 2543 eo
1181 2499 1360 2544 autem
1409 2491 1480 2544 ita
1529 2491 1724 2560 legitur
1771 2491 1914 2560 (pag.

335 2579 460 2651 527)
479 2600 492 2633 :
511 2580 578 2633 Εἴ
596 2597 680 2642 τις
699 2580 901 2646 ἐξέλθοι
929 2580 1022 2633 τοῦ
1060 2581 1442 2651 μοναστηρίου,
1475 2581 1550 2651 μὴ
1581 2581 1757 2634 λαϐὼν
1779 2582 1921 2634 εὐλο-

334 2671 459 2740 γίαν
487 2670 521 2740 ἢ
551 2671 839 2733 ἀπολυθεὶς
863 2671 966 2723 ὑπὸ
997 2671 1088 2723 τοῦ
1117 2671 1538 2742 ἁρχιμανδρίτου
1569 2672 1708 2742 μετὰ
1732 2673 1916 2742 εὐχῆς,

337 2764 481 2817 ἔστω
510 2763 887 2833 ἀκοινώνητος.
937 2762 998 2817 Si
1033 2764 1148 2832 quis
1187 2765 1486 2834 egrediatur
1528 2781 1556 2818 e
1602 2767 1920 2819 monasterio

335 2871 439 2908 non
469 2864 680 2921 accepta
704 2853 1079 2915 benedictione,
1113 2862 1205 2905 aut
1236 2870 1339 2906 non
1367 2853 1618 2907 dimissus
1648 2855 1712 2906 ab
1745 2856 1921 2908 archi-

337 2950 604 3002 mandrita
631 2964 747 3001 cum
772 2947 1088 3016 precatione,
1115 2963 1149 3000 a
1168 2947 1370 2999 cwteris
1394 2945 1722 3016 sejungatur.
1757 2946 1920 3002 Certe

338 3047 596 3111 praestare
641 3040 840 3103 ausim,
888 3037 1027 3093 duas
1077 3039 1177 3094 has
1227 3054 1412 3102 voces,
1456 3041 1817 3110 μοναστήριον
1866 3047 1919 3092 et

337 3131 784 3205 ἁρχιμανδρίτης,
829 3146 951 3200 quae
1007 3146 1117 3185 non
1174 3131 1264 3185 hic
1312 3131 1512 3192 solum,
1553 3130 1648 3185 sed
1691 3147 1746 3183 in
1797 3131 1920 3186 aliis

336 3224 499 3278 etiam
527 3223 786 3292 epitimiis
811 3237 954 3291 saepe
989 3222 1263 3291 leguntur,
1295 3237 1563 3290 nusquam
1592 3222 1734 3291 apud
1769 3221 1922 3276 Basi-

341 3316 473 3369 lium
512 3314 761 3383 reperiri.
793 3313 1008 3368 Addere
1047 3317 1250 3383 possim
1282 3322 1336 3367 et
1382 3314 1487 3366 alia
1516 3314 1780 3368 vocabula
1812 3330 1920 3368 non

341 3421 515 3478 pauca
558 3407 837 3461 iniisdem
888 3405 997 3461 illis
1051 3406 1324 3476 Epitimiis
1369 3408 1570 3476 passim
1607 3424 1918 3472 occurrere,

340 3513 462 3568 qua
493 3499 539 3552 si
573 3513 681 3552 non
712 3498 915 3561 omnia,
942 3507 996 3552 at
1032 3499 1291 3569 pleraque
1320 3508 1500 3553 tamen
1534 3501 1714 3554 minus
1745 3501 1921 3555 adhuc

342 3589 614 3644 Basiliana
656 3606 778 3644 esse
822 3588 1172 3644 videbuntur.
1204 3591 1397 3657 Qualia
1432 3603 1562 3647 sunt
1594 3594 1728 3656 haec,
1761 3596 1919 3666 ἀρχι-

341 3683 596 3746 κουνίτις,
646 3682 891 3747 κούνιον,
942 3683 1300 3752 ἀπευλογίας,
1351 3685 1638 3756 μαφόριον,
1691 3685 1917 3756 ὅρδινος,

341 3781 511 3846 ne“;
525 3775 666 3846 ςτὴς,
699 3777 992 3846 ὀπιὰριον,
1027 3776 1564 3848 ἀρχιεϐδομαδάριος,
1593 3794 1714 3848 quae
1757 3795 1919 3835 voces

341 3881 464 3919 cum
497 3876 590 3919 aut
619 3865 827 3920 Latinae
879 3867 1010 3926 sint.
1045 3880 1139 3920 aut
1173 3868 1330 3922 valde
1370 3868 1626 3934 insolitae,
1659 3869 1784 3923 novi
1814 3870 1916 3924 ali-

341 3957 472 4027 quid
525 3958 686 4012 simul
736 3966 790 4011 et
841 3959 1112 4027 peregrini
1176 3959 1466 4015 manifesze
1537 3961 1800 4015 indicant.
1853 3962 1920 4015 Et

340 4062 472 4102 vero
509 4049 556 4102 si
586 4047 766 4102 Caroli
811 4049 1001 4117 Cangii
1034 4047 1366 4103 Glossarium
1409 4051 1648 4105 Gnaeum
1685 4054 1917 4123 legatur,

340 4138 414 4194 ibi
459 4139 656 4193 horum
706 4139 1085 4209 Epitimiorum
1135 4157 1246 4195 non
1303 4143 1582 4196 minimam
1634 4155 1842 4214 partem
1887 4163 1918 4202 e

337 4230 512 4285 veteri
543 4231 779 4299 quodam
811 4230 1180 4286 Pmnitentiali
1216 4233 1406 4288 Graeco
1453 4235 1672 4290 citatam
1713 4237 1914 4292 intueri

342 4323 546 4379 licebit.
566 4322 697 4392 Ejus
718 4339 880 4392 quam
909 4323 1019 4378 dixi
1048 4325 1124 4379 rei
1151 4328 1396 4395 exempla
1427 4327 1536 4381 duo
1564 4343 1594 4382 e
1617 4342 1750 4382 voce
1781 4331 1916 4400 ἡσυο

336 4414 541 4485 χαστής
597 4413 869 4484 proferam
913 4433 925 4468 :

336 4507 472 4561 alias
500 4522 637 4576 quas
670 4506 832 4560 modo
856 4507 1038 4559 notavi
1065 4522 1223 4562 voces
1250 4507 1303 4559 in
1336 4507 1454 4576 ipso
1479 4497 1750 4560 Glossario
1771 4524 1912 4577 qua:-

336 4613 456 4652 rere
500 4597 735 4666 poterit;
782 4596 992 4666 hacque
1042 4598 1189 4651 brevi
1237 4611 1302 4649 ac
1361 4597 1504 4650 facili
1543 4597 1626 4650 via
1673 4597 1910 4652 inveniet

333 4689 480 4758 quod
521 4689 732 4758 quaerit.
789 4687 848 4742 In
899 4705 964 4743 eo
1016 4690 1178 4759 igitur
1225 4687 1497 4742 Clossarie
1538 4690 1610 4742 ita
1642 4691 1906 4759 scriptum

332 4790 462 4844 est,
524 4782 615 4835 ubi
678 4781 825 4836 vocis
890 4781 1198 4851 ἡσυχσστής
1258 4782 1556 4835 declaratio
1622 4781 1904 4837 traditur:

333 4873 401 4926 Εἴ
428 4890 510 4936 τις
547 4873 742 4944 εὑρεθῇ
787 4873 962 4926 λαλῶν
991 4876 1068 4937 είς
1106 4875 1172 4927 τὰ
1208 4873 1413 4937 κελλία,
1442 4874 1598 4937 ἐκτὸς
1637 4873 1744 4927 τῶν
1773 4878 1909 4928 ὲνοι-

334 4962 572 5016 κούντων
604 4964 760 5028 αὐτὰ,
796 4963 828 5033 ἢ
870 4964 978 5016 τῶν
1013 4963 1354 5034 ἡσυχαστῶν,
1396 4963 1637 5032 γενέσθω
1676 4966 1907 5019 ἁπευλο-

331 5055 476 5124 γίας.
507 5053 757 5111 Rursus:
789 5057 858 5108 Εἴ
887 5074 969 5120 τις
999 5056 1291 5128 περισσῶς,
1327 5057 1466 5126 μετὰ
1499 5057 1596 5128 τὴν
1625 5059 1913 5130 ἐπίσκεψιν

332 5148 430 5218 τὴν
465 5147 602 5217 μετὰ
635 5149 702 5202 τὰ
729 5147 973 5220 ὀρθρινὰ,
1003 5149 1305 5220 εἰσέρχεται
1339 5151 1418 5211 είς
1447 5148 1506 5201 τὸ
1545 5157 1908 5220 νοσοκομεῖον,

331 5239 483 5300 ἐκτὸς
516 5239 624 5292 τῶν
651 5240 969 5310 ἡσυχαστῶν
1000 5242 1092 5294 καὶ
1129 5241 1234 5292 ’τῶν
1262 5241 1357 5311 τὴν
1383 5241 1637 5311 φροντίδα
1667 5243 1910 5314 ἐγκεχει-

334 5332 624 5404 ρισμένων,
653 5332 892 5400 γενέσθω
926 5332 1276 5399 ἀπευλογίας.
1311 5332 1518 5387 [lorum
1565 5341 1747 5389 autem
1787 5336 1906 5406 epi-

403 5487 450 5518 “
487 5485 678 5540 Matth.
717 5503 771 5551 ι,
805 5485 894 5540 27.
971 5487 1013 5517 ⁸⁷
1054 5485 1094 5540 ll
1131 5486 1273 5542 Tim.
1307 5504 1347 5542 ιι
1421 5488 1477 5543 2.

401 5603 478 5672 (a)
506 5603 676 5658 Basil.
719 5620 912 5658 recens.
944 5613 983 5658 t.
1015 5603 1079 5667 ll,
1104 5619 1158 5673 p.
1184 5602 1308 5658 2‘25.

403 5675 475 5744 (ὁ)
505 5673 636 5728 Ibid.
665 5691 787 5746 pag.
813 5675 900 5729 99.

2015 1842 2174 1894 dicite
2205 1842 2255 1893 in
2289 1842 2441 1906 luce;
2475 1852 2522 1894 et
2550 1843 2687 1910 quod
2720 1843 2917 1896 auditis
2957 1844 3011 1896 in
3049 1859 3157 1907 ore,
3196 1841 3477 1911 prtedicate
3505 1859 3602 1896 su-

2013 1945 2106 1998 per
2153 1939 2288 1982 tecta
2313 1929 2404 1996 ‘°;
2443 1949 2462 1982 ι
2495 1932 2775 1999 Apostolus
2839 1933 2962 1985 item
3012 1931 3210 1984 silentii
3275 1931 3603 1984 tremendum

2009 2023 2271 2092 judicium
2309 2022 2607 2086 ostendens,
2625 2031 2730 2077 etc.
2775 2021 2852 2076 ita
2884 2031 3061 2077 autem
3085 2021 3283 2077 desinit
3304 2040 3317 2076 :
3335 2023 3449 2074 Ἵνα
3466 2022 3606 2092 πλη-ί

2019 2115 2164 2186 ρωθῇ
2200 2115 2257 2167 ἐν
2290 2116 2418 2185 ὑμῖν
2454 2115 2514 2167 τὸ
2553 2115 2658 2167 ὑπὸ
2687 2113 2780 2167 τοῦ
2817 2113 3139 2167 Ἀποστόλου
3177 2113 3481 2184 εἰρημένον,
3518 2115 3606 2167 ὅτι

2020 2205 2218 2260 Ταῦτα
2258 2205 2524 2274 παράθου
2557 2206 2793 2271 πιστοῖς
2828 2205 3179 2274 ἀνθρώποις,
3211 2207 3426 2272 οἵτινες
3477 2209 3611 2261 ἱκαν-

2017 2299 2109 2352 νοὶ
2135 2298 2380 2352 ἔσονται
2411 2299 2508 2351 καὶ
2537 2298 2774 2366 ἐτέρους
2799 2297 3054 2363 διδάξαιο
3083 2315 3184 2367 quo
3225 2299 3279 2351 in
3324 2299 3466 2352 vobis
3505 2300 3609 2352 im-

2017 2391 2226 2458 pleatur
2265 2389 2400 2443 illud
2443 2390 2684 2458 Apostali
2719 2407 2737 2444 :
2772 2409 2791 2442 ‹
2836 2389 2966 2444 Ηαιε
3005 2389 3310 2444 commenda
3356 2390 3607 2458 ﬁdelibus

2018 2481 2338 2546 hominibus,
2373 2482 2463 2552 qui
2493 2494 2540 2536 et
2574 2482 2706 2536 alios
2738 2481 2922 2535 docere
2957 2490 3110 2534 erunt
3151 2481 3324 2535 idonei
3348 2483 3413 2536 "’.
3456 2501 3474 2533 ι
3507 2479 3611 2534 llic

2019 2577 2247 2645 quaistio
2287 2585 2391 2638 est,
2436 2575 2671 2630 fueritne
2718 2576 2820 2630 hoc
2868 2574 3192 2644 opusculum
3231 2574 3609 2646 conscriptum

2021 2667 2090 2721 ab
2125 2683 2212 2730 eo,
2246 2667 2338 2737 qui
2381 2668 2716 2732 Asceticum,
2752 2666 2896 2736 quod
2940 2675 3158 2732 vocant,
3190 2667 3244 2720 in
3271 2668 3448 2721 lucem
3489 2667 3611 2721 edi-

2021 2757 2120 2820 dit,
2151 2773 2220 2811 an
2251 2760 2318 2811 ab
2349 2760 2554 2828 aliquo,
2595 2758 2689 2828 qui
2736 2757 2975 2811 Ascetici
3019 2768 3212 2812 auctor
3251 2758 3386 2812 falso
3419 2759 3611 2813 haberi

2021 2850 2274 2904 voluerit.
2310 2848 2624 2904 Meminisse
2653 2858 2834 2904 autem
2863 2850 3039 2920 juvat,
3071 2867 3180 2905 non
3214 2851 3440 2920 intelligi
3474 2867 3610 2921 pro-

2022 2941 2139 3011 prie
2168 2940 2405 2995 Ascetici
2457 2943 2680 2995 nomine
2729 2943 2912 2996 omnia
2961 2943 3167 3012 scripta
3212 2945 3469 3014 ascetica,
3509 2945 3610 3000 sed

2021 3032 2285 3086 duntaxat
2328 3033 2540 3088 libellos
2597 3033 2675 3087 De
2717 3033 2922 3102 judicio
2979 3051 3044 3090 ac
3090 3035 3169 3089 De
3215 3035 3339 3106 ﬁde,
3381 3037 3608 3091 Moralia

2021 3133 2076 3179 et
2135 3123 2370 3195 Regulae
2433 3131 2544 3178 tam
2607 3126 2884 3183 breviores
2947 3143 3109 3198 quam
3172 3128 3463 3198 longiores.
3527 3127 3608 3182 Ex

2022 3232 2130 3288 quo
2171 3217 2250 3282 fit,
2293 3225 2352 3272 ut
2389 3217 2433 3272 si
2477 3218 2593 3272 haec
2629 3219 3104 3274 lucubratiuncula
3145 3235 3269 3274 vera
3308 3223 3379 3274 sit
3415 3229 3468 3275 et
3511 3237 3610 3290 ge»

2022 3310 2227 3372 nuina,
2286 3311 2600 3365 necessario
2641 3320 2734 3364 aut
2785 3310 2987 3366 Basilio
3032 3311 3318 3366 tribuenda
3360 3315 3462 3375 sit,
3514 3324 3614 3367 aut

2020 3403 2326 3466 Eustatliio,
2359 3418 2481 3456 cum
2527 3403 2791 3456 alteruter
2829 3404 3139 3458 Asceticum
3181 3419 3244 3458 eo
3277 3419 3435 3473 quem
3491 3403 3608 3457 dixi

2022 3495 2183 3548 modo
2243 3502 2524 3563 acceptum
2580 3495 2832 3563 vulgasse
2893 3493 2961 3547 ab
3015 3495 3270 3550 omnibus
3328 3495 3605 3549 credatur.

2019 3586 2383 3641 Combeﬁsius
2434 3586 2585 3640 nullo
2635 3587 2797 3640 modo
2860 3586 3073 3642 dubitat
3117 3588 3249 3656 quin
3296 3589 3410 3641 haec
3452 3588 3611 3640 lucu-

2021 3679 2363 3733 hratiuncula
2399 3693 2525 3733 vera
2565 3679 2636 3733 sit
2674 3693 2739 3732 ac
2778 3694 3036 3749 germana
3069 3699 3082 3734 :
3121 3678 3503 3734 Tillemoutius
3533 3680 3607 3752 (τ)

2020 3787 2149 3825 vero
2194 3786 2312 3826 eam
2341 3771 2557 3840 quidem
2607 3786 2703 3840 pro
2749 3787 2875 3826 vera
2907 3763 3115 3835 habuit,
3153 3771 3246 3826 sed
3294 3772 3368 3824 ita
3398 3779 3605 3834 tamen,

2021 3874 2078 3918 ut
2104 3880 2215 3919 non
2252 3866 2484 3920 obscure
2533 3865 2800 3919 indicaret
2851 3881 2912 3921 se
2959 3881 3069 3921 non
3108 3867 3265 3936 longe
3307 3865 3499 3919 abesse
3538 3865 3608 3918 ab

2018 3972 2207 4011 eorum
2237 3957 2514 4026 opinione,
2559 3957 2653 4026 qui
2703 3957 2861 4010 aliter
2910 3956 3198 4012 sentirent.
3238 3955 3326 4009 Ait
3364 3956 3508 4010 enim
3543 3969 3606 4009 se

2018 4050 2074 4102 in
2105 4049 2220 4118 ipsa
2253 4065 2444 4118 parum
2485 4057 2539 4102 et
2579 4049 2938 4118 igniculorum
2985 4055 3039 4104 et
3091 4048 3373 4117 elegantiae
3416 4044 3606 4099 Basilii

2016 4140 2239 4194 vidisse.
2284 4141 2396 4212 Ego
2436 4149 2616 4194 autem
2669 4155 2775 4194 non
2820 4141 2994 4195 dicam
3038 4140 3222 4194 videre
3268 4155 3352 4193 me
3403 4137 3458 4191 in
3501 4137 3605 4191 hoc

2017 4233 2282 4302 opusculo
2321 4248 2512 4303 parum
2550 4233 2808 4289 Basiliani
2848 4233 3012 4304 styli:
3048 4233 3142 4288 sed
3184 4230 3464 4284 aﬂirmabo
3499 4245 3601 4299 po-

2016 4325 2126 4380 tius
2176 4341 2262 4380 me
2310 4325 2446 4379 nihil
2486 4326 2712 4380 omnino
2759 4326 2813 4379 in
2855 4341 2921 4380 eo
2966 4325 3230 4387 invenire,
3274 4322 3416 4392 quod
3461 4322 3599 4375 tanti

973 4415 1018 4467 si
1076 4415 1165 4467 cui
1220 4414 1437 4469 libuerit
1485 4415 1668 4470 videre
1729 4418 1908 4486 plura,
1936 4405 2118 4472 Dviri
2156 4418 2397 4486 phrasim
2439 4419 2522 4472 vel
2567 4418 2848 4488 paululum
2898 4417 3095 4486 sapiat.
3151 4415 3341 4470 Sermo
3376 4413 3600 4468 humilis

2015 4519 2102 4566 est
2131 4519 2186 4565 et
2217 4510 2464 4579 abjectus
2495 4531 2508 4565 :
2545 4513 2836 4567 verborum
2868 4511 3204 4566 constructio
3238 4511 3293 4565 in
3323 4509 3596 4580 aliquibus

2015 4603 2152 4657 locis
2203 4603 2389 4657 nulla:
2423 4603 2708 4658 sententia:
2757 4603 3024 4658 obscurae.
3071 4602 3388 4657 Sermonem
3440 4601 3591 4669 abje-

2015 4703 2164 4748 ctum
2217 4709 2338 4748 esse
2365 4705 2419 4748 et
2466 4695 2744 4759 lmmilem,
2797 4711 2980 4759 nemo,
3023 4695 3240 4765 opinor,
3282 4693 3464 4756 homo,
3497 4693 3593 4764 qui

2015 4785 2118 4840 hoc
2171 4786 2478 4855 epistolium
2523 4786 2731 4855 legerit,
2780 4785 3131 4840 inficiabitur.
3171 4785 3284 4840 lmo
3328 4785 3491 4839 etiam
3537 4784 3590 4837 id

2014 4877 2089 4930 ita
2116 4892 2258 4942 esse,
2289 4892 2356 4931 ex
2381 4877 2461 4932 eis
2489 4892 2611 4947 qua:
2650 4893 2775 4930 mox
2802 4879 3106 4933 exscribam
3151 4877 3470 4947 fragmentis
3513 4874 3596 4928 fa-

2013 4969 2118 5024 cile
2162 4985 2193 5023 a
2233 4970 2426 5038 quovis
2469 4969 2694 5039 intelligi
2732 4970 2951 5039 poterit.
3008 4968 3125 5022 Jam
3160 4983 3329 5023 unum
3364 4976 3458 5020 aut
3507 4967 3588 5020 al-

2015 5069 2191 5116 terum
2223 5061 2401 5115 locum
2447 5063 2743 5130 proferam,
2773 5069 2833 5115 ut
2880 5062 3171 5116 verborum
3223 5059 3594 5114 constructio-

2014 5170 2137 5209 nem
2173 5154 2370 5209 alicubi
2403 5155 2604 5207 nullam
2634 5169 2756 5209 esse
2784 5154 3029 5224 probem.
3065 5153 3142 5206 Ita
3184 5152 3351 5223 igitur
3399 5159 3593 5204 auctor

2013 5247 2234 5316 scripsit
2263 5261 2279 5302 :
2312 5247 2686 5317 Προσθήσεται
2717 5246 2773 5298 δέ
2803 5263 2889 5316 μοι
2919 5246 2980 5298 τὸ
3013 5248 3206 5317 κρῖμα,
3243 5243 3469 5315 πρῶτον
3491 5243 3590 5313 μὲν

2010 5337 2108 5408 τὴν
2130 5337 2308 5391 αἰτίαν
2343 5340 2437 5392 καὶ
2478 5339 2569 5392 τὸν
2607 5339 2849 5392 κίνδυνον
2881 5339 2981 5409 τῆς
3023 5338 3289 5401 τοσαύττης
3317 5336 3424 5389 τῶν
3464 5335 3588 5388 Ἐκ-

2081 5605 2152 5674 \c)
2191 5603 2348 5660 Tom.
2380 5603 2472 5670 lx,
2501 5618 2624 5675 pag.
2654 5601 2777 5656 654.
