3972 6202
193 262 290 319 13Ἶ

1559 241 1949 320 nurerum.

3329 266 3432 323 138

188 380 420 452 κλησιῶν
460 380 555 433 τοῦ
597 381 733 433 Θεοῦ
784 382 874 434 καὶ
926 382 1156 435 ἑκάστου
1206 382 1334 451 πρὸς
1388 380 1460 449 (a)
1501 382 1557 433 τὸ
1610 381 1767 451 ἔργον

1873 383 2180 436 charitutem
2218 384 2514 447 scriberem,
2547 388 2650 437 etc.
2679 368 2848 437 Velim
2879 384 3062 452 igitur,
3092 385 3135 440 si
3178 390 3300 454 quis
3338 386 3436 441 ad-

188 474 476 543 διαφωνίας
508 491 569 525 τε
599 476 693 527 καὶ
738 475 1099 536 διαστάσεως·
1130 472 1395 543 δεύτερον,
1433 472 1530 534 τὰς
1565 472 1627 523 ὲκ
1669 472 1765 540 τῆς

190 564 542 619 θεοπνεύστου
604 565 645 615 Γ
651 565 833 635 ραφῆς
886 564 1188 630 ἀποδείξεις
1256 564 1383 633 περὶ
1443 563 1534 614 τοῦ
1587 564 1765 614 πᾶσαν

190 658 495 729 παράϐασιν
524 658 749 727 ἐντολῆς
778 657 911 710 Θεοῦ
954 656 1198 727 σφοδρῶς
1230 656 1322 709 καὶ
1354 655 1597 725 φοϐερῶς
1625 655 1767 707 ἐκδι-

192 751 447 819 κήσαντος
466 766 480 778 ·
508 748 676 813 ὥστε,
697 760 810 804 etc.
835 750 965 814 Qua:
985 748 1151 803 verba
1188 748 1269 802 sic
1308 745 1500 801 Latine
1532 745 1767 799 reddidit

192 842 547 899 Combeﬁsius
570 861 581 895 :
606 841 749 894 Hinc
767 859 884 895 vero
902 842 1071 910 ejusce
1082 841 1156 893 rei
1176 840 1429 894 rationem
1443 839 1764 908 adjungam;

191 937 407 1003 primum
442 933 657 1001 quidem
706 940 824 1002 quae
866 949 1027 985 causa
1078 933 1181 994 sit,
1235 929 1431 999 quodve
1475 930 1765 997 periculum

193 1036 345 1080 tanta:
390 1024 757 1081 Ecclesiarum
801 1024 900 1077 Dei
943 1041 1005 1077 ac
1052 1024 1298 1092 cujusque
1348 1024 1499 1077 rebus
1553 1022 1765 1092 agendis

191 1116 536 1171 dissonantia:
579 1134 643 1169 ac
681 1116 1065 1178 dissensionis;
1111 1126 1220 1167 tum
1270 1114 1453 1169 deinde
1494 1125 1663 1168 certas
1702 1131 1766 1167 ea:

197 1208 364 1260 dicina
393 1205 676 1273 Scriptura
698 1206 1033 1274 probationes
1064 1223 1123 1259 ac
1150 1208 1403 1272 rationes,
1432 1208 1618 1277 quibus
1642 1223 1767 1260 con-

202 1299 387 1367 ﬁcitur,
429 1299 488 1350 in
524 1313 732 1350 omnem
792 1296 960 1349 Deum
1006 1296 1246 1350 mandati
1295 1298 1765 1365 transgressionem

206 1391 306 1442 acri
330 1389 701 1457 tremendaque
728 1388 1060 1441 districtione
1086 1388 1518 1453 animadvertere,
1547 1399 1628 1453 ut,
1657 1398 1763 1442 etc.

208 1476 351 1541 Illud,
382 1478 596 1548 πρῶτον
628 1479 727 1548 μὲν
753 1480 877 1547 τήν,
908 1487 1039 1545 etc.,
1067 1479 1231 1535 verbo
1258 1488 1407 1535 caret
1450 1500 1461 1533 :
1508 1481 1655 1551 quod
1676 1481 1767 1549 ju-

1870 476 1976 529 buc
2014 476 2223 530 dubitet
2272 475 2612 544 hacreatque,
2653 476 2793 529 hanc
2838 476 3122 544 epistolam
3174 492 3299 529 cum
3344 496 3437 545 ge-

1871 568 2060 622 nuinis
2095 566 2281 622 Basilii
2331 567 2588 636 Epistolis
2622 575 2933 635 comparet,
2978 568 3290 637 statimque,
3329 571 3436 622 nisi

1869 657 2023 712 valde
2054 657 2232 720 fallor,
2256 658 2646 713 animadvertet
2673 672 2793 711 eam
2825 657 2892 710 ab
2924 657 3031 712 illis
3053 666 3105 712 et
3134 660 3437 727 perspicui--

1872 759 2000 813 tate,
2030 758 2084 803 et
2114 748 2403 819 elegantia,
2429 756 2483 802 et
2511 749 2840 813 urbanitate,
2860 758 2934 810 et,
2966 756 3025 801 ut
3050 749 3212 802 verbo
3229 750 3431 815 dicam,

1869 849 1984 895 toto
2024 840 2297 895 scribendi
2332 856 2530 912 genere
2576 856 2800 909 prorsus
2840 839 3077 895 dillerre.
3123 841 3281 896 Certe
3310 858 3436 896 cum

1872 934 1948 986 ita
1978 934 2095 1003 lego
2126 934 2244 1003 ipso
2276 933 2433 987 initio
2462 952 2473 986 :
2511 931 2618 984 T06
2666 931 2870 1003 Κυρίου
2902 932 3057 1002 ἡμῶν
3096 933 3270 1003 Ἰησοῦ
3301 934 3437 1005 Χρι-

1872 1024 1997 1077 στοῦ
2037 1025 2467 1096 προστάσσοντος
2491 1042 2507 1057 ·
2547 1028 2615 1077 Ὃ
2645 1024 2799 1094 λέγω
2853 1024 3013 1093 ὑμῖν.
3042 1065 3054 1076 .
3084 1064 3095 1079 .
3126 1066 3137 1076 .
3196 1028 3289 1077 καὶ
3344 1025 3438 1077 τοῦ

1886 1116 2208 1169 Ἀποστόλου
2225 1119 2321 1187 τῆς
2344 1118 2550 1186 σιωπῆς
2579 1117 2639 1168 τὸ
2672 1118 2845 1186 κρῖμα
2868 1116 3092 1184 φοϐερὸν
3112 1116 3435 1178 δεικνύντος,

1868 1207 1933 1257 δι’
1970 1199 2044 1258 ὧν
2075 1224 2205 1276 φησι
2234 1208 2371 1277 πρὸς
2398 1209 2523 1269 τοὺς
2563 1207 2824 1276 Ἐφεσίων
2851 1190 3283 1278 πρεσϐυτέρους*
3313 1211 3440 1260 Διαν-

1864 1299 2227 1366 μαρτύρομαι
2287 1296 2429 1364 ὑμῖν
2475 1294 2547 1365 τῇ
2593 1297 2859 1365 σήμερον
2890 1297 3112 1365 ἡμέρᾳ,
3152 1304 3257 1351 etc.
3303 1296 3437 1352 Cum

1872 1387 2126 1439 Dominus
2174 1394 2349 1439 noster
2380 1383 2536 1439 Iesus
2592 1384 2835 1439 Christus
2878 1385 3150 1451 prircipiat
3178 1400 3194 1435 :
3222 1401 3238 1433 ι
3283 1382 3436 1448 Quod

1869 1478 2009 1531 vobis
2040 1477 2177 1530 dico.
2202 1518 2213 1531 .
2238 1516 2249 1529 .
2280 1519 2290 1530 .
2327 1496 2344 1527 ι
2381 1475 2662 1543 Apostolus
2689 1485 2863 1528 autem
2884 1476 3080 1529 silentii
3113 1474 3436 1528 tremendum

211 1571 395 1625 dicium
430 1570 713 1625 ferendum
753 1577 836 1624 est
863 1584 1080 1640 quoque
1120 1570 1186 1625 de
1218 1572 1330 1634 illo,
1364 1572 1635 1643 δεύτερον,
1668 1574 1766 1636 τὰς
1859 1570 2120 1638 judicium
2152 1568 2419 1631 ostendat,
2449 1568 2575 1620 dum
2610 1568 2685 1620 sic
2727 1566 3071 1635 Ephesiorum
3107 1566 3431 1635 presbyteros

213 1663 270 1715 ἐκ
294 1661 387 1731 τῆς
416 1661 869 1714 Θεοπνεύστου....
914 1661 1158 1733 φοϐερῶς
1189 1662 1589 1731 ἐκδικήσαντος.
1639 1663 1766 1717 Scio

1870 1662 2176 1729 alloquitur,
2206 1679 2221 1711 ι
2247 1659 2522 1713 Contestor
2554 1676 2639 1712 vos
2665 1658 2815 1712 hodie
2833 1659 2900 1722 ιθ,
2926 1678 2944 1710 ›
2975 1666 3106 1724 etc.;
3150 1658 3281 1711 mihi
3312 1659 3434 1727 qui-

216 1722 414 1823 quidem
450 1754 655 1824 aliquid
692 1753 760 1808 ab
802 1722 1024 1810 homine
1050 1722 1232 1810 'docto
1280 1722 1520 1825 suppleri
1556 1722 1762 1825 posse:
1799 1722 1841 1775 Β
1869 1722 2001 1807 dem.
2048 1722 2205 1806 facile
2265 1753 2565 1820 persuadeo
2635 1750 2737 1803 hoc
2794 1722 3105 1819 epistolium
3167 1722 3432 1817 script-um

217 1847 301 1901 sed
326 1860 481 1899 nemo
513 1860 621 1899 non
650 1844 796 1900 videt
828 1846 1063 1916 ellipsim
1095 1847 1199 1901 hoc
1243 1848 1361 1903 loco
1388 1856 1442 1903 et
1474 1848 1766 1903 violentam

218 1951 343 1999 esse,
369 1944 421 1990 et
450 1952 481 1989 a
506 1936 689 1991 Basilii
722 1937 1109 2007 perspicuitate
1138 1938 1393 1993 alienam.
1426 1940 1507 1993 Ab
1543 1941 1625 1994 his
1659 1956 1768 1995 non

220 2030 426 2081 multum
458 2028 669 2082 abludit
702 2030 847 2097 quod
877 2029 1127 2097 sequitur
1158 2048 1170 2082 :
1211 2030 1363 2084 Μετὰ
1404 2030 1575 2084 ταῦτα
1608 2048 1765 2103 περι-

221 2119 316 2183 έξει
343 2119 429 2190 τὴν
461 2119 663 2189 εὐσεϐῆ
684 2118 776 2172 τοῦ
815 2119 950 2173 Θεοῦ
984 2120 1078 2173 καὶ
1104 2121 1337 2192 Πατρὸς,
1372 2123 1466 2189 καὶ.
1492 2120 1586 2175 τοῦ
1616 2138 1769 2192 μονο-

219 2210 388 2279 γενοῦς
428 2208 557 2261 Υίοῦ
594 2208 756 2262 αὑτοῦ
800 2209 895 2261 καὶ
937 2208 1093 2273 Θεοῦ,
1129 2212 1220 2264 καὶ
1269 2212 1361 2263 τοῦ
1402 2212 1559 2280 ἁγίου
1604 2212 1770 2265 Πνεῦ-

224 2319 371 2370 ματος
400 2300 715 2371 ὁμολογίαν·
757 2301 975 2366 ἔπειτα,
1019 2308 1125 2356 etc.
1164 2301 1246 2356 Ad
1282 2303 1508 2358 verbum
1554 2323 1565 2355 :
1608 2302 1767 2357 Post-

222 2411 276 2447 ea
314 2395 448 2462 piam
488 2392 552 2447 de
586 2393 693 2447 Deo
736 2411 798 2448 ac
838 2394 1023 2461 Patre,
1059 2397 1419 2466 unigenitoque
1466 2397 1577 2465 ejus
1630 2396 1768 2449 Filio

227 2500 280 2535 ac
318 2483 434 2545 Deo,
468 2492 517 2537 et
564 2481 773 2551 Spiritu
816 2494 1000 2538 sancto
1054 2484 1426 2553 confessionem
1467 2486 1771 2553 complecte-

230 2584 336 2629 tur:
376 2585 615 2644 tumque,
672 2584 775 2629 etc.
831 2574 1107 2630 Hactenus
1162 2576 1309 2631 nulla
1374 2577 1575 2631 mentio
1632 2576 1771 2629 facta

228 2676 297 2720 est
346 2666 407 2720 de
455 2667 566 2719 ullo
612 2668 851 2736 scripto,
899 2668 1043 2737 quod
1085 2667 1152 2721 ad
1201 2684 1312 2722 rem
1352 2669 1618 2737 pertineat
1661 2684 1672 2717 :
1719 2675 1772 2719 et

228 2766 383 2811 tamen
440 2766 666 2819 auctor,
720 2758 879 2827 quasi
937 2759 1304 2813 nominativus
1345 2775 1409 2813 ex
1470 2759 1770 2829 superiori~

228 2848 313 2901 bus
346 2850 577 2919 suppleri
616 2859 802 2917 posset
842 2866 905 2904 ac
942 2852 1181 2914 deberet.
1246 2852 1327 2906 sic
1374 2851 1583 2921 incipit,
1637 2850 1773 2921 μετὰ

224 2940 377 2993 ταῦτα
424 2941 666 3010 περιέξει
710 2942 829 3011 τήν,
884 2950 985 2996 etc.
1045 2942 1288 3013 Scriptor
1336 2944 1498 3013 paulo
1546 2943 1773 3012 diligen-

227 3033 318 3085 tior
362 3034 430 3086 ita
468 3034 684 3089 locutus
716 3031 941 3088 fuisset:
973 3035 1122 3088 Μετὰ
1159 3036 1331 3089 ταῦτα
1366 3038 1397 3104 ή
1428 3034 1559 3106 ἄλλη
1593 3034 1769 3103 βίϐλος
1795 3072 1837 3128 C

226 3124 441 3193 περιέξει
486 3127 604 3195 τήν,
649 3133 758 3179 etc.
794 3124 990 3179 Postea
1038 3126 1172 3179 alius
1215 3126 1420 3180 libellus
1458 3126 1766 3194 complecte-

224 3223 319 3268 tur.
365 3222 464 3269 etc.
513 3213 628 3269 Sub
665 3213 824 3267 linem
871 3229 993 3267 cum
1039 3226 1226 3269 auctor
1268 3231 1572 3271 sermonem
1615 3218 1771 3272 insti-

222 3305 399 3360 tuisset
441 3307 506 3360 de
542 3306 861 3369 Moralibus,
891 3310 962 3359 ita
988 3316 1305 3376 persecutus
1332 3318 1451 3363 est:
1492 3310 1579 3361 Ἐν
1603 3303 1681 3370 οἷς
1714 3308 1772 3361 τό

222 3410 272 3445 τε
314 3394 765 3467 ἀπηκριϐωμένον
807 3396 902 3448 καὶ
948 3397 1186 3465 ἀκριϐῶς
1226 3396 1629 3467 κεκαθαρμένον
1675 3399 1771 3468 τῆς

222 3484 475 3548 πολιτείας
517 3486 945 3555 διαφανήσεται·
1010 3488 1100 3539 καὶ
1136 3486 1230 3551 τὸ,
1279 3487 1344 3539 ἵν’
1392 3487 1563 3549 οὓτως
1597 3486 1769 3551 εἴπω,

220 3568 415 3643 ἀξίωμα
458 3576 566 3627 τῶν
601 3576 835 3629 ἐνταῦθα
883 3578 1233 3647 παρεπόντων
1274 3578 1569 3648 ἐκλάμψει,
1607 3593 1767 3647 quem

219 3665 381 3717 locum
422 3667 562 3720 idem
597 3667 960 3723 Combclisius
1010 3668 1082 3720 ita
1119 3669 1499 3738 interpretatus
1533 3678 1656 3723 est:
1706 3668 1771 3722 In

217 3753 388 3819 quibus
415 3766 609 3809 exacta
655 3765 809 3826 atque
836 3765 1017 3819 exacte
1046 3757 1335 3827 depurgata
1363 3758 1656 3827 disciplina:
1685 3776 1772 3811 ra-

218 3842 281 3895 tio
308 3844 587 3909 elucescet;
607 3862 909 3916 eorumque,
947 3849 1101 3901 utsic
1136 3846 1331 3912 dicam,
1360 3851 1449 3919 qui
1491 3851 1572 3903 hic
1604 3851 1768 3904 disci-

213 3934 317 4001 puli
342 3945 631 4003 sequuntur
653 3936 887 4007 dignitas
915 3939 1345 4007 persplendescet.
1365 3941 1466 3995 Ubi
1486 3943 1540 3994 in
1563 3942 1769 3995 ultimis

214 4026 380 4079 verbis
424 4014 649 4081 Graecis
685 4028 905 4081 obscuri
956 4029 1158 4097 aliquid
1209 4030 1577 4098 deprehendo.
1634 4029 1769 4083 lllud

210 4116 344 4170 enim
380 4119 474 4169 xui.
524 4118 605 4182 τὸ,
648 4119 714 4170 ἵν’
746 4117 914 4182 οὕτως
940 4118 1097 4184 εἴπω,
1139 4120 1353 4189 ἀξίωμα
1398 4120 1508 4174 τῶν
1540 4121 1770 4174 ἐνταῦθα

213 4208 565 4274 πρεπόντων
600 4208 903 4279 ὲκλὰμψει,
940 4210 1014 4263 ita
1062 4210 1380 4280 simpliciter
1419 4212 1624 4267 dictum
1661 4229 1768 4267 non

218 4300 346 4351 satis
390 4300 747 4368 perspicuum
780 4300 1012 4363 videtur,
1035 4308 1110 4363 et,
1142 4302 1245 4355 nisi
1290 4318 1393 4357 vox
1426 4305 1605 4374 aliqua
1640 4322 1771 4376 sup-

1871 1844 2039 1898 fuisse
2102 1843 2169 1897 ab
2216 1843 2433 1913 aliquo,
2469 1842 2561 1912 qui
2613 1841 2798 1895 Basilii
2852 1841 3086 1910 [tegulas
3144 1840 3435 1910 diligenter

1870 1933 2087 2003 legisset
2135 1934 2297 2001 (nam
2330 1932 2387 1986 in
2429 1930 2537 1984 illis
2571 1930 2645 1983 ita
2691 1928 2801 1983 fere
2852 1929 3144 1998 aliquando
3194 1929 3433 1997 loquitur

1869 2020 2138 2089 Basilius)
2174 2039 2186 2073 :
2233 2020 2327 2076 sed
2366 2027 2499 2089 puto
2531 2019 2675 2072 hunc
2717 2019 3009 2081 hominem,
3045 2019 3295 2088 quisquis
3327 2027 3433 2084 est,

1868 2126 2145 2183 nunquam
2191 2109 2436 2182 ejusdem
2494 2109 2677 2163 Basilii
2726 2108 2996 2178 Epistolas
3052 2110 3281 2178 legisse,
3340 2116 3436 2161 aut

1870 2211 2019 2260 certe
2053 2218 2147 2259 eas
2179 2203 2381 2257 imitari
2436 2217 2545 2257 non
2582 2203 2848 2272 potuisse.
2886 2200 3101 2254 Nullam
3143 2200 3289 2254 enim
3332 2198 3437 2253 Ba-

1871 2295 1979 2350 silii
2008 2294 2291 2365 epistolam
2319 2310 2461 2358 esse,
2488 2310 2607 2365 qum
2634 2295 2735 2347 hoc
2778 2293 2861 2346 vel
2899 2292 3067 2346 simili
3104 2291 3266 2345 modo
3299 2290 3437 2343 inci-

1873 2384 2129 2454 piat,To6
2162 2385 2362 2453 Κυρίου
2399 2384 2553 2453 ἡμῶν
2590 2382 2763 2453 Ἰησοῦ
2793 2380 3027 2452 Χριστοῦ
3068 2380 3435 2450 προστάσσον-
3498 2440 3499 2443 η

1872 2492 1983 2538 τος.
2054 2515 2066 2527 .
2099 2518 2109 2529 .
2141 2476 2235 2527 καὶ
2265 2475 2360 2528 τοῦ
2395 2474 2737 2537 Ἀποστόλου,
2769 2481 2898 2534 etc.,
2935 2469 3201 2525 afﬁrmare
3237 2471 3433 2524 ausim.

1872 2565 1937 2619 Et
1967 2567 2183 2636 quidem
2215 2568 2268 2619 in
2311 2566 2489 2621 indice
2520 2564 2709 2619 Grazco
2737 2565 3131 2619 Basilianarum
3165 2564 3435 2633 Epistola-

1872 2672 1991 2711 rum
2038 2658 2127 2726 qui
2174 2657 2239 2709 ail
2288 2659 2487 2711 calcem
2533 2657 2790 2713 editionis
2840 2655 3165 2712 Parisiensis
3225 2656 3435 2709 locatus

1873 2755 1976 2807 est,
2002 2746 2136 2798 nihil
2164 2746 2270 2799 tale
2305 2746 2542 2800 invenio.

1944 2837 2029 2894 55.
2065 2837 2217 2891 Nunc
2254 2838 2627 2906 conjecturam
2670 2837 2961 2907 quamdam
2999 2851 3176 2891 meam
3218 2836 3283 2890 de
3332 2835 3437 2888 hoc

1874 2932 2121 2999 epistolio
2170 2944 2475 3000 preponere
2521 2930 2735 2983 libitum
2766 2937 2885 2983 est:
2918 2928 3012 2982 sed
3056 2928 3103 2983 si
3142 2928 3293 2997 prius
3324 2940 3443 2979 mo-

1876 3038 2066 3090 nuero,
2102 3024 2202 3077 hoc
2227 3023 2368 3077 idem
2404 3023 2740 3091 epistolium,
2777 3021 2923 3091 quod
2972 3036 3071 3091 pro
3109 3035 3249 3074 novo
3277 3018 3441 3072 Com-

1875 3114 2095 3170 belisius
2130 3114 2315 3176 edidit,
2340 3114 2668 3183 jampridem
2703 3115 2757 3167 in
2797 3113 3001 3167 Veneta
3032 3112 3269 3167 editione
3318 3112 3438 3165 vul-

1874 3214 2055 3275 gatum
2075 3205 2261 3260 fuisse.
2289 3204 2551 3275 Suspicor
2576 3205 2740 3274 igitur
2765 3205 2863 3258 has
2890 3204 3154 3258 litterulas
3181 3204 3437 3271 antiquas

1874 3312 1981 3351 non
2012 3313 2154 3362 esse,
2193 3297 2287 3352 sed
2324 3298 2481 3366 longe
2513 3306 2635 3366 post
2670 3297 2854 3352 Basilii
2916 3305 3127 3351 aetatem
3157 3311 3226 3349 ex
3258 3295 3436 3349 Photii

1876 3388 2197 3442 Bibliotheca
2221 3387 2425 3443 ellictas
2465 3388 2635 3443 fuisse
2667 3396 2720 3443 et
2772 3402 3077 3457 expressas.
3116 3386 3234 3452 Qua
3279 3386 3347 3441 de
3382 3401 3442 3439 re

1874 3487 1931 3533 ut
1964 3482 2162 3549 cuique
2224 3479 2537 3534 existimare
2580 3480 2762 3543 liccat,
2808 3480 3097 3547 utriusque
3147 3477 3438 3547 scriptoris

1872 3572 2037 3627 verba
2067 3572 2374 3640 subjiciam.
2410 3570 2484 3624 Ita
2515 3570 2681 3639 igitur
2712 3570 2938 3625 Photius
2963 3570 3204 3638 loquitur
3228 3570 3301 3640 (b)
3329 3584 3341 3619 :
3384 3570 3441 3621 Ὀ

1878 3666 1973 3735 μὲν
1996 3660 2087 3718 οῦν
2126 3667 2338 3735 πρῶτος
2374 3664 2521 3734 αὐτῷ
2553 3665 2709 3731 λόγος
2742 3663 3098 3733 διεξέρχεται,
3118 3660 3202 3726 τίς
3233 3663 3265 3731 ἡ
3294 3662 3442 3715 αἰτία

1874 3756 1964 3809 καὶ
2001 3759 2028 3809 ὁ
2060 3757 2299 3819 κίνδυνος
2339 3756 2436 3825 τῆς
2485 3755 2751 3824 τοσαύτης
2800 3754 2905 3807 τῶν
2962 3751 3293 3822 Ἐκκλησιῶν
3342 3751 3438 3803 τοῦ

1872 3848 2006 3902 Θεοῦ
2051 3850 2141 3901 καὶ
2186 3850 2414 3902 ἑκάστου
2446 3848 2578 3919 πρὸς
2608 3847 2698 3900 τὸν
2732 3846 2917 3917 ἓτερον
2946 3844 3241 3912 διαφωνίας
3263 3860 3321 3895 τε
3348 3842 3442 3895 καὶ

1872 3940 2221 4001 διαστάσεως·
2253 3938 2521 4007 δεύτερον,
2540 3940 2619 3989 ὅτι
2648 3938 2827 4005 πάσης
2854 3935 3073 4004 ἐντολῆς
3091 3933 3226 3986 Θεοῦ
3261 3932 3440 4003 παρά-

1874 4032 2025 4090 ϐασις
2078 4028 2317 4098 σφοδρῶς
2361 4030 2452 4081 καὶ
2483 4027 2727 4097 φοϐερῶς
2766 4026 3080 4079 ὲκδικεῐταιθ
3126 4025 3217 4076 καὶ
3305 4023 3440 4075 ἀπό-

1870 4121 2031 4186 δειξις
2061 4122 2122 4172 ὲκ
2153 4120 2261 4171 τῶν
2300 4120 2557 4190 Γραφῶν·
2610 4118 2825 4190 τρίτον,
2876 4118 3002 4185 περὶ
3047 4116 3143 4185 τῆς
3182 4111 3440 4175 εὐσεϐοῦς

1872 4215 2106 4275 πίστεως
2146 4212 2322 4282 ἡμῶν,
2359 4213 2475 4281 ἦτοι
2510 4212 2606 4282 τῆς
2640 4213 2719 4273 εἰς
2751 4212 2850 4281 τὴν
2900 4210 3201 4279 ὑπεραγίαν
3237 4207 3443 4276 Τριάδα

1873 4305 2115 4375 καθαρᾶς
2152 4304 2431 4375 ἡμῶνκαὶ
2470 4302 2791 4373 εἰλικρινοῦς
2819 4302 3127 4371 ὁμολογίας.
3166 4300 3223 4351 Ὀ
3262 4298 3442 4351 δεῦτε-

209 4390 445 4459 pleatur,
472 4389 565 4443 vix
602 4390 829 4459 intelligi
864 4398 1064 4460 potest.
1095 4392 1175 4445 Ad
1213 4394 1460 4461 verbum,
1492 4412 1769 4466 eorumque

1876 4413 1964 4464 ρος
2016 4390 2127 4449 οἷον
2176 4394 2501 4466 χαρακτῆρα
2559 4392 2885 4463 Χριστιανοῦ
2938 4390 3280 4461 κεφαλαιώδη
3350 4390 3442 4441 καὶ

206 4492 261 4534 ut
285 4485 361 4535 ita
388 4483 590 4546 dicam,
614 4484 703 4553 qui
726 4483 804 4536 hic
835 4495 1139 4554 sequuntur,
1174 4486 1405 4557 dignitas
1428 4490 1764 4555 splendescat.

208 4574 590 4637 Combeﬁsius,
634 4584 690 4629 ut
716 4591 780 4630 ex
806 4576 925 4647 ejus
955 4578 1403 4647 interpretatione
1445 4581 1635 4651 liquet,
1674 4599 1769 4637 vo-

210 4677 318 4719 cem
366 4665 634 4737 μαθητῶν
678 4668 985 4736 supplevit:
1028 4670 1171 4739 quod
1209 4684 1316 4725 non
1356 4670 1609 4741 iecisset,
1662 4675 1768 4731 nisi

212 4756 526 4811 credidisset
583 4759 747 4811 verba
778 4758 961 4813 Graeca
1009 4776 1106 4830 per
1144 4776 1202 4814 se
1232 4762 1467 4816 obscura
1512 4779 1654 4825 esse,
1700 4769 1771 4819 ob

214 4847 383 4916 idque,
419 4857 482 4901 ut
529 4848 993 4918 intelligerentur,
1040 4851 1245 4922 aliquid
1276 4856 1591 4908 necessario
1638 4871 1767 4925 sup-

216 4939 336 5007 pleri
365 4941 589 4995 debere.
623 4939 928 4995 Notandum
959 4952 1221 5012 prmterea
1267 4943 1320 4997 id
1352 4945 1499 5014 quod
1533 4947 1767 5001 maxime

218 5031 276 5084 ad
304 5048 418 5086 rem
456 5032 615 5096 facit,
659 5033 764 5087 hoc
791 5034 1117 5102 opusculum
1146 5048 1273 5090 vere
1304 5036 1589 5105 epistolam
1622 5053 1762 5093 esse.

218 5118 284 5172 Ita
304 5122 444 5175 enim
470 5130 665 5176 auctor
700 5122 943 5191 loquitur
968 5142 981 5177 :
1026 5124 1346 5191 ’Λναγκαῖον
1376 5125 1602 5195 ἐνόμισα
1634 5127 1767 5197 γρά-

218 5213 298 5267 tia:
328 5215 460 5285 πρὸς
490 5216 589 5285 τὴν
614 5214 832 5268 πάντων
864 5208 1017 5286 ὑμῶν
1044 5218 1102 5269 ἐν
1128 5216 1349 5287 Χριστῷ
1386 5218 1626 5290 ἀγάπην,
1659 5229 1764 5275 etc.

223 5303 570 5361 Necessarium
600 5310 800 5377 putavi,
822 5317 876 5361 ut
900 5310 968 5361 ad
989 5318 1211 5363 vestram
1235 5313 1465 5366 omnium
1493 5314 1547 5367 in
1560 5313 1769 5370 Christo

277 5460 315 5492 ⁸⁸
347 5462 467 5518 Act.
503 5478 595 5527 xx,
617 5461 711 5516 26.

278 5621 345 5690 (α)
371 5616 445 5674 Ita
473 5619 617 5692 apud
644 5616 900 5672 Combef.

508 5712 785 5772 ΡΔτιιυι.
824 5708 946 5768 Gn.
997 5709 1231 5771 XXXI.

1880 4487 2139 4557 σύντομον
2166 4487 2544 4559 παρατίθεται,
2575 4486 2667 4538 καὶ
2698 4484 3023 4555 χαρακτῆρα
3070 4483 3231 4536 πάλιν
3264 4498 3441 4550 παρα-

1874 4580 2099 4649 πλήσιον
2123 4577 2230 4630 τῶν
2256 4575 2611 4647 προεστώτων
2641 4575 2733 4628 τοῦ
2756 4575 2934 4643 λόγου.
2961 4569 3113 4636 Εἶτα,
3142 4581 3249 4627 etc.
3272 4569 3441 4640 Igitur

1871 4673 2070 4739 primus
2093 4671 2205 4738 ejus
2235 4664 2363 4723 liber
2385 4669 2632 4733 continet,
2652 4684 2767 4737 qua:
2786 4668 2855 4721 sit
2879 4682 3062 4728 causa,
3088 4672 3441 4734 quantumque

1872 4765 2162 4832 periculum
2184 4760 2485 4830 hujusmodi
2513 4776 2630 4813 cum
2663 4759 3021 4813 Ecclesiarum
3050 4756 3165 4817 Dei,
3192 4765 3300 4807 tum
3330 4755 3440 4806 sin-

1871 4859 2113 4927 gulorum
2146 4856 2412 4909 hominum
2444 4857 2579 4910 inter
2608 4857 2747 4924 ipsos
2778 4853 3121 4908 dissensionis
3152 4861 3306 4919 atque
3330 4848 3441 4901 disa

1873 4950 1997 5004 sidii
2018 4963 2035 5001 :
2062 4947 2267 5013 deinde,
2286 4948 2424 5018 quod
2449 4948 2618 5002 omnis
2639 4948 2884 5016 prwcepti
2905 4945 3067 4998 divini
3090 4942 3439 5011 transgressio

1872 5041 2190 5096 vehementer
2214 5057 2275 5094 ac
2305 5041 2608 5095 terribiliter
2636 5041 2876 5109 punitur,
2909 5038 3062 5106 idque
3092 5054 3119 5090 e
3144 5033 3439 5104 Scripturis

1875 5134 2041 5187 sacris
2078 5132 2494 5187 demonstratum
2521 5149 2539 5185 :
2584 5134 2755 5195 tertio,
2788 5131 2852 5184 de
2899 5131 3002 5197 ﬁde
3035 5138 3219 5183 nostra
3253 5127 3439 5179 catho-

1878 5226 2001 5291 lica,
2031 5224 2134 5277 sive
2156 5224 2219 5277 de
2237 5238 2371 5291 pura
2405 5232 2589 5278 nostra
2619 5233 2667 5275 et
2711 5222 2915 5275 sincera
2964 5219 3286 5288 confessione
3315 5233 3439 5269 san-

1876 5316 2127 5370 ctissima:
2154 5314 2455 5369 Trinitatis.
2492 5314 2647 5367 Liber
2682 5324 2797 5367 vero
2830 5311 3109 5377 secundus,
3148 5306 3443 5366 Christiani

1957 5621 2030 5692 (b)
2069 5620 2200 5678 Cod.
2231 5635 2371 5688 exet,
2408 5635 2529 5692 pag.
2566 5619 2678 5678 494.
