3972 6202
543 247 647 302 159
1111 257 1174 293 ει»
1255 265 1273 275 ~
1362 258 1368 273 ·

1909 244 2298 304 ΡΒᾸΞΡΑΤΙΟ.
3659 254 3749 309 140

506 364 517 441 χ
540 361 765 418 hominis
802 344 1103 430 quamdam
1134 339 1304 416 ’θείειιὶ
1347 359 1746 427 descriptionem
1773 372 1864 428 per
1895 376 2105 414 summa
2132 363 2179 421 Α
2204 374 2331 416 vera
2366 358 2557 417 Basilii
2605 362 2834 434 epistola
2892 361 3083 421 haberi
3135 370 3357 435 posset,
3407 363 3593 435 sicque
3630 366 3750 423 illud

537 455 714 524 capita
741 451 1057 524 breviterque
1096 454 1349 523 exponit:
1393 453 1720 522 similemque
1761 468 1976 506 rursum
2013 451 2105 507 de-

537 546 869 616 scriptionem
908 559 1122 608 eorum,
1158 544 1249 615 qui
1291 542 1524 598 docendo
1557 541 1835 613 Evangelia
1870 540 2104 610 μητίεεή

536 646 677 692 sunt.
714 636 933 700 Deinde,
964 643 1069 690 etc.
1106 634 1188 688 Ita
1222 642 1405 689 autem
1443 634 1499 688 in
1541 633 1796 703 epistolio
1836 632 2105 702 scriptum

536 736 654 785 est:
693 727 1066 801 Προσθήσεται
1089 726 1146 779 δέ
1176 744 1265 796 μοι
1294 725 1357 778 τὺ
1395 727 1591 796 κρῖμα,
1625 723 1838 795 πρῶτον
1879 720 1978 794 μὲν
2007 720 2105 793 τὴν

534 822 714 877 αἰτίαν
743 821 837 875 καὶ
862 820 955 874 τδν
983 818 1226 875 κίνδυνον
1262 817 1365 888 τῆς
1408 816 1678 888 τοσαύτης
1715 815 1827 870 τῶν
1871 814 2104 885 Ἐκκλη-

536 913 667 967 σιῶν
707 910 802 965 τοῦ
836 904 1018 974 ’Θεοῦ,
1068 909 1164 963 καὶ
1204 908 1439 962 ἑκάστου
1488 906 1625 978 πρὸς
1665 906 1741 976 (α)
1783 904 1877 958 τὸν
1918 903 2105 975 ἕτερον

533 1002 828 1073 διαφωνίας
852 1019 913 1055 τε
958 1000 1053 1055 καὶ
1080 1001 1414 1062 διαστάσεως
1432 1015 1445 1028 ·
1481 996 1753 1068 δεύτερον,
1778 995 1877 1058 τὰς
1913 996 1978 1047 ὲκ
2003 993 2105 1064 τῆς

534 1094 894 1150 θεοπνεύστου
946 1092 1171 1164 Γραφῆς
1229 1089 1534 1154 ἀποδείξεις
1580 1087 1709 1159 περὶ
1767 1085 1862 1139 τοῦ
1923 1085 2103 1138 πᾶσαν

532 1186 843 1255 παράϐασιν
874 1184 1093 1254 ἐντολῆς
1124 1182 1259 1236 Θεοῦ
1293 1180 1536 1252 σφοδρῶς
1580 1177 1985 1248 ὲκδικήσαντος.
2009 1214 2022 1228 .
2046 1214 2060 1228 .
2085 1214 2099 1228 .

532 1275 692 1331 Μετὰ
723 1274 897 1329 ταῦτα
925 1274 1164 1343 περιέξει
1205 1274 1304 1344 τὴν
1332 1269 1527 1341 εὐσεϐῆ
1559 1266 1654 1322 τοῦ
1697 1266 1833 1321 Θεοῦ
1867 1266 1963 1321 καὶ
1990 1266 2105 1319 Πα-

531 1368 677 1438 τρὸς,
709 1367 804 1419 καὶ
834 1365 927 1419 τοῦ
961 1364 1278 1436 μονογενοῦς
1308 1362 1436 1416 Υἱοῦ
1466 1360 1629 1415 αὑτοῦ
1679 1361 1775 1415 καὶ
1802 1358 1937 1414 Θεοῦ
1955 1399 1971 1424 ,
2008 1357 2104 1412 καὶ

530 1457 623 1513 τοῦ
646 1457 804 1525 ἁγίου
829 1456 1147 1527 Πνεύματος
1171 1453 1555 1526 ὀμολογίαν....
1591 1452 1684 1506 ἐπὶ
1706 1450 1915 1515 τούτοις
1941 1448 2103 1504 οἱονεὶ

530 1548 855 1622 χαρακτῆρα
906 1546 1233 1620 Χριστιανοῦ
1281 1544 1628 1615 κεφαλαιώδη
1684 1532 1781 1598 καὶ
1841 1542 2102 1614 σύντομον

529 1641 656 1711 ὅρου
687 1638 855 1692 τύπον
901 1638 1092 1708 ἔχοντα
1140 1636 1459 1708 πειράσεται
1505 1634 1687 1688 δοῦναι
1716 1635 1849 1705 ἡμῖν
1892 1633 1959 1686 ὲκ
1992 1631 2100 1686 τῶν

530 1708 701 1800 ἁγίων
730 1728 962 1801 Γραφῶν
992 1730 1021 1782 ὁ
1051 1729 1229 1798 λόγος,
1263 1729 1356 1781 καὶ
1385 1725 1708 1798 χαρακτῆρα
1730 1724 1891 1778 πάλιν
1921 1740 2099 1794 παρα-
2130 1708 2173 1764 Β

528 1823 757 1894 πλήσιον
798 1820 907 1875 τῶν
939 1818 1298 1893 προεστώτων
1336 1817 1431 1872 τοῦ
1466 1817 1648 1886 λόγου,
1675 1823 1784 1872 etc.
1819 1814 1955 1870 Hinc
1982 1829 2100 1869 vero

527 1917 743 1986 ejusque
772 1914 847 1968 rei
877 1914 1082 1968 ratione
1125 1911 1455 1982 adjungam;
1488 1911 1718 1980 primum
1747 1907 1954 1979 quidem
1982 1923 2101 1979 quis

528 2023 695 2063 causa
718 2007 809 2069 sit,
840 2004 1041 2076 quodve
1079 2003 1369 2073 periculum
1404 2011 1566 2057 tanta:
1596 1993 1959 2055 Ecclesiarum
2000 1998 2102 2053 Dei

526 2108 580 2152 et
612 2096 831 2151 alterius
874 2111 992 2149 cum
1045 2095 1214 2149 altero
1256 2092 1601 2148 dissensionis
1646 2102 1801 2163 atque
1855 2089 2098 2155 dissidii;

530 2197 642 2242 tum
669 2186 854 2242 deinde
879 2195 1139 2241 certas'ea:
1156 2186 1337 2240 divina
1365 2184 1646 2255 Scriptura
1675 2182 2006 2253 probationes
2036 2198 2099 2236 ac

525 2284 784 2345 rationes,
812 2278 999 2351 quibus
1032 2277 1311 2348 conﬁcitur
1338 2277 1392 2331 in
1422 2292 1627 2331 omnem
1661 2275 1826 2330 Deum
1859 2272 2099 2328 mandati

530 2372 998 2444 transgressionem
1039 2370 1153 2423 acri
1213 2367 1579 2438 tremendaque
1619 2366 1948 2421 districtione
1981 2365 2099 2419 ani-

526 2464 942 2520 madvertere....
966 2459 1049 2515 Ad
1075 2460 1206 2526 haec,
1238 2461 1382 2530 piam
1401 2458 1465 2514 de
1487 2458 1591 2513 Deo
1625 2475 1688 2512 ac
1711 2457 1892 2524 Patre,
1914 2456 2096 2527 unige-

525 2560 736 2628 nitoque
759 2557 874 2627 ejus
918 2556 1059 2610 Filio
1087 2572 1149 2610 ac
1198 2553 1330 2619 Deo,
1380 2569 1472 2607 nec
1515 2569 1620 2607 non
1668 2550 1874 2622 Spiritu
1913 2558 2097 2605 sancto

527 2650 908 2719 confessionem
931 2647 1064 2702 liber
1084 2646 1542 2715 complectetur....
1568 2660 1630 2699 ac
1649 2652 1922 2713 prwterea,
1953 2657 2097 2696 com-

524 2737 834 2806 pendiosum
907 2736 1204 2806 brevemque
1257 2734 1394 2789 velut
1468 2733 1823 2786 characterem
1870 2731 2095 2787 hominis

526 2827 857 2892 Christiani,
890 2827 1215 2897 deﬁnitionis
1262 2826 1439 2895 {arma
1491 2840 1557 2879 ea:
1591 2824 1884 2894 Scripturis
1923 2823 2094 2877 sacris

525 2920 806 2975 conabitur
829 2919 988 2983 dare;
1014 2919 1318 2989 amnemque
1346 2932 1534 2972 rursus
1567 2918 1925 2970 characterem
1956 2929 2095 2986 pra:-

522 3014 815 3084 positorum
832 3012 1108 3078 sermonis,
1127 3018 1234 3068 etc.
1262 3009 1437 3067 Velim
1456 3008 1623 3080 igitur
1650 3008 1937 3078 utriusque
1957 3005 2095 3062 scri—
2122 3051 2168 3114 ϐ

523 3103 704 3174 ptoris
732 3103 897 3157 vcrha
960 3101 1105 3155 inter
1140 3114 1201 3155 se
1260 3099 1652 3156 conferantur:
1704 3097 1851 3168 quod
1891 3096 1939 3153 si
1968 3097 2095 3167 quis

524 3194 738 3259 fecerit,
762 3192 1159 3248 antimadvertet
1187 3190 1408 3247 easdem
1440 3204 1600 3245 voces
1628 3195 1862 3259 utroque
1890 3188 1946 3243 in
1973 3188 2096 3242 loco

525 3285 617 3339 hic
659 3284 771 3338 illic
821 3282 1098 3347 adhiberi,
1156 3281 1348 3352 quales
1391 3285 1551 3344 sunt,
1603 3279 1778 3345 αἰτία,
1815 3277 2092 3343 κίνδυνος,

525 3376 737 3450 Γραφὴ,
764 3373 1058 3440 ἀπόδειξις,
1094 3372 1425 3446 παράϐασις,
1458 3371 1669 3443 ἐντολὴ,
1706 3369 1971 3442 σφοδρῶς,
2001 3385 2098 3439 φο-

525 3468 729 3542 ϐερῶς,
761 3468 999 3522 ἐκδικεῖν
1020 3510 1034 3532 ,
1073 3467 1144 3521 ob
1184 3464 1349 3536 idque
1380 3463 1616 3519 fortasse
1657 3461 1929 3535 suspicari
1957 3460 2096 3517 inci-

526 3562 660 3635 piet,
694 3560 842 3615 hunc
872 3560 956 3615 vel
994 3558 1145 3612 illum
1187 3556 1509 3628 scriptorem
1543 3555 1865 3626 plagiarium
1899 3553 2091 3609 fuisse.

525 3651 635 3709 Sed
659 3652 703 3706 si
737 3650 900 3722 paulo
919 3650 1182 3704 attentius
1214 3646 1643 3704 consideraverit
1667 3652 1784 3700 tum
1807 3644 1963 3707 illud,
1994 3643 2096 3713 τῆς

523 3743 796 3814 τοσαύτης
842 3742 952 3797 τῶν
988 3739 1324 3812 Ἐκκλησιῶν
1372 3737 1468 3792 τοῦ
1514 3736 1671 3803 Θεοῦ,
1711 3737 1806 3791 καὶ
1862 3735 2093 3790 ἑκάστου

525 3834 663 3907 πρὸς
694 3834 786 3887 τὸν
830 3832 1016 3905 ἕτερον
1060 3831 1359 3901 διαφωνίας
1396 3847 1455 3884 τε
1497 3828 1589 3883 καὶ
1618 3827 1954 3890 διαστάσεως
1985 3825 2095 3897 (ita

525 3925 672 3980 enim
709 3924 868 3996 plane
892 3923 1182 3995 legendum
1206 3928 1330 3988 est,
1366 3928 1428 3976 ut
1456 3920 1515 3974 in
1550 3918 1755 3977 Veneta
1807 3917 2052 3974 editione
2076 3959 2091 3985 ,

524 4032 637 4071 non
682 4016 819 4088 πρὸς
872 4015 933 4069 τὸ
974 4014 1134 4087 ἔργον
1192 4020 1253 4068 ut
1298 4012 1443 4083 apud
1484 4010 1869 4067 Combelisium
1885 4011 1929 4083 ),
1978 4020 2095 4066 tum

523 4106 684 4171 illud,
714 4106 877 4161 οἱονεὶ
912 4105 1239 4177 χαρακτῆρα
1268 4102 1595 4178 Χριστιανοῦ
1627 4101 1973 4174 κεφαλαιώδη
1999 4101 2094 4156 καὶ

526 4199 881 4269 σύντομον....
904 4200 1000 4252 καὶ
1033 4198 1353 4270 χαρακτῆρα
1385 4196 1549 4250 πάλιν
1585 4194 1963 4268 παραπλήσιον
1987 4194 2094 4248 τῶν

523 4286 881 4361 προεστώτων
908 4287 1004 4342 τοῦ
1028 4288 1207 4357 λόγου,
1249 4285 1428 4350 facile,
1466 4285 1681 4357 opinor,
1724 4284 1830 4340 sibi
1862 4297 2092 4354 persua-

2208 462 2673 525 consequeretur,
2722 465 2782 512 ut
2835 472 3028 513 omnes
3075 456 3292 512 tandem
3344 455 3750 529 Basilium.ejus

2211 543 2356 613 quod
2395 545 2558 599 modo
2601 544 2716 600 dixi
2771 546 2963 616 scripti
3022 554 3303 601 auctorem
3355 562 3477 602 esse
3521 563 3626 602 uno
3666 565 3751 606 ore

2208 635 2623 691 conﬁterentur.
2664 635 2883 703 Pauca,
2931 638 3039 693 nisi
3073 646 3257 693 actum
3286 653 3446 709 agere
3487 639 3662 704 velim,
3692 641 3752 697 de

2207 726 2380 781 altero
2416 727 2728 783 Combelisii
2765 728 3034 799 opusculo
3086 729 3288 784 dicam.
3330 728 3464 783 Nam
3505 737 3558 786 et
3588 733 3749 801 ipsum

2207 833 2423 889 quoque
2444 819 2767 889 jamdudum
2799 821 2859 875 in
2881 820 3123 876 editione
3149 820 3450 876 Parisiensi
3483 824 3746 894 vulgatum

2204 917 2308 973 est,
2341 909 2437 965 sed
2467 912 2542 965 ita
2576 919 2786 976 tamen,
2814 918 2876 965 ut
2907 911 2982 965 ibi
3019 911 3199 978 aliter,
3236 913 3398 967 aliter
3423 914 3563 983 apud
3601 914 3751 970 Com-

2203 1000 2453 1056 belisium
2484 1002 2807 1072 inscriptum
2838 1003 2929 1058 sit.
2962 1000 3040 1056 lta
3069 1004 3216 1058 enim
3257 1004 3311 1058 in
3345 1003 3582 1060 editione
3609 1004 3752 1062 Pari-

2204 1091 2369 1147 siensi
2422 1092 2790 1148 inscribitur:
2834 1093 3048 1164 Ὀμιλία
3101 1093 3228 1148 AA’.
3284 1095 3459 1163 Λόγος
3507 1098 3630 1167 περὶ
3668 1098 3750 1152 τοῦ

2203 1182 2573 1248 αὐτεξουσίου.
2628 1183 2870 1239 Homilia
2924 1183 3139 1240 XXXI.
3192 1184 3270 1240 De
3323 1187 3489 1241 libero
3546 1188 3752 1245 arbitrio

2201 1288 2372 1327 sermo
2395 1287 2415 1325 :
2449 1274 2592 1343 apud
2623 1274 3010 1330 Combelisium
3040 1290 3172 1330 vero
3194 1274 3295 1346 (ὁ),
3315 1276 3421 1333 hoc
3449 1279 3627 1341 modo,
3655 1280 3751 1334 Τοῦ

2200 1363 2365 1419 αὐτοῦ
2401 1366 2663 1438 πρόλογος
2708 1367 3022 1439 ἀσκητικός.
3070 1368 3263 1424 Basilii
3301 1368 3484 1440 Magni
3523 1371 3750 1442 prologus

2201 1455 2478 1509 asceticus.
2510 1455 2931 1521 Combeﬁsium,
2965 1457 3059 1528 qui
3109 1467 3168 1513 ut
3193 1468 3455 1524 caeteras,
3502 1461 3574 1516 ita
3623 1464 3751 1518 hanc

2200 1544 2376 1615 ipsam
2404 1545 2686 1602 homiliam
2718 1547 3053 1604 tricesimam
3085 1550 3316 1620 primam
3355 1552 3411 1605 in
3437 1566 3537 1607 suo
3568 1552 3753 1610 Basilio

2204 1634 2478 1689 recensito
2504 1635 2783 1706 aliquibus
2814 1636 2953 1692 locis
2985 1637 3399 1701 emendaverat,
3436 1638 3621 1696 fallere
3664 1656 3751 1711 po-

2205 1727 2310 1783 tuit
2354 1728 2734 1798 inscriptionis
2761 1730 3000 1785 varietas
3032 1748 3048 1785 :
3082 1739 3143 1786 ut
3179 1740 3242 1786 ut
3277 1732 3393 1788 haec
3442 1740 3590 1799 sunt,
3629 1732 3751 1788 nihil

2200 1817 2294 1873 hic
2319 1818 2611 1873 dicendum
2649 1819 2719 1876 de
2749 1819 2855 1875 hoc
2881 1821 3156 1891 opusculo
3186 1820 3585 1878 Combelisiano
3620 1822 3754 1877 arbi-

2201 1918 2432 1977 tramur,
2466 1925 2592 1965 cum
2618 1911 2753 1967 illud
2797 1911 2912 1983 jam
2956 1912 3016 1967 in
3049 1920 3421 1979 antecessum,
3470 1913 3558 1968 ubi
3607 1913 3753 1969 nobis

2200 2002 2268 2057 de
2298 2002 2488 2059 eadem
2511 2003 2603 2058 illa
2634 2004 2887 2059 oratione
2904 2005 3189 2061 tricesima
3208 2005 3383 2075 prima
3412 2020 3594 2061 sermo
3621 2013 3748 2069 erat,

2198 2094 2256 2150 in
2296 2095 2708 2166 spuriis,atque
2761 2097 3089 2153 adulterinis
3137 2083 3488 2167 posuerimus
3531 2095 3623 2167 (c).
3662 2095 3754 2149 Hic

2199 2187 2415 2242 tandem
2450 2187 2921 2258 disputationibus
2952 2188 3210 2245 asceticis
3253 2188 3555 2244 clausulam
3594 2189 3753 2259 impo-

2197 2293 2347 2341 nam,
2375 2279 2423 2334 si
2446 2280 2598 2350 prius
2627 2280 2732 2336 hoc
2760 2296 2930 2335 unum
2953 2279 3237 2345 addidero,
3252 2281 3491 2351 primum
3528 2280 3752 2336 libellum

2197 2383 2229 2422 a
2280 2367 2604 2427 Combeﬁsio
2648 2386 2680 2426 e
2734 2370 2950 2428 duobus
2996 2370 3153 2427 libris
3205 2371 3485 2427 veteribus
3537 2370 3746 2443 Regiis,

2198 2459 2432 2515 alterum
2458 2476 2526 2517 ex
2547 2476 2659 2517 uno
2692 2461 2881 2518 itidem
2907 2462 3076 2533 Regio
3103 2462 3311 2518 editum
3342 2461 3514 2518 fuisse
3538 2462 3631 2535 (ά).

2230 2569 2261 2641 §
2296 2568 2411 2625 Xll.
2452 2570 2721 2627 Basilione
2746 2572 3008 2646 tribuendi
3038 2575 3144 2628 sint
3185 2574 3290 2628 duo
3335 2572 3412 2629 De
3454 2573 3717 2646 baptismo

2789 2643 2949 2708 libri,
2983 2660 3162 2698 necne.

2265 2730 2353 2786 54.
2388 2731 2542 2798 Quod
2583 2733 2663 2787 ait
2722 2733 3078 2791 doctissimus
3108 2734 3192 2788 vir
3233 2733 3547 2789 Ludovicus
3593 2732 3749 2803 Dupi-

2199 2835 2305 2877 nus
2326 2821 2417 2893 (ε),
2444 2822 2584 2878 duos
2605 2825 2707 2880 hos
2736 2824 2813 2879 De
2832 2824 3093 2894 baptismo
3117 2825 3287 2882 libros
3315 2840 3588 2895 nusquam
3617 2824 3750 2896 apud

2197 2915 2453 2984 antiquos
2481 2915 2713 2981 laudari,
2745 2931 2811 2973 eo
2842 2917 2980 2971 nihil
3031 2918 3217 2974 verius
3263 2917 3374 2973 dici
3408 2919 3610 2988 potuit;
3663 2917 3754 2973 sed

2200 3008 2347 3077 quod
2383 3006 2615 3073 addidit,
2655 3008 2877 3064 eosdem
2909 3024 2941 3063 a
2972 3010 3190 3065 nemine
3234 3009 3291 3064 in
3342 3009 3573 3066 dubium
3608 3024 3752 3065 revo-

2197 3100 2334 3168 cari,
2370 3099 2425 3155 id
2474 3116 2585 3156 non
2623 3116 2752 3157 vere
2800 3100 3007 3156 dictum
3038 3101 3210 3157 fuisse
3249 3110 3489 3159 constat.
3535 3102 3753 3159 Combe-

2196 3190 2349 3247 ﬁsius
2376 3192 2523 3248 enim
2571 3203 2859 3264 suspectos
2916 3195 3067 3265 ipsos
3103 3195 3338 3250 habuit:
3386 3196 3552 3264 cuius
3599 3195 3752 3250 verba

2195 3280 2555 3350 referre‘non
2602 3282 2811 3353 pigebit
2854 3284 2944 3355 (Γ).
2998 3283 3095 3339 Vir
3146 3285 3314 3357 igitur
3350 3287 3752 3343 eruditissimus

2195 3384 2322 3425 eum
2381 3371 2437 3425 in
2475 3371 2562 3427 his
2607 3373 2762 3429 libris
2810 3368 3068 3430 adverbia
3117 3374 3366 3444 quaedam
3417 3375 3752 3430 animadver-

2195 3461 2373 3527 tisset,
2404 3462 2588 3533 qualia
2632 3471 2782 3529 sunt,
2814 3463 3124 3535 ὀριστικῶς,
3158 3466 3539 3539 πολυτρόπως,
3574 3469 3753 3536 ὲντρε⁴

2195 3552 2570 3626 πτικώτερον,
2625 3554 2903 3626 φανερῶς,
2953 3563 3006 3610 ει
3064 3557 3168 3610 alia
3233 3558 3481 3627 ejusdem
3548 3557 3753 3629 generis

2195 3646 2387 3707 multa,
2411 3646 2485 3700 ita
2514 3647 2731 3703 locutus
2756 3654 2841 3702 est
2868 3665 2882 3701 :
2914 3648 3224 3717 Aﬁ‘ectatior
3247 3665 3405 3719 quam
3434 3649 3603 3704 soleat
3625 3650 3756 3704 hisee

2196 3736 2455 3791 adverbiis
2484 3737 2722 3793 Basilius
2752 3748 2860 3794 toto
2876 3738 2972 3795 hoc
2992 3755 3163 3809 opere,
3195 3757 3285 3796 nec
3312 3743 3396 3796 sui
3434 3743 3752 3805 simillimus,

2194 3828 2472 3898 nativaque
2508 3830 2738 3898 puritate
2756 3838 2976 3901 gratus;
3004 3847 3088 3895 ac,
3117 3847 3241 3884 num
3264 3847 3380 3903 qua:
3410 3832 3533 3887 inde
3570 3833 3755 3901 Ἀσκη·

2194 3916 2341 3969 τικόν
2366 3917 2595 3986 suspicio
2622 3918 2837 3987 pulsare
2865 3920 3099 3973 animum
3121 3922 3325 3989 possit?
3349 3920 3538 3975 Lector
3568 3922 3751 3983 videat,

2194 4005 2355 4076 deque
2382 4013 2488 4060 toto
2527 4007 2736 4061 dicendi
2770 4008 3071 4065 charactere
3104 4012 3485 4082 austeriorique
3517 4011 3752 4065 doctrina

2195 4096 2550 4161 coniecturam
2595 4097 2777 4152 ducat.
2811 4098 3228 4166 Tillemontius,
3264 4102 3347 4156 vir
3389 4101 3750 4171 peritissimus

2195 4186 2448 4258 idemque
2470 4187 2944 4260 diligentissimus,
2963 4191 3177 4248 viderat
3200 4193 3416 4263 quidem
3442 4194 3752 4249 huncCom-

2195 4278 2372 4334 betisii
2404 4279 2620 4336 locum:
2650 4282 2744 4337 sed
2774 4297 2885 4337 non
2917 4293 3205 4354 propterea
3237 4285 3512 4355 vulgatam
3545 4284 3753 4356 Opinio-

523 4379 695 4443 debit,
723 4379 955 4434 alterum
986 4379 1054 4434 ab
1074 4379 1246 4433 altero
1267 4377 1530 4433 nonnulla
1559 4384 1745 4446 aperte
1766 4375 1835 4431 ad
1862 4375 2085 4431 verbum
2120 4389 2167 4449 ι)
2194 4383 2319 4423 nem
2351 4370 2683 4441 repudiavit.
2710 4372 2824 4428 lmo
2850 4373 3019 4428 etiam
3045 4375 3120 4428 ait
3146 4390 3204 4431 se
3223 4376 3432 4431 criticis
3467 4377 3577 4433 illis
3601 4376 3756 4431 Com-

524 4469 851 4540 sumpsisse.
888 4468 988 4524 Cui
1020 4476 1200 4524 autem
1225 4467 1523 4525 verisimile
1556 4465 1668 4531 fiet,
1709 4464 2090 4522 doctissimum

520 4561 703 4617 virum
743 4557 1033 4626 Photium,
1066 4557 1431 4629 eumdemque
1480 4546 1757 4614 scribendi
1814 4554 2089 4627 peritissi-

520 4668 693 4717 mum,
728 4667 759 4706 a
788 4652 978 4707 nescio
1009 4665 1120 4721 quo
1148 4665 1259 4705 non
1287 4664 1460 4721 pauca
1491 4648 1561 4704 ad
1594 4648 1824 4704 verbum
1865 4655 2088 4703 mutua-

519 4756 638 4799 tum
670 4740 886 4799 fuissc?
928 4741 1075 4812 quod
1116 4756 1183 4795 eo
1233 4740 1415 4796 minus
1463 4739 1746 4810 probabile
1790 4739 2085 4803 videbitur,

520 4835 650 4905 quia
686 4834 792 4890 hoc
817 4832 1127 4905 epistolium
1157 4833 1393 4902 pessime
1427 4833 1801 4901 conscriptum
1842 4841 1947 4886 est.
1980 4829 2087 4886 Re-

518 4927 730 4997 liquum
766 4933 851 4980 est
896 4924 1096 4994 igitur,
1136 4930 1198 4978 ut
1228 4922 1467 4993 epistolii
1509 4922 1746 4992 scriptor
1786 4921 2085 4993 plagiarius

520 5017 693 5074 fuisse
723 5017 960 5072 dicatur.
1014 5014 1124 5071 Sed
1183 5013 1418 5069 fortasse
1465 5021 1675 5084 quaeret
1722 5014 1944 5084 aliquis,
1975 5028 2087 5084 quo

519 5108 753 5163 consilio
804 5107 1072 5178 scriptum
1102 5105 1268 5161 fuerit
1301 5105 1405 5161 hoc
1436 5106 1772 5177 epistolium.
1810 5106 1952 5162 Puto
1987 5106 2090 5163 lio-

488 5199 725 5271 ,minem
763 5207 961 5255 caetera
1003 5198 1308 5271 simplicem
1346 5204 1404 5255 et
1450 5198 1658 5255 bonum
1677 5239 1693 5267 ,
1722 5197 1818 5269 qui
1866 5199 2088 5268 Ἀσκη-

486 5288 494 5301 ’
524 5292 698 5347 uxor
728 5304 760 5345 a
793 5285 1071 5347 nonnullis
1103 5291 1176 5347 ob
1220 5289 1510 5346 Sozomeni
1556 5290 1741 5345 locum
1796 5288 2086 5347 Eustathio

519 5384 685 5442 tribui
716 5382 949 5450 videret,
976 5389 1193 5440 tentare
1219 5383 1481 5450 voluisse,
1512 5382 1561 5438 si
1589 5382 1823 5454 epistola
1859 5397 1957 5439 sua
1982 5398 2083 5455 pro

589 5538 662 5679 fa)
700 5536 777 5591 Ita
810 5537 865 5591 in
894 5536 1024 5592 edit.
1059 5536 1197 5593 Ven.

612 5610 662 5676 b)
702 5608 1126 5679 Basil._recens_.,
1157 5618 1197 5664 tt

612 5610 662 5676 b)
699 5608 1131 5682 Basil._rece_ns.,
1157 5618 1289 5665 tom.
1324 5606 1390 5678 11,
1421 5624 1543 5682 pag.
1571 5606 1696 5663 107.

587 5676 659 5750 (ε)
696 5678 835 5751 Lege
871 5677 1032 5734 Prmt‘.
1061 5676 1161 5749 §8.

2194 4459 2372 4516 bcﬁsii
2406 4462 2551 4518 notis
2591 4463 2647 4517 in
2679 4478 2778 4519 sua
2813 4466 3086 4520 sententia
3124 4466 3298 4536 magis
3330 4481 3395 4521 ac
3426 4467 3601 4537 magis
3629 4481 3757 4521 con-

2193 4552 2421 4608 ﬁrmari.
2479 4553 2585 4609 Sed
2640 4564 2701 4610 ut
2757 4556 2874 4613 haec
2926 4558 3126 4613 melius
3189 4558 3596 4629 intelligantur,
3644 4572 3754 4611 rem

2192 4643 2356 4699 altius
2380 4652 2580 4714 petam.
2628 4645 2941 4705 Meminisse
2983 4664 3115 4721 ergo
3145 4649 3335 4719 juvat,
3371 4650 3755 4707 Combetisium

2205 4735 2551 4805 Ἀσκητικόν,
2586 4737 2733 4806 quod
2776 4748 3010 4807 vocant,
3061 4756 3171 4795 non
3213 4741 3451 4805 Basilio,
3502 4743 3598 4797 sed
3653 4741 3756 4794 Eu-

2191 4826 2391 4881 stathio
2422 4828 2722 4884 Sebasteno
2754 4831 3016 4896 tribuere,
3049 4840 3211 4902 atque
3255 4833 3396 4887 inter
3428 4840 3621 4889 caetera
3659 4848 3760 4885 ar-

2190 4928 2465 4991 gumenta,
2513 4924 2713 4992 quibus
2741 4925 2827 4977 vir
2862 4923 3058 4979 doctus
3086 4924 3153 4979 ad
3182 4924 3576 4979 defendendam
3604 4938 3757 4979 suam

2192 5013 2503 5083 opinionem
2532 5016 2724 5081 utitur,
2751 5017 2857 5070 hoc
2892 5031 3111 5087 quoque
3140 5018 3390 5086 reperiri,
3423 5017 3566 5087 quod
3595 5018 3759 5070 Asce—

2191 5104 2287 5158 tici
2316 5106 2553 5176 scriptor
2581 5108 2658 5161 ita
2698 5105 3036 5178 Scripturam
3066 5108 3199 5162 citat
3235 5116 3295 5161 ut
3333 5108 3584 5164 adverbia
3613 5120 3761 5175 qua!-

2194 5194 2320 5250 dam
2369 5207 2686 5267 praponat,
2743 5199 2925 5268 qualia
2985 5208 3144 5265 sunt,
3181 5197 3489 5270 ὁριστικῶς,
3538 5195 3757 5265 σαφῶς,

2192 5289 2595 5358 ἀπῳαντικῶς,
2627 5298 2683 5346 ει
2720 5290 2910 5346 eodem
2937 5290 3003 5346 de
3028 5305 3224 5361 genere
3257 5290 3361 5344 alia
3398 5309 3411 5343 :
3442 5288 3535 5357 qui
3571 5287 3760 5341 adver-

2189 5380 2403 5440 biorum
2424 5397 2557 5437 usus
2588 5383 2642 5437 in
2673 5383 2794 5438 aliis
2821 5381 3008 5439 Basilii
3035 5382 3255 5452 scriptis
3287 5381 3472 5437 nullus
3496 5387 3600 5435 est.
3625 5377 3758 5437 Cum

2256 5537 2334 5607 (τι)
2376 5537 2544 5593 Basil.
2579 5554 2801 5601 recens.,
2832 5545 2963 5591 tom.
2995 5535 3059 5601 ll,
3092 5550 3217 5606 pag.
3252 5535 3321 5590 97
3342 5542 3397 5589 et
3428 5532 3551 5591 l07.

2259 5609 2332 5675 (e)
2373 5607 2530 5677 Tom.
2557 5608 2625 5668 ll,
2653 5623 2778 5677 pag.
2801 5606 2929 5661 540.

2258 5673 2326 5749 (f)
2363 5676 2539 5736 Basil.
2561 5673 2785 5746 recensi,
2818 5686 2954 5733 tom.
2982 5675 3024 5744 Ι,
3048 5689 3172 5746 pag.
3202 5673 3331 5729 ΞΗ.
