3972 6202
252 287 278 339 1
290 285 359 339 ιι
1640 276 2027 337 ΡΒᾸΕῈΑΤΙΟ.
3394 275 3419 326 l
3428 274 3502 333 42

252 395 414 463 igitur
431 388 800 449 Combeﬁsius
832 394 911 465 (α)
934 394 1135 449 similia
1168 393 1423 449 adverbia
1444 399 1555 447 tam
1579 392 1635 448 in
1666 394 1831 450 Asce-
1857 399 1907 457 Α
1930 405 2143 458 eorum,
2180 389 2275 462 qui
2319 389 2631 447 Asceticum
2670 395 2724 445 et
2770 387 2910 445 duos
2960 386 3059 443 hos
3105 385 3183 443 De
3240 385 3500 456 baptismo

253 484 357 538 tico
384 496 543 552 quam
580 482 637 536 in
681 483 772 539 his
805 484 889 539 De
934 485 1191 554 baptismo
1223 484 1377 539 libris
1410 484 1650 555 inspergi
1680 484 1831 540 vide-
1930 483 2101 541 libros
2141 483 2319 539 eidem
2366 484 2623 553 scriptori
2665 482 2936 547 tribuunt,
2972 480 3128 552 sequi
3164 480 3373 536 vellem.
3422 480 3503 538 Ita

255 582 355 638 ret,
408 572 723 643 suspicatus
778 583 867 630 est
922 584 1216 647 utrumque
1274 590 1412 646 opus
1468 575 1537 630 ad
1578 575 1830 631 eumdem
1931 572 2099 644 igitur
2118 572 2175 628 in
2195 570 2421 644 Regulis
2444 570 2787 627 brevioribus
2804 569 3064 638 scriptum
3086 574 3169 624 est
3192 566 3498 638 (reg.l75):

255 666 523 711 auctorem
556 659 843 727 pertinere
873 700 889 726 ,
943 659 1050 713 hoc
1099 667 1184 715 est
1240 659 1307 714 ad
1351 657 1697 715 Eustathium
1728 656 1828 713 Se-

252 746 553 812 bastenum,
583 763 778 818 quem,
806 756 867 803 ut
914 750 1078 806 modo
1118 749 1253 816 dixi,
1283 749 1521 805 Ascetici
1546 756 1830 805 auctorem

254 837 402 892 facit.
427 837 821 895 Tillemontius
851 849 1057 908 autem,
1085 844 1179 913 qui
1207 850 1261 898 et
1293 843 1409 912 ipse
1437 857 1655 914 quoque
1678 856 1742 897 ea
1762 842 1831 897 de

249 931 440 1000 quibus
477 933 667 1001 agitur
699 933 959 989 adverbia
980 942 1034 991 et
1066 934 1122 989 in
1158 936 1410 993 Ascetico
1448 944 1504 991 et
1533 937 1590 991 in
1615 935 1829 991 duobus

246 1024 350 1079 illis
378 1023 458 1079 De
501 1024 781 1094 baptismo
822 1026 976 1081 libris
1020 1027 1420 1093 animadvertit,
1455 1027 1583 1083 inde
1611 1026 1827 1099 quidem

244 1116 444 1185 pariter
494 1116 739 1188 collegit,
789 1117 1073 1187 utriusque
1119 1119 1300 1189 operis
1343 1119 1593 1175 eumdem
1640 1126 1831 1174 aucto-

245 1221 354 1261 rem
381 1221 504 1263 esse
541 1225 556 1261 :
602 1207 703 1264 sed
749 1208 1011 1278 quoniam
1054 1211 1221 1266 semel
1266 1211 1574 1266 Asceticum
1625 1209 1828 1266 Basilio

247 1299 648 1365 adscripserat,
698 1300 875 1355 eidem
943 1300 1107 1355 etiam
1164 1310 1218 1357 et
1263 1302 1363 1359 hos
1423 1298 1503 1357 De
1569 1303 1828 1371 baptismo

246 1389 410 1443 libros
459 1389 794 1459 adjudicare
824 1405 1051 1446 necesse
1083 1391 1290 1447 habuit.
1338 1390 1449 1449 Nec
1481 1407 1582 1463 ego
1618 1393 1829 1463 negabo

248 1482 594 1537 doctissimos
640 1482 795 1537 viros
857 1483 1247 1540 Combeiisium
1306 1492 1363 1541 et
1421 1485 1829 1541 Tillemontium

252 1579 621 1642 congruenter
671 1573 789 1627 suis
834 1574 1120 1644 principiis
1153 1574 1648 1645 convenienterque
1675 1574 1827 1646 judi-

251 1672 430 1725 casse,
476 1659 771 1731 viderique
816 1661 996 1731 primo
1041 1670 1265 1732 aspectu
1323 1676 1644 1735 argumento
1691 1665 1829 1721 satis

250 1749 513 1818 probabili
562 1750 633 1805 ad
684 1750 942 1807 tuendam
988 1766 1143 1807 suam
1187 1753 1496 1823 opinionem
1537 1755 1659 1809 niti.
1691 1754 1828 1810 Cum

168 1878 201 1921 ρὰ
248 1841 386 1895 enim
417 1840 672 1909 ejusdem
707 1845 925 1913 generis
982 1844 1238 1901 adverbia
1282 1860 1395 1901 non
1432 1861 1605 1917 pauca
1635 1855 1746 1901 tam
1770 1847 1829 1902 in

154 1932 207 1966 θ’
248 1932 494 1987 Ascetico
531 1948 705 2003 quam
771 1935 830 1991 in
882 1937 1251 1993 controversis
1292 1937 1415 1993 istis
1457 1937 1532 1993 De
1568 1938 1828 2008 baptismo

248 2018 395 2079 libris
437 2022 681 2079 inveniri
724 2034 974 2095 constet;
1025 2034 1193 2094 certe,
1238 2028 1347 2085 nisi
1393 2031 1714 2087 attentiores
1747 2026 1827 2087 si-

247 2129 381 2179 mus,
422 2130 493 2170 eo
539 2116 761 2173 animus
806 2120 1129 2187 inclinabit,
1156 2129 1214 2175 ut
1235 2128 1529 2192 utrumque
1559 2137 1698 2191 opus
1732 2124 1827 2178 uni

244 2212 296 2258 et
318 2205 497 2261 eidem
526 2208 791 2278 scriptori
822 2210 1149 2267 tribuamus.
1176 2210 1283 2268 Sed
1317 2221 1499 2269 tamen
1527 2214 1574 2269 si
1603 2215 1728 2284 quis
1761 2230 1824 2270 ea

245 2291 307 2351 de
342 2298 549 2367 quibus
594 2299 911 2371 disputatur
941 2303 1146 2374 scripta
1185 2305 1347 2375 paulo
1381 2305 1642 2361 attentius
1677 2307 1825 2377 lege-

246 2391 331 2455 rit,
367 2391 422 2445 id
469 2393 622 2463 quod
665 2394 776 2449 dixi
805 2405 1182 2466 argumentum
1213 2399 1416 2454 nullius
1443 2399 1703 2454 momenti
1732 2405 1826 2452 aut

1928 662 2042 719 Kal
2064 662 2181 718 ’ἐὰν
2209 663 2520 732 δοξάζηται
2562 662 2632 716 ἓν
2647 662 2853 732 μέλος.
2894 659 3036 714 κατὰ
3070 655 3290 725 σκοπὸν,
3314 655 3504 725 δηλον-

1929 755 2010 809 ὁτι
2053 758 2153 823 τῆς
2200 754 2337 827 πρὸς
2365 754 2498 809 Θεὸν
2546 754 2973 825 εὐαρεστήσεως,
3025 748 3337 820 συγχαίρει
3362 743 3505 803 πάν-

1928 860 2003 897 τα
2053 845 2126 900 τὰ
2171 844 2355 914 μέλη,
2391 864 2410 896 ε
2446 842 2517 898 Et
2558 847 2609 898 si
2656 843 2829 913 gloria
2870 841 3094 910 afﬁcitur
3125 855 3290 893 unum
3338 854 3505 893 mem-

1931 936 2105 1002 brum,
2146 955 2166 989 ι
2213 952 2280 991 ea:
2319 936 2544 991 consilio
2596 934 2831 990 videlicet
2870 931 3109 1001 placendi
3138 931 3279 999 Deo,
3326 948 3346 982 ι
3384 947 3504 985 con-

1928 1027 2159 1096 gaudent
2187 1028 2367 1082 omnia
2396 1026 2632 1081 membra
2654 1026 2721 1077 ‘°.
2753 1043 2773 1078 ›
2821 1023 2888 1078 Et
2915 1022 3076 1093 paulo
3104 1025 3229 1093 pos‘t
3265 1022 3505 1089 scriptor

1930 1120 2006 1174 ita
2035 1119 2251 1176 locutus
2281 1127 2367 1176 est
2395 1122 2531 1189 (reg.
2566 1117 2689 1188 179)
2718 1135 2732 1171 :
2768 1116 2893 1171 Ἐὰν
2920 1115 3026 1186 ἄρα
3045 1114 3381 1187 δυσωπηθεὶς
3402 1115 3503 1187 τὴν

1926 1209 2021 1263 τοῦ
2049 1210 2185 1264 Θεοῦ
2212 1211 2576 1284 χρηστότητα,
2610 1195 2900 1282 προτραπῇ
2936 1212 3015 1273 εἰς
3056 1203 3370 1278 ἐπιμέλειαν
3402 1208 3504 1278 τῆς

1928 1300 2066 1372 πρὸς
2096 1300 2257 1353 αὐτὸν
2308 1301 2739 1372 εὐαρεστήσεως,
2780 1307 2888 1355 etc.
2936 1298 2998 1354 Si
3042 1298 3178 1366 forte
3218 1297 3527 1351 bonitatem'

1926 1391 2029 1447 Dei
2054 1394 2328 1459 reveritus,
2353 1394 2577 1462 hincque
2605 1394 3001 1458 exstimulatus,
3025 1394 3235 1447 studeat
3274 1393 3322 1447 ei
3359 1408 3504 1445 como

1926 1483 2152 1552 placere,
2199 1491 2307 1539 etc.
2347 1482 2458 1538 Nec
2502 1484 2576 1538 ita
2619 1484 2789 1538 multo
2824 1482 2965 1537 infra
3018 1484 3098 1538 sic
3132 1482 3329 1553 legitur
3363 1485 3498 1552 (reg.

1928 1574 2055 1645 187)
2087 1594 2101 1630 :
2137 1575 2303 1629 ’Όταν
2342 1574 2735 1646 ἀμετεωρίστῳ
2780 1575 2875 1627 καὶ
2924 1573 3193 1644 τεταμένη
3242 1572 3504 1642 ἐπιθυμίᾳ

1925 1670 2026 1740 τῆς
2058 1668 2195 1741 πρὸς
2221 1668 2354 1723 Θεὸν
2387 1667 2816 1739 εὐαρεστήσεως,
2846 1672 2949 1720 etc.
2979 1665 3111 1719 Tum
3140 1680 3257 1718 cum
3282 1663 3501 1718 assiduo

1857 1738 1903 1793 Β
1930 1738 1993 1815 ac
2028 1738 2311 1830 veliementi
2345 1738 2603 1815 desiderio
2628 1758 2869 1828 placendi
2887 1756 3014 1821 Deo,
3045 1763 3150 1811 etc.
3178 1755 3335 1811 Nunc
3370 1754 3502 1809 toti-

1926 1852 2051 1908 dem
2079 1852 2329 1922 exempla
2374 1866 2404 1907 e
2452 1850 2669 1906 duobus
2715 1849 2793 1904 De
2854 1848 3111 1916 baptismo
3141 1847 3297 1902 libris
3328 1844 3502 1915 subji-

1926 1944 2090 1998 ciam.
2128 1942 2255 1998 llzec
2299 1954 2430 1998 sunt
2477 1942 2643 2013 igitur
2688 1941 2971 2011 scriptoris
3010 1940 3176 1996 verba
3220 1938 3335 2007 (lib.
3373 1950 3498 2000 1,c.

1928 2034 1980 2098 1,
2011 2051 2069 2089 n.
2103 2035 2169 2105 1)
2221 2054 2235 2089 :
2286 2034 2445 2088 Κατὰ
2492 2033 2691 2086 σκοπὸν
2719 2034 2817 2104 τῆς
2860 2033 2996 2104 πρὸς
3032 2032 3163 2085 Θεὸν
3206 2030 3502 2101 εὐαρεστή-

1927 2144 2098 2191 σεως,
2140 2128 2300 2196 juxta
2346 2128 2673 2196 propositum
2709 2127 2953 2195 placendi
2989 2125 3117 2180 Deo.
3167 2124 3379 2179 Rursus
3422 2124 3500 2177 ita

1923 2216 2167 2286 loquitur
2196 2217 2313 2287 (lib.
2343 2233 2381 2283 ι,
2410 2232 2461 2271 c.
2495 2216 2549 2281 2,
2588 2233 2642 2270 n.
2677 2216 2762 2287 17)
2795 2235 2809 2271 :
2834 2216 3071 2285 Δύναμις
3093 2217 3193 2285 τῆς
3214 2216 3349 2285 πρὸς
3368 2215 3500 2267 Θεὸν

1923 2307 2353 2376 εὐαρεστήσεως,
2396 2306 2742 2375 δικαιοσύνης
2791 2305 2988 2375 δωρεά,
3028 2311 3134 2357 etc.
3177 2303 3353 2355 Virtus
3396 2318 3501 2370 qua

1922 2396 2063 2464 grati
2082 2396 2330 2463 eﬂicimur
2348 2394 2455 2448 Deo
2484 2406 2533 2448 et
2564 2394 2786 2463 accepti,
2808 2393 3037 2461 justitia:
3062 2392 3278 2454 donum,
3303 2398 3409 2446 etc.
3432 2390 3499 2444 Ει

243 2479 497 2548 ponderis
526 2498 653 2538 esse
687 2482 866 2550 facile,
919 2485 1135 2556 opinor,
1183 2484 1461 2543 fatebitur.
1513 2486 1633 2542 Non
1675 2489 1823 2543 enim
1924 2486 2033 2539 alio
2072 2486 2193 2540 loco
2252 2485 2335 2541 sic
2383 2485 2651 2556 scriptum
2695 2485 2969 2539 invenitur
3012 2499 3025 2534 :
3072 2483 3155 2536 Τὰ
3204 2483 3301 2553 μὲν
3345 2482 3502 2536 νόσον

243 2573 418 2625 omnia
448 2573 720 2629 adverbia
749 2575 843 2630 illa
869 2591 1085 2648 semper
1114 2578 1302 2634 eodem
1341 2594 1507 2635 sensu
1540 2580 1821 2650 accipiun-

1923 2574 2313 2648 θεραπεύοντα,
2361 2578 2428 2632 τὰ
2468 2579 2523 2631 δὲ
2552 2576 2836 2649 προκοπὴν
2869 2574 3199 2647 ἐμποιοῦντα
3232 2574 3367 2644 πρὸς
3409 2590 3500 2626 τε-

244 2668 328 2715 tur
353 2663 407 2717 in
439 2672 685 2735 utroque
712 2682 897 2736 opere.
939 2666 1074 2722 Cum
1121 2669 1264 2723 enim
1311 2668 1469 2734 illud,
1512 2668 1821 2740 ὁριπικῶς,

1921 2666 2137 2721 λείωσιν
2166 2669 2405 2736 ἄγουσαν
2435 2670 2534 2739 τῆς
2583 2668 2718 2739 πρὸς
2754 2666 2886 2720 Θεὸν
2921 2666 3348 2736 εὐαρεστήσεως,
3387 2671 3497 2719 etc.

244 2767 450 2823 semper
477 2757 537 2810 in
562 2757 821 2814 Ascetico
848 2774 950 2829 pro
978 2775 1044 2815 eo
1065 2759 1209 2831 quod
1238 2768 1341 2827 est,
1362 2758 1518 2815 modo
1533 2759 1823 2815 decretorio
1921 2756 2133 2811 Partim
2181 2758 2422 2812 morbum
2473 2759 2719 2812 curantia
2738 2798 2753 2824 ,
2786 2758 2982 2827 partim
3024 2756 3299 2825 alferentia
3336 2754 3499 2808 talem

245 2843 400 2913 loqui,
431 2856 716 2912 sumatur,
753 2857 936 2905 tamen
988 2850 1043 2904 in
1090 2851 1175 2906 his
1223 2851 1301 2906 De
1358 2850 1615 2920 baptismo
1666 2852 1822 2908 libris
1919 2850 2232 2918 proﬁctum,
2260 2866 2362 2921 quo
2414 2849 2483 2904 ad
2522 2850 2745 2919 perfecte
2792 2849 2902 2903 Deo
2930 2846 3242 2917 placendum
3274 2846 3500 2899 deduca-

244 2936 535 3006 allquando
571 2947 686 2993 tam
710 2941 929 2996 diverse
954 2949 1268 3011 usurpatur.
1302 2949 1361 2996 ut
1390 2943 1509 3013 ipsa
1531 2941 1821 2997 diversitas
1922 2956 2062 3003 mur,
2094 2950 2199 2996 etc.
2235 2940 2395 2996 Certe
2432 2956 2499 2997 ex
2546 2941 2634 2997 his
2672 2948 2727 2996 et
2766 2939 3040 2997 similibus
3083 2939 3242 3002 locis,
3290 2952 3410 3007 quae
3442 2937 3497 2991 in

246 3023 517 3083 diversum
558 3038 845 3086 auctorem
881 3047 990 3086 non
1026 3026 1257 3088 obscure
1292 3033 1516 3089 indicet.
1548 3032 1816 3088 Nimirum
1846 3068 1891 3129 ε
1922 3034 2059 3104 ipsis
2089 3032 2330 3089 fontibus
2362 3028 2468 3103 legi
2517 3039 2769 3103 possunt,
2817 3032 2952 3087 satis
2987 3030 3337 3117 probabiliter
3358 3026 3497 3083 effici.

246 3117 738 3189 ibi-nonnunquam
777 3137 878 3191 pro
916 3138 980 3177 eo
1006 3123 1150 3192 quod
1188 3130 1290 3186 est,
1321 3124 1544 3178 strictim
1581 3142 1643 3178 ac
1674 3141 1817 3179 cont-

245 3212 466 3279 pressius
493 3210 701 3277 dicere,
731 3207 1019 3283 accipitur.
1043 3211 1228 3283 Neque
1250 3230 1379 3270 vero
1407 3213 1527 3284 ejus
1551 3217 1820 3285 interpre-

248 3302 462 3357 tationis
490 3312 687 3357 auctor
715 3318 817 3373 ego
845 3319 966 3359 sum
985 3342 1002 3367 ,
1043 3302 1139 3359 sed
1167 3303 1527 3360 Combelisius
1565 3306 1680 3376 ipse
1718 3307 1816 3378 (ὁ),

248 3390 333 3457 qui
380 3391 447 3446 de
492 3390 604 3446 illis
646 3392 740 3461 qui
795 3406 945 3447 nunc
985 3388 1043 3447 in
1092 3393 1516 3449 controversiam
1554 3407 1818 3450 vocantur

246 3479 413 3545 libris,
444 3486 627 3553 deque
657 3498 848 3538 eorum
882 3493 1107 3541 auctore
1138 3486 1389 3556 loquens,
1429 3487 1505 3541 ita
1535 3489 1758 3557 scripsit
1800 3505 1814 3541 :

257 3564 573 3640 Ὁριστικῶς
600 3573 804 3639 passim
828 3582 996 3637 vocat,
1015 3572 1166 3643 quasi
1194 3569 1471 3629 indicative
1496 3576 1819 3636 strictimque

237 3659 481 3729 jubendo.
537 3662 732 3732 Sicque
766 3658 903 3733 quod
943 3666 1041 3729 ait,
1086 3667 1374 3735 ὁριστικῶς
1412 3662 1506 3721 uel.
1555 3666 1817 3737 πολυτρό-

244 3769 355 3816 πως
386 3752 511 3817 erit,
545 3762 659 3806 tum
684 3753 965 3813 indicando
992 3755 1317 3825 strictimque
1339 3752 1591 3810 tradendo
1622 3758 1818 3811 doctri-

244 3856 382 3907 nam,
405 3855 521 3897 tum
543 3846 689 3899 varie
713 3843 1045 3907 explicando.
1078 3847 1346 3904 Prmterea
1376 3850 1576 3905 alicubi
1610 3851 1815 3917 monui,

245 3933 510 4002 ejusmodi
544 3935 825 4000 adverbia,
855 3952 975 4006 quae
1019 3939 1074 3993 in
1121 3939 1371 3995 Ascetico
1405 3941 1679 4010 leguntur,
1708 3957 1817 3996 non

246 4021 314 4079 ita
342 4028 576 4080 multum
599 4067 615 4091 ,
647 4028 695 4083 si
735 4030 916 4096 operis
956 4030 1238 4110 prolixitas
1275 4031 1673 4094 consideretur,
1710 4031 1819 4086 fre-

246 4116 467 4185 quentia
494 4130 639 4178 esse,
677 4131 801 4170 cum
831 4126 1011 4173 tamen
1044 4118 1098 4172 in
1137 4120 1223 4174 bis
1261 4112 1340 4173 De
1375 4119 1631 4187 baptismo
1664 4118 1817 4175 libris

242 4213 350 4261 tam
386 4207 710 4277 frequenter
742 4219 1076 4279 usurpentur
1104 4210 1199 4280 (c),
1234 4219 1294 4264 ut
1323 4225 1465 4279 saepe
1491 4226 1601 4266 non
1633 4212 1817 4267 minus

243 4315 430 4356 eorum
465 4302 628 4371 copia
659 4315 822 4371 quam
851 4314 1047 4356 vocum
1073 4303 1314 4357 novitate
1336 4309 1498 4372 atque
1529 4297 1817 4358 insolentia

1920 3127 2155 3193 videtur,
2174 3126 2481 3182 Asceticum
2507 3134 2563 3179 et
2590 3135 2970 3179 controversos
2999 3122 3097 3176 hos
3122 3114 3198 3174 De
3235 3120 3495 3189 baptismo

1919 3218 2088 3273 libros
2138 3217 2207 3271 ad
2253 3218 2503 3271 eumdem
2560 3225 2837 3270 auctorem
2893 3213 3181 3282 pertinere.
3225 3210 3495 3277 Quoniam

1921 3314 2099 3362 tamen
2135 3307 2239 3361 hoc
2285 3306 2517 3363 fortasse
2561 3305 2833 3375 aliquibus
2874 3304 2991 3358 leve
3020 3302 3309 3364 videbitur,
3344 3299 3495 3355 aliud

1918 3400 2223 3470 exemplum
2257 3399 2551 3469 proferam,
2596 3398 2740 3468 quod
2785 3398 2854 3452 ab
2893 3397 3221 3460 hominibus,
3265 3395 3359 3464 qui
3386 3408 3493 3449 cae-

1920 3491 2169 3559 teroquin
2206 3506 2316 3544 non
2355 3490 2429 3543 ita
2457 3490 2687 3543 multum
2710 3487 2918 3543 creduli
2968 3486 3111 3548 sint,
3150 3500 3248 3554 pro
3274 3484 3495 3538 demon-

1918 3583 2148 3637 strativo
2196 3581 2385 3637 haberi
2441 3588 2622 3651 queat.
2683 3580 2837 3635 Patet
2898 3595 2963 3632 ex
3014 3577 3205 3640 dictis,
3256 3576 3496 3633 Ascetici

1918 3680 2195 3725 auctorem
2220 3670 2322 3724 hac
2354 3666 2571 3724 dicendi
2602 3670 2853 3733 formula,
2888 3682 2993 3737 qua
3025 3681 3184 3721 voces
3231 3673 3324 3719 aut
3352 3666 3492 3735 πλη-

1920 3753 2147 3831 ροφορία
2210 3769 2304 3813 aut
2355 3759 2716 3828 πληροφορεῖν
2765 3756 2831 3811 ad
2881 3757 3143 3825 integram
3200 3754 3492 3823 quamdam

1920 3848 2328 3918 persuasionem
2372 3840 2783 3917 significandam
2830 3838 3177 3907 adhibentur,
3232 3844 3303 3897 ita
3345 3843 3494 3897 dele-

1920 3941 2081 4003 ctari,
2107 3949 2167 3994 ut
2198 3940 2349 3993 nullo
2373 3939 2479 3992 alio
2498 3938 2668 4008 magis
2698 3935 3023 3998 delectetur;
3055 3949 3231 4003 neque
3253 3934 3339 3989 hic
3370 3934 3492 4001 ejus

1919 4033 1997 4086 rei
2025 4031 2332 4100 exemplum
2370 4030 2563 4093 ullum,
2590 4042 2714 4081 cum
2754 4025 2924 4079 multa
2958 4025 3211 4094 superius
3237 4024 3489 4077 retuleri-

1919 4138 2042 4177 mus
2078 4121 2181 4192 (εἰ),
2226 4136 2429 4191 ponere
2459 4133 2683 4174 necesse
2720 4124 2826 4173 est.
2858 4116 3083 4171 Constat
3114 4124 3292 4169 autem
3345 4114 3489 4168 idem

1918 4212 2176 4284 loquendi
2215 4228 2386 4282 genus
2450 4211 2505 4265 in
2563 4210 2776 4265 duobus
2844 4221 3058 4277 quoque
3109 4205 3184 4259 De
3234 4204 3489 4273 baptismo

1918 4305 2074 4360 libris
2143 4312 2250 4358 tam
2304 4302 2619 4373 frequenter
2663 4306 2982 4369 usurpatum
3016 4297 3278 4362 inveniri,
3326 4304 3385 4350 ut
3432 4296 3491 4350 in

243 4391 448 4446 moveri
476 4406 685 4445 nausea
716 4392 906 4461 possit.
942 4390 1097 4457 Quod
1137 4392 1301 4461 igitur
1330 4406 1427 4461 pro
1471 4393 1626 4448 firmo
1654 4409 1813 4460 argu-
1845 4402 1889 4457 ι)
1918 4396 2054 4467 ipsis
2079 4395 2241 4450 etiam
2272 4394 2476 4464 passim
2508 4398 2781 4447 occurrat.
2828 4387 2935 4445 Sed
2989 4403 3058 4444 ne
3104 4387 3240 4443 falso
3278 4387 3488 4442 dictum

243 4488 428 4535 mento
454 4480 755 4536 attulerunt
786 4484 821 4537 ii
857 4498 993 4552 quos
1016 4482 1128 4538 dixi
1163 4483 1265 4537 viri
1303 4479 1684 4550 eruditissimi,
1722 4492 1816 4539 aut

244 4571 397 4637 nihil,
422 4580 521 4627 aut
544 4588 738 4643 parum
769 4574 837 4627 ad
856 4588 1011 4629 suam
1036 4574 1296 4631 tuendam
1313 4576 1624 4646 opinionem
1648 4577 1810 4632 valet.

246 4659 349 4717 Sed
391 4680 465 4718 ne
502 4662 635 4735 quid
684 4664 1034 4721 dissimulare
1080 4665 1289 4735 videar,
1328 4667 1562 4738 ingenue
1607 4664 1817 4723 fatebor

248 4752 386 4807 aliud
428 4761 814 4825 argumentum
856 4758 1085 4827 proponi
1123 4772 1307 4827 posse,
1351 4759 1439 4813 cui
1481 4760 1814 4829 respondere

248 4840 622 4899 dillicillimum
650 4846 744 4909 sit,
779 4854 835 4901 et
862 4846 1153 4915 ejusmodi,
1179 4854 1239 4903 ut
1271 4848 1339 4904 iis
1364 4849 1457 4920 qui
1482 4848 1549 4903 ad
1569 4847 1814 4919 judican-

247 4932 366 4989 dum
392 4935 579 5006 aliqua
611 4937 738 5008 styli
767 4937 1125 4995 similitudine
1140 4942 1381 4996 contenti
1410 4949 1559 5007 sunt,
1593 4940 1814 4998 validis-

249 5025 439 5081 simum
487 5028 663 5084 videri
699 5030 892 5100 possit.
921 5030 1152 5087 Constat
1186 5033 1328 5087 hanc
1361 5033 1577 5089 dicendi
1606 5034 1815 5089 formu-

249 5115 366 5181 lam,
388 5119 424 5187 ή
456 5119 595 5191 πρὸς
630 5116 763 5173 Θεὸν
789 5119 1167 5194 εὐαρέστησις,
1197 5121 1432 5180 Ascetici
1464 5123 1671 5180 auctori
1703 5138 1815 5179 non

250 5222 432 5277 parum
491 5210 820 5267 familiarem
876 5228 1000 5269 esse
1036 5233 1048 5268 :
1081 5214 1239 5283 cujus
1284 5212 1361 5269 rei
1405 5213 1516 5268 duo
1565 5222 1661 5268 aut
1711 5214 1815 5270 tria

249 5303 479 5373 exempla
512 5303 812 5373 proferam,
846 5306 1003 5375 plura
1049 5306 1383 5375 prolaturus,
1411 5305 1458 5363 si
1501 5307 1813 5377 opinionem

308 5462 353 5495 “
382 5460 544 5517 lCor.
582 5479 683 5525 xu,
711 5461 797 5515 16.
854 5434 857 5435 ν

330 5617 380 5685 α)
408 5616 568 5671 Tom.
600 5616 668 5678 ll,
701 5632 823 5686 pag.
863 5616 987 5676 124,
1018 5614 1141 5686 162.

330 5617 380 5685 α)
408 5616 568 5671 Tom.
600 5616 668 5678 ll,
701 5632 823 5686 pag.
863 5616 987 5676 124,
1018 5615 1141 5668 162.

308 5615 377 5759 ἕο)
414 5688 589 5743 Basil.
622 5704 817 5743 recens.
846 5695 982 5743 tom.
1020 5683 1061 5752 l,
1093 5700 1213 5755 pag.
1243 5682 1364 5741 2&0.

1922 4488 1977 4543 id
2027 4486 2200 4543 fuisse
2238 4486 2508 4550 videatur,
2544 4483 2791 4553 exempla
2846 4481 3018 4537 multa
3067 4486 3163 4535 aut
3192 4470 3499 4550 proferam,‘

1922 4586 2016 4635 aut
2041 4587 2189 4634 certe
2217 4578 2492 4633 indicabo.
2519 4577 2600 4631 lta
2629 4574 2796 4647 igitur
2824 4581 3020 4629 auctor
3048 4570 3267 4642 scripsit
3288 4570 3417 4642 (lib.
3446 4582 3497 4634 1,1

1921 4685 1971 4726 c.
2006 4670 2056 4734 1.
2094 4685 2151 4725 n.
2187 4669 2244 4739 5)
2280 4686 2292 4719 :
2325 4666 2726 4738 Στοχαζόμενος
2770 4666 2827 4719 δὲ
2873 4666 2973 4735 τῆς
3013 4662 3286 4735 ἡμετέρας
3329 4658 3498 4744 ἀσθεο.

1921 4761 2105 4825 νεῑας,
2150 4762 2245 4815 καὶ
2289 4761 2355 4816 δι’
2406 4760 2816 4832 ὑποδειγμάτων
2876 4756 3144 4828 ηὐδόκησε
3197 4752 3489 4825 βεϐαιῶσαι

1918 4852 2075 4924 ἡμῶν
2136 4853 2234 4917 τὰς
2288 4853 2512 4923 καρδίας
2553 4828 3008 4921 ὲν-πληροφορίᾳ
3050 4846 3148 4914 τῆς
3207 4828 3497 4914 ἀληθείαις.Ρ

1920 4941 2181 4999 Caeterum
2212 4942 2545 4998 considerata
2572 4940 2932 4997 imbecillitate
2968 4948 3171 5001 nostra,
3200 4933 3361 4989 etiam
3399 4949 3490 5001 per

1918 5034 2156 5103 exempla
2199 5036 2359 5090 voluit
2406 5036 2644 5090 animum
2680 5041 2921 5089 nostrum
2966 5030 3023 5083 in
3072 5027 3309 5083 ueritatis
3347 5034 3490 5079 certa

1920 5126 2257 5194 persuasione
2285 5126 2623 5195 conﬁrmare.
2646 5122 2803 5178 Haud
2836 5122 2995 5191 longe
3023 5119 3097 5173 ita
3123 5116 3242 5188 (lib.
3280 5130 3319 5183 ι,
3352 5129 3402 5170 c.
3430 5113 3489 5179 2,

1922 5232 1977 5270 η.
2009 5216 2063 5281 1)
2088 5217 2303 5273 locutus
2330 5226 2415 5273 est
2450 5233 2463 5269 :
2493 5217 2641 5287 Πλὴν
2688 5215 2747 5268 δὲ
2790 5213 2884 5267 καὶ
2921 5208 3267 5281 βεϐαιότερον
3298 5207 3365 5259 ἐκ
3388 5204 3489 5275 τῆς

1922 5309 2048 5380 περὶ
2078 5308 2183 5364 τῶν
2215 5311 2400 5381 ἱερέων
2437 5310 2532 5364 καὶ
2563 5308 2671 5362 τῶν
2714 5302 3171 5379 προσφερομένων
3221 5300 3375 5365 ζώων
3407 5298 3489 5360 εἰς

1994 5611 2053 5679 (r)
2085 5610 2231 5664 Nova
2262 5609 2347 5663 etl.
2391 5619 2428 5661 t.
2461 5606 2526 5675 ll,
2555 5625 2607 5680 p.
2632 5606 2756 5663 625.
2798 5606 2937 5678 Lege
2966 5623 3021 5661 η.
3052 5608 3143 5663 45.

1996 5682 2073 5749 «(1)
2110 5682 2234 5749 ng.
2276 5698 2327 5733 ll.
2362 5681 2450 5733 38.
