3972 6202
451 289 555 349 “5

1816 272 2206 333 PREFATIO.

3594 267 3699 325 ιιι

451 402 639 459 θυσίαν
669 397 1050 473 ἀκριϐολογίας
1097 395 1209 449 ἐστι
1260 391 1756 466 πληροφορηθῆναι.
1804 386 1906 445 Sed
1942 397 2017 442 ta-

2142 393 2252 440 nter
2282 392 2433 438 natos
2485 382 2768 437 mulierum
2810 378 2983 450 major
3020 386 3098 434 est
3156 396 3305 434 nemo
3349 396 3366 433 :
3413 380 3520 434 Τοῦ
3558 382 3701 454 ὑπὲρ

453 502 569 547 men
601 490 808 561 ﬁrmius
837 490 994 543 etiam
1022 487 1136 555 ejus
1174 485 1252 539 rei
1272 499 1336 539 ea:
1368 481 1697 537 sacerdotum
1732 485 1782 533 et
1817 478 2020 532 anima-

449 585 583 639 lium
627 578 1103 649 sacriﬁcandorum
1148 584 1403 631 accurata
1445 572 1862 629 consideratione
1896 585 2020 623 con-

448 674 589 729 vinci
618 686 917 742 possumus.
973 667 1187 724 Rursus
1241 666 1317 722 ita
1353 665 1572 734 scripsit
1626 662 1743 735 (lib.
1775 677 1815 727 ι,
1863 676 1914 716 c.
1961 659 2019 722 2,

452 782 510 820 n.
545 764 635 835 ‘10)
683 781 697 815 :
752 764 843 817 Ἐν
891 760 1232 832 πληροφορίᾳ
1279 758 1381 829 τῆς
1434 755 1724 829 ἀληθείας,
1768 763 1910 818 etc.,
1967 752 2023 806 in

452 854 758 912 indubitata
809 855 1047 909 ueritatis
1091 852 1453 921 persuasione,
1502 855 1610 905 etc.
1666 846 1746 902 lta
1805 859 2024 916 quoque

452 947 653 1019 legitur
678 945 786 1000 alio
806 945 927 999 loco
949 943 1065 1013 (lib.
1097 959 1135 1004 t,
1172 957 1223 996 c.
1243 941 1301 1005 2,
1330 956 1389 997 η.
1426 940 1515 1010 15)
1552 958 1565 994 :
1597 938 1773 1010 Ὅπερ
1801 939 1859 992 ὲν
1889 935 2025 1009 πλη-

460 1038 686 1112 ροφορίᾳ
714 1035 968 1111 ἀληθείας
1016 1034 1083 1088 δι’
1114 1033 1427 1103 ἐπιμελείας
1460 1030 1882 1102 σπουδαιοτέρας
1926 1042 2026 1099 φυ-

455 1128 765 1192 λᾶσσοντες,
783 1136 888 1183 etc.
914 1126 1072 1193 Quod
1090 1128 1144 1189 si
1167 1126 1221 1180 in
1252 1126 1485 1179 veritatis
1516 1129 1659 1178 certa
1688 1122 2026 1192 persuasione

457 1222 762 1291 diligentius
808 1219 1202 1283 servaverimus,
1241 1225 1349 1271 etc.
1384 1214 1547 1270 Plura
1591 1214 1685 1284 qui
1713 1214 1919 1281 volent,
1951 1214 2029 1269 le-

463 1326 591 1383 gere
631 1315 886 1381 poterunt
912 1316 1076 1378 caput
1119 1306 1176 1371 2,
1207 1307 1303 1361 lib.
1332 1322 1371 1371 l,
1414 1321 1567 1361 num.
1596 1306 1666 1361 M
1711 1313 1767 1362 et
1792 1303 1878 1371 l5,
1934 1304 2028 1360 ubi

458 1414 647 1457 earum
672 1414 810 1470 quas
842 1398 955 1454 dixi
989 1412 1184 1453 vocum
1232 1396 1343 1453 duo
1366 1395 1613 1466 exempla
1638 1394 2025 1466 reperiuntur:

460 1495 591 1549 item
625 1500 790 1563 caput
810 1493 846 1547 ὃ
865 1490 1109 1560 ejusdem
1135 1490 1282 1557 libri,
1313 1505 1467 1545 num.
1495 1489 1548 1554 l,
1582 1488 1711 1545 item
1737 1488 2027 1559 quaastion.

462 1583 517 1647 6,
544 1581 639 1637 lib.
672 1596 735 1643 ιι.
763 1594 915 1635 num.
953 1580 1003 1640 1.
1032 1580 1160 1634 item
1195 1588 1384 1649 quaest.
1418 1577 1472 1641 8,
1500 1593 1651 1633 num.
1686 1577 1710 1630 l
1739 1584 1792 1633 et
1826 1576 1879 1632 9.
1909 1576 2031 1632 Jam

459 1674 536 1728 ita
574 1671 943 1743 argumentari
975 1670 1101 1724 licet
1131 1689 1145 1724 :
1181 1668 1238 1724 Si
1265 1668 1488 1739 quando
1517 1668 1780 1740 quasdam
1809 1667 2028 1724 dicendi

2122 478 2279 550 ἡμῶν
2316 475 2678 540 ἀποθανόντος
2710 476 2804 529 καὶ
2844 473 3159 545 ὲγερθέντος
3184 489 3198 503 ’
3242 471 3336 526 τοῦ
3378 473 3702 544 μονογενοῦς

2122 571 2251 626 Υἱοῦ
2284 570 2379 625 τοῦ
2417 569 2553 624 Θεοῦ
2586 569 2680 623 τοῦ
2721 569 2941 633 ζῶντος,
2986 568 3077 638 qui
3115 583 3211 637 pro
3268 566 3417 621 nobis
3460 576 3703 621 mortuus

2122 674 2199 721 est
2233 674 2284 720 et
2304 662 2592 719 resurrexit
2624 678 2642 716 :
2671 661 2761 731 qui
2794 661 3090 731 unigenitus
3119 657 3291 713 Filius
3314 668 3391 713 est
3414 657 3513 713 Dei
3540 659 3710 713 viven-

2125 759 2224 813 tis:
2249 757 2359 812 Kal
2374 755 2466 811 τοῦ
2488 754 2724 826 Χριστοῦ
2746 752 2932 817 αὐτοῦ,
2948 762 2999 808 et
3029 750 3228 808 Christi
3255 752 3422 820 ipsius
3449 750 3527 822 (p.
3547 750 3700 821 651).

2124 848 2300 905 Nolim
2328 858 2509 904 autem
2533 846 2708 916 accipi
2730 845 2788 900 in
2808 845 3005 899 malam
3029 854 3260 916 partem,
3280 858 3401 913 quae
3429 844 3542 913 jam
3565 843 3704 904 dixi,

2126 948 2218 996 aut
2243 954 2365 1010 quas
2391 953 2518 994 mox
2561 937 2814 992 dicturus
2845 950 2988 991 sum.
3028 933 3205 990 Voces
3242 932 3449 1005 Ἰησοῦς
3469 933 3706 1004 Χριστός

2127 1032 2331 1104 passim
2361 1045 2577 1102 quoque
2592 1036 2935 1101 repetuntur,
2958 1027 3121 1082 modo
3147 1028 3319 1083 ambae
3341 1026 3704 1096 conjunctim,

2129 1124 2289 1179 modo
2306 1138 2492 1178 earum
2511 1122 2700 1177 altera.
2716 1119 2952 1176 Noverat
2969 1119 3174 1174 Basiliu
3188 1134 3239 1185 s,
3256 1133 3431 1188 neque
3441 1132 3546 1172 nos
3558 1117 3713 1187 igno-

2128 1232 2335 1283 ramus,
2362 1216 2430 1271 iis
2458 1231 2597 1286 quas
2623 1213 2874 1271 recensui
2898 1214 3148 1277 vocibus,
3179 1211 3315 1265 nihil
3340 1211 3535 1267 melius
3557 1225 3705 1274 esse,

2130 1317 2224 1364 aut
2277 1308 2520 1365 sanctius
2554 1326 2567 1361 :
2606 1306 2702 1362 sed
2736 1313 2918 1360 tamen
2964 1304 3033 1359 ab
3058 1317 3247 1359 earum
3292 1312 3403 1357 tam
3434 1301 3708 1372 frequenti

2128 1400 2452 1471 repetitione
2492 1412 2552 1455 se
2581 1397 2949 1469 temperabat,
2976 1394 3144 1467 quod,
3178 1395 3395 1467 opinor,
3433 1391 3711 1465 ejusmodi

2129 1508 2326 1549 vocum
2353 1490 2614 1548 continua
2635 1487 2886 1559 repetitio
2914 1487 3051 1543 nihil
3078 1486 3147 1541 ad
3169 1485 3475 1541 docendum
3499 1483 3717 1540 confer~

2130 1589 2215 1639 ret
2264 1598 2278 1636 :
2328 1581 2405 1646 id,
2430 1579 2577 1651 quod
2599 1578 2764 1632 Pater
2801 1576 3103 1648 piissimus,
3132 1590 3258 1630 cum
3286 1574 3572 1637 scriberet,
3601 1571 3714 1628 sibi

2131 1675 2189 1729 in
2218 1672 2413 1745 primis
2442 1668 2797 1743 proponebat.
2835 1667 2917 1722 Ad
2949 1664 3195 1722 eamdem
3211 1664 3563 1734 ταυτολογίαν
3595 1677 3717 1735 per-

461 1763 723 1818 formulas
764 1776 885 1832 quae
907 1760 1307 1831 quodammodo
1340 1760 1647 1830 singulares
1682 1760 1853 1816 videri
1900 1775 2029 1831 pos-
2060 1750 2104 1807 Β
2132 1767 2269 1823 tinet
2288 1781 2349 1821 ea
2371 1762 2644 1820 scribendi
2665 1762 2828 1825 ratio,
2854 1774 2962 1830 qua
2983 1773 3086 1813 vox
3106 1758 3397 1827 ἀναγκαῖον
3418 1755 3622 1826 passim
3652 1754 3716 1809 in

462 1855 606 1919 sint,
649 1854 707 1908 in
748 1851 964 1908 duobus
998 1852 1256 1922 operibus
1288 1852 1490 1923 saepius
1527 1852 1759 1908 inveniri
1791 1854 2035 1924 contige-

463 1943 559 2008 rit,
593 1942 705 1999 fere
750 1945 808 1997 lit
832 1949 893 1997 ut
924 1948 1217 2011 utrumque
1251 1956 1390 2011 Opus
1421 1942 1599 1997 eidem
1641 1943 1895 2012 scriptori
1930 1943 2033 1997 tri-

465 2034 687 2089 buatur.
737 2033 873 2087 Cum
925 2033 1091 2102 igitur
1130 2032 1182 2085 id
1229 2032 1486 2102 loquendi
1518 2048 1710 2105 genus,
1748 2048 1856 2104 quo
1876 2048 2038 2090 voces

466 2133 563 2179 aut
621 2123 987 2195 πληροφορεῖν
1037 2137 1131 2177 aut
1161 2121 1501 2195 πληροφορία
1553 2125 1610 2178 in
1642 2123 2039 2194 significatione

466 2217 693 2286 integrae
731 2212 1016 2284 cujusdam
1062 2215 1438 2284 persuasionis
1462 2223 1761 2285 ponuntur,
1779 2215 2042 2285 quodam-

467 2308 633 2362 modo
694 2305 970 2376 singulare
1037 2305 1138 2369 sit,
1200 2304 1451 2376 idemque
1510 2312 1621 2360 tam
1678 2307 1732 2360 in
1791 2305 2043 2362 Ascetieo

466 2414 627 2469 quam
661 2398 714 2452 in
742 2396 957 2453 duobus
982 2394 1061 2451 De
1110 2397 1369 2465 baptismo
1417 2397 1569 2453 libris
1608 2397 1812 2469 passim
1850 2412 2042 2454 occur-

466 2500 585 2554 rat,
631 2502 973 2559 consequens
1008 2502 1132 2543 esse
1174 2487 1421 2554 videtur,
1472 2497 1532 2543 ut
1582 2489 1871 2560 utriusque
1915 2504 2046 2560 ope-

469 2584 550 2665 ris
599 2583 741 2637 idem
785 2588 978 2635 auctor
1018 2595 1141 2637 esse
1184 2579 1419 2636 dicatur.
1479 2579 1621 2646 Sed,
1660 2588 1719 2636 ut
1747 2582 1859 2651 jam
1893 2594 2045 2636 com-

471 2676 656 2730 monui
710 2673 810 2745 (a),
866 2672 1136 2742 ejusmodi
1180 2681 1500 2742 argumenta
1558 2688 1589 2728 e
1641 2672 1874 2743 quadam
1920 2672 2047 2744 styli

474 2763 832 2820 similitudine
853 2764 1020 2833 petita
1049 2778 1156 2816 non
1186 2772 1399 2817 tantum
1432 2763 1634 2827 valent,
1667 2769 1932 2833 quantum
1959 2776 2049 2817 va-

472 2857 584 2910 lere
623 2854 785 2925 vulgo
830 2860 1113 2923 putantur.
1144 2852 1262 2909 Nisi
1300 2853 1445 2909 enim
1486 2853 1589 2908 alia
1622 2868 1837 2924 quoque
1860 2867 2051 2909 conso-

479 2955 613 3002 nent
637 2945 997 3017 faveantque,
1019 2945 1159 3000 nihil
1196 2944 1419 3000 omnino
1454 2945 1511 2999 in
1551 2945 1686 3016 ipsis
1724 2960 1905 3017 neque
1933 2960 2050 3000 mo-

477 3037 646 3094 menti
683 3052 863 3108 neque
902 3037 1120 3093 roboris
1155 3036 1341 3093 inest:
1382 3036 1530 3107 quod
1571 3051 1719 3092 nunc
1763 3036 2050 3093 ostendere

476 3128 820 3185 conabimur.
869 3126 986 3185 Etsi
1014 3130 1159 3184 enim
1200 3128 1535 3193 Asceticum,
1579 3129 1740 3199 cujus
1768 3128 2044 3199 legitimus

477 3235 677 3291 parens
716 3218 952 3275 Basilius
1007 3227 1130 3284 est,
1176 3220 1233 3274 in
1283 3220 1466 3291 aliqua
1515 3220 1640 3293 styli
1685 3218 2047 3276 similitudine

478 3326 604 3367 cum
631 3309 846 3366 duobus
891 3309 968 3365 De
997 3311 1254 3379 baptismo
1297 3310 1455 3368 libris
1498 3311 1810 3367 consentire
1845 3310 2049 3367 videri-

480 3416 603 3457 mus
631 3401 728 3473 (b),
760 3409 938 3457 tamen
970 3402 1207 3457 dubitari
1243 3402 1394 3457 nullo
1421 3402 1585 3458 modo
1627 3416 1787 3472 posse
1816 3400 2050 3457 arbitra-

479 3507 625 3559 mur,
653 3493 784 3564 quin
814 3494 868 3548 bi
908 3493 1032 3547 libri
1057 3493 1195 3549 falso
1220 3496 1487 3550 hactenus
1524 3493 1875 3549 sanctissimo
1900 3490 2049 3547 Patri

477 3586 701 3656 ascripti
735 3584 865 3642 sint.
898 3584 963 3638 Et
981 3600 1110 3640 vero
1140 3592 1234 3640 aut
1261 3600 1539 3657 nunquam
1574 3586 1747 3652 licuit,
1779 3590 1926 3658 quod
1960 3598 2048 3645 ta-

479 3692 604 3733 men
630 3677 758 3733 licet
794 3676 1113 3748 saepissime,
1147 3692 1286 3748 opus
1316 3677 1537 3749 aliquod
1571 3678 1643 3733 ob
1668 3680 1794 3753 styli
1820 3682 2051 3739 diversi-

480 3775 650 3824 tatem
686 3769 742 3825 in
782 3770 988 3841 spuriis
1029 3778 1191 3840 atque
1230 3770 1556 3826 adulterinis
1592 3785 1917 3827 numerare:
1958 3780 2050 3827 aut

480 3856 519 3911 ii
550 3857 619 3914 de
654 3859 854 3929 quibus
881 3861 1092 3929 agimus
1114 3861 1238 3916 libri
1271 3877 1370 3931 pro
1394 3862 1697 3932 peregrinis
1720 3862 1906 3917 haberi
1935 3878 2051 3918 me—

479 3950 587 4006 rito
607 3958 859 4021 possunt.
887 3950 1147 4017 Mentior,
1179 3953 1286 4008 nisi
1315 3966 1454 4023 opus
1486 3959 1656 4007 totum
1696 3960 1810 4007 toto
1835 3952 2050 4007 dicendi

475 4055 677 4111 genere
708 4056 738 4096 a
770 4042 1044 4099 Basiliano
1070 4043 1267 4099 dilfert.
1298 4042 1511 4100 Etenim
1542 4042 1716 4099 sicubi
1746 4058 1847 4099 vox
1869 4044 2050 4115 aliqua

479 4132 788 4201 reperitur,
851 4148 972 4203 qua:
1027 4132 1402 4191 similitudinis
1458 4132 1664 4203 aliquid
1725 4148 1850 4187 cum
1906 4136 2050 4205 stylo

480 4222 758 4279 Basiliano
804 4224 1004 4280 habere
1050 4224 1323 4289 videatur,
1371 4224 1561 4280 eodem
1618 4226 1738 4280 loco
1781 4224 2051 4293 adjunctze

482 4320 612 4368 sunt
657 4328 820 4369 voces
849 4314 987 4377 aliae,
1023 4316 1224 4385 quibus
1261 4317 1623 4389 peregrinitas
1652 4325 1835 4387 aperte
1868 4317 2050 4372 decla-

481 4411 656 4458 retur.

554 4494 643 4550 55.
686 4491 873 4565 Neque
910 4510 1039 4552 vero
1089 4511 1213 4552 rara
1269 4504 1396 4555 sunt
1440 4497 1652 4563 νοθείας
1691 4508 2045 4571 argumenta,

478 4586 580 4643 sed
613 4588 818 4657 passim
849 4587 1029 4644 obvia.
1056 4587 1191 4643 Nam
1222 4589 1276 4643 in
1302 4590 1389 4644 his
1424 4591 1579 4646 libris
1603 4592 1853 4661 generale
1883 4592 2049 4663 quod-

482 4677 607 4731 dam
636 4678 830 4733 vitium
856 4681 1058 4733 ’ποιοτί
1098 4689 1297 4751 potest,
1344 4682 1503 4751 cujus
1537 4682 1732 4753 pagina
1765 4683 1915 4738 nulla
1954 4698 2049 4739 ex-

480 4781 608 4836 pers
638 4773 743 4822 est.
771 4766 828 4823 ld
860 4774 1074 4832 autem,
1130 4768 1276 4839 quod
1324 4768 1481 4834 dico,
1526 4769 1752 4835 vitium,
1788 4770 2051 4825 continua

481 4857 728 4925 quadam
762 4863 846 4913 est
898 4857 1213 4916 earumdem
1250 4867 1344 4915 aut
1377 4874 1571 4915 vocum
1608 4868 1704 4915 aut
1749 4861 2048 4917 dictionum

479 4949 768 5019 repetitio,
803 4964 925 5021 quae
955 4952 1178 5007 minime
1211 4953 1456 5007 omnium
1510 4953 1565 5008 in
1606 4954 2049 5024 copiosissimum

480 5039 757 5095 hominem
783 5041 1043 5098 Basilium
1078 5045 1351 5099 convenit.
1384 5043 1451 5097 Et
1478 5058 1608 5100 vero
1644 5044 1822 5101 sicubi
1844 5046 2050 5101 mentio

484 5132 543 5185 llt
576 5139 670 5185 aut
722 5136 955 5204 apostoli
1005 5133 1183 5200 Pauli,
1237 5144 1332 5191 aut
1373 5135 1600 5193 Joannis
1640 5135 1918 5208 Baptista},
1953 5144 2049 5193 aut

484 5222 659 5292 ipsius
709 5223 944 5290 Domini,
976 5236 1068 5282 aut
1097 5226 1214 5294 Dei,
1254 5228 1329 5284 ibi
1363 5228 1662 5301 saepissime
1685 5228 1929 5284 additum
1963 5230 2048 5284 in-

482 5314 637 5369 venis
660 5314 755 5368 τοῦ
789 5316 847 5368 ὲν
870 5317 1089 5389 Χριστῷ
1115 5319 1417 5384 λαλοῦντος,
1455 5321 1544 5390 qui
1564 5321 1616 5373 in
1639 5318 1854 5374 Christo
1875 5319 2049 5391 loque-

486 5402 642 5457 batur
664 5417 684 5455 :
714 5396 790 5457 Οὖ
820 5403 1019 5475 μείζων
1053 5408 1110 5460 ὲν
1136 5411 1412 5481 γεννητοῖς
1432 5406 1705 5479 γυναικῶν
1730 5407 1924 5477 οὐδείς,
1951 5425 2051 5481 quo

557 5562 636 5705 π)
663 5563 804 5635 Lege
839 5580 893 5619 η.
917 5565 1005 5620 25.

617 5636 635 5705 )
665 5635 792 5705 Leg.
823 5651 878 5693 n.
914 5635 982 5691 39

585 5636 635 5705 ὁ)
665 5635 792 5706 Leg.
823 5651 878 5693 n.
914 5635 982 5691 39
1013 5644 1066 5692 et
1096 5652 1209 5708 seq.

2133 1860 2223 1915 his
2247 1856 2398 1912 libris
2414 1855 2653 1926 ponitur.
2672 1852 2753 1906 lta
2770 1851 2934 1922 igitur
2950 1850 3004 1904 in
3023 1848 3345 1904 brevissimo
3365 1847 3543 1916 spatio
3569 1847 3717 1899 scri-

2135 1957 2288 2019 ptum
2323 1946 2631 2001 invenimus
2669 1944 2745 2014 (p.
2777 1942 2901 2005 655)
2929 1960 2941 1994 :
2978 1942 3086 1994 Καὶ
3122 1938 3311 2011 ὥσπερ
3342 1938 3408 1991 δι’
3442 1939 3715 2009 ἐσόπτρου

2136 2036 2230 2089 καὶ
2273 2035 2331 2087 ὲν
2361 2033 2641 2103 αἰνίγματι
2681 2030 3033 2103 ὁδηγούμενοι
3082 2030 3256 2083 εἰπεῖν
3289 2030 3605 2097 ἀναγκαῖον,
3644 2027 3718 2083 Et

2136 2127 2275 2182 velut
2326 2142 2418 2198 per
2446 2127 2713 2195 speculum
2751 2132 2800 2179 et
2856 2124 2910 2178 in
2953 2123 3231 2192 anigmate
3270 2122 3457 2176 ductos
3506 2136 3720 2175 necesse

2137 2228 2216 2273 est
2239 2219 2400 2290 loqui.
2414 2217 2482 2273 Et
2497 2219 2717 2274 statim:
2743 2216 3060 2285 Ἀναγκαῖον
3082 2214 3137 2268 δὲ
3154 2211 3459 2286 λογίζομαι,
3476 2219 3607 2274 etc.,
3631 2228 3725 2267 ne-

2141 2326 2281 2365 cesse
2335 2317 2511 2364 autem
2547 2324 2660 2363 esse
2697 2308 2852 2374 duco,
2900 2316 3007 2362 etc.
3053 2304 3167 2361 Nec
3216 2306 3290 2359 ita
3340 2304 3514 2359 multo
3542 2313 3718 2375 post:

2154 2400 2473 2469 Ἀναγκαῖον
2498 2400 2591 2453 καὶ
2611 2399 2760 2470 ἡμᾶς
2777 2397 3158 2469 ὲξητασμένως
3189 2395 3282 2449 καὶ
3314 2393 3723 2465 ὲπιτετηρημὲ-

2142 2506 2248 2555 νως
2271 2491 2561 2563 προσέχειν
2591 2490 2806 2561 ἑκάστῳ
2841 2488 3010 2561 ῥητῷ,
3039 2502 3244 2543 necesse
3273 2498 3350 2542 est
3372 2496 3421 2541 et
3443 2502 3537 2540 nos
3564 2502 3725 2539 accu-

2144 2592 2258 2637 rate
2301 2580 2676 2653 diligenterque
2730 2580 2952 2651 singulis
3004 2579 3159 2633 dictis
3213 2577 3503 2642 attendere,
3550 2583 3607 2632 et
3645 2575 3721 2629 ad

2145 2677 2393 2731 eumdem
2428 2675 2647 2730 modum
2697 2674 2957 2744 pleraque
2990 2672 3117 2725 alia.
3170 2668 3451 2741 Frequens
3480 2675 3565 2724 est
3592 2668 3723 2738 qui-

2146 2763 2270 2817 dem
2317 2763 2375 2818 in
2421 2763 2517 2817 illo
2561 2777 2726 2833 opere
2774 2777 2837 2817 ea
2885 2776 3049 2833 quam
3082 2761 3244 2815 modo
3285 2759 3401 2814 dixi
3443 2758 3724 2814 scribendi

2147 2855 2332 2910 ratio:
2365 2854 2460 2910 sed
2494 2854 2551 2908 in
2589 2853 2781 2909 eodem
2830 2852 3170 2922 frequentior
3217 2858 3303 2907 est
3350 2850 3534 2905 adhuc
3582 2849 3728 2905 illud

2148 2945 2404 3018 loquendi
2449 2960 2622 3017 genus
2671 2942 2817 3016 (pag.
2867 2943 3021 3013 656),
3049 2942 3145 2997 uel.
3191 2941 3360 2997 πολλά
3389 2939 3635 3008 τοιαῦτα,
3670 2950 3730 2995 es

2152 3039 2287 3093 talia
2332 3037 2524 3101 multa,
2557 3043 2673 3102 aut,
2705 3035 2850 3106 quod
2895 3036 3037 3091 idem
3085 3044 3189 3099 est,
3240 3033 3537 3087 καὶπολλὰ
3584 3032 3730 3087 ἄλλα

2149 3132 2368 3204 ὁμοίως,
2396 3141 2446 3185 et
2486 3130 2653 3184 multa
2682 3128 2987 3198 hujusmodi
3016 3128 3149 3194 alia,
3193 3134 3286 3181 aut
3333 3126 3535 3182 similia
3571 3141 3730 3196 qua:-

2148 3222 2293 3279 dam.
2351 3222 2602 3293 Scriptor
2650 3223 2817 3294 igitur
2843 3234 2967 3276 cum
3019 3220 3221 3275 alicubi
3250 3219 3525 3274 retulisset
3559 3219 3728 3274 verba

2149 3313 2329 3383 aliqua
2361 3327 2391 3369 e
2417 3327 2571 3369 sacra
2608 3310 2913 3382 Scriptura,
2951 3310 3031 3366 sic
3060 3310 3405 3381 persequitur
3429 3311 3522 3364 καὶ
3553 3310 3731 3364 πολλὰ

2149 3405 2393 3470 τοιαῦτα,
2433 3413 2483 3459 et
2513 3404 2771 3474 ejusmodi
2823 3402 3012 3457 multa.
3058 3401 3125 3456 Et
3171 3403 3363 3473 paucis
3392 3403 3725 3473 interjectis.

2151 3498 2223 3551 ita
2258 3499 2469 3552 locutus
2511 3506 2617 3559 est,
2649 3497 2744 3550 καὶ
2777 3496 2947 3550 πολλὰ
2988 3494 3211 3549 τοιαῦτα
3249 3494 3430 3568 εὕροις
3461 3495 3529 3550 ἂν
3569 3495 3735 3567 παρὰ.

2150 3605 2208 3641 τε
2237 3591 2349 3652 τοῖς
2385 3588 2814 3657 εὐαγγελισταῖς,
2849 3595 2983 3653 etc.,
3012 3597 3061 3642 et
3105 3587 3273 3641 multa
3301 3587 3356 3641 id
3391 3603 3554 3657 genus
3580 3588 3735 3642 inve-

2152 3681 2271 3735 nias
2300 3688 2351 3734 et
2380 3679 2519 3749 apud
2553 3681 2922 3752 evangelistas,
2971 3670 3103 3745 etc.,
3145 3678 3239 3735 ubi
3268 3679 3327 3735 in
3355 3679 3591 3736 transitu
3623 3695 3733 3735 no-

2153 3770 2257 3825 tari
2288 3778 2485 3841 potest,
2533 3773 2686 3842 paria
2734 3779 2970 3842 quatuor
2997 3771 3246 3842 exempla
3281 3772 3336 3826 in
3383 3771 3556 3827 tribus
3598 3787 3734 3842 quae

2151 3859 2399 3929 proxime
2448 3870 2754 3930 sequuntur
2797 3860 3011 3931 paginis
3053 3861 3304 3929 reperiri.
3350 3859 3496 3917 Usus
3531 3861 3734 3916 immo-

2151 3949 2309 4005 dicus
2332 3950 2483 4005 verbi
2501 3951 2774 4006 παιδεύειν
2791 3952 2857 4007 ad
2887 3949 3030 4006 idem
3064 3952 3256 4006 vitium
3286 3950 3479 4007 referri
3507 3959 3727 4022 potest:

2154 4042 2301 4112 quod
2334 4041 2491 4098 idem
2536 4043 2604 4099 de
2641 4044 2808 4099 verbo
2835 4043 3132 4113 φυλάσσειν
3162 4042 3368 4097 dictum
3400 4043 3544 4098 volo.
3576 4041 3733 4098 Usus

2154 4150 2370 4205 quoque
2428 4136 2875 4207 praepositionum
2926 4136 2999 4189 ita
3052 4133 3313 4207 frequens
3360 4142 3446 4191 est
3498 4133 3607 4206 (c),
3664 4144 3735 4190 ut

2151 4226 2304 4281 nullo
2338 4225 2502 4282 modo
2550 4228 2845 4283 convenire
2891 4229 3070 4298 possit
3110 4229 3166 4283 in
3206 4227 3728 4299 praestantissimum

2156 4322 2428 4371 oratorem
2462 4315 2747 4382 Basilium,
2777 4316 2937 4387 cujus
2966 4318 3143 4373 oratio
3175 4331 3287 4372 non
3321 4318 3502 4372 minus
3526 4315 3731 4370 dictio-

2083 4420 2128 4477 D
2156 4421 2288 4462 num
2316 4421 2479 4478 quam
2511 4423 2697 4464 rerum
2739 4410 3002 4467 varietate
3033 4409 3288 4466 omnibus
3326 4418 3442 4464 erat
3483 4407 3730 4464 admira-

2155 4499 2311 4555 tioni.
2340 4497 2515 4556 Velim
2563 4510 2744 4556 autem
2794 4501 3107 4572 experiatur
3134 4518 3229 4573 per
3273 4517 3332 4559 se
3368 4500 3620 4572 quisque,
3653 4514 3729 4553 an

2154 4606 2283 4647 vera
2316 4592 2426 4647 sint
2454 4606 2574 4662 quae
2609 4591 2741 4647 dixi.
2796 4590 2967 4662 Spero
3003 4600 3081 4648 tot
3108 4609 3297 4650 earum
3347 4608 3487 4664 quas
3536 4593 3730 4647 notavi

2154 4698 2337 4739 rerum
2353 4683 2600 4752 exempla
2626 4684 2903 4739 inventum
2924 4686 3013 4749 iri,
3033 4695 3094 4740 ut
3108 4701 3270 4741 nemo
3286 4685 3505 4741 futurus
3517 4687 3612 4751 sit,
3627 4687 3730 4755 qui

2155 4785 2264 4825 non
2300 4769 2535 4827 libenter
2575 4769 2811 4828 fateatur
2833 4771 3102 4842 ejusmodi
3133 4788 3291 4843 opus,
3313 4774 3366 4827 in
3387 4787 3497 4844 quo
3517 4771 3728 4827 eaedem

2154 4877 2317 4918 voces
2366 4872 2631 4932 perpetuo
2678 4870 3018 4933 repetuntur,
3067 4864 3459 4933 peritissimum
3504 4862 3729 4919 dicendi

2154 4955 2471 5027 magistrum
2495 4953 2753 5011 Basilium
2776 4959 2927 5013 nullo
2948 4958 3109 5014 modo
3122 4959 3338 5015 decere.
3360 4957 3564 5019 Eodem
3584 4958 3732 5014 redit

2155 5043 2246 5099 illa
2279 5046 2642 5118 genitivorum
2689 5049 2847 5119 quasi
2896 5050 3054 5115 silva,
3107 5051 3188 5107 sic
3235 5058 3297 5105 ut
3340 5051 3396 5106 in
3427 5051 3532 5106 hoc
3558 5065 3729 5122 opere

2154 5137 2290 5192 nihil
2341 5138 2496 5193 aliud
2534 5139 2665 5203 nisi
2695 5142 2817 5211 ejus
2867 5156 3029 5212 quem
3074 5142 3187 5197 dixi
3231 5157 3394 5199 casus
3441 5142 3727 5198 incondita

2152 5228 2397 5301 quietiam
2447 5229 2731 5313 congeries
2759 5241 3034 5289 cernatur.
3076 5233 3144 5289 Et
3174 5227 3321 5290 vero'
3336 5234 3622 5304 participia
3666 5235 3726 5290 in

2154 5321 2243 5376 his
2274 5320 2348 5375 De
2377 5321 2635 5391 baptismo
2681 5322 2836 5378 libris
2886 5326 2961 5379 ita
2989 5324 3057 5379 ad
3119 5325 3382 5396 reliquam
3416 5326 3725 5381 orationem

2163 5414 2670 5482 accommodantur,
2686 5422 2747 5470 ut
2764 5414 2876 5472 tere
2890 5418 3133 5489 quolibet
3146 5433 3307 5477 versu
3326 5418 3601 5491 genitivus
3624 5431 3726 5473 oe-

2235 5573 2302 5646 (ε)
2347 5573 2486 5647 Lege
2516 5592 2569 5648 p.
2602 5574 2707 5631 655
2732 5585 2787 5633 et
2823 5577 2924 5634 657
