3972 6202
235 411 338 466 “5

1607 405 1993 462 ΡΒΑΞΡᾹΤΙΟ.

3395 396 3491 453 “6

239 537 445 587 currat.
473 529 555 584 Ita
576 530 761 600 legere
788 536 879 585 est
907 529 962 584 in
990 527 1161 598 prima
1186 527 1377 598 pagina
1397 526 1540 599 (pag.
1560 527 1682 598 624)
1709 528 1825 582 :El-
1852 533 1901 587 Α
1925 526 1987 580 ob
2027 540 2167 594 spem
2223 523 2343 577 vitae
2394 529 2602 577 (eterna!
2653 527 2707 572 et-
2749 517 2894 587 regni
2933 517 3176 579 caelestis,
3209 525 3258 570 et
3281 515 3490 583 judicia

240 636 429 696 πόντος
461 631 548 686 διὰ
574 630 743 685 Δαὸὶδ
785 630 884 684 τοῦ
929 631 1228 702 προφήτου,
1258 627 1481 682 dicentis
1517 643 1608 696 per
1649 627 1818 681 David

239 736 575 804 prophetam;
611 733 736 786 ἐπεὶ
763 727 860 784 οῦν
891 730 1290 802 προστάξαντος
1310 728 1403 782 τοῦ
1433 728 1658 801 Κυρίου,
1687 737 1817 791 etc.,

241 852 358 889 cum
404 835 588 903 igitur,
617 833 850 886 Domino
876 831 1226 900 prtecipiente,
1261 837 1392 895 etc.,
1435 832 1529 886 καὶ
1569 831 1690 885 τότε
1730 833 1820 885 ὲπρ

241 928 561 994 ἀγαγόντος,
592 925 782 980 deinde
831 928 1177 995 subjungente
1210 940 1229 978 :
1282 922 1627 992 λογισάμενοι
1687 921 1819 992 παρ’

242 1026 455 1094 ἐντολὴν
475 1025 573 1078 τοῦ
615 1025 942 1079 Ἀποπόλου
959 1027 1148 1086 ποιεῖν,
1177 1024 1270 1076 ἐὰν
1297 1023 1370 1093 μὴ
1401 1021 1559 1085 εὐθὺς
1591 1024 1820 1092 ἀποκρι-

243 1125 480 1196 νώμεθα,
556 1128 840 1191 εἰπόντος,
888 1134 1018 1194 etc.,
1073 1126 1212 1188 rati,
1271 1133 1454 1179 contra
1511 1124 1819 1183 mandatum

247 1227 482 1292 Apostoli
515 1226 755 1294 facturos
793 1244 909 1290 nos,
945 1228 992 1282 si
1024 1229 1344 1287 nonstatim
1389 1227 1815 1296 respondeamus,

248 1339 364 1375 cum
407 1323 575 1390 dicat,
617 1332 771 1391 etc.;
813 1325 1046 1379 ἐνταῦθα
1091 1325 1188 1396 μὲν
1226 1321 1338 1390 οῦν,
1371 1327 1816 1394 Μαθητεύσατε,

250 1426 509 1493 εἰπόντος,
586 1427 923 1499 ἠκούσαμεν,
965 1429 1046 1482 hic
1088 1430 1248 1499 igitur
1306 1429 1599 1483 audivimus
1638 1430 1818 1484 dicen-

255 1537 370 1589 tem,
408 1545 426 1578 ι
469 1526 684 1583 Doccte.
724 1547 743 1579 ι
780 1527 857 1581 Ex
890 1529 1088 1598 quibus
1128 1529 1313 1582 videre
1339 1528 1484 1593 licet,
1525 1527 1661 1584 alios
1695 1543 1817 1583 esse

253 1618 539 1686 genitivos,
591 1618 686 1688 qui
736 1619 970 1674 absoluti
1017 1621 1200 1672 vocari
1251 1619 1448 1685 solent,
1494 1619 1628 1674 alios
1672 1635 1812 1687 esse,

170 1704 174 1706 Ὗ
254 1709 338 1779 qui
374 1711 440 1763 ab
468 1712 649 1780 aliqua
683 1711 951 1766 orationis
979 1719 1130 1780 parte
1165 1712 1399 1781 pendent
1429 1730 1442 1764 :
1477 1726 1584 1779 quo
1619 1711 1817 1779 geniti-

255 1816 434 1854 verum
468 1817 572 1856 usu
605 1802 677 1854 ita
709 1798 1018 1857 oblectatus
1061 1809 1148 1855 est
1184 1801 1439 1869 scriptor,
1470 1808 1530 1854 ut
1563 1801 1814 1871 genitivis

253 1890 628 1944 transitionum
674 1891 794 1944 loco
826 1905 969 1959 saepe
993 1897 1193 1943 utatur.
1239 1891 1344 1944 Sed
1380 1890 1515 1944 nihil
1542 1891 1673 1944 mihi
1702 1906 1812 1946 ma-

256 1982 332 2051 gis
375 1997 570 2035 novum
623 1991 716 2035 aut
747 1981 1028 2036 insolitum
1071 1983 1247 2035 visum
1292 1989 1395 2043 est,
1425 1996 1587 2049 quam
1615 1996 1809 2036 vocum

255 2071 434 2125 barum
481 2071 688 2140 Κύριος
733 2071 894 2141 ἡμῶν
936 2070 1140 2140 Ἰησοῦς
1181 2072 1415 2142 Χριστός
1441 2072 1588 2142 jugis
1624 2088 1810 2142 perpe-

250 2172 440 2232 tuaque
488 2163 743 2231 repetitio
788 2163 886 2232 (a).
923 2162 1201 2216 Alfirmare
1249 2178 1474 2232 possum
1515 2178 1625 2230 eas,
1673 2179 1810 2234 quas

251 2253 519 2315 adnotavi,
566 2269 734 2308 voces
783 2262 877 2306 aut
921 2253 1028 2317 bis,
1070 2263 1163 2306 aut
1208 2262 1310 2320 ter,
1345 2260 1439 2307 aut
1469 2264 1682 2323 quater,
1715 2262 1809 2306 aut

247 2344 400 2400 etiam
425 2344 724 2414 quinquies
762 2345 817 2402 in
848 2360 958 2399 una
985 2345 1282 2414 eademque
1312 2345 1506 2415 pagina
1540 2359 1648 2398 non
1685 2361 1808 2399 raro

248 2437 512 2491 inveniri:
547 2451 672 2505 quae
701 2437 1015 2490 earumdem
1066 2453 1257 2492 vocum
1306 2437 1562 2508 frequens
1596 2438 1808 2492 iteratio

250 2521 390 2586 facit,
421 2530 480 2576 ut
509 2523 619 2602 tibi
641 2525 821 2592 legere
840 2525 1096 2590 videaris,
1130 2541 1234 2579 non
1280 2527 1478 2580 librum
1505 2528 1804 2597 vulgarem,

246 2615 330 2667 sed
368 2615 639 2684 quasdam
671 2616 831 2683 quasi
880 2617 1118 2679 litanias,
1165 2617 1219 2668 in
1267 2617 1466 2686 quibus
1502 2618 1643 2674 idem
1688 2635 1809 2674 sex-

246 2707 439 2760 centies
472 2706 764 2778 repetitu'r,
801 2714 916 2771 aut,
965 2709 1009 2762 si
1060 2708 1115 2760 in
1159 2709 1321 2765 rebus
1353 2710 1512 2765 seriis
1541 2711 1614 2765 ita
1660 2712 1806 2781 loqui

246 2794 381 2859 licet,
425 2799 618 2852 audire
651 2800 948 2870 parocbum
983 2800 1312 2869 quempiam,
1341 2801 1434 2870 qui
1465 2803 1717 2858 morienti
1751 2805 1807 2858 in

247 2900 426 2941 aurem
474 2889 742 2943 continuo
784 2890 1034 2954 occinat,
1089 2891 1346 2946 Dominus
1409 2905 1587 2948 noster
1648 2892 1806 2948 Iesus

246 2975 498 3032 Christus.
548 2979 680 3034 Scio
725 2982 946 3050 quidem
995 2984 1362 3053 conﬁteorque
1405 2999 1468 3039 ea
1512 3001 1632 3054 quae
1667 2985 1808 3039 indi-

246 3069 358 3123 cavi
416 3071 643 3124 nomina
692 3073 937 3125 omnium
993 3088 1114 3128 esse
1157 3083 1210 3128 et
1241 3075 1444 3144 optima
1474 3084 1527 3130 et
1573 3077 1807 3132 sanctis-

247 3159 376 3215 sima
403 3179 419 3216 :
451 3163 546 3217 sed
590 3177 704 3217 non
751 3175 1036 3234 propterea
1068 3166 1289 3219 vetitum
1319 3175 1403 3221 est
1429 3168 1630 3232 dicere,
1659 3169 1807 3237 ejus-

1912 620 2077 688 justa:
2110 615 2384 678 mercedis,
2434 623 2541 666 tam
2581 628 2783 671 eorum,
2810 610 2900 681 qui
2943 620 3160 678 patrant
3201 610 3487 676 prohibita,

1921 718 2014 764 aut
2063 715 2315 777 respuunt
2360 704 2683 775 approbata,
2735 702 2805 757 ad
2853 700 3166 769 supplicium
3212 708 3486 762 internum,

1918 815 2077 871 quam
2112 813 2312 861 eorum,
2347 797 2434 866 qui
2459 812 2552 862 pro
2580 795 2835 864 dignitate
2865 791 3134 860 Evangelii
3161 790 3256 844 Dei
3280 790 3331 842 in
3355 805 3490 842 sana

1920 891 2044 960 ﬁde,
2065 905 2179 958 qua:
2206 904 2298 956 per
2327 886 2526 942 Christi
2563 887 2875 939 charitatem
2920 892 3189 951 operatur,
3223 882 3486 942 vixerunt,

1920 978 1982 1032 ob
2026 992 2168 1047 spem
2208 983 2326 1030 vita:
2351 986 2560 1029 (eterna?
2605 984 2652 1027 et
2700 974 2842 1043 regni
2877 971 3117 1034 caelestis,
3151 969 3288 1040 quod
3321 978 3396 1022 est
3433 971 3488 1021 in

1920 1068 2129 1122 Christo
2169 1066 2298 1121 Iesu
2342 1066 2570 1120 Domino
2606 1074 2806 1118 nostra.
2854 1061 3025 1128 Caput
3070 1059 3155 1115 ll.
3210 1060 3485 1125 Quomodo

1918 1161 2034 1229 quis
2074 1177 2133 1214 eo
2181 1160 2494 1227 baptismate
2543 1157 2868 1225 baptizatur,
2912 1157 3049 1224 quod
3087 1157 3140 1207 in
3202 1153 3484 1222 Evangelia

1919 1252 2133 1304 Domini
2164 1252 2331 1305 nostri
2372 1249 2501 1304 Iesu
2534 1249 2734 1303 Christi
2762 1246 3175 1301 commendatur.
3209 1246 3340 1299 Cum
3374 1244 3485 1297 Do-

1918 1345 2089 1396 minus
2137 1352 2311 1395 noster
2363 1341 2518 1394 Iesus
2573 1339 2814 1394 Christus
2859 1339 3164 1406 prwceperit
3205 1336 3374 1398 nobis,
3425 1345 3482 1387 ut

1917 1431 2197 1500 diligamus
2229 1447 2321 1484 nos
2365 1440 2568 1491 mutuo,
2601 1429 2733 1480 sicut
2775 1428 2886 1493 ipse
2923 1426 3107 1479 dilexit
3141 1443 3256 1487 nos,
3289 1425 3485 1493 hocque

1917 1539 2009 1576 nos
2021 1537 2111 1589 per
2127 1521 2418 1588 apostolum
2439 1519 2663 1575 Paulum
2679 1518 2884 1580 doceat,
2903 1525 2958 1568 ut
2976 1532 3068 1569 nos
3085 1525 3266 1568 mutuo
3283 1516 3334 1567 in
3352 1515 3482 1567 dile-

1917 1613 2588 1675 ctionetoleremus,vestrte
2606 1611 2658 1662 in
2685 1608 2896 1663 Christo
2910 1608 3121 1673 pietatis
3143 1615 3478 1674 prwceptum,

1916 1705 1978 1758 de
1995 1704 2376 1774 gloriosissimo
2398 1701 2680 1755 secundum
2711 1699 3050 1770 Evangelium
3077 1697 3289 1750 Domini
3313 1697 3482 1749 nostri

1916 1796 2044 1850 Iesu
2076 1796 2278 1850 Christi
2309 1794 2623 1862 baptismate
2668 1795 2846 1846 animo
2886 1791 3057 1845 alacri
3097 1789 3322 1857 suscepi,
3369 1798 3478 1842 etc.

1844 1867 1886 1921 Β
1918 1886 2132 1948 Dicant,
2166 1901 2372 1956 quaeso,
2404 1885 2497 1955 qui
2529 1884 2582 1937 in
2631 1881 2914 1937 versandis
2961 1880 3141 1935 Basilii
3182 1876 3480 1931 volumini-

1917 1973 2018 2028 bus
2066 1973 2221 2026 multi
2255 1980 2407 2036 sunt,
2443 1986 2510 2025 an
2549 1971 2655 2026 tale
2697 1970 2995 2039 quidquam
3026 1969 3081 2022 in
3116 1967 3264 2021 illius
3291 1967 3482 2035 genui—

1916 2065 2002 2118 nis
2052 2063 2270 2132 scriptis
2313 2077 2554 2131 unquam
2607 2060 2853 2130 legerint.
2909 2057 2974 2118 Ει
3004 2066 3186 2112 tamen
3237 2056 3322 2110 his
3371 2071 3480 2109 non

1915 2164 2203 2210 contentus
2254 2163 2462 2217 auctor,
2510 2153 2691 2207 statim
2726 2153 2781 2205 in
2828 2151 2929 2203 hac
2977 2150 3095 2218 ipsa
3146 2148 3346 2217 pagina
3405 2147 3482 2198 ita

1915 2255 2232 2318 persecutus
2269 2254 2354 2300 est
2382 2246 2523 2315 (pag.
2562 2243 2686 2311 629)
2723 2262 2736 2296 :
2769 2242 2924 2295 Οὕτω
2969 2242 3075 2310 γὰρ
3116 2240 3277 2300 αὐτὸς
3319 2240 3346 2290 ὁ
3375 2236 3482 2289 Κύ-

1919 2358 2030 2411 ριος
2077 2340 2170 2392 καὶ
2205 2338 2336 2400 Θεὸς
2377 2337 2533 2407 ἡμῶν
2583 2333 2784 2404 Ἰησοῦς
2835 2331 3065 2402 Χριστὸς
3110 2334 3138 2383 ὁ
3189 2328 3479 2398 μονογενὴς

1914 2433 2038 2495 Υἱὸς
2065 2431 2157 2484 τοῦ
2187 2429 2320 2482 Θεοῦ
2353 2427 2446 2481 τοῦ
2478 2427 2674 2491 ζῶντος
2701 2424 2997 2479 ἐνετείλατο
3019 2426 3128 2485 τοῖς
3158 2421 3348 2475 ἑαυτοῦ
3386 2437 3482 2490 μα-

1915 2523 2121 2591 θηταῖς,
2163 2521 2248 2574 Ιια
2288 2521 2424 2572 enim
2475 2519 2728 2571 Dominus
2773 2517 2880 2581 ipse
2912 2523 2960 2567 et
2999 2513 3138 2567 Deus
3171 2521 3346 2565 noster
3382 2509 3479 2564 Je-
3527 2591 3531 2594 γ

1915 2631 2004 2668 sus
2043 2613 2307 2676 Christus,
2358 2611 2652 2680 unigenitus
2685 2608 2781 2662 Dei
2824 2608 3036 2662 viventis
3083 2605 3278 2666 Filius,
3318 2602 3481 2656 disci-

1913 2706 2050 2774 pulis
2093 2706 2202 2760 suis
2237 2703 2502 2774 prwcepit.
2555 2700 2661 2756 Sed
2692 2708 2752 2755 ut
2783 2714 2930 2753 nunc
2961 2697 3027 2751 de
3075 2695 3167 2750 illa
3216 2709 3478 2763 quarum-

1914 2799 2034 2852 dam
2099 2813 2292 2852 vocum
2353 2797 2676 2867 repetitione
2739 2794 2949 2858 sileam,
2989 2789 3113 2860 quis
3161 2803 3274 2842 non
3331 2785 3479 2840 videt
3499 2818 3506 2844 ,-

1914 2889 2214 2944 orationem
2245 2888 2565 2943 dissolutam
2608 2900 2752 2947 esse,
2789 2899 2890 2939 nec
2920 2881 3158 2937 suaviter
3201 2878 3384 2940 ﬂuere,
3417 2878 3476 2928 ὲν

1915 2981 2123 3052 ἀγάπῃ,
2161 2981 2247 3032 ἐπ’
2280 2979 2476 3040 ἐλπίδι,
2510 2978 2577 3030 δι’
2625 2976 2867 3045 ἀγάπης,
2901 2975 2986 3027 ἐπ’
3022 2973 3218 3036 ἐλπίδι,
3247 2970 3309 3024 τὸ
3350 2969 3479 3040 περὶ⁴

1914 3069 2028 3131 τοῦ,
2051 3068 2190 3121 κατά
2209 3069 2292 3131 τό,
2314 3076 2419 3124 etc.
2437 3068 2461 3120 ?
2479 3066 2743 3122 Prailerea
2771 3082 2896 3120 cum
2923 3065 3157 3134 scriptor
3185 3062 3292 3129 iam
3316 3061 3477 3128 paulo

1916 3168 2040 3214 ante
2078 3160 2409 3229 scripsisset,
2441 3159 2527 3212 ἐπ’
2559 3159 2732 3218 ἐλπίδι
2758 3159 2904 3228 ζωῆς
2937 3156 3153 3210 αἰωνίου
3185 3155 3280 3208 καὶ
3316 3155 3479 3207 ἐπου-

248 3251 386 3306 modi
411 3254 801 3323 repetitionem
832 3233 944 3309 tam
993 3254 1327 3327 frequentem
1364 3258 1506 3327 apud
1548 3233 1806 3314 Basilium

1916 3252 2094 3322 ρανίου
2144 3251 2456 3320 βασιλείας,
2498 3251 2661 3319 quid,
2719 3264 2925 3319 quazso,
2971 3248 3234 3301 attinebat
3288 3243 3478 3299 eadem
3497 3289 3506 3310 .,

249 3342 550 3398 inusitatam
610 3361 770 3412 esse,
818 3361 886 3401 ex
932 3362 1106 3416 eaque
1157 3349 1352 3402 merito
1398 3350 1578 3420 colligi
1628 3365 1806 3420 posse,

251 3431 406 3488 hosce
437 3433 517 3489 De
553 3434 819 3504 baptismo
867 3437 1036 3492 libros
1067 3439 1133 3492 ad
1167 3440 1344 3507 ipsum
1375 3455 1485 3494 non
1514 3441 1806 3509 pertinere.

249 3522 311 3578 Et
359 3528 619 3597 quoniam
670 3527 905 3584 fortasse
963 3530 1070 3585 nisi
1124 3532 1431 3601 exemplum
1482 3533 1700 3602 aliquod
1740 3534 1810 3587 ob

247 3620 424 3676 oculos
477 3631 798 3689 poneretur,
852 3621 1042 3677 multis
1073 3637 1186 3676 non
1234 3623 1494 3678 credibile
1536 3625 1812 3680 videretur

245 3726 398 3780 quam
433 3712 491 3764 in
523 3713 679 3766 brevi
713 3712 892 3782 spatio
929 3728 1092 3769 voces
1123 3714 1228 3769 illa:
1272 3723 1605 3786 repetantur,
1642 3732 1808 3770 unum

245 3812 330 3855 aut
362 3803 593 3856 alterum
640 3804 823 3857 locum
857 3805 1128 3875 integrum
1174 3806 1486 3862 exscribere
1522 3809 1805 3871 constitui,

243 3897 299 3943 ut
343 3906 408 3945 ex
458 3893 548 3948 his
599 3893 670 3948 de
719 3893 842 3948 aliis
886 3895 1151 3964 judicium
1204 3897 1335 3950 ferri
1367 3899 1562 3966 possit.
1597 3900 1807 3954 Auctor

245 3977 400 4048 igitur
433 3980 513 4033 ita
555 3981 759 4037 alicubi
805 3983 949 4054 (pag.
993 3984 1120 4053 629)
1171 3987 1439 4055 scripsit:
1489 3989 1577 4041 Ἐν
1621 3989 1808 4064 ἀγάπῃ

243 4070 469 4140 Χριστοῦ
517 4073 696 4143 Ἰησοῦ
729 4075 824 4128 τοῦ
869 4077 1074 4147 Κυρίου
1113 4077 1289 4147 ἡμῶν,
1329 4079 1414 4130 ἐπ’
1459 4078 1632 4132 ἐλπίδι
1667 4081 1811 4149 ζωῆς

243 4162 451 4216 αίωνίου
493 4165 589 4216 καὶ
639 4165 964 4235 ἐπουρανίου
1007 4167 1300 4236 βασιλείας,
1335 4170 1428 4222 καὶ
1470 4170 1537 4221 τὰ
1569 4171 1811 4239 κρίματα

245 4251 330 4322 τῆς
353 4253 573 4317 δικαίας
603 4255 1016 4320 ἀνταποδόσεως
1045 4257 1151 4311 τῶν
1182 4276 1239 4311 τε
1275 4259 1567 4312 ποιούντων
1611 4261 1678 4312 τὰ
1718 4263 1813 4314 ἀπ·

240 4347 617 4416 ηγορευμένα,
659 4346 693 4417 ἦ
742 4347 1075 4401 ἀθετοῦντων
1109 4348 1179 4401 τὰ
1218 4350 1579 4420 ἐγκεκριμένα
1620 4352 1698 4412 είς
1731 4351 1814 4403 κό-

241 4437 389 4490 λασιν
431 4440 673 4502 αἰώνιον,
716 4438 812 4492 καὶ
837 4439 947 4491 τῶν
983 4440 1144 4505 ἀξίως
1173 4441 1270 4494 τοῦ
1318 4442 1649 4509 Εὑαγγελίου
1677 4441 1810 4495 Θεοῦ

241 4529 672 4600 πολιτευομένων
722 4531 779 4582 ἐν
844 4531 1160 4603 ὑγιαινούσῃ
1214 4531 1414 4594 πίστει,
1467 4531 1532 4583 δι’
1591 4533 1810 4603 ἀγάπης

241 4618 472 4687 Χριστοῦ
503 4619 891 4692 ἐνεργουμένη,
934 4622 1018 4672 ἐπ’
1054 4620 1228 4674 ἐλπίδι
1270 4620 1416 4692 ζωῆς
1455 4623 1670 4675 αἰωνίου
1716 4624 1810 4676 καὶ

245 4711 558 4782 ἐπουρανίου
607 4711 881 4780 βασιλείας
921 4712 1020 4782 τῆς
1054 4717 1112 4766 ἐν
1141 4713 1358 4784 Χριστῷ
1407 4713 1580 4782 Ἰησοῦ
1601 4715 1676 4785 τῷ
1706 4717 1810 4768 Κυ-

250 4802 334 4870 ρίῳ
349 4803 529 4872 ἡμῶν.
549 4803 721 4871 Λόγος
738 4803 801 4872 β’.
823 4804 945 4867 Πῶς
965 4803 1283 4874 βαπτίζεταί
1314 4824 1397 4867 τις
1418 4807 1558 4859 κατά
1575 4807 1634 4859 τὸ
1656 4809 1712 4860 ἐν
1731 4809 1808 4878 τῷ

247 4892 552 4964 Εὑαγγελίῳ
611 4896 707 4948 τοῦ
757 4898 966 4967 Κυρίου
1017 4897 1172 4966 ἡμῶν
1215 4896 1387 4966 Ἰησοῦ
1432 4898 1669 4966 Χριστοῦ
1721 4899 1810 4967 βά-

249 5000 464 5056 πτισμα.
511 4987 621 5056 Τοῦ
655 4990 859 5056 Κυρίου
904 4989 1058 5059 ἡμῶν
1109 4990 1280 5058 Ἰησοῦ
1319 4988 1554 5060 Χριστοῦ
1591 4990 1808 5060 ἐντολὴν

251 5076 527 5142 δεδωκότος
564 5081 696 5149 ἡμῖν
721 5081 938 5152 ἀγαπᾷν
974 5080 1228 5150 ἀλλήλους
1268 5079 1449 5143 καθὼς
1485 5081 1644 5144 αὐτὸς
1674 5081 1810 5149 ἠγά-

252 5186 409 5237 πησεν
449 5172 618 5241 ἡμᾶς,
657 5173 749 5224 καὶ
788 5172 876 5224 διὰ
924 5172 1135 5227 Παύλου
1174 5172 1266 5225 τοῦ
1322 5171 1616 5225 ἀποστόλου
1672 5172 1808 5224 διδά-

256 5273 459 5322 σκοντος
479 5263 652 5330 ἡμᾶς,
678 5262 963 5333 ἀνέχεσθαι
993 5263 1236 5334 ἀλλήλων
1269 5267 1325 5316 ὲν
1357 5264 1564 5334 ἀγάπῃ,
1595 5263 1656 5316 τὸ
1690 5264 1808 5316 ἐπί-

254 5363 420 5417 ταγμα
460 5350 564 5419 τῆς
599 5352 869 5422 ὑμετέρας
907 5355 965 5406 ἐν
1008 5354 1226 5424 Χριστῷ
1253 5355 1558 5417 εὐλαόείας,
1588 5355 1647 5406 τὸ
1679 5355 1808 5426 περὶ

253 5439 330 5492 τοῦ
368 5441 511 5494 κατὰ
559 5441 622 5494 τὸ
666 5444 990 5512 Εῦαγγέλιον
1030 5446 1122 5499 τοῦ
1164 5447 1366 5517 Κυρίου
1417 5446 1574 5517 ἡμῶν
1634 5447 1805 5518 Ἰησοῦ

253 5530 468 5600 Χριστοῦ
497 5534 840 5599 ἐνδοξοτάτου
869 5537 1256 5608 βαπτίσματος,
1303 5538 1594 5610 προθύμως
1628 5539 1804 5603 ἐδεξά-

257 5637 367 5687 μην,
400 5629 508 5677 etc.
565 5622 631 5676 In
664 5625 941 5680 dilectione
967 5625 1098 5680 Iesu
1129 5627 1328 5682 Christi
1357 5627 1571 5683 Domini
1611 5630 1799 5692 nostri,

309 5737 351 5767 “
378 5738 396 5791 Ι
421 5738 580 5796 Joan.
619 5759 700 5807 ιιι,
727 5745 778 5796 1.

1910 3345 2074 3398 verba
2103 3344 2286 3398 statim
2318 3343 2602 3414 repetere?
2629 3339 2736 3396 Sed
2767 3339 2838 3394 ad
2884 3339 3221 3410 propositum
3253 3352 3340 3390 me
3390 3350 3479 3390 re-

1912 3436 2046 3488 fero.
2079 3435 2228 3488 Alter
2261 3433 2427 3503 igitur
2463 3435 2637 3496 locus,
2669 3447 2830 3502 quem
2861 3429 3174 3486 exscribere
3205 3429 3477 3495 integrum

1910 3526 2060 3588 libet,
2092 3525 2179 3579 hic
2217 3532 2302 3580 est
2349 3524 2494 3594 (pag.
2531 3523 2658 3592 64.6)
2689 3542 2701 3576 ε
2736 3522 2866 3575 Τότε
2907 3521 3017 3590 γὰρ
3056 3518 3130 3581 ὠς
3172 3518 3299 3570 Υίὸν
3342 3515 3477 3572 Θεοῦ

1910 3619 2286 3688 ἐνδυσάμενος,
2333 3618 2680 3682 καταξιοῦται
2725 3616 2819 3668 τοῦ
2854 3615 3059 3667 τελείου
3107 3610 3336 3683 βαθμοῦ,
3384 3611 3479 3673 καὶΕ

1913 3708 2229 3778 βαπτίζεται
2268 3711 2348 3772 είς
2379 3709 2439 3761 τὸ
2472 3708 2640 3778 ὄνομα
2669 3707 2762 3760 τοῦ
2796 3705 3007 3776 Πατρὸς
3040 3701 3203 3756 αὐτοῦ
3239 3701 3330 3755 τοῦ
3362 3703 3477 3769 Κυέ

1913 3801 2029 3870 ρίου
2065 3800 2220 3871 ἡμῶν
2277 3799 2450 3869 Ἰησοῦ
2495 3798 2754 3870 Χριστοῦ,
2796 3795 2936 3850 κατά
2967 3795 3066 3866 τὴν
3095 3793 3186 3846 τοῦ
3231 3791 3476 3845 Ἰωάννου

1915 3894 2214 3964 μαρτυρίαν
2263 3893 2495 3954 διδόντος
2525 3890 2769 3958 ἐξουσίαν
2811 3889 2982 3966 τέκνα.
3025 3885 3160 3940 Θεοῦ
3203 3883 3477 3953 γενέσθαι,

1910 3984 2044 4035 Θεοῦ
2091 3984 2185 4036 τοῦ
2233 3984 2514 4051 λεγοντος·
2575 3981 2874 4046 Ἐξέλθετε
2920 3981 2988 4032 ἐκ
3031 3979 3224 4046 μέσου
3257 3974 3476 4037 αὐτῶν,

1912 4075 2010 4128 καὶ
2055 4077 2440 4143 ἀφορίσθητε,
2483 4074 2820 4143 ἀκαθάρτου
2865 4072 2948 4142 μὴ
2982 4070 3274 4125 ἅπτεσθε·
3319 4067 3478 4137 κάγὼ

1911 4167 2249 4236 εἰσδέξομαι
2296 4165 2473 4235 ὑμᾶς,
2519 4166 2619 4219 καὶ
2669 4165 2880 4233 ἔσομαι
2936 4161 3078 4232 ὑμῖν·
3113 4163 3199 4226 είς
3235 4159 3478 4225 πατέρα,

1913 4259 2009 4309 καὶ
2062 4258 2231 4325 ὑμεῖς
2273 4257 2489 4311 ἐσεσθέ
2525 4275 2626 4325 μοι
2670 4259 2754 4322 είς
2797 4255 2965 4320 υἱοὺς
3003 4253 3100 4306 καὶ
3132 4252 3474 4321 θυγατέρας,

1911 4349 2068 4417 ,λέγει
2100 4351 2310 4417 Κύριος
2336 4349 2775 4418 παντοκράτωρ,
2817 4348 2997 4418 χάριτι
3039 4345 3202 4398 αὑτοῦ
3243 4344 3333 4397 τοῦ
3373 4345 3480 4395 Κυ-

1915 4440 2028 4509 ρίου
2065 4441 2218 4510 ήμῶν
2259 4441 2434 4510 Ἰησοῦ
2479 4441 2715 4511 Χριστοῦ
2745 4440 2839 4493 τοῦ
2871 4437 3187 4508 μονογενοῦς
3217 4434 3347 4488 Υἱοῦ
3383 4433 3477 4487 τοῦ

1914 4531 2046 4584 Θεοῦ
2072 4531 2165 4585 τοῦ
2216 4531 2434 4596 ζῶντος,
2479 4534 2548 4585 ἐν
2603 4526 2651 4598 ᾧ
2689 4534 2825 4586 οὔτε
2864 4529 3146 4598 περιτομή
3175 4546 3231 4580 τι
3261 4527 3476 4593 ἰσχύει,

1915 4625 2050 4677 οὔτε
2080 4625 2461 4690 ἀκροϐυστία,
2508 4623 2667 4676 ἀλλὰ
2708 4625 2909 4688 πίστις
2941 4621 3015 4674 δι’
3049 4619 3282 4688 ἀγάπης
3325 4619 3480 4682 ἐνερ-

1915 4717 2196 4785 γουμένη,
2245 4714 2426 4778 καθὼς
2478 4716 2812 4784 γέγραπται·
2867 4713 2933 4766 δι’
2981 4709 3048 4783 ἦς
3102 4711 3296 4772 εὐὸδως
3349 4709 3478 4777 ἡμῖν

1917 4805 2268 4876 κατορθοῦται
2310 4806 2368 4858 τὸ
2419 4807 2702 4875 ἐπενεχθεν
2754 4804 3108 4874 συνημμένους
3145 4799 3222 4867 τῷ
3269 4814 3479 4867 παραγ-

1914 4897 2146 4964 γέλματι
2190 4895 2283 4948 τοῦ
2329 4896 2698 4967 βαπτίσματος
2733 4894 2882 4967 παρὰ
2920 4893 3012 4946 τοῦ
3066 4890 3226 4944 αὐτοῦ
3275 4889 3477 4958 Κυρίου

1917 4988 2072 5057 ἡμῶν
2136 4987 2307 5057 Ἰησοῦ
2358 4988 2594 5058 Χριστοῦ
2655 4989 2918 5053 εἰπόντος,
2974 4994 3078 5040 etc.
3145 4986 3287 5038 Tunc
3341 4983 3491 5035 enim.

1913 5080 2068 5147 quasi
2101 5077 2295 5132 Filium
2328 5079 2422 5132 Dei
2453 5082 2690 5142 indutus,
2726 5081 2786 5148 ﬁt
2823 5080 3008 5149 dignus
3036 5075 3204 5147 gradu
3230 5075 3476 5143 perfecto,

1913 5169 2310 5240 baptizaturque
2340 5174 2390 5225 in
2424 5189 2608 5226 nomen
2639 5173 2818 5226 Patris
2862 5173 3023 5239 ipsius
3055 5169 3264 5222 Domini
3311 5167 3479 5222 nostri

1909 5262 2037 5313 Iesu
2065 5261 2283 5325 Christi,
2315 5264 2403 5331 qui
2426 5264 2585 5331 juxta
2608 5261 2832 5314 Ioannis
2861 5260 3214 5313 testimonium
3238 5275 3352 5311 eam
3385 5273 3477 5324 ρος-

1910 5363 2146 5408 testatem
2167 5354 2326 5418 dedit,
2360 5365 2414 5407 ut
2453 5354 2545 5408 Dei
2570 5355 2849 5422 e/ﬁciamur
2877 5353 2975 5421 ﬁlii
2995 5354 3062 5415 Μ,
3091 5350 3206 5414 Dei,
3239 5351 3474 5418 inquam,

1909 5447 1996 5514 qui
2020 5445 2147 5498 dicit
2171 5460 2189 5497 :
2216 5462 2234 5496 ι
2279 5444 2432 5498 Exite
2460 5445 2522 5498 de
2547 5444 2715 5496 medio
2749 5461 2953 5506 eorum,
2983 5453 3031 5496 et
3065 5441 3397 5510 separemini,
3426 5448 3477 5492 et

1913 5535 2240 5588 immundum
2299 5553 2360 5590 ne
2409 5537 2684 5604 tetigeritis
2719 5552 2733 5587 :
2767 5546 2815 5589 et
2861 5554 2952 5606 ego
3000 5535 3248 5603 recipiam
3286 5545 3394 5597 vos,
3425 5538 3476 5583 et

1911 5645 1998 5682 ero
2033 5627 2172 5681 vobis
2209 5629 2261 5681 in
2295 5636 2517 5695 patrem,
2547 5638 2594 5682 et
2631 5646 2716 5684 vos
2742 5631 2889 5687 eritis
2916 5628 3040 5683 mihi
3071 5629 3123 5681 in
3159 5625 3290 5680 ﬁlios
3319 5632 3370 5680 et
3403 5623 3472 5694 ῥι-

317 5829 387 5900 (a)
424 5831 556 5904 Legi
604 5841 834 5904 possunt
886 5850 937 5904 p.
994 5832 1116 5900 626,
1161 5834 1283 5899 628,
1340 5832 1463 5901 629,
1520 5831 1648 5901 635,
1696 5830 1810 5900 635,

1913 5833 1977 5901 ιθ,
2013 5833 2137 5901 642,
2170 5833 2291 5899 sit,
2323 5833 2447 5899 (illi,
2478 5841 2580 5886 etc.
