3972 6202
500 394 605 450 M7

1864 395 2255 458 ΡΒᾸΕΕΑΤΙΟ.

3629 399 3733 460 H8

497 485 637 547 lias,
686 484 816 540 dicit
847 483 1103 541 Dominus
1151 477 1474 557 omnipotens
1526 487 1594 556 ³⁸,
1640 506 1660 540 ›
1705 503 1798 558 per
1838 493 2067 560 gratiam
2096 501 2141 556 Α
2167 492 2268 546 Dei
2288 493 2500 547 viventis
2535 491 2727 558 Filius,
2765 485 2880 548 etc.
2909 491 3032 547 Alio
3069 491 3191 546 loco
3221 491 3299 562 (p.
3332 488 3459 562 646)
3489 504 3503 542 :
3539 490 3734 563 Χάριτι

495 577 664 645 ipsius
709 576 922 632 Domini
969 580 1140 633 nostri
1183 577 1314 634 Iesu
1366 578 1596 645 Christi,
1633 582 1886 652 unigeniti
1937 582 2068 636 Filii

495 667 596 722 Dei
627 669 863 732 viventis.
904 687 923 722 ι
968 671 1023 724 in
1048 687 1150 740 quo
1189 687 1348 742 neque
1376 673 1712 728 circumcisio
1742 673 1943 743 aliquid
1977 691 2069 728 va-

496 769 585 821 tet,
621 777 780 830 neque
808 762 1144 830 praeputium,
1173 761 1262 816 sed
1303 762 1457 830 ﬁdes,
1486 779 1603 833 qua:
1629 779 1723 832 per
1753 762 2066 818 charitatem

495 863 744 922 operatur
765 854 830 921 ⁸³,
869 873 891 906 ι
924 854 1002 907 uti
1034 854 1287 922 scriptum
1313 863 1411 918 est,
1438 869 1530 921 per
1571 869 1730 922 quam
1764 853 1912 908 nobis
1939 870 2064 922 pro-

493 957 642 1008 spere
687 941 822 996 cedit
862 943 916 995 id
962 941 1100 1012 quod
1155 940 1220 994 ab
1270 942 1384 1009 ipso
1439 942 1662 996 Domino
1706 953 1886 998 nostro
1934 943 2065 999 Iesu

493 1035 706 1088 Christo
746 1035 1064 1088 continenter
1108 1050 1225 1088 cum
1257 1035 1591 1103 baptismatis
1619 1045 1874 1103 praecepto
1900 1051 2061 1106 appo-

492 1127 654 1180 situm
691 1135 790 1190 est,
820 1125 909 1179 ubi
939 1125 1097 1189 dixit,
1129 1133 1238 1180 etc.
1273 1125 1352 1180 Ex
1397 1140 1508 1195 quo
1542 1127 1662 1181 loco
1697 1134 1954 1197 tanquam
1994 1144 2062 1185 ex

493 1217 790 1288 specimine
817 1216 1052 1287 quodam
1092 1216 1317 1288 intelligi
1349 1225 1548 1286 potest,
1584 1233 1721 1286 opus
1761 1225 1937 1273 totum
1969 1235 2061 1274 va-

491 1308 592 1364 riis
650 1306 945 1377 Scripturae
976 1308 1304 1364 testimoniis
1358 1307 1604 1362 referciri
1649 1328 1663 1363 :
1711 1325 1835 1380 quae
1893 1326 2058 1380 quam

489 1397 630 1452 belle
663 1413 785 1451 cum
843 1398 1052 1468 reliqua
1092 1398 1340 1453 oratione
1397 1399 1724 1466 coluereant,
1775 1401 1866 1456 alii
1905 1401 2058 1457 vide-

440 1512 453 1552 ;
489 1490 622 1542 rint.
656 1487 760 1543 Sed
791 1488 935 1559 quod
967 1489 1034 1544 ad
1066 1505 1181 1543 rem
1216 1488 1367 1555 facit,
1407 1489 1676 1545 adnotabo
1711 1492 2056 1561 scriptorem,

489 1597 616 1635 cum
667 1596 854 1637 sacras
902 1583 1211 1652 Scripturas
1252 1583 1468 1647 citaret,
1520 1586 1576 1637 in
1625 1584 1765 1639 idem
1810 1586 2060 1639 reucola—

489 1675 616 1742 γίας
675 1673 862 1729 vitium
904 1675 1184 1730 incidisse.
1238 1675 1438 1729 Eadem
1497 1677 1665 1740 enim,
1726 1679 1890 1731 etiam
1931 1694 2054 1733 cum

487 1763 622 1816 nihil
667 1778 805 1832 opus
834 1771 938 1828 est,
972 1779 1117 1832 saepe
1161 1772 1495 1833 repetuntur.
1534 1764 1840 1834 Proponam
1876 1767 2052 1821 locum

2169 583 2331 642 αὐτοῦ
2380 584 2474 636 τοῦ
2523 584 2725 655 Κυρίου
2782 583 2956 656 Ἰησοῦ
3002 582 3238 654 Χριστοῦ
3273 580 3366 636 τοῦ
3421 583 3738 652 μονογενοῦς

2167 673 2298 728 Υίοῦ
2330 672 2426 732 τοῦ
2454 674 2586 728 Θεοῦ
2633 673 2725 728 τοῦ
2765 674 2984 740 ζῶντος,
3033 682 3142 730 etc.
3182 673 3288 728 Per
3313 674 3542 746 gratiam
3575 675 3737 742 ipsius

2165 764 2378 819 Domini
2409 767 2579 820 nostri
2615 765 2746 820 Iesu
2793 765 2991 822 Christi
3013 767 3262 838 unigeniti
3285 763 3411 819 Filii
3441 764 3538 819 Dei
3567 766 3737 819 viven-

2165 857 2254 924 tis,
2304 867 2411 913 etc.
2472 857 2765 929 Aliquanto
2833 863 2958 930 post
3007 857 3083 928 (p.
3143 857 3320 928 651):
3363 855 3617 928 Δηλονὸτι
3662 858 3739 920 εἰς

2163 948 2544 1015 ἀνεξάλειπτον
2585 951 2804 1022 μνήμην
2865 948 2960 1002 τοῦ
3003 950 3143 1020 ὑπὲρ
3178 949 3337 1020 ἡμῶν
3375 948 3737 1017 ἀποθανόντος

2176 1037 2349 1108 Ἰησοῦ
2375 1037 2608 1109 Χριστοῦ
2637 1039 2730 1092 τοῦ
2751 1039 2953 1108 Κυρίου
2968 1038 3147 1110 ἡμῶν,
3169 1039 3262 1092 καὶ
3279 1038 3614 1110 ὲγερθέντος,
3633 1045 3735 1093 etc.

2172 1126 2421 1183 Videlicet
2449 1129 2518 1183 ad
2557 1130 2884 1184 indelebilem
2915 1131 3226 1184 memoriam
3250 1128 3379 1184 Iesu
3405 1129 3608 1184 Christi
3635 1128 3739 1182 Do-

2160 1220 2290 1272 mini
2341 1223 2532 1286 nostri,
2599 1222 2690 1292 qui
2737 1237 2833 1290 pro
2888 1221 3038 1276 nobis
3085 1230 3327 1275 mortuus
3371 1231 3447 1276 est
3480 1229 3530 1275 et
3569 1235 3740 1274 resur-

2159 1311 2318 1374 rexit,
2373 1319 2483 1366 etc.
2528 1311 2731 1366 Ibidem
2769 1331 2782 1367 :
2826 1313 2913 1366 Ἐν
2950 1311 3030 1382 τῷ
3061 1311 3135 1382 μὴ
3165 1311 3254 1364 διὰ
3283 1311 3382 1382 τῆς
3409 1311 3629 1381 μνήμης
3648 1309 3737 1363 τοῦ

2161 1403 2302 1474 ὑπὲρ
2328 1402 2484 1472 ἡμῶν
2511 1403 2872 1467 ἀποθανόντος
2903 1406 2998 1460 καὶ
3028 1403 3343 1474 ἐγερθέντος
3389 1402 3564 1472 Ἰησοῦ
3606 1403 3739 1472 Χριη

2163 1492 2289 1545 στοῦ
2325 1492 2422 1546 τοῦ
2444 1494 2650 1565 Κυρίου
2669 1494 2846 1565 ἡμῶν,
2871 1494 2934 1546 τὸ
2962 1495 3249 1566 εἰρημένον
3279 1493 3599 1563 φυλάσσειν,
3632 1500 3735 1548 etc.

2162 1582 2315 1648 Quod
2337 1599 2437 1638 non
2484 1601 2576 1654 per
2596 1585 2903 1638 memoriam
2929 1583 3060 1638 Iesu
3089 1584 3288 1639 Christi
3318 1583 3531 1637 Domini
3572 1583 3738 1638 nostri
3772 1644 3777 1648 ,

2158 1675 2247 1742 qui
2272 1689 2368 1742 pro
2390 1676 2538 1729 nobis
2585 1684 2822 1728 mortuus
2850 1683 2928 1729 est
2971 1684 3022 1729 et
3049 1675 3356 1738 resurrexit,
3381 1684 3556 1728 servat
3595 1674 3731 1745 quod

2159 1761 2355 1814 dictum
2380 1775 2480 1826 est,
2509 1770 2616 1817 etc.
2646 1761 2757 1818 Nec
2786 1763 2860 1816 ita
2887 1763 3058 1818 multo
3091 1763 3232 1816 infra
3259 1762 3334 1833 (p.
3355 1763 3479 1830 655)
3505 1780 3519 1816 :
3543 1762 3738 1827 Καθὼς

489 1869 660 1906 unum
691 1853 984 1923 insignem,
1015 1853 1107 1923 qui
1144 1869 1268 1908 cum
1301 1854 1370 1908 iis
1403 1869 1522 1924 quae
1556 1855 1719 1924 patilo
1739 1863 1864 1910 ante
1893 1857 2056 1911 retuli

2165 1852 2527 1922 ἐπηγγείλατο
2543 1855 2570 1906 ὁ
2594 1853 2830 1924 ἀψευδὴς
2851 1853 3054 1924 Κύριος
3074 1853 3170 1906 καὶ⁹
3193 1852 3323 1916 Θεὸς
3344 1852 3502 1924 ἡμῶν
3533 1851 3738 1924 Ἰησοῦς

485 1944 670 1999 verbis
713 1945 1019 2014 comparari
1070 1944 1262 2014 possit.
1303 1944 1440 2000 Cum
1475 1947 1638 2016 igitur
1685 1954 1898 2010 auctor,
1933 1948 2058 2018 qui-

485 2049 705 2105 cunque
750 2035 841 2091 ille
883 2034 1008 2099 fuit,
1043 2037 1258 2092 locutus
1307 2037 1500 2092 fuisset
1530 2038 1626 2103 ita,
1673 2047 1731 2092 ut
1763 2054 1886 2093 mox
1923 2039 2056 2107 dixi,

487 2126 675 2178 statim
718 2125 823 2180 hoc
856 2125 1018 2182 modo
1059 2129 1408 2200 persequitur
1450 2132 1596 2200 (pag.
1648 2130 1815 2200 648):
1852 2130 1954 2184 Τὸν
2001 2132 2059 2185 δὲ

486 2218 615 2273 Υἰὸν
641 2218 736 2273 τοῦ
765 2220 900 2273 Θεοῦ
935 2221 1282 2292 ἐνδυσάμενοι
1307 2223 1397 2275 τὸν
1428 2223 1584 2276 δόντα
1613 2221 1861 2287 ἐξουσίαν
1894 2224 2058 2278 τέκνα

485 2309 622 2363 Θεοῦ
660 2310 933 2379 γενέσθαι,
964 2313 1021 2365 ὲν
1048 2313 1271 2382 ὀνόματι
1313 2313 1408 2366 τοῦ
1437 2313 1646 2384 Πατρὸς
1666 2312 2056 2383 βαπτιζόμεθα,

485 2399 581 2452 καὶ
627 2399 793 2454 τέκνα
838 2400 973 2454 Θεοῦ
1023 2403 1470 2474 ἀναγορευόμεθα
1517 2405 1612 2457 τοῦ
1661 2404 2058 2474 προστάξαντος

485 2491 581 2544 καὶ
604 2491 1092 2563 ἐπαγγειλαμένου,
1133 2493 1316 2558 καθὼς
1347 2491 1499 2548 εἶπεν
1540 2497 1568 2548 ὁ
1597 2497 1882 2566 προφήτης
1905 2513 1918 2529 ·
1960 2496 2056 2549 Διὸ

483 2581 762 2647 ἑξέλθετε
797 2583 866 2636 ἐκ
891 2582 1094 2652 μέσου,
1117 2584 1318 2638 αὐτῶν
1344 2585 1442 2640 καὶ
1471 2585 1857 2653 ἀφορίσθητε,
1896 2585 2058 2655 λέγει

483 2675 721 2741 Κύριος,
759 2675 860 2728 καὶ
897 2674 1234 2744 ἀκαθάρτου
1271 2675 1358 2745 μὴ
1391 2677 1682 2730 ἅπτεσθε*
1723 2676 1886 2746 κάγὼ
1929 2680 2056 2732 εισ-

485 2765 730 2835 δέξομαι
774 2765 931 2836 ὑμᾶς
973 2767 1072 2820 καὶ
1115 2768 1329 2838 ἔσομαι
1369 2767 1512 2837 ὑμῖν
1549 2771 1636 2834 εὶς
1670 2768 1912 2837 πατέρα,
1957 2768 2057 2823 καὶ

485 2857 661 2924 ὑμεῖς
695 2855 916 2911 ἔσεσθέ
945 2875 1047 2926 μοι
1075 2859 1163 2924 είς
1188 2857 1360 2924 υἱοὺς
1391 2857 1491 2911 καί
1517 2857 1859 2927 θυγατέρας,
1893 2858 2058 2928 λέγει

484 2948 701 3014 Κύριος
748 2945 1184 3016 παντοκράτωρ.
1230 2946 1519 3020 Postquam
1569 2959 1746 3002 autem
1773 2947 2048 3003 induimus

487 3038 584 3092 Dei
610 3035 834 3102 Filium,
860 3039 950 3109 qui
980 3055 1095 3093 eam
1137 3048 1464 3109 potestatem,
1511 3048 1567 3092 ut
1599 3038 1694 3093 Dei
1727 3040 1829 3108 lilii
1860 3041 2054 3110 eﬁieia-

487 3145 608 3181 mur
633 3128 845 3197 prabet,
876 3130 932 3184 in
960 3129 1168 3184 nomine
1193 3129 1373 3184 Patris
1401 3129 1751 3197 baptizamur,
1787 3130 2054 3214 prtedica-
2079 3170 2123 3228 Ω

486 3237 705 3291 namque
755 3221 860 3292 ﬁlii
909 3221 1025 3287 Dei,
1077 3223 1166 3292 qui
1206 3223 1452 3292 pracepit
1488 3231 1538 3276 et
1588 3222 1774 3286 edixit,
1811 3210 1951 3277 velut
1975 3210 2052 3276 ait

486 3311 739 3382 propheta
768 3327 789 3367 :
823 3331 842 3364 ι
895 3311 1223 3381 Quapropter
1267 3313 1402 3367 exite
1439 3313 1502 3367 de
1557 3314 1724 3367 medio
1771 3330 1972 3377 eorum,
2003 3322 2055 3369 et

487 3404 821 3472 separemini,
854 3403 983 3457 dicit
1022 3403 1304 3468 Dominus,
1331 3412 1382 3458 et
1423 3403 1752 3457 immundum
1787 3420 1850 3458 ne
1882 3406 2057 3474 tetige-

487 3496 607 3549 ritis
636 3510 656 3548 :
684 3504 737 3550 et
771 3512 864 3566 ego
894 3496 1143 3564 recipiam
1186 3511 1298 3560 vos,
1346 3504 1397 3550 et
1443 3512 1535 3550 ero
1559 3496 1703 3551 vobis
1740 3498 1795 3551 in
1828 3509 2054 3568 patrem,

486 3594 537 3638 et
571 3601 660 3640 vos
691 3585 842 3640 eritis
886 3585 1015 3638 mihi
1053 3585 1109 3638 in
1151 3584 1292 3654 ﬁlios
1337 3593 1387 3638 et
1417 3584 1584 3653 filias,
1623 3585 1754 3639 dicit
1795 3585 2056 3640 Dominus

487 3675 872 3743 omnipotens.»
897 3672 998 3728 Hic
1027 3682 1386 3745 prmterquam
1413 3675 1558 3745 quod
1591 3675 1734 3730 idem
1762 3674 2058 3745 Scriptura;

486 3766 882 3831 testimonium,
912 3765 1005 3820 ubi
1031 3781 1139 3820 non
1173 3765 1247 3820 ita
1282 3765 1511 3818 multum
1541 3781 1678 3837 opus
1710 3773 1848 3832 erat,
1885 3767 1970 3821 bis
2000 3768 2058 3821 in

488 3856 640 3910 brevi
684 3857 861 3927 spatio
890 3858 1188 3927 repetitur,
1227 3863 1488 3927 praeterea
1533 3866 1588 3911 et
1633 3872 1795 3912 voces
1839 3864 1894 3912 et
1940 3873 2061 3913 sen-

489 3946 708 4013 tentia,
761 3961 884 4017 qua:
950 3955 1182 4017 utroque
1236 3948 1292 4000 in
1349 3947 1469 4000 loco
1523 3944 1822 4016 Scriptura:
1872 3946 2056 4003 verbis

487 4044 766 4104 prmeunt,
818 4033 1019 4090 eaedem
1080 4049 1297 4104 quoque
1352 4041 1480 4088 sunt
1525 4052 1537 4086 :
1581 4049 1745 4103 quam
1803 4036 2056 4088 ταυτολοφ

489 4125 615 4194 γίας
664 4135 850 4180 notam
897 4124 1315 4194 copiosissimus
1363 4125 1448 4178 vir
1493 4123 1732 4180 Basilius
1763 4125 1868 4180 sibi
1912 4126 2059 4181 inuri

489 4229 769 4286 nunquam
798 4229 994 4285 passus
1018 4221 1185 4269 esset.
1218 4212 1403 4284 Neque
1429 4229 1555 4268 vero
1594 4229 1757 4270 voces
1787 4215 1912 4279 illm,
1941 4215 2057 4271 Κύ-

491 4325 608 4378 ριος
657 4307 814 4378 ἡμῶν
877 4305 1084 4377 Ἰησοῦς
1114 4305 1369 4376 Χριστός,
1403 4312 1724 4377 repetuntur
1779 4307 1956 4360 solum
2001 4307 2057 4364 in

488 4399 577 4452 his
634 4396 713 4451 De
775 4396 1035 4466 baptisma
1082 4397 1239 4452 libris
1277 4395 1637 4466 frequentius,
1693 4411 1856 4466 quam
1913 4397 2058 4466 apud

2159 1943 2413 2014 Χριστός,
2435 1945 2571 1997 sicut
2589 1945 2829 2012 promisit
2845 1959 3003 2000 verax
3019 1943 3297 2005 Dominus,
3324 1953 3374 1998 et
3392 1943 3536 1998 Deus
3565 1954 3738 2002 noster

2157 2031 2311 2088 Iesus
2337 2033 2601 2090 Christus.
2660 2034 2775 2089 Hoc
2806 2036 2929 2106 ipso
2981 2035 3036 2092 in
3061 2036 3186 2090 loco
3215 2053 3228 2089 :
3267 2035 3341 2088 Τὸ
3369 2033 3655 2106 ἐρώτημα,
3689 2038 3737 2091 εί

2159 2125 2252 2178 καὶ
2283 2125 2621 2183 παντάπασιν
2650 2126 2866 2191 ἀνάξιον
2908 2127 3110 2190 παντὸς
3153 2125 3247 2183 τοῦ
3297 2125 3736 2197 καταδεξαμένου

2157 2217 2433 2286 ὁμολογεῖν
2470 2217 2561 2272 τὸν
2610 2217 2813 2290 Κύριον
2852 2218 3009 2289 ἡμῶν
3052 2217 3259 2288 Ἰησοῦν
3295 2217 3534 2288 Χριστὸν
3581 2236 3738 2289 μονο-

2156 2307 2290 2377 γενῆ
2322 2308 2448 2364 Υίὸν
2466 2307 2558 2361 τοῦ
2580 2309 2714 2364 Θεοῦ
2751 2309 2845 2364 τοῦ
2879 2309 3098 2374 ζῶντος,
3129 2310 3196 2366 δι’
3231 2305 3291 2364 οὗ
3315 2309 3384 2364 τά
3414 2309 3595 2364 πάντα
3622 2310 3739 2378 ἐγέ-

2157 2413 2278 2453 νετο
2300 2397 2369 2450 τά
2383 2414 2443 2450 τε
2467 2397 2634 2464 ὁρατά
2652 2399 2833 2456 καὶτὰ
2849 2399 3076 2471 ἀόρατα,
3095 2406 3202 2454 etc.
3226 2399 3275 2452 Η
3282 2415 3358 2454 azc
3369 2401 3591 2470 quwstio
3612 2409 3741 2454 tant-

2155 2489 2256 2543 etsi
2282 2503 2498 2556 prorsus
2526 2489 2742 2561 indigna
2756 2498 2833 2544 est
2860 2506 3184 2560 quocunque,
3226 2491 3316 2560 qui
3332 2489 3621 2546 Dominum
3648 2506 3740 2544 no—

2156 2590 2326 2635 strum
2335 2580 2515 2636 Iesum
2531 2581 2794 2638 Christum
2812 2583 3130 2653 unigenitum
3145 2582 3239 2636 Dei
3254 2581 3475 2647 Filium,
3490 2599 3583 2652 per
3592 2598 3738 2653 quem

2158 2668 2336 2721 omnia
2366 2677 2474 2723 tam
2504 2669 2733 2723 visibilia
2761 2687 2920 2740 quam
2939 2669 3226 2725 invisibilia
3248 2671 3395 2740 facta
3422 2681 3570 2736 sunt,
3616 2687 3738 2726 con-

2158 2758 2298 2826 ﬁteri
2334 2775 2438 2812 non
2477 2761 2756 2826 recusarit,
2798 2770 2905 2816 etc.
2936 2760 3052 2816 Sub
3090 2760 3253 2816 linem
3292 2761 3368 2832 (p.
3402 2763 3530 2833 67*2)
3569 2763 3672 2818 :Et
3708 2764 3736 2816 ὀ

2155 2846 2360 2918 Κύριος
2391 2847 2548 2918 ἡμῶν
2595 2849 2798 2920 Ἰησοῦς
2826 2851 3080 2922 Χριστὸς,
3113 2853 3142 2904 ὁ
3170 2852 3463 2924 μονογενὴς
3493 2853 3624 2918 Υἱὸς
3645 2852 3736 2908 ⁶ιὀῦ

2155 2934 2288 2988 Θεοῦ
2312 2935 2405 2994 τοῦ
2433 2935 2652 3001 ζῶντος,
2685 2938 2752 2990 δι’
2785 2930 2846 2991 οῦ
2876 2938 2946 2991 τὰ
2982 2939 3160 2996 πάντα
3201 2939 3417 3007 ἐγένετο
3462 2940 3640 3012 ὁρατά
3679 2958 3737 2996 τε

2157 3025 2251 3078 καὶ
2299 3026 2523 3100 ἀόρατα,
2571 3026 2715 3101 ζωὴν
2759 3027 2916 3097 ἔχων,
2971 3035 3077 3083 etc.
3131 3026 3191 3082 Si
3243 3027 3501 3084 Dominus
3537 3038 3734 3099 noster,

2155 3115 2313 3174 Iesus
2351 3117 2596 3175 Christus
2652 3119 2952 3189 unigenitus
3003 3118 3179 3175 Filius
3220 3119 3319 3176 Dei
3362 3121 3603 3186 viventis,
3651 3136 3738 3190 per

2156 3224 2308 3280 quem
2341 3209 2518 3263 omnia
2536 3218 2645 3265 tum
2691 3209 2918 3265 visibilia
2961 3219 3073 3264 tum
3103 3209 3391 3264 invisibilia
3421 3211 3567 3280 facta
3595 3221 3734 3278 sunt,

2156 3302 2247 3371 qui
2280 3303 2442 3356 vitam
2467 3301 2641 3366 habet,
2673 3312 2777 3356 etc.
2815 3303 2875 3355 In
2910 3302 3028 3371 ipso
3071 3301 3178 3359 line
3211 3303 3288 3372 (p.
3331 3302 3458 3375 675)
3493 3321 3508 3358 :
3542 3303 3736 3368 Καθὼς

2159 3392 2524 3463 ἐπηγγείλατο
2546 3394 2577 3450 ὁ
2596 3393 2831 3465 ἀψευδὴς
2857 3393 3059 3466 Κύριος
3075 3395 3170 3447 καὶ
3189 3393 3321 3458 Θεὸς
3343 3395 3502 3465 ήμῶν
3534 3393 3737 3466 Ἰησοῦς

2157 3483 2415 3553 Χριστὸς,
2450 3485 2480 3538 ὁ
2513 3483 2807 3556 μονογενὴς
2851 3482 2946 3536 τοῦ
2983 3482 3118 3538 Θεοῦ
3149 3483 3348 3548 ζῶντος
3389 3485 3538 3549 Υἱός,
3567 3502 3736 3556 quem-

2159 3575 2446 3631 admodum
2507 3577 2750 3644 promisit
2802 3589 2960 3629 verax
2998 3574 3255 3635 Dominus
3295 3585 3342 3629 et
3384 3574 3524 3632 Deus
3567 3586 3738 3632 noster

2157 3665 2318 3721 Iesus
2370 3665 2635 3732 Christus,
2692 3667 2988 3738 unigenitus
3014 3666 3112 3726 Dei
3140 3667 3240 3726 vivi
3280 3665 3476 3720 Filius.
3503 3666 3736 3724 Basilius

2159 3765 2342 3813 autem
2359 3757 2537 3814 sicubi
2553 3758 2628 3825 (id
2647 3757 2792 3828 quod
2809 3759 3028 3828 parcius
3045 3757 3194 3829 fecit)
3215 3757 3301 3814 his
3317 3757 3518 3825 verbis,
3536 3759 3738 3833 Κύριος

2158 3845 2319 3917 ἡμῶν
2354 3846 2562 3917 Ἰησοῦς
2599 3849 2859 3920 Χριστός,
2890 3864 3025 3904 usus
3045 3856 3130 3906 est
3164 3866 3178 3904 :
3209 3862 3481 3916 nusquam
3531 3856 3734 3912 tamen.

2160 3937 2306 4008 quod
2346 3938 2565 4008 quidem
2597 3940 2792 4005 sciam,
2829 3955 2894 3996 ea
2923 3955 3046 4012 quas
3090 3954 3219 3997 mox
3252 3938 3488 3998 vidimus
3521 3941 3733 3998 addita-

2158 4038 2344 4085 menta
2373 4031 2506 4102 ipsis
2537 4032 2839 4101 conjunxit.

2229 4118 2324 4175 56.
2356 4119 2511 4174 Nunc
2536 4136 2836 4191 proponam
2871 4121 2998 4186 alia,
3031 4123 3594 4196 quatasuperioribus
3626 4137 3733 4180 non

2159 4209 2235 4265 ita
2281 4211 2514 4268 multum
2561 4211 2848 4266 abludunt.
2897 4213 3106 4268 Auctor
3137 4230 3262 4269 cum
3306 4215 3530 4287 aliquod
3565 4229 3734 4271 sacra:

2162 4300 2457 4373 Scripturae
2472 4303 2844 4359 testimonium
2863 4305 3109 4376 proferre
3119 4307 3253 4372 vult,
3269 4314 3423 4362 tanto
3443 4306 3732 4362 verborum

2163 4393 2400 4448 circuitu
2428 4394 2620 4462 utitur,
2653 4403 2712 4453 ut
2745 4395 2804 4450 in
2831 4397 2935 4452 hoc
2988 4413 3206 4468 quoque
3252 4413 3450 4453 novam
3491 4397 3732 4468 peregri-

487 4488 751 4543 Basilium
803 4487 923 4544 ﬁeri
963 4487 1128 4554 solet,
1173 4487 1269 4542 sed
1314 4487 1433 4541 alia;
1461 4487 1623 4542 etiam
1675 4501 1784 4541 non
1827 4501 1895 4540 ex
1927 4502 2058 4540 san-
2089 4511 2133 4564 ι)
2165 4485 2356 4541 nitatis
2401 4495 2587 4542 notam
2633 4487 2820 4545 videre
2872 4489 3006 4544 mihi
3059 4491 3213 4546 visus
3258 4490 3384 4546 sim.
3414 4489 3482 4543 Et
3527 4498 3589 4544 ut
3621 4504 3730 4544 rem

491 4582 729 4637 ctiSsimi
756 4579 939 4635 Patris
982 4578 1380 4636 consuetudine
1409 4578 1542 4648 ipsis
1575 4578 1871 4632 adduntur.
1920 4578 2053 4633 Rem

486 4672 736 4742 exempla
794 4671 1084 4725 clariorem
1140 4669 1386 4725 reddent.
1447 4666 1694 4738 Scriptor
1747 4668 1914 4738 igitur
1972 4669 2056 4723 sic

490 4764 681 4832 incipit
713 4765 860 4832 (pag.
912 4760 1084 4829 62H:
1125 4760 1184 4814 Ὀ
1230 4759 1434 4830 Κύριος
1480 4759 1636 4829 ἡμῶν
1690 4757 1899 4828 Ἰησοῦς
1931 4759 2060 4829 Χρι-

487 4855 612 4918 στὸς
632 4857 661 4908 ὁ
696 4853 986 4924 μονογενὴς
1015 4851 1140 4915 Υἱὸς
1163 4850 1259 4904 τοῦ
1285 4851 1420 4904 Θεοῦ
1452 4850 1547 4904 τοῦ
1579 4849 1802 4914 ζῶντος,
1822 4858 1929 4905 etc.
1955 4850 2058 4904 Do-

485 4947 661 4999 minus
693 4955 866 4998 noster
892 4942 1048 4998 Iesus
1078 4941 1339 5006 Christus,
1372 4942 1668 5012 unigenitus
1709 4940 1809 4994 Dei
1842 4941 2058 4994 viventis

488 5037 686 5100 Filius,
723 5047 830 5091 etc.
852 5035 996 5090 Alibi
1048 5038 1124 5089 ita
1165 5034 1408 5104 loquitur
1439 5036 1516 5104 (p.
1561 5032 1687 5103 628)
1725 5052 1738 5088 :
1777 5034 1888 5104 Τήν
1915 5050 1975 5086 τε
1997 5035 2056 5089 ὲν

485 5130 629 5198 ἀρχῇ
663 5125 758 5179 τοῦ
789 5125 924 5179 Θεοῦ
976 5126 1063 5181 διὰ
1112 5125 1205 5179 τοῦ
1255 5123 1572 5196 μονογενοῦς
1612 5122 1778 5180 αὐτοῦ
1805 5122 1936 5179 Υίοῦ
1961 5123 2056 5178 τοῦ

487 5219 693 5290 Κυρίου
719 5220 813 5272 καὶ
831 5218 966 5274 Θεοῦ
1001 5218 1156 5289 ἡμῶν
1187 5216 1362 5289 Ἰησοῦ
1399 5214 1656 5286 Χριστοῦ,
1685 5223 1794 5270 etc.
1834 5213 1999 5270 Initio
2023 5232 2057 5268 a

486 5313 600 5367 Deo
623 5326 715 5380 per
742 5312 1063 5381 unigenitum
1087 5327 1240 5365 suum
1265 5307 1469 5362 Filium
1497 5307 1781 5362 Dominum
1811 5316 1860 5360 et
1895 5305 2058 5360 Deum

485 5417 725 5464 nostrum
738 5405 919 5461 Iesum
942 5404 1232 5472 Christum,
1248 5412 1355 5460 etc.
1379 5401 1590 5458 Rursus
1605 5401 1677 5471 (p.
1695 5400 1819 5471 629)
1842 5419 1856 5455 :
1874 5401 2059 5466 Οὕτως

485 5498 597 5568 γὰρ
631 5497 794 5560 αὐτὸς
819 5499 848 5550 ὁ
872 5497 1073 5567 Κύριος
1104 5496 1199 5548 καὶ
1233 5494 1365 5558 Θεὸς
1396 5493 1552 5565 ἡμῶν
1592 5491 1796 5564 Ἰησοῦς
1824 5491 2056 5562 Χριστὸς

485 5586 516 5637 ὁ
541 5583 830 5655 μονογενὴς
859 5583 987 5647 Υἱὸς
1006 5582 1099 5635 τοῦ
1127 5581 1262 5636 Θεοῦ
1286 5582 1506 5646 ζῶντος,
1529 5591 1638 5637 etc.
1671 5580 1700 5636 1
1706 5591 1760 5636 ια
1790 5581 1929 5637 enim
1948 5579 2054 5636 Do-

485 5673 658 5726 minus
691 5672 796 5738 ipse
824 5683 872 5726 et
901 5671 1041 5726 Deus
1085 5683 1258 5727 noster
1281 5671 1436 5727 Iesus
1466 5671 1728 5740 Christus,
1761 5671 2056 5742 unigenitus

559 5768 607 5807 ⁸³
647 5767 688 5824 ll
720 5769 845 5825 Cor.
883 5787 932 5826 γι
957 5815 970 5840 ,
1012 5771 1095 5826 l7.
1172 5772 1216 5802 ⁸³
1254 5769 1428 5826 Galat.
1467 5787 1519 5839 ν,
1556 5770 1609 5828 6.

2162 4577 2300 4648 ipsis
2362 4577 2539 4632 oculis
2592 4577 2903 4647 subjiciam,
2937 4580 3004 4635 ad
3047 4580 3294 4650 exempla
3337 4578 3613 4650 confugio.
3653 4577 3729 4632 Ita

2159 4685 2289 4740 ergo
2303 4677 2495 4724 auctor
2509 4669 2700 4726 scribit
2715 4669 2794 4742 (p.
2825 4671 2958 4734 660)
2985 4690 2999 4728 :
3029 4671 3229 4736 Καθὼς
3241 4670 3390 4726 εἶπεν
3409 4673 3571 4736 αὐτὸς
3583 4673 3611 4725 ὁ
3627 4671 3731 4725 Κύ-

2163 4776 2276 4832 ριος
2300 4758 2455 4831 ἡμῶν
2488 4759 2695 4830 Ἰησοῦς
2718 4763 2990 4833 Χριστὸςὸ
3014 4763 3305 4835 μονογενὴς
3331 4763 3456 4825 Υἱὸς
3472 4761 3566 4816 τοῦ
3595 4760 3728 4815 Θεοῦ

2159 4853 2252 4906 τοῦ
2269 4852 2470 4917 ζῶντος
2486 4869 2500 4883 ο
2520 4852 2808 4922 Μακάριοι
2826 4857 2880 4909 ol
2893 4853 3228 4920 πεινῶντες.
3247 4855 3396 4908 Sicut
3414 4854 3522 4922 ipse
3546 4851 3730 4906 Domi-

2160 4961 2258 5000 nus
2286 4955 2460 4998 noster
2488 4943 2646 5000 Iesus
2680 4944 2921 5004 Christus
2937 4948 3232 5018 unigenitus
3249 4945 3347 5004 Dei
3375 4945 3588 5000 viventis
3633 4943 3728 4996 Fi—

2159 5034 2262 5088 lius
2276 5033 2444 5089 dixit:
2466 5034 2650 5090 «Beati
2667 5036 2758 5106 qui
2785 5037 3044 5100 esuriunt,
3061 5055 3080 5088 ι
3102 5047 3206 5092 etc.
3233 5035 3449 5092 Rursus
3465 5038 3540 5106 (p.
3561 5033 3722 5105 671).:

2159 5125 2326 5196 Δῆλον
2345 5163 2364 5189 ,
2387 5125 2470 5178 ὅτι
2529 5125 2624 5180 καὶ
2680 5124 2858 5180 πάντα
2879 5125 3279 5196 ἀσφαλέστερον
3323 5123 3722 5196 παιδευόμεθα,

2163 5215 2587 5287 μνημονεύοντες
2617 5214 2782 5271 αὑτοῦ
2823 5214 2918 5269 τοῦ
2961 5216 3166 5286 Κυρίου
3199 5217 3356 5288 ἡμῶν
3396 5216 3570 5287 Ἰησοῦ
3595 5217 3727 5287 Χρι-

2161 5304 2288 5358 στοῦ
2315 5303 2408 5359 τοῦ
2445 5302 2763 5374 μονογενοῦς
2785 5303 2919 5357 Υίοῦ.
2937 5301 3031 5357 τοῦ
3045 5302 3181 5358 Θεοῦ
3206 5302 3300 5357 τοῦ
3324 5302 3543 5369 ζῶντος,
3566 5300 3726 5373 ἡνίκα

2177 5395 2423 5464 Ἰωάννης
2467 5396 2497 5447 ὁ
2529 5393 2836 5464 Βαπτιστὴς
2877 5389 3031 5448 εἶπεν
3079 5393 3258 5464 αὐτῷ·
3319 5393 3468 5462 Ἐγὼ
3518 5392 3726 5462 χρείαν

2159 5485 2278 5556 ἔχω
2306 5485 2424 5540 ὑπὸ
2459 5485 2576 5539 σοῦ
2593 5484 3025 5552 βαπτισθῆναι,
3055 5484 3151 5538 καὶ
3177 5483 3256 5538 σὺ
3277 5484 3424 5554 ἔρχῃ
3458 5483 3607 5552 πρὸς
3622 5481 3721 5552 μέ·

2157 5577 2627 5652 ἀποκριναμένου,
2675 5577 2758 5630 ὅτι
2807 5577 2979 5649 Ἄφες
3017 5574 3166 5648 ἄρτι,
3220 5582 3328 5630 etc.
3383 5574 3725 5644 Perspicuum

2163 5678 2238 5726 est
2261 5670 2440 5727 omnia
2466 5669 2626 5725 etiam
2648 5685 2680 5723 a
2705 5667 2852 5726 nobis
2876 5668 3064 5726 certius
3079 5668 3232 5734 disci,
3253 5668 3298 5722 si
3321 5667 3486 5738 ipsius
3516 5663 3724 5723 Domini
