3972 6202
269 366 374 420 “9

1654 361 2040 419 PREFATIO.

3413 363 3522 421 150

270 459 579 515 nostriJestt
618 459 822 514 Christi
870 461 1127 531 unigeniti
1176 459 1305 514 Filii
1343 460 1441 514 Dei
1469 460 1569 514 vivi
1598 476 1848 512 memores
1879 467 1926 520 Α
1951 475 2090 513 num.
2113 457 2489 528 repetitionem
2532 466 2842 527 perpetuam
2872 457 2925 512 in
2966 457 3052 514 bis
3081 459 3234 516 libris
3256 461 3517 532 reperiri:

270 556 461 615 simus,
483 553 713 622 quicum
742 551 981 606 Joannes
1019 554 1263 619 Baptista
1299 553 1347 606 ei
1373 553 1596 605 dixisset
1629 568 1645 604 :
1677 571 1695 603 ι
1719 551 1854 604 Mihi

272 661 406 712 opus
435 653 508 697 est
559 653 614 695 ut
645 643 740 696 abs
784 653 833 696 te
882 644 1140 711 baptiaer,
1172 653 1220 696 et
1274 654 1328 694 tu
1375 644 1514 696 venis
1580 641 1648 694 ad
1692 658 1791 700 me,
1828 659 1847 692 ι

272 735 560 803 respondit,
601 753 618 784 ι
654 732 779 787 Sine
813 734 966 787 modo
989 734 1056 797 ⁵⁸,
1081 753 1097 783 ι
1125 743 1230 788 etc.
1265 732 1456 786 Statim
1488 732 1564 802 (p.
1585 730 1850 800 6⁵11),Τοῦ

274 827 480 897 Κυρίου
536 824 696 895 ἡμῶν
739 823 915 894 Ἰησοῦ
946 822 1182 893 Χριστοῦ
1211 821 1304 875 τοῦ
1363 820 1681 892 μονογενοῦς
1724 819 1852 873 Υἰοῦ

272 916 367 970 τοῦ
412 914 572 977 Θεοῦ,
618 916 686 968 δι’
738 908 800 967 οὗ
847 915 917 967 τὰ
968 915 1147 967 πάντα
1185 914 1400 981 ἐγένετο
1441 911 1614 982 ὁρατά
1651 929 1711 964 τε
1760 912 1854 966 καὶ

273 1007 500 1075 ἀόρατα,
530 1004 923 1075 ὁμολογοῦντος
947 1004 1067 1073 μὲν,
1093 1005 1172 1056 ὅτι
1200 1005 1319 1056 Οὐκ
1344 1002 1712 1070 ἀπεστάλην,
1745 1012 1849 1056 ctc.

275 1098 408 1151 Cum
435 1097 698 1151 Dominus
725 1106 900 1149 noster
943 1095 1098 1148 Jesus
1131 1094 1368 1148 Christus
1419 1095 1711 1163 unigenitus
1755 1092 1854 1148 Dei

281 1186 476 1252 Filius,
517 1203 612 1256 per
633 1203 786 1255 quem
809 1186 986 1238 omnia
1014 1185 1156 1253 facta
1189 1194 1308 1239 sunt
1332 1194 1380 1238 et
1402 1184 1629 1238 visibilia
1650 1194 1698 1236 et
1723 1184 1856 1236 inri-

281 1281 459 1335 sibilia
491 1280 828 1348 conﬁteatur,
863 1299 878 1328 ι
917 1276 1039 1329 Non
1081 1295 1194 1330 sum
1219 1279 1429 1338 missus,
1463 1297 1482 1328 ›
1520 1284 1626 1330 etc.
1667 1275 1856 1345 Neque

283 1374 456 1428 solum
478 1373 736 1441 scriptor,
763 1387 887 1424 cum
921 1368 1197 1424 Christum
1232 1368 1517 1422 Dominum
1542 1369 1853 1438 loquentem

285 1464 510 1527 inducit,
571 1462 765 1530 majori
817 1461 1104 1516 verborum
1156 1470 1414 1528 apparatu
1461 1459 1650 1522 utitur,
1690 1474 1853 1528 quam

289 1556 517 1610 Basilius
543 1555 718 1608 soleat
751 1572 764 1606 :
805 1554 899 1608 sed
938 1555 1080 1608 idem
1127 1553 1288 1606 etiam
1326 1550 1455 1605 facit
1478 1565 1602 1605 cum
1636 1558 1856 1619 aposto-

290 1651 395 1704 lum
450 1646 686 1701 Paulum
749 1646 954 1699 laudat.
993 1645 1056 1697 Et
1091 1644 1345 1713 quoniam
1379 1643 1535 1714 pauci
1579 1650 1727 1704 sunt,
1761 1643 1853 1712 qui

293 1737 553 1808 ejusmodi
591 1739 714 1791 loca
774 1738 831 1792 in
893 1737 1027 1804 ipsis
1068 1735 1308 1790 fontibus
1361 1744 1630 1805 quaerant,
1664 1752 1726 1790 ea
1766 1735 1855 1789 hic

1953 565 2115 620 quam
2142 551 2188 604 si
2214 550 2340 619 quis
2392 550 2646 619 scriptori
2691 550 2823 604 vitio
2869 551 2999 605 dare
3031 552 3196 614 nolet,
3242 561 3442 618 tamen,
3472 553 3522 610 si

1955 653 2212 708 germana
2251 638 2438 694 Basilii
2495 639 2698 709 scripta
2747 641 2910 710 paulo
2938 641 3196 695 attentius
3220 641 3384 711 legat,
3407 657 3515 697 non

1954 739 2274 802 negaturum
2324 747 2504 801 spero,
2570 733 2622 786 id
2663 741 2856 802 praeter
2911 733 3030 803 ejus
3075 733 3523 790 consuetudinem

1954 822 2158 878 factum
2187 840 2330 880 esse.
2366 824 2494 878 Mihi
2517 839 2641 879 cum
2666 824 2766 878 hos
2787 825 2958 880 libros
2991 824 3246 894 legerem,
3275 825 3331 878 in
3367 841 3524 879 men-

1954 923 2062 968 tem
2085 915 2235 968 venit
2281 915 2606 985 scriptorem
2637 914 2870 969 veritum
2898 930 3041 981 esse,
3079 931 3147 970 ne
3173 915 3525 984 ταυτολογίας

1953 1006 2146 1059 vitium
2176 1005 2279 1060 sibi
2305 1006 2637 1075 objiceretur
2657 1049 2671 1072 ,
2715 1006 2784 1060 ob
2817 1005 2980 1076 idque
3005 1006 3526 1076 Apostoliexemplo

1956 1111 2015 1150 se
2035 1111 2300 1152 excusare
2352 1098 2612 1152 voluisse.
2665 1097 2756 1151 Sic
2788 1098 2930 1152 enim
2963 1101 3156 1153 scribit
3184 1105 3328 1171 (pag.
3360 1100 3524 1170 659):

1955 1187 2122 1250 Εἰδὼς
2149 1188 2204 1241 δὲ
2239 1191 2268 1241 6
2310 1189 2624 1252 Ἀπόστολος
2657 1193 2739 1245 ὅτι
2775 1191 3093 1260 ταυτολογία
3137 1191 3529 1263 ὠφελιμωτέρα

1955 1278 2071 1329 ἐστὶ
2098 1281 2208 1342 τοῖς
2230 1278 2486 1332 ἀκούουσι
2516 1281 2651 1350 πρὸς
2672 1280 2768 1351 τὴν
2796 1282 3114 1349 ἀσφάλειαν,
3143 1283 3236 1336 καὶ
3260 1283 3528 1351 βεϐαιοτέν-

1960 1385 2058 1438 ραν
2105 1371 2322 1440 ἐμποιεῖ
2365 1371 2453 1426 διὰ
2487 1372 2586 1442 τῆς
2639 1372 3030 1449 ὲπαναλήῇεως
3079 1372 3187 1427 τῶν
3221 1373 3398 1430 αὐτῶν
3428 1373 3528 1442 τὴν

1956 1459 2324 1531 πληροφορίαν
2355 1464 2452 1531 τῆς
2475 1461 2748 1530 ἀληθείας.
2773 1462 2907 1516 Cum
2933 1473 3105 1517 autem
3128 1463 3407 1532 Apostolus
3425 1481 3530 1518 non

1957 1549 2223 1619 ignoraret
2256 1552 2612 1619 repetitionem
2650 1552 2980 1609 audientibus
3021 1553 3090 1607 ad
3117 1555 3371 1622 integram
3401 1571 3528 1608 con-

1959 1641 2315 1708 ﬁrmationem
2349 1644 2529 1697 utilem
2557 1659 2688 1707 esse,
2725 1645 2883 1696 etiam
2901 1644 3088 1698 iisdem
3115 1645 3267 1698 rebus
3299 1647 3528 1714 repetitis

1959 1732 2194 1785 veritatis
2222 1743 2614 1802 persuasionem
2671 1739 2840 1806 magis
2885 1736 3106 1791 stabilit.
3149 1735 3383 1792 Videant
3410 1754 3531 1793 eruw

293 1827 681 1884 conscribenda
741 1843 864 1883 esse
905 1829 1170 1898 judicavi.
1216 1828 1290 1882 lta
1333 1830 1498 1898 igitur
1550 1829 1749 1883 alicubi
1801 1829 1855 1882 in
1888 1796 1930 1851 Β
1960 1823 2084 1886 diti,
2117 1824 2162 1877 si
2186 1825 2454 1893 ejusmodi
2484 1828 2766 1881 excusatio
2790 1827 3106 1896 accipienda
3130 1828 3202 1882 sit

297 1919 375 1974 bis
400 1919 556 1973 libris
587 1920 786 1988 legitur
823 1920 900 1987 (p.
937 1918 1064 1988 625)
1095 1937 1107 1970 :
1144 1920 1429 1989 Μαρτυρεῖ
1477 1918 1533 1970 δὲ
1578 1919 1672 1971 καὶ
1718 1919 1747 1969 ὁ
1802 1920 1859 1972 ὲν

296 2011 502 2082 Χριστῷ
535 2012 714 2064 λαλῶν
748 2011 980 2076 Παῦλος,
1014 2010 1258 2081 γράψας
1296 2011 1359 2064 '0
1388 2011 1456 2064 δὲ
1482 2011 1722 2074 δοῦλος,
1749 2018 1855 2065 etc.

298 2106 533 2158 Testatur
552 2107 647 2158 hoc
679 2105 814 2158 idem
844 2115 893 2157 et
935 2106 1026 2172 qui
1056 2105 1106 2156 in
1139 2103 1346 2158 Christo
1372 2104 1680 2171 loquebatur
1716 2100 1858 2154 Pau~

295 2199 390 2263 lus,
415 2213 530 2248 cum
550 2198 735 2250 scribit
766 2215 784 2251 :
813 2215 832 2246 ι
865 2197 971 2262 Qui
1003 2212 1124 2248 vero
1147 2211 1346 2257 servus,
1383 2215 1403 2247 ›
1429 2202 1535 2248 etc.
1566 2193 1860 2262 Aliquanto

292 2286 422 2339 infra
458 2289 538 2354 (p.
570 2286 698 2356 651)
729 2286 978 2350 εΠαῦλος
1010 2286 1068 2339 δὲ
1091 2287 1118 2339 6
1146 2286 1526 2348 ἀπόστολος....
1557 2287 1614 2337 ἐν
1642 2282 1862 2355 Χριστῷ

290 2381 457 2434 λαλῶν
489 2379 1014 2452 διαμαρτύρεται....
1054 2379 1182 2430 ποτὲ
1217 2379 1314 2448 μὲν
1351 2376 1520 2430 εἰπὼν
1550 2376 1859 2446 ὁριστικῶς,

289 2476 363 2527 ὃτι
395 2478 456 2527 Οἱ
517 2474 594 2526 τὰ
646 2471 908 2535 τοιαῦτα,
933 2479 1039 2526 etc.
1069 2470 1269 2524 Paulus
1297 2487 1414 2524 vero
1443 2470 1775 2539 apostolus...
1805 2469 1863 2521 in

289 2563 495 2619 Christo
556 2562 772 2628 loquens
796 2561 1034 2614 declarat
1069 2575 1198 2613 ea...
1240 2560 1393 2611 modo
1417 2574 1530 2611 cum
1558 2558 1727 2610 minus
1759 2555 1864 2610 late

288 2655 456 2708 dixit:
483 2674 502 2705 ι
527 2655 634 2720 Qui
659 2655 814 2716 talia,
839 2672 858 2705 ι
893 2661 998 2707 etc.
1024 2649 1177 2704 Haud
1203 2651 1450 2718 longe(p.
1471 2648 1593 2718 634)
1617 2663 1629 2699 :
1653 2647 1864 2710 Παῦλος

287 2753 316 2799 ὁ
340 2749 395 2799 ὲν
427 2747 652 2818 Χριστῷ
679 2746 875 2804 λαλῶν,
897 2743 1238 2814 δογματικῶς
1265 2741 1615 2811 παραδίδωσι,
1659 2740 1861 2808 λέγων)

291 2840 355 2893 Ἡ
381 2838 676 2907 ἀγνοεῖτε,
702 2845 810 2891 etc.
845 2835 1047 2888 Paulus
1065 2837 1119 2887 in
1150 2833 1358 2887 Christo
1389 2832 1622 2902 loquens,
1653 2832 1866 2884 modum

286 2924 590 2978 decretoriis
658 2923 739 2976 his
796 2923 965 2976 verbis
1018 2922 1200 2985 tradit,
1231 2939 1248 2972 ι
1282 2922 1364 2974 An
1394 2921 1672 2991 ignoratis,
1708 2940 1727 2972 ι
1757 2929 1862 2974 etc.

289 3013 394 3068 Nec
432 3017 507 3068 ita
548 3015 722 3068 multo
759 3022 882 3084 post
927 3014 1003 3082 (p.
1035 3013 1161 3081 646)
1199 3031 1212 3065 :
1242 3011 1414 3065 Αὐτοῦ
1449 3011 1541 3065 τοῦ
1563 3014 1620 3066 ἐν
1647 3011 1867 3082 Χριστῷ

288 3107 570 3170 Μῦντος
625 3106 840 3160 Παύλου
877 3106 970 3159 τοῦ
1020 3106 1341 3169 ἀποστόλου,
1393 3105 1669 3166 εἰπόντος’
1723 3104 1932 3184 Ἐὰνο

289 3198 412 3263 ταῖς
430 3198 766 3267 γλώσσαις,
794 3207 904 3253 etc.
953 3197 1085 3251 Cum
1132 3196 1332 3250 Paulus
1370 3196 1639 3265 apostolus
1667 3197 1756 3265 qui
1803 3196 1859 3248 in

291 3287 495 3344 Christo
528 3290 862 3360 loquebatur,
897 3290 1079 3343 dicat:
1114 3308 1131 3341 ι
1172 3290 1232 3343 Si
1269 3290 1480 3358 linguis,
1517 3306 1535 3338 ι
1577 3296 1682 3342 etc.
1717 3286 1859 3340 Alibi

294 3383 432 3451 (pag.
457 3382 586 3452 665)
623 3401 639 3437 :
673 3382 782 3434 Καὶ
814 3382 1025 3445 Παῦλος
1044 3382 1102 3434 δὲ
1128 3383 1157 3433 6
1178 3380 1467 3440 ἀπόστολος
1497 3380 1525 3430 ὁ
1551 3381 1607 3431 ἐν
1639 3377 1861 3449 Χριστῷ

291 3473 458 3528 λαλῶν
475 3491 644 3543 φησιν
662 3491 673 3504 ν
693 3474 831 3527 Εἴτε
849 3474 1100 3536 ἐσθίετε,
1129 3482 1234 3527 etc.
1265 3472 1321 3525 Et
1344 3489 1498 3542 quem.
1515 3471 1715 3528 Paulus
1734 3487 1864 3538 apo-

293 3566 452 3616 stolus
475 3564 532 3616 in
557 3562 777 3617 Christo
809 3563 1025 3633 loquens
1058 3562 1300 3625 tradidit,
1332 3579 1444 3614 cum
1481 3560 1649 3616 dixit:
1683 3580 1701 3612 ι
1743 3562 1864 3615 Sive

293 3657 648 3719 manducatis,
682 3676 702 3708 ι
729 3662 836 3710 etc.
862 3654 1161 3726 Rursus(p.
1187 3655 1309 3722 668)
1342 3671 1356 3705 :
1391 3656 1476 3716 Ὠς
1508 3657 1536 3706 6
1562 3657 1619 3707 ὲν
1647 3653 1866 3724 Χριστῷ

293 3747 457 3800 λαλῶν
483 3747 701 3810 Παῦλος
729 3747 1019 3818 ὀριστικῶς
1040 3748 1372 3818 ἀπεφήνατο,
1389 3746 1558 3814 λέγων
1581 3763 1590 3774 ³
1611 3750 1668 3800 Μ
1674 3745 1704 3810 ὴ
1719 3761 1868 3809 συγ-

294 3840 650 3904 κοινωνεῐτε,
681 3848 791 3894 etc.
827 3837 916 3893 Uti
932 3839 1137 3894 Paulus
1167 3841 1220 3892 in
1244 3839 1454 3893 Christo
1500 3839 1708 3907 loquens
1737 3837 1872 3905 deﬁ-

296 3933 408 3985 nite
448 3931 858 4001 pronuntiavit,
901 3931 990 3983 ubi
1036 3931 1172 3983 dixit
1222 3947 1240 3984 :
1278 3950 1295 3980 ι
1335 3927 1512 3982 Nolite
1576 3929 1870 3982 communi—

296 4039 430 4086 care,
474 4041 494 4072 ι
528 4031 640 4076 etc.
665 4023 872 4075 Auctor
919 4021 1118 4074 alicubi
1155 4022 1230 4090 (p.
1277 4020 1401 4090 659)
1429 4036 1526 4088 pro
1562 4021 1619 4071 ὲν
1644 4017 1867 4090 Χριστῷ

296 4112 577 4175 λαλοῦντος
604 4112 848 4181 scripsit,
881 4112 939 4164 ὲν
964 4111 1181 4182 Χριστῷ
1212 4109 1661 4181 προφητεύοντος.
1691 4108 1865 4162 Velim

297 4203 544 4273 legantur
595 4202 889 4271 diligenter
953 4200 1141 4254 Basilii
1193 4200 1411 4270 Regula:
1471 4208 1580 4255 tam
1630 4201 1866 4269 majores

293 4311 453 4364 quam
492 4295 816 4349 breviores:
848 4295 903 4347 in
928 4295 1150 4364 quibus,
1192 4295 1295 4349 nisi
1356 4295 1511 4348 valde
1544 4294 1719 4358 fallor,
1756 4293 1868 4346 lucc

294 4386 505 4456 longior
532 4383 746 4438 citandi
794 4385 956 4448 ratio,
1001 4383 1212 4445 Παῦλος
1244 4385 1272 4436 6
1315 4386 1371 4435 ἐν
1421 4383 1638 4454 Χριστῷ
1666 4381 1862 4441 λαλῶν,

295 4477 460 4531 semel
485 4475 754 4532 duntaxat
781 4475 1202 4544 invenitur(reg.
1221 4475 1312 4536 ‘20,
1339 4491 1392 4528 n.
1415 4474 1470 4542 2)
1497 4491 1511 4539 ;
1539 4489 1662 4526 cum
1689 4483 1867 4526 tamen
1901 4470 1946 4525 D

292 4567 347 4620 in
409 4565 638 4636 Regalis
683 4583 716 4620 e
769 4566 924 4621 Pauli
953 4565 1214 4636 Epistolis
1257 4577 1512 4622 sexcenta
1553 4564 1865 4619 testimonia

295 4655 526 4725 proferri
549 4665 786 4710 constet.
811 4657 970 4711 Certe
995 4660 1040 4712 si
1081 4657 1221 4712 idem
1254 4663 1433 4710 auctet
1467 4670 1655 4710 omnes
1689 4653 1867 4725 Regu-

296 4749 373 4803 las
402 4757 464 4804 et
483 4749 625 4804 duos
651 4750 726 4802 De
755 4750 1014 4816 baptismo
1046 4749 1212 4803 libros
1256 4747 1588 4816 scripsisset,
1622 4745 1864 4800 futurum

298 4840 466 4896 fuisse
490 4849 648 4911 puto,
683 4849 740 4894 ut
765 4841 947 4895 habita
977 4841 1189 4894 ratione
1225 4839 1551 4909 prolixitatis
1581 4837 1868 4908 utriusque

296 4935 494 5002 operis,
553 4934 602 4988 is
644 4949 806 5003 quem
854 4933 968 4987 dixi
1017 4932 1217 4987 citandi
1264 4931 1460 4985 modus
1505 4929 1868 5000 quinquagies

298 5022 352 5076 in
390 5022 618 5093 [tegulis
668 5023 1025 5092 reperiretur.
1087 5022 1270 5091 NeQue
1331 5021 1490 5075 facile
1541 5019 1866 5074 crediderim

299 5111 436 5168 idem
463 5115 596 5168 illud
621 5111 877 5183 loquendi
907 5127 1078 5181 genus
1105 5109 1442 5180 frequentius
1468 5111 1523 5163 in
1541 5110 1753 5164 caeteris
1768 5108 1869 5162 Ba-

301 5207 402 5260 silii
426 5207 584 5261 libris
615 5207 896 5260 inventum
927 5205 1016 5258 iri.
1047 5203 1262 5260 Possim
1283 5205 1502 5274 quidem
1533 5213 1584 5258 et
1614 5203 1718 5256 alia
1747 5204 1868 5258 loca

303 5295 562 5360 indicare,
590 5298 789 5363 quibus
818 5296 1100 5350 ostendam
1119 5297 1463 5365 scriptorem,
1488 5310 1612 5348 eum
1641 5291 1868 5349 Joannis

304 5383 554 5456 Baptistae
582 5386 912 5440 mentionem
941 5385 1188 5447 haberet,
1209 5385 1323 5454 pari
1351 5385 1640 5438 verborum
1669 5383 1868 5438 circui-

305 5476 442 5530 tione
470 5492 627 5531 usum
675 5492 799 5530 esse
834 5477 981 5546 (pag.
1023 5476 1149 5542 65‘2,
1175 5475 1299 5541 658,
1329 5475 1490 5541 658);
1527 5473 1620 5529 sed
1652 5489 1718 5529 ne
1749 5472 1868 5528 lon-

306 5568 414 5633 gior
436 5583 561 5622 esse
585 5567 818 5632 viderer,
856 5583 925 5621 ea
953 5567 1136 5622 sciens
1170 5568 1351 5621 omisi.
1389 5566 1465 5622 Ex
1507 5565 1706 5634 quibus
1745 5578 1864 5617 om-

308 5659 460 5712 nibus
493 5659 628 5714 satis
661 5660 829 5730 liquet
874 5660 1172 5712 multarum
1216 5668 1304 5713 aut
1337 5672 1526 5712 vocum
1557 5666 1644 5712 aut
1673 5655 1864 5710 dictio-

381 5758 420 5789 "
455 5756 645 5815 Matth.
685 5773 782 5826 ιιι,
819 5757 920 5819 Η,
964 5757 1045 5809 15.

2031 1914 2122 1968 57..
2165 1913 2425 1984 Superest
2451 1917 2597 1970 aliud
2642 1927 3046 1986 argumentum,
3091 1919 3239 1988 quod
3269 1927 3322 1974 et
3350 1935 3530 1990 ipsum

1959 2022 2176 2076 quoque
2204 2024 2234 2062 e
2264 2008 2475 2062 ratione
2503 2008 2839 2062 citandarum
2861 2007 3266 2078 Seripturarum
3296 2028 3530 2067 sumam.

1961 2097 2179 2152 Monere
2229 2100 2392 2169 igitur
2437 2116 2615 2170 operai
2657 2103 2890 2170 pretium
2934 2111 3054 2168 est,
3110 2104 3252 2159 banc
3301 2107 3534 2162 citandas

1962 2183 2257 2252 Scriptum
2309 2185 2616 2250 formulam,
2648 2189 2706 2239 ὲν
2742 2185 2820 2256 τῷ
2857 2190 3050 2253 εἰπεῖν,
3096 2190 3253 2262 ἐντῷ
3278 2193 3532 2263 γράφειν,

1961 2287 2052 2328 aut
2076 2277 2281 2330 similes
2311 2278 2574 2345 quasdam
2631 2280 2824 2333 borum
2860 2280 3122 2334 librorum
3158 2285 3368 2338 auctori
3395 2302 3536 2342 unas

1961 2367 2205 2418 omnium
2244 2365 2412 2422 fuisse
2458 2368 2935 2434 familiarissimas,
2989 2386 3191 2442 easque
3233 2374 3306 2438 ei,
3344 2375 3391 2429 si
3427 2391 3535 2446 qua

1963 2456 2092 2519 alia,
2128 2455 2283 2509 valde
2313 2459 2601 2512 admodum
2631 2461 2924 2528 placuisse.
2954 2462 3121 2516 Multa
3156 2465 3377 2534 quidem
3411 2467 3534 2537 ejus

1963 2547 2043 2600 rei
2087 2549 2335 2617 exempla
2386 2549 2652 2604 adducam
2699 2554 2753 2606 in
2784 2554 3044 2620 medium,
3096 2557 3190 2612 sed
3230 2557 3303 2612 ita
3331 2565 3534 2624 tamen,

1965 2644 2119 2691 utea
2163 2652 2325 2707 quam
2355 2640 2675 2696 brevissime
2706 2653 2894 2712 potero
2939 2644 3191 2701 referam.
3234 2645 3326 2702 Sic
3369 2648 3538 2718 igitur

1965 2738 2156 2781 auctor
2204 2729 2400 2783 alicubi
2447 2731 2588 2801 (pag.
2633 2732 2758 2805 6‘25)
2794 2736 3026 2790 scribit:
3077 2737 3164 2790 Ἐν
3196 2737 3276 2808 τῷ
3319 2740 3534 2795 εἰπεῖν·
3639 2799 3646 2806 _

1977 2818 2032 2870 Ὀ
2065 2817 2252 2872 ποιῶν
2313 2820 2428 2890 τὴν
2459 2822 2773 2892 ἁμαρτίαν,
2816 2833 2947 2891 etc.,
2991 2843 3109 2880 cum
3153 2828 3290 2891 dixit
3317 2845 3336 2883 :
3372 2849 3392 2882 ι
3430 2831 3538 2898 Qui

1967 2910 2093 2979 facit
2110 2921 2400 2980 peccatum,
2416 2934 2433 2966 ι
2454 2922 2562 2968 etc.
2585 2914 2676 2970 Sic
2698 2920 3044 2987 persequitur
3067 2919 3143 2990 (p.
3162 2919 3288 2992 626)
3313 2939 3326 2976 :
3347 2923 3434 2976 Ἐν
3460 2921 3540 2994 τῷ

1965 3005 2168 3056 εἰπεῖν·
2203 3006 2579 3074 Ταλαίπιιερος
2603 3007 2886 3077 ἐγώ,οιο.,
2924 3027 3040 3064 cum
3069 3013 3200 3066 dicit
3229 3027 3249 3066 :
3285 3031 3304 3066 ι
3339 3013 3539 3069 Infelix

1965 3110 2076 3164 ego,
2098 3099 2227 3148 ietc.
2249 3096 2370 3150 Alio
2418 3098 2538 3152 loco
2569 3098 2645 3168 (p.
2677 3100 2782 3155 650
2807 3101 2907 3172 bis)
2936 3103 3177 3173 loquitur
3204 3105 3309 3161 hoc
3338 3107 3536 3162 modo:

1975 3183 2063 3238 'Ev
2095 3183 2174 3253 τῷ
2205 3187 2378 3240 εἰπεῖν
2401 3203 2416 3217 ·
2454 3187 2562 3241 Τοῦ
2606 3190 2764 3258 ἱεροῦ
2795 3191 2996 3259 μεῖζον
3037 3185 3174 3262 ὦδε,
3231 3195 3311 3250 his
3348 3198 3538 3264 verbis,

1966 3291 1985 3322 ι
2019 3272 2230 3343 Templo
2255 3278 2419 3345 magis
2449 3279 2649 3348 aliquid
2678 3281 2868 3348 hicest,
2893 3302 2912 3334 ι
2947 3290 3051 3338 etc.
3077 3284 3313 3340 Ibidem:
3349 3286 3439 3340 Ἐν
3459 3287 3542 3359 τῷ

1962 3370 2156 3422 εἰπεῖν·
2185 3364 2258 3440 τῼ
2283 3371 2607 3438 παρέθεντο
2634 3375 2792 3428 πολύ
2812 3416 2826 3439 ,
2860 3382 2990 3442 etc.,
3036 3377 3126 3430 ubi
3158 3378 3294 3431 dixit
3323 3395 3343 3432 :
3376 3395 3396 3430 ι
3439 3380 3542 3436 Cui

1964 3459 2452 3514 commendaverunt
2475 3464 2719 3529 multum,
2747 3483 2766 3516 ι
2788 3473 2893 3519 etc.
2917 3465 3131 3524 Rursus
3155 3470 3229 3539 (p.
3253 3469 3378 3542 655)
3405 3489 3418 3525 :
3453 3471 3543 3528 Ἐν

1964 3551 2040 3621 τῷ
2063 3554 2254 3616 εἰπεῖν,
2286 3553 2338 3604 '0
2363 3554 2542 3622 γνοὺς
2563 3555 2628 3608 τὸ
2657 3556 2906 3626 θέλημα,
2928 3565 3058 3623 etc.,
3087 3575 3204 3613 cum
3219 3563 3368 3628 dicit,
3392 3581 3410 3614 ι
3437 3563 3542 3630 Qui

1966 3645 2200 3712 cognovit
2233 3645 2568 3712 voluntatem,
2596 3666 2614 3697 ι
2641 3655 2748 3702 etc.
2782 3647 2984 3704 Deinde
3019 3650 3094 3720 (p.
3131 3652 3254 3722 659)
3295 3673 3308 3710 :
3352 3654 3441 3708 ’Ev
3466 3655 3544 3726 τῷ

1966 3737 2163 3787 εἰπεῖν·
2199 3735 2253 3787 Ὁ
2275 3735 2400 3804 ἐμοὶ
2423 3736 2736 3803 διακονῶν,
2760 3747 2892 3802 etc.,
2927 3756 3042 3792 cum
3071 3742 3218 3804 dicit,
3239 3763 3256 3793 ι
3285 3744 3542 3816 Quisquis

1968 3827 2097 3880 mihi
2156 3827 2445 3894 ministrat,
2471 3847 2491 3880 ι
2528 3837 2635 3884 etc.
2686 3828 2854 3884 Paulo
2884 3841 3005 3902 post
3044 3834 3119 3902 (p.
3146 3835 3310 3902 640):
3346 3837 3434 3891 Ἐν
3462 3838 3542 3909 τῷ

1967 3921 2160 3972 εἰπεῖν’
2190 3922 2260 3972 Et
2289 3919 2398 3988 γὰρ
2430 3921 2749 3989 σύμφυτοι,
2769 3937 2896 3991 etc.,
2921 3941 3036 3978 cum
3058 3925 3208 3993 dicit,
3244 3946 3262 3978 ι
3309 3928 3368 3982 Si
3397 3931 3537 3984 enim

1969 4011 2330 4077 complantuti,
2357 4020 2487 4066 rete.
2504 4010 2642 4065 Tum
2657 4014 2733 4084 (p.
2751 4014 2905 4085 642):
2927 4017 3014 4069 Ἐν
3029 4017 3106 4086 τῷ
3121 4021 3312 4072 εἰπεῖν·
3339 4020 3414 4074 Τὰ
3426 4020 3536 4089 γὰρ

1970 4100 2200 4176 οψώνια
2229 4101 2340 4171 τῆς
2355 4103 2660 4173 ἁμαρτιας,
2691 4114 2821 4170 etc.,
2861 4107 2939 4161 his
2962 4109 3128 4164 verbis
3149 4127 3168 4164 :
3206 4129 3224 4162 ι
3265 4110 3539 4180 Stipendia:

1969 4193 2105 4245 enim
2129 4197 2380 4260 peccati,»
2407 4201 2512 4250 etc.
2531 4195 2641 4251 Nec
2661 4195 2737 4250 ita
2761 4198 2929 4251 multo
2947 4198 3085 4252 infra
3105 4201 3180 4270 (p.
3202 4201 3345 4272 645):
3366 4203 3452 4255 ‘Ev
3467 4203 3546 4276 τῷ

1970 4286 2142 4337 εἰπεῖν
2164 4301 2176 4313 ·
2206 4285 2394 4352 Αὐτὸς
2427 4286 2535 4356 γάρ
2563 4287 2732 4340 ἐστιν
2755 4289 2793 4357 ἠ
2815 4289 3019 4358 εἰρήνη
3048 4289 3233 4359 ἡμῶν,
3265 4303 3394 4358 etc.,
3417 4296 3546 4350 dunt

1971 4375 2102 4428 dicit
2133 4392 2150 4429 :
2182 4396 2200 4427 ι
2249 4375 2367 4444 Ipse
2394 4379 2530 4430 enim
2553 4388 2630 4432 est
2671 4395 2777 4447 pas:
2818 4391 3019 4438 nostra.
3058 4400 3076 4432 ›
3113 4392 3221 4436 etc.
3252 4383 3545 4454 Aliquanto

1977 4475 2098 4537 post
2125 4468 2201 4536 (p.
2248 4467 2374 4536 648)
2414 4484 2427 4520 :
2468 4470 2558 4521 ’Ev
2600 4471 2678 4540 τῷ
2708 4473 2880 4526 εἰπεῖν
2899 4491 2912 4504 ·
2974 4474 3076 4526 Ἐν
3105 4467 3152 4540 ᾧ
3181 4474 3401 4545 ἔχομεν
3431 4476 3546 4546 τὴν

1974 4563 2414 4629 ἀπολύτρωσιν,
2473 4571 2603 4627 etc.,
2637 4564 2722 4616 ubi
2770 4565 2896 4617 dicit
2929 4582 2946 4619 :
2983 4585 3000 4617 ι
3043 4565 3108 4621 1η
3148 4584 3248 4636 quo
3294 4570 3544 4624 habemus

1975 4656 2428 4723 redemptionem,»
2457 4663 2562 4710 etc.
2594 4655 2713 4711 Mox
2737 4658 2814 4727 (p.
2846 4657 2948 4714 649
2976 4659 3076 4730 bis)
3101 4661 3220 4712 εἘν
3241 4660 3316 4730 τῷ
3334 4663 3505 4715 εἰπεῖν
3526 4680 3541 4694 ο

1981 4746 2179 4800 Πάντα
2207 4747 2421 4800 ποιεῖτε
2447 4747 2624 4816 χωρὶς
2646 4749 3023 4819 γογγυσμῶν,
3058 4759 3189 4818 etc.,
3215 4752 3296 4805 his
3327 4753 3495 4809 verbis
3521 4769 3546 4808 :

1981 4856 1998 4888 ι
2029 4837 2216 4892 Omnia
2262 4837 2423 4906 facile
2461 4841 2573 4893 sine
2629 4841 3158 4907 murmuratiom‘bus,
3198 4861 3217 4894 ι
3263 4849 3370 4897 etc.
3428 4842 3551 4915 Hoc,

1975 4931 2095 5000 ipso
2113 4930 2334 4985 inloco:
2363 4931 2450 4984 Ἐν
2477 4931 2770 5002 τῷεὶπεῖν·
2799 4932 3386 5003 Ἐμὸνβρῶμάέστιν,
3412 4945 3497 4991 etc
3526 4978 3544 5005 ,

1975 5022 2056 5076 his
2088 5023 2288 5076 verbis:
2315 5041 2334 5074 ι
2376 5021 2537 5078 Cibus
2570 5040 2713 5078 meus
2732 5034 2831 5088 est,
2874 5042 2893 5074 ι
2924 5031 3029 5078 etc.
3064 5023 3256 5078 Statim
3285 5026 3362 5096 (p.
3392 5025 3543 5096 650):

1988 5115 2075 5167 Ἐν
2095 5113 2173 5184 τῷ
2194 5116 2383 5166 εἰπεῖν·
2415 5113 2478 5171 Ἠ
2494 5113 2604 5184 γὰρ
2628 5114 2828 5184 ἀγάπη
2865 5115 2971 5170 τοῦ
3007 5115 3264 5183 Χριστοῦ
3296 5117 3547 5188 συνέχει

1975 5201 2153 5271 ἡμᾶς,
2177 5219 2276 5272 quo
2298 5201 2427 5256 dicit
2456 5222 2474 5257 :
2499 5221 2518 5255 ι
2552 5203 2800 5259 Charitas
2821 5204 2962 5258 enim
2999 5203 3201 5259 Christi
3231 5207 3545 5277 constringit

1974 5313 2089 5350 nos.
2131 5315 2150 5348 ι
2189 5294 2421 5352 Inferius
2458 5297 2535 5365 (p.
2568 5295 2726 5364 657):
2769 5296 2856 5350 Ἐν
2891 5296 2970 5368 τῷ
3011 5298 3205 5362 εἰπεῖν,
3238 5297 3318 5352 ὅτι
3351 5296 3478 5364 Πᾶς
3511 5300 3547 5352 ὁ

1968 5387 2238 5451 βλέπων,
2294 5395 2426 5452 etc.,
2466 5403 2584 5440 cum
2632 5388 2792 5440 dicit:
2818 5407 2837 5439 ι
2867 5387 3048 5443 Omnis
3080 5390 3169 5460 qui
3199 5389 3354 5452 videt,
3387 5408 3406 5441 ι
3435 5397 3540 5444 etc.

1975 5479 2126 5532 llaud
2156 5479 2228 5532 ita
2253 5480 2409 5548 longe
2437 5480 2512 5547 (p.
2532 5478 2626 5532 66l
2655 5479 2790 5546 bis):
2823 5478 2909 5532 Ἐν
2937 5479 3014 5550 τῷ
3035 5481 3226 5534 εἰπεῖν·
3247 5479 3545 5547 Μακάριος

1974 5577 2006 5624 ό
2045 5571 2263 5636 δοῦλος
2288 5571 2536 5636 ἐκεῖνος,
2561 5578 2690 5635 etc.,
2726 5571 2806 5626 h'is
2836 5572 3002 5626 verbis
3031 5588 3049 5626 :
3081 5591 3100 5625 ι
3139 5572 3335 5626 Beatus
3366 5587 3543 5632 servus

1976 5666 2080 5732 ille,
2108 5685 2123 5717 )
2159 5663 2339 5720 etc.ln
2363 5664 2756 5736 cadempagina
2785 5684 2796 5720 :
2843 5665 2929 5720 Ἐν
2955 5664 3027 5739 τῷ
3072 5666 3268 5721 εἰπεῖν.
3318 5665 3383 5723 Ἡ
3408 5663 3546 5718 οὔτε
