3972 6202
488 335 586 392 151

1832 332 2230 392 ΡΒᾸΞΡΔΤΙΟ.

3631 330 3734 405 ’53

477 448 634 516 αὐτὴ
660 445 698 516 ἡ
728 446 932 517 φύσις,
955 462 1074 501 cum
1096 446 1244 515 dicit,
1268 467 1287 501 ι
1309 448 1499 503 Annon
1524 456 1721 512 natura
1734 448 1873 518 ipsa,
1900 466 1918 499 ι
1947 455 2046 503 etc.

2170 462 2337 535 ματος
2370 444 2451 511 εἰς
2498 423 2705 521 πάντας
2753 442 3071 519 ἀνθρώπους
3118 443 3198 508 είς
3244 442 3524 499 δικαίωσιν
3568 443 3733 515 ζωῆς,

477 540 538 594 In
557 539 806 610 sequenti
828 538 973 610 (pag.
1000 538 1250 610 662m):
1279 540 1366 594 Ἐν
1385 539 1467 611 τῷ
1480 540 1761 613 εἰρηκέναι
1781 560 1794 572 ·
1821 542 1971 598 οὔτε
1997 541 2067 599 ἐν

488 629 898 701 Ἰερουσαλὴμ,
930 630 1070 685 οὔτε
1098 630 1169 684 ἐν
1197 628 1278 697 τῷ
1298 630 1421 700 ὄρει
1445 633 1658 699 τούτῳ,
1684 639 1822 699 etc.,
1850 634 1932 687 his
1959 648 2068 689 ver-

478 720 558 775 bis
572 735 594 775 :
613 739 635 772 (
660 718 840 791 Neque
853 721 909 774 in
925 718 1294 797 Jerosqumis,
1320 738 1479 792 neque
1495 723 1551 777 in
1572 704 1745 791 monte
1758 724 1874 788 hoc,
1906 742 1925 775 ι
1952 730 2060 778 etc.

474 811 680 868 Ibidem
706 812 786 883 (p.
827 812 955 882 666)
986 827 1003 865 :
1041 813 1130 866 Ἐν
1164 812 1243 885 τῷ
1290 812 1470 881 λέγειν
1513 814 1650 887 πρὸς
1700 818 1909 878 πάντας
1939 813 2058 887 μέν·

472 901 807 971 Παρακαλῶ
836 903 908 957 δὲ
927 903 1104 973 ὑμᾶς,
1129 912 1262 969 etc.,
1304 921 1424 979 cum
1473 906 1602 960 dicit
1650 907 1717 977 ad
1748 922 1924 979 omnes
1952 906 2063 977 qui-

471 993 591 1047 dem
620 1010 641 1048 :
663 1012 683 1046 ι
717 992 946 1052 Obsecro
975 1005 1149 1050 autem
1172 1013 1284 1064 vos,
1319 1016 1337 1051 I
1369 1008 1469 1053 etc.
1507 996 1622 1054 Hoc
1656 999 1777 1069 ipso
1809 1000 1865 1053 in
1897 1000 2055 1054 loco:

484 1085 667 1156 Ἐντῷ
695 1086 897 1155 λέγειν’
923 1086 1087 1159 Λέγω
1111 1088 1224 1158 γὰρ
1246 1088 1345 1142 διὰ
1368 1088 1476 1159 τῆς
1505 1089 1746 1159 χάριτος
1767 1131 1782 1155 ,
1806 1073 1942 1155 eic.,
1967 1089 2062 1143 ubi

472 1180 552 1232 ait
584 1194 603 1232 :
637 1197 657 1229 ι
678 1176 810 1233 Dico
824 1181 963 1233 enim
996 1196 1087 1250 per
1109 1181 1361 1249 gratiam,
1388 1200 1408 1233 ι
1433 1189 1541 1237 etc.
1560 1181 1835 1253 Denique:
1871 1182 1960 1237 Ἐν
1983 1184 2060 1254 τῷ

474 1269 552 1343 μὴ
594 1272 789 1335 εἰπεῖν,
840 1272 1032 1338 τούτῳ
1057 1309 1077 1336 ,
1128 1271 1298 1338 ἀλλὰ,
1338 1272 1421 1347 τῷ
1470 1273 1736 1340 τοιούτῳ,
1791 1290 1909 1327 cum
1955 1292 2060 1347 non

469 1357 685 1425 diierit,
723 1379 742 1411 ι
785 1376 905 1414 cum
960 1362 1078 1426 hoc,
1109 1381 1129 1415 ι
1167 1367 1255 1437 sed
1289 1383 1309 1415 ‹
1347 1381 1467 1418 cum
1515 1365 1634 1420 tali.
1668 1385 1687 1417 ι
1729 1364 1806 1419 Ex
1858 1368 2058 1435 quibus

469 1466 501 1504 a
562 1453 760 1521 quovis
809 1452 1040 1524 intelligi
1085 1460 1285 1519 potest,
1345 1455 1493 1525 quod
1547 1454 1681 1521 dixi,
1739 1471 1769 1509 a
1817 1471 1903 1511 me
1946 1472 2056 1511 non

468 1550 674 1598 temere
730 1542 942 1599 dictum
998 1544 1171 1600 fuisse
1207 1563 1221 1598 :
1252 1546 1349 1600 sed
1408 1562 1470 1601 re
1516 1547 1636 1616 ipsa
1675 1547 1826 1602 illam
1890 1563 2055 1617 quam

468 1634 707 1689 iudicavi
744 1632 1044 1705 Scriptura:
1075 1637 1310 1692 citandat
1343 1639 1612 1694 rationem
1640 1640 1896 1711 scriptori
1926 1642 2058 1694 mul-

469 1737 584 1780 tum
616 1727 944 1793 arrisisisse.
976 1726 1218 1784 Basilius
1252 1737 1433 1785 autem
1467 1730 1659 1786 eodem
1710 1731 1803 1785 illo
1837 1731 2051 1787 dicendi

2168 555 2292 609 quae
2316 539 2485 597 verba
2534 539 2849 609 perturbata
2879 553 3004 605 esse
3031 552 3157 594 cum
3206 535 3535 594 credidisset
3580 545 3734 603 vetus

2169 632 2465 702 interpres,
2500 630 2577 685 ita
2601 631 2768 689 vertit
2796 630 2943 687 hunc
2970 629 3176 695 locum,
3199 635 3261 683 ut
3290 643 3486 687 vocum
3516 626 3734 684 Graeca-

2165 736 2288 776 rum
2340 720 2589 795 ordinem
2628 735 2857 790 prorsus
2892 720 3204 785 mutaverit.
3242 718 3334 776 Sic
3375 720 3521 775 enim
3568 720 3736 775 inter-

2166 820 2413 884 pretatus
2454 821 2578 868 est:
2616 810 2683 866 In
2710 826 2798 881 spe
2836 813 2956 869 uiue
2989 820 3199 867 ceternte
3237 826 3329 880 per
3360 810 3545 873 Issum
3581 810 3737 866 Chri-

2162 915 2305 960 stum
2334 906 2624 977 Dominum
2666 914 2929 970 nostrum,
2955 920 3054 975 per
3093 904 3252 975 cujus
3284 905 3447 961 unius
3470 904 3735 975 justiﬁes-

2164 998 2364 1053 tiouem
2410 996 2467 1065 in
2497 1011 2689 1059 omnes
2726 995 2978 1063 homines
3009 995 3079 1051 ad
3117 996 3387 1070 justitiam
3418 997 3563 1067 vitae,
3593 988 3736 1051 sicut

2163 1106 2260 1161 per
2289 1091 2454 1155 unius
2495 1090 2755 1145 delictum
2784 1088 2840 1142 in
2869 1103 3061 1146 omnes
3088 1088 3339 1145 homines
3369 1088 3439 1142 ad
3470 1088 3733 1152 condeme

2161 1166 2470 1237 nationem.
2498 1180 2558 1235 lu
2580 1195 2689 1251 quo
2711 1194 2814 1253 ego
2846 1193 2954 1234 non
2988 1178 3329 1253 reprehendo
3360 1178 3730 1249 interpretem,

2161 1275 2255 1327 sed
2303 1279 2581 1328 auctorem
2633 1262 2837 1341 potius,
2871 1271 2965 1341 qui
3017 1270 3136 1341 ipse
3186 1269 3336 1340 prior
3366 1269 3574 1339 aliquid
3628 1268 3733 1325 hoc

2160 1366 2280 1420 loco
2333 1366 2686 1436 perturbasse
2713 1364 2838 1433 jure
2876 1362 3027 1425 credi
3071 1370 3271 1433 potest.
3316 1361 3518 1417 Ibidem
3552 1359 3727 1432 (num.

2160 1460 2249 1526 ιο)
2283 1477 2293 1510 :
2320 1460 2428 1513 Καὶ
2458 1459 2567 1524 ἵνα,
2590 1458 2666 1523 ὼς
2698 1458 3038 1530 προείρηται,
3059 1456 3148 1510 διὰ
3164 1456 3272 1510 τῶν
3299 1453 3733 1527 γνωριμωτέρων

2161 1551 2339 1622 ῥητῶν
2370 1568 2428 1603 τε
2457 1551 2550 1604 καὶ
2572 1549 2913 1621 πραγμάτων
2938 1547 3289 1620 ὁδηγηθῶμεν
3307 1547 3386 1610 είς
3406 1546 3732 1617 κατανόησιν

2157 1641 2251 1693 τοῦ
2290 1642 2556 1712 σωτηρίου
2590 1641 2682 1693 καὶ
2717 1641 2774 1693 ἐν
2806 1638 2883 1710 τῷ
2915 1639 3250 1710 βαπτίσματι
3287 1637 3555 1708 δόγματος
3578 1655 3597 1692 :
3638 1636 3730 1699 ubi

2159 1732 2314 1795 illud,
2342 1731 2436 1785 τοῦ
2466 1732 2733 1803 σωτηρίου
2767 1732 2860 1785 καὶ
2881 1731 2938 1786 ὲν
2966 1729 3044 1801 τῷ
3069 1729 3408 1801 βαπτίσματι
3438 1728 3729 1798 δόγματος,

467 1832 670 1886 genere
693 1826 804 1872 tam
828 1834 1019 1889 parum
1043 1821 1443 1886 oblectabatur,
1468 1829 1528 1877 ut
1550 1822 1717 1877 semel
1733 1836 1870 1893 (reg.
1896 1822 2047 1899 207),
2082 1831 2123 1885 Β
2154 1839 2260 1877 nou
2286 1824 2482 1893 placet,
2517 1837 2618 1876 nec
2640 1821 2859 1877 videtur
2878 1820 3145 1892 optimum
3168 1819 3490 1888 scriptorem
3512 1816 3729 1872 decere.

466 1921 579 1969 non
619 1909 878 1978 amplius,
905 1911 1053 1981 quod
1081 1911 1302 1982 quidem
1350 1914 1542 1979 sciam,
1573 1915 1649 1968 ita
1690 1916 1905 1971 locutus
1951 1917 2044 1972 sit.

466 1995 611 2064 Ecce
642 1999 808 2069 igitur
834 2002 934 2056 tibi
963 2002 1076 2058 duo
1095 2004 1415 2075 scriptores,
1445 2021 1680 2077 quorum
1714 2026 1857 2066 unus
1894 1992 2044 2067 certa

467 2090 705 2157 quadam
743 2092 960 2148 dicendi
991 2094 1229 2161 formula
1261 2096 1609 2155 familiariter
1638 2102 1715 2155 uti
1747 2117 2047 2163 consueve-

467 2186 589 2243 rat;
632 2178 773 2233 alter
800 2194 931 2235 vero
971 2190 1173 2251 praeter
1203 2185 1657 2248 consuetudinem
1687 2203 1818 2242 casu
1862 2189 2047 2244 nescio

465 2283 579 2337 quo
628 2268 773 2324 hunc
810 2270 961 2324 illum
988 2272 1246 2341 loquendi
1281 2276 1504 2330 modum
1547 2277 1714 2332 semel
1740 2279 2044 2345 usurpavit.

465 2357 628 2415 Certe
658 2360 702 2414 si
738 2359 977 2419 Basilius
1021 2373 1215 2419 auctor
1240 2374 1387 2422 esset
1424 2368 1688 2422 librorum
1723 2370 1958 2434 illorum,
1990 2372 2043 2424 in

466 2450 671 2519 quibus
705 2448 1003 2522 Scripturaa
1044 2458 1249 2525 passim
1290 2457 1530 2512 citantur
1570 2461 1665 2523 ita,
1699 2469 1755 2513 ut
1794 2463 2044 2531 superius

466 2538 606 2604 dixi,
649 2556 718 2596 ue
739 2544 992 2613 cogitans
1027 2546 1247 2615 quidem
1275 2563 1368 2604 eas
1391 2550 1581 2604 eodem
1615 2551 1775 2605 modo
1809 2552 1861 2604 in
1888 2564 2045 2607 caete-

466 2634 548 2688 ris
574 2634 690 2689 suis
717 2636 939 2705 scriptis
967 2637 1164 2701 millies
1183 2640 1429 2694 citasset.
1461 2640 1770 2711 Scriptores
1800 2644 1967 2707 enim,
1999 2646 2042 2698 si

468 2742 580 2795 quo
608 2727 827 2782 dicendi
869 2743 1068 2799 genere
1099 2731 1463 2796 delectantur,
1498 2748 1562 2787 eo
1601 2734 1726 2787 data
1758 2738 2047 2797 occasione

469 2818 547 2870 uti
572 2818 770 2872 solent.
797 2816 978 2888 Atque
1007 2820 1170 2875 etiam
1195 2821 1263 2877 iis
1298 2838 1420 2892 quae
1454 2824 1655 2893 protuli
1700 2826 1963 2893 exemplis
1993 2837 2045 2880 et

469 2907 578 2960 alia
605 2907 775 2961 multa
810 2909 1111 2979 adjungere
1137 2925 1379 2980 possem,
1406 2930 1472 2967 ex
1492 2913 1693 2982 quibus
1718 2915 1878 2982 plane
1910 2930 2042 2969 eou-

468 3005 642 3059 staret
703 3008 1007 3072 auctorem,
1040 3002 1204 3057 etiam
1251 3011 1366 3077 tum
1396 3019 1521 3071 cum
1560 3004 1857 3075 Scriptura:
1883 3007 2046 3062 verba

465 3102 580 3144 non
628 3087 877 3153 referret,
910 3091 1145 3147 similem
1198 3093 1454 3165 loquendi
1500 3096 1767 3151 rationem
1817 3113 1957 3167 saepe
1989 3099 2041 3152 in

2148 1913 2231 1967 Ad
2258 1913 2505 1976 verbum,
2540 1911 2799 1965 ducamur
2826 1909 2895 1964 ad
2934 1909 3280 1980 cognitionem
3311 1905 3568 1961 salutaris
3592 1913 3645 1959 et
3676 1904 3731 1958 in

2150 2006 2462 2073 baptismate
2504 2004 2786 2073 dogmatis.
2836 2000 3021 2057 Nihilo
3050 1999 3279 2055 meliora
3310 2006 3441 2053 sunt
3479 2012 3605 2066 qua:
3632 1994 3731 2051 ad-

2149 2096 2403 2153 scribam.
2423 2094 2517 2150 Sic
2541 2096 2705 2165 igitur
2729 2101 2920 2149 auctor
2936 2091 3160 2161 scripsit
3185 2090 3261 2161 (p.
3282 2088 3413 2156 640)
3442 2108 3455 2143 :
3481 2087 3600 2142 Νῦν
3629 2086 3731 2157 μὲν

2149 2186 2291 2239 κατὰ
2320 2186 2381 2239 τὸ
2416 2185 2613 2257 μέτρον
2656 2185 2755 2253 τῆς
2793 2182 3256 2254 ὲνανθρωπήσεως
3294 2177 3725 2251 συμμορφούμε-

2149 2294 2229 2331 vo:
2261 2276 2351 2329 τὸν
2411 2274 2520 2328 ἔσω
2557 2274 2841 2341 ἄνθρωπον
2874 2273 2932 2325 ὲν
2977 2272 3045 2342 τῇ
3092 2269 3371 2339 καινότητι
3415 2268 3517 2337 τῆς
3556 2267 3729 2336 ζωῆς,

2149 2369 2242 2420 καὶ
2273 2369 2339 2435 τῇ
2390 2365 2551 2436 μέχρι
2599 2363 2826 2419 θανάτου
2880 2362 3097 2430 ὑπακοῇ
3144 2361 3202 2412 ὲν
3238 2357 3581 2429 πληροφορίᾳ
3629 2356 3730 2438 τῆς

2147 2454 2405 2525 ἀληθείας
2436 2453 2546 2507 τῶν
2572 2453 2835 2524 ῥημάτων
2860 2448 3024 2504 αὑτοῦ
3042 2467 3057 2481 ο
3092 2449 3200 2514 ἵνα,
3232 2457 3340 2503 etc.
3364 2446 3447 2500 Ad
3475 2446 3728 2508 verbum,

2151 2548 2309 2601 Nunc
2324 2547 2534 2618 quidem
2556 2547 2718 2615 juxta
2742 2542 3125 2611 incarnationis
3142 2555 3443 2594 mensuram
3464 2538 3731 2592 internum

2146 2641 2407 2695 hominem
2438 2638 2759 2709 conformem
2798 2643 3111 2705 praestantes
3143 2634 3199 2687 in
3240 2632 3471 2686 nouitate
3497 2629 3645 2693 vitta,
3678 2635 3733 2682 et

2148 2735 2200 2803 in
2236 2731 2530 2786 obedientia
2578 2745 2741 2799 usque
2788 2726 2856 2782 ad
2888 2735 3130 2791 mortem,
3172 2724 3227 2778 in
3262 2723 3468 2792 integra
3501 2734 3722 2790 persua-

2147 2824 2292 2876 sione
2323 2820 2558 2875 veritatis
2592 2819 2864 2883 verborum
2903 2817 3092 2886 ipsius,
3118 2823 3199 2878 ut,
3229 2820 3338 2869 etc.
3365 2810 3470 2867 Hic
3496 2817 3728 2882 preter-

2145 2927 2309 2983 quam
2340 2912 2483 2981 quod
2534 2911 2710 2965 oratio
2744 2924 2855 2964 non
2889 2907 3214 2970 absolvitur,
3264 2904 3421 2968 illud,
3473 2902 3620 2956 κατὰ
3668 2899 3733 2975 το

2150 3003 2347 3074 μέτρον
2372 3002 2471 3072 τῆς
2496 2999 2979 3072 ὲνανθρωπήσεως,
2993 2997 3159 3067 juxta
3175 2993 3557 3049 incarnationis
3582 3008 3728 3046 men-

2148 3113 2330 3151 suram
2367 3111 2478 3151 non
2522 3095 2598 3149 ita
2647 3103 2773 3164 apte
2811 3092 3015 3147 dictum
3045 3089 3280 3147 videtur.
3317 3086 3534 3159 Optime
3572 3086 3730 3157 dicas

466 3179 586 3241 suis
611 3179 769 3235 libris
793 3180 1132 3238 adhibuisse.
1162 3182 1239 3237 lta
1268 3186 1414 3241 enim
1444 3186 1689 3256 loquitur
1716 3203 1825 3249 non
1851 3190 2043 3259 procul
2071 3170 2113 3228 (ῖ-
2152 3188 2349 3259 μέτρον
2388 3186 2645 3249 πίστεως,
2698 3198 3001 3237 mensuram
3050 3182 3222 3252 ﬁdei:
3278 3194 3390 3235 non
3431 3179 3562 3234 item
3610 3176 3726 3232 for-

464 3270 537 3327 ab
565 3272 725 3328 initio
758 3280 907 3344 (pag.
951 3272 1080 3340 625)
1113 3291 1127 3328 :
1160 3275 1249 3330 Ἐν
1280 3276 1357 3348 τῷ
1383 3278 1645 3350 ρυσθῆναι
1676 3280 1784 3334 ἀπὸ
1812 3280 1911 3351 τῆς
1937 3281 2043 3334 τῶν

465 3363 879 3435 ἁμαρτημάτων
901 3367 1374 3432 καταδυναστείας,
1397 3368 1525 3423 dum
1548 3387 1580 3423 a
1594 3379 1925 3440 peccatorum
1947 3371 2045 3425 do-

464 3453 631 3510 minio
681 3454 956 3509 liberatur.
990 3454 1102 3509 Nec
1149 3456 1223 3510 ita
1258 3458 1429 3513 multo
1472 3467 1596 3528 post
1636 3458 1712 3530 (p.
1751 3459 1918 3530 626):
1950 3460 2043 3531 Τῷ

462 3544 642 3599 εἰπεῖν
670 3546 1031 3617 πεποιηκέναι
1073 3546 1249 3601 πάντα
1289 3548 1359 3601 τὰ
1385 3548 1489 3602 ὑπὸ
1527 3549 1621 3603 τοῦ
1655 3549 1860 3623 Κυρίου
1894 3552 2045 3622 εἰρη-

467 3635 626 3706 μένα,
648 3638 738 3707 qui
758 3637 955 3692 scilicet
982 3638 1201 3693 dixisset
1217 3639 1403 3709 fecisse
1424 3657 1478 3695 se
1492 3642 1671 3695 omnia
1693 3657 1809 3712 qua:
1830 3641 2043 3711 fuerant

466 3746 501 3795 (ι
536 3729 760 3787 Domino
811 3731 976 3794 dicta,
1006 3737 1062 3797 et
1097 3733 1202 3787 alia
1255 3732 1307 3788 id
1332 3749 1503 3805 genus
1550 3749 1658 3791 non
1702 3749 1875 3805 pauca
1926 3734 2040 3806 (a);

466 3835 592 3877 cum
632 3830 812 3877 tamen
863 3824 1100 3880 Basilius
1143 3832 1237 3878 aut
1284 3839 1584 3893 nunquam,
1624 3832 1719 3879 aut
1763 3824 2043 3883 rarissime

462 3906 572 3961 hoc
602 3909 765 3963 modo
798 3911 1103 3981 scripserit.
1148 3909 1257 3967 Sed
1283 3928 1352 3966 ne
1393 3911 1510 3982 ipsa
1538 3913 1911 3984 exemplorum
1948 3930 2043 3973 co-

462 3998 554 4068 pia
589 4000 818 4055 molesta
867 4001 1017 4057 foret
1045 4010 1101 4057 et
1145 4002 1383 4075 ingrata,
1411 4004 1682 4073 ejusmodi
1724 4005 1843 4061 loca
1879 4006 2043 4061 omit-

462 4089 629 4144 tenda
658 4106 783 4151 esse
809 4092 1074 4162 judicavi.

536 4182 627 4237 58.
670 4182 772 4239 Hic
810 4200 983 4256 pauca
1033 4203 1099 4243 ex
1139 4189 1327 4244 multis
1374 4204 1690 4259 congeram,
1727 4205 1793 4247 ex
1839 4191 2041 4260 quibus

463 4273 776 4329 conﬁrmari
811 4278 1003 4353 possit,
1036 4277 1174 4335 duos
1202 4279 1278 4334 De
1325 4280 1807 4347 baptismo‘libros
1843 4280 2041 4337 Basilio

464 4364 665 4436 Magno
719 4368 888 4422 tribui
938 4385 1045 4425 uou
1094 4371 1315 4428 debere.
1372 4371 1569 4427 Statim
1621 4374 1865 4428 occurrit
1908 4374 2039 4428 illud

464 4458 713 4528 (p.632):
744 4459 907 4519 Ὅσον
935 4462 992 4514 δὲ
1020 4462 1268 4534 διαφέρει
1307 4464 1369 4517 τὸ
1399 4464 1622 4536 Πνεῦμα
1662 4464 1721 4518 τὺ
1746 4465 1899 4533 ἅγιον
1943 4463 2040 4519 τοῦ

2148 3286 2317 3342 tasse,
2346 3276 2543 3351 μέτρον
2563 3272 3047 3346 ὲνανθρωπήσεως,
3071 3287 3371 3327 mensuram
3396 3270 3727 3326 incarnatio-

2150 3369 2253 3422 nis.
2287 3366 2518 3432 Cattera,
2548 3368 2607 3419 ὲν
2634 3366 2724 3435 τῇ,
2761 3364 2856 3418 καί⁵
2885 3365 2975 3435 τῇ,
3008 3364 3067 3416 ὲν
3095 3362 3459 3434 πληροφορίᾳ,
3486 3360 3725 3417 hominis

2150 3466 2301 3525 sunt,
2334 3458 2427 3528 qui
2457 3457 2625 3513 verba
2668 3454 2851 3511 verbis
2896 3456 3181 3526 eleganter
3228 3461 3561 3509 connectere
3612 3466 3725 3508 non

2150 3551 2319 3606 novit.
2351 3548 2538 3621 Neque
2561 3549 2651 3603 hic
2688 3549 2888 3614 solum,
2915 3547 3012 3603 sed
3037 3548 3094 3602 in
3127 3554 3243 3601 toto
3263 3559 3429 3617 opere
3455 3544 3725 3601 orationis

2150 3650 2334 3713 partes
2372 3640 2487 3697 fere
2535 3656 2647 3695 non
2697 3640 2876 3704 aliter,
2906 3653 3072 3711 quam
3113 3636 3562 3711 praepositionum
3620 3650 3727 3707 ope

2147 3735 2291 3789 inter
2307 3748 2366 3788 se
2386 3733 2730 3803 copulantur.
2761 3729 3021 3789 Fortasse
3046 3730 3325 3801 aliquanto
3343 3728 3508 3785 etiam
3535 3727 3727 3799 pejora

2146 3822 2477 3878 videbuntur
2491 3836 2611 3892 quas
2626 3820 2788 3894 paulo
2802 3828 2926 3890 post
2942 3819 3147 3890 scripta
3164 3816 3472 3881 invenimus
3484 3814 3721 3889 (μεως

2147 3914 2379 3987 Χριστὸς
2424 3914 2573 3985 ἡμᾶς
2620 3913 2951 3983 ἐξηγόρασεν
2983 3912 3051 3966 ὲκ
3080 3911 3179 3982 τῆς
3208 3909 3456 3981 κατάρας
3486 3907 3581 3963 τοῦ
3634 3907 3724 3963 v6-

2150 4021 2275 4076 μου,
2307 4005 2597 4075 γενόμενος
2629 4004 2768 4076 ὑπὲρ
2796 4001 2953 4074 ἡμῶν
2994 4002 3229 4074 κατάρα.
3268 4001 3412 4054 Πολὺ
3442 4000 3500 4053 δὲ
3523 3999 3725 4070 πρότε-

2150 4114 2241 4168 ρον
2269 4096 2370 4167 τῆς
2392 4097 2665 4167 ἁμαρτίας
2688 4095 2929 4167 δηλονότι
2960 4095 3143 4166 χάριτι
3174 4093 3268 4147 τοῦ
3301 4092 3508 4163 Κυρίου
3547 4090 3725 4162 Ἰησοῦ

2148 4187 2405 4259 Χριστοῦ,
2435 4186 2619 4251 καθὼς
2656 4187 2989 4258 γέγραπται.
3030 4186 3305 4255 lnterpres
3336 4194 3517 4250 vetus,
3560 4183 3725 4253 cujus

2147 4281 2317 4334 menti
2346 4282 2528 4353 inepta
2559 4279 2814 4350 loquendi
2864 4278 3004 4333 ratio
3029 4277 3285 4333 tenebras
3304 4275 3611 4339 offudisset,
3649 4275 3725 4329 ita

2146 4380 2387 4427 verterat
2423 4390 2436 4425 :
2479 4370 2723 4437 Christus
2758 4387 2850 4424 nos
2899 4370 3139 4424 liberavit
3169 4385 3203 4421 a
3242 4365 3522 4421 maledicto
3569 4366 3722 4436 legis,

2148 4464 2324 4533 [actus
2361 4480 2456 4533 pro
2485 4462 2633 4517 nobis
2668 4462 2993 4517 maledictio.
3027 4461 3290 4528 Quoniam
3320 4468 3496 4514 autem
3521 4457 3726 4529 peccati

463 4551 676 4615 ὕδατος,
716 4552 970 4608 τοσοῦτον
1002 4555 1278 4627 ὑπερέχει,
1302 4552 1563 4627 δηλονότι,
1591 4557 1732 4610 καὶὸ
1766 4557 2041 4627 βαπτίζων

2151 4527 2434 4621 plurimum
2478 4556 2770 4625 prtecessit,
2821 4527 3161 4622 manifestum
3213 4560 3312 4617 est,
3359 4550 3498 4621 quod
3523 4527 3726 4622 igratia

462 4646 521 4698 ὲν
544 4645 821 4716 Πνεῦματι
844 4646 985 4716 ἁγίῳ
1008 4645 1100 4699 τοῦ
1139 4646 1489 4719 βαπτίζοντος
1514 4650 1571 4701 ὲν
1597 4648 1769 4713 ὕδατι,
1794 4649 1887 4701 καὶ
1912 4648 2041 4701 αὐτὸ

460 4733 524 4789 τὸ
545 4734 825 4808 βάπτισμα
845 4753 858 4767 ·
889 4735 1053 4801 ὥστε,
1076 4745 1183 4817 etc.
1215 4738 1297 4794 Ad
1328 4740 1552 4796 verbum
1582 4760 1595 4796 :
1625 4741 1835 4808 Quanto
1865 4752 2040 4796 autem

461 4828 801 4883 excellentior
827 4836 907 4885 est
934 4828 1169 4900 Spiritus
1200 4842 1415 4893 sanctus
1442 4849 1600 4901 aqua,
1631 4842 1778 4889 tanta
1804 4835 2039 4899 videlicet

463 4926 685 4985 praestat
711 4927 760 4973 et
796 4919 842 4974 is
868 4920 960 4989 qui
1000 4921 1235 4990 baptizat
1277 4922 1331 4976 in
1356 4921 1558 4989 Spiritu
1598 4933 1803 4987 sancto,
1846 4939 1905 4977 eo
1951 4926 2039 4994 qui

460 5008 697 5076 baptizat
743 5010 799 5065 in
848 5027 1010 5082 aqua,
1059 5021 1109 5067 et
1160 5014 1332 5081 ipsum
1367 5013 1660 5081 baptisma;
1696 5016 1772 5077 sic
1817 5025 1895 5079 ut,
1929 5030 2035 5071 etc.

461 5100 624 5163 Illud,
656 5111 707 5155 et
752 5101 926 5171 ipsum
957 5103 1241 5173 baptisma,
1284 5104 1360 5159 ita
1400 5104 1754 5170 ὲλλειπτικῶς
1797 5108 2039 5176 positum

463 5205 575 5246 nou
615 5193 791 5262 placet
820 5211 836 5260 ;
867 5196 1011 5251 alius
1037 5197 1273 5272 scriptor
1312 5198 1540 5266 peritior
1571 5197 1820 5266 pluribus
1854 5200 2037 5255 verbis

462 5296 577 5336 rem
604 5283 950 5350 explicasset.
970 5287 1263 5357 Aliquanto
1289 5296 1412 5358 post
1436 5287 1509 5357 (p.
1528 5287 1652 5357 635)
1681 5305 1694 5342 :
1728 5288 1844 5341 Ἐπ’
1861 5288 2036 5363 ἐλπίδι

463 5371 609 5442 ζωῆς
625 5373 845 5427 αἰωνίου
865 5375 952 5428 διὰ
968 5377 1141 5447 Ἰησοῦ
1163 5378 1399 5449 Χριστοῦ
1422 5378 1515 5431 τοῦ
1536 5378 1737 5449 Κυρίου
1754 5378 1933 5451 ἡμῶν,
1967 5380 2035 5433 δι’

461 5459 543 5525 οῦ,
576 5464 766 5535 ὥσπερ
792 5466 860 5520 δι’
890 5467 1029 5531 ἐνὸς,
1063 5469 1216 5538 φησὶ,
1248 5470 1692 5541 παραπτώματος
1721 5464 1802 5534 εἰς
1829 5471 2037 5536 πάντας

459 5557 780 5627 ἀνθρώπους
815 5561 893 5623 εἰς
920 5560 1255 5632 κατάκριμα,
1291 5563 1431 5617 οὕτω
1457 5562 1549 5616 καὶ
1579 5563 1645 5616 δι’
1671 5563 1788 5627 ἑνὸς
1810 5562 2034 5617 δικαιῶ·

2145 4647 2359 4711 Domini
2381 4647 2689 4702 nostrilesu
2705 4646 2903 4702 Christi
2920 4645 3015 4699 hoc
3033 4645 3300 4714 prmstitit.
3315 4644 3453 4699 sicut
3463 4643 3723 4712 scriptum

2144 4752 2242 4795 est.
2276 4739 2466 4811 Potius
2521 4740 2597 4794 ita
2629 4739 2896 4810 scriptum
2926 4737 3140 4798 vellem,
3187 4736 3323 4790 πολὺ
3366 4735 3423 4789 δὲ
3454 4735 3721 4808 πρότερον

2145 4830 2577 4902 ὲλευθερούμεθα
2609 4831 2709 4901 τῆς
2743 4829 3036 4901 ἁμαρτίας,
3087 4836 3248 4898 atque
3269 4828 3376 4884 hoc
3412 4836 3576 4898 pacto
3621 4827 3722 4883 ob-

2144 4925 2379 4980 scuritas
2417 4925 2597 4980 omnis
2614 4924 2885 4978 vitabatur
2924 4942 2937 4977 :
2975 4921 3148 4991 Longe
3182 4930 3359 4976 autem
3387 4922 3583 4991 potiori
3595 4921 3725 4990 jure.

2146 5016 2435 5077 liberamur
2469 5032 2502 5069 a
2533 5025 2767 5085 peccato,
2806 5014 3041 5069 videlicet
3066 5015 3263 5084 gratia,
3295 5022 3400 5068 etc.
3426 5012 3615 5083 Neque
3650 5026 3719 5067 eo

2140 5123 2303 5177 quem
2351 5122 2477 5162 mox
2526 5107 2835 5167 exscribam
2886 5107 3005 5161 loco
3056 5105 3273 5161 videtur
3322 5111 3449 5176 apte
3498 5104 3717 5159 locutus

2145 5209 2359 5263 auctor,
2400 5199 2496 5269 qui
2543 5200 2619 5252 ita
2647 5198 2871 5269 scripsit
2912 5197 2989 5269 (p.
3015 5195 3144 5267 662)
3180 5216 3194 5252 :
3245 5196 3351 5250 Τοῦ
3392 5182 3717 5249 Ἀποστόλου

2143 5290 2492 5356 παιδεύοντος
2540 5292 2804 5363 ὴμᾶς.....
2830 5289 2926 5346 καὶ
2972 5290 3061 5345 διὰ
3097 5289 3199 5361 τῆς
3234 5292 3292 5344 ὲν
3319 5288 3569 5361 ἀλλήλοις
3608 5287 3717 5341 τῶν

2148 5382 2325 5453 μελῶν
2352 5381 2446 5437 τοῦ
2481 5382 2733 5453 σώματος
2774 5382 2911 5452 πρὸς
2929 5382 2993 5435 τὸ
3015 5380 3290 5453 εὔσχημον
3316 5380 3412 5434 καὶ
3436 5379 3716 5434 ἀκίνδυνον

2145 5473 2675 5544 κατηναγκασμένης
2704 5474 2956 5541 εὐταξίας
2984 5474 3352 5537 κανονίςοντος
3378 5473 3437 5525 ὲν
3458 5472 3590 5543 ἡμῖν
3614 5469 3716 5540 τὴν

2145 5563 2300 5635 ἡμῶν
2353 5565 2487 5636 πρὸς
2522 5564 2779 5636 ἀλλήλους
2834 5565 3121 5638 εὐάρεστον
3161 5564 3240 5637 τῷ
3284 5564 3403 5638 Θεῷ
3437 5566 3494 5620 ἐν
3527 5565 3715 5635 ἀγάπῃ

532 5714 607 5781 (η)
648 5712 771 5785 ch.
806 5730 857 5785 ρ.
904 5713 1027 5783 628,
1057 5715 1159 5771 637
1188 5716 1285 5783 bis,
1328 5686 1423 5772 (sit
1464 5718 1562 5785 bis,
1600 5718 1724 5785 on,
1761 5718 1857 5774 651
1896 5718 1994 5785 bis,
2031 5717 2136 5774 668
2168 5717 2264 5774 bis.
