3972 6202
321 320 421 374 155

1693 314 2082 374 ΡΒᾹΖΕΑΤΙΟ.

3469 317 3568 372 154

321 436 546 507 Χριστοῦ
606 437 784 507 Ἰησοῦ
812 440 1072 508 εὐταξίαν
1122 442 1181 495 ὲν
1230 445 1295 514 τῇ
1334 442 1565 513 διαφορᾷ
1602 440 1708 493 τῶν
1745 457 1889 511 χαρι‹

2004 438 2123 494 beo.
2159 438 2328 495 Primi
2367 440 2457 496 hic
2483 448 2569 498 est
2596 440 2809 505 titulus,
2855 440 3135 507 Tractatus
3182 439 3239 495 S.
3276 438 3466 493 Basilii
3504 438 3569 492 de

324 530 553 599 σμάτων.
601 528 766 597 Λέγει
794 531 928 603 γάρ,
979 544 1113 601 etc.,
1148 549 1268 605 quae
1307 534 1474 589 verba
1522 548 1588 589 eo
1622 531 1808 596 retuli,
1840 538 1900 585 ut

322 622 488 693 magis
514 629 726 691 pateret
775 628 1085 682 orationem
1114 637 1168 683 et
1212 628 1525 698 perplexam
1559 640 1683 681 esse
1720 630 1776 679 et
1808 623 1896 677 in-

323 711 588 774 tricatam,
626 712 918 784 nimiaque
955 724 1011 771 et
1044 718 1225 789 inepta
1265 718 1712 788 praepositionum
1739 713 1898 784 copia

320 802 644 859 redundare.
701 803 863 861 Haud
914 808 1074 879 longe
1123 824 1154 862 a
1211 810 1316 865 line
1369 810 1449 864 sic
1508 808 1773 877 scriptum
1814 813 1901 860 est

322 896 390 965 (p.
417 896 541 964 672)
568 914 581 950 :
623 896 794 952 Καλεί
825 900 903 963 δὲ,
932 901 1019 953 ὅτε
1053 903 1167 954 ἐστὶ
1201 901 1334 973 πρὸς
1382 901 1472 953 τὸν
1504 900 1635 953 Θεὸν
1678 898 1773 951 καὶ
1806 898 1898 950 τὸν

319 988 547 1056 Χριστὸν
560 990 729 1043 αὐτοῦ
742 992 933 1062 ἀγάπη
949 993 1056 1062 πλη
1062 993 1338 1063 ρῶσαιτὴν
1354 992 1569 1063 ἐντολὴν
1585 991 1676 1045 τοῦ
1693 992 1895 1063 Κυρίου

320 1081 593 1144 εἰπόντος’
640 1083 929 1153 Ἐντολὴν
962 1086 1199 1153 καινήν,
1245 1094 1351 1141 etc.
1375 1086 1528 1151 Quidl
1548 1094 1655 1150 est,
1688 1098 1894 1154 quasso,

321 1172 469 1233 illud,
500 1174 653 1227 ἐστὶν
686 1176 879 1246 ἀγάπη
924 1176 1242 1248 πληρῶσαιῖ
1272 1178 1402 1248 quid
1433 1178 1586 1241 illud,
1622 1178 1758 1247 πρὸς
1804 1177 1895 1230 τὸν

321 1264 446 1341 Θεὸν
466 1266 565 1318 καὶ
592 1266 688 1320 τὸν
710 1268 946 1339 Χριστὸν
974 1269 1160 1334 αὑτοῦ,
1185 1270 1260 1323 ita
1290 1272 1410 1326 sine
1452 1272 1558 1323 ulla
1586 1271 1777 1338 copula
1800 1284 1897 1338 po-

324 1355 481 1408 situm
500 1355 525 1407 ?
556 1356 766 1412 Saltem
801 1359 1047 1414 additum
1076 1361 1415 1432 oportuisset
1448 1360 1761 1423 articulum,
1791 1360 1896 1413 boc

323 1446 476 1500 modo
504 1466 518 1501 :
548 1450 582 1517 ἡ
601 1449 741 1519 πρὸς
764 1452 858 1504 τὸν
877 1451 1122 1508 eam...”
1145 1454 1352 1523 ἀγάπη,
1378 1453 1607 1508 Monebo
1631 1452 1718 1506 hic
1739 1452 1895 1521 quasi

324 1538 658 1606 praeteriens,
698 1548 874 1596 totum
908 1542 1021 1597 fere
1069 1543 1450 1615 fragmentum,
1492 1544 1636 1614 quod
1677 1545 1733 1597 in
1780 1542 1891 1612 Ap-

328 1628 546 1696 pendice
572 1645 639 1685 ex
671 1648 782 1687 uno
813 1634 1005 1689 codice
1030 1633 1202 1705 Regio
1236 1636 1470 1690 orationi
1506 1635 1721 1689 cuidam
1749 1634 1896 1688 addi-

325 1717 514 1783 dimus,
539 1735 569 1775 e
597 1724 778 1791 capite
800 1724 963 1779 tertio
991 1726 1113 1781 libri
1139 1727 1299 1796 primi
1332 1726 1403 1782 De
1444 1727 1701 1796 baptismo
1738 1741 1891 1781 sum-

326 1818 465 1878 ptum
497 1825 646 1868 esse.
678 1812 832 1883 Ejus,
867 1831 1032 1885 quam
1073 1819 1209 1882 dixi,
1251 1819 1515 1874 orationis
1559 1820 1770 1873 initium
1804 1825 1888 1872 est

329 1900 397 1968 (In
420 1902 563 1973 App.
620 1919 747 1976 pag.
787 1907 913 1977 585)
961 1929 974 1963 :
1020 1912 1077 1963 Ὀ
1117 1911 1507 1981 βαπτιζόμενος
1556 1914 1633 1974 εἰς
1683 1910 1887 1979 Τριάδα

328 1993 659 2062 βαπτίζεται,
696 2001 776 2061 εἰς
805 2001 1023 2072 Πατέρα
1060 2004 1153 2056 καὶ
1188 2004 1311 2058 Υἱὸν
1342 2004 1436 2057 καὶ
1462 2005 1614 2071 ἅγιον
1641 2002 1887 2073 Πνεῦμα.

327 2085 421 2151 Qui
451 2086 783 2157 baptizatur,
808 2093 864 2145 in
906 2093 1217 2149 Trinitatem
1250 2096 1567 2163 baptizatur,
1594 2097 1646 2148 in
1674 2094 1888 2148 Patrem

322 2187 368 2229 et
412 2175 612 2231 Filium
661 2191 713 2236 et
766 2180 1031 2251 Spiritum
1083 2195 1364 2239 sanctum:
1418 2186 1707 2256 fragmenti
1754 2165 1887 2239 vero

323 2267 390 2337 (p.
408 2268 533 2340 585)
558 2288 569 2323 ε
599 2272 752 2326 Ἐπεὶ
780 2275 837 2327 δὲ
861 2274 997 2328 Θεοῦ
1023 2276 1114 2330 τοῦ
1139 2276 1341 2345 ἀγαθοῦ
1364 2278 1568 2348 χάριτι,
1600 2278 1663 2347 τῇ
1698 2276 1885 2347 μνήμῃ

319 2357 418 2407 τῶν
458 2358 554 2411 τοῦ
606 2363 929 2431 μονογενοῦς
959 2364 1090 2418 Υἱοῦ
1134 2366 1226 2419 τοῦ
1257 2367 1391 2420 Θεοῦ
1432 2367 1524 2419 τοῦ
1556 2366 1756 2429 ζῶντος
1787 2369 1886 2437 ρη-

321 2449 519 2517 μὰτων,
557 2458 665 2507 etc.
699 2454 801 2508 Sed
822 2457 958 2508 enim
986 2472 1050 2515 ea:
1074 2460 1255 2527 optimi
1292 2458 1388 2512 Dei
1411 2460 1606 2529 gratia,
1638 2459 1887 2515 recorda-

318 2540 449 2594 tione
489 2543 771 2599 verborum
803 2550 1059 2619 unigeniti
1092 2549 1223 2604 Filii
1250 2550 1347 2605 Dei
1383 2552 1617 2616 viventis,
1666 2560 1772 2606 etc.
1814 2550 1886 2606 Ut

315 2632 420 2696 hic,
447 2636 524 2690 ita
565 2644 621 2692 et
660 2640 798 2697 alias
838 2657 981 2711 saepe
1011 2643 1149 2700 Deus
1182 2645 1237 2698 in
1268 2645 1353 2701 his
1392 2645 1546 2700 libris
1572 2646 1761 2700 vivens
1785 2660 1886 2698 no-

317 2725 556 2781 minatur
585 2748 600 2782 :
649 2732 810 2800 cujus
848 2736 1193 2790 creberrima:
1219 2738 1561 2807 repetitionis
1589 2753 1695 2790 non
1728 2736 1886 2790 video

315 2830 411 2885 ego
436 2833 686 2885 causam,
713 2823 818 2879 nisi
860 2824 999 2881 forte
1048 2827 1284 2896 scriptor
1311 2829 1521 2882 veritus
1568 2829 1658 2893 sit,
1693 2842 1761 2882 ne
1792 2827 1884 2897 qui

318 2906 483 2964 Deum
523 2922 803 2969 mortuum
847 2933 972 2973 esse
1013 2919 1439 2985 arbitrarentur;
1485 2920 1555 2975 ob
1603 2921 1768 2990 idque
1795 2936 1889 2975 ne-

314 3017 468 3057 cesse
509 3019 633 3062 esse
680 3006 963 3078 iudicarit,
1006 3020 1067 3067 ut
1119 3029 1242 3070 cum
1294 3016 1476 3071 vivere
1516 3016 1713 3085 saepius
1745 3015 1887 3070 allir-

316 3103 503 3150 uiaret.

316 3201 342 3271 ᾗ
370 3201 518 3288 XIII...
542 3206 619 3262 De
644 3208 886 3288 Liturgia
908 3214 1120 3288 Basilii,
1150 3220 1310 3288 deque
1332 3220 1536 3276 Latinis
1570 3223 1735 3278 tribus
1760 3240 1888 3284 opu—

382 3276 566 3361 sculis,
601 3290 654 3359 et
683 3281 747 3361 de
776 3276 1174 3361 steteriquadam
1192 3276 1737 3361 R'uﬁniquarumdam
1761 3276 1889 3350 ora-

384 3346 586 3400 tionum
626 3346 1075 3420 interpretatione.

382 3460 468 3514 59.
513 3461 589 3517 De
615 3462 801 3520 Basilii
826 3466 1066 3539 Liturgia
1088 3478 1196 3524 tam
1228 3474 1383 3528 multi
1417 3484 1523 3530 tam
1557 3477 1725 3531 multa
1750 3477 1889 3534 scri-

315 3564 566 3622 pserunt,
598 3558 719 3611 utsi
744 3560 873 3628 quid
895 3563 1021 3616 novi
1051 3563 1249 3619 addere
1272 3567 1485 3628 vellem,
1513 3577 1729 3637 tempus
1750 3572 1891 3627 male

315 3642 495 3699 locare
525 3646 657 3700 mihi
688 3648 924 3705 viderer.
944 3652 1244 3717 Quamdam
1284 3663 1463 3711 autem
1491 3658 1674 3713 Basilii
1708 3659 1889 3714 Litur-

313 3734 451 3803 giam
476 3736 607 3790 olim
631 3740 910 3797 exstitisse
932 3741 1089 3799 facile
1109 3745 1346 3802 fatentur
1361 3765 1573 3806 omnes.
1593 3751 1723 3822 Ejus
1741 3754 1818 3808 rei
1836 3763 1889 3810 et

312 3828 524 3896 antiqui
555 3836 611 3883 et
638 3843 887 3888 recentes
916 3841 1085 3901 testes
1115 3839 1377 3905 citantur,
1406 3839 1657 3909 Proclus,
1692 3842 1889 3903 Petrus

312 3915 611 3984 Diaconus,
650 3920 914 3982 Leontius
950 3926 1302 3997 Byzantinus,
1335 3933 1575 4003 episcopi
1615 3935 1671 3989 in
1704 3935 1890 3992 Trullo

310 4015 650 4083 congregati,
681 4015 876 4073 Patres
904 4020 1126 4075 concilii
1156 4024 1395 4092 septimi,
1429 4024 1730 4095 Cabasilas,
1757 4028 1891 4082 Mar-

310 4117 409 4155 cus
444 4102 778 4179 Ephesinus.
819 4107 994 4166 Video
1029 4111 1196 4186 igitur
1239 4116 1375 4170 satis
1407 4116 1566 4171 hodie
1599 4118 1740 4173 inter
1764 4134 1891 4173 eru-

310 4194 456 4249 ditos
484 4204 761 4263 constare,
796 4197 1095 4273 Liturgiam
1126 4205 1365 4275 aliquam
1403 4223 1434 4261 a
1471 4208 1673 4263 Basilio
1695 4210 1889 4282 Magno

311 4286 574 4357 scriptam
603 4288 815 4348 fuisse:
871 4294 966 4350 sed
1008 4296 1149 4351 inter
1176 4314 1271 4354 eos
1314 4316 1422 4354 non
1466 4302 1648 4359 minus
1687 4317 1889 4358 conve-

312 4378 415 4439 nit,
437 4392 559 4431 eam
585 4379 655 4434 ad
677 4395 778 4436 nos
809 4382 1074 4455 integram
1110 4395 1163 4441 et
1189 4403 1382 4459 puram
1413 4404 1523 4443 non
1550 4392 1884 4459 pervenisse,

311 4470 407 4522 sed
425 4470 700 4541 aliquibus
718 4473 849 4529 locis
867 4490 957 4531 aut
972 4479 1339 4542 mutilam,aut
1362 4490 1598 4549 auctam,
1617 4484 1887 4539 autvariis

308 4562 547 4631 denique
565 4563 741 4620 modis
772 4576 1053 4624 mutatam.
1076 4568 1139 4622 Et
1170 4572 1386 4640 quidem
1410 4570 1602 4627 Petrus
1617 4572 1887 4633 Diaconus

311 4651 599 4719 cujusdam
622 4656 943 4724 precationis
958 4660 1223 4725 meminit,
1243 4676 1405 4729 quam
1418 4662 1474 4714 in
1491 4662 1696 4717 nostris
1706 4678 1889 4718 exem-

310 4741 558 4809 plaribus
593 4760 704 4799 non
729 4754 943 4802 exstare
978 4757 1211 4804 constat.
1250 4750 1395 4805 lntcr
1429 4761 1652 4807 caeteros
1681 4761 1884 4814 autem,

309 4833 402 4899 qui
434 4841 628 4889 nostra
656 4844 816 4891 aetate
844 4838 910 4893 de
944 4838 1127 4893 Basilii
1174 4840 1416 4910 Liturgia
1458 4844 1785 4905 disseruere,
1814 4857 1891 4897 re-

308 4925 523 4979 censeri
576 4937 830 4995 possunt,
876 4928 1196 4987 Guillelmus
1238 4931 1436 4995 Cavus.
1490 4932 1887 4997 Tillemontius,

311 5013 625 5071 Ludovicus
679 5016 944 5086 Dupinus,
994 5018 1232 5077 Joannes
1278 5022 1533 5077 Albcrtus
1580 5023 1886 5091 Fabricius,

311 5108 614 5167 Casimirus
638 5112 906 5178 Oudinus,
930 5124 982 5167 et
1012 5116 1094 5167 vir
1117 5116 1457 5169 clarissimus
1500 5116 1751 5185 idemque
1787 5116 1856 5169 do
1876 5143 1888 5156 -

314 5201 599 5259 ctissimus
624 5202 895 5260 Eusebius
914 5202 1290 5261 Renaudotius
1320 5227 1331 5261 :
1365 5208 1525 5277 cujus
1548 5208 1771 5278 scripta,
1796 5210 1889 5277 qui

314 5306 492 5356 rerum
535 5294 918 5365 liturgicarum
960 5298 1166 5365 curiosi
1204 5307 1366 5364 sunt,
1403 5300 1584 5370 legere
1611 5309 1885 5369 poterunt.

383 5387 470 5441 60.
502 5386 688 5449 Pauca
713 5386 783 5445 de
812 5386 1021 5444 Latinis
1062 5391 1238 5445 tribus
1267 5392 1546 5461 opusculis
1577 5392 1763 5447 dicere
1791 5393 1889 5446 ha-

386 5630 456 5694 (αι
499 5628 671 5687 Genu.
700 5628 778 5685 De
808 5631 931 5684 viris
960 5631 1061 5693 ill.,
1101 5647 1148 5685 c.
1188 5632 1269 5685 77.

2000 533 2360 587 consolatione
2388 535 2443 587 in
2486 534 2738 597 adversis,
2763 535 2980 597 incerto,
3022 531 3111 586 sed
3145 532 3359 601 antiquo
3402 531 3566 583 inter-

1998 634 2179 692 prete:
2211 625 2456 691 secundi,
2489 625 2743 695 Ejusdem
2771 625 2833 679 S.
2880 624 3063 678 Patris
3110 622 3305 678 Basilii
3333 622 3569 675 salutare

1997 728 2047 771 et
2068 717 2332 771 eruditum
2360 734 2509 786 opus,
2534 721 2598 772 de
2625 718 2783 771 laude
2809 718 3068 772 solitaria:
3097 717 3237 780 vitw,
3268 717 3466 768 incerto
3486 714 3569 766 in-

1999 818 2260 878 terprete:
2298 810 2465 872 tertii,
2498 808 2556 864 S.
2583 808 2774 863 Basilii
2805 807 3063 862 Cwsarea?
3091 803 3439 874 Cappadocire
3454 803 3568 871 epi-

1996 903 2140 971 scopi
2167 900 2456 955 admonitio
2489 900 2557 954 ad
2593 902 2763 970 ﬁlium
2793 899 3146 968 spiritualem,
3178 901 3375 951 incerto
3400 896 3566 948 inter-

1959 1018 1973 1031 -
1994 1004 2156 1064 prete.
2189 994 2346 1059 Quod
2395 1002 2576 1049 autem
2606 994 2661 1048 in
2704 993 3068 1061 inscriptione
3107 988 3405 1059 cujuslibet
3434 1002 3569 1055 opu-

1996 1090 2133 1145 Sculi
2188 1088 2404 1158 legitur,
2436 1088 2633 1141 incerto
2665 1086 2960 1153 interprete,
2994 1098 3102 1136 non
3154 1092 3405 1136 nostrum
3457 1086 3566 1140 est,

1995 1179 2090 1235 sed
2120 1193 2333 1243 eorum,
2369 1178 2462 1247 qui
2490 1177 2754 1232 editiones
2786 1176 3042 1245 antiquas
3090 1173 3449 1228 adornarunt.
3482 1170 3566 1223 An

1993 1272 2139 1327 enim
2182 1272 2292 1325 ulla
2321 1287 2384 1326 ex
2430 1270 2516 1324 bis
2556 1267 3054 1323 lucubratiunculis
3104 1279 3344 1334 unquam
3380 1261 3568 1315 Graece

1993 1362 2287 1425 exstiterit,
2320 1360 2557 1415 dubitari
2608 1358 2803 1412 merito
2846 1373 3007 1427 posse
3055 1356 3389 1409 arbitramur
3416 1371 3428 1407 :
3457 1354 3567 1405 imo

1991 1454 2196 1523 potius,
2230 1454 2336 1509 nisi
2367 1453 2523 1508 valde
2544 1451 2805 1513 fallimur,
2831 1450 2936 1503 tria
2968 1449 3083 1502 haec
3107 1447 3373 1516 opuscula
3405 1461 3435 1500 a
3470 1444 3569 1497 La-

1992 1548 2122 1602 tinis
2152 1547 2458 1615 composita
2486 1544 2659 1601 fuisse
2685 1560 2783 1615 pro
2804 1551 2955 1599 certo
2982 1542 3173 1597 haberi
3200 1547 3399 1611 potest.
3425 1537 3567 1609 Opu-

1991 1638 2129 1695 sculi
2150 1640 2305 1709 primi
2324 1639 2652 1693 mentionem
2673 1636 2876 1691 faciens
2892 1633 3297 1689 eruditissimus
3313 1630 3395 1683 vir
3411 1629 3567 1684 Joan-

1992 1742 2091 1783 nes
2106 1726 2359 1783 Albertus
2377 1727 2679 1791 Fabricius,
2698 1728 2770 1781 ita
2789 1726 2982 1782 scribit
3000 1725 3074 1795 (l)
3092 1744 3105 1778 :
3122 1726 3239 1777 Non
3252 1732 3328 1776 est
3350 1720 3563 1785 Basilii,

1991 1838 2081 1875 nec
2110 1837 2137 1874 e
2166 1819 2348 1875 erco
2386 1836 2585 1885 versus,
2620 1820 2709 1873 sed
2739 1819 2927 1873 Latine
2972 1819 3198 1885 scriptus
3248 1832 3282 1868 a
3337 1814 3562 1873 Victore,

1990 1914 2079 1985 qui
2108 1924 2225 1982 post
2266 1913 2538 1967 Rusticum
2572 1911 2852 1969 Cartennat
2896 1909 3239 1967 Mauritania:
3290 1909 3346 1960 in
3381 1907 3565 1974 Africa

1989 2008 2257 2073 episcopus
2286 2006 2426 2057 circa
2452 2006 2517 2058 Α,
2546 2004 2605 2058 C.
2630 2003 2735 2057 460
2765 2004 2885 2071 fuit,
2910 2012 2958 2055 et
2982 2002 3116 2053 hunc
3147 1998 3561 2052 consolatoriam

1992 2096 2248 2158 libellum,
2283 2098 2372 2165 qui
2409 2098 2570 2149 etiam
2594 2097 2731 2149 inter
2767 2094 2824 2149 S.
2874 2093 3119 2147 Eucherii
3148 2107 3303 2159 opera
3350 2090 3561 2158 legitur,

1991 2189 2059 2240 ad
2089 2188 2262 2241 nescio
2295 2205 2445 2267 quem
2490 2188 2752 2241 Basiliam
2782 2201 2936 2254 super
2980 2195 3146 2238 morte
3182 2185 3283 2253 ﬁlii
3325 2182 3559 2250 scripsit,

1992 2290 2118 2335 teste
2166 2280 2436 2335 Gennadio
2470 2297 2583 2350 cap.
2615 2281 2686 2335 67
2720 2281 2795 2335 De
2830 2278 3192 2348 scriptoribus
3225 2276 3423 2331 eccles.
3455 2273 3563 2328 Ea-

1990 2373 2112 2427 dem
2153 2374 2362 2429 notavit
2410 2374 2763 2429 doctissimus
2809 2372 2892 2427 vir
2940 2371 3241 2425 Casimirus
3291 2368 3562 2431 Oudinus,

1989 2465 2149 2535 cujus
2178 2466 2293 2520 haec
2322 2475 2447 2521 sunt
2467 2466 2632 2519 verba
2653 2465 2804 2534 (tom.
2832 2465 2870 2527 Ι,
2894 2479 2947 2532 p.
2973 2463 3097 2532 572)
3122 2480 3135 2515 :
3167 2460 3407 2528 Epistola
3436 2476 3561 2512 con-

1989 2560 2246 2614 solatoria
2288 2560 2345 2611 in
2378 2558 2610 2612 adversis
2638 2558 2944 2626 neutiquam
2980 2562 3177 2622 spectat
3223 2552 3290 2604 ad
3319 2558 3561 2604 sanctum

1989 2652 2253 2707 Basilium
2296 2651 2556 2706 Cwsareaz
2590 2651 3061 2719 archiepiscopum,
3094 2647 3173 2700 vel
3216 2645 3284 2699 ad
3318 2645 3559 2698 ercum

1988 2744 2155 2797 alium
2204 2752 2512 2796 auctorem:
2549 2740 2640 2795 sed
2690 2741 2915 2794 hominis
2946 2738 3125 2794 Latini
3173 2746 3271 2801 est,
3334 2734 3561 2789 Victoris

1988 2834 2266 2891 Cartcnme
2282 2837 2333 2888 in
2355 2834 2539 2904 Africa
2557 2833 2804 2903 episcopi,
2834 2834 2923 2901 qui
2940 2849 3055 2885 eam
3075 2831 3142 2884 ad
3160 2830 3387 2883 amicum
3406 2841 3561 2879 suum

1987 2926 2261 2996 quemdam
2280 2926 2487 2979 nomine
2516 2924 2777 2977 Basilium
2796 2923 3031 2988 scripsit,
3055 2931 3112 2974 ut
3140 2920 3285 2988 infra
3304 2918 3560 2971 dicemus.

1988 3016 2109 3070 Alio
2127 3023 2307 3069 autem
2339 3015 2432 3068 illo
2461 3015 2514 3067 in
2547 3016 2667 3068 loco
2688 3013 2924 3068 Victoris
2948 3008 3341 3067 Cartennensis
3358 3007 3563 3075 scripta

1913 3113 1957 3177 ο
1990 3121 2281 3161 recensens
2302 3105 2445 3159 idem
2468 3104 2735 3167 Oudinus,
2756 3104 2830 3155 ita
2850 3100 3093 3171 loquitur
3116 3099 3265 3168 (ibid.
3288 3092 3522 3166 p.128?)
3544 3110 3559 3147 :

1992 3195 2149 3260 Item,
2176 3196 2304 3250 liber
2333 3195 2410 3250 De
2432 3194 2791 3249 consolatione
2823 3195 2879 3247 in
2911 3191 3144 3246 adversis
3175 3189 3242 3242 ad
3273 3187 3560 3247 Basilium,

1990 3291 2126 3343 inter
2156 3305 2313 3357 opera
2349 3280 2520 3342 sancti
2544 3288 2738 3341 Basilii
2766 3286 2985 3355 Magni:
3014 3282 3151 3353 quod
3181 3280 3361 3334 nullus
3388 3279 3559 3331 adno—

1993 3383 2141 3435 tavit.
2189 3379 2311 3434 Jam
2361 3387 2542 3435 autem
2591 3379 2769 3448 ipsius
2815 3376 3085 3432 Gennadii
3132 3375 3299 3429 verba
3354 3372 3564 3428 referre

1990 3486 2170 3539 operae
2202 3470 2441 3539 pretium
2497 3476 2582 3523 est
2622 3468 2721 3538 (a).
2770 3465 2897 3520 Haec
2943 3472 3125 3519 autem
3168 3470 3335 3518 sunt:
3383 3460 3565 3514 Victor

1991 3560 2271 3617 Cartennw
2298 3560 2642 3615 Mauritania:
2667 3559 2894 3612 civitatis
2912 3557 3202 3625 cpiscopus,
3224 3553 3433 3621 scripsit
3464 3550 3562 3603 ad-

1992 3672 2170 3709 versus
2201 3655 2426 3707 Arianos
2455 3652 2647 3706 librum
2670 3667 2835 3704 unum
2864 3650 3097 3718 longum.
3192 3686 3205 3699 .
3236 3654 3287 3698 et
3309 3646 3376 3697 ad
3403 3643 3564 3697 Basi-

1990 3746 2123 3799 lium
2156 3744 2435 3815 quemdam
2476 3759 2631 3812 super
2676 3751 2843 3796 morte
2887 3739 2989 3808 ﬁlii
3034 3735 3449 3790 consolatorium
3488 3733 3559 3785 li-

1992 3836 2162 3900 brum,
2196 3851 2285 3904 spe
2329 3833 2734 3888 resurrectionis
2757 3871 2770 3894 ,
2801 3829 3031 3898 perfecta
3069 3826 3417 3881 instructione
3446 3838 3562 3875 mu-

1992 3928 2184 3980 nilum.
2228 3925 2339 3980 Nec
2384 3924 2533 3979 aliud
2576 3923 2646 3978 de
2698 3938 2765 3978 eo
2805 3921 2989 3975 libello
3031 3919 3195 3975 sentit
3239 3916 3559 3971 Guillelmus

1991 4019 2188 4073 Cavus.
2224 4016 2334 4087 Ego
2380 4027 2561 4072 autem
2608 4031 2715 4070 non
2764 4013 2974 4084 negabo
3006 4010 3229 4081 quidem
3280 4008 3428 4061 illam
3461 4006 3559 4060 do-

1991 4112 2366 4166 ctissimorum
2427 4112 2672 4165 virorum
2722 4108 3053 4163 sententiam
3110 4119 3295 4158 veram
3338 4102 3559 4157 videri:

1992 4194 2087 4257 sed
2117 4203 2291 4270 ipsam
2324 4215 2507 4255 veram
2539 4216 2663 4255 esse
2694 4216 2803 4253 non
2837 4198 2997 4251 facile
3026 4195 3259 4250 fatebor.
3285 4192 3386 4247 Cui
3413 4193 3561 4248 enim

1990 4308 2232 4362 unquam
2268 4278 2591 4365 persuaderi
2638 4292 2860 4361 poterit,
2918 4289 3185 4350 libellum,
3218 4286 3275 4339 in
3328 4299 3436 4354 quo
3492 4299 3563 4338 ne

1992 4399 2162 4438 unum
2223 4383 2444 4453 quidem
2493 4383 2722 4436 verbum
2775 4382 2842 4436 de
2899 4381 3196 4435 amissione
3262 4378 3559 4433 liberorum

1917 4458 1963 4514 Β
1992 4477 2208 4547 legitur,
2244 4475 2377 4529 illud
2409 4475 2589 4545 ipsum
2618 4490 2757 4544 opus
2798 4489 2919 4527 csse
2944 4471 3185 4527 Victoris
3216 4470 3559 4525 Cartennen-

1991 4569 2092 4631 sis,
2139 4568 2285 4637 quod
2340 4566 2658 4622 Gennadius
2703 4566 2779 4619 ait
2829 4564 2951 4618 ideo
3002 4564 3265 4633 scriptum
3314 4560 3485 4614 fuisse
3530 4574 3563 4612 ι

1994 4659 2234 4726 Victore,
2265 4666 2327 4712 ut
2357 4658 2647 4727 quemdam
2703 4657 2939 4710 amicum
2962 4669 3121 4709 suum
3173 4667 3335 4721 super
3386 4657 3565 4704 morte

1996 4752 2089 4804 lilii
2128 4749 2547 4803 consolaretur?
2576 4748 2739 4802 Certe
2785 4762 2894 4800 non
2934 4754 3016 4801 est
3050 4746 3104 4797 in
3135 4741 3418 4797 exemplis.
3460 4741 3564 4795 tale

1996 4841 2299 4912 quidquam
2332 4855 2573 4909 unquam
2609 4839 2896 4893 accidisse.
2923 4836 3182 4904 Quisquis
3217 4833 3381 4904 igitur
3418 4833 3564 4887 libel-

1996 4934 2110 4987 lum
2144 4933 2573 4997 consolatorium
2601 4974 2614 4998 ,
2658 4932 2749 5001 qui
2802 4932 2945 4985 inter
2980 4928 3163 4983 Basilii
3220 4943 3384 4997 opera
3412 4929 3563 4983 inve-

1994 5028 2141 5082 nitur
2158 5028 2301 5096 (pag.
2327 5024 2475 5095 697),
2500 5027 2709 5095 legerit,
2734 5024 2919 5077 statim
2943 5020 3357 5083 animadvertat,
3382 5021 3562 5090 ipsum

1993 5120 2300 5176 confectum
2329 5117 2499 5171 fuisse
2526 5132 2633 5171 non
2665 5131 2830 5170 causa
2859 5114 3050 5184 patris,
3068 5112 3226 5182 cujus
3253 5113 3394 5167 ﬁlius
3417 5127 3564 5166 mor-

1995 5221 2119 5263 tuus
2151 5216 2316 5272 esset,
2354 5208 2449 5264 sed
2484 5222 2651 5263 causa
2683 5207 3027 5267 miserorum,
3061 5219 3388 5274 quacunque
3415 5204 3567 5263 cala-y

1994 5303 2184 5355 mitate
2213 5308 2307 5355 aut
2336 5315 2578 5354 {erumna
2610 5298 2956 5353 afﬁcerentur
2986 5317 2997 5351 :
3039 5299 3134 5353 sed
3167 5299 3241 5351 ita
3272 5310 3472 5361 tamen,
3504 5308 3564 5350 ut

1994 5392 2231 5462 scriptor
2275 5393 2483 5447 interea
2509 5390 2637 5443 dum
2681 5404 2871 5445 omnes
2893 5389 3244 5445 calamitosos
3286 5387 3559 5444 consolari

381 5722 444 5780 (Ι)
470 5721 592 5771 Bibl.
617 5723 773 5774 Graec.
806 5728 929 5773 tom.
958 5722 1019 5773 lx
1044 5723 1121 5773 ed.
1154 5722 1342 5778 Harlcs,
1382 5726 1403 5774 ς·
1416 5727 1494 5776 ide
1517 5728 1645 5775 inter
1672 5724 2032 5789 Prolcgomcna
2060 5725 2205 5786 hujus
2233 5724 2482 5785 editionis,
2511 5736 2624 5787 pag.
2654 5737 2821 5774 tum
2843 5722 2902 5774 D.
2934 5723 3066 5773 Ern.
3095 5720 3241 5771 ΡΑτιι.
