3972 6202
411 323 518 382 155

1779 286 2181 379 primum?

3545 324 3669 383 156

412 440 606 505 vellet,
638 440 912 512 praecipue
959 440 1028 497 iis
1070 439 1329 496 solatium
1379 437 1576 495 afferre
1625 445 1855 495 conatus
1886 439 1987 503 sit,
2014 444 2065 501 Α
2091 455 2179 494 me
2231 438 2483 509 speravi,
2516 439 2563 495 si
2598 439 2797 495 veteris
2852 438 2997 495 illius
3047 440 3359 510 interpretis
3409 457 3548 513 opus
3593 441 3671 498 in

412 532 509 604 qui
559 532 725 603 lepra:
760 532 952 588 morbo
1007 531 1431 587 afﬂictabantur.
1479 530 1616 586 Nam
1650 532 1771 602 ipso
1821 531 1981 586 initio

414 624 492 679 ita
522 631 715 679 auctor
744 624 1017 696 loquitur:
1052 623 1508 692 Quemadmodum
1529 623 1699 689 navis,
1731 639 1849 677 cum
1885 638 1984 676 un-

413 715 609 771 darum
636 723 937 783 tempestate
971 724 1260 785 quassatur
1279 755 1293 778 ,
1324 714 1428 769 nisi
1457 713 1859 785 gubernatorem
1895 727 1984 781 pe-

415 806 739 860 ritissimum
759 805 972 869 habeat,
1006 821 1039 858 a
1066 804 1314 872 ﬂuctibus
1344 805 1509 858 maris
1534 803 1637 857 cito
1657 803 1946 857 conteritur
1963 816 1982 855 .'

417 899 499 952 ita
524 906 575 952 et
600 897 755 950 homo
786 913 906 950 cum
933 897 993 950 in
1022 896 1284 966 aliquibus
1319 895 1552 949 adversis
1591 895 1753 964 fuerit
1780 894 1983 948 consti-

420 999 564 1043 tutus
586 1031 602 1057 ,
632 989 736 1043 nisi
764 988 1006 1043 habuerit
1049 996 1273 1042 utentem
1300 986 1492 1041 divinis
1537 986 1758 1056 eloquiis
1805 983 1990 1040 erudi-

421 1089 553 1142 tam,
577 1079 683 1133 cito
704 1080 913 1132 animus
941 1078 1055 1146 ejus
1080 1078 1367 1148 frangitur,
1391 1086 1439 1131 et
1463 1076 1656 1131 salutis
1685 1093 1796 1131 sua:
1823 1076 1988 1145 susti-

421 1177 508 1222 net
544 1167 818 1222 damnum.
854 1168 1105 1238 Quisquis
1143 1186 1264 1239 ergo
1288 1168 1378 1222 ille
1401 1185 1454 1222 es
1478 1169 1681 1239 positus
1710 1170 1766 1222 in
1798 1167 1987 1222 adver-

419 1261 519 1325 sis,
541 1261 829 1331 paulisper,
861 1272 1000 1330 peto,
1023 1261 1188 1317 verbis
1214 1263 1341 1316 meis
1374 1278 1556 1316 aurem
1588 1262 1866 1333 diligenter
1898 1278 1990 1316 ae-

419 1353 719 1419 commoda,
741 1365 799 1408 ut
825 1355 943 1418 tibi,
974 1356 1026 1408 in
1047 1361 1301 1424 quantum
1317 1368 1551 1422 possum,
1578 1354 1991 1409 consolationem

420 1460 490 1502 ex
542 1445 943 1514 Scripturarum
997 1445 1232 1515 fontibus
1292 1447 1578 1515 proferant.
1640 1446 2013 1517 Propositum

422 1550 557 1607 ergo
587 1543 706 1592 erat
743 1538 977 1602 auctori,
1016 1553 1125 1594 non
1151 1538 1404 1608 privatim
1441 1538 1608 1594 solari
1649 1545 1861 1608 patrem
1882 1537 1993 1593 ﬁlio

425 1629 708 1694 orbatum,
749 1643 858 1699 qua
892 1628 961 1685 de
993 1643 1055 1685 re
1108 1644 1382 1700 nusquam
1415 1644 1676 1700 expresse
1713 1629 1993 1699 loquitur,

426 1721 525 1777 sed
556 1721 855 1790 quemlibet
875 1721 1199 1791 generatim,
1231 1720 1460 1776 adversa
1485 1719 1706 1775 fortuna
1731 1729 1992 1774 utentem.

2090 532 2268 586 lucem
2290 532 2558 587 edendum
2593 546 2843 587 curarem
2875 552 2887 586 :
2919 547 3093 603 eoque
3113 534 3308 603 magis,
3327 534 3494 604 quod,
3525 549 3671 589 cum

2089 623 2281 678 Graeca
2304 624 2601 678 etiamnum
2636 630 2884 690 exstent,
2922 625 3116 679 Latina
3159 641 3281 681 cum
3317 626 3402 680 his
3436 641 3466 680 a
3514 641 3673 695 quo—

2088 715 2224 770 libet
2255 717 2564 786 comparari
2591 724 2868 787 poterunt,
2906 717 3094 787 sicque
3142 719 3314 786 magis
3352 717 3674 788 intelligere

2090 808 2301 873 licebit,
2337 816 2601 877 quantum
2635 808 2873 862 licentia:
2914 807 2970 861 in
3019 809 3293 863 vertendis
3342 807 3674 864 Graacorum

2092 896 2316 966 scriptis
2357 896 2463 951 sibi
2494 904 2734 952 sumeret
2765 896 2833 961 is,
2864 912 3026 967 quem
3060 897 3193 962 dixi,
3239 897 3673 968 antiquissimus

2093 988 2371 1058 interpres
2405 987 2661 1043 Ruﬁnus.
2702 988 2926 1043 Duobus
2977 996 3156 1043 autem
3195 989 3350 1045 libris
3382 989 3674 1047 veteribus

2094 1080 2181 1135 usi
2225 1095 2439 1145 sumus,
2474 1096 2584 1136 uno
2618 1079 2808 1151 Regio,
2838 1081 3010 1136 altero
3038 1079 3355 1136 Colbertiuo
3380 1101 3393 1137 :
3423 1098 3675 1153 quorum

2095 1169 2153 1223 in
2205 1170 2386 1239 primo
2434 1172 2712 1225 orationes
2770 1170 3036 1223 duntaxat
3088 1169 3357 1240 quinque,
3387 1171 3444 1224 in
3490 1171 3679 1226 altero

2097 1265 2280 1314 autem
2311 1266 2436 1314 octo
2474 1260 2846 1329 reperiuntur.
2881 1258 3121 1325 Quaestio
3159 1259 3250 1313 hic
3286 1259 3420 1313 oriri
3459 1266 3675 1330 potest,

2097 1356 2231 1420 quot
2254 1349 2438 1404 Basilii
2461 1351 2737 1405 orationes
2766 1349 2998 1405 Ruﬁnus
3020 1349 3404 1420 interpretatus
3420 1350 3512 1415 sit,
3539 1359 3680 1406 octo

2099 1454 2168 1494 an
2201 1440 2412 1501 decem,
2443 1439 2738 1495 Dubitandi
2786 1451 2966 1496 autem
3015 1455 3186 1495 causa
3226 1449 3333 1506 est,
3363 1441 3507 1512 quod
3550 1441 3677 1495 Ru—

2100 1532 2266 1596 ﬁnus,
2295 1532 2388 1587 ubi
2422 1532 2699 1601 signiﬁcat
2735 1533 2969 1589 vertisse
2992 1548 3050 1588 se
3093 1532 3280 1588 decem
3314 1532 3498 1587 Basilii
3537 1548 3678 1585 ora-

2101 1625 2309 1689 tiones,
2345 1625 2596 1696 ambigue
2638 1625 2853 1681 locutus
2878 1627 2949 1681 sit
2982 1645 2995 1681 :
3029 1626 3124 1696 qui
3158 1635 3342 1680 tamen
3371 1626 3501 1681 alibi
3547 1626 3677 1681 dis-

2101 1719 2274 1775 tincte
2302 1718 2471 1784 dicit,
2528 1734 2587 1774 se
2633 1717 2899 1773 duntaxat
2967 1726 3092 1773 octo
3138 1716 3323 1774 Basilii
3376 1719 3685 1774 conciones

344 1885 349 1890 '
427 1809 498 1865 Et
530 1811 836 1882 interjectis
868 1812 1080 1876 multis,
1124 1811 1203 1867 ita
1245 1810 1471 1881 scripsit
1493 1808 1642 1882 (pag.
1673 1809 1831 1879 701):
1863 1808 2000 1864 Novi
2031 1791 2081 1851 Β
2106 1808 2304 1865 Latine
2345 1808 2673 1865 reddidisse.
2716 1807 2902 1863 Primo
2948 1808 3117 1879 igitur
3169 1809 3292 1864 loco
3342 1809 3428 1865 his
3486 1809 3684 1865 verbis

428 1903 571 1958 enim
591 1901 869 1972 quosdam,
901 1903 1132 1957 maxime
1164 1918 1276 1969 eos,
1305 1903 1395 1972 qui
1438 1902 1597 1971 leprce
1631 1900 1843 1955 macula
1882 1909 2003 1954 sunt

429 2009 649 2062 corpore
693 1994 917 2064 aspersi,
970 1994 1030 2047 in
1084 2001 1286 2047 tantam
1324 1992 1741 2061 desperationem
1786 2006 1880 2061 pro
1909 1991 2007 2049 hac

430 2083 589 2152 plaga
615 2082 788 2137 venire
807 2122 823 2146 ,
865 2091 924 2136 ut
972 2090 1155 2152 putent
1199 2098 1259 2137 se
1285 2082 1500 2136 omnino
1529 2079 1809 2135 destitutos
1838 2095 1950 2135 esse
1974 2097 2009 2133 a

433 2173 684 2228 Domino.
736 2170 936 2227 Statim
985 2179 1169 2227 autem
1198 2170 1392 2227 eodem
1446 2171 1543 2227 illo
1594 2169 1663 2225 de
1706 2168 1899 2224 morbo
1927 2167 2008 2223 lo-

434 2280 633 2335 quens,
664 2266 742 2319 ita
782 2264 1167 2334 persequitur:
1202 2261 1272 2317 Et
1303 2272 1361 2316 tu
1388 2278 1508 2316 cum
1535 2262 1610 2316 sis
1639 2263 1698 2315 in
1734 2260 1907 2330 plagis
1946 2276 2009 2313 ac

434 2355 709 2411 doloribus
733 2355 1077 2418 constitutus,
1103 2364 1153 2410 et
1179 2353 1243 2408 ab
1267 2353 1365 2407 hac
1398 2353 1542 2407 lutea
1573 2351 1701 2406 urbe
1738 2350 2007 2415 exclusus,

435 2446 485 2500 si
505 2445 768 2514 sapienter
792 2443 903 2498 haec
939 2443 1268 2508 toleraveris,
1288 2452 1336 2496 et
1356 2441 1624 2496 humiliter
1644 2439 1754 2494 Deo
1785 2451 1874 2492 tuo
1899 2455 2012 2493 ser-

435 2535 616 2600 vietis,
645 2533 879 2588 civitatis
911 2534 1079 2602 ipsius
1110 2549 1173 2588 ac
1215 2530 1458 2609 paradisi
1501 2532 1719 2585 colonus
1755 2530 2009 2599 efﬁcieris.

439 2627 568 2683 Non
589 2629 732 2683 enim
755 2643 851 2697 pro
878 2628 1240 2683 exsecratione
1269 2626 1484 2689 animm,
1510 2622 1600 2679 sed
1631 2632 1845 2693 propter
1882 2637 2015 2691 qua-

439 2720 648 2775 litatem
684 2719 1038 2790 (egritudinis,
1076 2735 1110 2772 a
1135 2717 1315 2786 populi
1340 2715 1605 2770 consortio
1640 2713 1923 2776 recessisti,
1955 2727 2015 2763 eo

439 2810 580 2881 quod
607 2808 809 2878 generis
834 2807 948 2876 ejus
978 2805 1193 2860 morbus
1215 2804 1294 2876 (ut
1321 2804 1538 2874 quidam
1560 2818 1795 2857 asserere
1815 2801 2015 2870 volunt)

2103 1916 2242 1955 usus
2270 1907 2355 1955 est
2381 1899 2457 1969 (a)
2482 1919 2495 1954 :
2532 1897 2764 1953 Exstant
2791 1915 2989 1970 quoque
3022 1900 3298 1970 utriusque
3323 1900 3513 1970 ingenii
3534 1899 3682 1971 [Ba-

2108 1992 2221 2046 silii
2270 2000 2322 2045 et
2364 1990 2630 2063 Gregorii]
2663 1992 2987 2045 monimenta
3031 1985 3313 2062 magniﬁca
3357 2001 3687 2045 tractatuum

2106 2099 2235 2171 quqs
2265 2098 2332 2138 ea:
2365 2092 2592 2153 tempore
2613 2084 2670 2136 in
2702 2081 2933 2137 ecclesiis
2957 2081 3344 2136 declamabant.
3378 2081 3462 2135 Ea:
3488 2081 3685 2153 quibus

2110 2192 2205 2230 nos
2245 2175 2409 2229 denas
2441 2174 2604 2244 ferme
2631 2174 2961 2244 singulorum
2983 2174 3349 2228 oratiunculas
3384 2173 3689 2242 transfudi-

2109 2283 2227 2321 mus
2262 2267 2317 2319 in
2339 2264 2608 2319 Latinum.
2629 2263 2750 2319 Non
2791 2264 2935 2319 enim
2984 2270 3360 2319 asseveranter
3388 2264 3526 2318 dicit
3556 2279 3691 2320 ver-

2109 2361 2245 2415 tisse
2267 2374 2327 2415 se
2351 2358 2537 2413 decem
2561 2357 2856 2423 orationes,
2879 2355 2976 2412 sed
3006 2356 3176 2412 ferme
3198 2357 3406 2411 decem.
3428 2355 3485 2410 ln
3507 2358 3691 2411 altero

2113 2457 2295 2505 autem
2335 2448 2457 2502 loco
2489 2447 2564 2518 (b)
2600 2446 2830 2502 Ruﬁnus
2860 2446 3254 2516 Apronianum,
3282 2446 3371 2500 cui
3407 2461 3560 2502 suam
3597 2445 3692 2499 in-

2114 2541 2559 2609 terpretationem
2587 2538 2896 2602 dedicabat,
2930 2538 3005 2591 ita
3034 2538 3307 2593 allocutus
3335 2544 3420 2592 est
3446 2556 3459 2591 :
3489 2536 3693 2605 Aliqua

2117 2630 2211 2683 tibi
2259 2632 2316 2684 in
2352 2628 2605 2683 Latinum
2635 2629 2767 2683 verti
2815 2629 2943 2682 olim
2983 2644 3318 2698 poposceras,
3364 2628 3690 2697 Aproniane,

2116 2723 2198 2791 fili
2224 2721 2533 2775 charissima
2555 2737 2573 2774 :
2605 2719 2743 2789 quod
2775 2729 2825 2774 et
2849 2736 2912 2774 ea:
2943 2729 3096 2788 parte
3125 2720 3302 2790 aliqua
3328 2720 3429 2789 feci
3459 2720 3516 2773 in
3546 2734 3694 2787 prat-

2116 2815 2250 2868 senti
2287 2814 2413 2866 dum
2452 2814 2509 2866 in
2551 2811 2689 2867 Urbe
2726 2829 2912 2877 essem,
2950 2812 3040 2867 sed
3087 2822 3138 2867 et
3181 2829 3320 2865 nunc
3356 2812 3694 2882 aliquantum

440 2908 690 2957 contactu
719 2914 814 2952 suo
837 2899 1003 2952 soleat
1034 2897 1287 2967 polluere.
1317 2895 1430 2950 Nec
1461 2898 1535 2949 ita
1572 2894 1745 2948 multo
1774 2891 1917 2947 infra
1938 2892 2012 2947 sic

2119 2905 2325 2963 addidi.
2356 2905 2487 2962 Octo
2514 2922 2636 2975 ergo
2663 2905 2801 2960 beati
2844 2905 3037 2960 Basilii
3069 2905 3243 2958 breves
3285 2906 3415 2958 istos
3461 2903 3693 2958 homile-

445 2992 644 3062 legitur
673 2993 819 3061 (pag.
844 2989 1006 3061 702):
1042 2988 1147 3044 Sed
1185 2989 1435 3059 quoniam
1457 3003 1594 3041 nunc
1638 2987 1695 3041 in
1744 2985 1844 3040 hac
1869 2993 2012 3055 parte

2121 2999 2249 3052 ticos
2279 2997 2530 3052 transtuli
2554 2997 2780 3053 libellos.
2798 2996 2952 3063 Quod
2985 2997 3150 3066 igitur
3176 2996 3254 3050 ait
3282 2996 3697 3051 eruditissimus

445 3083 684 3137 animum
724 3091 874 3136 tuum
919 3091 1177 3151 aegrotare
1209 3081 1481 3151 intelligo,
1521 3096 1640 3134 cum
1686 3078 1835 3133 dicas
1882 3078 2012 3132 hoc:

2120 3091 2207 3146 vir
2239 3089 2625 3145 Tillemontius
2650 3089 2743 3161 (c),
2775 3089 2962 3144 decem
2991 3088 3179 3144 Basilii
3207 3089 3485 3143 orationes
3511 3103 3544 3141 a
3575 3087 3696 3141 Ru-

447 3174 554 3242 ριιὶ
582 3189 702 3227 cum
739 3173 897 3243 plaga
927 3173 1087 3240 lepra:
1128 3172 1192 3226 de
1230 3171 1426 3225 mundo
1457 3173 1758 3233 excesserit,
1782 3172 1863 3223 ita
1895 3186 2012 3223 eum

2122 3181 2233 3237 ﬁno
2271 3180 2465 3237 Latine
2521 3181 2764 3237 redditas
2814 3180 3008 3248 fuisse,
3049 3181 3116 3237 de
3159 3196 3224 3236 eo
3262 3180 3549 3234 mihicum
3598 3180 3697 3234 illo

445 3265 619 3320 denuo
648 3273 766 3334 post
802 3274 1021 3319 mortem
1061 3280 1350 3334 resurgere,
1381 3271 1489 3318 etc.
1534 3263 1613 3318 Ex
1650 3264 1850 3334 quibus
1887 3277 2012 3333 per-

2116 3288 2226 3329 non
2257 3273 2485 3328 omnino
2511 3273 2786 3328 convenit.
2814 3271 2950 3326 Nam
2980 3273 3195 3342 vocula,
3225 3273 3405 3341 ferme,
3440 3286 3553 3342 qua
3579 3271 3700 3326 Ru-

447 3356 590 3426 spici
623 3363 826 3425 potest,
867 3362 1173 3421 auctorem,
1204 3370 1331 3410 cum
1379 3355 1669 3420 scriberet,
1712 3355 2016 3425 praesertim

449 3446 522 3503 ad
566 3447 814 3518 leprosos
852 3448 1183 3517 respexisse.
1228 3445 1348 3501 Non
1390 3461 1613 3517 possum
1653 3447 1790 3517 quin
1826 3453 2018 3501 notem

376 3554 377 3557 ‘
450 3538 820 3595 miserrimam
884 3553 1010 3595 esse
1063 3538 1435 3594 conditionem
1500 3538 1856 3609 scriptorum,
1925 3537 2021 3607 qui

452 3645 597 3701 saepe
623 3631 692 3687 de
720 3631 886 3686 rebus
917 3639 1014 3686 aut
1063 3631 1303 3702 exiguis,
1340 3639 1435 3685 aut
1458 3632 1625 3685 etiam
1664 3631 1871 3686 nullius
1902 3645 2047 3685 mem

451 3724 625 3780 uenti
654 3724 800 3781 serio
827 3724 1109 3794 disputare
1129 3731 1437 3795 coguntur;
1468 3730 1794 3793 contraque,
1819 3722 2022 3792 quibus

454 3815 751 3886 aliquando
806 3815 875 3872 de
909 3817 1077 3872 rebus
1124 3816 1475 3887 gravissimis
1516 3816 1667 3885 loqui
1711 3831 1822 3870 non
1872 3816 2022 3872 licet.

454 3905 693 3964 Tantine
730 3906 921 3973 fuerit,
969 3923 1180 3979 quaeso,
1210 3908 1503 3971 orationis,
1533 3924 1654 3978 quae
1685 3907 1875 3964 multis
1913 3923 2028 3964 me-

455 3999 565 4056 rito
612 4001 736 4056 luce
786 4001 1010 4072 indigna
1035 4001 1214 4057 videri
1252 4008 1467 4072 potest,
1506 4009 1788 4056 auctorem
1819 3999 2028 4057 nosse?

453 4092 614 4148 Nunc
644 4093 1063 4148 communicabo
1087 4107 1210 4147 cum
1241 4092 1505 4150 studiosis
1534 4092 1823 4163 quamdam
1850 4092 2030 4148 homi-

455 4185 547 4241 nis
572 4186 1285 4256 peritissimiconjecturam
1320 4201 1443 4257 qua:
1481 4185 1637 4257 ipsis,
1663 4184 1880 4255 Opinor,
1918 4199 2029 4239 non

457 4277 793 4349 displicebit.
821 4277 985 4333 Putat
1021 4279 1192 4349 igitur
1232 4280 1318 4334 vir
1343 4294 1456 4334 non
1500 4279 1686 4334 minus
1720 4278 1836 4334 acri
1876 4277 2028 4347 judi-

457 4370 548 4426 cio
580 4386 744 4441 quam
796 4377 959 4424 acuto
1007 4370 1229 4441 ingenio
1275 4370 1570 4441 praeditus,
1600 4370 1744 4425 hanc
1776 4369 2031 4425 lucubra-

458 4459 760 4516 tiunculam
810 4474 843 4513 a
904 4458 1058 4515 Gallo
1107 4462 1469 4531 compositam
1519 4460 1724 4524 fuisse,
1778 4459 2032 4515 videlicet
2062 4450 2106 4506 D

457 4559 728 4623 tempore,
789 4567 900 4623 quo
950 4553 1117 4623 lepra
1165 4555 1284 4609 lues
1330 4555 1432 4610 has
1490 4554 1745 4625 regiones
1793 4552 2032 4608 maxime

458 4645 766 4703 infestaret.
801 4644 1107 4702 Secundam
1171 4655 1353 4703 autem
1406 4646 1811 4702 oratiunculam
1865 4652 2033 4716 caput

459 4751 586 4793 esse
612 4736 884 4792 decimum
938 4752 1144 4792 nonum
1176 4738 1345 4793 libelli
1398 4738 1683 4808 cujusdam
1731 4739 1880 4793 Petri
1921 4737 2031 4791 Da-

461 4825 634 4880 miani
666 4827 724 4900 in
752 4844 771 4879 ι
795 4826 1054 4882 Dominus
1082 4826 1370 4893 vobiscum,
1395 4848 1415 4881 ι
1461 4828 1573 4898 jam
1615 4828 1706 4883 alii
1748 4835 2030 4883 notarunt.

461 4915 710 4973 Tertium
736 4917 979 4991 denique
1009 4919 1336 4991 opusculum
1369 4918 1638 4976 afﬁrmare
1681 4922 1855 4977 ausim
1882 4922 2038 4977 Basi-

461 5008 527 5064 lii
552 5009 780 5081 quidem
827 5026 939 5067 non
972 5026 1138 5068 esse:
1176 5012 1272 5068 sed
1295 5018 1390 5066 aut
1418 5028 1449 5066 a
1479 5028 1609 5083 quo,
1643 5020 1736 5068 aut
1768 5028 1876 5084 quo
1896 5023 2036 5070 tem-

463 5115 601 5173 pore
630 5101 977 5158 lucubratum
1013 5103 1106 5170 sit,
1144 5104 1306 5174 plane
1334 5104 1552 5174 ignoro.

536 5192 630 5251 61.
661 5192 922 5265 Sequitur
949 5196 1310 5266 quarumdam
1331 5195 1521 5251 Basilii
1538 5198 1848 5253 orationum
1878 5207 2035 5254 vetus

466 5285 842 5357 interpretatio
871 5286 1020 5360 (pag.
1049 5288 1175 5361 713)
1205 5307 1220 5343 :
1251 5289 1411 5359 cujus
1442 5289 1675 5347 Rufinus
1705 5299 1898 5345 auctor
1927 5296 2031 5345 est.

467 5379 604 5438 Rem
642 5388 855 5451 autem!
881 5381 1115 5439 eruditis
1156 5383 1474 5443 hominibus
1510 5391 1723 5458 gratam
1760 5382 2034 5441 facturum

542 5559 622 5698 ᾖ)
664 5558 807 5615 Hist.
834 5559 870 5613 l.
897 5573 961 5623 tl,
991 5572 1041 5613 c.
1071 5559 1127 5614 9.

604 5629 621 5696 )
662 5628 803 5698 Lese
825 5627 987 5698 App”
1019 5644 1073 5698 ρο
1106 5629 1127 5680 7

569 5629 621 5755 εξ
656 5628 803 5755 se
825 5627 1230 5755 avres

546 5697 617 5771 (ιε)
656 5697 811 5758 rom.
846 5697 939 5767 ιχ)
975 5697 1037 5770 ρῑ
1063 5698 1188 5755 50L

2119 3360 2262 3418 ﬁnus
2293 3363 2484 3429 utitur,
2513 3361 2668 3427 facit,
2703 3368 2762 3417 ut
2789 3378 2914 3417 eum
2952 3379 3061 3417 non
3090 3363 3211 3433 plus
3239 3369 3364 3416 octo
3395 3362 3697 3429 orationes,

2119 3455 2354 3511 vertisse
2390 3456 2676 3526 suspicer;
2728 3470 2904 3525 eoque
2935 3456 3132 3525 magis,
3168 3455 3319 3525 quod
3363 3470 3473 3509 non
3510 3456 3704 3525 plures

2121 3546 2219 3602 sed
2253 3547 2484 3602 totidem
2516 3548 2583 3603 ad
2611 3547 2987 3618 Apronianum
3013 3548 3242 3603 miserit.
3275 3546 3430 3612 Quod
3466 3546 3513 3602 si
3539 3547 3703 3617 quis-
3786 3550 3793 3557 '

2121 3638 2268 3708 piam
2302 3638 2635 3694 contendere
2680 3640 2830 3705 velit,
2880 3654 2992 3695 non
3027 3653 3128 3710 ego
3167 3638 3521 3708 repugnabo:
3562 3639 3705 3695 satis

2122 3746 2247 3787 esse
2274 3738 2439 3797 duco,
2464 3732 2843 3802 conjecturam
2882 3746 3005 3801 quae
3040 3730 3175 3785 mihi
3217 3730 3456 3785 maxime
3501 3730 3707 3800 proba-

2124 3824 2251 3879 bilis
2288 3824 2408 3880 visa
2438 3831 2544 3890 est,
2591 3823 2932 3880 eruditorum
2972 3821 3185 3892 judicio
3221 3821 3563 3892 permisisse.
3589 3821 3707 3879 Nec

2127 3918 2358 3973 fortasse
2408 3916 2641 3972 Ruﬁnus
2693 3916 2879 3986 plures
2922 3914 3168 3987 Gregorii
3204 3914 3534 3969 Nazianzeui
3576 3928 3707 3968 ora-

2129 4010 2308 4064 tiones
2336 4009 2396 4063 in
2437 4007 2690 4064 Latinam
2729 4009 2972 4079 linguam
3018 4007 3321 4063 transtulit.
3374 4005 3511 4060 Nam
3539 4005 3708 4060 hodie

2128 4115 2308 4170 neque
2337 4099 2395 4155 in
2423 4099 2732 4170 impressis,
2764 4114 2941 4169 neque
2993 4098 3049 4152 in
3079 4098 3354 4155 veteribus
3399 4095 3554 4151 libris
3580 4095 3708 4166 plus

2129 4200 2337 4263 septem
2366 4199 2461 4248 aut
2494 4199 2620 4248 octo
2646 4191 3001 4248 inveniuntur
3030 4189 3131 4262 (ά).

2130 4344 2318 4419 ςΧΝ.
2358 4346 2460 4401 Ubi
2485 4344 2548 4400 de
2569 4347 2760 4401 erratis
2784 4343 3099 4467 quilzusdam
3122 4344 3274 4405 meis,
3293 4340 3456 4413 deque
3483 4340 3708 4396 diversis

2831 4432 2886 4467 re
2923 4431 3005 4467 us.

2831 4431 3005 4470 renus.

2205 4553 2295 4609 62.
2327 4552 2523 4608 Notavi
2550 4550 2816 4607 nonnulla
2852 4549 2912 4605 in
2938 4547 3289 4605 Ambrosium
3316 4566 3330 4601 :
3381 4560 3614 4616 quorum
3647 4543 3710 4600 in

2136 4662 2250 4704 uno
2275 4645 2645 4701 hallucinatus
2683 4657 2804 4698 sum
2831 4641 2922 4713 (ε).
2951 4639 3138 4711 Neque
3166 4654 3297 4695 vero
3325 4639 3443 4693 leve
3483 4643 3567 4692 est
3598 4635 3710 4690 hoc

2137 4739 2418 4801 mendum,
2450 4735 2549 4791 sed
2573 4735 2703 4801 tale,
2734 4741 2794 4788 ut
2839 4749 2908 4787 ne
2954 4748 3125 4803 puero
3155 4732 3375 4802 quidem
3405 4728 3711 4784 condonari

2136 4831 2297 4886 facile
2330 4828 2525 4899 possit.
2558 4826 2692 4882 Nam
2725 4827 2813 4880 vel
2854 4825 2960 4896 ipsi
2998 4823 3253 4879 infantuli
3296 4821 3483 4876 oculos
3513 4819 3709 4875 saltem

2136 4923 2420 4995 paululum
2467 4920 2718 4975 attollere
2753 4927 3026 4990 possunt:
3058 4915 3205 4986 quod
3236 4915 3282 4971 si
3323 4913 3448 4984 quis
3489 4911 3706 4975 fecerit,

2136 5014 2321 5073 statim
2372 5028 2441 5068 ex
2487 5012 2556 5068 iis
2606 5026 2729 5081 qua:
2775 5009 3022 5080 proxime
3058 5005 3390 5062 antecedunt
3429 5002 3709 5058 Ambrosii

2135 5104 2318 5160 verbis
2350 5102 2418 5173 (ι’)
2454 5101 2740 5172 intelliget,
2787 5099 2894 5170 legi
2932 5098 3026 5152 illo
3057 5098 3179 5153 loco
3224 5095 3447 5161 debere,
3474 5107 3610 5158 non,
3643 5097 3711 5145 ut

2138 5196 2292 5262 duxi,
2319 5193 2452 5249 Noli
2479 5209 2601 5264 ergo
2632 5192 2744 5247 Deo
2775 5207 2882 5245 non
2907 5188 3134 5252 credere,
3159 5188 3255 5244 sed
3282 5188 3378 5251 ita,
3408 5195 3467 5241 ut
3494 5185 3550 5240 in
3586 5182 3711 5237 vul-

2138 5288 2279 5359 gatis
2312 5286 2530 5357 legitur,
2570 5282 2700 5338 Noli
2718 5298 2842 5354 ergo
2874 5281 3040 5336 Deum
3060 5280 3287 5346 credere,
3320 5280 3424 5334 hoc
3449 5284 3553 5343 est,
3585 5288 3713 5328 cave

2141 5381 2327 5437 credas
2354 5377 2519 5435 solem
2546 5375 2714 5430 Deum
2740 5389 2872 5428 esse.
2911 5371 3078 5427 Plura
3107 5386 3173 5426 ea
3213 5370 3282 5427 de
3314 5384 3375 5426 re
3411 5368 3599 5424 dicere
3624 5364 3711 5419 in-

2210 5552 2289 5621 (d)
2330 5551 2469 5622 Lege
2495 5548 2721 5622 Tillem._
2744 5553 2784 5601 t.
2815 5545 2986 5622 Πειῃ.
3023 5544 3146 5601 559.

2233 5625 2282 5689 e)
2324 5615 2481 5676 Tom.
2506 5619 2547 5686 l,
2578 5617 2736 5689 Praef.
2770 5633 2824 5670 ιι.
2855 5615 2948 5689 25Ϊ

2236 5686 2280 5763 f)
2321 5692 2442 5749 Lib.
2475 5707 2527 5746 tv
2558 5690 2613 5744 in
2646 5687 2806 5752 Ηεςτ..
2839 5701 2895 5741 n.
2926 5686 2976 5740 i.
