3972 6202
278 414 377 471 15⁸1

282 624 484 694 reiecta
510 620 697 674 velim.
726 619 1012 686 lnterpres
1035 612 1228 684 psalmi
1256 624 1428 665 xxviii
1453 621 1579 661 cum
1621 604 1695 657 ita
1725 600 1865 657 scri-

284 693 487 784 psisset
514 712 662 782 (pag.
688 710 820 778 555)
848 708 993 762 :Kal.
1017 710 1051 777 ἡ
1076 708 1139 759 ὲκ
1160 701 1253 757 τοῦ
1278 699 1511 772 μαμωνᾶ
1532 697 1628 767 τῆς
1654 693 1867 754 ἀδικίας

284 801 547 871 γινομένη
576 800 735 869 φιλία.
752 798 1113 866 κατασκηνοῖ,
1140 794 1317 862 inepte
1332 800 1386 845 et
1413 789 1621 844 insulse
1652 787 1866 839 locutus

286 895 459 949 fuisse
511 891 654 945 mihi
696 891 853 945 visus
900 897 984 943 est
1018 887 1134 956 (a):
1176 892 1229 940 et
1266 891 1449 937 tamen
1498 896 1566 933 ex
1610 878 1698 932 bis
1748 890 1869 945 qua:

286 986 450 1043 retuli
479 985 672 1040 verbis
718 992 844 1053 apta
875 990 929 1036 et
973 979 1168 1033 idonea
1207 958 1476 1033 sententia
1503 1014 1517 1038 ,
1556 986 1728 1040 eaque
1756 984 1869 1023 non

287 1080 530 1134 obscura
558 1075 820 1131 eﬁicitur.
849 1070 1185 1142 Signiﬁcavit
1207 1066 1658 1133 eniminterpres,
1683 1059 1872 1113 amici-

286 1175 449 1236 tiam,
479 1183 608 1239 quae
638 1183 706 1221 ex
731 1178 984 1219 mamona
1008 1159 1311 1232 iniquitatis
1343 1157 1686 1216 conciliatur,
1710 1151 1869 1207 nobis

290 1259 359 1313 ad
386 1259 609 1313 beatam
637 1255 882 1324 requiem
908 1252 1112 1305 aditum
1141 1249 1291 1304 dare.
1343 1247 1446 1302 Ubi
1495 1245 1605 1299 dixi
1640 1242 1714 1311 (ὁ)
1740 1240 1872 1295 illud

292 1350 431 1423 psal.
462 1365 571 1405 cxv
596 1366 613 1402 :
650 1347 796 1400 Ἀλλ’
826 1344 938 1397 εἴθε
963 1342 1132 1414 κάμοὶ
1167 1342 1372 1410 γένοιτο
1398 1335 1683 1390 πιστεῦσαι
1708 1332 1874 1397 ἀξίως

286 1444 381 1495 ἵνα
413 1441 642 1509 λαλήσω
681 1438 777 1493 νῦν
805 1440 873 1507 τῇ
913 1433 1208 1504 Ἐκκλησίᾳ
1245 1431 1338 1485 τοῦ
1382 1429 1516 1482 Θεοῦ
1562 1430 1628 1497 τῇ
1662 1423 1874 1496 μεγάλῃ

297 1532 471 1605 ταύτῃ
515 1531 716 1598 λόγους
758 1530 816 1581 ἐν
863 1526 942 1596 τῷ
970 1527 1052 1579 νοῖ
1086 1542 1186 1596 μου
1219 1517 1738 1590 ἀποτηγανίζεσοαι,
1772 1514 1875 1569 Sed

299 1625 506 1678 utinam
558 1630 608 1675 et
664 1619 798 1672 mihi
842 1618 1109 1685 contingat
1155 1614 1308 1684 digne
1363 1610 1605 1671 credere,
1645 1617 1703 1660 ut
1740 1622 1877 1659 nunc

302 1726 507 1780 magna:
528 1710 653 1763 huic
678 1707 777 1761 Dei
808 1706 1060 1760 Ecclesia:
1078 1704 1231 1758 verba
1256 1703 1479 1771 quinque
1506 1700 1559 1752 in
1583 1712 1737 1752 sensu
1766 1712 1877 1749 meo

303 1802 510 1869 loquar,
546 1799 644 1854 ubi
682 1797 850 1866 igitur
883 1794 993 1849 dixi
1028 1794 1143 1848 haec
1175 1791 1335 1847 verba
1378 1788 1512 1842 mihi
1564 1786 1871 1854 displicere,

301 1907 410 1948 non
446 1891 666 1954 monui,
704 1890 761 1945 id
798 1888 943 1959 quod
975 1886 1221 1950 decebat,
1255 1882 1442 1937 eadem
1473 1878 1616 1948 apud
1642 1876 1870 1929 Paulum

305 1986 535 2043 inveniri
566 1986 793 2056 quidem
817 1984 885 2044 ⁸⁸,
922 1982 1020 2037 sed
1053 1995 1217 2035 sensu
1246 1979 1373 2031 alio.
1402 1974 1537 2029 Nam
1569 1971 1711 2042 apud
1737 1970 1882 2039 Apo-

305 2078 504 2133 stolam
527 2090 645 2133 non
683 2075 753 2129 de
784 2073 909 2138 ﬁde,
934 2070 1032 2127 sed
1062 2070 1127 2124 de
1154 2066 1386 2137 simplici
1413 2065 1612 2133 linguae
1642 2058 1882 2127 alicujus

304 2166 497 2223 notitia
527 2179 719 2221 sermo
758 2163 1011 2218 habetur.
1049 2158 1195 2214 Inter
1223 2163 1419 2211 caetera
1444 2152 1712 2208 vocabula
1759 2163 1883 2220 que

304 2258 445 2330 apud
475 2257 750 2313 Basiliam
798 2254 1066 2309 inusitata
1116 2264 1237 2307 esse
1274 2246 1605 2310 existimavi,
1654 2243 1884 2300 verbum

304 2364 528 2421 quoque
568 2343 1073 2417 ἁποτηγανίζεσθαι
1098 2339 1368 2410 reperitur
1397 2336 1465 2407 (ε)
1501 2355 1514 2391 :
1566 2350 1675 2405 quo
1703 2342 1885 2389 tamen

309 2446 495 2494 orator
525 2440 773 2507 optimus
814 2435 871 2488 in
917 2432 1094 2503 prima
1138 2428 1216 2483 De
1242 2427 1446 2497 jejunio
1474 2424 1724 2479 oratione
1753 2436 1885 2477 usus

309 2538 407 2586 est.
424 2528 696 2583 Similiter
705 2525 799 2580 ubi
812 2524 993 2577 notavi
1011 2522 1140 2576 illud
1159 2519 1256 2592 (ά),
1274 2515 1406 2572 εἶναι
1426 2517 1493 2570 τὰ
1508 2515 1633 2585 ἔθνη
1654 2513 1888 2584 συγκλη-

318 2621 517 2693 ρονὸμα.
548 2618 651 2672 καὶ
681 2617 967 2686 σύσσωμα,
1015 2628 1128 2667 non
1161 2612 1233 2665 ita
1266 2608 1588 2679 simpliciter
1621 2606 1886 2675 scriptum

316 2712 653 2782 oportuisse,
678 2711 773 2764 sed
804 2706 927 2761 addi
946 2704 1221 2767 debuisse,
1241 2703 1317 2764 εἰς
1339 2701 1421 2764 τό,
1447 2708 1507 2753 ut
1522 2706 1685 2759 esset,
1717 2697 1795 2759 εἰς
1824 2694 1889 2747 τὸ

315 2799 557 2865 εἶναιτὰ,
575 2807 710 2861 etc.,
734 2797 991 2866 Opinione
1013 2808 1131 2848 mea
1162 2792 1331 2846 falsus
1354 2804 1495 2845 sum.
1527 2788 1713 2857 Neque
1741 2786 1888 2839 enim

317 2895 466 2957 iliud,
490 2894 573 2954 εις
585 2891 673 2955 τό,
695 2889 837 2959 apud
855 2885 1157 2956 apostolum
1174 2882 1401 2936 Paulum
1418 2880 1615 2950 legitur
1635 2880 1699 2943 ⁵⁸,
1717 2893 1892 2946 neque

320 2989 385 3041 ab
409 2987 716 3055 interprete
737 2979 926 3035 Graeco
952 2977 1115 3046 adjici
1142 2976 1342 3031 decuit.
1370 2973 1504 3027 Cum
1532 2970 1891 3026 instituissem

318 3090 630 3132 sermonem
687 3072 757 3128 de
798 3068 1186 3137 interpretibus
1232 3064 1418 3119 Basilii
1461 3062 1571 3133 (e),
1623 3060 1893 3114 Adamum

322 3170 671 3232 Fumarium,
722 3165 816 3236 qui
849 3164 1100 3219 Ascetica
1150 3163 1539 3229 interpretatus
1580 3163 1685 3218 est,
1742 3153 1891 3207 nullo
1919 3173 1961 3230 ο

326 3261 651 3317 discrimine
668 3258 840 3313 habui
868 3274 881 3311 :
909 3271 1073 3325 quem
1119 3263 1300 3307 tamen
1353 3266 1478 3305 cum
1522 3248 1770 3303 Ascetica
1802 3262 1891 3300 re-

327 3367 647 3417 censerem,
687 3349 909 3419 vulgum
961 3346 1315 3412 interpretum
1346 3341 1508 3409 longe
1566 3336 1896 3391 antecellere

326 3443 593 3502 intellexi.
632 3440 831 3495 Ianum
884 3435 1211 3493 Cornarium
1245 3431 1497 3495 laudavi,
1541 3443 1703 3499 quem
1734 3424 1895 3479 laude

327 3537 553 3607 dignum
593 3531 897 3588 etiamnum
940 3536 1073 3597 puto
1112 3542 1126 3578 :
1159 3523 1251 3578 sed
1286 3521 1336 3577 ei
1394 3529 1575 3575 tamen
1618 3517 1895 3571 Fumanus

328 3623 749 3697 anteponendus
770 3634 895 3676 esse
931 3618 1063 3673 mihi
1084 3616 1319 3671 videtur.
1350 3612 1647 3668 Cornarius
1684 3609 1896 3663 ﬁdelius

330 3721 552 3791 quidem
592 3729 761 3788 quam
803 3710 1140 3781 temporibus
1174 3707 1283 3762 illis
1324 3706 1439 3761 ﬁeri
1469 3705 1690 3766 soleret,
1729 3701 1895 3754 inter-

332 3819 579 3881 pretatus
609 3815 695 3864 est
721 3827 736 3861 :
768 3805 863 3862 sed
891 3811 1255 3875 praeterquam
1280 3799 1425 3870 quod
1457 3796 1578 3867 ejus
1624 3795 1898 3863 interpre-

334 3904 465 3955 tatio
497 3900 640 3954 dura
674 3898 748 3954 sit
776 3908 1078 3966 asperaque
1109 3898 1164 3946 et
1192 3891 1394 3945 minus.
1414 3887 1627 3949 Latina,
1669 3900 1812 3955 saepe
1842 3893 1897 3939 et

334 3991 451 4061 ipse
487 4003 712 4059 quoque
771 3984 1016 4040 auctoris
1048 3981 1370 4036 sententiam
1413 3993 1523 4032 non
1567 3987 1898 4032 consecutus

333 4090 436 4135 est.
482 4078 553 4133 At
600 4076 881 4131 Fumanus
922 4071 1115 4128 Latine
1166 4083 1318 4137 atque
1350 4081 1415 4123 ac
1468 4064 1655 4121 Graece
1707 4066 1899 4119 doctus

336 4180 452 4226 erat
489 4191 505 4225 :
545 4169 645 4239 qui
697 4168 804 4224 etsi
856 4163 1194 4235 frequentius
1237 4161 1305 4215 ab
1337 4159 1579 4214 auctoris
1629 4158 1901 4213 sententia

340 4261 661 4323 aberrabat,
705 4258 762 4313 id
797 4255 991 4311 vitium
1038 4252 1333 4307 Latinitate
1377 4250 1718 4305 accuratiore
1752 4263 1903 4303 com-

336 4354 624 4423 pensabat.
669 4348 785 4405 Nec
823 4346 1181 4404 dissimulabo
1212 4344 1514 4398 Fumanum
1548 4343 1603 4396 in
1643 4356 1899 4411 magnum

340 4445 485 4498 aliud
518 4443 739 4506 vitium,
769 4455 801 4493 a
844 4453 955 4508 quo
996 4433 1298 4490 Carnarius
1339 4430 1709 4487 alienissimus
1759 4434 1899 4493 erat,

340 4535 617 4590 incidisse.
648 4531 731 4587 Ita
760 4530 908 4587 enim
940 4527 1127 4583 Graeca
1152 4524 1345 4579 Latine
1369 4521 1648 4583 reddebat,
1672 4529 1729 4574 ut
1754 4534 1907 4590 para-

342 4628 582 4698 phrasim
617 4622 805 4696 potius
849 4635 1013 4692 quam
1054 4613 1555 4687 interpretationem
1589 4613 1766 4683 legere
1804 4608 1909 4663 tibi

406 4784 455 4816 ³⁸
481 4783 503 4838 I
531 4780 668 4838 Cor.
700 4778 816 4840 xiv,
845 4776 933 4831 i9.
1007 4775 1054 4805 ⁸-⁸
1091 4772 1289 4842 Ephes.
1324 4785 1409 4835 ιιι,
1441 4766 1501 4822 6.

398 4992 476 5123 5ο)
514 4990 578 5045 In
605 4985 799 5050 Pratf.,
828 4991 872 5037 t.
898 4981 942 5045 1,
974 4997 1029 5034 n.
1058 4978 1147 5032 54.

422 5063 473 5123 b)
514 5061 574 5116 In
604 5056 797 5120 Praal‘.,
826 5062 865 5107 t.
892 5051 933 5117 l,
959 5068 1015 5105 n.
1049 5048 1141 5123 μ’.

422 5048 473 5120 bi
514 5061 574 5116 In
604 5048 797 5120 Praec,
826 5062 865 5107 t.
892 5051 933 5117 l,
959 5068 1015 5105 η.
1049 5048 1141 5120 ιιι.

416 5118 469 5191 τι
505 5130 570 5187 In
600 5118 795 5191 nmen,
826 5132 871 5178 t.
900 5124 943 5186 ι,
975 5138 1031 5174 n.

413 5187 471 5275 ιι)
509 5201 572 5259 In
603 5187 800 5264 Prses,
833 5202 875 5249 t.
906 5194 949 5261 1,
977 5208 1035 5246 ιι.
1065 5187 1154 5243 5:5.

1670 382 2055 445 ΡιιΑιιτΑι-ιο.

282 534 564 590 xtitueram
592 548 605 580 :
639 543 738 583 seu
774 534 863 582 est
910 537 1103 587 causa,
1130 535 1230 575 cur
1265 532 1330 574 ea
1362 516 1418 570 in
1462 511 1609 567 aliud
1646 518 1863 579 tempus
1891 509 1940 566 Α
1968 502 2183 555 videare
2224 515 2237 551 :

3424 347 3526 403 158

2294 493 2389 549 sed
2441 504 2564 546 eum
2609 481 2991 543 nihilominus,
3022 485 3083 531 ut
3114 474 3246 536 nixi,
3294 469 3442 524 omni
3470 485 3532 523 re

1966 589 2335 652 considerata,
2350 580 2618 638 Cornario
2640 574 2888 649 pratl‘erri
2909 570 3106 624 debere
3126 563 3397 620 existimo.
3413 560 3534 615 Non

1966 681 2337 739 committam,
2388 683 2446 729 ut
2495 671 2737 727 sodalem
2801 672 3049 719 nostrum
3109 657 3373 711 Joannem
3442 649 3535 705 Ja-

1968 771 2166 827 cobum
2213 764 2462 833 Raverdy
2492 777 2599 814 non
2624 756 2864 816 laudem,
2900 749 3173 804 hominem
3208 742 3362 796 multi
3392 740 3538 792 labo-

1967 864 2069 927 ris,
2097 868 2153 916 et
2182 859 2249 912 ad
2276 859 2418 911 bona
2442 852 2623 909 studia
2647 844 2891 919 juvanda
2925 849 3115 896 natum
3152 855 3166 890 :
3198 834 3290 905 qui
3320 843 3537 887 omnem

1969 968 2157 1009 curam
2190 956 2353 1018 atque
2393 959 2613 1017 operam
2657 942 2712 993 in
2752 952 2818 993 eo
2848 934 3052 1007 posuit,
3082 936 3143 984 ut
3174 941 3349 982 novus
3380 922 3536 976 Basi-

1968 1044 2077 1097 lius
2105 1009 2329 1093 nitidibr
2352 1042 2407 1091 et
2431 1009 2771 1088 emendatior
2806 1026 3038 1092 legatur.
3081 1018 3236 1071 Alius
3269 1030 3299 1069 e
3330 1009 3538 1066 nostris

1972 1132 2253 1190 sodalibus
2283 1127 2518 1181 indicem
2560 1136 2723 1191 quam
2770 1111 3186 1185 diligentissime
3235 1102 3539 1161 contexuit.

1972 1228 2318 1294 Conquestus
2358 1225 2442 1273 est
2482 1216 2565 1269 vir
2609 1210 2947 1267 clarissimus
2994 1203 3245 1270 idemque
3288 1193 3545 1251 doctissi-

1972 1334 2115 1382 mus,
2155 1330 2244 1369 me
2277 1312 2485 1366 nullum
2521 1310 2900 1375 argumentum
2928 1294 3200 1355 attulisse,
3236 1305 3301 1344 ex
3332 1302 3440 1358 quo
3467 1283 3546 1339 ef-

1975 1411 2064 1464 ﬁci
2092 1413 2301 1478 posset,
2330 1400 2588 1455 Rasilinni
2613 1395 2761 1449 tertii
2786 1394 2837 1445 in
2868 1386 3187 1443 Eunomium
3209 1381 3335 1435 libri
3364 1384 3549 1432 aucto-

1976 1516 2094 1555 rem
2119 1511 2278 1552 esse:
2310 1494 2364 1547 id
2390 1490 2534 1561 quod
2567 1498 2746 1539 tamen
2765 1480 3160 1552 promiseram.
3194 1473 3293 1527 Hic
3322 1469 3549 1540 promis-

1978 1606 2100 1647 sum
2134 1587 2485 1656 complerem,
2517 1580 2623 1634 nisi
2654 1576 2981 1647 judicarem,
3012 1584 3119 1633 me,
3144 1580 3266 1619 cum
3301 1564 3355 1616 in
3385 1560 3549 1615 tertio

1981 1652 2529 1747 voluniine—pratclari
2558 1671 2704 1723 illius
2730 1667 2808 1720 De
2830 1662 3033 1732 Spiritu
3060 1666 3242 1713 sancto
3266 1654 3389 1707 libri
3420 1652 3551 1720 legi-

1978 1774 2173 1828 timum
2198 1776 2477 1839 parentem
2506 1759 2795 1830 indagabo,
2827 1755 2999 1809 multo
3024 1746 3365 1805 commodius
3390 1758 3453 1794 ea
3485 1740 3554 1795 de

1980 1881 2041 1919 re
2070 1834 2401 1918 locuturum.
2432 1855 2570 1910 Cum
2598 1851 2763 1922 paulo
2806 1854 2931 1899 ante
2972 1841 3144 1912 (num.
3188 1838 3279 1907 i8)
3322 1834 3554 1904 probare

1981 1968 2228 2016 conarer,
2262 1946 2548 2005 Sozomeni
2588 1944 2792 2001 locum,
2828 1937 2886 1990 in
2926 1948 3036 2005 quo
3078 1928 3265 1983 Basilii
3304 1924 3554 1979 Ascetica

1982 2062 2013 2099 a
2046 2042 2372 2115 quibusdam
2411 2033 2700 2090 Eustathio
2747 2028 3050 2082 Sebasteno
3090 2020 3349 2074 attributa
3384 2016 3555 2069 fuisse

1981 2136 2260 2199 dicuntur,
2297 2144 2409 2185 non
2438 2127 2507 2181 de
2543 2123 2787 2193 Regalis,
2831 2117 2927 2175 sed
2958 2116 3025 2171 de
3058 2109 3378 2167 monasticis
3407 2107 3557 2161 Con-

1984 2224 2363 2286 stitutionibus
2386 2216 2762 2288 accipiendum
2785 2225 2927 2273 esse,
2954 2208 3058 2261 hoc
3083 2210 3401 2275 argumento
3425 2212 3561 2253 usus

1986 2334 2129 2382 sum,
2153 2313 2299 2387 quod
2322 2313 2369 2368 si
2396 2311 2735 2366 Sozomenus
2757 2303 2973 2373 regulas
2998 2297 3244 2352 indicare
3267 2292 3554 2355 voluisset,

1985 2411 2061 2464 ita
2102 2385 2187 2462 dei
2214 2406 2301 2459 his
2348 2402 2573 2457 fecisset
2626 2394 2983 2457 mentionem,
3040 2396 3099 2443 ut
3146 2385 3559 2454 Scripturarum

1986 2496 2327 2560 testimonia,
2376 2493 2576 2564 quibus
2624 2488 2836 2543 referta:
2873 2488 3023 2544 sunt,
3067 2477 3345 2532 laudasset
3378 2490 3392 2526 :
3420 2485 3559 2541 quo-

1988 2606 2109 2647 rum
2147 2588 2442 2657 Scriptura:
2472 2584 2714 2636 locorum
2759 2574 3124 2630 meminerunt
3170 2567 3400 2620 Ruﬁnus
3429 2562 3563 2616 Cas-

1989 2655 2288 2751 sianusque
2325 2686 2381 2734 et
2416 2676 2644 2730 Photius
2672 2672 2762 2740 (Γ).
2805 2669 2919 2722 Hoc
2961 2672 3141 2718 autem
3178 2660 3368 2716 eodem
3398 2655 3563 2709 modo

1990 2748 2323 2829 intellectum
2352 2769 2499 2823 nolo.
2535 2766 2672 2819 Cum
2713 2762 2859 2815 enim
2904 2758 3202 2811 Cassianus
3236 2758 3289 2805 et
3333 2748 3564 2801 Photius

1991 2865 2059 2919 de
2088 2864 2173 2917 his
2213 2857 2541 2915 testimoniis
2585 2866 2844 2922 expresse
2882 2847 3211 2901 mentionem
3246 2839 3561 2899 habuerint,

1991 2962 2173 3008 tamen
2212 2950 2443 3003 Ruﬁnus
2487 2960 2551 3000 ea
2597 2942 2884 3013 perspicue
2913 2943 3103 2989 notare
3146 2929 3283 2984 satis
3326 2925 3561 2980 habuit:

1993 3045 2088 3116 qui
2134 3042 2345 3097 scilicet
2391 3038 2459 3093 de
2496 3033 2683 3089 Basilii
2713 3027 2997 3100 responsis
3020 3022 3097 3095 (ε)
3135 3024 3355 3077 locutus
3386 3018 3478 3079 sit,
3508 3015 3567 3068 in

1996 3136 2193 3205 quibus
2242 3128 2515 3201 ejusmodi
2561 3124 2971 3193 Scripturarum
3019 3117 3143 3170 loca
3190 3110 3564 3167 continentur.

2000 3228 2074 3283 De
2102 3224 2422 3297 panegyrica
2451 3219 2697 3273 oratione
2718 3255 2733 3278 ,
2778 3227 2899 3283 quae
2942 3210 3011 3265 de
3046 3214 3287 3275 martyre
3319 3200 3566 3255 Barlaam

1997 3292 2183 3374 habita
2213 3292 2336 3377 fuit,
2368 3312 2588 3381 copiose
2617 3308 2835 3379 quidem
2854 3304 3191 3371 disputatum
3220 3302 3303 3350 est
3327 3313 3340 3348 :
3361 3292 3461 3349 sed
3487 3300 3568 3343 ta-

2000 3430 2125 3468 men
2154 3409 2314 3467 omisi
2348 3407 2494 3479 quod
2526 3412 2719 3459 notatu
2751 3414 2861 3454 non
2892 3395 3173 3466 indignum
3211 3395 3329 3445 erat
3357 3386 3453 3457 (Ii),
3485 3384 3569 3437 vi-

2001 3507 2195 3561 delicet
2228 3503 2285 3556 in
2313 3496 2687 3555 vetustissimo
2727 3492 2868 3547 libro
2896 3489 2973 3543 ita
3011 3485 3273 3554 scriptum
3298 3476 3568 3533 inveniri:

2002 3600 2096 3661 Εἰς
2140 3596 2235 3650 τὸν
2278 3593 2430 3662 ἅγιον
2478 3587 2743 3658 Βαρλαὰμ
2786 3582 2875 3636 τὸν
2934 3574 3233 3646 Ἀντιοχείᾳ
3288 3568 3571 3643 μαρτυρή-

2005 3703 2190 3749 σαντα,
2230 3682 2295 3736 In
2323 3688 2567 3735 sanctum
2600 3674 2880 3735 Barlaam,
2919 3669 3009 3739 qui
3046 3663 3339 3721 Antiochiae
3385 3672 3572 3729 passus

2002 3786 2081 3833 est
2108 3793 2127 3831 :
2159 3789 2267 3845 qua
2295 3780 2426 3827 nota
2452 3767 2639 3839 opinio
2668 3770 2858 3819 nostra
2886 3774 2994 3813 non
3030 3756 3165 3811 nihil
3193 3751 3571 3807 conﬁrmatur.

2004 3867 2121 3922 Etsi
2144 3839 2288 3921 enim
2316 3862 2580 3915 talia-non
2606 3863 2735 3911 sunt
2756 3849 3024 3922 ejusmodi
3052 3845 3402 3901 librariorum
3427 3839 3576 3895 testi-

2004 3959 2209 4020 monia,
2246 3963 2307 4009 ut
2346 3953 2643 4023 quidquam
2686 3963 2751 4003 ex
2793 3947 2878 4001 his
2907 3949 3057 3997 certo
3085 3936 3336 3994 concludi
3371 3932 3568 4005 posst,

2006 4059 2189 4105 tamen
2223 4063 2335 4102 non
2363 4044 2588 4099 omnino
2618 4031 3013 4095 contemnenda
3044 4045 3108 4085 ea
3140 4042 3262 4083 esse
3291 4032 3533 4079 constat.

2079 4141 2233 4210 Satpe
2260 4137 2469 4209 rogavit
2496 4150 2581 4189 me
2605 4133 2687 4186 vir
2711 4122 3304 4185 clarissimusJoannes
3332 4116 3576 4185 Baptista

2008 4229 2304 4303 Coignard,
2353 4228 2542 4297 regius
2580 4216 3128 4292 architypographus,
3174 4222 3236 4265 ut
3268 4222 3571 4271 monerem,

2009 4328 2058 4385 si
2089 4326 2307 4382 tertium
2344 4322 2596 4376 volumen
2626 4332 2733 4371 non
2765 4325 2872 4367 tam
2902 4312 3011 4365 cito
3040 4309 3096 4362 in
3122 4308 3297 4359 lucem
3329 4300 3575 4371 prodeat,

1950 4420 1953 4423 ⁷
2010 4420 2063 4476 id
2090 4435 2198 4473 non
2224 4413 2566 4485 negligentia:
2590 4424 2723 4473 suae,
2751 4405 2844 4461 scd
2872 4403 3115 4456 adversae
3131 4411 3263 4451 mea!
3280 4392 3576 4449 valetudini

2016 4510 2355 4579 assignatum
2381 4513 2653 4575 oportere.
2695 4498 2905 4560 Enitar,
2946 4494 3054 4549 Deo
3083 4492 3326 4561 juvante,
3356 4492 3417 4538 ut
3455 4490 3581 4537 ante

2016 4599 2355 4672 insequentis
2375 4595 2505 4651 anni
2527 4592 2688 4647 ﬁnem
2708 4591 2984 4658 inceptum
3007 4597 3143 4653 opus
3166 4586 3577 4650 persequamur.

2093 4954 2160 5023 (e)
2197 4953 2257 5007 In
2283 4950 2468 5012 Publi,
2499 4956 2538 5003 t.
2570 4949 2614 5014 l,
2650 4966 2703 5003 ιι.
2737 4947 2793 5001 7.

2097 5025 2163 5091 (Ι)
2194 5024 2331 5075 Cod.
2364 5036 2507 5091 cxci.

2198 5090 2532 5163 Cod.Reg_ul.
2569 5103 2621 5157 p.
2650 5088 2739 5140 9i.

2095 5112 2168 5215 (ἵ)
2198 5112 2532 5159 υοανιιείμιι.
2570 5112 2621 5157 p.
2652 5112 2700 5140 vi

2095 5164 2171 5235 (ι)
2209 5162 2335 5234 Leg.
2364 5177 2419 5215 ιι.
2449 5160 2481 5215 5
2506 5167 2559 5214 et
2586 5173 2700 5227 seq.
