3972 6202
408 326 515 385 155

1776 289 2178 381 primum?

3542 326 3666 384 156

409 442 603 508 vellet,
636 442 911 514 praecipue
958 442 1026 500 iis
1067 442 1326 499 solatium
1376 439 1573 497 aﬁ‘erre
1622 447 1853 496 conatus
1884 441 1983 505 sit,
2012 446 2062 503 Α
2089 457 2176 496 me
2228 441 2479 511 speravi,
2513 442 2560 497 si
2594 441 2794 497 veteris
2850 441 2994 497 illius
3043 442 3356 513 interpretis
3407 459 3545 514 opus
3593 443 3668 499 in

409 534 507 607 qui
557 535 722 606 lepra:
758 535 950 591 morbo
1004 533 1429 589 afﬂictabantur.
1476 533 1614 588 Nam
1648 534 1769 603 ipso
1818 534 1978 588 initio

410 626 490 681 ita
519 633 713 681 auctor
741 626 1015 698 loquitur:
1050 625 1505 694 Quemadmodum
1526 626 1696 691 navis,
1729 641 1847 679 cum
1882 640 1982 678 un—

411 718 607 772 darum
633 724 935 786 tempestate
969 725 1290 787 quassatur,
1321 716 1425 771 nisi
1455 715 1857 787 gubernatorem
1893 729 1982 782 pe-

412 809 736 863 ritissimum
757 807 970 870 habeat,
1004 823 1036 860 a
1063 806 1312 875 [luctibus
1342 806 1506 860 maris
1532 805 1635 860 cito
1655 804 1980 859 conteritur:

415 902 495 954 ita
522 909 572 955 et
597 899 753 953 homo
783 915 905 952 cum
931 899 990 952 in
1019 899 1282 969 aliquibus
1316 897 1549 952 adversis
1589 897 1750 966 fuerit
1777 896 1981 950 consti-

416 1001 561 1045 tutus
582 1034 599 1059 ,
629 992 733 1045 nisi
761 990 1003 1045 habuerit
1046 999 1271 1044 mentem
1297 988 1489 1043 divinis
1534 988 1756 1058 eloquiis
1802 985 1988 1042 erudi-

417 1091 550 1145 tam,
574 1082 680 1135 cito
701 1082 910 1135 animus
938 1080 1052 1149 ejus
1078 1080 1364 1151 frangitur,
1389 1088 1436 1132 et
1461 1078 1654 1133 salutis
1683 1095 1794 1134 sua:
1820 1078 1985 1147 susti-

418 1180 506 1225 net
542 1170 815 1225 damnum.
852 1171 1102 1241 Quisquis
1141 1188 1261 1241 ergo
1286 1171 1376 1225 ille
1398 1187 1451 1224 es
1476 1172 1679 1241 positus
1708 1172 1764 1225 in
1797 1170 1984 1224 adver-

416 1264 516 1327 sis,
538 1264 827 1333 paulisper,
858 1275 996 1332 peto,
1020 1263 1185 1320 verbis
1211 1265 1339 1319 meis
1372 1281 1553 1319 aurem
1586 1264 1864 1336 diligenter
1896 1281 1987 1319 ae-

416 1356 716 1421 commoda,
738 1368 796 1411 ut
822 1357 940 1421 tibi,
971 1358 1024 1411 in
1045 1365 1298 1426 quantum
1315 1371 1548 1425 possum,
1576 1356 1988 1411 consolationem

417 1462 488 1504 es
540 1448 941 1517 Scripturarum
995 1448 1229 1517 fontibus
1289 1449 1576 1518 proferam.
1638 1449 2009 1519 Propositum

420 1553 554 1609 ergo
584 1545 704 1594 erat
741 1541 976 1604 auctori,
1014 1556 1123 1596 non
1149 1541 1402 1611 privatim
1438 1540 1605 1597 solari
1647 1548 1859 1611 patrem
1880 1540 1992 1595 ﬁlio

422 1631 707 1697 orbatum,
747 1646 856 1701 qua
889 1631 959 1687 de
991 1646 1053 1687 re
1105 1647 1380 1702 nusquam
1414 1646 1674 1702 espresse
1711 1631 1990 1701 loquitur,

424 1724 524 1779 sed
554 1722 853 1793 quemlibet
872 1723 1197 1793 generatim,
1229 1723 1458 1779 adversa
1482 1721 1704 1778 fortuna
1728 1731 1990 1777 utentem.

2087 534 2264 589 lucem
2287 534 2555 589 edendum
2590 549 2841 590 curarem
2872 554 2884 588 :
2916 549 3091 605 eoque
3111 536 3491 606 magis,quod,
3523 551 3668 591 cum

2086 625 2277 681 Graeca-
2302 627 2599 681 etiamnum
2633 633 2881 692 exstent,
2919 627 3115 682 Latina
3156 643 3279 683 cum
3314 627 3400 682 bis
3434 643 3462 682 a
3512 643 3670 697 quo-

2086 717 2222 772 libet
2252 720 2561 788 comparari
2588 726 2866 790 poterunt,
2903 718 3091 790 sicque
3139 721 3311 789 magis
3349 719 3672 790 intelligere

2088 810 2298 875 licebit,
2335 818 2598 879 quantum
2632 810 2870 864 licentia:
2912 809 2968 863 in
3016 811 3291 865 vertendis
3339 809 3671 866 Graecorum

2090 898 2314 968 scriptis
2355 899 2460 954 sibi
2492 907 2731 955 sumeret
2763 898 2830 962 is,
2861 914 3023 968 quem
3057 899 3190 965 dixi,
3236 900 3671 970 antiquissimus

2090 990 2369 1061 interpres
2402 990 2658 1046 Ruﬁnus.
2700 989 2924 1046 Duobus
2975 998 3154 1045 autem
3193 991 3348 1047 libris
3378 992 3672 1048 veteribus

2091 1083 2178 1137 usi
2222 1097 2436 1147 sumus,
2471 1098 2581 1137 uno
2615 1081 2806 1153 Regio,
2835 1083 3007 1137 altero
3036 1081 3390 1138 Colberlino:
3421 1100 3673 1155 quorum

2092 1171 2151 1227 in
2202 1172 2383 1241 primo
2432 1174 2709 1227 orationes
2767 1172 3034 1226 duntaxat
3086 1172 3355 1241 quinque,
3385 1173 3442 1226 in
3486 1172 3677 1228 altero

2095 1269 2277 1316 autem
2309 1269 2434 1316 octo
2472 1263 2843 1331 reperiuntur.
2879 1260 3119 1326 Quaestio
3157 1261 3247 1315 hic
3282 1261 3419 1315 oriri
3456 1268 3673 1331 potest,

2095 1359 2228 1423 quot
2252 1350 2436 1407 Basilii
2458 1352 2735 1407 orationes
2765 1350 2997 1407 Ruﬁnus
3017 1351 3402 1422 interpretatus
3418 1352 3511 1417 sit,
3537 1360 3679 1408 octo

2096 1457 2166 1496 an
2198 1443 2409 1503 decem,
2441 1441 2736 1498 Dubitandi
2783 1454 2964 1498 autem
3013 1457 3184 1497 causa
3223 1451 3330 1508 est,
3361 1443 3504 1514 quod
3548 1443 3676 1497 Ru-

2097 1534 2264 1599 ﬁnus,
2292 1534 2386 1589 ubi
2419 1534 2697 1604 signiﬁcat
2733 1534 2968 1591 vertisse
2989 1550 3048 1590 se
3090 1535 3278 1590 decem
3312 1534 3496 1589 Basilii
3536 1550 3678 1587 ora-

2098 1628 2307 1692 tiones,
2343 1627 2594 1699 ambigue
2636 1627 2851 1683 locutus
2875 1629 2947 1682 sit
2980 1647 2994 1683 :
3027 1628 3121 1697 qui
3155 1636 3339 1682 tamen
3369 1627 3499 1682 alibi
3546 1627 3677 1683 dis-

2099 1721 2271 1777 tincte
2300 1720 2468 1785 dicit,
2525 1737 2585 1777 se
2631 1720 2896 1775 duntaxat
2965 1728 3090 1775 octo
3135 1718 3321 1776 Basilii
3374 1721 3684 1776 conciones

425 1812 496 1868 Et
528 1814 834 1886 interiectis
866 1814 1078 1879 multis,
1122 1813 1201 1869 ita
1243 1813 1469 1883 scripsit
1491 1810 1639 1884 (pag.
1671 1811 1828 1882 70!):
1860 1810 1997 1866 Novi
2028 1793 2078 1854 Β
2103 1810 2302 1867 Latine
2342 1810 2671 1868 reddidisse.
2713 1809 2899 1865 Primo
2946 1810 3115 1881 igitur
3166 1811 3289 1866 loco
3340 1811 3426 1867 his
3485 1811 3683 1867 verbis

426 1906 569 1961 enim
589 1904 866 1975 quosdam,
899 1906 1129 1960 maxime
1161 1920 1275 1971 eos,
1304 1904 1393 1974 qui
1435 1904 1595 1973 lepra:
1629 1904 1841 1957 macula
1881 1911 2000 1956 sunt

427 2012 647 2066 corpore
691 1997 914 2067 aspersi,
968 1997 1027 2050 in
1082 2003 1283 2050 tantam
1322 1995 1740 2063 desperationem
1784 2009 1879 2063 pro
1907 1994 2004 2053 hac

428 2085 587 2155 plaga
612 2086 785 2140 venire
805 2125 820 2149 ,
862 2093 921 2138 ut
969 2093 1153 2155 putent
1197 2100 1257 2139 se
1282 2084 1498 2139 omnino
1527 2081 1808 2137 destitutos
1836 2098 1948 2136 esse
1971 2099 2007 2135 a

431 2175 681 2230 Domino.
734 2174 933 2230 Statim
982 2181 1168 2229 autem
1196 2173 1389 2229 eodem
1445 2173 1542 2229 illo
1592 2171 1661 2227 de
1704 2170 1897 2226 morbo
1926 2169 2005 2225 lo-

432 2283 631 2338 quens,
661 2269 740 2322 ita
780 2267 1165 2337 persequitur:
1200 2264 1270 2319 Et
1301 2274 1359 2319 tu
1387 2281 1506 2319 cum
1532 2265 1607 2318 sis
1638 2264 1695 2317 in
1732 2262 1905 2333 plagis
1944 2278 2008 2316 ac

432 2358 706 2413 doloribus
731 2358 1074 2421 constitutus,
1100 2367 1151 2411 et
1177 2356 1241 2410 ab
1265 2355 1363 2410 hac
1396 2355 1540 2409 lutea
1572 2354 1699 2409 urbe
1736 2352 2005 2418 exclusus,

432 2448 483 2503 si
502 2448 765 2517 sapienter
789 2446 900 2500 haec
937 2445 1265 2510 toleraveris,
1286 2455 1334 2498 et
1353 2443 1622 2498 humiliter
1642 2441 1752 2496 Deo
1783 2452 1871 2494 tuo
1896 2457 2010 2495 ser—

432 2537 614 2602 vietis,
643 2535 876 2591 civitatis
908 2536 1076 2605 ipsius
1107 2552 1171 2590 ac
1213 2533 1456 2613 paradisi
1499 2534 1717 2588 colonus
1752 2532 2006 2601 eflicieris.

436 2629 565 2685 Non
587 2631 730 2685 enim
752 2646 848 2700 pro
875 2630 1237 2686 exsecratione
1267 2628 1482 2692 animm,
1508 2625 1598 2681 sed
1629 2636 1842 2696 propter
1879 2640 2012 2694 qua-

437 2722 645 2778 litatem
682 2721 1035 2792 (egritudinis,
1073 2737 1107 2774 a
1133 2719 1313 2788 populi
1338 2717 1604 2772 consortio
1638 2715 1921 2779 recessisti,
1952 2729 2012 2766 eo

437 2812 578 2884 quod
605 2811 806 2880 generis
831 2809 946 2879 ejus
976 2808 1191 2863 morbus
1213 2806 1293 2879 (ut
1319 2806 1536 2877 quidam
1558 2820 1793 2860 asserere
1812 2804 2013 2873 volunt)

438 2910 688 2959 contactu
717 2917 811 2955 suo
834 2901 1000 2955 soleat
1032 2900 1284 2970 polluere.
1315 2897 1428 2952 Nec
1460 2900 1534 2952 ita
1571 2897 1742 2951 multo
1772 2894 1914 2949 infra
1936 2894 2017 2950 sic

442 2996 642 3064 legitur
670 2996 817 3063 (pag.
842 2992 966 3064 70‘2)
991 3011 1004 3046 :
1040 2990 1145 3047 Sed
1183 2991 1433 3062 quoniam
1455 3006 1592 3043 nunc
1638 2989 1695 3043 in
1742 2988 1842 3042 hac
1867 2996 2017 3057 parte

443 3086 681 3140 animum
722 3093 871 3139 tuum
917 3094 1175 3153 aegrotare
1207 3083 1478 3153 intelligo,
1519 3099 1639 3136 cum
1684 3080 1833 3135 dicas
1880 3080 2014 3134 hoc:
2045 3123 2087 3182 C

445 3176 552 3245 Qui
580 3192 699 3231 cum
736 3176 894 3245 plaga
925 3175 1083 3243 lepra:
1127 3174 1190 3229 de
1228 3174 1424 3228 mundo
1456 3175 1756 3237 excesserit,
1781 3173 1861 3225 ita
1893 3189 2010 3226 eum

443 3267 616 3322 denuo
646 3276 763 3336 post
798 3276 1019 3322 mortem
1058 3282 1347 3337 resurgere,
1379 3274 1486 3320 etc.
1533 3266 1612 3320 Ex
1649 3266 1848 3335 quibus
1885 3280 2013 3335 per-

445 3359 588 3429 spici
621 3365 823 3428 potest,
865 3365 1171 3424 auctorem,
1201 3373 1329 3413 cum
1377 3358 1667 3423 scriberet,
1710 3357 2014 3427 praesertim

447 3448 520 3506 ad
564 3450 812 3520 leprosos
850 3450 1181 3520 respexisse.
1227 3448 1346 3503 Non
1387 3464 1611 3520 possum
1652 3449 1789 3518 quin
1824 3454 2016 3503 notem

373 3556 376 3560 λ
448 3541 818 3597 miserrimam
883 3556 1008 3597 esse
1061 3541 1434 3597 conditionem
1498 3540 1855 3611 scriptorum,
1923 3540 2019 3610 qui

450 3648 595 3704 saepe
621 3633 690 3689 de
719 3633 885 3689 rebus
915 3642 1013 3689 aut
1061 3634 1301 3704 exiguis,
1338 3642 1433 3687 aut
1456 3635 1624 3688 etiam
1663 3633 1869 3688 nullius
1901 3647 2045 3687 mo-,

449 3726 625 3783 uenti
651 3727 798 3783 serio
825 3727 1107 3797 disputare
1127 3733 1434 3798 coguntur;
1465 3733 1791 3796 contraque,
1817 3724 2021 3795 quibus

452 3817 749 3888 aliquando
804 3819 873 3875 de
906 3819 1075 3875 rebus
1123 3819 1473 3890 gravissimis
1514 3819 1665 3888 loqui
1709 3834 1821 3874 non
1870 3818 2020 3874 licet.

452 3907 692 3966 Tantine
728 3909 920 3976 fuerit,
967 3926 1179 3982 quaeso,
1208 3911 1501 3974 orationis,
1531 3926 1652 3980 qua:
1683 3909 1872 3966 multis
1911 3925 2025 3966 me-

453 4002 563 4058 rito
611 4004 735 4058 luce
784 4003 1008 4075 indigna
1034 4003 1211 4059 videri
1250 4010 1465 4074 potest,
1504 4012 1787 4059 auctorem
1817 4001 2026 4060 nosse?

450 4093 612 4150 Nunc
642 4095 1061 4150 communicabo
1085 4109 1208 4150 cum
1240 4095 1503 4152 studiosis
1533 4094 1821 4165 quamdam
1847 4094 2027 4151 homi-

453 4188 546 4245 nis
570 4188 1284 4259 pcritissimiconjecturam
1319 4204 1442 4259 quae
1480 4188 1636 4259 ipsis,
1661 4187 1877 4258 opinor,
1916 4202 2027 4242 non

455 4280 791 4352 dieplicebit.
818 4280 983 4335 Putat
1020 4281 1190 4351 igitur
1232 4282 1316 4336 vir
1342 4297 1455 4336 non
1498 4282 1684 4337 minus
1718 4281 1833 4336 acri
1873 4280 2026 4350 judi-

455 4373 546 4428 cio
578 4388 742 4442 quam
794 4379 958 4426 acuto
1006 4372 1228 4444 ingenio
1274 4373 1568 4444 praeditus,
1600 4373 1742 4427 hanc
1773 4372 2029 4427 lucubra-

454 4461 758 4518 tiunculam
809 4476 841 4515 a
902 4460 1056 4517 Gallo
1106 4464 1467 4532 compositam
1517 4462 1722 4527 fuisse,
1776 4462 2029 4517 videlicet
2059 4452 2104 4509 Β

454 4561 726 4625 tempore,
787 4570 898 4625 quo
949 4555 1116 4626 lepra:
1163 4557 1283 4611 lues
1329 4556 1431 4612 has
1488 4555 1743 4626 regiones
1792 4554 2030 4611 maxime

456 4647 764 4706 infestaret.
799 4646 1105 4704 Secundam
1169 4657 1352 4704 autem
1405 4648 1809 4704 oratiunculam
1863 4655 2031 4718 caput

456 4754 583 4796 esse
610 4739 882 4795 decimum
936 4754 1142 4795 nonum
1175 4740 1343 4795 libelli
1396 4740 1681 4810 cujusdam
1730 4741 1878 4796 Petri
1920 4739 2030 4794 Da-

458 4828 631 4883 miani
664 4830 722 4901 in
749 4847 769 4882 ι
793 4829 1052 4885 Dominus
1081 4829 1368 4895 vobiscum,
1394 4850 1413 4883 ι
1460 4829 1572 4900 jam
1614 4831 1705 4885 alii
1748 4837 2028 4886 notarunt.

458 4917 708 4975 Tertium
734 4919 976 4992 denique
1007 4921 1334 4993 opusculum
1368 4920 1638 4978 afﬁrmare
1680 4924 1854 4980 ausim
1880 4924 2036 4980 Basi-

458 5010 525 5067 lii
550 5011 777 5083 quidem
825 5029 938 5069 non
970 5028 1137 5070 esse:
1174 5014 1270 5070 sed
1294 5020 1389 5069 aut
1417 5030 1448 5069 a
1478 5030 1608 5085 quo,
1641 5022 1736 5071 aut
1766 5030 1875 5086 quo
1896 5026 2035 5072 tem-

461 5117 599 5175 pore
628 5102 976 5160 lucubratum
1011 5105 1105 5173 sit,
1143 5106 1305 5175 plane
1333 5106 1551 5176 ignoro.

534 5194 628 5252 61.
659 5195 921 5267 Sequitur
947 5198 1310 5268 quarumdam
1331 5197 1520 5253 Basilii
1538 5200 1848 5255 orationum
1877 5209 2034 5257 vetus

464 5288 841 5359 interpretatio
870 5288 1018 5362 (pag.
1048 5290 1175 5363 715)
1204 5309 1219 5346 :
1251 5290 1411 5361 cujus
1442 5291 1674 5349 Ruﬁnus
1704 5301 1897 5347 auctor
1926 5298 2031 5348 est.

465 5382 603 5441 Rem
641 5390 853 5454 autem!
879 5383 1114 5442 eruditis
1155 5385 1473 5446 hominibus
1510 5393 1722 5461 gratam
1760 5385 2034 5443 facturum

540 5561 621 5632 (α)
661 5560 806 5632 Hist.
833 5561 870 5632 l.
897 5575 960 5626 ll,
990 5574 1040 5616 c.
1070 5560 1126 5632 9.

542 5632 619 5773 ἓεέ
654 5629 1229 5773 itﬁiii'tf’slli'

2102 1918 2239 1958 usus
2268 1908 2353 1957 est
2379 1901 2455 1972 (a)
2480 1921 2493 1956 :
2530 1900 2761 1954 Exstant
2789 1917 2986 1971 quoque
3020 1901 3296 1971 utriusque
3320 1902 3510 1971 ingenii
3532 1901 3681 1973 [Ba-

2104 1994 2220 2049 silii
2269 2002 2320 2048 et
2362 1992 2627 2064 Gregorii]
2661 1994 2984 2047 monimenta
3029 1987 3311 2063 magniﬁca
3354 2003 3687 2047 tractatuum

2104 2102 2233 2171 quqs
2262 2100 2330 2140 ex
2362 2094 2590 2154 tempore
2610 2086 2668 2138 in
2700 2083 2930 2138 ecclesiis
2955 2082 3342 2137 declamabant.
3376 2082 3460 2137 Ea:
3487 2082 3685 2154 quibus

2108 2194 2203 2233 nos
2243 2177 2407 2231 denas
2439 2177 2602 2246 ferme
2629 2176 2958 2246 singulorum
2981 2174 3347 2230 oratiunculas
3383 2175 3689 2243 transfudi-

2106 2285 2224 2323 mus
2260 2269 2314 2321 in
2337 2267 2606 2321 Latinum.
2627 2265 2747 2321 Non
2789 2266 2933 2321 enim
2981 2271 3359 2321 asseveranter
3386 2266 3524 2319 dicit
3556 2281 3690 2321 ver-

2107 2362 2243 2416 tisse
2265 2376 2325 2416 se
2349 2360 2535 2415 decem
2559 2359 2854 2426 orationes,
2876 2357 2974 2414 sed
3004 2358 3173 2414 ferme
3196 2358 3405 2412 decem.
3426 2357 3483 2411 ln
3505 2359 3691 2413 altero

2111 2459 2293 2507 autem
2334 2450 2455 2504 loco
2486 2449 2562 2521 (ὁ)
2598 2448 2828 2504 lluﬁnus
2857 2448 3253 2518 Apronianum,
3279 2447 3369 2502 cui
3406 2461 3559 2503 suam
3596 2447 3691 2500 in-

2110 2542 2557 2611 terpretationem
2585 2539 2894 2605 dedicabat,
2928 2539 3306 2594 ita'allocutus
3333 2544 3418 2594 est
3444 2557 3456 2592 :
3487 2537 3693 2607 Aliqua

2114 2632 2209 2686 tibi
2257 2633 2314 2685 in
2350 2631 2602 2684 Latinum
2632 2631 2764 2685 verti
2813 2631 2940 2683 olim
2981 2645 3318 2699 poposceras,
3363 2629 3690 2698 Aproniane,

2114 2726 2196 2793 ﬁli
2222 2723 2570 2777 charissime:
2603 2721 2740 2791 quod
2772 2730 2822 2775 et
2846 2737 2910 2775 ea:
2941 2731 3094 2789 parte
3122 2722 3301 2791 aliqua
3328 2721 3428 2790 feci
3458 2722 3515 2775 in
3545 2736 3693 2789 prte-

2114 2818 2248 2871 senti
2284 2816 2411 2869 dum
2450 2816 2508 2869 in
2549 2813 2686 2869 Urbe
2724 2830 2910 2878 essem,
2947 2814 3038 2869 sed
3086 2823 3136 2868 et
3179 2830 3319 2867 nunc
3355 2813 3693 2884 aliquantum

2116 2907 2323 2965 addidi.
2354 2907 2485 2964 Octo
2512 2924 2633 2977 ergo
2661 2907 2799 2962 beati
2841 2907 3035 2961 Basilii
3067 2906 3241 2960 breves
3284 2908 3415 2960 istos
3459 2904 3693 2960 homile-

2119 3001 2247 3054 ticos
2276 2999 2528 3054 transtuli
2553 2999 2778 3055 libellos.
2795 2998 2949 3064 Quod
2983 2999 3148 3068 igitur
3175 2999 3256 3052 ait
3281 2997 3696 3053 eruditissimus

2118 3093 2205 3147 vir
2236 3091 2623 3147 Tillemontius
2648 3090 2740 3163 (ε),
2772 3091 2960 3146 decem
2988 3090 3179 3146 Basilii
3207 3091 3483 3146 orationes
3510 3105 3543 3143 a
3574 3089 3695 3143 Bu-

2120 3184 2231 3239 ﬁno
2269 3182 2463 3239 Latine
2518 3183 2762 3239 redditas
2812 3182 3007 3250 fuisse,
3048 3183 3116 3239 de
3158 3198 3224 3239 eo
3261 3182 3547 3237 mihicum
3596 3181 3696 3236 illo

2114 3291 2225 3331 non
2254 3275 2483 3330 omnino
2508 3275 2784 3330 convenit.
2812 3274 2949 3329 Nam
2979 3276 3195 3343 vocula,
3225 3275 3404 3344 ferme,
3440 3288 3553 3345 qua
3578 3273 3697 3328 Bu—

2116 3364 2260 3420 ﬁnus
2290 3365 2482 3431 utitur,
2511 3363 2666 3431 facit,
2700 3371 2761 3419 ut
2787 3381 2913 3420 eum
2950 3381 3060 3419 non
3090 3366 3211 3435 plus
3239 3372 3363 3419 octo
3395 3364 3695 3430 orationes,

2117 3457 2352 3513 vertisse
2388 3459 2674 3528 suspicer;
2726 3473 2903 3528 coque
2933 3458 3131 3528 magis,
3167 3458 3317 3528 quod
3362 3472 3472 3511 non
3509 3458 3701 3527 plures

2119 3548 2216 3604 sed
2251 3549 2481 3604 totidem
2514 3550 2582 3605 ad
2610 3550 2987 3620 Apronianum
3012 3550 3242 3605 miserit.
3274 3548 3430 3615 Quod
3464 3548 3511 3604 si
3537 3548 3699 3619 quis-
3781 3552 3787 3558 ’

2119 3641 2265 3711 piam
2300 3640 2633 3697 contendere
2679 3642 2829 3708 velit,
2879 3657 2992 3697 non
3026 3656 3127 3712 ego
3165 3641 3519 3711 repugnabo:
3560 3640 3703 3696 satis

2120 3748 2245 3789 esse
2271 3740 2437 3799 duco,
2462 3733 2842 3804 conjecturam
2881 3748 3004 3803 qua:
3040 3732 3174 3787 mihi
3216 3732 3455 3787 maxime
3499 3732 3705 3802 proba-

2121 3826 2248 3882 bilis
2286 3827 2406 3882 visa
2435 3834 2544 3891 est,
2589 3825 2932 3883 eruditorum
2971 3824 3184 3894 judicio
3220 3823 3562 3894 permisisSe.
3588 3822 3705 3881 Nec

2125 3921 2356 3975 fortasse
2407 3918 2640 3974 Ruﬁnus
2693 3919 2879 3988 plures
2921 3916 3167 3989 Gregorii
3203 3916 3533 3972 Nazianzeni
3575 3930 3705 3970 ora-

2126 4011 2305 4066 tiones
2333 4011 2394 4065 in
2435 4009 2689 4065 Latinam
2728 4011 2972 4080 linguam
3017 4009 3320 4065 transtulit.
3374 4007 3509 4062 Nam
3537 4007 3705 4062 hodie

2125 4117 2306 4171 neque
2335 4101 2393 4157 in
2421 4100 2731 4171 impressis,
2763 4115 2940 4170 neque
2993 4100 3049 4154 in
3078 4100 3354 4157 veteribus
3398 4098 3553 4153 libris
3578 4098 3706 4169 plus

2127 4203 2335 4266 septem
2365 4201 2459 4250 aut
2493 4201 2620 4251 octo
2646 4193 3001 4249 inveniuntur
3029 4191 3130 4264 (ά).

2128 4347 2156 4421 §
2175 4346 2317 4403 XIV.
2357 4348 2458 4403 Ubi
2484 4345 2547 4402 de
2567 4348 2759 4403 erratis
2783 4345 3099 4468 quilzusdam
3121 4345 3273 4408 meis,
3293 4343 3455 4415 deque
3483 4342 3706 4398 diversis

2831 4433 2886 4468 re
2923 4433 3005 4468 us.

2831 4433 3005 4471 rebus.

2204 4556 2294 4612 62.
2325 4554 2521 4610 Notavi
2549 4551 2816 4608 nonnulla
2852 4551 2912 4607 in
2937 4549 3288 4606 Ambrosium
3316 4568 3330 4604 :
3380 4563 3615 4618 quorum
3647 4546 3709 4603 in

2134 4664 2248 4706 uno
2274 4648 2644 4703 hallucinatus
2682 4659 2805 4701 sum
2832 4643 2921 4715 (e).
2950 4641 3138 4713 Neque
3166 4657 3297 4696 vero
3325 4641 3443 4695 leve
3482 4646 3566 4695 est
3599 4638 3709 4693 hoc

2135 4742 2417 4804 mendum,
2449 4738 2549 4794 sed
2572 4737 2702 4804 tale,
2733 4743 2794 4791 ut
2838 4751 2907 4790 ne
2954 4751 3125 4806 puero
3154 4734 3374 4804 quidem
3405 4731 3709 4786 condonari

2134 4833 2296 4889 facile
2330 4831 2525 4902 possit.
2558 4829 2692 4884 Nam
2725 4829 2813 4882 vel
2854 4827 2959 4898 ipsi
2997 4825 3252 4881 infantuli
3296 4823 3483 4878 oculos
3513 4822 3707 4877 saltem

2135 4925 2419 4997 paululum
2466 4922 2718 4978 attollere
2753 4928 3026 4992 possunt:
3057 4916 3203 4987 quod
3235 4916 3282 4972 si
3323 4915 3449 4985 quis
3490 4913 3706 4978 fecerit,

2134 5017 2320 5075 statim
2371 5031 2440 5071 ex
2486 5014 2555 5070 iis
2605 5028 2729 5083 qua:
2775 5010 3021 5082 proxime
3058 5006 3389 5063 antecedunt
3429 5003 3707 5059 Ambrosii

2134 5106 2317 5163 verbis
2349 5105 2417 5175 (ι’)
2453 5103 2739 5174 intelliget,
2786 5100 2894 5171 legi
2932 5099 3025 5154 illo
3057 5099 3179 5154 loco
3224 5096 3447 5161 debere,
3475 5109 3611 5159 non,
3643 5099 3711 5147 ut

2137 5199 2291 5264 duxi,
2318 5196 2451 5251 Noli
2479 5212 2600 5266 ergo
2632 5194 2744 5249 Deo
2775 5208 2881 5247 non
2906 5190 3133 5254 credere,
3159 5189 3253 5245 sed
3282 5189 3378 5253 ita,
3408 5196 3467 5242 ut
3495 5187 3551 5240 in
3584 5183 3711 5238 vul-

2137 5291 2278 5362 gatis
2310 5289 2529 5360 legitur,
2569 5285 2699 5340 Noli
2718 5300 2841 5356 ergo
2873 5283 3039 5338 Deum
3059 5281 3286 5348 credere,
3319 5281 3424 5335 hoc
3448 5285 3553 5343 est,
3586 5289 3711 5329 cave

2140 5383 2326 5439 credas
2354 5380 2517 5437 solem
2544 5377 2714 5433 Deum
2740 5391 2872 5431 esse.
2911 5373 3077 5429 Plura
3105 5387 3169 5429 ea
3212 5372 3281 5428 de
3314 5386 3376 5427 re
3411 5369 3597 5425 dicere
3624 5364 3709 5421 in-

2210 5555 2288 5625 (d)
2326 5554 2468 5625 Lege
2495 5550 2721 5625 ’ζ’ὶὶμεξιιτ.Δ
2743 5556 2783 5603 ι.
2815 5547 2986 5625 liin.
3022 5546 3145 5604 559.

2233 5618 2281 5692 ε)
2323 5618 2480 5679 Tom.
2506 5622 2546 5688 Ι,
2578 5620 2735 5692 Pragf.
2771 5635 2824 5672 n.
2854 5618 2946 5692 25,

2237 5688 2281 5766 ι’)
2321 5695 2441 5752 Lib.
2475 5709 2527 5748 iv
2558 5693 2613 5747 in
2646 5690 2805 5754 Hera,
2839 5703 2895 5743 n.
2927 5688 2975 5742 ι.
