3972 6202
318 399 419 457 15⁸1

323 611 521 681 rejecta
546 613 733 667 velim.
763 614 1054 686 interpres
1076 618 1268 687 psalmi
1297 634 1467 674 xxvm
1494 634 1618 673 cum
1660 618 1734 672 ita
1765 619 1906 673 scri-

327 703 521 770 psisset
547 702 695 773 (pag.
723 704 857 776 555)
884 709 1033 761 :Kai.
1057 712 1089 779 ἡ
1115 711 1177 763 ἐκ
1198 708 1291 762 τοῦ
1316 712 1548 780 μαμωνᾶ
1570 711 1667 781 τῆς
1692 711 1905 775 ἀδικίας

323 790 580 860 γενομένη
606 792 768 861 φιλία.
786 801 1149 867 κατασκηνοὶζ
1177 798 1353 869 inepte
1368 809 1423 854 et
1449 801 1657 856 insulse
1687 802 1902 857 locutus

321 880 490 937 fuisse
543 884 685 937 mihi
728 886 887 942 visus
934 898 1019 943 est
1053 890 1168 957 (a):
1210 898 1263 945 et
1301 899 1483 946 tamen
1532 908 1600 946 ex
1645 892 1732 948 his
1782 909 1903 963 qua:

318 975 480 1029 retuli
510 977 703 1033 verbis
749 989 875 1050 apta
907 990 961 1035 et
1006 981 1200 1036 idonea
1240 985 1508 1038 sententia
1534 1026 1548 1050 ,
1588 1000 1760 1055 eaque
1790 1003 1901 1042 non

318 1066 557 1121 obscura
587 1068 850 1124 edicitur.
879 1069 1215 1141 Signiﬁcavit
1238 1074 1688 1146 eniminterpres,
1713 1078 1902 1131 amici-

316 1161 475 1224 tiam,
505 1175 635 1229 qua:
663 1177 733 1215 ex
758 1176 1012 1217 mamona
1035 1164 1339 1235 iniquitatis
1372 1169 1714 1231 conciliatur,
1739 1170 1899 1224 nobis

318 1246 384 1300 ad
413 1247 633 1303 beatam
662 1251 909 1319 requiem
935 1252 1138 1307 aditum
1168 1253 1317 1311 dare.
1371 1256 1472 1311 Ubi
1522 1258 1631 1311 dixi
1667 1259 1741 1328 (ιν)
1766 1260 1898 1313 illud

318 1338 454 1409 psal.
484 1356 593 1394 cxv
620 1359 635 1394 :
674 1342 820 1394 Ἀλλ’
851 1343 961 1396 εἴθε
989 1345 1157 1415 κάμοὶ
1192 1347 1396 1414 γένοιτο
1423 1350 1707 1403 πιστεῦσαι
1733 1350 1899 1415 ἀξίως

308 1431 402 1482 ἕνα
434 1430 663 1501 λαλήσω
703 1432 799 1487 νῦν
828 1438 895 1505 τῇ
935 1436 1230 1508 Ἐκκλησίᾳ
1268 1439 1361 1492 τοῦ
1404 1440 1539 1493 Θεοῦ
1585 1444 1650 1511 τῇ
1684 1442 1896 1515 μεγάλῃ

318 1520 489 1594 ταύτῃ
533 1522 735 1591 λόγους
778 1526 837 1577 ὲν
884 1526 962 1596 τῷ
992 1529 1074 1580 νοΐ
1107 1546 1207 1599 μου
1240 1531 1759 1599 ἀποτηγανίζεσοαι,
1792 1532 1897 1587 Sed

317 1613 522 1664 utinam
575 1622 626 1666 et
683 1616 817 1668 mihi
861 1618 1129 1687 contingat
1174 1620 1327 1690 digne
1382 1622 1624 1685 credere,
1665 1632 1721 1675 ut
1758 1641 1895 1678 nunc

319 1716 522 1769 magna:
543 1701 669 1756 huic
694 1702 794 1757 Dei
824 1703 1077 1761 Ecclesia:
1096 1709 1248 1762 verba
1271 1710 1495 1780 quinque
1524 1712 1576 1763 in
1599 1729 1755 1767 sensu
1782 1731 1893 1769 meo

318 1788 523 1857 loquar,
561 1792 658 1846 ubi
697 1791 865 1861 igitur
898 1795 1008 1848 dixi
1044 1795 1157 1851 haec
1190 1798 1350 1852 verba
1393 1800 1526 1852 mihi
1578 1801 1886 1869 displicere,

315 1894 423 1933 non
458 1884 679 1947 monui,
718 1886 774 1939 id
812 1887 955 1956 quod
988 1887 1233 1955 decebat,
1267 1890 1455 1944 eadem
1486 1892 1629 1960 apud
1654 1864 1883 1947 l3aulum
1919 1864 1961 1919 Β

316 1974 545 2031 inveniri
576 1980 804 2048 quidem
828 1982 896 2043 ⁸⁵.
933 1983 1031 2036 sed
1064 1999 1228 2038 sensu
1257 1986 1383 2040 alio.
1414 1984 1548 2041 Nam
1580 1987 1722 2056 apud
1748 1987 1893 2057 Apo-

314 2066 513 2120 stolum
536 2082 654 2123 non
693 2070 762 2124 de
793 2070 917 2136 ﬁde,
943 2071 1041 2127 sed
1071 2073 1135 2127 de
1163 2073 1395 2143 simplici
1424 2075 1620 2145 linguae
1652 2076 1891 2145 alicujus

313 2156 504 2209 notitia
534 2172 726 2213 sermo
764 2158 1018 2216 habetur.
1057 2161 1202 2217 lnter
1231 2170 1426 2218 cmtera
1453 2167 1719 2221 vocabula
1766 2183 1890 2237 que

312 2247 452 2317 apud
480 2248 755 2305 Basilium
803 2251 1071 2308 inusitata
1121 2269 1242 2311 esse
1279 2256 1611 2324 existimavi,
1660 2261 1889 2316 verbum

310 2354 531 2408 quoque
571 2342 1076 2412 ἁτωτηγανίζεσθαι
1102 2346 1373 2414 reperitur
1401 2348 1469 2417 (c)
1504 2367 1517 2403 :
1569 2364 1679 2418 quo
1706 2359 1888 2406 tamen

313 2436 497 2482 orator
526 2432 774 2499 optimus
815 2432 873 2485 in
920 2432 1095 2501 prima
1140 2433 1218 2488 De
1243 2435 1448 2504 jejunio
1477 2438 1725 2494 oratione
1754 2456 1887 2496 usus

310 2526 408 2572 est.
424 2516 695 2574 Similiter
706 2521 798 2575 ubi
811 2524 991 2578 notavi
1010 2525 1140 2579 illud
1158 2525 1256 2597 (ά),
1274 2523 1406 2580 εἶναι
1426 2528 1493 2580 τὰ
1508 2527 1632 2599 ἔθνη
1654 2531 1888 2603 συγκλη-

316 2610 515 2680 ρονόμα
547 2611 649 2664 καὶ
679 2612 965 2684 σύσσωμα,
1014 2630 1125 2670 non
1158 2616 1231 2669 ita
1264 2617 1587 2687 simpliciter
1619 2622 1884 2692 scriptum

313 2702 649 2769 oportuisse,
674 2707 769 2758 sed
799 2704 923 2758 addi
942 2705 1217 2773 debuisse,
1236 2709 1313 2771 et;
1335 2710 1417 2773 τό,
1443 2718 1502 2764 ιιι
1518 2721 1681 2775 esset,
1714 2714 1792 2777 εἰς
1819 2714 1884 2766 τὸ

310 2787 549 2857 εἶναιτὰ,
570 2800 703 2856 etc.,
728 2794 985 2862 opinione
1007 2811 1125 2850 mea
1156 2796 1325 2853 falsus
1348 2815 1489 2853 sum.
1520 2800 1707 2871 Neque
1735 2804 1881 2857 enim

312 2882 458 2946 illud,
482 2884 565 2945 εἰς
578 2884 663 2948 τό,
686 2886 828 2953 apud
846 2887 1149 2955 apostolum
1166 2886 1393 2943 Paulum
1411 2891 1607 2961 legitur
1626 2894 1691 2958 ⁸⁸,
1710 2911 1883 2964 neque

310 2976 375 3028 ab
400 2976 705 3046 interprete
726 2974 916 3032 Graeco
942 2978 1104 3048 adjici
1132 2979 1332 3035 decuit.
1360 2982 1495 3036 Cum
1522 2984 1881 3041 instituissem

308 3080 618 3121 sermonem
674 3067 744 3123 de
787 3069 1174 3137 interpretibus
1220 3072 1406 3127 Basilii
1449 3074 1560 3145 (e),
1612 3075 1881 3131 Adamum

1714 404 2101 461 PRASFATIO.

321 520 601 577 stitueram
630 540 643 573 :
677 537 778 576 sea
814 539 905 580 est
952 538 1144 591 causa,
1172 540 1272 581 cur
1307 540 1372 581 ea
1405 526 1459 580 in
1504 525 1650 581 aliud
1689 532 1905 597 tempus
1933 530 1981 587 Α
2011 525 2226 579 videare
2267 543 2279 578 :

3470 402 3572 458 158

2337 524 2432 579 sed
2484 539 2607 579 eum
2654 522 3034 587 nihilominus,
3066 532 3125 576 ut
3157 522 3289 585 nixi,
3337 523 3484 576 omni
3514 539 3574 579 re

2006 616 2375 681 considerata,
2392 615 2659 669 Cornario
2681 614 2928 685 pra:ferri
2951 614 3147 669 debere
3167 614 3437 668 existimo.
3455 614 3574 668 Non

2005 707 2376 769 committam,
2426 715 2486 760 ut
2535 707 2775 761 sodalem
2841 714 3087 760 nostrum
3148 704 3411 757 Joannem
3481 702 3574 759 Ja-

2004 795 2203 850 cobum
2251 796 2499 865 llaverdy
2530 812 2636 849 non
2664 794 2901 856 laudem,
2937 794 3210 847 hominem
3245 794 3400 845 multi
3430 793 3575 845 labo-

2002 887 2103 950 ris,
2132 894 2188 941 et
2216 887 2284 940 ad
2312 888 2453 940 bona
2478 886 2658 942 studia
2681 885 2926 956 juvauda
2961 894 3150 938 natum
3188 903 3201 938 :
3232 884 3325 953 qui
3355 899 3572 938 onmem

2002 992 2189 1031 curam
2222 985 2386 1047 atque
2426 993 2646 1048 operam
2690 979 2745 1031 in
2785 992 2851 1032 eo
2881 977 3085 1047 posuit,
3116 982 3176 1029 ut
3208 991 3383 1031 novus
3415 976 3569 1029 Basi-

2001 1067 2107 1121 lius
2136 1066 2361 1120 nitidior
2384 1074 2439 1121 et
2466 1066 2803 1121 emendatior
2838 1066 3069 1133 legatur.
3112 1065 3267 1119 Alius
3300 1080 3330 1118 e
3362 1064 3569 1119 nostris

2001 1157 2281 1212 sodalibus
2313 1158 2547 1211 indicem
2590 1173 2752 1226 quam
2800 1156 3216 1227 diligentissime
3264 1157 3567 1210 contexuit.

1999 1250 2344 1320 Conquestus
2386 1257 2469 1303 est
2510 1250 2593 1302 vir
2636 1249 2975 1303 clarissimus
3022 1248 3272 1317 idemque
3315 1248 3572 1303 doctissi-

1997 1358 2141 1407 mus,
2181 1357 2269 1395 me
2303 1343 2511 1395 nullum
2547 1350 2925 1411 argumentum
2954 1340 3225 1403 attulisse,
3262 1355 3327 1393 ex
3357 1354 3465 1409 quo
3492 1338 3572 1393 ef-

1999 1434 2087 1487 ﬁci
2117 1441 2325 1503 posset,
2353 1432 2611 1487 Basilium
2637 1433 2783 1486 tertii
2810 1434 2861 1484 in
2892 1431 3210 1486 Eunomium
3233 1431 3359 1483 libri
3388 1439 3572 1485 aucto-

1998 1540 2115 1577 rem
2141 1539 2299 1578 esse:
2333 1525 2384 1577 id
2412 1524 2555 1593 quod
2589 1533 2767 1577 tamen
2787 1524 3181 1592 promiseram.
3215 1522 3313 1576 Hic
3344 1524 3571 1591 promis-

1997 1630 2118 1670 sum
2154 1616 2505 1684 complerem,
2537 1616 2642 1669 nisi
2673 1614 3000 1683 judicarem,
3033 1630 3139 1680 me,
3164 1628 3286 1667 cum
3321 1614 3374 1666 in
3405 1615 3568 1668 tertio

1998 1707 2275 1761 volumine
2300 1708 2546 1776 praeclari
2575 1706 2721 1760 illius
2748 1705 2827 1759 De
2848 1704 3050 1773 Spiritu
3078 1714 3261 1759 sancto
3285 1706 3407 1759 libri
3438 1706 3569 1775 legi-

1994 1797 2189 1851 timum
2214 1807 2492 1866 parentem
2522 1797 2810 1866 indagabo,
2843 1797 3015 1850 multo
3039 1796 3381 1850 commodius
3407 1811 3469 1846 ea
3501 1795 3569 1849 de

1994 1903 2054 1943 re
2084 1888 2414 1943 locuturum.
2446 1888 2583 1943 Cum
2613 1888 2777 1957 paulo
2820 1896 2945 1940 ante
2986 1884 3158 1956 (num.
3202 1886 3293 1957 48)
3336 1887 3568 1955 probare

1992 1994 2240 2043 conarer,
2274 1979 2559 2034 Sozomeni
2600 1979 2804 2041 locum,
2840 1978 2897 2031 in
2938 1993 3048 2048 quo
3090 1976 3277 2029 Basilii
3315 1978 3565 2031 Ascctica

1992 2085 2021 2122 a
2055 2070 2381 2139 quibusdam
2422 2069 2711 2123 Eustathio
2758 2067 3061 2122 Sebasteno
3100 2068 3358 2121 attributa
3394 2068 3565 2123 fuisse

1989 2159 2267 2226 dicuntur,
2307 2174 2417 2213 non
2446 2159 2515 2213 de
2551 2160 2795 2229 llegulis,
2839 2159 2935 2215 sed
2966 2159 3033 2215 de
3066 2160 3386 2215 monasticis
3415 2160 3563 2214 Con-

1989 2251 2369 2308 stitutionibus
2392 2251 2768 2321 accipiendum
2792 2267 2933 2315 esse,
2961 2251 3063 2304 hoc
3089 2261 3407 2322 argumento
3431 2268 3565 2307 usus

1989 2358 2133 2406 sum,
2156 2342 2303 2413 quod
2327 2343 2372 2398 si
2400 2342 2739 2397 Sozomenus
2762 2344 2977 2413 regulas
3002 2343 3247 2398 indicare
3272 2345 3558 2409 voluisset,

1988 2433 2063 2487 ita
2104 2433 2173 2487 de
2218 2433 2303 2487 bis
2351 2432 2575 2489 fecisset
2628 2433 2985 2500 mentionem,
3042 2442 3101 2488 ut
3149 2433 3559 2503 Scripturarum

1986 2524 2327 2589 testimonia,
2376 2525 2576 2594 quibus
2624 2526 2836 2579 refertae
2873 2532 3023 2588 sunt,
3068 2524 3346 2579 laudasset
3378 2542 3392 2578 :
3421 2540 3559 2593 quo-

1986 2630 2107 2668 rum
2146 2614 2440 2685 Scriptura:
2471 2617 2712 2670 locorum
2758 2616 3123 2670 meminerunt
3168 2615 3398 2671 Ruﬁnus
3427 2616 3561 2671 Cas-

1986 2709 2282 2777 sianusque
2321 2717 2377 2763 et
2412 2708 2641 2764 Photius
2668 2709 2758 2778 (Ῑ).
2802 2709 2915 2763 Hoc
2958 2717 3137 2763 autem
3174 2710 3364 2763 eodem
3395 2710 3559 2763 modo

1984 2798 2317 2853 intellectum
2346 2800 2493 2853 nolo.
2530 2800 2666 2853 Cum
2708 2801 2854 2853 enim
2898 2800 3196 2855 Cassianus
3230 2808 3283 2854 et
3328 2799 3557 2857 Pbotius

1984 2887 2051 2942 de
2080 2889 2165 2943 his
2206 2890 2534 2943 testimoniis
2578 2906 2837 2958 expresse
2875 2892 3203 2943 mentionem
3240 2890 3553 2955 habuerint,

1983 2984 2163 3033 tamen
2203 2978 2433 3033 Ruﬁnus
2477 2993 2540 3033 ea
2589 2980 2874 3049 perspicue
2904 2986 3093 3032 notare
3137 2977 3273 3032 satis
3317 2978 3551 3032 habuit:

1981 3069 2076 3139 qui
2123 3069 2333 3123 scilicet
2380 3069 2447 3125 de
2485 3069 2671 3123 Basilii
2701 3070 2985 3140 responsis
3010 3068 3085 3140 (g)
3125 3070 3342 3125 locutus
3374 3070 3466 3133 sit,
3497 3070 3554 3124 in

310 3157 655 3227 Fumanum,
708 3162 801 3231 qui
834 3164 1086 3218 Ascetica
1136 3167 1525 3236 interpretatus
1565 3178 1670 3233 εει,
1726 3172 1878 3225 nullo
1904 3194 1947 3251 ο
1982 3160 2179 3229 quibus
2229 3160 2501 3229 ejusmodi
2548 3159 2957 3230 Scripturarum
3007 3162 3129 3215 loca
3177 3161 3550 3217 continentur.

311 3250 634 3308 discrimine
651 3253 822 3308 habui
852 3272 865 3309 :
892 3272 1056 3325 quem
1103 3266 1284 3313 tamen
1337 3275 1463 3314 cum
1506 3260 1754 3317 Ascetica
1786 3280 1875 3319 re-

308 3356 628 3411 censerem,
668 3344 891 3415 vulgum
942 3346 1298 3416 interpretum
1330 3349 1490 3420 longe
1548 3353 1877 3408 antecellere

305 3434 571 3489 intellexi.
612 3433 811 3490 Janum
863 3436 1190 3492 Cornarium
1226 3439 1478 3507 laudavi,
1521 3458 1683 3511 quem
1715 3443 1875 3499 laude

304 3524 530 3595 dignum
571 3525 875 3581 etiamnum
919 3536 1051 3596 puto
1091 3529 1229 3583 :sed
1264 3529 1314 3584 ei
1373 3538 1554 3585 tamen
1598 3531 1873 3589 Fumanus

304 3618 724 3687 anteponendus
746 3633 871 3673 esse
907 3620 1039 3673 mihi
1060 3620 1294 3675 videtur.
1326 3622 1625 3679 Cornarius
1661 3627 1872 3682 ﬁdelius

304 3710 525 3777 quidem
564 3724 735 3781 quam
777 3711 1114 3781 temporibus
1148 3712 1257 3768 illis
1298 3715 1413 3770 ﬁeri
1444 3717 1665 3780 soleret,
1703 3718 1870 3773 inter-

302 3808 550 3869 pretatus
582 3810 667 3858 est
693 3822 707 3856 :
739 3802 835 3858 sed
862 3811 1227 3875 pmterquam
1252 3809 1397 3877 quod
1430 3808 1551 3877 ejus
1596 3810 1870 3880 interpre-

304 3892 434 3945 tatio
466 3891 609 3945 dura
642 3892 718 3948 sit
745 3908 1047 3965 asperaque
1079 3902 1134 3950 et
1162 3897 1363 3953 minus.
1385 3896 1598 3963 Latina,
1640 3917 1783 3972 saepe
1812 3912 1868 3959 et

301 3985 419 4048 ipse
454 3996 679 4051 quoque
738 3985 983 4039 auctoris
1016 3987 1339 4041 sententiam
1382 4004 1492 4043 non
1536 4005 1867 4051 consecutus

299 4078 402 4123 est.
447 4070 518 4124 At
566 4069 847 4128 Fumanus
888 4072 1082 4129 Latine
1132 4090 1284 4143 aeque
1316 4091 1381 4132 ac
1436 4076 1622 4134 Graece
1674 4082 1866 4137 doctus

302 4169 416 4214 erat
454 4181 468 4215 :
508 4162 608 4231 qui
661 4165 767 4219 etsi
820 4163 1158 4236 frequentius
1201 4168 1270 4221 ab
1301 4171 1544 4227 auctoris
1594 4176 1865 4230 sententia

302 4249 623 4317 aberrabat,
668 4253 724 4307 id
759 4254 953 4309 vitium
999 4255 1295 4313 Latinitate
1339 4263 1681 4319 accuratiore
1716 4280 1865 4321 com-

298 4344 584 4410 pensabat.
629 4343 744 4401 Nec
784 4348 1141 4404 dissimulabo
1172 4350 1474 4407 Fumanum
1508 4356 1563 4409 in
1604 4372 1859 4428 magnum

300 4434 443 4487 aliud
478 4435 696 4501 vitium,
726 4451 759 4489 a
804 4452 913 4506 quo
955 4436 1256 4495 Carnarius
1297 4440 1668 4499 alienissimus
1719 4454 1858 4513 erat,

298 4524 574 4581 incidisse.
606 4524 688 4581 Ita
716 4527 863 4582 enim
897 4527 1083 4584 Graeca
1110 4528 1301 4585 Latine
1325 4533 1605 4598 reddebat,
1629 4546 1687 4589 ut
1712 4550 1865 4607 para-

298 4617 537 4685 phrasim
571 4618 758 4688 potius
802 4634 966 4690 quam
1008 4621 1509 4691 interpretationem
1544 4626 1722 4697 legere
1760 4627 1865 4683 tibi

357 4773 456 4829 "1
484 4772 619 4829 Cor.
652 4774 767 4837 xiv,
794 4774 883 4829 l9.
958 4776 1006 4807 ⁵⁸
1042 4775 1241 4846 Ephes.
1276 4794 1360 4844 ιιι,
1392 4777 1453 4833 6.

346 4980 426 5111 $3)
464 4982 525 5035 In
552 4980 743 5047 Plat,
775 4989 817 5035 t.
845 4979 888 5044 1,
920 4997 975 5034 n.
1006 4981 1093 5036 54.

405 5053 421 5111 )
460 5052 519 5107 In
549 5051 739 5111 Praef"
769 5060 809 5104 t.
836 5050 879 5111 Ι,
905 5068 960 5104 n.
994 5052 1087 5103 ιι.

370 5052 421 5117 b)
460 5052 519 5107 In
549 5051 739 5117 Praen,
769 5060 809 5104 t.
836 5050 879 5116 ι,
905 5068 960 5104 ιι.
994 5052 1087 5103 tt.

364 5121 412 5189 τ)
450 5121 513 5178 In
544 5122 736 5187 Praet,
766 5129 813 5176 t.
846 5122 886 5187 l,
919 5138 974 5174 n.
1006 5121 1093 5172 54.

360 5193 416 5263 d)
454 5192 516 5250 In
546 5192 739 5260 Preti,
774 5199 816 5246 t.
849 5193 891 5260 l,
920 5208 977 5247 ιι.
1008 5190 1097 5246 55.

1984 3251 2058 3307 De
2088 3254 2406 3322 panegyrica
2436 3255 2717 3317 oratione,
2763 3268 2883 3323 quae
2927 3253 2995 3308 de
3031 3261 3270 3323 martyre
3304 3253 3551 3307 Barlaam

1981 3342 2165 3397 habita
2196 3343 2319 3406 fuit,
2350 3345 2571 3413 copiose
2600 3346 2817 3415 quidem
2837 3345 3173 3413 dieputatum
3203 3352 3285 3398 est
3309 3363 3323 3398 :
3343 3344 3439 3400 sed
3470 3354 3550 3399 ta-

1981 3453 2105 3492 men
2134 3438 2294 3493 omisi
2329 3439 2475 3508 quod
2507 3446 2700 3493 notatu
2732 3454 2842 3493 non
2873 3438 3154 3510 indignum
3192 3446 3310 3493 erat
3337 3438 3434 3508 (h),
3466 3438 3550 3491 vi-

1980 3530 2174 3585 delicet
2207 3530 2263 3584 in
2292 3531 2665 3586 vetustissimo
2706 3531 2847 3585 libro
2876 3530 2951 3584 ita
2990 3530 3252 3601 scriptum
3277 3530 3547 3585 inveniri:

1978 3623 2073 3685 Εῑς
2117 3621 2211 3675 τὸν
2255 3622 2407 3691 ᾶγιον
2456 3622 2719 3693 Βαρλαὰμ
2762 3622 2853 3675 τὸν
2912 3622 3210 3692 Ἀντιοχείᾳ
3265 3623 3548 3695 μαρτυρή-

1980 3727 2165 3775 σαντα,
2204 3709 2270 3764 In
2298 3721 2542 3764 sanctum
2574 3710 2854 3775 Barlaam,
2894 3712 2983 3781 qui
3021 3712 3314 3765 Antiochia:
3359 3726 3547 3780 passus

1975 3810 2054 3855 est
2080 3818 2100 3855 :
2133 3816 2240 3872 qua
2267 3810 2398 3855 nota
2425 3801 2613 3871 opinio
2641 3809 2831 3855 nostra
2859 3816 2966 3855 non
3002 3802 3137 3855 nihil
3166 3802 3544 3856 conﬁrmatur.

1975 3891 2091 3947 Etsi
2116 3892 2259 3946 enim
2288 3893 2551 3945 talia-non
2578 3900 2706 3947 sunt
2726 3892 2995 3960 ejusmodi
3024 3892 3373 3946 librariorum
3400 3894 3547 3949 testi-

1974 3985 2178 4047 monia,
2215 3992 2276 4037 ut
2316 3985 2611 4053 quidquam
2655 4000 2719 4039 ex
2762 3986 2847 4041 his
2876 3993 3026 4039 certo
3054 3986 3305 4039 concludi
3340 3987 3537 4056 possig,

1974 4082 2157 4129 tamen
2191 4090 2302 4129 non
2330 4077 2555 4129 omnino
2585 4074 2979 4130 contemnenda
3011 4090 3074 4129 ea
3108 4090 3229 4131 esse
3258 4084 3501 4133 constat.

2045 4165 2198 4236 Saepe
2224 4169 2435 4238 rogavit
2461 4184 2545 4222 me
2571 4168 2652 4222 vir
2676 4168 3017 4223 clarissimus
3031 4167 3269 4223 Joannes
3298 4167 3541 4238 Baptista

1971 4256 2267 4328 Coignard,
2316 4259 2505 4328 regius
2542 4260 3091 4330 architypographus,
3137 4270 3199 4313 ut
3232 4275 3535 4327 monerem,

1970 4352 2019 4407 si
2050 4352 2268 4407 tertium
2304 4354 2557 4407 volumen
2587 4368 2694 4406 non
2726 4363 2833 4406 tam
2864 4354 2973 4407 cito
3002 4354 3056 4406 in
3085 4354 3259 4407 lucem
3291 4353 3536 4422 prodeat,

1969 4444 2023 4498 id
2048 4460 2157 4498 non
2183 4445 2525 4515 negligentia:
2548 4460 2681 4511 suae,
2710 4444 2803 4499 sed
2831 4445 3073 4499 adversae
3091 4460 3222 4499 mea:
3240 4445 3535 4499 valetudini

1973 4534 2312 4605 assignatum
2338 4546 2610 4605 oportere.
2652 4536 2862 4601 Enitar,
2903 4536 3011 4592 Deo
3039 4537 3283 4606 juvante,
3314 4544 3375 4590 ut
3412 4546 3537 4592 ante

1972 4626 2310 4697 insequentis
2331 4627 2460 4682 anni
2482 4626 2643 4681 linem
2663 4628 2939 4697 inceptum
2962 4642 3098 4697 opus
3121 4640 3532 4697 persequamur.

2041 4979 2108 5046 (ε)
2146 4980 2205 5033 In
2232 4978 2415 5043 Prad'q
2446 4990 2485 5035 t.
2519 4984 2561 5048 l,
2597 5002 2650 5038 ιι.
2685 4986 2740 5039 7.

2043 5050 2109 5116 (Ῑ)
2140 5050 2277 5104 Cod.
2311 5066 2454 5104 εχει.

2038 5119 2112 5191 (g)
2143 5119 2276 5191 God.
2296 5120 2477 5190 Regul.
2514 5138 2565 5191 p.
2595 5123 2683 5177 9|.

2038 5188 2114 5259 (h)
2154 5188 2278 5262 ch.
2308 5188 2425 5247 n.‘5
2449 5188 2643 5263 et'seq.
