3972 6202
384 332 491 392 159
1767 340 2156 399 ΡΗᾸΞΕΑἸΙΟ.
3524 335 3648 399 160

405 556 3631 583 mm

840 748 1587 867 ELENCHUS
1673 751 2367 870 VETERUM
2443 747 3176 875 LIBRORUM

1856 1012 1941 1054 an
1980 1012 2142 1071 Quos

386 1182 618 1251 Exacta
655 1187 719 1246 et
754 1183 1090 1247 emendata
1136 1191 1283 1257 sunt
1333 1181 1560 1253 Basilii
1601 1199 1833 1263 opera,
1892 1200 2038 1262 quae
2089 1184 2157 1246 in
2204 1183 2325 1246 hoc
2370 1190 2432 1255 et
2478 1181 2775 1264 sequenti
2817 1181 3146 1246 volumine
3192 1181 3640 1244 continentur.

459 1472 705 1543 Homiliae
734 1476 802 1532 de
830 1477 1068 1535 diversis
1097 1476 1384 1533 recensitae
1418 1485 1549 1549 sunt
1570 1476 1641 1530 ad
1673 1491 1769 1533 eos
1798 1479 2229 1550 manuscriptos,
2259 1478 2351 1548 qui
2377 1476 2519 1532 iul'ra
2548 1483 2829 1531 notantur.

461 1568 663 1641 Regius
700 1573 870 1628 codex
906 1572 1065 1639 1906,
1100 1588 1264 1644 quem
1285 1586 1547 1627 vocamus
1579 1570 1840 1641 primum;
1866 1574 2056 1643 sicque
2075 1573 2143 1628 de
2176 1572 2402 1643 reliquis
2423 1571 2632 1633 ordine,
2663 1570 2737 1624 ita
2769 1579 2829 1623 ut
2874 1568 2966 1638 qui
3011 1566 3189 1636 primo
3229 1566 3350 1620 loco
3389 1560 3643 1634 ponitur,

388 1670 613 1722 vocetur
654 1662 899 1734 primus;
936 1664 1032 1734 qui
1078 1663 1340 1731 secundo,
1373 1662 1689 1732 secundus,
1737 1670 1849 1720 etc.
1886 1662 1988 1719 Hic
2039 1664 2179 1721 liber
2223 1663 2671 1720 membranaceus
2715 1667 2800 1716 est
2843 1666 2898 1715 et
2943 1658 3203 1728 antiquus
3267 1662 3323 1711 et
3365 1655 3650 1725 eleganter

393 1756 661 1826 scriptus.

463 1847 595 1920 Reg.
636 1849 809 1906 codex
843 1849 1003 1914 1907,
1034 1851 1292 1917 membr.,
1317 1852 1555 1923 scriptus
1584 1848 1809 1911 decimo
1833 1851 2052 1907 saeculo.

462 1944 596 2015 Reg.
638 1945 832 2001 codex.
858 1946 999 2000 2287
1024 1955 1123 2014 ter,
1154 1948 1384 2003 membr.
1415 1956 1469 2003 et
1490 1946 1910 2019 antiquissimus
1940 1962 2005 2000 ac
2034 1945 2257 2016 optima:
2284 1952 2448 2003 notae.

462 2034 621 2091 Colb.
658 2034 831 2090 codex
859 2034 987 2099 457,
1016 2036 1270 2100 membr.,
1297 2035 1534 2106 scriptus
1561 2036 1850 2091 undecimo
1881 2035 2106 2090 saeculo.

464 2127 622 2185 Colb.
663 2127 837 2184 codex
869 2128 999 2192 499,
1032 2130 1288 2196 membr.,
1317 2131 1561 2200 scriptus
1587 2130 1802 2185 decimo
1832 2129 2053 2185 saeculo.

463 2218 618 2274 Colb.
657 2221 828 2275 codex
860 2219 1016 2283 1954,
1049 2221 1265 2288 optima:
1293 2231 1455 2286 notae,
1491 2225 1726 2293 scriptus
1753 2223 1965 2278 decimo
1988 2222 2206 2285 saeculo,
2241 2222 2471 2277 membr.

466 2311 638 2367 Coisl.
675 2310 843 2367 codex
874 2312 1007 2377 250,
1032 2313 1161 2368 noui
1195 2315 1378 2369 saeculi
1410 2334 1422 2369 :
1455 2331 1565 2384 quo
1594 2326 1775 2370 tamen
1804 2316 2027 2388 parcius
2054 2317 2139 2371 usi
2174 2331 2388 2379 sumus,
2421 2316 2548 2385 quia
2576 2330 2686 2371 non
2721 2328 2913 2386 parum
2940 2311 3236 2369 mendosus
3267 2318 3373 2366 est.

465 2405 720 2462 Ducatani
755 2406 995 2473 codices,
1030 2408 1123 2478 qui
1151 2409 1232 2463 sic
1262 2418 1543 2473 notantur,
1574 2409 1741 2473 Oliv.,
1766 2409 1981 2481 Anglic.
2014 2411 2153 2464 Sunt
2181 2417 2362 2469 autem
2393 2409 2503 2464 duo
2526 2407 2665 2464 Oliv.
2790 2408 2791 2411 “

464 2495 850 2555 Combeﬁsiani
870 2496 1109 2563 codices,
1140 2514 1372 2568 quorum
1400 2500 1561 2561 variae
1589 2501 1852 2561 lectiones
1880 2502 1937 2556 in
1968 2500 2171 2556 Basilio
2205 2501 2474 2557 recensito
2496 2501 2769 2573 leguntur.

1817 2639 1930 2694 Pro
1958 2640 2233 2705 Asceticis.

471 2751 602 2822 Reg.
633 2751 803 2807 codex
831 2750 990 2815 1908,
1017 2752 1250 2809 membr.
1275 2760 1330 2807 et
1358 2754 1636 2824 antiquus,
1663 2756 1758 2825 qui
1787 2755 1899 2824 jam
1925 2764 2082 2812 antea
2115 2758 2293 2816 fuerat
2320 2778 2349 2816 a
2375 2760 2704 2819 Combelisio
2741 2758 2997 2815 collatus.
3026 2754 3127 2817 sed
3155 2752 3236 2808 sic
3270 2756 3329 2805 ut
3359 2746 3651 2803 maximam

398 2843 732 2909 variantium
763 2844 1057 2898 lectionum
1093 2854 1300 2912 partem
1323 2847 1618 2901 omisisset.

471 2939 607 3009 Reg.
644 2936 817 2992 codex
838 2937 1002 3000 2288,
1029 2940 1257 2996 membr.
1289 2949 1344 2995 et
1375 2941 1658 3013 antiquus,
1688 2940 1880 2998 eodem
1913 2948 2075 3001 modo
2104 2947 2216 3017 jam
2250 2963 2281 3004 a
2307 2944 2644 3002 Combel‘isio
2669 2944 2897 3004 collatus

372 3040 375 3043 ‘
473 3025 609 3097 Reg.
639 3027 800 3091 2895,
832 3029 1060 3083 membr.
1093 3038 1147 3083 et
1182 3032 1466 3100 antiquus.

472 3120 627 3175 Colb.
656 3118 818 3184 3063,
853 3121 1107 3185 membr.,
1133 3123 1373 3192 scriptus
1407 3126 1619 3184 decimo
1645 3130 1863 3184 saeculo.

471 3210 641 3266 Coisl.
667 3210 795 3274 2⁸51,
829 3211 1056 3266 membr.
1088 3212 1374 3268 undecimo
1402 3217 1600 3271 sarculo
1630 3219 1888 3287 scriptus.

467 3303 634 3358 Coisl.
665 3304 839 3359 codex
864 3305 991 3369 255,
1032 3306 1286 3370 membr.,
1326 3316 1380 3361 et
1411 3309 1687 3378 antiquus.
1729 3308 1827 3367 His
1848 3310 2063 3365 duobus
2091 3305 2318 3361 ultimus
2348 3299 2630 3357 codicibus
2655 3293 2952 3351 identidem
2991 3291 3073 3348 usi
3102 3302 3314 3347 sumus.

476 3394 638 3454 Voss.
667 3397 841 3452 codex
869 3412 900 3452 a
927 3397 1047 3452 viro
1068 3399 1391 3459 doctissimo
1418 3399 1631 3455 Audrea
1664 3400 1856 3457 Scotto
1879 3402 2134 3460 collatus,
2175 3395 2406 3450 membr.
2429 3401 2484 3468 et
2521 3386 2959 3458 antiquissimus.

474 3486 654 3544 Editio
684 3472 820 3543 Ven.
855 3488 923 3543 ad
955 3503 1118 3558 quam
1150 3487 1521 3545 adornandam
1544 3493 1773 3548 adhibiti
1797 3501 1928 3549 sunt
1970 3503 2180 3553 veteres
2212 3495 2450 3559 quatuor
2490 3483 2625 3540 libri
2658 3500 2673 3536 :
2713 3479 2873 3549 Cujus
2913 3477 2967 3531 in
3017 3489 3113 3530 ora
3157 3474 3342 3528 multa:
3381 3471 3655 3526 νπὶαιιιθα

407 3582 669 3638 lcetiones
691 3584 1043 3654 reperiuntur
1079 3600 1092 3637 :
1126 3599 1265 3654 quas
1294 3584 1590 3656 diligenter
1617 3587 1956 3648 notavimus.

1465 3698 1474 3708 ’
1542 3721 1661 3781 Pro,
1686 3719 2167 3791 Constitutionibus
2198 3715 2527 3773 monasticis.

477 3828 613 3900 Reg.
643 3831 816 3888 codex
851 3833 1009 3898 1824,
1044 3835 1302 3899 membr.,
1334 3851 1497 3905 quem
1533 3851 1796 3894 vocamus
1829 3838 2088 3909 primum.
2125 3836 2207 3891 Ex
2239 3850 2350 3906 quo
2381 3834 2442 3888 ﬁt
2472 3840 2534 3886 ut
2575 3829 2754 3885 codex
2788 3827 2993 3898 Regius
3030 3824 3188 3888 1908,
3233 3820 3327 3891 qui
3357 3833 3456 3889 pro
3496 3829 3658 3885 supe-

410 3926 652 3983 rioribus
677 3928 947 3984 Asccticis
970 3930 1185 3999 primus
1214 3942 1321 3994 est,
1352 3934 1631 3989 secundus
1668 3935 1745 3999 sit
1774 3948 1876 4005 pro
1900 3934 2230 3991 monasticis
2258 3929 2789 3987 Constitutionibus.
2818 3923 3020 3978 Eadem
3054 3935 3220 3975 causa
3254 3917 3456 3988 Regius
3488 3911 3661 3967 codex

409 4015 553 4072 2288
582 4019 778 4074 tertius
809 4030 892 4074 est
923 4034 1024 4090 pro
1057 4024 1382 4087 monasticis
1414 4022 1942 4082 Constitutiouibus.
1972 4026 2185 4081 Pariter
2214 4026 2347 4096 Reg.
2377 4024 2547 4079 codex
2572 4021 2715 4091 2895
2752 4026 2984 4074 ouartus
3010 4022 3093 4070 est
3125 4027 3223 4084 pro
3272 4010 3465 4065 iisdem
3515 4005 3652 4061 Con-

413 4111 793 4169 stitutionibus
836 4113 1175 4173 monasticis.

1673 4246 1783 4302 Pro
1814 4249 1966 4304 libris
2008 4249 2083 4306 De
2108 4251 2399 4323 baptismo.

487 4363 622 4433 Reg.
646 4361 819 4417 codex
854 4362 1011 4425 1908,
1041 4361 1271 4418 membr.
1301 4368 1357 4415 et
1389 4326 1670 4430 antiquus.

486 4457 619 4529 Reg.
650 4456 824 4514 codex
858 4457 1022 4520 2288,
1055 4458 1286 4511 membr.
1312 4465 1365 4511 et
1390 4456 1672 4525 antiquus.

486 4554 620 4626 Reg.
648 4554 823 4611 codex
847 4554 1012 4618 2895,
1039 4555 1269 4608 membr.
1314 4560 1368 4607 et
1397 4553 1678 4621 antiquus.

1631 4724 3660 4765 MM

1724 4902 2346 4996 MONITUM.

440 4772 479 4786 Ὅσ-

500 5260 576 5316 ita
613 5276 702 5319 res
754 5264 808 5317 in
859 5277 963 5318 noc
1015 5254 1293 5319 volumine
1351 5260 1741 5332 disposuimus,
1795 5265 1857 5313 ut
1906 5258 2155 5328 genuina:
2215 5254 2509 5310 Orationes
2564 5252 2844 5307 obtineant
2891 5249 3125 5320 primum
3174 5246 3377 5307 locum,
3413 5237 3664 5297 Aseetica

431 5357 753 5422 secundum,
808 5358 927 5413 aliae
974 5360 1267 5414 conciones
1322 5357 1522 5427 spuria:
1581 5355 1820 5418 tertium,
1869 5353 1989 5408 dua;
2031 5350 2517 5407 lucubratiunculas
2563 5345 2921 5402 Coteleriante
2945 5351 3000 5399 et
3029 5342 3206 5396 altera
3256 5333 3663 5427 Combelisiana

431 5462 707 5523 quartum,
734 5454 844 5509 duo
870 5452 947 5507 De
984 5454 1241 5523 baptismo
1278 5425 1402 5508 libri
1452 5453 1725 5522 quintum,
1784 5448 2025 5519 Liturgia
2073 5456 2307 5511 sextum,
2340 5445 2445 5500 alia
2488 5443 2738 5513 quazdam
2768 5440 2961 5494 Latine
3006 5436 3210 5505 scripta
3242 5432 3516 5485 ultimum.
3550 5425 3666 5480 Hoc

434 5549 600 5619 igitur
627 5548 881 5604 volumen
910 5562 1062 5617 atque
1111 5563 1173 5603 ac
1203 5548 1437 5618 primum
1469 5548 1523 5601 in
1551 5546 1688 5600 duas
1716 5550 1902 5615 partes
1949 5543 2183 5598 divisum
2217 5549 2301 5596 est
2332 5561 2343 5595 :
2377 5553 2608 5609 quarum
2638 5536 2691 5590 in
2733 5536 2907 5605 prima
2946 5530 3196 5603 genuina:
3234 5523 3664 5583 lucubrationes,

435 5642 490 5695 iu
518 5643 687 5697 altera
715 5642 1035 5698 adulterinae
1065 5642 1433 5697 continentur.
1471 5642 1577 5697 Sed
1612 5656 1681 5695 ne
1731 5640 1819 5694 cui
1856 5653 1920 5693 ea
1958 5654 2119 5708 quam
2172 5636 2282 5691 dixi
2316 5650 2499 5689 rerum
2548 5630 2837 5702 dispositio
2864 5642 3105 5684 errorem
3157 5622 3401 5692 obiiciat,
3448 5630 3670 5672 mouere

434 5735 627 5792 inutile
653 5750 761 5793 non
803 5736 988 5804 fuerit,
1020 5736 1291 5808 germanis
1320 5752 1384 5791 ac
1422 5736 1652 5791 sinceris
1683 5735 1966 5807 peregrina
1990 5732 2236 5792 quasdam
2267 5728 2578 5787 admisceri.
2610 5726 2803 5782 Statim
2845 5724 3010 5794 igitur
3033 5723 3175 5778 inter
3200 5725 3380 5776 certas
3412 5731 3475 5771 ac
3502 5711 3664 5772 indu-

3664 5847 3693 5884 δι
3700 5835 3735 5873 ἔί
