3972 6202
324 222 420 278 161
1720 217 2107 273 ΡΒᾸίῈΑΤιΟ.
3485 221 3591 277 132

330 363 529 418 bitatas
556 362 842 418 invenitur
888 364 1133 420 secunda
1167 362 1237 416 De
1271 361 1471 431 jejunio
1516 357 1708 422 oratio,
1748 373 1854 411 non
1887 357 2030 428 quod
2067 371 2184 412 eam
2232 365 2434 412 certam
2467 375 2588 415 esse
2633 368 2794 430 atque
2843 361 3201 415 indubitatam
3249 369 3451 430 putem,
3497 362 3593 416 sed

337 455 477 524 quod
508 468 538 507 a
565 453 917 510 doctissimis
953 457 1086 510 viris
1121 456 1245 509 talis
1277 468 1398 509 esse
1431 453 1704 506 credatur.
1758 449 1968 506 Rursus
2014 451 2394 520 panegyricam
2438 454 2760 518 orationem,
2808 467 2928 522 qua:
2961 454 3028 507 de
3067 461 3305 523 martyre
3345 452 3593 506 Barlaam

339 547 523 601 habita
571 555 678 611 est,
713 547 868 604 inter
905 564 1168 620 germana
1199 562 1263 602 ac
1304 548 1518 602 sincera
1549 546 1850 601 collocavi:
1885 560 2049 615 quam
2079 551 2256 600 tamen
2284 549 2624 618 peregrinam
2657 564 2777 603 esse
2806 549 3064 604 arbitror.
3096 547 3200 603 Sed
3236 549 3350 604 haac
3377 550 3591 612 concio,

337 643 437 698 etsi
479 658 594 696 meo
618 643 835 711 judicio
871 645 1074 707 aliena,
1111 646 1184 698 ita
1217 652 1397 699 tamen
1448 644 1664 712 elegans
1695 648 1852 697 estet
1912 648 2136 706 ornata,
2168 649 2228 695 ut
2264 641 2404 695 inter
2430 641 2694 710 genuinas
2731 641 2909 694 locum
2954 640 3153 695 mereri
3191 640 3323 693 mihi
3353 641 3468 694 visa
3499 641 3588 693 sit.

342 737 592 806 Reliquas
620 746 811 793 autem
835 741 1114 795 orationes
1138 755 1350 801 omnes,
1377 754 1496 807 qua:
1513 739 1568 793 in
1598 738 1774 808 prima
1800 736 2092 791 voluminis
2113 743 2265 804 parte
2295 736 2566 804 leguntur,
2602 750 2700 806 pro
2727 736 2872 790 veris
2895 749 2957 788 ac
2980 734 3146 789 certis
3169 735 3342 788 habeo
3373 751 3385 786 :
3418 747 3593 800 eoque

337 831 508 898 magis
537 830 592 883 in
625 830 730 884 hac
771 847 894 885 mea
943 833 1209 887 sententia
1261 831 1574 894 conﬁrmor,
1611 829 1756 899 quod
1797 843 1986 882 earum
2018 828 2221 882 nullam
2270 827 2534 882 hactenus
2563 828 2630 881 ab
2671 827 2900 906 eruditis
2939 826 2990 879 in
3024 826 3249 880 dubium
3281 832 3592 880 revocatam

337 922 508 975 fuisse
557 923 802 978 videam.
845 925 1032 994 Neque
1071 941 1200 980 vero
1249 926 1301 978 id
1331 925 1544 979 cuidam
1591 924 1787 977 mirum
1829 923 1999 978 videri
2029 923 2208 986 debet,
2242 938 2366 976 cum
2403 923 2455 976 in
2503 923 2588 978 his
2623 923 2756 976 nihil
2781 923 2870 987 sit,
2905 923 3046 976 unde
3089 922 3331 990 su5picio
3367 922 3449 974 vel
3490 921 3594 973 mi-

336 1016 483 1069 nima
513 1017 646 1070 oriri
672 1021 872 1102 possit.
913 1019 1048 1074 Nam
1081 1027 1139 1074 ut
1161 1020 1377 1074 interim
1415 1019 1482 1074 de
1512 1016 1839 1089 quibusdam
1869 1017 2212 1070 orationibus
2254 1032 2484 1084 quarum
2524 1024 2736 1070 veteres
2765 1016 3095 1069 mentionem
3120 1014 3320 1077 fecere,
3356 1023 3588 1075 taceam,

335 1106 612 1160 neminem
639 1108 857 1165 inﬁcias
889 1110 1091 1164 iturum
1119 1126 1300 1180 spero,
1342 1111 1388 1165 si
1421 1109 1475 1163 in
1517 1109 1795 1171 omnibus,
1831 1109 2036 1176 pariter
2076 1123 2269 1162 omnes
2317 1107 2532 1161 dicendi
2574 1109 2826 1168 virtutes,
2863 1121 3000 1175 quas
3036 1106 3242 1174 antiqui
3291 1105 3345 1158 in
3388 1103 3593 1159 Basilio

333 1198 659 1262 laudarunt,
711 1202 1094 1270 splendescere
1138 1217 1201 1255 ac
1249 1202 1454 1256 micare
1500 1201 1784 1255 afﬁrmem.
1840 1201 1904 1254 Et
1951 1215 2080 1254 vero
2113 1201 2280 1254 miras
2311 1200 2432 1256 illas
2469 1199 2668 1271 ingenii
2703 1199 2878 1261 dotes,
2916 1199 3116 1268 quibus
3147 1197 3382 1253 Basilius
3408 1198 3591 1252 excel-

332 1289 506 1346 luisse
529 1307 560 1344 a
595 1293 877 1349 veteribus
907 1294 1126 1356 dicitur,
1164 1295 1217 1347 in
1251 1293 1317 1349 iis
1342 1308 1478 1363 quas
1508 1292 1619 1347 dixi
1651 1293 1993 1346 orationibus
2027 1292 2210 1346 videre
2239 1292 2438 1362 cuique
2481 1293 2624 1354 licet,
2666 1292 3030 1361 eloquentiam
3072 1290 3466 1354 incredibilem,
3502 1306 3590 1344 re-

329 1398 458 1437 rum
489 1392 542 1437 et
575 1385 872 1440 verborum
902 1386 1138 1456 copiam,
1175 1402 1443 1441 summam
1473 1385 1762 1438 mundanae
1791 1385 2070 1454 sapientia:
2095 1384 2462 1453 cognitionem
2497 1383 2564 1437 ab
2590 1385 2739 1438 omni
2777 1384 3135 1437 ostentatione
3174 1381 3586 1447 alienissimam,

330 1467 725 1546 eruditionem,
772 1482 1045 1550 pietatem,
1082 1481 1215 1536 artis
1256 1487 1571 1534 ornamenta
1620 1480 1803 1534 omnia
1855 1480 1974 1534 sine
2013 1479 2120 1534 ulla
2172 1479 2566 1550 significatione
2617 1480 2769 1541 artis,
2821 1480 2874 1533 in
2939 1478 3275 1548 explicandis
3312 1480 3588 1548 mysteriis

330 1575 731 1646 tradendisque
779 1591 990 1630 morum
1040 1577 1322 1646 praeceptis
1364 1575 1700 1645 diligentiam
1753 1575 2068 1639 maximam,
2101 1575 2564 1644 perspicuitatem,
2599 1573 3047 1642 perfectissimam
3087 1571 3392 1626 liberalium
3417 1570 3586 1623 disci-

330 1667 614 1734 plinarum
652 1667 1090 1738 intelligentiam,
1126 1669 1234 1720 vim
1265 1665 1629 1736 persuadendi
1665 1665 2017 1734 singularem,
2055 1671 2128 1725 et,
2160 1672 2221 1716 ut
2255 1664 2420 1717 verbo
2469 1663 2666 1725 dicam,
2725 1661 2935 1717 felicem
2983 1661 3276 1729 quamdam
3334 1667 3586 1714 naturam

329 1773 460 1812 cum
491 1760 558 1813 ad
589 1768 788 1814 caetera
818 1770 929 1815 tum
963 1763 1031 1815 ad
1069 1761 1454 1831 panegyricum
1484 1759 1700 1814 dicendi
1735 1773 1906 1830 genus
1945 1757 2586 1812 accommodatissimam.
2621 1757 2810 1826 Neque
2849 1758 2978 1810 mihi
3012 1758 3115 1811 hoc
3141 1756 3289 1810 credi
3322 1755 3578 1825 postulo:

328 1851 444 1906 imo
484 1853 624 1907 meis
652 1853 834 1908 verbis
859 1853 1016 1908 ﬁdem
1047 1852 1202 1908 facile
1228 1853 1476 1908 adhiberi
1510 1868 1654 1923 aegre
1675 1851 1894 1906 ferrem.
1939 1851 2019 1903 ita
2059 1851 2202 1906 enim
2235 1851 2430 1916 sentio,
2462 1866 2571 1920 quo
2599 1851 2859 1904 attentius
2889 1849 3312 1918 diligentiusque
3340 1848 3422 1901 bzn
3453 1862 3586 1902 con-

331 1945 522 1999 ciones
542 1946 816 2016 legentur,
849 1963 914 2002 eo
944 1949 1124 2002 minus
1154 1955 1444 2016 suspectas
1473 1945 1606 2000 fore.
1653 1945 1718 1999 Et
1755 1947 1996 2014 alioquin
2024 1945 2358 2015 dignissimae
2381 1953 2528 2010 sunt,
2560 1961 2680 2014 quze
2710 1946 2908 2014 saepius
2941 1946 3008 1998 ab
3029 1945 3284 1999 omnibus
3312 1944 3585 2013 legantur,

329 2051 458 2090 cum
485 2053 676 2120 earum
713 2040 871 2092 lectio
892 2038 1070 2092 cuivis
1099 2048 1151 2092 et
1182 2039 1473 2093 utilissima
1500 2047 1553 2092 et
1586 2037 1983 2107 iucundissima
2006 2036 2186 2090 futura
2209 2038 2300 2091 sit.
2345 2036 2657 2093 Doctissimi
2685 2038 2889 2107 quique
2917 2037 3257 2090 mirabuntur
3285 2035 3582 2100 orationes,

331 2133 386 2185 in
415 2133 619 2201 quibus
646 2134 783 2187 nihil
815 2135 1077 2196 otiosum,
1105 2134 1235 2187 nihil
1266 2134 1578 2188 redundans
1609 2134 1910 2202 reperitur;
1955 2133 2008 2185 in
2051 2132 2250 2201 quibus
2295 2134 2464 2186 densa
2499 2142 2626 2187 sunt
2666 2139 2720 2186 et
2747 2138 3027 2201 compacta
3058 2129 3239 2184 omnia
3268 2143 3588 2183 nervorum.

331 2240 439 2292 que
485 2234 539 2279 et
571 2226 772 2279 virium
819 2226 1004 2294 plena,
1041 2240 1164 2279 cum
1196 2226 1451 2280 omnibus
1496 2224 1714 2280 condita
1756 2223 1972 2279 dicendi
2012 2222 2422 2289 festivitatibus,
2467 2231 2582 2278 tum
2620 2223 3054 2294 praeclarissimis
3095 2220 3584 2292 suluberrimisque

331 2319 620 2386 praeceptis
651 2318 1038 2374 refertissima.

400 2434 656 2487 Ascetica
686 2435 809 2504 plus
846 2434 978 2488 mihi
1013 2435 1211 2506 negotii
1241 2435 1628 2491 exhibuerunt.
1665 2435 1823 2490 Modo
1851 2450 2039 2490 eorum
2073 2436 2333 2489 nonnulla
2365 2435 2419 2488 in
2455 2435 2695 2489 secunda
2731 2435 2862 2489 tomi
2895 2445 3042 2504 parte
3071 2435 3394 2505 reponebam
3424 2457 3435 2490 :
3470 2453 3588 2492 mo-

332 2525 404 2582 do
431 2525 622 2580 eadem
670 2527 728 2578 in
771 2525 1008 2596 primam
1044 2528 1388 2582 revocabam.
1424 2525 1532 2583 Sed
1571 2537 1751 2582 tamen
1787 2543 1909 2582 cum
1939 2543 2054 2582 rem
2099 2529 2343 2582 eamdem
2377 2528 2429 2581 in
2457 2527 2726 2582 Asceticis
2762 2529 3018 2582 omnibus
3067 2531 3290 2583 tractari
3322 2532 3584 2599 cogitavi.

335 2624 439 2677 alia
468 2624 538 2678 ab
561 2624 689 2678 aliis
720 2638 832 2678 non
861 2625 1163 2694 separanda
1185 2640 1306 2679 esse
1342 2626 1552 2680 censui.
1584 2625 1763 2690 Quare
1805 2639 1874 2680 ne
1908 2641 2036 2679 vera
2068 2641 2192 2680 cum
2229 2624 2382 2679 falsis
2416 2626 2635 2680 incaute
2663 2623 3088 2687 confundantur,
3122 2625 3226 2679 hoc
3253 2626 3374 2680 loco
3406 2626 3588 2682 brevi-

336 2721 419 2767 ter
447 2714 659 2784 singula
691 2730 981 2794 recensere
1007 2731 1115 2769 non
1139 2718 1357 2786 pigebit.
1388 2718 1634 2772 Genuina
1666 2726 1794 2773 sunt
1820 2729 1871 2773 et
1906 2734 2187 2789 germana,
2226 2727 2285 2772 ut
2314 2719 2472 2775 nobis
2497 2718 2716 2789 quidem
2745 2717 2978 2782 videtur,
3010 2718 3245 2788 ascetica
3279 2719 3382 2773 tria
3416 2736 3584 2790 opus-

338 2806 453 2860 cula
480 2809 709 2876 praevia,
735 2809 897 2862 libelli
927 2809 998 2863 De
1021 2811 1226 2879 judicio
1271 2811 1366 2865 Dei
1399 2828 1463 2866 ac
1491 2813 1568 2867 De
1594 2814 1718 2882 ﬁde,
1767 2812 2021 2877 Moralia,
2067 2813 2276 2885 Regula:
2305 2822 2417 2875 tam
2445 2815 2715 2883 longiores
2750 2828 2913 2883 quam
2950 2813 3225 2869 breviores
3252 2833 3264 2867 :
3296 2815 3352 2868 in
3382 2817 3586 2884 spuriis

338 2916 465 2957 vero
495 2912 692 2957 canere
724 2919 1100 2969 numeramus,
1133 2908 1388 2962 videlicet
1419 2909 1609 2964 breves
1640 2911 1778 2965 duos
1812 2910 2024 2964 libellos
2068 2913 2159 2978 qui
2199 2919 2321 2980 post
2349 2909 2587 2964 Horatia
2621 2911 2778 2965 locati
2821 2919 2968 2971 sunt,
2999 2910 3429 2967 Constitutioncs
3465 2929 3584 2966 mo-

339 2991 596 3058 nasticas,
623 2992 902 3061 Epitimia,
930 2995 1067 3050 duas
1089 3011 1224 3067 quas
1258 2998 1623 3054 Combeﬁsius
1645 3000 1815 3054 edidit
1846 3001 2368 3055 lucubratiunculas.
2395 3002 2565 3055 Attuli
2604 3002 2657 3055 in
2698 3001 3025 3058 Prwfatione
3057 3011 3377 3074 argumenta
3399 3007 3581 3059 omnis

341 3089 568 3157 generis,
593 3089 797 3158 quibus
828 3091 1042 3159 probari
1073 3106 1229 3162 posse
1257 3093 1485 3158 credidi,
1509 3101 1803 3148 tractatum
1837 3110 2108 3164 quemque
2130 3104 2224 3148 aut
2247 3097 2540 3164 genuinum
2574 3111 2718 3162 esse,
2743 3108 2834 3150 aut
2859 3085 3250 3153 adulterinum.
3278 3097 3459 3165 Quare
3490 3099 3581 3154 hic

341 3183 626 3253 quidquam
651 3186 780 3239 addi
811 3186 876 3241 iis
905 3187 971 3241 de
1001 3188 1163 3244 rebus
1189 3204 1412 3245 necesse
1442 3205 1552 3245 non
1585 3197 1738 3260 puto.
1767 3205 1891 3245 cum
1926 3192 2108 3260 potius
2134 3192 2308 3246 vereri
2349 3192 2596 3257 debeam,
2638 3207 2707 3247 ne
2743 3193 2976 3264 singulis
3006 3194 3344 3263 explicandis
3373 3194 3581 3251 diutius

344 3278 656 3334 immoratus
687 3280 859 3336 fuisse
887 3283 1094 3338 videar.

405 3394 535 3452 Pars
564 3399 862 3457 voluminis
909 3401 1146 3456 secunda
1190 3418 1218 3455 a
1254 3403 1428 3472 prima
1461 3405 1517 3457 in
1559 3403 1665 3458 hoc
1693 3402 1898 3467 differt,
1927 3405 2074 3473 quod
2114 3419 2453 3474 quaecunque
2497 3405 2550 3456 in
2591 3419 2654 3456 ca
2682 3405 3053 3473 reperiuntur,
3102 3412 3195 3458 aut
3240 3404 3427 3474 spuria
3471 3403 3582 3458 sint

341 3496 430 3540 aut
449 3497 593 3544 certe
624 3490 816 3560 spuria
844 3507 967 3547 esse
996 3495 1127 3548 mihi
1169 3495 1488 3549 videantur:
1521 3495 1664 3566 quod
1699 3505 1880 3550 tamen
1915 3496 1990 3550 ita
2032 3496 2204 3564 accipi
2235 3496 2377 3560 volo,
2412 3502 2470 3547 ut
2502 3494 2786 3548 Rufiniana
2826 3495 3185 3564 quarumdam
3219 3494 3408 3550 Basilii
3456 3511 3580 3549 ora-

340 3581 540 3634 tionum
573 3583 955 3651 interpretatio
984 3585 1037 3637 in
1069 3584 1370 3641 subdititiis
1408 3601 1516 3639 non
1549 3595 1805 3655 ponatur.
1833 3586 1967 3640 Cum
2000 3594 2178 3640 autem
2211 3587 2550 3656 praestiterim
2595 3587 2647 3639 in
2680 3585 3023 3648 Praefatione,
3055 3602 3391 3656 quaecunque
3417 3586 3579 3639 homo

339 3686 463 3727 mea:
490 3673 663 3727 sortis
697 3681 961 3743 prmstare
986 3682 1222 3744 poterat,
1256 3675 1308 3728 in
1349 3691 1522 3746 eaque
1569 3677 1754 3729 omnia
1788 3676 2153 3756 disposuerim
2200 3691 2300 3730 suo
2335 3677 2534 3732 ordine
2558 3683 2610 3730 et
2651 3677 2791 3742 loco,
2825 3693 2926 3732 nec
2955 3677 3250 3747 quidquam
3303 3677 3577 3730 omiserim

336 3778 535 3832 eorum,
567 3764 774 3834 quibus
825 3780 1003 3819 meam
1051 3766 1375 3820 sententiam
1425 3767 1645 3822 defendi
1692 3783 1856 3838 posse
1885 3767 2203 3833 arbitrarer,
2234 3767 2447 3820 laudium
2479 3783 2746 3837 parerem,
2779 3768 2824 3823 si
2866 3784 2954 3823 res
3003 3768 3121 3823 fuse
3150 3767 3446 3838 explicatas
3489 3767 3577 3821 hic

335 3854 499 3912 fusius
525 3857 809 3927 explicare
848 3872 1100 3912 conarer.
1158 3857 1302 3914 Satis
1341 3859 1506 3930 igitur
1533 3860 1745 3915 habebo
1771 3871 1956 3930 petere
1989 3876 2052 3915 ac
2078 3876 2274 3932 rogare
2318 3861 2386 3914 ab
2416 3860 2645 3915 eruditis
2677 3861 2995 3916 hominibus
3027 3860 3127 3916 hoc
3159 3877 3349 3927 unum,
3392 3867 3450 3914 ut
3479 3874 3579 3930 pro

328 3966 418 4006 sua
443 3954 792 4010 humanitate
822 3963 988 4025 atque
1017 3953 1393 4011 benevolentia
1429 3955 1813 4011 Praefationem
1837 3963 2084 4010 nostram
2117 3956 2352 4027 benigne
2374 3963 2427 4011 et
2457 3954 2635 4026 legant
2660 3962 2714 4011 et
2738 3955 3190 4026 interpretentur.
