3972 6202
458 254 564 313 163

1805 257 1870 315 8.
1906 255 2152 316 BASILII
2188 255 2404 314 MAGNI

3584 256 3693 320 164

465 491 3666 526 W

1199 693 1427 780 ΤΟΥ
1478 694 1623 780 ΕΝ
1694 687 2057 778 ΑΓΙΟΙΣ
2117 691 2550 779 ΠΑΤΡοΣ
2613 692 2939 782 ΗΜΩΝ

1622 922 2500 1064 ΒΑΣΙΛΕΙοΥ

1269 1198 1833 1253 ΛΡΧΙΕΠῙΣΚΟΠΟΥ
1895 1197 2306 1253 ΚᾹΙΣΔΡΕΙΑΣ
2364 1199 2854 1256 ΚΑΠΠΑΔΟΚΙΑΣ

1246 1399 1331 1480 (1)
1370 1408 1630 1495 ΠΕΡΙ
1688 1401 2230 1497 ΝΗΣΤΕΙΑΣ
2293 1403 2654 1497 ΛΟΓΟΣ
2688 1394 2801 1498 Α’.

1407 1799 1538 1930 S.
1639 1804 1775 1941 P.
1875 1805 2025 1931 N.

2124 1805 2708 1934 BASILII

829 2070 1410 2164 CIESAREIE
1482 2071 2260 2167 CAPPADOCUE
2324 2075 3232 2172 ABCHIEPISCOPI

1165 2303 1348 2417 DE
1449 2303 2033 2422 JEJUNIO
2133 2307 2740 2425 HOMILIA
2814 2313 2906 2426 Ι.

2031 2569 2102 2584 _

505 2683 550 2756 ι
603 2687 653 2740 1.
682 2685 942 2757 Clangite,
971 2685 1167 2756 inquit,
1196 2687 1251 2740 in
1271 2687 1419 2740 initio
1449 2688 1660 2750 mensis,
1692 2686 1908 2740 buccina
1941 2689 1994 2741 in
2023 2698 2042 2751 Α

2169 2690 2217 2743 1.
2239 2689 2603 2754 Σαλπίσατε,
2626 2689 2810 2760 φησὶν,
2837 2688 2906 2744 ἐν
2931 2690 3214 2761 νεομηνία
3236 2689 3334 2762 (2),
3357 2690 3664 2764 σάλπιγγι.

432 2779 628 2846 insigni
654 2777 737 2831 die
767 2778 1111 2831 solemnitatis
1145 2779 1386 2831 vestrw‘.
1427 2775 1537 2830 Hoc
1567 2777 1884 2830 mandatum
1915 2785 1998 2831 est

431 2869 832 2938 propheticum.
866 2868 1037 2923 Porro
1070 2869 1268 2923 festum
1298 2869 1444 2938 quod
1479 2869 1577 2921 hos
1622 2868 1738 2921 dies
1776 2876 1997 2922 antece-

430 2959 533 3020 dit,
566 2959 759 3027 quavis
801 2958 932 3011 tuba
978 2957 1241 3022 vocalius,
1299 2964 1353 3010 et
1394 2956 1591 3026 quovis
1633 2955 1997 3010 instrumento

428 3049 642 3102 musico
677 3048 1076 3117 signiﬁcantius
1104 3047 1346 3100 indicant
1383 3046 1543 3101 nobis
1592 3046 1879 3114 scripturze
1918 3062 1998 3101 re-

430 3140 630 3194 citatae.
673 3138 808 3192 Nam
849 3155 919 3193 ex
984 3137 1125 3192 Isaia
1167 3136 1461 3193 didicimus
1499 3135 1834 3206 jejuniorum
1873 3152 1998 3207 gra-

429 3230 583 3294 tiam,
621 3230 711 3300 qui
748 3237 806 3282 ut
850 3227 1136 3283 Iudaicum
1187 3228 1478 3299 jejunandi
1521 3227 1743 3282 modum
1785 3244 1998 3283 aversa-

429 3330 520 3375 tus
585 3329 698 3383 est,
731 3320 781 3388 2
813 3323 887 3373 ita
942 3335 1131 3374 verum
1181 3319 1452 3390 jejunium
1501 3319 1662 3375 nobis
1716 3333 1996 3374 common-

429 3411 644 3467 stravit.
713 3409 796 3464 Ne
846 3411 1096 3480 jejunetis
1159 3410 1228 3464 ad
1293 3411 1409 3466 lites
1477 3429 1537 3466 ac
1597 3412 1990 3478 contentiones,

425 3502 516 3556 sed
554 3501 780 3555 dissolve
828 3518 978 3555 omne
1025 3500 1290 3555 vinculum
1324 3502 1619 3572 iniquitatis
1643 3502 1684 3556 ’.
1713 3499 1779 3555 Et
1816 3499 1995 3556 Domi-

425 3607 532 3647 nus
563 3612 576 3645 :
606 3591 785 3646 Nolite
817 3594 932 3663 ﬁeri
982 3595 1182 3658 tristes,
1226 3585 1315 3648 sed
1348 3594 1468 3647 lava
1513 3593 1702 3661 [aciem
1736 3600 1899 3656 tuam,
1940 3601 1992 3646 et

426 3702 561 3754 unge
589 3695 743 3753 caput
788 3694 932 3737 tuum
954 3686 995 3739 ⁸.
1031 3684 1122 3740 Sic
1155 3685 1321 3750 igitur
1351 3686 1546 3739 animis
1577 3683 1755 3738 alicui
1793 3685 1987 3749 simus,

2095 2781 2166 2834 ἐν
2201 2781 2444 2849 εὐσήμῳ
2466 2782 2656 2850 ἡμέρᾳ
2681 2781 2892 2851 ἑορτῆς
2930 2783 3115 2852 ὑμῶν.
3145 2782 3313 2839 Τοῦτο
3340 2784 3674 2855 πρόσταγμα.

2097 2879 2214 2929 ἐστι
2241 2877 2596 2947 προφητικόν.
2641 2876 2800 2947 Ἡμῖν
2846 2877 2904 2930 δὲ
2937 2877 3117 2947 πάσης
3148 2878 3442 2946 σάλπιγγος
3477 2895 3670 2948 ,μεγα-

2096 2968 2478 3039 λοφωνότερον,
2497 2967 2592 3021 καὶ
2616 2968 2812 3030 παντὸς
2831 2969 3061 3038 ὀργάνου
3085 2968 3341 3039 μουσικοῦ
3366 2969 3670 3039 εὐσημότεο

2097 3076 2212 3134 ρον,
2239 3059 2337 3130 τὴν
2365 3059 2711 3130 προάγουσαν
2747 3059 2823 3131 (5)
2856 3060 2964 3113 τῶν
2987 3060 3210 3132 ἡμερῶν
3230 3060 3420 3132 ἑορτὴν
3454 3062 3666 3132 ὑποση-

2098 3153 2278 3223 μαίνει
2317 3152 2387 3206 τὰ
2428 3150 2852 3223 ἀναγνώσματα.
2921 3153 3326 3223 Ἐγνωρίσαμεν
3402 3152 3510 3224 γὰρ
3551 3154 3717 3234 39L

2093 3243 2354 3312 νηστειῶν
2377 3243 2476 3314 τὴν
2508 3243 2679 3314 χάριν
2703 3245 2768 3296 ὲκ
2793 3241 2886 3296 τοῦ
2923 3243 3164 3306 Ἡσαΐου,
3197 3244 3288 3296 τὸν
3317 3244 3414 3314 μὲν
3448 3244 3668 3298 Ἰουδαῖ-

2094 3330 2188 3383 κδν
2208 3331 2306 3401 τῆς
2339 3331 2594 3401 νηστείας
2629 3331 2830 3401 τρόπον
2851 3331 3248 3400 παρωσαμένου
3268 3371 3284 3396 ,
3316 3333 3415 3401 τὴν
3445 3331 3502 3384 δὲ
3532 3331 3668 3400 άληδ

2093 3418 2244 3489 θινὴν
2266 3418 2342 3487 (4)
2371 3418 2624 3489 νηστείαν
2656 3421 2788 3489 ἡμῖν
2823 3417 3264 3490 παραδείξαντος.
3297 3419 3396 3487 Μὴ
3421 3422 3509 3486 εὶς
3536 3421 3666 3488 κρί-

2091 3525 2225 3575 σεις
2253 3511 2353 3563 καὶ
2379 3505 2577 3580 μάχας
2604 3510 2946 3578 νηστεύετε,
2986 3510 3145 3564 ἀλλὰ
3163 3512 3274 3564 λύε
3293 3510 3485 3565 πάντα
3511 3513 3666 3566 σύνο

2091 3600 2317 3670 δεσμον
2340 3596 2592 3668 ἀδικίας.
2617 3602 2727 3654 Καὶ
2751 3603 2779 3655 ὀ
2806 3602 3010 3672 Κύριος
3029 3618 3044 3634 ·
3094 3601 3190 3670 Μὴ
3232 3602 3471 3672 γίνεσθε
3508 3617 3665 3657 σκυ-

2090 3693 2329 3762 θρωποὶ,
2350 3690 2508 3747 ἀλλὰ
2523 3695 2696 3762 νίψαι
2715 3707 2832 3747 σου
2860 3694 2927 3746 τὸ
2945 3694 3268 3761 πρόσωπον
3293 3695 3389 3748 καί
3414 3692 3668 3764 ἄλειψαί

424 3777 882 3847 quemadmodum
938 3791 1129 3832 sumus
1169 3777 1372 3840 edocti,
1427 3791 1492 3829 ac
1548 3775 1665 3830 dies
1719 3775 1988 3830 instantes

2099 3799 2206 3840 σου
2227 3785 2343 3854 τὴν
2367 3782 2660 3854 κεφαλήν.
2683 3785 3026 3855 Διατεοῶμεν
3058 3782 3257 3850 τοίνυν,
3287 3785 3362 3850 ὡς
3383 3784 3668 3858 ἐδιδάχθη-ε

423 3868 844 3937 haudquaquam
889 3868 1054 3932 tristi,
1093 3866 1188 3923 sed
1217 3867 1379 3921 hilari
1407 3867 1589 3920 animo
1630 3867 1986 3935 excipiamus,

423 3959 585 4015 sicuti
621 3953 776 4014 decet
808 3969 1051 4014 sanctos.
1081 3957 1252 4014 Nemo
1282 3959 1505 4028 dejecta:
1532 3957 1730 4013 mentis
1756 3973 1989 4011 corona-

2093 3895 2212 3947 μεν,
2250 3877 2324 3948 μὴ
2369 3875 2996 3948 κατασκυθρωπάζοντες
3035 3876 3126 3930 ἐπὶ
3161 3879 3278 3940 ταῖς
3309 3876 3666 3947 προσιούσαις

2087 3969 2358 4040 ἡμέραις,
2429 3966 2566 4021 ἀλλὰ
2619 3966 2860 4039 φαιδρῶς
2905 3964 3041 4035 πρὸς
3092 3965 3281 4031 αὑτάς,
3339 3965 3414 4029 ὡς
3460 3966 3664 4038 πρέπει

421 4053 533 4110 t'ur,
588 4062 748 4101 nemo
799 4060 1041 4101 moerens
1086 4055 1353 4114 tropteum
1385 4047 1598 4101 statuit.
1643 4044 1764 4098 Noli
1809 4046 2042 4120 tristis;

2099 4055 2283 4127 Ξιγίοις,
2331 4054 2713 4128 διατιθέμενοι.
2756 4055 2942 4119 Οὐδεὶς
2991 4054 3215 4125 ἀθυμῶν
3261 4055 3617 4124 στεφανοῦται
3644 4069 3659 4085 ·

419 4155 564 4204 esse,
597 4138 724 4191 dum
768 4138 1004 4192 curaris.
1037 4138 1350 4193 Absurdum
1384 4138 1546 4192 fuerit
1574 4153 1684 4191 non
1716 4137 1887 4191 luatari
1918 4137 1986 4193 de

307 4251 317 4257 ·
421 4233 652 4286 sanitate
696 4229 909 4293 anima},
954 4230 1064 4283 imo
1113 4229 1179 4284 de
1209 4230 1561 4284 commutatis
1607 4229 1746 4284 cibis
1775 4228 1982 4292 dolere,

419 4336 483 4375 ac
520 4319 691 4374 videri
722 4319 857 4373 tales
905 4319 998 4388 qui
1037 4321 1161 4388 plus
1193 4321 1505 4376 tribuamus
1551 4321 1819 4390 voluptati
1861 4335 1986 4375 ven-

418 4411 540 4472 tris,
568 4424 730 4479 quam
758 4424 903 4463 curae
937 4410 1156 4466 mentis.
1189 4410 1322 4464 Nam
1355 4411 1408 4464 in
1433 4418 1623 4466 ventre
1652 4410 1867 4465 sistitur
1895 4424 1985 4464 sa-

419 4502 628 4558 tietatis
657 4501 981 4568 delectatio;
1013 4501 1109 4557 sed
1131 4501 1398 4572 jejunium
1426 4502 1480 4554 in
1513 4503 1750 4555 animam
1784 4502 1982 4556 subve-

421 4594 502 4650 hit
531 4595 763 4649 lucrum.
794 4591 899 4648 lSis
930 4593 1092 4648 hilari
1139 4594 1347 4660 animo,
1380 4593 1526 4663 quod
1570 4594 1669 4648 tibi
1697 4609 1727 4647 a
1773 4592 1985 4649 medico

2091 4147 2266 4209 οὐδεὶς
2300 4145 2612 4214 στυγνάζων
2655 4144 2915 4216 τρόπαιον
2961 4144 3162 4212 ἵστησι.
3208 4144 3300 4215 Μὴ
3331 4144 3661 4213 σκυθρωπά-

2092 4255 2192 4310 σῃς
2226 4237 2679 4309 Θεραπυόμενος.
2741 4236 2974 4288 ’Ἄτοπον
3009 4235 3083 4306 μὴ
3115 4236 3326 4307 χαίρειν
3365 4237 3458 4288 ἐπὶ
3500 4235 3688 4312 ὑγεία-

2089 4327 2286 4397 ψυχῆς,
2315 4326 2450 4382 ἀλλὰ
2471 4326 2756 4380 λυπεῖσθαι
2791 4325 2884 4378 ἐπὶ
2913 4323 3214 4395 βρωμάτων
3250 4325 3532 4395 ὑπαλλαγῇ
3559 4325 3660 4396 (5).

2089 4417 2184 4469 καὶ
2216 4415 2433 4470 πλείονα
2468 4417 2624 4488 χάριν
2653 4413 2934 4484 φαίνεσθαι
2965 4415 3204 4479 διδόντας
3230 4414 3392 4485 ἡδονῇ
3422 4416 3660 4486 γαστρὸς

2087 4504 2124 4574 ἢ
2150 4505 2436 4575 ἐπιμελείᾳ
2458 4505 2654 4573 ψυχῆς.
2690 4504 2866 4574 Κύρος
2910 4503 3009 4571 μὲν
3043 4502 3150 4574 γὰρ
3181 4505 3260 4566 είς
3287 4505 3528 4575 γαστέρα
3557 4505 3661 4574 τὴν

2090 4593 2250 4664 χάριν
2275 4593 2454 4663 ἵστησι
2478 4610 2491 4623 ⁸
2527 4591 2747 4663 νηστεία
2785 4591 2840 4644 δὲ
2870 4590 3006 4662 πρὸς
3047 4592 3224 4664 ψυχὴν
3251 4592 3566 4658 ἀναϐιϐάζει
3595 4593 3662 4647 τὸ
3731 4594 3733 4596 ’

490 4751 507 4782 ¹
543 4750 688 4807 Psal.
716 4765 878 4815 Lux,
913 4748 967 4803 4.
1042 4749 1063 4780 ³
1094 4745 1202 4804 lsa.
1237 4764 1392 4813 mn,
1425 4746 1536 4801 4-6.
1615 4747 1636 4778 ³
1669 4745 1855 4801 Matth.
1885 4761 1961 4810 τι,
1997 4745 2086 4812 16,
2115 4745 2204 4801 17.

490 4924 565 4994 (l)
596 4925 733 4979 Edili
751 4924 973 4994 perinde
987 4934 1046 4979 ut
1067 4923 1216 4994 Regii
1241 4923 1514 4994 secundus
1543 4929 1597 4976 ct
1622 4921 1817 4976 tertius
1837 4920 1980 4994 :AToﬁ

420 4992 584 5066 αὐτοῦ
613 4992 1005 5066 περὶξωστείας
1029 4992 1191 5066 λόγος
1209 5000 1278 5057 α’,
1306 4993 1561 5066 Ejusdem
1589 5007 1758 5046 sermo
1778 4992 1982 5066 primus

419 5065 484 5134 de
501 5059 720 5133 jejunio.
742 5059 887 5134 Reg.
907 5059 1146 5132 primus:
1181 5063 1396 5133 Ὀμιλία
1412 5065 1490 5125 είς
1509 5061 1613 5134 τὴν
1626 5059 1983 5134 παρείσϐασ-ιν

419 5131 527 5185 τῶν
552 5131 845 5202 Ινηστειῶνζ
869 5131 1109 5187 Homilia
1140 5133 1195 5186 in
1218 5131 1882 5202 ingressumrjejynioruni.
1913 5131 1984 5184 At

420 5203 528 5277 duo
556 5199 849 5277 φοιβονιὶῃὶ
871 5199 1309 5277 εῌερὶ-νηστείας
1325 5201 1496 5277 ’λόγος
1516 5200 1580 5277 β’,
1599 5199 1982 5277 Sermosecun-

421 5271 520 5325 dus
552 5271 616 5325 de
637 5271 859 5340 jejunio.
897 5270 1054 5339 Quod
1098 5270 1286 5326 ait-vir
1309 5270 1984 5340 doctissimusiTillemon-

424 5343 552 5404 tius,
581 5339 717 5396 duas
741 5343 837 5411 has
863 5357 999 5411 quas
1023 5343 1076 5396 in
1110 5343 1349 5411 editione
1388 5339 1679 5411 Parisiensi
1722 5339 1983 5411 habemus

421 5411 695 5465 orationes
738 5407 1014 5465 Dominica
1060 5412 1230 5480 prima
1285 5409 1722 5480 Quadragesima:
1770 5407 1983 5461 habitas

421 5494 563 5545 esse,
597 5481 690 5535 sed
721 5496 828 5535 non
857 5481 1044 5536 eodem
1073 5497 1237 5544 anno,
1265 5480 1332 5536 de
1364 5495 1428 5534 eo
1450 5494 1572 5533 cum
1609 5480 1728 5548 ipso
1762 5487 1985 5530 conten-

423 5551 552 5618 glere
596 5551 902 5605 nolumus:
953 5550 1047 5606 sed
1096 5551 1294 5615 eidem,
1349 5560 1635 5618 utramque
1681 5549 1983 5618 orationem

419 5617 608 5677 Basilii
635 5619 806 5679 videri
835 5620 1144 5689 aﬂirmanti,
1168 5636 1278 5678 non
1306 5621 1382 5676 ita
1412 5617 1571 5676 facile
1594 5617 1980 5677 assentiemur.

2086 4921 2160 4974 Ea
2199 4921 2266 4975 de
2295 4936 2353 4973 re
2387 4921 2439 4974 in
2470 4919 2814 4974 Prmfatione.

2156 4992 2234 5060 (2)
2273 4992 2413 5045 Editi
2454 4993 2511 5043 ἐν
2545 4992 2882 5060 νεομηνίαις,
2916 4990 2972 5042 in
3001 4989 3482 5060 initiis_mensium.
3506 4987 3577 5042 At
3601 4990 3661 5045 in

2083 5057 2323 5129 antiquis
2354 5061 2594 5131 quinque
2627 5057 2785 5114 libris
2817 5067 2873 5115 et
2901 5059 3045 5129 apud
3078 5057 3222 5112 LXX
3245 5059 3442 5130 legitur
3467 5059 3526 5114 ἐν
3548 5077 3660 5114 νεο-

2087 5131 2365 5201 μηνίᾳζξη·
2381 5131 2534 5184 initio
2562 5131 2776 5201 mensis.

2180 5197 2239 5268 5)"
2269 5199 2490 5255 Veteres
2520 5201 2726 5269 aliquot
2752 5198 2879 5269 libri
2911 5197 3295 5269 προσάγουσαν
3325 5198 3456 5269 τῶν,
3489 5199 3658 5253 male.

2180 5203 2232 5268 5)
2269 5203 2490 5255 Veteres
2520 5203 2726 5269 aliquot
2752 5203 2879 5253 libri
2911 5203 3295 5268 προσάγουσαν
3325 5203 3456 5262 τῶν,
3489 5203 3654 5253 male.

2155 5203 2230 5340 (4)
2261 5269 2396 5340 Reg.
2427 5273 2702 5340 secundus
2726 5268 2825 5340 τὴν
2851 5268 2908 5320 δὲ
2935 5267 3132 5338 ἀληθῆ.
3177 5265 3300 5322 Mox
3342 5268 3499 5324 Colb.
3535 5271 3654 5336 pri-

2084 5355 2205 5393 mus
2237 5339 2391 5391 λύετε
2417 5339 2613 5392 πάντα.

2155 5408 2229 5478 (5)
2262 5408 2419 5471 Illud,
2462 5409 2558 5480 ἐπὶ
2587 5408 2900 5480 (βρωμάτων
2940 5407 3255 5480 ὑπαλλαγῇ,
3300 5406 3382 5461 sic
3417 5413 3657 5480 verterat

2085 5475 2367 5540 Erasll'ius,
2419 5479 2479 5530 ob
2525 5475 2667 5531 cilio's
2711 5475 3046 5532 subtractos:
3086 5475 3221 5540 ubi,"
3243 5484 3300 5530 ut
3339 5491 3529 5532 omnes
3570 5477 3656 5530 vi-

2085 5548 2237 5616 dent,
2265 5555 2479 5606 vertere
2506 5548 2790 5616 debuerat,
2827 5548 2888 5603 ob
2923 5547 3066 5603 cibos
3099 5555 3471 5602 commutatos.
