3972 6202
275 242 372 295 165

1535 231 1624 286 DE
1649 227 1924 286 JEJUNIO
1954 227 2241 284 HOMILIA
2267 228 2310 282 l.

3422 228 3527 284 166

274 362 477 433 κέρδος.
515 358 858 429 Εὐθύμησον,
907 360 984 413 ’ὅτι
1015 375 1095 410 σοι
1121 358 1328 410 δέδοται
1363 356 1513 424 παρὰ
1543 355 1638 408 τοῦ
1666 352 1847 425 ἰατροῦ

1967 349 2140 404 latum
2189 357 2274 406 est
2321 348 2678 418 pharmacum
2722 347 2913 402 efﬁcax
2955 347 3224 403 abolendo
3278 355 3524 419 peccato.

273 455 563 524 φαρμακον
609 450 886 520 ἁμαρτίας
928 449 1290 520 ἀναιρετικὸν.
1345 450 1556 519 Ὥσπερ
1585 447 1694 517 γὰρ
1720 448 1769 499 οἱ
1799 448 1856 498 ὲν

274 549 386 606 τοῖς
433 543 685 610 suam;
714 542 824 594 τῶν
865 541 1070 595 παίδων
1116 540 1538 610 ζωογονούμενοι
1575 539 1855 609 σκώληκες

277 637 584 708 φαρμάκοις
622 636 735 687 τισὶ
782 635 1134 705 δριμυτάτοις
1185 634 1630 703 ἐξαφανίςονται,
1684 630 1856 694 οὕτως

277 729 567 798 ἁμαρτίαν,
591 725 1030 797 ὑποικουροῦσαν
1059 726 1134 796 τῷ
1167 726 1352 795 βάθει,
1387 724 1758 777 ὲναποκτείνει
1788 725 1854 793 τῇ

278 820 415 888 ψυχῇ
464 815 860 869 ἐπεισελθοῦσα
924 817 1182 886 νηστεία,
1236 817 1336 868 ’ἲπνε
1388 816 1463 877 ώς
1499 814 1715 884 ἀληθῶς
1759 814 1856 882 τῆς

279 906 645 978 προσηγορίας
671 904 879 975 ταύτης
908 904 1054 968 ἀξία.

341 999 680 1065 Ξ.”Α.ἰειιζ·αί
695 1013 813 1052 σου
829 997 945 1065 τὴν
963 996 1255 1065 κεφαλὴν,
1284 995 1380 1048 καὶ
1399 996 1567 1062 νίψαι
1586 995 1652 1047 τὸ
1673 995 1857 1062 πρόσ-

277 1103 452 1145 mror.
509 1090 637 1142 Ἐπὶ
674 1089 950 1160 μυστήριά
994 1106 1053 1140 σε
1096 1088 1250 1140 καλεῖ
1278 1089 1306 1139 6
1335 1088 1508 1155 λόγος.
1547 1087 1605 1138 ὐ
1634 1085 1858 1153 ἀλειψά-

281 1202 433 1256 μενος
479 1184 772 1255 ἐχρίσατο·
819 1185 849 1235 6
888 1181 1179 1251 νιψάμενος
1215 1178 1682 1248 ἅπεπλύνατο(6).
1732 1177 1856 1230 Ἐπὶ

278 1277 342 1330 τὰ
393 1277 538 1328 ἔνδον
590 1274 840 1344 λάμϐανε
889 1274 999 1326 τῶν
1047 1272 1221 1344 μελῶν
1245 1272 1344 1342 τὴν
1399 1269 1719 1340 νομοθεσίαν
1755 1270 1850 1339 (7).

291 1367 587 1422 Ἀπόπλυνε
621 1367 719 1437 τὴν
743 1365 920 1436 ψυχὴν
955 1366 1381 1437 ἁμαρτημάτων.
1427 1366 1626 1434 Χρῖσαι
1653 1361 1750 1432 τὴν
1772 1379 1856 1415 κε-

509 1459 775 1530 χρίσματι
824 1460 998 1528 ἁγίῳ,
1035 1458 1123 1511 ἵνα
1155 1457 1381 1527 μέτοχος
1434 1455 1565 1525 γένῃ
1592 1452 1852 1525 Χριστοῦ,

283 1552 372 1604 καὶ
384 1550 522 1602 οὕτω
538 1549 805 1620 πρόσελθε
829 1552 897 1619 τῇ
923 1548 1167 1618 νηστεία.
1190 1548 1281 1616 Μὴ
1300 1546 1571 1615 ¹ἀφανίσῃς
1597 1545 1658 1596 τὸ
1681 1543 1855 1614 πρόσ-

283 1641 422 1695 ωπόν
456 1658 548 1692 σου
595 1639 789 1710 ὥσπερ
829 1642 879 1692 οἱ
925 1638 1235 1709 ὑποκριταί.
1298 1636 1642 1705 Ἀφανίζεται
1690 1637 1856 1707 πρόσ-

284 1749 422 1786 ωπον
441 1774 454 1795 ,
493 1733 624 1785 ὅταν
661 1734 693 1802 ὴ
721 1730 870 1784 ἔνδον
898 1730 1139 1794 διάθεσις
1161 1729 1482 1799 ἐπιπλάστῳ
1506 1730 1746 1799 σχήματι
1775 1727 1852 1799 τῷ

285 1824 472 1888 ἔξωθεν
502 1823 889 1891 ὲπισκοτῆται,
925 1821 1114 1892 ὥσπερ
1149 1819 1254 1873 ὑπὸ
1289 1822 1749 1890 παραπετάσματι
1774 1818 1853 1890 τῷ

285 1914 456 1984 ψεύδει
498 1913 910 1983 καλυπτομένη.
956 1913 1288 1984 Ὑποκριτής
1320 1914 1513 1964 ἐστινὸ
1552 1913 1609 1965 ἐν
1644 1912 1856 1982 θεάτρῳ

285 2009 551 2079 ἀλλότριον
585 2007 878 2078 πρόσωπον
909 2005 1155 2059 ὑπελθών
1175 2023 1188 2035 ·
1221 2005 1402 2068 δοῦλος
1445 2004 1554 2069 ὣν,
1598 2005 1857 2066 πολλάκις

285 2097 341 2150 τὺ
366 2097 452 2148 τοῦ
482 2096 772 2154 δεσπότου,
808 2097 902 2148 καὶ
944 2095 1157 2166 ἰδιώτης
1176 2136 1191 2159 ,
1227 2095 1285 2148 τὸ
1313 2096 1405 2148 τοῦ
1442 2096 1722 2165 βασιλέως.
1752 2096 1858 2149 Οὖ-

284 2203 356 2236 τω
381 2185 470 2237 καὶ
499 2187 557 2236 ὲν
581 2184 660 2254 τῷ
686 2185 789 2255 βίῳ
812 2185 1020 2255 τούτῳ,
1055 2185 1242 2256 ὥσπερ
1272 2187 1364 2238 ἐπὶ
1399 2187 1710 2258 ὀρχήστρας
1757 2188 1858 2256 τῆς

286 2278 481 2331 ἑαυτῶν
517 2277 666 2348 ζωῆς
715 2279 766 2330 οἱ
809 2279 994 2332 πολλοὶ
1045 2279 1415 2350 θεατρίζουσιν
1440 2319 1454 2341 ,
1502 2281 1637 2334 ἄλλα
1667 2283 1765 2352 μὲν
1798 2284 1857 2333 ἐν

285 2371 346 2438 τῇ
371 2369 566 2439 καρδία
611 2369 872 2440 φέροντες
895 2409 909 2432 ,
944 2369 1078 2424 ἄλλα
1107 2371 1164 2424 δὲ
1199 2373 1256 2423 ὲν
1297 2374 1362 2440 τῇ
1401 2374 1694 2443 ἐπιφανείᾳ
1745 2376 1858 2436 τοῖς

286 2459 582 2530 ἀνθρώποις
611 2459 936 2522 δεικνύντες.
972 2461 1064 2530 Μὴ
1093 2460 1317 2530 ἀφάνιζε
1346 2457 1438 2514 οὖν
1463 2463 1523 2514 τὸ
1547 2465 1854 2533 πρόσωπον.

287 2547 404 2612 υἷος
445 2548 533 2615 εἶ,
588 2551 834 2614 τοιοῦτος
875 2551 1096 2620 φαίνου·
1159 2554 1232 2625 μὴ
1267 2555 1750 2626 κατασχηματίξου
1781 2557 1858 2627 (8)

291 2643 499 2695 σεαυτὸν
536 2643 676 2713 πρὸς
703 2643 765 2695 τὸ
791 2643 1110 2715 σκυθρωπὸν
1135 2684 1149 2709 ,
1187 2645 1284 2716 τὴν
1317 2647 1380 2698 ἐκ
1415 2648 1509 2700 τοῦ
1561 2647 1737 2700 δοκεῖν
1764 2651 1858 2723 ἐκί-
1881 2709 1892 2715 _

288 2734 486 2805 κρατὴς
525 2730 668 2787 εἶναι
715 2734 872 2800 δόξαν
900 2734 1235 2806 θηρώμενος.
1284 2735 1421 2789 Οὔτε
1464 2737 1570 2808 γὰρ
1612 2739 1862 2801 εὐποιίας

293 2827 680 2900 σαλπιζομένης
723 2828 948 2898 ὄφελος,
984 2831 1076 2882 καὶ
1107 2831 1358 2901 νηστείας
1401 2831 1862 2902 δημοσιευομένης

292 2921 469 2992 κέρδος
497 2922 672 2981 οῦδὲν.
700 2923 781 2974 Τὰ
812 2924 920 2993 γὰρ
943 2923 1316 2986 ἐπιδεικτικῶς
1347 2925 1610 2992 γινόμενα
1636 2925 1697 2977 οὐ
1724 2924 1858 2995 πρὸς

1959 443 2427 509 Quemadmodum
2457 445 2606 496 enim
2638 457 2872 505 vermes,
2911 443 3002 512 qui
3036 443 3089 496 in
3116 457 3410 511 puerorum
3444 443 3532 498 ie-

1960 536 2176 590 testinis
2232 535 2577 604 germinant,
2623 534 2936 603 pliarmac-is
2980 534 3307 604 quibusdam
3362 535 3530 590 vehe-

1957 637 2166 682 menter
2208 627 2431 682 acribus
2469 634 2522 680 et
2558 626 2761 681 amaris
2809 627 3182 689 excutiuntur,
3226 627 3301 678 ita
3344 641 3534 695 pecca-

1957 729 2096 782 tum,
2143 720 2197 773 in
2251 720 2460 774 intimis
2510 719 2819 774 secessibus
2849 719 3185 781 inhabitans,
3217 719 3362 772 delet
3401 735 3532 775 ene-

1957 820 2174 881 catque,
2224 811 2390 864 simul
2429 818 2591 880 atque
2641 812 2696 863 in
2744 811 2978 864 animam
3029 811 3426 880 supervenerit,
3457 811 3534 880 je-

1951 905 2192 974 junium,
2224 905 2368 973 quod
2401 905 2614 958 scilicet
2640 920 2766 958 vere
2799 904 2870 959 sit
2901 904 3006 958 hoc
3036 905 3255 957 nomine
3284 904 3530 974 dignum.

2026 997 2080 1050 ‘2.
2130 994 2273 1064 Unge
2295 1004 2452 1064 caput
2477 1004 2645 1056 tuum,
2691 1008 2737 1048 et
2781 996 2898 1049 lava
2928 995 3115 1063 faciem
3136 996 3178 1048 δ.
3209 995 3292 1049 Ad
3329 1007 3534 1067 myste-

1956 1086 2036 1139 ria
2064 1093 2117 1139 te
2143 1094 2306 1139 vocat
2331 1085 2636 1154 Scriptura.
2665 1085 2769 1151 Qui
2801 1093 3000 1141 unctus
3023 1093 3128 1150 est,
3157 1087 3404 1151 inunxit;
3437 1086 3533 1156 qui

1957 1181 2180 1235 ablutus
2227 1178 2350 1243 fuit,
2404 1180 2594 1234 abluit.
2653 1179 2915 1236 Transfer
2961 1188 3291 1251 praeceptum
3346 1181 3412 1234 ad
3457 1181 3535 1234 in-

1955 1278 2113 1325 terna
2163 1273 2424 1328 membra.
2470 1272 2645 1326 Ablue
2691 1272 2931 1325 animam
2984 1288 3014 1325 a
3059 1273 3323 1341 peccatis.
3383 1267 3535 1344 Unge

1956 1373 2119 1431 caput
2149 1371 2431 1432 unguento
2469 1371 2683 1429 sancto,
2708 1372 2767 1416 ut
2799 1365 3138 1418 consortium
3165 1365 3369 1418 habeas
3406 1380 3533 1418 cum

1955 1453 2198 1517 Christo,
2238 1455 2427 1525 sicque
2468 1457 2717 1509 accedito
2749 1455 2814 1508 ad
2841 1455 3136 1524 jejunium.
3173 1455 3295 1510 Noli
3333 1459 3535 1512 obscu-

1956 1562 2079 1600 rare
2114 1547 2307 1601 faciem
2344 1555 2493 1601 tuam
2540 1563 2692 1602 more
2727 1549 3156 1619 hypocritarum.
3188 1547 3534 1604 Obscuratur

1959 1635 2148 1699 facies,
2183 1652 2306 1691 cum
2340 1638 2591 1692 internus
2618 1639 2846 1694 aﬂ‘ectus
2875 1646 3104 1694 dxterno
3150 1640 3389 1709 quodam
3436 1641 3529 1693 ha-

1958 1728 2074 1782 bitu
2121 1731 2378 1784 simulato
2427 1732 2806 1796 obumbratur,
2863 1731 3152 1787 mendae-io
3195 1733 3361 1788 veluti
3413 1732 3536 1788 velo

1956 1819 2178 1872 obtento
2222 1829 2530 1874 contectus.
2587 1820 2880 1892 Hypocrita
2936 1829 3021 1876 est
3065 1821 3158 1892 qui
3205 1823 3262 1878 in
3317 1823 3535 1878 theatro

1956 1925 2250 1981 personam
2285 1913 2523 1968 sustinet
2546 1915 2802 1978 alienam,
2828 1929 2973 1984 saepe
3006 1914 3145 1975 heri,
3168 1917 3294 1969 cum
3325 1915 3397 1970 sit
3418 1931 3537 1970 ser-

1957 2018 2098 2069 vus,
2145 2011 2240 2057 aut
2279 2005 2448 2074 regis,
2501 2019 2624 2058 cum
2677 2005 2750 2059 sit
2783 2007 3050 2074 privatus.
3090 2004 3280 2060 Itidem
3326 2005 3384 2060 in
3429 2005 3536 2061 hac

1957 2093 2069 2144 vita
2111 2094 2256 2146 velut
2289 2094 2344 2146 in
2375 2094 2662 2149 orchestra
2690 2096 2925 2164 quadam
2971 2105 3142 2165 agunt
3176 2096 3424 2168 plerique
3460 2097 3538 2151 vi-

1959 2191 2071 2236 tam
2104 2188 2448 2249 tlieatricam,
2494 2186 2643 2240 aliud
2678 2186 2732 2238 in
2777 2187 2944 2241 corde
2982 2197 3257 2256 gerentes,
3295 2187 3445 2244 aliud
3478 2189 3535 2244 in

1961 2276 2144 2344 specie
2175 2276 2490 2330 hominibus
2517 2276 2891 2331 ostendentes.
2937 2277 3124 2348 Itaque
3169 2294 3238 2333 ne
3271 2279 3535 2333 obscures

1959 2365 2176 2421 faciem.
2218 2367 2408 2432 Qualis
2437 2384 2519 2431 es,
2553 2368 2680 2422 talis
2712 2383 2952 2438 appare;
2985 2386 3051 2424 ne
3082 2370 3316 2439 teipsum
3349 2377 3534 2425 trans-

1962 2458 2160 2525 figures
2203 2457 2258 2510 in
2297 2457 2540 2511 habitum
2587 2458 2800 2523 tristem
2835 2473 2899 2511 ac
2944 2459 3217 2520 tetricum,
3251 2458 3378 2512 hinc
3417 2459 3535 2512 lau-

1961 2550 2082 2603 dem
2113 2565 2175 2602 ac
2201 2550 2430 2618 gloriam
2467 2565 2767 2618 aucupans,
2801 2549 2948 2618 quod
2975 2550 3193 2604 videare
3218 2550 3530 2612 continens,

1962 2658 2026 2696 ac
2063 2651 2396 2711 temperans.
2427 2643 2616 2713 Neque
2661 2643 2805 2697 enim
2848 2643 2977 2696 boni
3028 2643 3233 2712 operis,
3270 2643 3359 2696 cui
3405 2644 3534 2697 tuba

1962 2734 2230 2802 praecinit,
2269 2734 2478 2788 utilitas
2527 2742 2611 2788 est
2642 2732 2775 2796 ulla,
2811 2747 2986 2800 neque
3021 2731 3232 2786 fructus
3271 2731 3417 2787 ullus
3451 2731 3535 2801 je-

1958 2825 2124 2894 junii,
2171 2825 2317 2894 quod
2369 2826 2437 2880 ad
2487 2825 2760 2894 publicam
2815 2825 2873 2878 ﬁt
2918 2824 3360 2879 ostentationem.
3403 2821 3534 2890 Qua:

1963 2919 2108 2969 enim
2137 2915 2520 2970 ostentationis
2547 2931 2714 2970 causa
2748 2915 2904 2979 ﬁunt,
2933 2929 2996 2969 ea
3033 2928 3375 2985 nequaquam
3407 2929 3536 2983 por-

291 3014 374 3067 τὸν
400 3015 581 3090 ,αἰῶνα
625 3016 718 3068 τὸν
775 3016 1035 3085 μέλλοντα
1069 3017 1159 3069 τὸν
1193 3018 1400 3090 καρπὸν
1435 3018 1663 3070 ἐκτείνει
1686 3057 1701 3082 ,
1742 3016 1856 3070 ἀλλ’

1967 3011 2146 3079 rigunt
2176 3009 2410 3062 fructum
2440 3009 2493 3062 in
2519 3009 2778 3063 smculum
2807 3015 3122 3071 venturum,
3143 3024 3328 3062 verum
3354 3009 3411 3061 in
3435 3008 3536 3060 ho-

295 3108 369 3170 εἰς
392 3107 478 3161 τὸν
508 3108 616 3160 τῶν
647 3108 949 3180 ἀνθρώπων
997 3109 1214 3163 ἔπαινον
1252 3111 1638 3182 καταστρέφει.
1689 3111 1863 3182 Πρόσ-

297 3199 459 3270 δραμε
496 3201 677 3254 τοίνυν
707 3201 950 3272 φαιδρῶς
977 3204 1042 3271 τῇ
1068 3201 1245 3273 δωρεᾷ
1272 3203 1371 3272 τῆς
1408 3203 1681 3272 νηστείας.
1737 3203 1862 3273 Ἀρ-

300 3295 440 3359 luis-ra
481 3292 653 3363 δῶρον
683 3293 717 3363 ἡ
752 3293 1005 3362 νηστεία·
1037 3294 1098 3346 οὐ
1131 3293 1525 3363 παλαιούμενον
1565 3295 1659 3348 καὶ
1693 3295 1865 3365 γηρά-

302 3400 453 3450 nos,
495 3384 614 3438 ἀλλ’
662 3385 1057 3456 ἀνανεούμενον
1097 3387 1185 3441 ἀεὶ
1207 3427 1222 3452 ,
1271 3389 1362 3440 καὶ
1388 3391 1470 3450 εἰς
1501 3389 1682 3459 ἀκμὴν
1704 3391 1866 3442 ἐπαν-

301 3475 437 3530 θοῦν.

363 3569 413 3622 5.
440 3569 555 3621 Οἴει
594 3587 662 3640 με
690 3570 789 3641 τὴν
824 3571 1204 3642 ἀρχαιογονίαν
1233 3571 1403 3644 αὐτῆς
1431 3571 1538 3625 ἀπὸ
1575 3573 1668 3626 τοῦ
1697 3575 1864 3645 νόμου

300 3659 572 3725 τίθεσθαι;
609 3661 722 3713 Καὶ
752 3661 919 3730 νόμου
959 3661 1302 3733 πρεσϐυτέρα
1329 3663 1573 3734 νηστεία.
1621 3663 1746 3715 Ἐὰν
1779 3668 1866 3732 μιι

301 3751 424 3821 κρὸν
449 3753 779 3826 ὰναμείνῃς,
826 3755 1080 3823 εὑρήσεις
1111 3753 1203 3806 τοῦ
1243 3753 1402 3822 λόγου
1434 3755 1534 3823 τὴν
1587 3753 1860 3824 ἀλήθειαν.

300 3842 384 3913 Μὴ
409 3845 518 3896 οἴου
546 3845 649 3912 τὴν
681 3844 895 3914 ἡμέραν
923 3845 1015 3897 τοῦ
1067 3845 1292 3915 ἱλασμοῦ
1314 3885 1328 3909 ,
1375 3845 1474 3916 τὴν
1511 3845 1866 3915 διατεταγμέσ

299 3951 390 4002 νην
423 3934 499 4004 τῷ
533 3934 754 4005 Ἰσραὴλ
780 3935 858 4005 τῷ
884 3936 1096 4006 ἑϐδόμῳ
1139 3937 1267 4006 μηνὶ
1287 3976 1300 3999 ,
1340 3938 1406 4005 τῇ
1453 3936 1651 4006 δεκάτῃ
1683 3937 1865 4006 ἡμέρᾳ

297 4026 384 4078 τοῦ
433 4027 623 4095 μηνὸς,
681 4027 887 4097 ταύτην
936 4025 1076 4082 εἶναι
1118 4029 1217 4098 τῆς
1253 4029 1506 4100 νηστείας
1534 4028 1630 4100 τὴν
1668 4030 1860 4099 ἀρχὴν.

296 4117 456 4187 Δεῦρο
482 4117 546 4188 δὴ
573 4117 660 4170 διὰ
685 4117 786 4185 τῆς
814 4119 1054 4190 ἱστορίας
1089 4119 1336 4188 βαδίζων,
1377 4119 1735 4191 ὰνερεύνησον
1764 4121 1864 4190 τὴν

297 4209 673 4278 ἀρχαιογονίαν
702 4209 889 4279 αὐτῆς.
935 4211 1009 4262 Οὐ
1036 4210 1145 4280 γὰρ
1175 4210 1436 4280 νεώτερον
1461 4211 1522 4262 τὸ
1546 4210 1824 4281 ὲφεύρεμα
1844 4226 1859 4241 ο

295 4301 542 4371 πατέρων
567 4302 685 4353 ἐστὶ
711 4301 773 4353 τὸ
810 4302 1113 4371 κειμήλιον.
1161 4303 1276 4355 Πᾶν
1303 4303 1365 4354 τὺ
1396 4303 1716 4372 ἀρχαιότητι
1757 4302 1864 4354 δια-

295 4391 474 4462 φέρον,
507 4391 810 4462 αἰδέσιμον.
844 4391 1202 4463 Δυσωπήθητι
1245 4392 1343 4462 τὴν
1388 4391 1579 4444 πολιὰν
1631 4392 1731 4461 τῆς
1769 4407 1864 4460 νη-

359 4548 382 4580 ⁸
416 4547 608 4603 Matth.
641 4564 720 4611 vr,
758 4547 843 4600 l7.
920 4547 940 4579 ⁵
968 4547 1139 4602 Levit.
1171 4563 1284 4609 1m,
1313 4545 1412 4610 29;
1451 4561 1607 4612 χχιιι,
1642 4545 1726 4600 9.7.
1796 4547 1804 4554 ’

361 4704 435 4774 (6)
468 4702 598 4758 Βωο
631 4703 819 4765 verba,
858 4705 887 4756 6
915 4701 1273 4774 ἀλειψάμενος
1318 4701 1614 4774 expiem-:0:
1637 4701 1666 4752 6
1702 4697 1860 4766 νιψά-

298 4769 450 4843 μενος
478 4776 852 4836 ἁπεπλύνατο,
893 4775 971 4826 sic
1015 4769 1404 4843 interpretatus
1452 4778 1534 4843 est
1577 4769 1856 4843 Erasmus,

297 4838 396 4910 Qui
428 4846 565 4898 alios
600 4843 847 4913 angebat,
885 4853 1070 4894 unctus
1099 4838 1209 4904 est;
1247 4841 1335 4910 qui
1369 4841 1603 4913 lavabat,
1648 4838 1859 4890 ablutus

296 4909 403 4968 est:
432 4917 635 4984 quibus
666 4909 730 4968 ex
767 4913 945 4984 verbis
972 4928 1090 4980 qua:
1107 4921 1237 4984 apta
1260 4909 1531 4984 sententia
1555 4909 1860 4984 idoneaque

298 4975 643 5055 eiﬁcipossit,
672 5000 781 5037 non
801 4975 1074 5055 videoflta
1103 4975 1268 5055 igitur
1314 4981 1672 5055 interpretare
1710 4975 1860 5055 :_Qui

301 5046 477 5108 unctus
510 5046 872 5116 εειζίιηιητὶι
902 5069 918 5105 :
957 5054 1046 5122 qui
1089 5046 1298 5104 ablutus
1329 5046 1474 5118 fuitf
1499 5049 1688 5101 abluit.
1744 5046 1861 5099 Hoc

298 5135 412 5180 est:
440 5126 701 5181 Christus
732 5125 828 5192 qui
869 5134 1069 5175 unctus
1109 5131 1214 5183 est,
1251 5122 1378 5189 ungi
1408 5127 1578 5192 caput
1615 5125 1862 5192 nostru_m

298 5197 459 5249 voluit
488 5214 503 5250 :
529 5185 814 5256 Christus,
848 5195 938 5262 qui
972 5193 1192 5246 ablutus
1216 5199 1298 5246 est
1327 5185 1380 5243 in
1408 5185 1752 5262 baptismate,
1785 5185 1866 5262 fe-

301 5267 425 5320 ciem
449 5255 880 5338 nostramablui
897 5264 1084 5338 jussit.
1110 5262 1248 5338 -_-—_'0
1281 5255 1684 5338 ἀλειψάμενος
1709 5255 1869 5338 expl-

299 5352 465 5389 σατο·
504 5341 538 5390 ό
569 5329 910 5405 νιψάμενος
939 5333 1340 5405 ἀπεπλύ-νίιτοὲ.
1369 5330 1471 5405 Qui
1501 5329 1866 5405 itt_i_qit,_imtn-

300 5409 385 5475 git.
416 5410 507 5475 qui
543 5398 1082 5475 lavetfabluitﬁurn
1111 5403 1268 5475 vellet
1302 5401 1535 5475 Basilius
1562 5398 1692 5475 illud
1729 5412 1868 5475 pra!-

298 5465 500 5546 éepttim
528 5465 759 5536 Christi,
792 5473 1043 5541 Ἀλειψαί
1075 5491 1165 5525 σου
1191 5473 1305 5546 τὴν-
1317 5470 1576 5546 κεφαλὴν,
1596 5467 1693 5520 καὶ
1721 5465 1870 5546 νίψαι

298 5537 369 5600 ἰδ’
391 5551 706 5620 πρόσωπον,
739 5547 808 5600 ad
853 5537 1092 5620 animam
1128 5537 1443 5620 transferre,
1488 5537 1742 5620 observat
1771 5537 1870 5589 has

300 5608 465 5683 voces,
495 5608 963 5690 ω.ειψαι,-νίψαι,
1003 5612 1332 5690 ittineJaeq,
1379 5611 1520 5664 idem
1573 5608 1750 5690 valere
1785 5622 1869 5690 ac,

300 5704 425 5764 uage
452 5675 506 5748 et
543 5675 742 5758 abl'ue,
773 5675 899 5758 quia
945 5675 1373 5740 anima'melius
1417 5685 1750 5752 congruunt.
1814 5675 1871 5732 In

1965 3102 2171 3154 minum
2188 3099 2400 3155 laudem
2417 3100 3056 3170 commendationemque
3071 3099 3349 3154 desinunt.
3366 3098 3534 3154 Proin

1964 3193 2212 3247 hilariter
2234 3208 2458 3246 accurre
2480 3192 2547 3246 ad
2571 3193 2768 3262 jejunii
2788 3194 3014 3248 donum.
3037 3193 3207 3248 Vetus
3223 3193 3425 3246 donum
3447 3199 3534 3247 est

1960 3283 2254 3353 jejunium,
2302 3283 2447 3348 quod
2484 3298 2608 3336 'non
2641 3285 2955 3346 veterascit,
3007 3300 3108 3339 nec
3143 3283 3399 3346 senescit,
3435 3281 3533 3338 sed

1966 3391 2139 3445 usque
2169 3382 2486 3440 renovatur,
2513 3374 2608 3429 sed
2647 3383 2913 3445 perpetuo
2939 3377 3124 3446 vigore
3156 3375 3426 3446 pubescit.

2035 3565 2090 3619 ‘5.
2130 3562 2370 3618 Putasne
2405 3577 2491 3615 me
2512 3559 2706 3630 jejunii
2735 3559 3117 3628 antiquitatem
3145 3571 3175 3611 a
3205 3556 3342 3626 legis
3375 3553 3535 3612 initio

1965 3663 2258 3723 supputare
2279 3653 2302 3705 ?
2323 3651 2498 3705 Etiam
2526 3651 2644 3719 ipsa
2676 3649 2793 3719 lege
2824 3649 3104 3718 antiquius
3138 3653 3222 3702 est
3241 3645 3533 3714 jejunium.

1967 3746 2250 3815 Paulisper
2281 3743 2328 3798 si
2355 3740 2648 3806 manseris,
2677 3739 2980 3808 comperies
3018 3753 3210 3792 verum
3234 3751 3357 3791 esse
3385 3735 3534 3806 quod

1965 3839 2096 3893 dixi.
2138 3838 2281 3892 Cave
2332 3835 2614 3890 existimes
2666 3833 2808 3887 diem
2861 3829 3299 3902 propitiationis,
3346 3829 3398 3898 3
3439 3829 3534 3898 qui

1965 3932 2282 4000 designatus
2320 3925 2584 3982 lsraelitis
2629 3932 2749 3979 erat
2793 3939 2982 3979 mense
3031 3922 3287 3992 septimo,
3320 3922 3536 3976 decimo

1965 4023 2052 4077 die
2081 4021 2285 4075 mensis
2307 4021 2349 4084 ',
2385 4019 2555 4072 fuisse
2586 4015 2781 4086 jejunii
2828 4014 3174 4085 principium.
3226 4011 3371 4068 Ades
3403 4011 3534 4076 huc,

1965 4130 2029 4168 ac
2054 4130 2147 4182 per
2173 4112 2459 4167 historiam
2491 4112 2814 4175 decurrens,
2846 4109 3055 4177 vestiga
3076 4106 3270 4174 jejunii
3295 4104 3535 4174 antiqui-

1966 4211 2152 4258 tatem.
2185 4200 2372 4270 Neque
2413 4199 2558 4253 enim
2593 4213 2786 4252 recens
2829 4196 3107 4250 inventum
3149 4201 3254 4258 est,
3286 4192 3377 4248 sed
3423 4209 3535 4262 pre-

1965 4296 2142 4348 tiosus
2166 4293 2458 4347 thesaurus
2487 4305 2518 4344 a
2546 4289 2848 4358 majoribus
2877 4286 3152 4354 repositus
3183 4299 3246 4338 ac
3272 4283 3532 4338 traditus.

1886 4383 1941 4446 D
1966 4385 2243 4456 Quidquid
2286 4390 2560 4440 vetustate
2587 4378 2872 4452 praecellit,
2909 4376 3052 4430 idem
3084 4375 3398 4432 venerabile
3429 4380 3534 4429 est.

1960 4694 2147 4750 eadem
2172 4690 2420 4743 oratione
2450 4703 2505 4757 p.
2539 4686 2594 4749 8,
2625 4686 2690 4746 A,
2720 4684 2788 4739 10
2810 4702 2822 4738 :
2947 4682 3024 4757 δὲ,
3043 4680 3414 4757 ὑπερπιαίνων
3439 4679 3539 4757 μέν

1962 4749 2186 4817 σεαυτὸν
2221 4761 2313 4814 καὶ
2336 4749 2717 4828 κατάσαρκῶν,
2757 4757 2856 4828 οὐκ
2881 4753 3036 4828 ἀνίης
3057 4749 3341 4828 λέκτήκων
3364 4749 3420 4828 δέ
3445 4749 3539 4828 τὸν

1961 4835 2085 4886 νοῦν
2116 4835 2172 4884 ἐν
2205 4819 2584 4900 ἀτροφίᾳτών
2622 4827 2902 4900 σωτηρίων
2944 4819 3036 4876 καὶ
3074 4819 3352 4900 ζωοποιῶν
3391 4819 3537 4900 διδα-

1964 4903 2209 4974 γμὰτων,
2240 4886 2430 4974 οὗδένά
2454 4899 2609 4967 λόγον
2631 4886 2796 4966 cretii";
2827 4894 2902 4974 Ίξιι
2933 4909 3050 4946 vero
3085 4891 3353 4974 {nullumne
3380 4889 3537 4956 ﬁnem

1965 4963 2205 5042 fictura:
2237 4987 2290 5024 es
2319 4963 2537 5036 teipsunt
2562 4963 2958 5042 suprd'modum
2983 4963 3261 5042 sqgiuandi
3282 4977 3350 5042 _ac
3369 4975 3540 5042 Icarne

1965 5030 2218 5097 onerandi
2242 5044 2266 5096 ἶ)
2293 5030 2524 5092 animum
2559 5030 2733 5090 (autem
2752 5053 2782 5087 ιι
2807 5045 2852 5086 te
2878 5033 3114 5101 tabeﬁeri
3149 5030 3470 5101 salutarium
3488 5039 3539 5083 et

1970 5115 2295 5170 vivi/iceram
2323 5111 2757 5163 documentorum
2788 5100 3002 5167 inedia,
3023 5104 3171 5172 parvi
3197 5100 3386 5222 pegdes
3409 5103 3433 5154 ?

3305 5185 3433 5222 anis

3305 5185 3464 5224 ARAN.

2045 5255 2120 5318 ('7)
2153 5251 2376 5318 Antiqui
2407 5252 2516 5302 duo
2567 5247 2690 5300 libri
2735 5245 2843 5296 τῶν
2879 5242 3053 5318 μελῷν
3092 5241 3191 5311 τὴν
3223 5241 3536 5318 ὀνομασίαν,

1973 5312 2125 5379 velint
2157 5312 2385 5390 accipias
2411 5321 2474 5372 de
2498 5318 2712 5390 internis
2731 5312 3139 5390 _appel_latienem
3167 5312 3534 5390 membrorum.

1973 5381 2337 5464 AliiquAatu'or
2364 5406 2498 5444 mss.
2534 5397 2586 5440 et
2603 5387 2742 5464 ειηιί
2773 5381 2947 5464 μελῷν
2968 5383 3069 5464 τῂν
3093 5381 3430 5451 νομοθεσίαν.

2047 5453 2132 5534 (8ί)ί
2153 5461 2315 5534 Olim,
2346 5469 2406 5534 ut
2431 5453 2855 5517 notatDucaeus,
2888 5453 3102 5534 in_9liv.
3136 5468 3234 5521 pro
3263 5469 3542 5534 κατασχη-

1981 5524 2218 5605 ματίζων
2267 5531 2546 5605 legebatur
2572 5525 3094 5605 xatagxnyafriCpU,.
3129 5537 3291 5605 quam
3351 5524 3540 5603 lectiq—

1979 5593 2102 5658 item
2123 5593 2285 5655 alteri
2316 5593 2676 5669 praetulimus.
2718 5593 2968 5669 lita‘enini
2994 5594 3096 5669 legi
3129 5594 3346 5669 debere,
3376 5593 3418 5646 si
3458 5593 3542 5647 ui-

1980 5675 2055 5731 hil
2086 5672 2254 5741 aliud,
2288 5662 2404 5743 ipsa
2435 5662 2876 5726 certe'orationis
2899 5662 3070 5723 series
3103 5662 3359 5719 ostendit.
