4052 6214
441 221 540 277 167

1684 223 1740 277 S.
1795 223 2037 278 BASiLll
2085 223 2319 280 MAGNI.

3586 225 3693 281 168

439 339 708 393 Reverere
731 336 921 407 jejunii
953 336 1229 391 canitiem.
1269 335 1401 390 Tam
1434 343 1590 392 vetns
1621 348 1726 403 est,
1755 347 1814 393 ιιι
1845 341 2005 394 simul

2113 343 2312 402 στείας.
2365 343 2748 412 Συνηλικι“ὡτίς
2800 345 2910 396 ἐστι
2956 344 3050 413 τῆς
3095 340 3539 414 ἀνθρωπότητος·
3590 359 3693 413 νη..

438 445 564 485 cum
597 431 818 484 homine
844 427 1064 482 condito
1095 431 1322 498 cmperit
1346 448 1360 483 :
1388 429 1444 483 in
1477 430 1732 498 paradiso
1763 433 2011 500 praescri-

439 530 590 593 ptum
629 529 735 576 est.
767 520 1012 576 Primum
1063 521 1199 574 illud
1245 530 1577 592 praeceptum
1617 525 1829 593 accepit
1874 525 2014 578 Ada-

438 629 602 668 mus:
631 611 708 666 De
752 612 894 682 ligno
945 614 1177 667 scientia:
1217 613 1339 666 boni
1383 622 1434 666 et
1462 613 1593 666 mali
1636 629 1738 667 non
1775 616 2012 670 comede-

439 705 506 758 tis
527 706 569 760 °.
599 704 736 758 Illud
773 712 963 758 autem
987 743 1000 768 ,
1036 720 1142 757 non
1169 703 1474 769 comedetis,
1502 703 1701 773 jejunii
1748 699 1802 758 et
1839 704 2012 759 absti-

437 797 638 852 nentiae
657 797 742 851 lex
761 804 864 851 est.
887 795 944 849 Si
963 811 995 849 a
1018 797 1167 866 ligno
1186 795 1492 866 jejunasset
1507 794 1640 860 Eva,
1664 809 2011 865 nequaquam

438 888 542 942 hoc
564 903 712 942 nunc
739 888 948 956 jejunio
974 901 1114 956 opus
1138 887 1485 942 haberemus.
1511 883 1694 955 Neque
1715 885 1856 939 enim
1879 900 2010 953 opus

436 990 514 1034 est
562 979 853 1034 valentibus
884 979 1103 1038 medico,
1147 977 1236 1031 sed
1282 977 1420 1031 male
1470 976 1840 1031 habentibus".
1881 975 2012 1030 Fui-

437 1085 560 1125 mus
602 1085 700 1139 per
748 1075 1034 1138 peccatum
1085 1067 1230 1132 laesi;
1283 1081 1541 1122 sanemur
1588 1081 1686 1135 per
1735 1065 2010 1135 pmniten-

437 1164 568 1214 tiam
597 1178 610 1214 :
637 1161 956 1228 poenitentia
1006 1168 1186 1213 autem
1238 1159 1356 1213 sine
1391 1158 1601 1227 jejunio
1635 1159 1783 1213 iners
1826 1165 1910 1212 est
1957 1164 2012 1210 et

436 1245 781 1313 infrugifera.
814 1242 1102 1297 Maledicta
1145 1252 1308 1305 terra,
1344 1244 1524 1312 spinas
1555 1252 1602 1296 et
1636 1241 1860 1294 tribulos
1889 1257 2010 1310 ger-

435 1336 656 1390 minabit
687 1336 840 1391 tibi“.
876 1334 933 1388 In
978 1335 1203 1390 tristitia
1233 1335 1415 1389 vivere
1439 1333 1632 1404 jussus
1662 1349 1743 1396 es,
1790 1348 1898 1388 non
1925 1334 2012 1386 in-

436 1427 661 1497 dulgere
690 1426 925 1481 deliciis.
953 1425 1057 1482 Per
1075 1425 1344 1496 jejunium
1369 1425 1678 1481 satisfacito
1709 1423 1838 1480 Deo.
1865 1423 2009 1490 Quin

435 1529 490 1574 et
522 1521 640 1590 ipsa
689 1520 743 1573 in
793 1517 1049 1588 paradiso
1083 1520 1215 1582 vita,
1253 1517 1452 1588 jejunii
1502 1518 1861 1574 simulacrum
1903 1522 2006 1584 est,

436 1626 544 1664 non
586 1611 656 1664 ob
691 1610 746 1664 id
780 1609 943 1664 modo
973 1610 1119 1680 quod
1155 1611 1340 1674 homo,
1377 1609 1656 1664 communi
1685 1623 1810 1662 cum
1843 1622 2009 1677 ange-

2115 435 2266 487 στεία
2297 434 2370 505 (9)
2405 437 2463 487 ἐν
2500 435 2577 505 τῷ
2610 433 3345 507 παραδείσῳηὲνομοθετήθη.
3392 435 3504 504 Τὴν
3538 436 3692 505 πρώ-

2111 543 2209 596 την
2253 525 2470 597 ἐντολὴν
2519 527 2709 580 ἔλαϐεν
2749 527 2955 596 Ἀδάμ·
3028 526 3162 579 Ἀπὸ
3212 526 3315 578 τοῦ
3358 525 3548 588 ξύλου
3581 525 3692 578 τοῦ

2110 617 2423 687 γινώσκειν
2457 619 2646 672 καλὸν
2675 619 2772 671 καὶ
2803 617 3070 686 πονηρὸν
3097 618 3168 669 σὺ
3191 616 3472 684 φάγεσθε.
3509 617 3581 667 Τὸ
3607 617 3690 676 δὲ,

2112 713 2184 765 οὐ
2220 711 2482 781 φάγεσθε
2507 751 2520 774 ,
2561 712 2812 782 νηστείας
2837 710 2952 762 ἐστὶ
2991 710 3083 762 καὶ
3110 708 3436 778 ἐγκρατείας
3466 707 3692 778 νομοθε-

2114 805 2222 856 σία.
2269 805 2332 857 Εἰ
2363 805 2685 873 ὲνήστευσεν
2727 802 2834 856 ἀπὸ
2886 802 2980 854 τοῦ
3027 801 3183 865 ξύλου
3217 803 3250 870 ἡ
3285 801 3431 862 Εὔα,
3477 801 3576 852 οὐκ
3622 800 3693 853 ἂν

3552 873 3816 904 κβ

2110 895 2316 965 ταύτης
2366 895 2460 950 νῦν
2507 895 2766 966 ἐδεόμεθα
2805 894 2918 964 (10)
2967 891 3065 962 τῆς
3113 891 3382 962 νηστείας.
3442 894 3524 945 Οὐ
3576 891 3693 959 γῦρ

2111 987 2318 1055 χρείαν
2349 986 2600 1054 ἔχουσιν
2621 987 2674 1040 οἱ
2705 985 3021 1053 ἰσχύοντες
3055 983 3278 1050 ἰατροῦ,
3311 981 3448 1035 ἀλλ’
3485 985 3538 1035 ol
3583 997 3691 1034 κα-

2112 1079 2229 1146 κῶς
2255 1082 2519 1148 ἔχοντες.
2565 1077 2952 1147 Ἐκακώθημεν
2979 1074 3066 1128 διὰ
3089 1077 3186 1145 τῆς
3207 1074 3500 1144 ἁμαρτίας
3527 1072 3693 1126 ίαθῶ-

2115 1190 2210 1243 μεν
2241 1172 2330 1226 διά
2371 1173 2468 1242 τῆς
2505 1169 2812 1242 μετανοίαςο
2847 1167 3104 1238 μετάνοια
3142 1166 3200 1218 δὲ
3235 1165 3404 1235 χωρὶς
3433 1163 3690 1230 νηστείας

2111 1263 2275 1334 ἀργή.
2329 1260 2787 1328 Ἐπικατάρατος
2832 1261 2870 1326 ὴ
2915 1256 3014 1327 γῆ,
3049 1255 3316 1320 ἀκάνθας
3362 1253 3461 1306 καὶ
3500 1254 3691 1320 τριϐό-

2109 1356 2260 1416 λους
2297 1348 2579 1404 ἀνατελεῖ
2617 1364 2736 1403 σοι.
2779 1343 3107 1412 Στυγνάζειν
3138 1339 3514 1412 προσετάχθης
3550 1337 3688 1406 (ll),

2113 1442 2187 1512 μὴ
2225 1440 2334 1512 γὰρ
2360 1441 2591 1510 τρυφᾷν.
2627 1436 2728 1490 Διὰ
2771 1434 3023 1506 νηστείας
3060 1430 3394 1500 ἀπολόγησαι
3427 1427 3505 1498 τῷ
3542 1427 3687 1496 Θεῷ.

2121 1531 2284 1586 Ἀλλὰ
2321 1532 2418 1584 καὶ
2459 1531 2494 1600 ή
2535 1532 2592 1582 έν
2637 1526 2948 1598 παραδείσῳ
2977 1522 3222 1592 διαγωγὴ
3254 1518 3507 1590 νηστείας
3540 1519 3690 1572 ἐστὶν

2111 1621 2296 1688 εἰκὼν,
2329 1621 2388 1675 οὐ
2407 1673 2411 1678 ,
2420 1620 2577 1691 μόνον
2601 1617 2792 1672 καθότι
2815 1619 2926 1678 τοῖς
2952 1613 3202 1683 ἀγγέλοις
3229 1609 3532 1680 ὁμοδίαιτος
3556 1607 3634 1658 ὢν
3658 1607 3690 1658 ὁ

436 1702 503 1756 lis
532 1702 745 1757 vivendi
775 1702 988 1756 ratione
1021 1711 1206 1769 utens,
1246 1703 1382 1772 ipsis
1410 1701 1744 1756 efﬁciebatur
1783 1699 2003 1760 similis,

2109 1714 2412 1785 ἄνθρωπος,
2431 1712 2518 1765 διὰ
2533 1713 2630 1780 τῆς
2649 1708 2969 1778 ὀλιγαρχίας
2993 1706 3092 1776 τὴν
3111 1705 3245 1774 πρὸς
3269 1701 3464 1763 αὐτοὺς
3490 1697 3692 1770 ὁμοίω-

435 1801 620 1862 utpote
657 1794 846 1864 paucis
871 1801 1205 1859 contentus;
1234 1808 1421 1847 verum
1454 1792 1618 1847 etiam
1653 1790 1819 1860 quod,
1852 1806 2001 1860 qua:-

2106 1825 2189 1860 σιν
2215 1804 2518 1877 κατώρθου,
2539 1802 2652 1856 ἀλλ’
2674 1803 2756 1854 ὅτι
2783 1799 2879 1852 καὶ
2905 1799 3004 1850 ὅσα
3035 1797 3260 1864 ὕστερον
3279 1795 3313 1864 ὴ
3341 1791 3554 1844 έπίνοια
3579 1788 3690 1841 τῶν

435 1900 651 1954 cunque
691 1894 813 1954 post
850 1885 1136 1939 hominum
1169 1883 1432 1954 cogitatio
1456 1890 1763 1938 commenta
1802 1890 1908 1944 est,
1939 1895 2003 1935 ea

2109 1895 2406 1967 ἀνθρώπων
2431 1892 2544 1963 (12)
2578 1890 2822 1960 ἐξεῦρεν,
2853 1887 3006 1941 οὔπω
3039 1888 3148 1948 τοῖς
3179 1887 3236 1938 ἐν
3267 1882 3346 1952 τῷ
3376 1879 3692 1952 παραδείσῳ

434 1976 676 2029 nondum
704 1976 1030 2047 degentibus
1059 1976 1125 2030 in~
1149 1975 1407 2046 paradiso
1455 1973 1766 2044 excogitata
1804 1981 1998 2027 erant:

434 2065 678 2121 nondum
706 2067 822 2122 vini
855 2067 1087 2138 potatio,
1134 2067 1377 2121 nondum
1412 2065 1685 2136 pecudum
1723 2065 2000 2130 mactatio,

435 2171 543 2210 non
572 2158 680 2212 alia
708 2173 1048 2228 quaecunque
1070 2158 1396 2227 perturbant
1421 2165 1657 2212 mentem
1684 2158 2001 2213 humanam.

505 2247 562 2302 4.
597 2247 866 2314 Quoniam
916 2264 1026 2304 non
1053 2249 1451 2318 jejunavimus,
1495 2251 1814 2307 exsulamus
1845 2265 1877 2305 e
1911 2265 2006 2321 pa-

433 2338 621 2394 radiso
649 2339 998 2410 :jejunemus
1034 2339 1219 2410 igitur,
1249 2348 1312 2395 ut
1351 2341 1421 2395 ad
1455 2341 1607 2396 illum
1642 2351 2002 2398 revertamur.

433 2430 516 2484 An
549 2445 660 2485 non
691 2431 867 2496 vides,
915 2433 1190 2501 quomodo
1217 2431 1460 2488 Lazarus
1489 2448 1586 2503 per
1604 2433 1874 2503 jejunium
1921 2434 2006 2488 in-

434 2538 660 2594 gressus
701 2529 786 2580 est
817 2523 1132 2593 paradisum
1153 2523 1220 2577 ’7
1249 2522 1371 2578 Noli
1415 2525 1619 2580 imitari
1654 2526 1780 2581 Eva:
1817 2525 2007 2581 inobe—

433 2617 716 2682 dientiam,
744 2617 856 2672 noli
876 2631 1072 2672 rursus
1107 2627 1415 2687 serpentem
1445 2619 1502 2672 in
1523 2619 1814 2674 consilium
1843 2619 2003 2673 adhi-

432 2708 582 2775 bere,
629 2707 872 2763 edulium
915 2707 984 2761 ad
1015 2721 1238 2763 carnem
1276 2710 1498 2765 mollius
1539 2709 1840 2764 curandam
1880 2724 2007 2780 pro-

431 2806 746 2868 ponentem.
789 2798 866 2854 Ne
897 2802 1145 2858 causeris
1177 2802 1425 2870 corporis
1472 2801 1748 2856 inﬁrmam
1791 2801 2003 2857 valetu-

433 2887 616 2943 dinem
679 2904 742 2943 ac
799 2889 1150 2947 debilitatem.
1223 2891 1408 2962 Neque
1467 2892 1614 2945 enim
1675 2891 1809 2946 mihi
1868 2892 2005 2948 istas

2105 1985 2475 2056 διαιτωμένοις
2501 1982 2840 2052 έπενενὸητο’
2866 1978 3021 2032 οὐπω
3043 1975 3364 2037 οἰνοποσίαι,
3387 1971 3540 2026 οὐπω
3561 1971 3694 2034 ζωο-

2109 2077 2310 2142 θυσίαι,
2338 2077 2438 2146 οὐχ
2465 2077 2565 2128 ὅσα
2594 2075 2685 2130 τὸν
2714 2073 2838 2129 νοῦν
2865 2069 3108 2126 έπιοολοῖ
3132 2067 3226 2126 τὸν,
3255 2062 3615 2137 ἀνθρώπινον.

2150 2257 2206 2312 4.
2223 2255 2438 2327 Ἐπειδὴ
2453 2254 2550 2307 οὐκ
2569 2251 2679 2323 (15)
2692 2249 3114 2323 ὲνηστεύσαμεν,
3131 2245 3461 2316 έξεπέσομεν
3471 2241 3564 2296 τοῦ
3579 2259 3687 2294 πα-

2110 2349 2376 2422 ραδείσουο
2395 2345 2776 2418 νηστεύσωμεν
2791 2342 2989 2406 τοίνυν,
3009 2341 3098 2393 ἵνα
3112 2337 3248 2409 πρὸς
3270 2336 3432 2390 αὐτὸν
3455 2332 3688 2388 ἐπανέλ-

2108 2442 2308 2512 θωμεν.
2327 2439 2438 2508 Οὐχ
2456 2439 2586 2510 ὁρᾷς
2606 2437 2697 2490 τὸν
2717 2435 2984 2506 Λάζαρον,
3019 2431 3138 2494 πῶς
3162 2431 3251 2484 διὰ
3294 2427 3547 2499 νηστείας
3571 2429 3686 2479 εἱσ-

2104 2534 2268 2603 ἦλθεν
2331 2533 2412 2593 είς
2449 2531 2539 2584 τὸν
2577 2527 2942 2600 παράδεισον;
2987 2525 3079 2596 Μὴ
3125 2524 3340 2593 μιμήσῃ
3388 2519 3489 2589 τῆς
3540 2518 3686 2581 Εὔας

2107 2625 2205 2695 τὴν
2254 2622 2559 2694 παρακοὴν,
2617 2621 2692 2690 μὴ
2737 2618 2899 2672 πάλιν
2944 2613 3243 2687 σύμϐουλον
3283 2610 3563 2682 παραδέξῃ
3592 2611 3687 2662 τὸν

2107 2715 2230 2786 ὅφιν
2260 2714 2395 2784 (14),
2425 2712 2600 2781 φειδοῖ
2631 2711 2728 2780 τῆς
2759 2707 2958 2779 σαρκὸς
2993 2706 3092 2776 τὴν
3134 2704 3334 2776 βρῶσιν
3368 2699 3687 2770 ὑποτιθέμε-

2110 2822 2222 2860 νον.
2256 2805 2347 2876 Mi)
2381 2801 2718 2876 προφασίζου
2749 2797 3057 2871 ἀρρωστίαν
3089 2793 3336 2865 σώματος
3369 2793 3464 2846 καὶ
3491 2790 3687 2846 ἀδυνα-

2115 2900 2262 2970 μίαν.
2287 2897 2361 2951 Οὐ
2383 2895 2490 2965 γὰρ
2513 2894 2637 2965 ἐμοὶ
2663 2893 2760 2955 τὰς
2786 2891 3110 2963 προφάσεις,
3137 2887 3272 2941 ἀλλὰ
3292 2886 3371 2958 τῷ
3390 2886 3499 2958 (15)
3521 2885 3687 2939 εἰδότι

433 2980 818 3035 excusationes
858 2980 1107 3051 profers,
1152 2982 1248 3038 sed
1296 2981 1492 3038 scienti
1537 2982 1696 3037 dicis.
1741 2983 1874 3054 Age,
1916 2985 2005 3040 dic

2111 2990 2308 3059 λέγεις.
2326 2986 2627 3058 Νηστεύειν
2648 2985 2708 3038 οὐ
2734 2984 2960 3038 δύνασαι
2982 2981 3125 3054 (εἰπέ
3151 2981 3261 3053 μοι)
3285 2997 3300 3045 ;
3329 2978 3686 3051 κορέννυσθαι

437 3072 597 3137 mihi,
631 3071 883 3142 jejunare
916 3089 1024 3129 non
1046 3083 1224 3146 potes,
1248 3082 1303 3129 et
1327 3083 1481 3144 potes
1503 3074 1764 3129 continuo
1794 3052 2001 3145 erpleri

2109 3084 2160 3137 δὲ
2183 3052 2284 3136 ,διὰ
2319 3052 2457 3150 βίού,
2493 3080 2587 3134 καὶ
2630 3078 2932 3149 συντρίϐειν
2974 3052 3033 3128 τὸ
3069 3052 3225 3146 σῶμα
3267 3073 3344 3144 τῷ
3379 3073 3534 3146 βάρει
3573 3071 3685 3126 τῶν

434 3163 594 3226 cibis,
628 3173 782 3233 potes
809 3165 1083 3221 conﬁcere
1109 3180 1311 3235 corpus
1336 3164 1577 3234 pondere
1599 3167 1891 3220 escarum?
1917 3167 2006 3222 At-

432 3256 527 3325 qui
570 3255 803 3312 infirmis
852 3271 966 3311 non
997 3256 1248 3333 ciborum
1276 3259 1617 3324 varietatem,
1641 3259 1736 3315 sed
1769 3259 2004 3315 inediam

432 3358 488 3401 et
534 3348 920 3403 abstinentiam
973 3364 1004 3402 a
1048 3349 1274 3405 medicis
1311 3351 1488 3406 solere
1535 3352 1815 3422 praescribi
1865 3353 2000 3409 scio.

433 3438 538 3506 Qui
569 3441 629 3494 fit
662 3440 828 3511 igitur
858 3447 939 3505 ut,
969 3456 1096 3495 cum
1127 3442 1233 3496 ista
1262 3442 1466 3512 possis,
1496 3443 1588 3496 illa
1620 3452 1672 3498 te
1703 3459 1812 3498 non
1846 3459 2006 3513 posse

434 3533 717 3588 causeris?
767 3529 960 3586 Utrum
1013 3532 1192 3588 ventri
1244 3531 1460 3588 facilius
1515 3543 1600 3589 est
1657 3535 1809 3588 tenui
1858 3535 2005 3589 victu

433 3626 809 3681 transmittere
847 3633 1088 3692 noctem,
1128 3639 1199 3678 an
1232 3624 1392 3694 copia
1438 3625 1686 3680 ciborum
1720 3635 2005 3697 gravatum

429 3717 652 3786 jacere?
695 3718 806 3772 imo
845 3733 914 3772 ne
934 3717 1117 3786 jacere
1147 3716 1389 3786 quidem,
1425 3716 1519 3772 sed
1565 3719 1761 3773 crebro
1803 3718 1910 3773 huc
1951 3727 2006 3774 et

435 3809 542 3862 huc
585 3809 746 3874 verti,
798 3808 1170 3864 dehiscentem
1212 3822 1276 3862 ac
1306 3809 1679 3864 stridentem?
1721 3808 1835 3864 Nisi
1868 3809 2007 3864 forte

434 3899 684 3955 dicturus
705 3914 766 3955 es
793 3899 950 3964 illud,
978 3901 1120 3970 quod
1146 3901 1389 3954 naucleri
1421 3899 1638 3955 facilius
1667 3911 1886 3956 servant
1913 3917 2008 3955 na-

433 3993 542 4046 vim
587 3993 823 4047 sarcinis
873 4000 1130 4048 onustam
1169 4008 1333 4062 quam
1371 4007 1492 4048 eam
1544 4006 1664 4060 quae
1703 3993 2007 4061 expeditior

433 4092 518 4138 est
552 4097 614 4136 ac
647 4083 840 4137 levior.
881 4083 1014 4137 Nam
1064 4086 1248 4140 oneris
1289 4082 1668 4152 magnitudine
1703 4091 2000 4152 gravatam,

434 4175 688 4244 quamvis
730 4174 962 4243 exiguus
994 4172 1192 4228 fluctus
1233 4174 1488 4227 adoriens
1517 4171 1820 4239 demergit;
1871 4187 2005 4228 con-

436 4274 541 4331 tra,
575 4265 735 4334 cujus
769 4267 986 4320 sarcina
1034 4265 1314 4320 moderata
1357 4275 1442 4320 est
1491 4280 1555 4320 ac
1608 4265 1842 4330 modica,
1891 4265 2006 4320 hac

2105 3174 2434 3243 ἐσθιομένων
2465 3172 2728 3235 δύνασαι;
2780 3170 2890 3223 Καὶ
2940 3169 3046 3239 μὴν
3075 3169 3188 3231 τοῖς
3218 3165 3532 3220 ἀσθενοῦσιν
3563 3165 3687 3236 οὐχὶ

2108 3265 2412 3335 βρωμάτων
2455 3261 2745 3326 ποικιλίαν,
2787 3260 2902 3314 ἀλλ’
2945 3258 3158 3313 ἀσιτίαν
3195 3258 3290 3311 καὶ
3331 3257 3535 3311 ἔνδειαν
3567 3251 3686 3310 οῖδα

2105 3357 2231 3420 τοὺς
2273 3356 2489 3425 ἰατροὺς
2523 3354 2937 3415 ὲπιτάσσοντας.
2979 3345 3104 3415 Πῶς
3135 3347 3228 3404 οὐν
3261 3351 3290 3404 ὁ
3319 3349 3492 3402 ταῦτα
3524 3349 3685 3403 δυνά-

2109 3463 2288 3516 μενος,
2331 3447 2513 3498 ἐκεῖνα
2547 3443 2858 3516 προφασίζῃ
2893 3443 2967 3514 μὴ
3000 3442 3256 3497 δύνασθαι
3286 3458 3299 3506 ;
3335 3441 3400 3493 Τί
3433 3439 3684 3494 εὐκοπώ-

2106 3557 2260 3610 τερον
2291 3541 2358 3609 τῇ
2392 3536 2625 3608 γαστρί;
2657 3534 2893 3606 λιτότητι
2933 3534 3142 3606 διαίτης
3185 3537 3544 3606 παρενεγκεῖν
3581 3535 3683 3607 τὴν

2107 3630 2297 3692 νύκτα,
2327 3629 2360 3698 ἢ
2391 3628 2637 3699 δαψιλείᾳ
2672 3626 2974 3700 βρωμάτων
3015 3626 3395 3698 βεϐαρημένην
3428 3626 3681 3691 κεῖσθαι;

2111 3721 2308 3793 μᾶλλον
2335 3721 2392 3774 δὲ
2424 3721 2558 3790 μηδὲ
2581 3720 2816 3784 κεῖσθαι,
2843 3719 2978 3772 ἀλλὰ
3008 3718 3186 3771 πυκνὰ
3210 3717 3683 3789 μεταστρέφεσθαι

2105 3811 2575 3886 διαῤῥηγνυμένην
2609 3811 2703 3864 καὶ
2746 3810 3073 3874 στένουσαν;
3107 3811 3157 3862 εί
3193 3809 3266 3880 μὴ
3303 3809 3398 3864 καὶ
3425 3811 3551 3873 τοὺς
3583 3827 3683 3863 κυ-

2109 3905 2370 3973 ϐερνήτας
2394 3902 2585 3972 φήσεις
2615 3900 2986 3970 βαρυνομένην
3007 3901 3120 3963 τοῖς
3149 3899 3450 3968 άγωγίμοις
3478 3897 3682 3953 ὁλκάδα

2107 3993 2466 4064 εὐκολώτερον
2501 3991 2691 4056 σώζειν
2731 3991 2830 4062 τῆς
2867 3990 3292 4061 εὐσταλεστέρας
3324 3989 3417 4042 καὶ
3447 3989 3675 4073 κούφης.

3637 4058 3778 4079 -ι-μιρ

2108 4086 2216 4156 Τὴν
2253 4085 2352 4155 μὲν
2379 4083 2486 4153 γὰρ
2519 4081 2888 4152 πεπιεσμένην
2916 4080 2994 4150 τῷ
3027 4081 3218 4152 πλήθει
3249 4079 3474 4152 βραχεῖα
3508 4081 3680 4153 κύμα-

2106 4193 2196 4240 τος
2220 4175 2583 4234 έπανάστασις
2622 4172 3033 4226 κατεῦάπτισεν·
3064 4173 3097 4240 ἡ
3128 4171 3185 4223 δὲ
3213 4171 3540 4241 συμμέτρως
3568 4170 3679 4223 τῶν

2107 4267 2403 4340 ἀγωγίμων
2445 4265 2643 4334 ἔχουσα
2685 4263 2883 4335 ῥᾳδίως
2927 4263 3212 4333 ὑπεραίρει
3258 4261 3349 4314 τοῦ
3385 4261 3676 4326 κλύδωνος,

438 4358 601 4413 facile
633 4357 831 4412 fluctus
861 4365 1106 4426 superat,
1142 4373 1208 4412 eo
1241 4357 1385 4427 quod
1431 4371 1550 4411 eam
1583 4357 1666 4414 his
1693 4357 1809 4412 fieri
1847 4357 2005 4412 altio-

2109 4345 2318 4420 οὐδενὸς
2362 4355 2740 4427 ἐμποδίζοντος
2790 4354 2958 4423 αὐτὴν
3013 4353 3348 4424 ὑψηλοτέραν
3401 4353 3672 4422 γενέσθαι.

432 4466 549 4506 rem
593 4450 851 4519 impediat
877 4420 1030 4504 nihil.
1067 4420 1332 4503 Eumdem
1373 4449 1442 4502 ad
1489 4449 1710 4503 modum
1739 4456 1793 4503 et
1833 4448 2002 4502 homi-

2109 4449 2216 4502 Καὶ
2243 4448 2420 4500 τοίνυν
2451 4447 2518 4500 τά
2555 4446 2664 4499 τῶν
2694 4444 2993 4516 ἀνθρώπων
3025 4445 3273 4515 σώματα,
3320 4448 3534 4514 συνεχεῖ
3577 4446 3677 4517 μὲν

433 4558 564 4599 num
595 4555 827 4613 corpora
854 4541 1076 4596 assidua
1109 4541 1419 4611 expletione
1453 4540 1744 4610 degravata
1779 4540 1938 4595 facile
1969 4556 2000 4594 a

434 4634 640 4690 morbis
668 4635 1089 4704 demerguntur;
1117 4648 1241 4701 qua:
1263 4647 1392 4687 vero
1415 4631 1561 4686 facili
1593 4633 1805 4702 levique
1836 4642 2002 4687 utun-

434 4734 524 4779 tur
567 4725 846 4788 alimonia,
892 4738 1003 4778 non
1048 4723 1212 4778 modo
1243 4722 1390 4792 quod
1427 4738 1495 4778 ex
1536 4721 1726 4777 morbo
1755 4721 2001 4778 imminet

2104 4539 2182 4610 τῷ
2213 4539 2361 4609 κόρῳ
2399 4536 2903 4608 καταϐαρυνόμενα,
2945 4537 3180 4600 εὐκόλως
3223 4537 3526 4608 ὑποϐρύχια
3556 4541 3677 4601 ταῖς

2106 4629 2443 4702 ἀρρωστίαις
2469 4629 2697 4696 γίνεταιο
2725 4627 2974 4680 εὐσταλεῖ
2995 4628 3052 4680 δὲ
3086 4629 3178 4681 καὶ
3207 4629 3384 4708 κούφῃ
3411 4632 3475 4700 τῇ
3497 4631 3674 4700 τροφῇ

2106 4718 2441 4792 κεχρημένα,
2492 4717 2676 4771 καὶτὸ
2710 4717 3154 4790 προσδοκώμενον
3197 4721 3260 4772 ἐκ
3307 4721 3461 4772 νόσου
3502 4720 3676 4775 κακὸν

505 4905 527 4934 ⁸
555 4901 688 4958 Gen.
723 4919 785 4971 ιι,
823 4903 908 4957 l7.
985 4903 1006 4934 ⁷
1043 4900 1236 4956 Matth.
1271 4913 1346 4968 Ix,
1390 4899 1475 4954 l2.
1551 4899 1573 4932 ⁸
1598 4897 1732 4954 Gen.
1768 4914 1848 4962 ιιι,
1882 4899 1967 4964 l7,

2170 4899 2190 4930 ⁹
2223 4897 2354 4952 Luc.
2383 4913 2494 4963 xvr,
2521 4897 2705 4954 20-51.

507 5056 583 5125 (9)
616 5055 976 5126 Augustinus,
1006 5070 1134 5110 cum
1165 5059 1448 5126 peccatum
1478 5051 1741 5126 originale
1771 5055 2003 5126 probare

434 5122 615 5188 vellet,
639 5122 784 5182 hunc
802 5127 991 5182 Basilii
1018 5122 1197 5180 locum
1223 5125 1454 5194 protulit
1484 5122 1582 5177 lib.
1610 5122 1999 5186 lContralul.,

997 5253 1327 5322 Colhertinis
1371 5277 1469 5334 pro
1503 5261 1762 5332 ἐδεόμεθα
1809 5263 2004 5334 legitur

844 5405 1018 5478 codex
1059 5405 1260 5478 Regius
1313 5404 1630 5474 στυγνάζειν
1673 5402 1997 5473 ὲπετάχθπς.

436 5475 806 5531 Αιίιιε’ἰιί‹1εῐιι
843 5475 1043 5545 Regius
1082 5476 1335 5544 ἐτάχθης.

507 5547 618 5614 (1‘2)
648 5545 780 5616 Reg.
807 5543 1080 5600 secundus
1111 5543 1219 5608 τοῖς
1243 5543 1565 5616 ἀνθρώποις.
1594 5545 1710 5600 Νεε.
1729 5543 1802 5596 ita
1833 5543 2001 5596 multo

438 5624 558 5688 post
577 5618 707 5673 editi
736 5615 1104 5688 διαιτωμένοις
1128 5615 1461 5687 ὲπενενόητο.
1485 5616 1629 5672 Libri
1653 5623 1859 5674 veteres
1885 5617 2001 5668 ἐπι-

2105 5053 2354 5122 νενόητο..

2201 5124 2268 5176 15
2301 5123 2481 5176 Codex
2512 5139 2653 5177 unus
2686 5123 2805 5175 ἐπεὶ
2832 5123 2888 5176 δὲ
2913 5123 2993 5177 ὲκ.

2201 5191 2671 5277 l4)‘Re.g.npr'imus
2687 5195 2761 5246 ita
2785 5193 3019 5276 habetin
3036 5203 3309 5277 contentu,
3503 5211 3676 5277 παρα-

2103 5262 2230 5335 δέξῃ
2259 5263 2349 5316 τὸν
2377 5262 2766 5335 ἐχθρὸνηεαυε
2804 5265 3076 5317 inimicum
3104 5262 3352 5319 adhibeas
3389 5262 3440 5335 in
3495 5262 3677 5318 consi-

2106 5332 2234 5403 lium
2264 5347 2279 5382 :
2315 5340 2370 5385 at
2402 5335 2456 5385 in
2480 5332 2582 5386 ora
2607 5332 2729 5403 libri
2765 5335 3025 5401 seriptum
3053 5336 3327 5389 invenitur
3353 5334 3446 5387 τὸν
3472 5335 3614 5403 ὅφιν.

2175 5402 2286 5472 (15)
2327 5403 2457 5455 Illud
2500 5402 2751 5471 loquendi
2793 5418 2988 5472 genus.
3033 5405 3190 5456 εἰδότι
3233 5405 3430 5471 λέγεις,
3483 5402 3675 5458 scienti

2107 5472 2259 5533 dicis,
2278 5473 2330 5525 in
2355 5474 2622 5541 proverbii
2657 5474 3105 5528 consuetudinem
3124 5475 3356 5538 venisse,
3385 5484 3566 5530 monet
3591 5477 3674 5526 vir

2109 5542 2459 5613 doctissimus
2513 5543 2760 5595 Ducarus.
2818 5543 2947 5613 Ejus
3005 5545 3427 5602 eruditissimum
3483 5557 3671 5600 notam

2109 5612 2340 5670 studiosi
2377 5613 2550 5686 legere
2573 5612 2868 5684 poterunt.
3216 5629 3222 5636 '
