4052 6214
314 341 412 393 169

1551 338 1634 392 DE
1672 333 1946 391 JEJUNIO
1987 336 2270 391 llOMlLiA
2311 335 2349 390 Ι.

3483 335 3583 390 170

313 453 495 520 ὥσπερ
530 453 798 521 χειμῶνος
824 451 1198 504 ἐπανάστασιν
1227 451 1551 520 ὑπεξέφυγε,
1585 453 1681 504 καὶ
1712 452 1773 504 τὸ
1806 451 1903 520 ἤδη

2013 453 2234 516 malum,
2270 455 2416 505 velut
2460 449 2710 519 procellae
2751 451 3015 506 assultum
3041 451 3043 454 ⁴
3073 447 3358 520 eliugiunt,
3393 463 3581 505 verum

318 545 481 614 παρὸν
516 544 751 615 ὀχληρὸν
787 543 980 614 ῶσπερ
1013 543 1134 596 τινὰ
1168 542 1279 612 (l6)
1307 543 1558 607 σπιλάδος
1595 544 1892 613 ἐπιδρομὴν

317 638 678 708 διεκρούσατο.
723 633 909 689 *Ηπου
953 637 1048 689 καὶ
1088 636 1148 689 τὸ
1181 637 1470 706 ἡσυχάζειν
1513 637 1652 690 κατὰ
1703 637 1762 688 σὲ
1803 636 1893 688 τοῦ

319 730 522 798 τρέχειν
560 728 991 797 ἐπιπονώτερον,
1029 729 1122 780 καὶ
1154 729 1248 780 τοῦ
1287 728 1536 782 παλαίειν
1565 729 1623 780 τὸ
1650 730 1892 798 ἠρεμεῖν·

320 821 471 890 εἰπερ
503 816 594 872 οὖν
624 819 721 872 καὶ
751 820 814 872 τὸ
843 821 1056 890 τρυφᾷν
1098 819 1192 871 τοῦ
1236 819 1396 882 λιτῶς
1436 818 1548 890 (Π)
1591 817 1898 871 διαιτᾶσθαι

315 917 418 976 τοῖς
445 911 738 965 ἀσθενοῦσι
904 908 1042 964 εἶναι
1073 909 1555 980 καταλληλότερον.
1601 909 1664 961 Ἦ
1695 909 1802 978 γὰρ
1829 909 1902 960 oi-

316 1005 617 1074 γοιθομοῦσα
652 1004 715 1055 τὸ
744 1002 883 1065 ζῶον
914 1003 1145 1071 δύναμις
1180 1002 1508 1071 αὐτάρκειαν
1552 1001 1650 1070 μὲν
1692 1000 1784 1052 καὶ
1817 999 1899 1050 λι-

314 1097 508 1167 τότητα
547 1095 752 1165 ῥᾳδίως
788 1095 1220 1164 κατειργάσατο,
1262 1093 1356 1145 καὶ
1391 1093 1634 1162 ᾠκείωσε
1667 1091 1746 1161 τῷ
1774 1108 1900 1161 τρε-

318 1188 547 1257 φομένῳ·
579 1185 936 1238 πολυτέλειαν
965 1185 1020 1237 δὲ
1044 1186 1139 1237 καὶ
1165 1184 1436 1237 ποικιλίαν
1467 1183 1769 1254 βρωμάτων
1798 1200 1903 1234 πα-

321 1277 644 1352 ραλαϐοῦσα,
688 1276 807 1330 εἶτα
839 1279 1112 1346 ἀντισχεῖν
1145 1277 1282 1349 πρὸς
1310 1276 1370 1327 τὸ
1406 1276 1578 1346 πέρας
1610 1275 1711 1327 οὐκ
1744 1274 1902 1345 ἐξαρ-

321 1371 538 1430 κέσασα,
572 1368 645 1421 τά
673 1366 895 1419 ποικίλα
930 1367 1060 1435 γένη
1090 1365 1195 1418 τῶν
1225 1365 1545 1434 νοσημάτων
1578 1365 1851 1434 ἐποίησεν.

393 1648 440 1701 5.
478 1647 617 1698 Ἀλλ’
637 1646 732 1696 ἐπὶ
768 1644 865 1714 τὴν
897 1643 1140 1714 ἱστορίαν
1177 1642 1478 1712 βαδιζέτωὸ
1498 1643 1655 1710 λόγος
1679 1642 1812 1714 (18),
1842 1643 1903 1695 τὸ

325 1742 536 1812 ἀρχαῖον
566 1739 668 1808 τῆς
702 1737 960 1805 νηστείας
994 1736 1204 1800 διεξιών
1226 1753 1237 1764 ·
1278 1737 1371 1787 καὶ
1423 1737 1572 1798 ὅπως
1624 1735 1823 1798 πάντες
1853 1736 1902 1788 οἱ

326 1835 480 1898 ἅγιοι,
533 1827 727 1897 ὥσπερ
775 1827 897 1879 τινὰ
946 1826 1147 1895 κλῆρον
1206 1822 1456 1894 πατρῷον
1509 1821 1900 1893 διαδεξάμενοι,
1936 1801 1977 1854 Β

327 1922 457 1974 οῦτω
502 1918 848 1987 διεφύλαξαν,
898 1919 1084 1987 πατὴρ
1127 1915 1274 1967 παιδὶ
1321 1914 1741 1986 παραδιδόντες·
1779 1913 1901 1966 ὅθεν

331 2015 414 2066 καὶ
449 2015 526 2074 είς
572 2013 726 2080 ἡμᾶς
785 2008 1078 2077 ἀκολουθίᾳ
1117 2006 1361 2076 διαδοχῆς
1407 2004 1639 2074 διεσώθη
1671 2005 1734 2058 τὸ
1773 1997 1904 2074 κτῆέ

333 2122 404 2174 μα
422 2103 550 2173 (19).
586 2104 703 2155 Οὐκ
730 2097 798 2170 ἦν
826 2101 884 2152 ὲν
910 2098 986 2168 τῷ
1010 2098 1318 2170 παραδείσῳ
1343 2094 1480 2159 οἶνος
1500 2136 1514 2157 ,
1543 2095 1694 2150 οὔπω
1711 2095 1905 2159 ζωοθυ-

331 2197 430 2248 σίαι
452 2235 466 2258 ,
495 2193 653 2246 οῦπω
684 2191 1052 2260 κρεωφαγίαι.
1098 2188 1246 2240 Μετὰ
1291 2189 1381 2240 τὸν
1423 2187 1806 2258 κατακλυσμὸν
1834 2184 1904 2239 οἷ-

328 2302 439 2349 νος·
486 2285 627 2354 μετὰ
673 2284 766 2335 τὸν
816 2280 1225 2350 κατακλυσμὸν,
1266 2279 1532 2349 Φὰγεσθε
1584 2279 1780 2332 πάντα
1823 2279 1904 2344 ὡς

328 2376 555 2443 λάχανα
589 2375 832 2443 χόρτου.
865 2373 995 2423 Ὅτε
1030 2369 1355 2440 ἁπεγνώσθη
1394 2372 1426 2440 ἡ
1456 2369 1754 2432 τελείωσις,
1782 2369 1900 2421 τότε

333 2465 678 2536 συνεχωρήθη
725 2467 758 2535 ἡ
806 2463 1123 2526 ἀπόλαυσις.
1162 2464 1368 2530 Δεῖγμα
1415 2460 1470 2512 δὲ
1502 2460 1601 2530 τῆς
1633 2460 1726 2512 τοῦ
1759 2460 1902 2512 οἴνου

329 2559 578 2628 ἀπειρίας
613 2555 741 2608 Νῶε
775 2554 986 2622 ἀγνοῶν
1031 2553 1125 2605 τοῦ
1156 2553 1301 2604 οἴνου
1341 2552 1439 2622 τὴν
1477 2553 1690 2622 χρῆσιν.
1737 2550 1904 2603 Οὔπω

330 2649 430 2716 γάρ
475 2649 555 2708 εἰς
584 2648 678 2699 τὴν
713 2647 824 2716 βίον
855 2644 1238 2716 παρεληλύθει,
1273 2643 1379 2696 οὐδ’
1415 2644 1698 2712 ὲτέτριπτο
1739 2645 1794 2695 ἐν
1837 2645 1900 2713 τῇ

333 2740 578 2808 συνηθείᾳ
614 2742 682 2808 τῇ
730 2738 839 2790 τῶν
871 2737 1192 2808 ἀνθρώπων.
1231 2733 1369 2788 Οὔτε
1403 2730 1495 2787 οὖν
1527 2735 1684 2789 ἄλλον
1718 2735 1904 2787 τεθεα-

337 2834 501 2902 μένος,
533 2831 660 2884 οὒτε
704 2831 868 2892 αὐτὸς
918 2829 1218 2899 πειραθεὶς,
1253 2831 1319 2898 τῇ
1374 2829 1468 2880 ἀπ’
1517 2826 1682 2881 αὐτοῦ
1731 2827 1902 2899 βλάϐῃ

334 2925 651 2993 περιέπεσεν
713 2921 1040 2988 ἀφυλάκτως
1074 2935 1087 2947 ·
1145 2921 1468 2987 Ὲφύτευσε
1503 2919 1611 2987 γὰρ
1633 2918 1904 2987 ἄμπελον

334 3016 469 3077 Νῶε,
513 3017 612 3068 καὶ
643 3017 814 3068 ἔπιεν
842 3013 962 3067 ἀπὸ
997 3011 1104 3065 τοῦ
1138 3011 1391 3079 καρποῦ,
1437 3011 1536 3065 καὶ
1567 3012 1899 3080 ἐμεθύσθηῃ

339 3108 448 3176 οῡχὶ
486 3107 563 3176 τῷ
609 3106 870 3176 πάροινος
903 3100 1063 3167 εἶναι,
1099 3103 1234 3156 ἀλλὰ
1265 3102 1342 3172 τῷ
1373 3102 1596 3173 ἄπειρος
1628 3099 1766 3156 εἶναι
1795 3103 1902 3156 τῶν

339 3204 539 3273 μὰτρων
590 3201 694 3269 τῆς
744 3199 1112 3270 μεταλήψεως.
1149 3197 1305 3250 Οὕτω
1359 3196 1694 3269 νεαρώτερον
1726 3214 1902 3269 παρα-

336 3293 500 3346 δείσου
535 3293 598 3345 τὸ
627 3292 843 3362 εὕρημα
874 3291 972 3360 τῆς
999 3289 1326 3352 οίνοποσίας,
1356 3291 1449 3342 καὶ
1477 3289 1648 3351 οὕτως
1677 3291 1901 3359 ἀρχαῖον

338 3387 392 3438 τὸ
427 3387 520 3456 τῆς
550 3384 805 3454 νηστείας
841 3383 1054 3453 σεμνόν.
1096 3382 1255 3434 Ἀλλά
1295 3383 1390 3436 καὶ
1419 3383 1658 3436 Μωῦσέα
1694 3383 1783 3436 διὰ
1811 3402 1904 3453 νη·-

343 3478 510 3540 στείας
561 3477 809 3546 ἔγνωμεν
847 3475 1220 3545 προσϐαλόντα
1259 3474 1337 3543 τῷ
1381 3476 1514 3546 ὄρει.
1551 3475 1624 3528 Οὐ
1676 3475 1783 3546 γὰρ
1836 3475 1902 3527 ἂν

338 3570 697 3638 κατετόλμησε
756 3565 1158 3636 καπνιζομὲνης
1215 3571 1312 3637 τῆς
1360 3568 1635 3638 κορυφῆς,
1686 3567 1793 3620 οὐδ’
1836 3568 1902 3621 ἂν

338 3662 627 3733 ἐθάρσησεν
665 3660 928 3713 εἰσελθεῖν
972 3662 1050 3721 είς
1085 3660 1174 3711 τὸν
1213 3661 1430 3729 γνόφον,
1467 3662 1515 3712 εί
1560 3659 1632 3729 μὴ
1679 3660 1902 3729 νηστείᾳ

337 3752 693 3804 καθώπλιστο.
753 3751 852 3804 Διὰ
896 3751 1150 3820 νηστείας
1197 3751 1294 3822 τὴν
1323 3742 1561 3818 ’ἐντολὴν
1613 3749 1903 3813 ὑπεδέξατο

335 3846 570 3916 δακτύλῳ
621 3844 757 3897 Θεοῦ
788 3846 1089 3912 γραφεῖσαν
1136 3844 1192 3894 ὲν
1242 3845 1360 3906 ταῖς
1403 3840 1585 3904 πλαξε.
1638 3841 1746 3893 Καὶ
1791 3843 1904 3895 ἄνω

339 3936 427 4005 μὲν
466 3938 498 4004 ἡ
540 3933 766 4004 νηστεία
809 3929 1130 4000 νομοθεσίας
1168 3929 1427 4000 πρόξενος
1474 3923 1562 3998 ἦν,
1607 3925 1754 3978 κάτω
1779 3926 1835 3978 δὲ
1869 3926 1900 3994 ἡ

335 4025 741 4096 γαστριμαργία
767 4025 845 4085 είς
893 4020 1330 4090 είδωλολατρείαν
1366 4018 1629 4088 ὲξέμηνεν
1664 4035 1675 4045 ·
1716 4018 1904 4072 Ἐκάθ-

333 4141 420 4179 ισε
461 4126 569 4194 γὰρ
619 4127 652 4176 ὁ
687 4123 837 4187 λαὸς
881 4119 1094 4190 φαγεῖν
1140 4120 1233 4173 καὶ
1283 4119 1460 4182 πιεῖν,
1514 4118 1610 4169 καὶ
1658 4113 1904 4178 ἀνέστη-

331 4232 446 4270 σαν
467 4213 718 4276 παίζειν.
749 4213 1167 4285 Τεσσαράκοντα
1201 4210 1422 4282 ἡμερῶν
1446 4207 1771 4278 προσεδρίαν
1792 4203 1902 4274 (20)

332 4310 676 4379 νηστεύοντος
716 4307 809 4359 καὶ
854 4305 1107 4374 δεομένου
1153 4302 1244 4356 τοῦ
1279 4301 1604 4372 θεράποντος
1633 4295 1902 4367 ἄχρηστον

332 4399 606 4464 ἀπέδειξεν
649 4396 962 4465 οἰνοφλυγία
1013 4395 1128 4464 μία.
1167 4394 1262 4456 ’Ᾱς
1289 4394 1394 4463 γάρ
1421 4393 1454 4461 ὴ
1489 4389 1711 4460 νηστεία
1745 4385 1902 4438 ἔλαϐε

332 4488 538 4551 πλάκας
581 4486 830 4554 δακτύλῳ
854 4484 989 4537 Θεοῦ
1020 4482 1429 4553 γεγραμμένας,
1464 4477 1664 4539 ταύτας
1691 4480 1724 4547 ἡ
1764 4475 1901 4545 μέθη
1937 4497 1978 4549 ι)

333 4580 670 4652 συνέτριψεν,
717 4580 817 4631 οὐκ
860 4578 1009 4643 ἄξιον
1042 4577 1322 4647 κρίναντος
1349 4573 1442 4626 τοῦ
1491 4571 1769 4641 προφήτου
1810 4585 1903 4637 με-

333 4669 521 4723 θύοντα
554 4669 686 4720 λαῢν
720 4665 1123 4737 νομοθετεῖσθαι
1160 4663 1310 4732 παρὰ
1339 4662 1431 4715 τοῦ
1461 4660 1616 4714 Θεοῦ.
1665 4660 1754 4712 Ἐν
1807 4659 1903 4728 μιᾷ

335 4762 519 4833 καιροῦ
571 4761 713 4831 ῥοπῇ
747 4759 833 4811 διὰ
877 4755 1316 4829 γαστριμαργίας
1367 4756 1406 4807 ὁ.
1445 4753 1572 4816 λαὸς
1621 4753 1827 4811 ἐκεῖνος
1873 4750 1900 4801 ὁ

337 4853 416 4905 τὸν
442 4853 575 4904 Θεὸν
604 4848 696 4904 διὰ
737 4848 843 4901 τῶν
872 4847 1142 4916 μεγίστων
1178 4842 1473 4915 τεραστίων
1501 4838 1898 4909 δεδιδαγμένος,

336 4945 406 5006 εἰς
424 4945 522 5012 τὴν
546 4940 858 5011 Αἰγυπτίων
886 4935 1270 5007 εἰδωλομανίαν
1302 4931 1642 5001 ἐξεκυλίσθη.
1693 4928 1904 5000 Παράλ-

336 5034 461 5105 ληλα
507 5034 598 5096 θὲς
648 5031 970 5102 ἀμφότεραο
1008 5029 1126 5092 πῶς
1179 5026 1397 5098 νηστεία
1446 5023 1563 5094 Θεῷ
1619 5021 1904 5094 προσάγει,

399 5238 440 5268 ¹⁶
479 5235 680 5291 Genes.
716 5245 810 5302 ut,
843 5230 899 5285 5.
977 5230 1016 5260 ¹¹
1060 5227 1188 5281 ibid.
1220 5227 1311 5289 20,
1350 5225 1440 5278 2|.

342 5504 366 5522 _
399 5435 508 5508 (16)
539 5435 684 5520 Editi
718 5433 911 5502 ῶσπερ
954 5431 1119 5495 τινός.
1162 5429 1232 5482 At
1267 5445 1401 5485 mss.
1433 5427 1678 5497 plerique
1705 5437 1896 5479 omnes

788 5572 898 5627 duo
919 5571 1043 5626 libri
1061 5579 1115 5626 et
1127 5570 1257 5626 editi
1275 5568 1368 5622 τοῦ
1390 5568 1601 5638 τρυφᾷν
1626 5565 1688 5618 τὸ
1712 5563 1894 5646 λιτῶς,

341 5656 599 5688 mminit»-
640 5646 706 5688 At
756 5643 910 5688 Regii
960 5642 1170 5688 mimus
1209 5646 1263 5688 et
1306 5639 1578 5688 secundus
1617 5652 1738 5688 cum
1774 5636 1894 5688 alus

338 5639 599 5718 corrupte.
635 5639 706 5698 Δί
756 5643 912 5712 Regii
960 5642 1170 5710 primus
1209 5646 1263 5697 et
1306 5639 1578 5695 secundus
1617 5652 1738 5692 cum
1774 5639 1896 5689 aliis

340 5717 541 5774 duobus
559 5714 892 5773 Colbet'tinis
921 5713 984 5764 τὸ
1011 5713 1217 5782 τρυφᾷν
1247 5709 1341 5763 τοῦ
1374 5707 1556 5775 λιτῶς,
1591 5706 1896 5765 emendate.

646 5833 918 5890 PLTBOL.
961 5826 1082 5888 Gn.
1117 5822 1354 5886 XXXI.

1516 5224 1556 5254 ¹¹
1599 5220 1769 5275 Exod.
1804 5234 1952 5283 xxtv,
1989 5218 2078 5271 18.

1998 541 2160 594 etiam
2224 549 2549 610 prmsentem
2592 541 2705 608 jam
2755 539 3132 612 aegritudinem
3175 539 3231 610 4
3277 539 3425 594 velut
3468 546 3582 593 tur-

2000 633 2179 687 binem
2219 633 2509 703 quemdam
2559 634 2895 690 exorientem
2949 633 3274 688 discutiunt.
3319 630 3583 687 Videlicet

1995 725 2150 793 juxta
2192 731 2341 777 tuam
2413 725 2736 780 sententiam
2775 725 3101 780 laboriosius
3145 724 3250 779 erit
3290 724 3581 794 quiescere

2000 833 2162 887 quam
2210 832 2455 883 currere,
2493 824 2548 873 et
2576 818 2813 873 otiosum
2862 832 2987 872 esse
3025 831 3191 886 quam
3226 814 3464 870 luctari:
3497 814 3576 870 si-

2001 910 2217 979 quidem
2249 910 2468 979 judicas
2499 909 2893 980 congruentius
2939 924 3063 963 esse
3093 907 3341 962 inﬁrmos
3368 905 3580 962 deliciis

2001 1003 2206 1071 expleri
2245 1017 2406 1072 quam
2452 1017 2618 1071 parco
2663 1002 2922 1071 tenuique
2973 1001 3052 1055 uti
3096 1001 3267 1055 victu.
3312 998 3447 1054 Nam
3495 999 3580 1054 vis

2001 1090 2094 1143 illa
2142 1105 2248 1159 qua
2289 1091 2512 1144 animali
2564 1092 2905 1160 providetur,
2948 1098 3306 1160 temperatum
3356 1105 3421 1144 ac
3462 1103 3580 1159 par-

2002 1197 2127 1236 cum
2162 1184 2362 1237 victum
2407 1184 2560 1237 nullo
2592 1183 2811 1253 negotio
2856 1181 3172 1252 concoquit,
3208 1189 3263 1236 et
3293 1181 3348 1234 in
3381 1196 3581 1251 corpo-

2003 1274 2081 1327 ris
2119 1275 2261 1342 quod
2308 1273 2472 1328 alitur
2521 1274 2886 1330 substantiam
2920 1275 3117 1340 vertit;
3161 1282 3219 1328 at
3254 1274 3441 1329 eadem
3485 1271 3578 1326 ubi

2003 1361 2258 1432 opiparos
2288 1364 2578 1432 variosque
2611 1363 2766 1416 cibos
2792 1362 3074 1432 complexa
3102 1368 3217 1429 est,
3253 1376 3354 1416 nec
3385 1360 3580 1415 deinde

2004 1463 2103 1516 par
2136 1456 2221 1502 est
2262 1448 2347 1502 his
2384 1450 2609 1502 omnino
2655 1449 2978 1520 coquendis,
3007 1455 3123 1503 tum
3153 1449 3372 1504 diversa
3405 1447 3580 1520 gignit

2005 1539 2317 1594 morborum
2348 1555 2570 1610 genera.

2076 1650 2128 1706 5.
2165 1651 2268 1705 Sed
2296 1652 2408 1721 jam
2437 1651 2504 1705 ad
2540 1652 2824 1706 historiam
2861 1669 2921 1708 se
2955 1659 3145 1707 nostra
3183 1652 3413 1723 recipiat
3449 1667 3578 1707 ora-

2008 1745 2102 1808 tio,
2132 1743 2326 1813 jejunii
2359 1744 2739 1812 antiquitatem
2774 1759 3124 1812 percurrens,
3153 1751 3206 1798 et
3238 1753 3578 1816 quantopere

2005 1848 2193 1887 omnes
2220 1831 2428 1895 sancti,
2471 1832 2694 1901 perinde
2733 1833 2891 1902 quasi
2927 1833 3295 1888 hereditatem
3338 1847 3367 1886 a
3402 1834 3576 1901 majo-

2003 1925 2154 1978 ribus
2195 1922 2470 1983 traditam,
2499 1922 2769 1991 jejunium
2809 1923 3246 1988 observaverint,
3280 1930 3578 1993 patresque

2003 2017 2120 2070 suis
2171 2017 2373 2084 quique
2418 2014 2606 2068 liberis
2633 2013 2959 2068 tradiderint
3004 2030 3015 2063 :
3074 2014 3216 2069 unde
3262 2023 3318 2068 et
3358 2012 3427 2067 ad
3475 2029 3578 2070 nos

2003 2118 2261 2177 perpetua
2298 2105 2530 2176 quadam
2571 2106 2940 2161 successionis
2990 2106 3131 2161 serie
3173 2107 3419 2175 pervenit
3462 2107 3578 2162 haec

2003 2199 2299 2270 possessio.
2326 2197 2447 2252 Non
2478 2205 2594 2252 erat
2631 2199 2689 2251 in
2731 2197 2988 2267 paradiso
3021 2197 3207 2252 vinum
3239 2237 3255 2262 ,
3306 2213 3417 2253 non
3458 2206 3577 2253 erat

2002 2290 2268 2361 pecudum
2313 2290 2592 2352 mactatio,
2623 2304 2734 2342 non
2774 2289 3024 2342 carnium
3068 2304 3216 2343 esus.
3275 2287 3408 2344 Post
3433 2288 3577 2344 dilu-

2003 2381 2150 2434 vium
2180 2379 2347 2449 coepit
2369 2379 2592 2444 vinum;
2622 2386 2746 2448 post
2785 2379 3071 2442 diluvium,
3104 2377 3371 2434 Comedite
3398 2381 3576 2434 omnia

2003 2467 2138 2520 sicut
2165 2467 2324 2531 olera,
2338 2466 2520 2534 pabuli
2544 2467 2608 2521 ¹⁰.
2638 2465 3000 2535 Posteaquam
3027 2466 3314 2536 desperata
3338 2476 3423 2524 est
3447 2485 3573 2539 per-

2004 2557 2187 2622 fectio,
2213 2565 2325 2611 tum
2381 2559 2616 2628 denique
2669 2557 2757 2613 his
2805 2558 2992 2612 utendi
3025 2573 3288 2614 concessa
3345 2569 3430 2616 est
3477 2578 3577 2632 po-

2003 2657 2195 2703 testas.
2223 2647 2393 2702 Porro
2430 2650 2636 2702 nullam
2674 2659 2786 2702 tum
2820 2648 2992 2706 fuisse
3021 2651 3133 2704 vini
3157 2653 3573 2720 experientiam,

2004 2747 2325 2811 argumento
2354 2748 2438 2795 est
2467 2739 2612 2806 Noe,
2649 2741 2741 2810 qui
2768 2741 3048 2795 nesciebat
3080 2741 3192 2794 vini
3216 2757 3401 2797 usum.
3427 2742 3576 2797 Nou-

2002 2831 2129 2885 dum
2153 2832 2299 2886 cnim
2331 2831 2650 2900 obrepserat
2680 2831 2734 2885 in
2761 2831 3054 2885 humanam
3079 2831 3245 2885 vitam
3267 2871 3283 2896 ,
3329 2833 3574 2888 nondum

2003 2925 2313 2976 mortalium
2363 2940 2464 2978 usu
2514 2923 2699 2976 tritum
2747 2931 2884 2977 erat.
2937 2922 3122 2992 Itaque
3171 2939 3296 2977 cum
3345 2923 3435 2978 ille
3475 2940 3578 2979 nec

2003 3015 2168 3068 alium
2197 3031 2527 3085 quemquam
2561 3015 2836 3070 bibentem
2866 3012 3128 3079 vidisset,
3160 3029 3262 3069 nec
3286 3015 3402 3084 ipse
3429 3026 3577 3070 esset

2004 3118 2282 3178 expertus,
2317 3108 2372 3161 in
2409 3121 2606 3161 noxam
2655 3122 2687 3160 a
2738 3107 2866 3159 vino
2913 3106 3096 3160 all‘erri
3139 3107 3354 3162 solitam
3385 3108 3577 3164 incidit

2006 3198 2280 3253 incautus.
2319 3197 2593 3250 Plantavit
2641 3197 2778 3250 enim
2809 3194 2926 3250 Noe
2968 3198 3223 3263 vineam,
3259 3197 3485 3269 bibitque
3512 3198 3576 3254 de

2003 3291 2214 3359 fructu,
2252 3300 2300 3344 et
2328 3291 2616 3344 inebriatus
2665 3299 2742 3344 est
2778 3289 2862 3356 “;
2897 3305 3008 3344 non
3055 3289 3275 3360 quidem
3312 3305 3379 3346 eo
3427 3292 3576 3361 quod

2002 3383 2313 3436 vinolentus
2341 3390 2528 3444 esset,
2575 3381 2669 3436 sed
2702 3380 2848 3450 quod
2899 3381 3150 3436 sumendi
3199 3381 3314 3436 viui
3345 3382 3574 3439 modum

2002 3474 2260 3528 nesciret.
2297 3474 2484 3544 Itaque
2515 3474 2793 3528 inventum
2818 3473 3042 3528 bibendi
3071 3476 3260 3528 vinum
3295 3477 3578 3534 recentius

2001 3573 2087 3620 est
2141 3565 2428 3634 paradiso,
2489 3566 2623 3619 adeo
2677 3573 2887 3620 vetusta
2942 3572 3025 3620 est
3075 3567 3269 3636 jejunii
3317 3566 3575 3638 dignitas.

2003 3654 2145 3719 Quin
2175 3662 2227 3708 et
2257 3653 2494 3724 Moysem
2518 3653 2767 3707 novimus
2795 3654 3171 3723 perjejunium
3193 3656 3492 3712 accessisse
3510 3657 3582 3714 ad

2003 3753 2239 3797 montem
2275 3744 2338 3798 ¹².
2386 3742 2571 3811 Neque
2614 3744 2756 3797 enim
2788 3757 2956 3798 ausus
3011 3751 3155 3798 esset
3201 3747 3460 3802 verticem
3492 3747 3580 3801 fu-

2004 3840 2243 3887 mantem
2268 3833 2536 3903 attingere
2563 3872 2578 3895 .
2631 3848 2806 3901 neque
2837 3833 3048 3903 ingredi
3081 3835 3136 3887 in
3171 3836 3370 3891 nubem
3398 3875 3416 3902 ,
3467 3837 3576 3893 nisi

2007 3923 2200 3980 fuisset
2227 3925 2432 3993 jejunio
2465 3924 2803 3979 obarmatus.
2843 3923 2944 3979 Per
2982 3925 3255 3994 jejunium
3289 3928 3461 3998 legem
3488 3944 3580 3984 ac-

2007 4015 2151 4086 cepit
2182 4016 2352 4086 digito
2374 4013 2468 4069 Dei
2505 4016 2765 4085 scriptam
2808 4016 2863 4069 in
2896 4013 3120 4084 tabulis,
3151 4020 3387 4088 atquein
3421 4035 3578 4075 mon-

2007 4107 2078 4160 tis
2101 4106 2319 4175 quidcm
2351 4107 2634 4162 cacumine
2658 4106 2925 4176 jejunium
2960 4107 3129 4177 legem
3161 4108 3490 4178 impetravit,
3525 4113 3579 4166 in

2009 4197 2191 4252 radice
2218 4211 2348 4252 vero
2375 4199 2573 4252 montis
2599 4199 2865 4269 ingluvies
2883 4201 2950 4254 ad
2977 4201 3342 4255 idololatrian:
3364 4201 3582 4256 demen-

2009 4291 2162 4342 tavit.
2199 4287 2346 4343 Sedit
2372 4290 2510 4342 enim
2533 4291 2752 4358 populus
2781 4293 3034 4366 ut‘ederet
3054 4308 3116 4345 ac
3139 4291 3355 4355 biberet,
3379 4301 3430 4346 et
3453 4307 3577 4345 sur-

2009 4385 2253 4428 rexerunt
2275 4374 2344 4427 ad
2362 4376 2644 4430 ludendum
2679 4379 2740 4432 ”.
2771 4378 2924 4442 Quod
2958 4380 3194 4434 famulus
3217 4379 3577 4450 quadraginta

2007 4467 2124 4521 dies
2147 4467 2370 4535 jejunus
2402 4468 2622 4522 assidue
2651 4484 2880 4526 versans
2921 4487 3046 4526 cum
3079 4470 3210 4535 Deo,
3247 4471 3580 4541 deprecans-

2009 4574 2114 4627 que
2140 4557 2453 4613 confecerat
2476 4598 2491 4622 ,
2541 4559 2596 4613 id
2643 4561 2799 4615 unica
2833 4563 3152 4618 temulentia
3185 4562 3423 4618 reddidit
3452 4563 3582 4617 irri-

2010 4657 2124 4704 tum
2147 4648 2654 4719 inl‘rugiferumque.
2682 4650 2815 4704 Nam
2850 4653 3086 4718 tabulas,
3125 4669 3263 4723 quas
3307 4654 3578 4724 jejunium

2010 4741 2330 4810 impetrarat
2351 4745 2695 4812 conscriptas
2727 4743 2900 4814 digito
2933 4744 3052 4812 Dei,
3080 4745 3324 4801 ebrietas
3351 4746 3580 4801 commi-

2011 4831 2161 4897 nuit;
2190 4831 2454 4900 judicavit
2503 4833 2702 4902 quippe
2741 4835 3001 4904 propheta
3057 4834 3270 4888 ebrium
3317 4836 3578 4904 populum

2011 4923 2232 4994 dignum
2283 4939 2390 4978 non
2433 4939 2574 4991 esse,
2623 4925 2714 4994 qui
2757 4925 2926 4995 legem
2961 4925 3233 4995 acciperet
3263 4939 3294 4979 a
3330 4924 3462 4980 Deo.
3519 4927 3582 4981 In

2016 5018 2183 5072 unico
2208 5017 2474 5088 temporis
2501 5025 2778 5073 momento
2807 5018 3042 5088 populus
3069 5018 3180 5085 ille,
3212 5019 3306 5090 qui
3329 5021 3581 5075 maximis

2157 5218 2200 5247 ¹³
2240 5215 2414 5269 Exod.
2451 5230 2601 5268 xxxii
2678 5213 2733 5267 6.

1998 5434 2002 5437 ·
2075 5418 2186 5485 (18)
2219 5417 2349 5485 Reg.
2382 5416 2587 5485 primus
2622 5415 2859 5485 ἱστορίαν
2887 5417 2915 5468 ὁ
2948 5415 3105 5484 λόγος
3136 5414 3363 5485 βαδίζει.

2103 5418 2164 5471 l8
2219 5418 2349 5485 Reg.
2382 5418 2587 5484 primus
2622 5418 2859 5485 ἱστορίαν
2887 5418 2915 5468 ὁ
2948 5418 3105 5484 λόγος
3136 5418 3363 5485 βαδίξει.

2075 5418 2442 5559 ίί9ζᾉΑηιὶῳιί
2472 5484 2586 5559 duo
2610 5485 2741 5559 libri
2768 5485 3094 5559 διεφυλάχθη
3132 5485 3194 5559 τὸ
3224 5489 3431 5558 κτῆμα.
3468 5485 3580 5544 Nec

2003 5552 2278 5613 ita'multo
2297 5555 2443 5611 infra
2472 5554 2627 5610 Colb.
2665 5552 2872 5624 primus
2890 5552 3030 5619 οἶνος
3061 5552 3155 5608 καὶ
3185 5552 3342 5625 μετᾶζ

2034 5627 2189 5752 ὃ(29)
2222 5625 2442 5684 Veteres
2465 5633 2702 5698 quatuor
2724 5625 2848 5682 libri
2865 5625 3212 5698 προσεδρίαν.
3238 5625 3383 5683 Editi
3405 5643 3581 5701 προσ-

2068 5715 2208 5752 οεια.

2004 5715 2208 5772 εορειᾳ.

3263 5808 3301 5869 6
