4052 6214
390 241 485 296 ιτι

1737 231 1797 287 5.
1837 227 2082 285 BASILII
2122 227 2337 286 MAGNI

3542 231 3650 286 172

389 349 654 424 prodigiis
685 347 778 403 Dei
819 345 1182 416 cognitionem
1215 351 1521 415 acceperat,
1546 359 1640 416 per
1667 344 1846 415 gulam
1892 345 1957 398 ad

2084 344 2154 396 tati.
2172 342 2289 405 πῶς
2301 341 2482 414 τρυφὴ
2504 343 2604 414 τὴν
2639 345 2910 416 σωτηρίαν
2939 343 3226 414 προδίδωσι
3250 345 3383 420 (ει).
3413 346 3650 402 Κατάϐα

389 454 642 497 insanam
696 435 1078 507 Egyptiorum
1120 435 1482 490 idololatriam
1523 433 1808 489 devolutus
1858 444 1960 488 est.

2043 495 2046 499 ι
2070 435 2174 506 ὁδῷ
2209 433 2436 503 βαδίζων
2460 434 2552 488 ἐπὶ
2577 433 2644 486 τὰ
2674 435 2845 488 κάτω.

388 535 514 592 Haec
566 542 801 604 utraque
844 530 984 585 inter
1034 545 1094 586 se
1127 530 1444 600 componito
1484 547 1497 584 :
1537 529 1666 583 hinc
1716 531 1989 600 quomodo
2016 530 2288 600 jejunium
2317 530 2580 603 adjungat
2609 529 2742 595 Deo,
2806 529 2959 585 illinc
3018 535 3293 603 quomodo
3338 536 3501 590 luxus
3548 549 3655 589 au-

389 628 530 683 ferat
577 626 833 681 salutem.
891 622 1209 687 Descende,
1263 636 1328 676 ac
1364 623 1451 676 via
1481 637 1589 691 qua
1645 622 1859 691 coepisti
1897 621 1964 676 ad
2006 622 2270 678 inferiora
2298 637 2482 693 perge.

459 717 513 771 6.
547 715 755 786 Ecquid
782 715 1087 785 inquinavit
1117 711 1281 777 Esau,
1329 720 1631 794 etlservum
1676 713 1800 768 fecit
1853 712 1965 767 fra-

391 808 494 862 tris
511 807 534 860 ?
552 805 740 862 Nonne
762 806 1002 862 edulium
1027 819 1217 867 unum,
1235 795 1582 874 cujus‘gratia
1607 803 1850 858 vendidit
1871 803 1963 873 jus

392 899 739 972 primogeniti
776 899 858 953 "‘3
905 897 1022 954 1am
1074 895 1380 951 Samuelem
1419 911 1602 950 nonne
1655 896 1965 966 deprecatio

395 1006 520 1046 cum
551 990 762 1061 jejunio
795 989 1088 1058 conjuncta
1116 987 1342 1042 donavit
1367 987 1529 1041 matri
1565 987 1648 1040 ηε)
1677 985 1817 1052 Quid
1850 986 1963 1040 for-

395 1082 668 1136 tissimum
705 1080 882 1136 virum
922 1079 1278 1149 Sampsonem
1310 1078 1572 1132 invictum
1612 1076 1662 1146 5
1693 1075 1967 1130 reddidit?

397 1176 595 1229 Annon
619 1171 919 1244 jejunium,
957 1186 1194 1241 quocum
1243 1170 1298 1224 in
1343 1177 1498 1224 utero
1543 1169 1736 1223 matris
1775 1183 1970 1222 conce-

398 1275 589 1338 ceptus
615 1274 700 1320 est
730 1263 818 1318 "7
849 1245 1003 1317 Hunc
1024 1263 1231 1333 peperit
1256 1262 1550 1332 jejunium,
1579 1261 1726 1314 hunc
1757 1261 1970 1316 enutri-

398 1358 478 1413 vit
505 1356 772 1427 jejunium
807 1356 982 1410 instar
1007 1354 1261 1417 nutricis,
1296 1353 1508 1422 jejunio
1542 1351 1810 1405 in,.virum
1839 1349 1971 1405 ado-

399 1449 550 1511 levit,
580 1446 724 1518 quod
769 1445 1037 1516 jejunium
1065 1446 1290 1516 angelus
1323 1444 1732 1514 praescripserat
1761 1443 1926 1497 matri
1953 1460 1967 1498 :

2144 714 2196 767 6.
2219 712 2282 765 Τί
2303 711 2580 765 τὸνἭσαῦ
2616 710 2942 783 ἐϐεϐήλωσε,
2977 714 3068 765 καὶ
3096 712 3279 766 δοῦλον
3295 714 3516 784 ἐποίησε
3552 715 3653 767 τοῦ

2072 803 2334 874 ἀδελφοῦ;
2369 805 2442 857 Οὐ
2474 803 2674 875 βρῶσις
2711 804 2830 874 μία,
2864 804 2929 857 δι’
2959 805 3026 874 ἣν
3056 805 3283 858 ἀπέδοτο
3327 805 3395 858 τὰ
3439 823 3656 876 πρωτο-

2070 897 2258 960 τόκια;
2308 896 2412 948 Τὸν
2447 895 2502 947 δὲ
2551 895 2803 967 Σαμουὴλ
2849 896 2945 965 οὐχ
2995 899 3026 966 ἡ
3083 897 3221 966 μετά
3254 896 3365 967 (9.2)
3395 898 3654 968 νηστείας

2073 986 2347 1058 προσευχὴ
2381 986 2671 1057 ἐχαρίσατο
2716 991 2780 1058 τῇ
2830 987 3031 1060 μητρί;
3073 988 3137 1039 Τί
3180 987 3268 1041 τὸν
3311 989 3483 1059 μέγαν
3534 991 3655 1061 ἀρι·

2073 1077 2201 1130 στέα
2227 1079 2317 1130 τὸν
2351 1078 2589 1148 Σαμψὼν
2618 1077 3060 1146 ἀκαταγώνιστον
3099 1080 3500 1151 ἀπειργάσατο;

2069 1171 2102 1240 ὴ
2143 1171 2385 1242 νηστεία,
2432 1171 2550 1242 μεθ’
2587 1167 2656 1244 ἦς
2686 1174 2743 1224 ἐν
2777 1175 2842 1243 τῇ
2878 1172 3076 1242 γαστρὶ
3120 1172 3220 1242 τῆς
3271 1173 3476 1243 μητρὸς
3521 1167 3652 1226 σύν-

2069 1262 2310 1333 ελήφθη;
2348 1263 2590 1332 Νηστεία
2636 1263 2796 1316 αὐτὸν
2827 1262 3060 1334 ἐκύησε·
3095 1263 3314 1333 νηστεία
3337 1263 3499 1316 αὐτὸν
3544 1267 3654 1316 ἐτι-

2072 1354 2376 1425 θηνήσατο·
2434 1354 2654 1423 νηστεία
2697 1355 2858 1407 αὑτὸν
2898 1354 3190 1424 ἧνδρωσεν,
3240 1356 3304 1424 ἣν
3350 1356 3379 1406 ὁ
3421 1355 3654 1423 ἄγγελος

2072 1447 2350 1510 διετάξατο
2385 1449 2450 1517 τῇ
2503 1447 2707 1517 μητρί·
2745 1449 2900 1499 ’Ὅσα
2935 1447 3316 1513 ἐκπορεύεται
3348 1447 3416 1511 ἐξ
3474 1449 3655 1516 ἀμπέο

403 1540 670 1609 Quidquid
699 1538 1053 1608 proﬁciscitur
1085 1555 1112 1592 e
1144 1538 1323 1601 vinea,
1356 1553 1418 1590 ne
1443 1537 1587 1602 edat,
1617 1536 1892 1605 vinumque
1916 1544 1968 1588 et

2084 1543 2207 1603 λου,
2239 1540 2310 1592 οὺ
2346 1538 2432 1607 μὴ
2469 1537 2651 1607 φάγῃ,
2700 1539 2799 1591 καὶ
2853 1539 3020 1592 οἶνον
3062 1541 3161 1592 καὶ
3195 1541 3407 1608 σίκερα
3449 1543 3520 1594 οὐ
3561 1541 3652 1608 μὴ

403 1636 625 1686 siceram
671 1647 734 1686 ne
782 1629 924 1684 bibat
974 1630 1040 1684 ³⁷.
1075 1629 1350 1700 Jejunium
1386 1629 1680 1699 prophetas
1716 1636 1971 1699 generat,

2084 1632 2203 1701 πίῃ.
2241 1631 2484 1702 Νηστεία
2528 1631 2817 1701 προφήτας
2870 1635 3053 1702 γεννᾷ,
3098 1633 3355 1695 δυνατοὺς
3385 1632 3650 1704 ῥώννυσιθ

402 1724 630 1780 roborat
657 1721 863 1790 fortes;
891 1721 1158 1792 jejunium
1200 1722 1378 1790 legum
1414 1721 1678 1774 latoribus
1713 1719 1978 1773 submini-

405 1823 543 1873 strat
575 1815 944 1886 sapientiam:
995 1815 1136 1868 bona
1188 1815 1381 1867 animae
1428 1812 1709 1875 custodia,
1761 1811 1976 1881 corpori

404 1916 558 1964 tutus
589 1906 1020 1970 contubernalis,
1057 1910 1334 1959 armatura
1364 1903 1579 1958 fortiter
1609 1901 1978 1972 belligeranti-

407 2000 530 2064 bus,
565 1999 786 2054 athletis
831 1997 1171 2054 exercitium.
1225 1995 1340 2050 Hoc
1372 1994 1702 2051 tentationes
1731 1993 1975 2063 depellit,

408 2093 564 2161 ungit
603 2092 671 2145 ad
712 2091 987 2158 pietatem,
1016 2088 1325 2144 sobrietatis
1382 2087 1718 2142 domesticus
1754 2100 1939 2140 comes
1961 2124 1975 2149 ,

409 2183 591 2252 cpifex
623 2179 920 2236 castitatis.
955 2176 1016 2232 In
1041 2177 1199 2234 bellis
1224 2175 1440 2230 fortiter
1461 2175 1594 2246 agit,
1629 2175 1684 2228 in
1719 2190 1852 2244 pace
1881 2173 1981 2227 do-

409 2283 496 2330 cet
534 2275 794 2344 quietem.
857 2270 1168 2325 Nazarazum
1197 2266 1525 2331 sanctiﬁcat,
1557 2265 1767 2335 perficit
1795 2278 1981 2318 sacer-

409 2369 613 2423 dotem.
635 2363 829 2434 Neque
865 2361 1011 2417 enim
1038 2359 1152 2414 ﬁeri
1186 2367 1382 2429 potest,
1416 2368 1473 2412 ut
1518 2357 1723 2427 absque
1768 2355 1980 2426 jejunio

410 2456 609 2513 audeat
631 2455 698 2510 ad
729 2461 983 2510 sanctum
1015 2451 1377 2506 ministerium
1409 2449 1690 2512 accedere,
1718 2463 1826 2501 non
1858 2455 1981 2501 tan-

410 2556 526 2603 tum
565 2548 622 2602 in
660 2546 893 2619 mystico
924 2545 1118 2599 horum
1165 2551 1465 2612 temporum
1511 2555 1641 2595 vero
1683 2539 1856 2602 cultu,
1885 2555 1980 2594 ve-

412 2657 534 2696 rum
564 2641 726 2695 etiam
765 2640 820 2692 in
848 2652 912 2692 eo
942 2636 1035 2705 qui
1064 2635 1219 2706 juxta
1251 2634 1418 2704 legem
1457 2633 1509 2686 in
1541 2632 1728 2702 ﬁguris
1756 2645 1982 2701 perage-

413 2735 594 2789 batur.
625 2729 901 2800 Jejunium
936 2728 1107 2781 Eliam
1139 2726 1317 2797 magni
1350 2726 1498 2780 illius
1530 2724 1828 2794 spectaculi
1862 2739 1984 2794 spe-

414 2831 678 2879 ctatorem
705 2821 852 2888 fecit,
877 2821 970 2890 qui
995 2833 1120 2873 cum
1147 2817 1507 2888 quadraginta
1535 2816 1745 2870 dierum
1773 2815 1984 2885 jejunio

416 2919 766 2982 repurgasset
796 2907 1030 2963 animam
1051 2948 1063 2969 ,
1115 2909 1189 2960 ita
1221 2907 1438 2961 demum
1469 2905 1526 2959 in
1568 2905 1827 2974 spelunca
1863 2920 1984 2974 quae

415 3014 498 3060 est
526 3005 580 3057 in
597 3001 832 3066 Choreb,
864 3001 1166 3070 promeruit
1195 2999 1377 3054 videre
1405 2997 1696 3053 Dominum
1728 2999 1793 3063 η,
1820 3014 1986 3068 quan-

416 3105 531 3149 tum
561 3094 778 3164 quidem
828 3092 953 3146 licet
995 3092 1199 3145 homini
1230 3091 1432 3147 videre.
1457 3089 1720 3161 Jejunans
1752 3091 1988 3146 reddidit

417 3187 594 3242 viduae
625 3184 814 3250 lilium,
845 3183 1002 3239 fortis
1035 3183 1212 3237 factus
1247 3183 1512 3237 adversus
1544 3181 1718 3252 ipsam
1746 3185 1985 3235 mortem

419 3293 515 3349 per
536 3276 828 3348 jejunium.
855 3273 971 3330 Vox
1003 3273 1102 3328 abs
1128 3272 1432 3343 jejunantis
1462 3287 1558 3328 ore
1585 3270 1852 3343 proiecta,
1874 3286 1986 3326 sce-

417 3369 594 3424 lerato
623 3368 820 3439 populo
848 3367 1045 3421 clausit
1071 3365 1268 3421 etelum
1292 3380 1466 3421 annos
1498 3373 1612 3422 tres
1661 3380 1725 3419 ac
1770 3379 1987 3422 menses

420 3478 536 3518 sex.
562 3460 632 3516 Ut
659 3461 805 3516 enim
840 3459 1121 3513 hominum
1144 3458 1336 3513 duram
1376 3460 1642 3514 cervicem
1673 3457 1984 3513 habentium

420 3570 518 3609 cor
544 3551 870 3608 indomitum
893 3551 1184 3614 emolliret,
1216 3550 1386 3604 voluit
1415 3558 1469 3605 et
1505 3551 1747 3620 seipsum
1789 3566 1851 3606 ea
1892 3565 1984 3604 ca-

421 3646 664 3700 lamitate
686 3659 810 3698 cum
836 3642 1047 3698 caeteris
1077 3641 1461 3697 condemnare.
1497 3639 1813 3712 Propterea,
1854 3641 1987 3695 Vivit

423 3736 700 3798 Dominus,
733 3721 931 3804 inquit,
964 3734 1009 3787 si
1032 3733 1130 3786 erit
1156 3748 1295 3800 aqua
1324 3748 1480 3801 super
1507 3741 1728 3796 terram,
1757 3733 1861 3786 nisi
1899 3749 1990 3802 per

423 3844 479 3882 os
508 3843 679 3882 meum
711 3826 772 3878 ιθ.
810 3825 875 3878 Et
919 3824 1184 3894 jejunium
1217 3825 1398 3877 intulit
1431 3839 1528 3894 per
1555 3824 1753 3880 famem
1788 3827 1990 3895 populo

421 3917 592 3980 omni,
620 3915 874 3970 videlicet
905 3922 964 3968 ut
998 3923 1175 3969 ortam
1199 3930 1266 3968 ex
1299 3913 1512 3970 deliciis
1543 3914 1764 3984 vitaque
1809 3918 1988 3972 disso-

423 4009 536 4062 luta
569 4007 866 4076 nequitiam
918 4006 1236 4076 corrigeret.
1291 4003 1507 4061 Rursus
1547 4007 1771 4076 quinam
1812 4009 1990 4066 victus

422 4099 601 4154 Elisaai
623 4098 646 4152 ί
668 4098 945 4168 quomodo
978 4098 1122 4168 apud
1157 4097 1556 4153 Sunamitidem
1587 4100 1826 4170 hospitio
1858 4117 1991 4158 usus

421 4189 552 4246 est?
608 4187 883 4258 quomodo
947 4187 1062 4258 ipse
1125 4188 1420 4258 prophetas
1487 4191 1736 4261 excepit?
1799 4189 1992 4248 Nonne

2075 1722 2296 1792 νηστεία
2325 1721 2616 1792 νομοθέτας
2665 1724 2890 1792 σοφίζει,
2932 1725 3107 1795 ψυχῆς
3143 1727 3344 1794 ἀγαθὸν
3379 1725 3659 1798 φυλακτή-

2077 1827 2212 1882 ριον,
2241 1811 2452 1882 σώματι
2475 1812 2718 1877 σύνοικος
2734 1815 2844 1885 (9.3)
2871 1816 3137 1888 ἀσφαλὴς,
3156 1817 3320 1871 ὅπλον
3346 1819 3661 1889 ἀριστεύου-

2078 1918 2197 1977 σιν,
2255 1902 2516 1974 ἀθληταῖς
2577 1905 2895 1975 γυμνάσιον.
2932 1907 3102 1960 Τοῦτο
3141 1912 3482 1981 πειρασμοὺς
3530 1913 3661 1964 ἀπο-

2078 1993 2365 2065 κρούεται,
2411 1995 2567 2048 τοῦτο
2622 1997 2834 2066 ἀλείφει
2887 1999 3023 2069 πρὸς
3075 2001 3378 2064 εὐσέϐειαν,
3442 2003 3658 2073 νήψεως

2081 2084 2344 2148 σύνοικος,
2384 2084 2732 2156 σωφροσύνης
2766 2086 3114 2160 δημιουργός.
3164 2091 3250 2142 Ἐν
3286 2091 3542 2161 πολέμοις
3573 2077 3680 2144 div:

2078 2175 2358 2246 δραγαθεῖ,
2406 2177 2462 2228 ὲν
2517 2178 2706 2249 εἰρήνῃ
2760 2178 2988 2248 ἡσυχίαν
3038 2180 3296 2234 διδάσκει.
3348 2182 3450 2235 Τὸν
3494 2182 3660 2246 Ναξι-

2081 2270 2230 2338 ραῖον
2263 2266 2372 2338 (24)
2395 2268 2645 2348 ἀγιάζει,
2670 2270 2759 2322 τὸν
2787 2271 2934 2341 ἱερέα
2959 2270 3172 2328 τελειοῖ.
3200 2274 3272 2326 Οὐ
3299 2275 3409 2345 γάρ
3433 2274 3658 2327 δυνατὸν

2079 2356 2205 2410 ἄνευ
2252 2357 2506 2428 νηστείας
2548 2358 2858 2430 ἱερουργίας
2907 2361 3339 2432 κατατολμῆσαι,
3382 2363 3441 2416 ού
3494 2364 3659 2434 μόνον

2080 2447 2137 2498 ὲν
2166 2449 2230 2517 τῇ
2269 2451 2504 2518 μυστικῇ
2550 2447 2643 2502 νῦν
2674 2451 2765 2502 καὶ
2815 2449 3039 2522 ἀληθινῇ
3083 2451 3328 2524 λατρεία,
3376 2453 3510 2506 ἀλλά
3564 2456 3702 2528 καὶ.

2081 2539 2139 2590 ὲν
2171 2541 2234 2608 τῇ
2266 2541 2469 2609 τυπικῇ
2500 2541 2566 2609 τῇ
2597 2539 2737 2592 κατά
2763 2541 2852 2592 τὸν
2875 2541 3035 2611 νόμον
3069 2543 3473 2615 προσαγομένη.
3508 2545 3658 2614 Αὕτη

2082 2626 2277 2698 θεατὴν
2303 2629 2525 2699 ἐποίησε
2568 2628 2662 2682 τοῦ
2713 2632 2948 2700 μεγάλου
2995 2632 3264 2704 θεάματος
3296 2634 3408 2700 (25)
3438 2635 3528 2688 τὸν
3571 2637 3663 2688 Ἢ-

2081 2717 2199 2770 λίλαν
2225 2735 2238 2747 ·
2267 2721 2678 2790 τεσσαράκοντα
2706 2723 2813 2793 γὰρ
2844 2723 3079 2795 ἡμέραις
3115 2727 3336 2796 νηστείᾳ
3360 2728 3458 2797 τὴν
3483 2728 3663 2798 ψυχὴν

2083 2809 2459 2882 ἀποκαθάρας,
2490 2810 2662 2877 οὕτως
2701 2811 2768 2866 ’ὲν
2817 2813 2894 2884 τῷ
2945 2815 3193 2886 σπηλαίῳ
3226 2817 3305 2888 τῷ
3350 2819 3407 2872 ἐν
3457 2819 3663 2890 Χωρὴϐ

2089 2904 2215 2958 ἰδεῖν
2250 2907 2586 2979 κατηξιώθη,
2631 2909 2706 2972 ὡς
2744 2909 2967 2963 δυνατόν
3017 2913 3161 2963 ἐστιν
3208 2911 3335 2964 ίδεῖν
3368 2912 3660 2983 ἀνθρώπῳ,

2086 2999 2176 3050 τὸν
2207 2997 2428 3069 Κύριον.
2461 2999 2756 3070 Νηστεύων
2783 3002 3028 3056 ἀπέδωκε
3064 3005 3129 3074 τῇ
3168 3004 3312 3074 χήρᾳ
3337 3004 3428 3057 τὸν
3473 2997 3692 3070 παῖδαῖ

2091 3088 2329 3168 ἰσχυρὸς¹
2363 3090 2550 3158 φανεὶς
2599 3091 2743 3143 κατά
2799 3092 2894 3145 τοῦ
2963 3092 3193 3148 θανάτου
3256 3094 3345 3147 διά
3387 3097 3661 3166 νηστείας.

2101 3177 2233 3230 Ἀπὸ
2279 3179 2627 3250 νηστεύοντος
2675 3182 2942 3252 στόματος
3010 3185 3162 3256 φωνὴ
3214 3184 3507 3251 ἐξελθοῦσα
3561 3188 3666 3239 ἀπ-

2088 3268 2305 3322 έκλεισε,
2333 3270 2442 3342 (26)
2475 3272 2551 3341 τῷ
2573 3273 2973 3343 παρανομοῦντι
3016 3274 3131 3345 λαῷ
3158 3276 3249 3329 τὸν
3282 3276 3511 3348 οὐρανὸν
3541 3277 3665 3349 τρία

2045 3439 2050 3446 θ
2088 3359 2180 3432 ἔτη
2229 3363 2320 3415 καὶ
2363 3363 2552 3434 μῆνας
2578 3363 2658 3427 ἓξ.
2687 3363 2801 3417 ’τινα
2841 3367 2948 3438 γὰρ
2996 3366 3209 3440 μαλάξῃ
3234 3366 3330 3438 τὴν
3357 3367 3704 3456 ἀδάμαστονθ

2087 3457 2314 3528 καρδίαν
2342 3458 2450 3511 τῶν
2481 3458 2993 3532 σκληροτραχήλων,
3025 3464 3196 3517 εἵλετο
3234 3466 3326 3518 καὶ
3369 3467 3560 3519 ἑαυτὸν
3595 3469 3664 3537 τῇ

2089 3548 2427 3621 κακοπαθείᾳ
2477 3553 2962 3619 συγκαταδικάσαι.
3026 3556 3124 3608 Διά
3173 3555 3364 3620 τοῦτο,
3410 3557 3498 3625 Ζῇ
3553 3561 3668 3612 Κύ-

2080 3658 2236 3709 ριος,
2271 3639 2373 3712 ἔφη
2408 3643 2540 3714 (27),
2569 3645 2619 3696 εὶ
2652 3644 2824 3696 ἔσται
2857 3646 3014 3713 ὕδωρ
3046 3647 3146 3699 ἐπὶ
3174 3647 3282 3715 τῆς
3331 3647 3466 3716 γῆς,
3496 3653 3548 3702 εἰ
3583 3650 3665 3719 μὴ

2089 3730 2186 3803 διὰ
2239 3735 2536 3801 στόματός
2577 3753 2716 3803 μου.
2765 3736 2874 3788 Καὶ
2921 3738 3168 3805 ἐπήγαγε
3225 3739 3386 3791 παντὶ
3437 3739 3514 3808 τῷ
3552 3739 3668 3809 λαῷ

2089 3824 2341 3894 νηστείαν
2397 3825 2484 3878 διά
2534 3827 2625 3879 τοῦ
2678 3826 2858 3897 λιμοῦ,
2918 3827 3058 3880 ὥστε
3101 3828 3197 3899 τὴν
3227 3831 3291 3882 ἐκ
3327 3830 3426 3899 τῆς
3456 3831 3670 3901 τρυφῆς

2094 3914 2188 3966 καὶ
2241 3914 2335 3966 τοῦ
2392 3917 2674 3986 ἀνειμένου
2727 3916 2844 3986 βίου
2905 3918 3097 3970 κακίαν
3160 3909 3698 3988 ὲπανορθώσασθαιῖί

2104 4004 2390 4076 Ἐλισσαίῳ
2419 4006 2475 4058 δὲ
2510 4008 2749 4072 ποταπὸς
2777 4008 2966 4078 ὁβίος;
2999 4009 3114 4072 πῶς
3139 4010 3234 4080 μὲν
3264 4010 3415 4082 παρὰ
3446 4013 3512 4082 τῇ
3540 4013 3671 4063 Σου-

2097 4095 2336 4165 ναμίτιδι
2388 4098 2489 4167 τῆς
2534 4097 2712 4164 ξενίας
2741 4099 3013 4153 ἀπέλαυσε
3067 4101 3212 4172 (28);
3260 4101 3376 4165 πῶς
3405 4101 3462 4154 δὲ
3503 4103 3670 4167 αὐτὸς

2091 4191 2216 4253 τοὺς
2260 4197 2542 4261 προφήτας
2589 4190 2887 4256 ἐδεξιοῦτος
2943 4192 3076 4262 Οὐχὶ
3119 4194 3327 4263 λάχανα
3370 4195 3535 4266 ἄγρια
3575 4195 3671 4248 καὶ

423 4279 660 4351 agrestia
707 4277 855 4332 olera
907 4292 971 4333 ac
1021 4277 1210 4334 farinae
1265 4280 1562 4350 pauxillum
1614 4281 1981 4352 hospitalitatis

2096 4279 2322 4351 ἀλεύρου
2358 4280 2530 4352 βραχὺ
2557 4281 2656 4353 τὴν
2687 4283 2988 4350 φιλοξενίαν
3012 4283 3284 4354 ὲπλήρου;
3313 4285 3422 4350 ὅτε,
3447 4285 3542 4337 καὶ
3570 4286 3672 4355 τῆς

425 4383 626 4424 munus
658 4367 948 4437 explebant
994 4369 1083 4422 ὀἳ
1129 4384 1238 4440 quo
1275 4379 1518 4440 tempore
1546 4373 1707 4425 etiam
1739 4372 1994 4444 colocyn-

425 4461 576 4517 thide
601 4468 842 4530 sumpta,
869 4471 1024 4515 erant
1052 4461 1410 4530 periclitaturi
1447 4462 1539 4532 qui
1584 4471 1868 4534 gustarant
1892 4505 1906 4528 ,
1939 4465 1992 4519 ni

2096 4373 2332 4444 τολύπης
2370 4375 2951 4445 συμπαραληφθείσης,
2999 4377 3326 4431 κινδυνεύειν
3368 4379 3589 4450 ἔμελλον
3621 4371 3676 4434 οἷ

2101 4464 2390 4535 ἁψάμενοι,
2433 4467 2481 4518 εί
2534 4467 2608 4537 μὴ
2652 4471 2720 4538 τῇ
2752 4468 2883 4539 εὐχῇ
2914 4468 3007 4520 τοῦ
3043 4470 3336 4540 νηστευτοῦ
3366 4471 3674 4544 ἡμαυρώθη

497 4617 780 4695 {LO-cnes.
835 4631 944 4669 xxv
961 4660 982 4695 ,_
1014 4616 1238 4695 50:?)4‘."
1274 4617 1323 4695 εξ
1362 4614 1382 4668 1
1427 4615 1886 4695 Reg._nt,__13-16.
1968 4620 1981 4650 ¹

2084 4618 2226 4673 udic.
2278 4634 2408 4686 xm,
2443 4619 2498 4673 4.
2577 4621 2617 4651 ⁸⁷
2660 4620 2793 4677 ibid.
2833 4621 2918 4678 14.
2998 4623 3041 4654 ¹⁸
3083 4621 3149 4676 lll
3183 4622 3317 4695 Reg.
3353 4641 3475 4688 Xlx,
3511 4625 3672 4681 8-15.

426 4691 468 4722 ¹⁹
508 4687 576 4742 ill
612 4688 744 4759 Reg.
784 4701 929 4749 xvn,
964 4687 1016 4740 1.
1090 4686 1133 4717 ὀ
1173 4683 1238 4738 ιγ
1274 4683 1404 4756 Reg.
1441 4683 1735 4749 Νίκη-44.

499 4866 798 4940 (21)_(_30lb.
849 4870 1058 4940 primus
1095 4865 1368 4940 σωτηρίαν
1406 4865 1720 4940 ἀποδιὼκει,
1765 4869 1990 4940 salutem

429 4934 602 5007 fugat.
621 4935 739 4992 Non
764 4934 1684 5008 contemnendale'ctio._Aliquanto
1709 4948 1831 5008 post
1847 4939 1990 4993 idem

428 5004 602 5079 codex
632 5008 851 5079 εποίησε
883 5008 961 5079 τῷ
992 5004 1207 5079 ἀδελφῴ
1234 5004 1421 5079 αὑτοῦ.

503 5075 864 5148 (22)_Veteijes
909 5075 1116 5147 aliquot
1137 5075 1281 5148 'libri
1311 5076 1408 5148 ούχ
1437 5077 1469 5146 ἡ
1506 5075 1662 5146 μετά.
1697 5075 1838 5148 Editi
1869 5078 1991 5148 οὐχὶ

434 5145 602 5228 μετά.
623 5145 688 5228 Iit
716 5145 1117 5228 infraqueque,
1146 5147 1245 5228 ubi
1282 5145 1418 5228 editi
1452 5148 1652 5228 habent
1685 5147 1806 5228 ούχὶ
1897 5145 1990 5218 νη-

433 5216 608 5280 στεία,
641 5217 836 5286 legitur
865 5216 918 5271 in
955 5216 1162 5288 aliquot
1199 5231 1334 5271 mss.
1367 5217 1464 5284 οὐχ
1494 5217 1526 5286 ή
1557 5217 1794 5288 νηστεία.
1824 5216 1992 5288 Error

431 5293 612 5356 autem
639 5294 868 5356 utroque
894 5289 946 5340 in
975 5289 1092 5341 loco
1124 5288 1250 5341 inde
1275 5288 1473 5349 evenit,
1504 5287 1648 5354 quod
1681 5287 1888 5341 librarii
1922 5304 1987 5342 ex

432 5355 537 5479 ἓὶεῖ
556 5355 1023 5478 όιὲεῦυενορίυιιε
1052 5358 1149 5427 οὐχ
1177 5359 1211 5426 ἡ
1243 5371 1408 5411 unam
1440 5356 1737 5418 eil'ecerint,
1768 5357 1887 5428 οὐχί
1910 5360 1990 5411 vi-

472 5443 502 5479 e
527 5441 606 5479 tce
638 5467 651 5479 .

472 5433 651 5480 elicet.

506 5495 617 5567 (25)
656 5495 876 5554 Veteres
923 5497 1164 5567 quinque
1221 5496 1347 5550 libri
1412 5494 1660 5565 σώματος
1723 5495 1987 5559 σύνοικος.

593 5561 844 5639 ξσιέιματι.

503 5634 613 5710 (24)
646 5634 943 5710 E'regione
979 5635 1127 5694 vocis
1155 5634 1450 5706 Ναζιραῖον
1480 5635 1535 5692 in
1563 5651 1659 5692 ora
1689 5635 1991 5694 Colbertini

2093 4869 2267 4949 primi
2286 4870 2550 4949 scriptum
2583 4874 2906 4949 invenimus
2919 4876 3014 4949 τὸν
3049 4878 3299 4949 μοναχόν.

2165 4939 2274 5019 (ἓξ)
2309 4939 2478 5019 Ειίῇί,¹
2503 4945 2728 5011 perinde
2742 4946 2966 5019 ut.(Io_lb.
2994 4939 3276 5019 ρέίιηυέἐι
3300 4948 3434 5019 Reg.
3455 4952 3676 5016 tertius,

2091 5011 2330 5137 μεγάλου
2382 5010 2679 5081 θαύματος,
2731 5010 2906 5085 magni
2947 5010 3213 5070 miraculi.
3247 5020 3356 5072 Alii
3383 5010 3505 5074 vduo
3541 5010 3674 5074 Col;

2131 5082 2293 5135 ertini
2319 5096 2446 5134 cum
2481 5085 2615 5137 Reg.
2651 5087 2811 5137 tertio
2845 5095 2892 5137 et
2931 5101 3052 5137 cum
3089 5088 3230 5137 Oliv.
3279 5091 3514 5137 μεγάλου
3547 5091 3674 5137 θεά-

2131 5082 2293 5135 ertini
2319 5096 2446 5160 cum
2481 5082 2892 5160 Reg.-tcrtio'et
2931 5101 3052 5160 cum
3089 5088 3230 5143 Oliv.
3276 5091 3514 5160 μεγάλου
3547 5091 3677 5145 θεά-

2097 5167 2297 5231 ματος..
2336 5151 2579 5231 Utraque
2626 5154 2790 5208 lectio
2838 5156 3041 5223 Optima
3081 5172 3203 5210 cum
3248 5151 3509 5224 sitfutro
3543 5163 3674 5231 quis

2097 5223 2255 5294 modo
2285 5222 2496 5294 legerit,
2530 5222 2883 5290 peccaturum
2913 5240 3021 5294 non
3052 5236 3203 5294 puto.

2168 5289 2280 5357 (26)
2308 5289 2543 5360 Antiqui
2569 5299 2679 5346 tres
2711 5306 2842 5348 mss.
2873 5289 3162 5359 ἐξελθοῦσα
3189 5296 3439 5353 ἔκλεισε.

2167 5361 2277 5445 (2'7)
2308 5361 2489 5445 Codex
2544 5364 2764 5445 quidam
2816 5363 3590 5445 Combef.__l_{tiptog,__x_a‘t_gﬁ
3638 5373 3677 5445 ἡ

2095 5428 2398 5516 φυχήέμού,
2429 5440 2480 5516 et
2512 5428 2642 5516 υἱιιὶι¹
2674 5433 2854 5516 anima
2890 5450 3027 5516 mea.
3069 5428 3272 5516 Ibidem
3299 5428 3436 5496 erditi
3466 5428 3675 5516 Κύβιοξ

2098 5499 2566 5572 ἔφη.ξιιιιι‹1,ίὲφη,
2595 5502 2750 5556 abest
2783 5517 2813 5556 a
2840 5507 3044 5558 nostris
3078 5507 3383 5564 codicibus.

2172 5571 2284 5641 (28)
2314 5571 2471 5628 Colb.
2511 5571 2721 5640 primus
2749 5572 2926 5637 ξενίας
2953 5575 3220 5646 ἀπήλαυε.
