  <div class='ocr_page' id='page_1' title='image "/cluster/home/n/w/nwhite01/storage/ocr_20150623/31/mdp.39015012934363/096.png"; bbox 0 0 4052 6214; ppageno 0'>
   <div class='ocr_carea' id='block_1_1' title="bbox 331 374 421 426">
    <p class='ocr_par' dir='ltr' id='par_1_1' title="bbox 331 374 421 426">
     <span class='ocr_line' id='line_1_1' title="bbox 331 374 421 426; baseline 0.022 -2"><span class='ocrx_word' id='word_1_1' title='bbox 331 374 421 426; x_wconf 77' lang='lat'><strong>173</strong></span> 
     </span>
    </p>
   </div>
   <div class='ocr_carea' id='block_1_2' title="bbox 1562 374 2380 448">
    <p class='ocr_par' dir='ltr' id='par_1_2' title="bbox 1562 374 2380 448">
     <span class='ocr_line' id='line_1_2' title="bbox 1562 374 2380 448; baseline 0.005 -20"><span class='ocrx_word' id='word_1_2' title='bbox 1562 376 1648 428; x_wconf 76' lang='lat' dir='ltr'><strong>or:</strong></span> <span class='ocrx_word' id='word_1_3' title='bbox 1682 375 1967 448; x_wconf 70' lang='lat' dir='ltr'><strong>JEJUNto;</strong></span> <span class='ocrx_word' id='word_1_4' title='bbox 2013 374 2297 429; x_wconf 55' lang='lat' dir='ltr'><strong>uorum</strong></span> <span class='ocrx_word' id='word_1_5' title='bbox 2339 378 2380 433; x_wconf 89' lang='grc' dir='ltr'><strong>ι.</strong></span> 
     </span>
    </p>
   </div>
   <div class='ocr_carea' id='block_1_3' title="bbox 3477 387 3577 444">
    <p class='ocr_par' dir='ltr' id='par_1_3' title="bbox 3477 387 3577 444">
     <span class='ocr_line' id='line_1_3' title="bbox 3477 387 3577 444; baseline -0.02 -1"><span class='ocrx_word' id='word_1_6' title='bbox 3477 387 3577 444; x_wconf 71' lang='grc'><strong>174</strong></span> 
     </span>
    </p>
   </div>
   <div class='ocr_carea' id='block_1_4' title="bbox 334 499 1903 574">
    <p class='ocr_par' dir='ltr' id='par_1_4' title="bbox 334 499 1901 574">
     <span class='ocr_line' id='line_1_4' title="bbox 334 499 1901 574; baseline 0.004 -22"><span class='ocrx_word' id='word_1_7' title='bbox 334 499 384 552; x_wconf 75' lang='grc' dir='ltr'><strong>ιδ</strong></span> <span class='ocrx_word' id='word_1_8' title='bbox 429 499 774 570; x_wconf 76' lang='grc' dir='ltr'><strong>δηλητήριον.</strong></span> <span class='ocrx_word' id='word_1_9' title='bbox 807 502 921 554; x_wconf 64' lang='grc' dir='ltr'><strong>Καὶ</strong></span> <span class='ocrx_word' id='word_1_10' title='bbox 967 502 1304 567; x_wconf 80' lang='grc' dir='ltr'>ἁπαξαπλῶς</span> <span class='ocrx_word' id='word_1_11' title='bbox 1339 500 1515 574; x_wconf 70' lang='grc' dir='ltr'>εὕροις</span> <span class='ocrx_word' id='word_1_12' title='bbox 1558 504 1624 557; x_wconf 78' lang='grc' dir='ltr'>ἂν</span> <span class='ocrx_word' id='word_1_13' title='bbox 1664 505 1761 573; x_wconf 82' lang='grc' dir='ltr'>τὴν</span> <span class='ocrx_word' id='word_1_14' title='bbox 1811 524 1901 573; x_wconf 73' lang='grc' dir='ltr'>νη-</span> 
     </span>
    </p>
   </div>
   <div class='ocr_carea' id='block_1_5' title="bbox 2007 499 3572 574">
    <p class='ocr_par' dir='ltr' id='par_1_5' title="bbox 2007 499 3572 572">
     <span class='ocr_line' id='line_1_5' title="bbox 2007 499 3572 572; baseline 0.008 -21"><span class='ocrx_word' id='word_1_15' title='bbox 2007 499 2197 552; x_wconf 86' lang='lat' dir='ltr'><strong>fuisset</strong></span> <span class='ocrx_word' id='word_1_16' title='bbox 2245 499 2572 568; x_wconf 88' lang='lat' dir='ltr'><strong>jejunatoris</strong></span> <span class='ocrx_word' id='word_1_17' title='bbox 2616 516 2774 570; x_wconf 84' lang='lat' dir='ltr'><strong>prece</strong></span> <span class='ocrx_word' id='word_1_18' title='bbox 2805 500 3128 572; x_wconf 87' lang='lat' dir='ltr'><strong>dissipatum</strong></span> <span class='ocrx_word' id='word_1_19' title='bbox 3181 518 3451 560; x_wconf 88' lang='lat' dir='ltr'><strong>venenum</strong></span> <span class='ocrx_word' id='word_1_20' title='bbox 3505 507 3572 563; x_wconf 79' lang='grc'>’¹.</span> 
     </span>
    </p>
   </div>
   <div class='ocr_carea' id='block_1_6' title="bbox 334 592 1907 666">
    <p class='ocr_par' dir='ltr' id='par_1_6' title="bbox 334 592 1907 666">
     <span class='ocr_line' id='line_1_6' title="bbox 334 592 1907 666; baseline 0.003 -20"><span class='ocrx_word' id='word_1_21' title='bbox 334 595 504 646; x_wconf 82' lang='grc' dir='ltr'>στείαν</span> <span class='ocrx_word' id='word_1_22' title='bbox 550 592 761 655; x_wconf 78' lang='grc' dir='ltr'>πάντας</span> <span class='ocrx_word' id='word_1_23' title='bbox 807 595 936 656; x_wconf 67' lang='grc' dir='ltr'>τοὺς</span> <span class='ocrx_word' id='word_1_24' title='bbox 975 595 1161 663; x_wconf 75' lang='grc' dir='ltr'>ἁγίους</span> <span class='ocrx_word' id='word_1_25' title='bbox 1205 597 1286 658; x_wconf 88' lang='grc' dir='ltr'>εἰς</span> <span class='ocrx_word' id='word_1_26' title='bbox 1325 597 1422 666; x_wconf 84' lang='grc' dir='ltr'>τὴν</span> <span class='ocrx_word' id='word_1_27' title='bbox 1468 597 1608 649; x_wconf 75' lang='grc' dir='ltr'>κατὰ</span> <span class='ocrx_word' id='word_1_28' title='bbox 1640 598 1772 652; x_wconf 79' lang='grc' dir='ltr'>Θεὸν</span> <span class='ocrx_word' id='word_1_29' title='bbox 1818 617 1907 650; x_wconf 82' lang='grc' dir='ltr'><strong>πο-</strong></span> 
     </span>
    </p>
   </div>
   <div class='ocr_carea' id='block_1_7' title="bbox 332 685 1902 759">
    <p class='ocr_par' dir='ltr' id='par_1_7' title="bbox 332 685 1902 759">
     <span class='ocr_line' id='line_1_7' title="bbox 332 685 1902 759; baseline 0.006 -24"><span class='ocrx_word' id='word_1_30' title='bbox 332 685 525 738; x_wconf 82' lang='grc' dir='ltr'>λιτείαν</span> <span class='ocrx_word' id='word_1_31' title='bbox 552 687 1072 754; x_wconf 81' lang='grc' dir='ltr'>χειραγωγήσασαν.</span> <span class='ocrx_word' id='word_1_32' title='bbox 1109 689 1266 739; x_wconf 88' lang='grc' dir='ltr'>Ἐστι</span> <span class='ocrx_word' id='word_1_33' title='bbox 1299 705 1383 749; x_wconf 87' lang='grc' dir='ltr'><strong>τις</strong></span> <span class='ocrx_word' id='word_1_34' title='bbox 1426 689 1586 756; x_wconf 82' lang='grc' dir='ltr'>φύσις</span> <span class='ocrx_word' id='word_1_35' title='bbox 1633 689 1902 759; x_wconf 78' lang='grc' dir='ltr'>σώματος,</span> 
     </span>
    </p>
   </div>
   <div class='ocr_carea' id='block_1_8' title="bbox 335 776 1906 852">
    <p class='ocr_par' dir='ltr' id='par_1_8' title="bbox 335 776 1906 852">
     <span class='ocr_line' id='line_1_8' title="bbox 335 776 1906 852; baseline 0.004 -24"><span class='ocrx_word' id='word_1_36' title='bbox 335 781 392 847; x_wconf 65' lang='grc' dir='ltr'>ἦν</span> <span class='ocrx_word' id='word_1_37' title='bbox 418 776 668 829; x_wconf 83' lang='grc' dir='ltr'>καλοῦσιν</span> <span class='ocrx_word' id='word_1_38' title='bbox 702 778 1016 845; x_wconf 75' lang='grc' dir='ltr'>ἀμίαντον,</span> <span class='ocrx_word' id='word_1_39' title='bbox 1047 777 1320 840; x_wconf 79' lang='grc' dir='ltr'>ἀνάλωτος</span> <span class='ocrx_word' id='word_1_40' title='bbox 1347 781 1497 847; x_wconf 68' lang='grc' dir='ltr'>πυρὶ,</span> <span class='ocrx_word' id='word_1_41' title='bbox 1527 782 1668 849; x_wconf 81' lang='grc' dir='ltr'>ἥτις,</span> <span class='ocrx_word' id='word_1_42' title='bbox 1716 783 1772 833; x_wconf 82' lang='grc' dir='ltr'><strong>ἐν</strong></span> <span class='ocrx_word' id='word_1_43' title='bbox 1810 785 1906 852; x_wconf 85' lang='grc' dir='ltr'><strong>μὲν</strong></span> 
     </span>
    </p>
   </div>
   <div class='ocr_carea' id='block_1_9' title="bbox 331 871 1906 944">
    <p class='ocr_par' dir='ltr' id='par_1_9' title="bbox 331 871 1906 944">
     <span class='ocr_line' id='line_1_9' title="bbox 331 871 1906 944; baseline 0.002 -20"><span class='ocrx_word' id='word_1_44' title='bbox 331 875 392 939; x_wconf 69' lang='grc' dir='ltr'>τῇ</span> <span class='ocrx_word' id='word_1_45' title='bbox 416 871 569 939; x_wconf 69' lang='grc' dir='ltr'>φλογὶ</span> <span class='ocrx_word' id='word_1_46' title='bbox 598 873 855 941; x_wconf 84' lang='grc' dir='ltr'>κειμένη,</span> <span class='ocrx_word' id='word_1_47' title='bbox 885 873 1348 942; x_wconf 82' lang='grc' dir='ltr'>ἀπηνθρακῶσθαι</span> <span class='ocrx_word' id='word_1_48' title='bbox 1378 874 1544 932; x_wconf 83' lang='grc' dir='ltr'>δοκεῖ,</span> <span class='ocrx_word' id='word_1_49' title='bbox 1569 874 1906 944; x_wconf 80' lang='grc' dir='ltr'>ἐξαιρεθεῖσα</span> 
     </span>
    </p>
   </div>
   <div class='ocr_carea' id='block_1_10' title="bbox 329 963 1908 1038">
    <p class='ocr_par' dir='ltr' id='par_1_10' title="bbox 329 963 1908 1038">
     <span class='ocr_line' id='line_1_10' title="bbox 329 963 1908 1038; baseline 0.004 -24"><span class='ocrx_word' id='word_1_50' title='bbox 329 963 383 1014; x_wconf 77' lang='grc' dir='ltr'>δὲ</span> <span class='ocrx_word' id='word_1_51' title='bbox 419 963 511 1016; x_wconf 82' lang='grc' dir='ltr'><strong>τοῦ</strong></span> <span class='ocrx_word' id='word_1_52' title='bbox 545 963 741 1032; x_wconf 76' lang='grc' dir='ltr'>πυρὸς,</span> <span class='ocrx_word' id='word_1_53' title='bbox 775 965 850 1024; x_wconf 82' lang='grc' dir='ltr'>ὡς</span> <span class='ocrx_word' id='word_1_54' title='bbox 882 963 1035 1016; x_wconf 73' lang='grc' dir='ltr'>ὕδατι</span> <span class='ocrx_word' id='word_1_55' title='bbox 1081 964 1511 1035; x_wconf 81' lang='grc' dir='ltr'>λαμπρυνθεῖσα.</span> <span class='ocrx_word' id='word_1_56' title='bbox 1552 967 1908 1038; x_wconf 80' lang='grc' dir='ltr'>καθαρωτέρα</span> 
     </span>
    </p>
   </div>
   <div class='ocr_carea' id='block_1_11' title="bbox 329 1052 1906 1128">
    <p class='ocr_par' dir='ltr' id='par_1_11' title="bbox 329 1052 1906 1128">
     <span class='ocr_line' id='line_1_11' title="bbox 329 1052 1906 1128; baseline 0 -20"><span class='ocrx_word' id='word_1_57' title='bbox 329 1058 552 1123; x_wconf 79' lang='grc' dir='ltr'>γίνεται.</span> <span class='ocrx_word' id='word_1_58' title='bbox 590 1055 833 1108; x_wconf 75' lang='grc' dir='ltr'><strong>Τοιαῦτα</strong></span> <span class='ocrx_word' id='word_1_59' title='bbox 879 1052 947 1126; x_wconf 76' lang='grc' dir='ltr'>ἦν</span> <span class='ocrx_word' id='word_1_60' title='bbox 986 1055 1054 1107; x_wconf 72' lang='grc' dir='ltr'>τὰ</span> <span class='ocrx_word' id='word_1_61' title='bbox 1100 1057 1206 1108; x_wconf 83' lang='grc' dir='ltr'><strong>τῶν</strong></span> <span class='ocrx_word' id='word_1_62' title='bbox 1252 1057 1416 1128; x_wconf 80' lang='grc' dir='ltr'>τριῶν</span> <span class='ocrx_word' id='word_1_63' title='bbox 1446 1058 1650 1109; x_wconf 80' lang='grc' dir='ltr'>παίδων</span> <span class='ocrx_word' id='word_1_64' title='bbox 1681 1058 1906 1110; x_wconf 82' lang='grc' dir='ltr'>ἐκείνων</span> 
     </span>
    </p>
   </div>
   <div class='ocr_carea' id='block_1_12' title="bbox 332 1147 1902 1219">
    <p class='ocr_par' dir='ltr' id='par_1_12' title="bbox 332 1147 1902 1219">
     <span class='ocr_line' id='line_1_12' title="bbox 332 1147 1902 1219; baseline 0.003 -21"><span class='ocrx_word' id='word_1_65' title='bbox 332 1147 555 1216; x_wconf 80' lang='grc' dir='ltr'>σώματα</span> <span class='ocrx_word' id='word_1_66' title='bbox 613 1149 706 1200; x_wconf 74' lang='grc' dir='ltr'>ἐπὶ</span> <span class='ocrx_word' id='word_1_67' title='bbox 779 1149 879 1215; x_wconf 76' lang='grc' dir='ltr'><strong>τῆς</strong></span> <span class='ocrx_word' id='word_1_68' title='bbox 952 1149 1296 1212; x_wconf 71' lang='grc' dir='ltr'>Βαϐυλωνίας</span> <span class='ocrx_word' id='word_1_69' title='bbox 1359 1150 1424 1202; x_wconf 82' lang='grc' dir='ltr'><strong>ἐκ</strong></span> <span class='ocrx_word' id='word_1_70' title='bbox 1489 1153 1589 1219; x_wconf 83' lang='grc' dir='ltr'><strong>τῆς</strong></span> <span class='ocrx_word' id='word_1_71' title='bbox 1648 1151 1902 1219; x_wconf 77' lang='grc' dir='ltr'>νηστείας</span> 
     </span>
    </p>
   </div>
   <div class='ocr_carea' id='block_1_13' title="bbox 332 1238 1903 1311">
    <p class='ocr_par' dir='ltr' id='par_1_13' title="bbox 332 1238 1903 1311">
     <span class='ocr_line' id='line_1_13' title="bbox 332 1238 1903 1311; baseline 0.001 -21"><span class='ocrx_word' id='word_1_72' title='bbox 332 1238 516 1306; x_wconf 63' lang='grc' dir='ltr'>ἔχοντα</span> <span class='ocrx_word' id='word_1_73' title='bbox 560 1239 623 1292; x_wconf 74' lang='grc' dir='ltr'>τὸ</span> <span class='ocrx_word' id='word_1_74' title='bbox 654 1239 920 1308; x_wconf 85' lang='grc' dir='ltr'>ἀμίαντον</span> <span class='ocrx_word' id='word_1_75' title='bbox 950 1239 1080 1296; x_wconf 76' lang='lat'><strong>(‘29).</strong></span> <span class='ocrx_word' id='word_1_76' title='bbox 1129 1239 1216 1292; x_wconf 81' lang='grc' dir='ltr'>Ἐν</span> <span class='ocrx_word' id='word_1_77' title='bbox 1259 1239 1366 1308; x_wconf 71' lang='grc' dir='ltr'><strong>γὰρ</strong></span> <span class='ocrx_word' id='word_1_78' title='bbox 1396 1243 1460 1310; x_wconf 84' lang='grc' dir='ltr'>τῇ</span> <span class='ocrx_word' id='word_1_79' title='bbox 1501 1240 1706 1311; x_wconf 84' lang='grc' dir='ltr'><strong>μεγάλῃ</strong></span> <span class='ocrx_word' id='word_1_80' title='bbox 1746 1241 1903 1308; x_wconf 76' lang='grc' dir='ltr'>φλογὶ</span> 
     </span>
    </p>
   </div>
   <div class='ocr_carea' id='block_1_14' title="bbox 333 1330 1896 1399">
    <p class='ocr_par' dir='ltr' id='par_1_14' title="bbox 333 1330 1896 1399">
     <span class='ocr_line' id='line_1_14' title="bbox 333 1330 1896 1399; baseline 0.003 -19"><span class='ocrx_word' id='word_1_81' title='bbox 333 1331 426 1399; x_wconf 73' lang='grc' dir='ltr'>τῆς</span> <span class='ocrx_word' id='word_1_82' title='bbox 473 1330 732 1398; x_wconf 83' lang='grc' dir='ltr'>καμίνου,</span> <span class='ocrx_word' id='word_1_83' title='bbox 767 1331 928 1382; x_wconf 74' lang='grc' dir='ltr'>οἱονεὶ</span> <span class='ocrx_word' id='word_1_84' title='bbox 974 1333 1164 1398; x_wconf 77' lang='grc' dir='ltr'>χρυσοῖ</span> <span class='ocrx_word' id='word_1_85' title='bbox 1216 1331 1313 1398; x_wconf 74' lang='grc' dir='ltr'><strong>τὴν</strong></span> <span class='ocrx_word' id='word_1_86' title='bbox 1350 1330 1506 1394; x_wconf 76' lang='grc' dir='ltr'>φύσιν</span> <span class='ocrx_word' id='word_1_87' title='bbox 1543 1331 1713 1393; x_wconf 83' lang='grc' dir='ltr'>ὄντες,</span> <span class='ocrx_word' id='word_1_88' title='bbox 1753 1331 1896 1384; x_wconf 71' lang='grc' dir='ltr'>οὕτω</span> 
     </span>
    </p>
   </div>
   <div class='ocr_carea' id='block_1_15' title="bbox 336 1421 1897 1493">
    <p class='ocr_par' dir='ltr' id='par_1_15' title="bbox 336 1421 1897 1493">
     <span class='ocr_line' id='line_1_15' title="bbox 336 1421 1897 1493; baseline 0.002 -21"><span class='ocrx_word' id='word_1_89' title='bbox 336 1421 610 1490; x_wconf 79' lang='grc' dir='ltr'>κρείττους</span> <span class='ocrx_word' id='word_1_90' title='bbox 642 1423 742 1491; x_wconf 73' lang='grc' dir='ltr'>τῆς</span> <span class='ocrx_word' id='word_1_91' title='bbox 791 1421 899 1474; x_wconf 76' lang='grc' dir='ltr'><strong>ἀπὸ</strong></span> <span class='ocrx_word' id='word_1_92' title='bbox 945 1421 1036 1473; x_wconf 91' lang='grc' dir='ltr'><strong>τοῦ</strong></span> <span class='ocrx_word' id='word_1_93' title='bbox 1070 1421 1238 1489; x_wconf 78' lang='grc' dir='ltr'>πυρὸς</span> <span class='ocrx_word' id='word_1_94' title='bbox 1267 1422 1623 1476; x_wconf 84' lang='grc' dir='ltr'>διεδείκνυντο</span> <span class='ocrx_word' id='word_1_95' title='bbox 1674 1423 1897 1493; x_wconf 77' lang='grc' dir='ltr'>βλάϐης.</span> 
     </span>
    </p>
   </div>
   <div class='ocr_carea' id='block_1_16' title="bbox 334 1507 1904 1583">
    <p class='ocr_par' dir='ltr' id='par_1_16' title="bbox 334 1507 1904 1583">
     <span class='ocr_line' id='line_1_16' title="bbox 334 1507 1904 1583; baseline 0.003 -19"><span class='ocrx_word' id='word_1_96' title='bbox 334 1507 510 1565; x_wconf 71' lang='grc' dir='ltr'>Ἧπου</span> <span class='ocrx_word' id='word_1_97' title='bbox 569 1513 671 1565; x_wconf 66' lang='grc' dir='ltr'><strong>καὶ</strong></span> <span class='ocrx_word' id='word_1_98' title='bbox 722 1511 926 1583; x_wconf 81' lang='grc' dir='ltr'>χρυσοῦ</span> <span class='ocrx_word' id='word_1_99' title='bbox 983 1513 1339 1581; x_wconf 78' lang='grc' dir='ltr'>δυνατώτεροι</span> <span class='ocrx_word' id='word_1_100' title='bbox 1394 1514 1782 1568; x_wconf 85' lang='grc' dir='ltr'>διεδείκνυντο·</span> <span class='ocrx_word' id='word_1_101' title='bbox 1842 1517 1904 1568; x_wconf 82' lang='grc' dir='ltr'><strong>οὐ</strong></span> 
     </span>
    </p>
   </div>
   <div class='ocr_carea' id='block_1_17' title="bbox 341 1603 1907 1674">
    <p class='ocr_par' dir='ltr' id='par_1_17' title="bbox 341 1603 1907 1674">
     <span class='ocr_line' id='line_1_17' title="bbox 341 1603 1907 1674; baseline 0.002 -19"><span class='ocrx_word' id='word_1_102' title='bbox 341 1604 443 1673; x_wconf 69' lang='grc' dir='ltr'><strong>γὰρ</strong></span> <span class='ocrx_word' id='word_1_103' title='bbox 501 1603 769 1673; x_wconf 79' lang='grc' dir='ltr'>ἐχώνευεν</span> <span class='ocrx_word' id='word_1_104' title='bbox 839 1604 1036 1665; x_wconf 74' lang='grc' dir='ltr'>αὐτοὺς</span> <span class='ocrx_word' id='word_1_105' title='bbox 1085 1604 1145 1656; x_wconf 76' lang='grc' dir='ltr'>τὸ</span> <span class='ocrx_word' id='word_1_106' title='bbox 1212 1605 1358 1673; x_wconf 79' lang='grc' dir='ltr'>πῦρ,</span> <span class='ocrx_word' id='word_1_107' title='bbox 1428 1604 1541 1657; x_wconf 86' lang='grc' dir='ltr'>ἀλλ’</span> <span class='ocrx_word' id='word_1_108' title='bbox 1605 1605 1907 1674; x_wconf 74' lang='grc' dir='ltr'>ἐφύλασσεν</span> 
     </span>
    </p>
   </div>
   <div class='ocr_carea' id='block_1_18' title="bbox 339 1693 1905 1765">
    <p class='ocr_par' dir='ltr' id='par_1_18' title="bbox 339 1693 1905 1765">
     <span class='ocr_line' id='line_1_18' title="bbox 339 1693 1905 1765; baseline 0.002 -19"><span class='ocrx_word' id='word_1_109' title='bbox 339 1695 641 1765; x_wconf 81' lang='grc' dir='ltr'>ἀκεραίους.</span> <span class='ocrx_word' id='word_1_110' title='bbox 675 1695 868 1747; x_wconf 83' lang='grc' dir='ltr'>Καίτοι</span> <span class='ocrx_word' id='word_1_111' title='bbox 899 1693 1052 1746; x_wconf 76' lang='grc' dir='ltr'>οὐδὲν</span> <span class='ocrx_word' id='word_1_112' title='bbox 1085 1694 1149 1747; x_wconf 83' lang='grc' dir='ltr'>ἂν</span> <span class='ocrx_word' id='word_1_113' title='bbox 1181 1696 1394 1762; x_wconf 79' lang='grc' dir='ltr'>ἐκείνην</span> <span class='ocrx_word' id='word_1_114' title='bbox 1425 1696 1544 1748; x_wconf 78' lang='grc' dir='ltr'>τότε</span> <span class='ocrx_word' id='word_1_115' title='bbox 1588 1697 1686 1765; x_wconf 75' lang='grc' dir='ltr'>τὴν</span> <span class='ocrx_word' id='word_1_116' title='bbox 1732 1697 1905 1764; x_wconf 81' lang='grc' dir='ltr'>φλόγα</span> 
     </span>
    </p>
   </div>
   <div class='ocr_carea' id='block_1_19' title="bbox 344 1787 1907 1858">
    <p class='ocr_par' dir='ltr' id='par_1_19' title="bbox 344 1787 1907 1858">
     <span class='ocr_line' id='line_1_19' title="bbox 344 1787 1907 1858; baseline 0 -19"><span class='ocrx_word' id='word_1_117' title='bbox 344 1789 563 1856; x_wconf 75' lang='grc' dir='ltr'>ὑπέστη,</span> <span class='ocrx_word' id='word_1_118' title='bbox 595 1789 664 1857; x_wconf 76' lang='grc' dir='ltr'>ἣν</span> <span class='ocrx_word' id='word_1_119' title='bbox 697 1787 875 1855; x_wconf 68' lang='grc' dir='ltr'>νάφθα</span> <span class='ocrx_word' id='word_1_120' title='bbox 920 1788 1014 1840; x_wconf 68' lang='grc' dir='ltr'>καὶ</span> <span class='ocrx_word' id='word_1_121' title='bbox 1049 1787 1215 1839; x_wconf 76' lang='grc' dir='ltr'>πίσσα</span> <span class='ocrx_word' id='word_1_122' title='bbox 1249 1789 1342 1839; x_wconf 76' lang='grc' dir='ltr'><strong>καὶ</strong></span> <span class='ocrx_word' id='word_1_123' title='bbox 1397 1788 1726 1857; x_wconf 85' lang='grc' dir='ltr'>κληματίδες</span> <span class='ocrx_word' id='word_1_124' title='bbox 1759 1788 1907 1858; x_wconf 79' lang='grc' dir='ltr'>ἔτρε-</span> 
     </span>
    </p>
   </div>
   <div class='ocr_carea' id='block_1_20' title="bbox 2010 588 3579 664">
    <p class='ocr_par' dir='ltr' id='par_1_20' title="bbox 2010 588 3579 664">
     <span class='ocr_line' id='line_1_20' title="bbox 2010 588 3579 664; baseline 0.008 -26"><span class='ocrx_word' id='word_1_125' title='bbox 2010 588 2203 656; x_wconf 84' lang='lat' dir='ltr'><strong>Atque,</strong></span> <span class='ocrx_word' id='word_1_126' title='bbox 2234 596 2293 641; x_wconf 90' lang='lat' dir='ltr'><strong>ut</strong></span> <span class='ocrx_word' id='word_1_127' title='bbox 2323 589 2488 643; x_wconf 88' lang='lat' dir='ltr'><strong>semel</strong></span> <span class='ocrx_word' id='word_1_128' title='bbox 2542 592 2721 643; x_wconf 85' lang='lat' dir='ltr'><strong>omnia</strong></span> <span class='ocrx_word' id='word_1_129' title='bbox 2756 590 2930 644; x_wconf 80' lang='lat' dir='ltr'><strong>dicam</strong></span> <span class='ocrx_word' id='word_1_130' title='bbox 2962 632 2974 652; x_wconf 93' lang='lat'><strong>,</strong></span> <span class='ocrx_word' id='word_1_131' title='bbox 3033 593 3274 662; x_wconf 76' lang='lat' dir='ltr'><strong>reperies</strong></span> <span class='ocrx_word' id='word_1_132' title='bbox 3309 602 3579 664; x_wconf 74' lang='lat' dir='ltr'><strong>quotquot</strong></span> 
     </span>
    </p>
   </div>
   <div class='ocr_carea' id='block_1_21' title="bbox 2011 678 3582 752">
    <p class='ocr_par' dir='ltr' id='par_1_21' title="bbox 2011 678 3582 752">
     <span class='ocr_line' id='line_1_21' title="bbox 2011 678 3582 752; baseline 0.007 -21"><span class='ocrx_word' id='word_1_133' title='bbox 2011 678 2158 733; x_wconf 90' lang='lat' dir='ltr'><strong>fuere</strong></span> <span class='ocrx_word' id='word_1_134' title='bbox 2187 680 2385 743; x_wconf 80' lang='lat' dir='ltr'><strong>sancti,</strong></span> <span class='ocrx_word' id='word_1_135' title='bbox 2415 696 2603 735; x_wconf 77' lang='lat' dir='ltr'><strong>omnes</strong></span> <span class='ocrx_word' id='word_1_136' title='bbox 2640 698 2736 751; x_wconf 87' lang='lat' dir='ltr'><strong>per</strong></span> <span class='ocrx_word' id='word_1_137' title='bbox 2763 683 3027 752; x_wconf 77' lang='lat' dir='ltr'><strong>jejunium</strong></span> <span class='ocrx_word' id='word_1_138' title='bbox 3055 685 3121 737; x_wconf 88' lang='lat' dir='ltr'><strong>ad</strong></span> <span class='ocrx_word' id='word_1_139' title='bbox 3155 686 3321 738; x_wconf 91' lang='lat' dir='ltr'><strong>vitam</strong></span> <span class='ocrx_word' id='word_1_140' title='bbox 3358 685 3468 740; x_wconf 90' lang='lat' dir='ltr'><strong>Deo</strong></span> <span class='ocrx_word' id='word_1_141' title='bbox 3497 687 3582 742; x_wconf 76' lang='lat' dir='ltr'><strong>di-</strong></span> 
     </span>
    </p>
   </div>
   <div class='ocr_carea' id='block_1_22' title="bbox 2008 773 3575 845">
    <p class='ocr_par' dir='ltr' id='par_1_22' title="bbox 2008 773 3575 845">
     <span class='ocr_line' id='line_1_22' title="bbox 2008 773 3575 845; baseline 0.005 -21"><span class='ocrx_word' id='word_1_142' title='bbox 2008 788 2166 841; x_wconf 85' lang='lat' dir='ltr'><strong>gnam</strong></span> <span class='ocrx_word' id='word_1_143' title='bbox 2208 773 2488 827; x_wconf 88' lang='lat' dir='ltr'><strong>institutos</strong></span> <span class='ocrx_word' id='word_1_144' title='bbox 2525 773 2713 829; x_wconf 86' lang='lat' dir='ltr'><strong>fuisse.</strong></span> <span class='ocrx_word' id='word_1_145' title='bbox 2749 774 2822 827; x_wconf 88' lang='lat' dir='ltr'><strong>Ea</strong></span> <span class='ocrx_word' id='word_1_146' title='bbox 2850 785 2934 830; x_wconf 90' lang='lat' dir='ltr'><strong>est</strong></span> <span class='ocrx_word' id='word_1_147' title='bbox 2961 783 3156 830; x_wconf 90' lang='lat' dir='ltr'><strong>natura</strong></span> <span class='ocrx_word' id='word_1_148' title='bbox 3195 776 3445 845; x_wconf 89' lang='lat' dir='ltr'><strong>corporis</strong></span> <span class='ocrx_word' id='word_1_149' title='bbox 3473 792 3575 832; x_wconf 91' lang='lat' dir='ltr'><strong>cu-</strong></span> 
     </span>
    </p>
   </div>
   <div class='ocr_carea' id='block_1_23' title="bbox 2004 864 3577 938">
    <p class='ocr_par' dir='ltr' id='par_1_23' title="bbox 2004 864 3577 938">
     <span class='ocr_line' id='line_1_23' title="bbox 2004 864 3577 938; baseline 0.006 -23"><span class='ocrx_word' id='word_1_150' title='bbox 2004 864 2245 932; x_wconf 87' lang='lat' dir='ltr'><strong>jusdam,</strong></span> <span class='ocrx_word' id='word_1_151' title='bbox 2276 864 2422 933; x_wconf 92' lang='lat' dir='ltr'><strong>quod</strong></span> <span class='ocrx_word' id='word_1_152' title='bbox 2475 867 2747 920; x_wconf 80' lang='lat' dir='ltr'><strong>amianlon</strong></span> <span class='ocrx_word' id='word_1_153' title='bbox 2781 876 2977 920; x_wconf 88' lang='lat' dir='ltr'><strong>vocant</strong></span> <span class='ocrx_word' id='word_1_154' title='bbox 3007 905 3020 929; x_wconf 89' lang='lat'><strong>,</strong></span> <span class='ocrx_word' id='word_1_155' title='bbox 3057 875 3116 921; x_wconf 91' lang='lat' dir='ltr'><strong>ut</strong></span> <span class='ocrx_word' id='word_1_156' title='bbox 3165 869 3277 938; x_wconf 88' lang='lat' dir='ltr'><strong>igni</strong></span> <span class='ocrx_word' id='word_1_157' title='bbox 3323 872 3577 925; x_wconf 88' lang='lat' dir='ltr'><strong>consumi</strong></span> 
     </span>
    </p>
   </div>
   <div class='ocr_carea' id='block_1_24' title="bbox 2009 954 3576 1030">
    <p class='ocr_par' dir='ltr' id='par_1_24' title="bbox 2009 954 3576 1030">
     <span class='ocr_line' id='line_1_24' title="bbox 2009 954 3576 1030; baseline 0.003 -22"><span class='ocrx_word' id='word_1_158' title='bbox 2009 971 2116 1009; x_wconf 91' lang='lat' dir='ltr'><strong>non</strong></span> <span class='ocrx_word' id='word_1_159' title='bbox 2141 955 2333 1024; x_wconf 89' lang='lat' dir='ltr'><strong>possit.</strong></span> <span class='ocrx_word' id='word_1_160' title='bbox 2367 954 2420 1009; x_wconf 94' lang='lat' dir='ltr'><strong>ld</strong></span> <span class='ocrx_word' id='word_1_161' title='bbox 2449 956 2492 1010; x_wconf 91' lang='lat' dir='ltr'><strong>si</strong></span> <span class='ocrx_word' id='word_1_162' title='bbox 2517 958 2568 1010; x_wconf 89' lang='lat' dir='ltr'><strong>in</strong></span> <span class='ocrx_word' id='word_1_163' title='bbox 2599 956 2811 1011; x_wconf 84' lang='lat' dir='ltr'><strong>ﬂamma</strong></span> <span class='ocrx_word' id='word_1_164' title='bbox 2841 967 3093 1028; x_wconf 88' lang='lat' dir='ltr'><strong>ponatur,</strong></span> <span class='ocrx_word' id='word_1_165' title='bbox 3119 959 3333 1015; x_wconf 87' lang='lat' dir='ltr'><strong>videtur</strong></span> <span class='ocrx_word' id='word_1_166' title='bbox 3357 962 3576 1030; x_wconf 86' lang='lat' dir='ltr'><strong>quidem</strong></span> 
     </span>
    </p>
   </div>
   <div class='ocr_carea' id='block_1_25' title="bbox 2009 1046 3580 1118">
    <p class='ocr_par' dir='ltr' id='par_1_25' title="bbox 2009 1046 3580 1118">
     <span class='ocr_line' id='line_1_25' title="bbox 2009 1046 3580 1118; baseline 0.005 -20"><span class='ocrx_word' id='word_1_167' title='bbox 2009 1046 2320 1115; x_wconf 85' lang='lat' dir='ltr'><strong>ignescere,</strong></span> <span class='ocrx_word' id='word_1_168' title='bbox 2362 1055 2415 1102; x_wconf 90' lang='lat' dir='ltr'><strong>et</strong></span> <span class='ocrx_word' id='word_1_169' title='bbox 2463 1048 2518 1101; x_wconf 91' lang='lat' dir='ltr'><strong>in</strong></span> <span class='ocrx_word' id='word_1_170' title='bbox 2571 1064 2800 1118; x_wconf 89' lang='lat' dir='ltr'><strong>prunam</strong></span> <span class='ocrx_word' id='word_1_171' title='bbox 2846 1051 3024 1104; x_wconf 87' lang='lat' dir='ltr'><strong>verti:</strong></span> <span class='ocrx_word' id='word_1_172' title='bbox 3061 1051 3155 1106; x_wconf 90' lang='lat' dir='ltr'><strong>sed</strong></span> <span class='ocrx_word' id='word_1_173' title='bbox 3209 1052 3256 1106; x_wconf 90' lang='lat' dir='ltr'><strong>si</strong></span> <span class='ocrx_word' id='word_1_174' title='bbox 3305 1054 3580 1108; x_wconf 83' lang='lat' dir='ltr'><strong>eximatur</strong></span> 
     </span>
    </p>
   </div>
   <div class='ocr_carea' id='block_1_26' title="bbox 2010 1135 3578 1212">
    <p class='ocr_par' dir='ltr' id='par_1_26' title="bbox 2010 1135 3578 1212">
     <span class='ocr_line' id='line_1_26' title="bbox 2010 1135 3578 1212; baseline 0.007 -24"><span class='ocrx_word' id='word_1_175' title='bbox 2010 1135 2144 1205; x_wconf 87' lang='lat' dir='ltr'><strong>igni,</strong></span> <span class='ocrx_word' id='word_1_176' title='bbox 2176 1137 2396 1206; x_wconf 86' lang='lat' dir='ltr'><strong>perinde</strong></span> <span class='ocrx_word' id='word_1_177' title='bbox 2435 1139 2592 1208; x_wconf 89' lang='lat' dir='ltr'><strong>quasi</strong></span> <span class='ocrx_word' id='word_1_178' title='bbox 2641 1139 2835 1195; x_wconf 82' lang='lat' dir='ltr'><strong>fuisset</strong></span> <span class='ocrx_word' id='word_1_179' title='bbox 2867 1136 3009 1212; x_wconf 86' lang='lat' dir='ltr'><strong>aqua</strong></span> <span class='ocrx_word' id='word_1_180' title='bbox 3061 1144 3414 1209; x_wconf 87' lang='lat' dir='ltr'><strong>illustratum,</strong></span> <span class='ocrx_word' id='word_1_181' title='bbox 3447 1160 3578 1200; x_wconf 88' lang='lat' dir='ltr'><strong>eva-</strong></span> 
     </span>
    </p>
   </div>
   <div class='ocr_carea' id='block_1_27' title="bbox 2008 1227 3581 1308">
    <p class='ocr_par' dir='ltr' id='par_1_27' title="bbox 2008 1227 3581 1308">
     <span class='ocr_line' id='line_1_27' title="bbox 2008 1227 3581 1308; baseline 0.007 -29"><span class='ocrx_word' id='word_1_182' title='bbox 2008 1227 2088 1280; x_wconf 85' lang='lat' dir='ltr'><strong>dit</strong></span> <span class='ocrx_word' id='word_1_183' title='bbox 2123 1229 2330 1296; x_wconf 86' lang='lat' dir='ltr'><strong>purius.</strong></span> <span class='ocrx_word' id='word_1_184' title='bbox 2390 1228 2712 1299; x_wconf 84' lang='lat' dir='ltr'><strong>Hujusmodi</strong></span> <span class='ocrx_word' id='word_1_185' title='bbox 2748 1241 2905 1286; x_wconf 85' lang='lat' dir='ltr'><strong>erant</strong></span> <span class='ocrx_word' id='word_1_186' title='bbox 2935 1233 3096 1288; x_wconf 87' lang='lat' dir='ltr'><strong>trium</strong></span> <span class='ocrx_word' id='word_1_187' title='bbox 3129 1235 3346 1290; x_wconf 91' lang='lat' dir='ltr'><strong>illorum</strong></span> <span class='ocrx_word' id='word_1_188' title='bbox 3381 1252 3581 1308; x_wconf 88' lang='lat' dir='ltr'><strong>puero-</strong></span> 
     </span>
    </p>
   </div>
   <div class='ocr_carea' id='block_1_28' title="bbox 2009 1321 3582 1397">
    <p class='ocr_par' dir='ltr' id='par_1_28' title="bbox 2009 1321 3582 1397">
     <span class='ocr_line' id='line_1_28' title="bbox 2009 1321 3582 1397; baseline 0.008 -27"><span class='ocrx_word' id='word_1_189' title='bbox 2009 1332 2128 1372; x_wconf 92' lang='lat' dir='ltr'><strong>rum</strong></span> <span class='ocrx_word' id='word_1_190' title='bbox 2168 1333 2398 1389; x_wconf 85' lang='lat' dir='ltr'><strong>corpora</strong></span> <span class='ocrx_word' id='word_1_191' title='bbox 2431 1321 2486 1375; x_wconf 92' lang='lat' dir='ltr'><strong>in</strong></span> <span class='ocrx_word' id='word_1_192' title='bbox 2523 1321 2817 1393; x_wconf 88' lang='lat' dir='ltr'><strong>Babylone,</strong></span> <span class='ocrx_word' id='word_1_193' title='bbox 2843 1332 3092 1379; x_wconf 88' lang='lat' dir='ltr'><strong>naturam</strong></span> <span class='ocrx_word' id='word_1_194' title='bbox 3132 1327 3356 1380; x_wconf 88' lang='lat' dir='ltr'><strong>amianti</strong></span> <span class='ocrx_word' id='word_1_195' title='bbox 3393 1342 3488 1397; x_wconf 90' lang='lat' dir='ltr'><strong>per</strong></span> <span class='ocrx_word' id='word_1_196' title='bbox 3503 1326 3582 1396; x_wconf 87' lang='lat' dir='ltr'><strong>je-</strong></span> 
     </span>
    </p>
   </div>
   <div class='ocr_carea' id='block_1_29' title="bbox 2004 1409 3582 1484">
    <p class='ocr_par' dir='ltr' id='par_1_29' title="bbox 2004 1409 3582 1484">
     <span class='ocr_line' id='line_1_29' title="bbox 2004 1409 3582 1484; baseline 0.007 -22"><span class='ocrx_word' id='word_1_197' title='bbox 2004 1409 2217 1478; x_wconf 85' lang='lat' dir='ltr'><strong>junium</strong></span> <span class='ocrx_word' id='word_1_198' title='bbox 2247 1413 2501 1466; x_wconf 81' lang='lat' dir='ltr'><strong>habentia</strong></span> <span class='ocrx_word' id='word_1_199' title='bbox 2542 1416 2608 1468; x_wconf 85' lang='lat'><strong>&quot;.</strong></span> <span class='ocrx_word' id='word_1_200' title='bbox 2656 1413 2932 1484; x_wconf 88' lang='lat' dir='ltr'><strong>Siquidem</strong></span> <span class='ocrx_word' id='word_1_201' title='bbox 2965 1416 3020 1470; x_wconf 91' lang='lat' dir='ltr'><strong>in</strong></span> <span class='ocrx_word' id='word_1_202' title='bbox 3049 1417 3354 1472; x_wconf 87' lang='lat' dir='ltr'><strong>vehementi</strong></span> <span class='ocrx_word' id='word_1_203' title='bbox 3395 1417 3582 1472; x_wconf 58' lang='lat' dir='ltr'><strong>fornae</strong></span> 
     </span>
    </p>
   </div>
   <div class='ocr_carea' id='block_1_30' title="bbox 2009 1502 3580 1581">
    <p class='ocr_par' dir='ltr' id='par_1_30' title="bbox 2009 1502 3580 1581">
     <span class='ocr_line' id='line_1_30' title="bbox 2009 1502 3580 1581; baseline 0.006 -25"><span class='ocrx_word' id='word_1_204' title='bbox 2009 1503 2089 1557; x_wconf 90' lang='lat' dir='ltr'><strong>cis</strong></span> <span class='ocrx_word' id='word_1_205' title='bbox 2106 1502 2340 1568; x_wconf 85' lang='lat' dir='ltr'><strong>ﬂamma,</strong></span> <span class='ocrx_word' id='word_1_206' title='bbox 2363 1504 2521 1574; x_wconf 89' lang='lat' dir='ltr'><strong>quasi</strong></span> <span class='ocrx_word' id='word_1_207' title='bbox 2543 1513 2740 1560; x_wconf 90' lang='lat' dir='ltr'><strong>natura</strong></span> <span class='ocrx_word' id='word_1_208' title='bbox 2770 1507 3002 1562; x_wconf 82' lang='lat' dir='ltr'><strong>fuissent</strong></span> <span class='ocrx_word' id='word_1_209' title='bbox 3025 1508 3198 1571; x_wconf 88' lang='lat' dir='ltr'><strong>aurei,</strong></span> <span class='ocrx_word' id='word_1_210' title='bbox 3221 1508 3295 1562; x_wconf 90' lang='lat' dir='ltr'><strong>ita</strong></span> <span class='ocrx_word' id='word_1_211' title='bbox 3314 1523 3580 1581; x_wconf 86' lang='lat' dir='ltr'><strong>apparue-</strong></span> 
     </span>
    </p>
   </div>
   <div class='ocr_carea' id='block_1_31' title="bbox 2008 1595 3581 1667">
    <p class='ocr_par' dir='ltr' id='par_1_31' title="bbox 2008 1595 3581 1667">
     <span class='ocr_line' id='line_1_31' title="bbox 2008 1595 3581 1667; baseline 0.005 -19"><span class='ocrx_word' id='word_1_212' title='bbox 2008 1602 2136 1648; x_wconf 86' lang='lat' dir='ltr'><strong>runt</strong></span> <span class='ocrx_word' id='word_1_213' title='bbox 2170 1611 2312 1650; x_wconf 84' lang='lat' dir='ltr'><strong>noxa</strong></span> <span class='ocrx_word' id='word_1_214' title='bbox 2346 1595 2486 1665; x_wconf 83' lang='lat' dir='ltr'><strong>ignis</strong></span> <span class='ocrx_word' id='word_1_215' title='bbox 2513 1613 2577 1651; x_wconf 90' lang='lat' dir='ltr'><strong>ac</strong></span> <span class='ocrx_word' id='word_1_216' title='bbox 2599 1597 2797 1667; x_wconf 85' lang='lat' dir='ltr'><strong>injuria</strong></span> <span class='ocrx_word' id='word_1_217' title='bbox 2821 1599 3150 1666; x_wconf 88' lang='lat' dir='ltr'><strong>superiores.</strong></span> <span class='ocrx_word' id='word_1_218' title='bbox 3182 1599 3322 1666; x_wconf 84' lang='lat' dir='ltr'><strong>Quin</strong></span> <span class='ocrx_word' id='word_1_219' title='bbox 3362 1610 3416 1656; x_wconf 91' lang='lat' dir='ltr'><strong>et</strong></span> <span class='ocrx_word' id='word_1_220' title='bbox 3447 1615 3581 1656; x_wconf 89' lang='lat' dir='ltr'><strong>auro</strong></span> 
     </span>
    </p>
   </div>
   <div class='ocr_carea' id='block_1_32' title="bbox 2009 1687 3581 1761">
    <p class='ocr_par' dir='ltr' id='par_1_32' title="bbox 2009 1687 3581 1761">
     <span class='ocr_line' id='line_1_32' title="bbox 2009 1687 3581 1761; baseline 0.004 -21"><span class='ocrx_word' id='word_1_221' title='bbox 2009 1687 2215 1742; x_wconf 89' lang='lat' dir='ltr'><strong>ostensi</strong></span> <span class='ocrx_word' id='word_1_222' title='bbox 2255 1697 2384 1743; x_wconf 91' lang='lat' dir='ltr'><strong>sunt</strong></span> <span class='ocrx_word' id='word_1_223' title='bbox 2409 1688 2665 1744; x_wconf 82' lang='lat' dir='ltr'><strong>fortiores</strong></span> <span class='ocrx_word' id='word_1_224' title='bbox 2697 1709 2709 1744; x_wconf 92' lang='lat'>:</span> <span class='ocrx_word' id='word_1_225' title='bbox 2748 1706 2923 1760; x_wconf 87' lang='lat' dir='ltr'><strong>neque</strong></span> <span class='ocrx_word' id='word_1_226' title='bbox 2955 1691 3100 1745; x_wconf 91' lang='lat' dir='ltr'><strong>enim</strong></span> <span class='ocrx_word' id='word_1_227' title='bbox 3134 1692 3283 1761; x_wconf 92' lang='lat' dir='ltr'><strong>ipsos</strong></span> <span class='ocrx_word' id='word_1_228' title='bbox 3307 1692 3581 1748; x_wconf 82' lang='lat' dir='ltr'><strong>conﬂabat</strong></span> 
     </span>
    </p>
   </div>
   <div class='ocr_carea' id='block_1_33' title="bbox 2011 1778 3582 1855">
    <p class='ocr_par' dir='ltr' id='par_1_33' title="bbox 2011 1778 3582 1855">
     <span class='ocr_line' id='line_1_33' title="bbox 2011 1778 3582 1855; baseline 0.004 -24"><span class='ocrx_word' id='word_1_229' title='bbox 2011 1778 2174 1848; x_wconf 89' lang='lat' dir='ltr'><strong>ignis,</strong></span> <span class='ocrx_word' id='word_1_230' title='bbox 2202 1780 2297 1834; x_wconf 89' lang='lat' dir='ltr'><strong>sed</strong></span> <span class='ocrx_word' id='word_1_231' title='bbox 2333 1781 2578 1850; x_wconf 89' lang='lat' dir='ltr'><strong>integros</strong></span> <span class='ocrx_word' id='word_1_232' title='bbox 2610 1782 2956 1852; x_wconf 87' lang='lat' dir='ltr'><strong>illibatosque</strong></span> <span class='ocrx_word' id='word_1_233' title='bbox 2992 1783 3266 1838; x_wconf 84' lang='lat' dir='ltr'><strong>tuebatur.</strong></span> <span class='ocrx_word' id='word_1_234' title='bbox 3302 1784 3466 1855; x_wconf 82' lang='lat' dir='ltr'><strong>Atqui</strong></span> <span class='ocrx_word' id='word_1_235' title='bbox 3501 1785 3582 1838; x_wconf 88' lang='lat' dir='ltr'><strong>ni-</strong></span> 
     </span>
    </p>
   </div>
   <div class='ocr_carea' id='block_1_34' title="bbox 341 1849 1903 1950">
    <p class='ocr_par' dir='ltr' id='par_1_34' title="bbox 341 1880 1903 1950">
     <span class='ocr_line' id='line_1_34' title="bbox 341 1880 1903 1950; baseline 0.002 -19"><span class='ocrx_word' id='word_1_236' title='bbox 341 1898 450 1944; x_wconf 63' lang='grc' dir='ltr'>φον,</span> <span class='ocrx_word' id='word_1_237' title='bbox 480 1880 555 1944; x_wconf 85' lang='grc' dir='ltr'><strong>ὡς</strong></span> <span class='ocrx_word' id='word_1_238' title='bbox 602 1880 698 1932; x_wconf 73' lang='grc' dir='ltr'><strong>ἐπὶ</strong></span> <span class='ocrx_word' id='word_1_239' title='bbox 743 1881 1306 1950; x_wconf 83' lang='grc' dir='ltr'>τεσσαρακονταεννέα</span> <span class='ocrx_word' id='word_1_240' title='bbox 1341 1881 1532 1949; x_wconf 81' lang='grc' dir='ltr'>πήχεις</span> <span class='ocrx_word' id='word_1_241' title='bbox 1591 1880 1699 1950; x_wconf 80' lang='lat'><strong>(30)</strong></span> <span class='ocrx_word' id='word_1_242' title='bbox 1737 1881 1903 1950; x_wconf 74' lang='grc' dir='ltr'>αὐτὴν</span> 
     </span>
    </p>
   </div>
   <div class='ocr_carea' id='block_1_35' title="bbox 2007 1849 3580 1950">
    <p class='ocr_par' dir='ltr' id='par_1_35' title="bbox 2011 1849 3580 1944">
     <span class='ocr_line' id='line_1_35' title="bbox 2011 1849 3580 1944; baseline 0.008 -26"><span class='ocrx_word' id='word_1_243' title='bbox 2011 1865 2085 1943; x_wconf 85' lang='lat' dir='ltr'><strong>hil</strong></span> <span class='ocrx_word' id='word_1_244' title='bbox 2108 1875 2191 1921; x_wconf 91' lang='lat' dir='ltr'><strong>est</strong></span> <span class='ocrx_word' id='word_1_245' title='bbox 2231 1866 2377 1938; x_wconf 91' lang='lat' dir='ltr'><strong>quod</strong></span> <span class='ocrx_word' id='word_1_246' title='bbox 2409 1849 2555 1923; x_wconf 84' lang='lat' dir='ltr'><strong>illam</strong></span> <span class='ocrx_word' id='word_1_247' title='bbox 2591 1880 2703 1924; x_wconf 92' lang='lat' dir='ltr'><strong>tum</strong></span> <span class='ocrx_word' id='word_1_248' title='bbox 2751 1849 3024 1925; x_wconf 34' lang='lat' dir='ltr'><strong>tiam—mam</strong></span> <span class='ocrx_word' id='word_1_249' title='bbox 3056 1873 3332 1928; x_wconf 90' lang='lat' dir='ltr'><strong>sustinere</strong></span> <span class='ocrx_word' id='word_1_250' title='bbox 3379 1849 3580 1944; x_wconf 78' lang='lat' dir='ltr'><strong>potuis-</strong></span> 
     </span>
    </p>
   </div>
   <div class='ocr_carea' id='block_1_36' title="bbox 341 1969 1930 2043">
    <p class='ocr_par' dir='ltr' id='par_1_36' title="bbox 341 1969 1930 2043">
     <span class='ocr_line' id='line_1_36' title="bbox 341 1969 1930 2043; baseline 0.002 -21"><span class='ocrx_word' id='word_1_251' title='bbox 341 1969 666 2038; x_wconf 73' lang='grc' dir='ltr'>διαχεῖσθαι,</span> <span class='ocrx_word' id='word_1_252' title='bbox 723 1970 816 2023; x_wconf 72' lang='grc' dir='ltr'><strong>καὶ</strong></span> <span class='ocrx_word' id='word_1_253' title='bbox 874 1970 941 2023; x_wconf 79' lang='grc' dir='ltr'>τὰ</span> <span class='ocrx_word' id='word_1_254' title='bbox 1019 1969 1203 2039; x_wconf 80' lang='grc' dir='ltr'>κύκλῳ</span> <span class='ocrx_word' id='word_1_255' title='bbox 1274 1970 1444 2039; x_wconf 81' lang='grc' dir='ltr'>αὐτῆς</span> <span class='ocrx_word' id='word_1_256' title='bbox 1509 1971 1930 2043; x_wconf 76' lang='grc' dir='ltr'><strong>ἐτιτινεμομένην⁸</strong></span> 
     </span>
    </p>
   </div>
   <div class='ocr_carea' id='block_1_37' title="bbox 343 2060 1908 2133">
    <p class='ocr_par' dir='ltr' id='par_1_37' title="bbox 343 2060 1908 2133">
     <span class='ocr_line' id='line_1_37' title="bbox 343 2060 1908 2133; baseline 0 -17"><span class='ocrx_word' id='word_1_257' title='bbox 343 2063 556 2125; x_wconf 71' lang='grc' dir='ltr'>πολλοὺς</span> <span class='ocrx_word' id='word_1_258' title='bbox 606 2062 717 2115; x_wconf 83' lang='grc' dir='ltr'><strong>τῶν</strong></span> <span class='ocrx_word' id='word_1_259' title='bbox 747 2062 1029 2115; x_wconf 85' lang='grc' dir='ltr'>Χαλδαίων</span> <span class='ocrx_word' id='word_1_260' title='bbox 1055 2060 1404 2127; x_wconf 77' lang='grc' dir='ltr'>ἐξαναλῶσαι.</span> <span class='ocrx_word' id='word_1_261' title='bbox 1453 2061 1697 2133; x_wconf 80' lang='grc' dir='ltr'>Ἐκείνην</span> <span class='ocrx_word' id='word_1_262' title='bbox 1730 2063 1908 2116; x_wconf 82' lang='grc' dir='ltr'>τοίνυν</span> 
     </span>
    </p>
   </div>
   <div class='ocr_carea' id='block_1_38' title="bbox 341 2155 1910 2226">
    <p class='ocr_par' dir='ltr' id='par_1_38' title="bbox 341 2155 1910 2226">
     <span class='ocr_line' id='line_1_38' title="bbox 341 2155 1910 2226; baseline 0.001 -20"><span class='ocrx_word' id='word_1_263' title='bbox 341 2157 430 2226; x_wconf 74' lang='grc' dir='ltr'><strong>τὴν</strong></span> <span class='ocrx_word' id='word_1_264' title='bbox 478 2156 760 2226; x_wconf 75' lang='grc' dir='ltr'>πυρκαϊὰν</span> <span class='ocrx_word' id='word_1_265' title='bbox 817 2155 954 2225; x_wconf 76' lang='grc' dir='ltr'>μετὰ</span> <span class='ocrx_word' id='word_1_266' title='bbox 999 2156 1250 2224; x_wconf 79' lang='grc' dir='ltr'>νηστείας</span> <span class='ocrx_word' id='word_1_267' title='bbox 1298 2155 1629 2218; x_wconf 82' lang='grc' dir='ltr'>εἰσελθόντες</span> <span class='ocrx_word' id='word_1_268' title='bbox 1675 2156 1910 2208; x_wconf 81' lang='grc' dir='ltr'>κατεπά-</span> 
     </span>
    </p>
   </div>
   <div class='ocr_carea' id='block_1_39' title="bbox 341 2247 1906 2320">
    <p class='ocr_par' dir='ltr' id='par_1_39' title="bbox 341 2247 1906 2320">
     <span class='ocr_line' id='line_1_39' title="bbox 341 2247 1906 2320; baseline -0.001 -20"><span class='ocrx_word' id='word_1_269' title='bbox 341 2266 452 2300; x_wconf 84' lang='grc' dir='ltr'>τουν</span> <span class='ocrx_word' id='word_1_270' title='bbox 484 2250 532 2302; x_wconf 75' lang='grc' dir='ltr'>οξ</span> <span class='ocrx_word' id='word_1_271' title='bbox 566 2251 780 2310; x_wconf 77' lang='grc' dir='ltr'>παῖδες,</span> <span class='ocrx_word' id='word_1_272' title='bbox 813 2248 1008 2301; x_wconf 74' lang='grc' dir='ltr'>λεπτδν</span> <span class='ocrx_word' id='word_1_273' title='bbox 1061 2249 1197 2320; x_wconf 83' lang='grc' dir='ltr'>ἀέρα</span> <span class='ocrx_word' id='word_1_274' title='bbox 1245 2249 1338 2300; x_wconf 67' lang='grc' dir='ltr'><strong>καὶ</strong></span> <span class='ocrx_word' id='word_1_275' title='bbox 1373 2248 1622 2319; x_wconf 77' lang='grc' dir='ltr'>ἔνδροσον</span> <span class='ocrx_word' id='word_1_276' title='bbox 1666 2247 1725 2300; x_wconf 85' lang='grc' dir='ltr'>ὲν</span> <span class='ocrx_word' id='word_1_277' title='bbox 1763 2247 1906 2300; x_wconf 76' lang='grc' dir='ltr'>οὔτω</span> 
     </span>
    </p>
   </div>
   <div class='ocr_carea' id='block_1_40' title="bbox 339 2337 1906 2410">
    <p class='ocr_par' dir='ltr' id='par_1_40' title="bbox 339 2337 1906 2410">
     <span class='ocr_line' id='line_1_40' title="bbox 339 2337 1906 2410; baseline 0.003 -22"><span class='ocrx_word' id='word_1_278' title='bbox 339 2337 515 2410; x_wconf 73' lang='grc' dir='ltr'><strong>λάὂρῳ</strong></span> <span class='ocrx_word' id='word_1_279' title='bbox 544 2343 681 2409; x_wconf 79' lang='grc' dir='ltr'>πυρὶ</span> <span class='ocrx_word' id='word_1_280' title='bbox 726 2341 1105 2402; x_wconf 82' lang='grc' dir='ltr'>ἀναπνέοντες.</span> <span class='ocrx_word' id='word_1_281' title='bbox 1163 2341 1294 2393; x_wconf 64' lang='lat' dir='ltr'><strong>osse</strong></span> <span class='ocrx_word' id='word_1_282' title='bbox 1332 2340 1438 2410; x_wconf 80' lang='grc' dir='ltr'>γὰρ</span> <span class='ocrx_word' id='word_1_283' title='bbox 1474 2339 1818 2408; x_wconf 8' lang='grc' dir='ltr'>τῶνγτριχῶν</span> <span class='ocrx_word' id='word_1_284' title='bbox 1846 2339 1906 2392; x_wconf 78' lang='grc' dir='ltr'><strong>τὸ</strong></span> 
     </span>
    </p>
   </div>
   <div class='ocr_carea' id='block_1_41' title="bbox 342 2432 1909 2504">
    <p class='ocr_par' dir='ltr' id='par_1_41' title="bbox 342 2432 1909 2504">
     <span class='ocr_line' id='line_1_41' title="bbox 342 2432 1909 2504; baseline 0.002 -22"><span class='ocrx_word' id='word_1_285' title='bbox 342 2432 444 2504; x_wconf 73' lang='grc' dir='ltr'><strong>πῦρ</strong></span> <span class='ocrx_word' id='word_1_286' title='bbox 477 2435 876 2504; x_wconf 76' lang='grc' dir='ltr'>κατετόλμησε,</span> <span class='ocrx_word' id='word_1_287' title='bbox 905 2433 992 2486; x_wconf 81' lang='grc' dir='ltr'>διὰ</span> <span class='ocrx_word' id='word_1_288' title='bbox 1009 2433 1071 2487; x_wconf 77' lang='grc' dir='ltr'>τὸ</span> <span class='ocrx_word' id='word_1_289' title='bbox 1109 2434 1212 2487; x_wconf 77' lang='grc' dir='ltr'><strong>ὑπὸ</strong></span> <span class='ocrx_word' id='word_1_290' title='bbox 1241 2434 1490 2504; x_wconf 79' lang='grc' dir='ltr'>νηστείας</span> <span class='ocrx_word' id='word_1_291' title='bbox 1523 2433 1690 2495; x_wconf 77' lang='grc' dir='ltr'>αὑτὰς</span> <span class='ocrx_word' id='word_1_292' title='bbox 1720 2435 1909 2504; x_wconf 83' lang='grc' dir='ltr'>ἐκτρα-</span> 
     </span>
    </p>
   </div>
   <div class='ocr_carea' id='block_1_42' title="bbox 344 2527 515 2595">
    <p class='ocr_par' dir='ltr' id='par_1_42' title="bbox 344 2527 515 2595">
     <span class='ocr_line' id='line_1_42' title="bbox 344 2527 515 2595; baseline 0 -17"><span class='ocrx_word' id='word_1_293' title='bbox 344 2527 515 2595; x_wconf 50' lang='grc' dir='ltr'><strong>1ξεῖναι.</strong></span> 
     </span>
    </p>
   </div>
   <div class='ocr_carea' id='block_1_43' title="bbox 415 2708 1906 2779">
    <p class='ocr_par' dir='ltr' id='par_1_43' title="bbox 415 2708 1906 2779">
     <span class='ocr_line' id='line_1_43' title="bbox 415 2708 1906 2779; baseline -0.001 -15"><span class='ocrx_word' id='word_1_294' title='bbox 415 2709 454 2764; x_wconf 87' lang='grc'>7.</span> <span class='ocrx_word' id='word_1_295' title='bbox 481 2710 678 2778; x_wconf 80' lang='grc' dir='ltr'>Δανιὴλ</span> <span class='ocrx_word' id='word_1_296' title='bbox 710 2709 769 2762; x_wconf 79' lang='grc' dir='ltr'><strong>δὲ</strong></span> <span class='ocrx_word' id='word_1_297' title='bbox 798 2710 826 2761; x_wconf 83' lang='grc' dir='ltr'><strong>ό</strong></span> <span class='ocrx_word' id='word_1_298' title='bbox 860 2710 999 2778; x_wconf 66' lang='grc' dir='ltr'>ἀνὴρ</span> <span class='ocrx_word' id='word_1_299' title='bbox 1020 2708 1127 2760; x_wconf 84' lang='grc' dir='ltr'><strong>τῶν</strong></span> <span class='ocrx_word' id='word_1_300' title='bbox 1163 2708 1488 2776; x_wconf 81' lang='grc' dir='ltr'>ἐπιθυμιῶν,</span> <span class='ocrx_word' id='word_1_301' title='bbox 1522 2710 1550 2762; x_wconf 91' lang='grc' dir='ltr'>ὁ</span> <span class='ocrx_word' id='word_1_302' title='bbox 1576 2710 1724 2779; x_wconf 84' lang='grc' dir='ltr'>τρεῖς</span> <span class='ocrx_word' id='word_1_303' title='bbox 1755 2708 1906 2762; x_wconf 82' lang='grc' dir='ltr'>ἐϐδο-</span> 
     </span>
    </p>
   </div>
   <div class='ocr_carea' id='block_1_44' title="bbox 350 2801 1907 2876">
    <p class='ocr_par' dir='ltr' id='par_1_44' title="bbox 350 2801 1907 2876">
     <span class='ocr_line' id='line_1_44' title="bbox 350 2801 1907 2876; baseline -0.004 -17"><span class='ocrx_word' id='word_1_304' title='bbox 350 2805 506 2876; x_wconf 75' lang='grc' dir='ltr'>μάδας</span> <span class='ocrx_word' id='word_1_305' title='bbox 537 2807 701 2874; x_wconf 78' lang='grc' dir='ltr'>ἄρτον</span> <span class='ocrx_word' id='word_1_306' title='bbox 738 2803 809 2872; x_wconf 80' lang='grc' dir='ltr'>μὴ</span> <span class='ocrx_word' id='word_1_307' title='bbox 839 2801 1050 2870; x_wconf 86' lang='grc' dir='ltr'>φαγὼν,</span> <span class='ocrx_word' id='word_1_308' title='bbox 1081 2802 1171 2854; x_wconf 72' lang='grc' dir='ltr'><strong>καὶ</strong></span> <span class='ocrx_word' id='word_1_309' title='bbox 1194 2801 1350 2873; x_wconf 74' lang='grc' dir='ltr'>ὕδωρ</span> <span class='ocrx_word' id='word_1_310' title='bbox 1381 2802 1452 2871; x_wconf 83' lang='grc' dir='ltr'>μὴ</span> <span class='ocrx_word' id='word_1_311' title='bbox 1482 2801 1619 2854; x_wconf 87' lang='grc' dir='ltr'>πιὼν</span> <span class='ocrx_word' id='word_1_312' title='bbox 1656 2801 1786 2866; x_wconf 71' lang='grc'><strong>(51),</strong></span> <span class='ocrx_word' id='word_1_313' title='bbox 1813 2801 1907 2853; x_wconf 70' lang='grc' dir='ltr'><strong>καὶ</strong></span> 
     </span>
    </p>
   </div>
   <div class='ocr_carea' id='block_1_45' title="bbox 345 2892 1909 2962">
    <p class='ocr_par' dir='ltr' id='par_1_45' title="bbox 345 2892 1909 2962">
     <span class='ocr_line' id='line_1_45' title="bbox 345 2892 1909 2962; baseline -0.013 1"><span class='ocrx_word' id='word_1_314' title='bbox 345 2900 458 2961; x_wconf 51' lang='lat'><strong>1&#39;15:</strong></span> <span class='ocrx_word' id='word_1_315' title='bbox 499 2897 720 2956; x_wconf 75' lang='grc' dir='ltr'>λέοντας</span> <span class='ocrx_word' id='word_1_316' title='bbox 772 2893 1054 2962; x_wconf 76' lang='grc' dir='ltr'>νηστεύειν</span> <span class='ocrx_word' id='word_1_317' title='bbox 1101 2893 1334 2957; x_wconf 82' lang='grc' dir='ltr'>ἐδίδαξε,</span> <span class='ocrx_word' id='word_1_318' title='bbox 1390 2892 1666 2945; x_wconf 84' lang='grc' dir='ltr'>κατελθὼν</span> <span class='ocrx_word' id='word_1_319' title='bbox 1695 2895 1774 2955; x_wconf 86' lang='grc' dir='ltr'><strong>είς</strong></span> <span class='ocrx_word' id='word_1_320' title='bbox 1818 2894 1909 2946; x_wconf 81' lang='grc' dir='ltr'><strong>τὸν</strong></span> 
     </span>
    </p>
   </div>
   <div class='ocr_carea' id='block_1_46' title="bbox 346 2984 1907 3055">
    <p class='ocr_par' dir='ltr' id='par_1_46' title="bbox 346 2984 1907 3055">
     <span class='ocr_line' id='line_1_46' title="bbox 346 2984 1907 3055; baseline -0.005 -11"><span class='ocrx_word' id='word_1_321' title='bbox 346 2993 532 3044; x_wconf 66' lang='grc' dir='ltr'>λάκκον</span> <span class='ocrx_word' id='word_1_322' title='bbox 560 2989 692 3052; x_wconf 69' lang='lat'><strong>(32).</strong></span> <span class='ocrx_word' id='word_1_323' title='bbox 732 2988 942 3055; x_wconf 81' lang='grc' dir='ltr'>Ὥσπερ</span> <span class='ocrx_word' id='word_1_324' title='bbox 985 2984 1093 3052; x_wconf 73' lang='grc' dir='ltr'><strong>γὰρ</strong></span> <span class='ocrx_word' id='word_1_325' title='bbox 1121 2984 1183 3037; x_wconf 81' lang='grc' dir='ltr'><strong>ἐκ</strong></span> <span class='ocrx_word' id='word_1_326' title='bbox 1219 2984 1368 3036; x_wconf 81' lang='grc' dir='ltr'>λίθου</span> <span class='ocrx_word' id='word_1_327' title='bbox 1402 2984 1433 3053; x_wconf 83' lang='grc' dir='ltr'>ἢ</span> <span class='ocrx_word' id='word_1_328' title='bbox 1477 2984 1700 3054; x_wconf 78' lang='grc' dir='ltr'>χαλκοῦ,</span> <span class='ocrx_word' id='word_1_329' title='bbox 1735 2985 1768 3054; x_wconf 82' lang='grc' dir='ltr'>ἢ</span> <span class='ocrx_word' id='word_1_330' title='bbox 1813 2985 1907 3038; x_wconf 72' lang='grc' dir='ltr'><strong>ἆλ-</strong></span> 
     </span>
    </p>
   </div>
   <div class='ocr_carea' id='block_1_47' title="bbox 347 3074 1908 3150">
    <p class='ocr_par' dir='ltr' id='par_1_47' title="bbox 347 3074 1908 3150">
     <span class='ocr_line' id='line_1_47' title="bbox 347 3074 1908 3150; baseline -0.003 -18"><span class='ocrx_word' id='word_1_331' title='bbox 347 3082 436 3150; x_wconf 85' lang='grc' dir='ltr'><strong>λης</strong></span> <span class='ocrx_word' id='word_1_332' title='bbox 465 3079 819 3150; x_wconf 72' lang='grc' dir='ltr'>περῥοτὲρας</span> <span class='ocrx_word' id='word_1_333' title='bbox 865 3076 1008 3137; x_wconf 78' lang='grc' dir='ltr'>τινὸς</span> <span class='ocrx_word' id='word_1_334' title='bbox 1039 3074 1170 3142; x_wconf 81' lang='grc' dir='ltr'>ὕλης</span> <span class='ocrx_word' id='word_1_335' title='bbox 1207 3075 1610 3144; x_wconf 85' lang='grc' dir='ltr'>συμπεπηγότι.</span> <span class='ocrx_word' id='word_1_336' title='bbox 1652 3075 1908 3146; x_wconf 77' lang='grc' dir='ltr'>ἐμϐαλεῖν</span> 
     </span>
    </p>
   </div>
   <div class='ocr_carea' id='block_1_48' title="bbox 347 3147 1980 3246">
    <p class='ocr_par' dir='ltr' id='par_1_48' title="bbox 347 3147 1980 3246">
     <span class='ocr_line' id='line_1_48' title="bbox 347 3147 1980 3246; baseline -0.003 -20"><span class='ocrx_word' id='word_1_337' title='bbox 347 3147 436 3226; x_wconf 65' lang='grc' dir='ltr'><strong>οῦκ</strong></span> <span class='ocrx_word' id='word_1_338' title='bbox 485 3147 627 3241; x_wconf 51' lang='grc' dir='ltr'>εἶγον</span> <span class='ocrx_word' id='word_1_339' title='bbox 673 3171 800 3232; x_wconf 79' lang='grc' dir='ltr'>τοὺς</span> <span class='ocrx_word' id='word_1_340' title='bbox 855 3169 1072 3232; x_wconf 77' lang='grc' dir='ltr'>ὀδόντας</span> <span class='ocrx_word' id='word_1_341' title='bbox 1123 3169 1170 3220; x_wconf 75' lang='lat' dir='ltr'><strong>oi</strong></span> <span class='ocrx_word' id='word_1_342' title='bbox 1221 3167 1452 3230; x_wconf 81' lang='grc' dir='ltr'>λέοντες.</span> <span class='ocrx_word' id='word_1_343' title='bbox 1511 3168 1696 3230; x_wconf 73' lang='grc' dir='ltr'>Οὕτως</span> <span class='ocrx_word' id='word_1_344' title='bbox 1746 3147 1980 3246; x_wconf 30' lang='grc' dir='ltr'><strong>οἱονεὶ-’.ο</strong></span> 
     </span>
    </p>
   </div>
   <div class='ocr_carea' id='block_1_49' title="bbox 351 3257 1906 3336">
    <p class='ocr_par' dir='ltr' id='par_1_49' title="bbox 351 3257 1906 3336">
     <span class='ocr_line' id='line_1_49' title="bbox 351 3257 1906 3336; baseline -0.01 -16"><span class='ocrx_word' id='word_1_345' title='bbox 351 3268 480 3336; x_wconf 70' lang='grc' dir='ltr'>βαφὴ</span> <span class='ocrx_word' id='word_1_346' title='bbox 523 3265 743 3333; x_wconf 81' lang='grc' dir='ltr'>σιδήρου</span> <span class='ocrx_word' id='word_1_347' title='bbox 791 3261 853 3313; x_wconf 72' lang='grc' dir='ltr'>τὸ</span> <span class='ocrx_word' id='word_1_348' title='bbox 899 3260 1057 3327; x_wconf 83' lang='grc' dir='ltr'>σῶμα</span> <span class='ocrx_word' id='word_1_349' title='bbox 1103 3257 1194 3310; x_wconf 88' lang='grc' dir='ltr'><strong>τοῦ</strong></span> <span class='ocrx_word' id='word_1_350' title='bbox 1235 3257 1424 3327; x_wconf 72' lang='grc' dir='ltr'>ἀνδρὸς</span> <span class='ocrx_word' id='word_1_351' title='bbox 1457 3258 1489 3326; x_wconf 84' lang='grc' dir='ltr'><strong>ἡ</strong></span> <span class='ocrx_word' id='word_1_352' title='bbox 1525 3257 1749 3327; x_wconf 78' lang='grc' dir='ltr'>νηστεία</span> <span class='ocrx_word' id='word_1_353' title='bbox 1787 3275 1906 3310; x_wconf 83' lang='grc' dir='ltr'>στο-</span> 
     </span>
    </p>
   </div>
   <div class='ocr_carea' id='block_1_50' title="bbox 352 3347 1903 3426">
    <p class='ocr_par' dir='ltr' id='par_1_50' title="bbox 352 3347 1903 3426">
     <span class='ocr_line' id='line_1_50' title="bbox 352 3347 1903 3426; baseline -0.006 -17"><span class='ocrx_word' id='word_1_354' title='bbox 352 3357 586 3426; x_wconf 71' lang='grc' dir='ltr'>μςῦσασα,</span> <span class='ocrx_word' id='word_1_355' title='bbox 624 3354 933 3422; x_wconf 80' lang='grc' dir='ltr'>ἁδὰμαστον</span> <span class='ocrx_word' id='word_1_356' title='bbox 963 3350 1072 3417; x_wconf 78' lang='grc'><strong>(55)</strong></span> <span class='ocrx_word' id='word_1_357' title='bbox 1103 3348 1274 3402; x_wconf 80' lang='grc' dir='ltr'>ἐποίει</span> <span class='ocrx_word' id='word_1_358' title='bbox 1303 3351 1414 3412; x_wconf 88' lang='grc' dir='ltr'>τοῖς</span> <span class='ocrx_word' id='word_1_359' title='bbox 1441 3347 1651 3401; x_wconf 78' lang='grc' dir='ltr'>λέουσιν</span> <span class='ocrx_word' id='word_1_360' title='bbox 1671 3366 1684 3378; x_wconf 72' lang='grc' dir='ltr'><strong><em>ο</em></strong></span> <span class='ocrx_word' id='word_1_361' title='bbox 1712 3348 1772 3400; x_wconf 85' lang='grc' dir='ltr'><strong>οὐ</strong></span> <span class='ocrx_word' id='word_1_362' title='bbox 1796 3347 1903 3418; x_wconf 74' lang='grc' dir='ltr'>γὰρ</span> 
     </span>
    </p>
   </div>
   <div class='ocr_carea' id='block_1_51' title="bbox 348 3437 1905 3511">
    <p class='ocr_par' dir='ltr' id='par_1_51' title="bbox 348 3437 1905 3511">
     <span class='ocr_line' id='line_1_51' title="bbox 348 3437 1905 3511; baseline -0.003 -17"><span class='ocrx_word' id='word_1_363' title='bbox 348 3446 545 3511; x_wconf 58' lang='lat' dir='ltr'><strong>fast-fw</strong></span> <span class='ocrx_word' id='word_1_364' title='bbox 599 3441 740 3495; x_wconf 77' lang='grc' dir='ltr'>κατὰ</span> <span class='ocrx_word' id='word_1_365' title='bbox 776 3439 869 3493; x_wconf 85' lang='grc' dir='ltr'><strong>τοῦ</strong></span> <span class='ocrx_word' id='word_1_366' title='bbox 914 3437 1068 3506; x_wconf 86' lang='grc' dir='ltr'>ἁγίου</span> <span class='ocrx_word' id='word_1_367' title='bbox 1110 3437 1171 3490; x_wconf 81' lang='grc' dir='ltr'>τὸ</span> <span class='ocrx_word' id='word_1_368' title='bbox 1202 3437 1395 3507; x_wconf 85' lang='grc' dir='ltr'>στόμα.</span> <span class='ocrx_word' id='word_1_369' title='bbox 1426 3437 1668 3506; x_wconf 88' lang='grc' dir='ltr'>Νηστεία</span> <span class='ocrx_word' id='word_1_370' title='bbox 1716 3437 1905 3490; x_wconf 78' lang='grc' dir='ltr'>ἔσϐεσε</span> 
     </span>
    </p>
   </div>
   <div class='ocr_carea' id='block_1_52' title="bbox 344 3528 1904 3607">
    <p class='ocr_par' dir='ltr' id='par_1_52' title="bbox 344 3528 1904 3607">
     <span class='ocr_line' id='line_1_52' title="bbox 344 3528 1904 3607; baseline -0.003 -21"><span class='ocrx_word' id='word_1_371' title='bbox 344 3534 558 3603; x_wconf 74' lang='grc' dir='ltr'>δύναμιν</span> <span class='ocrx_word' id='word_1_372' title='bbox 607 3532 812 3604; x_wconf 75' lang='grc' dir='ltr'>πυρὸς.</span> <span class='ocrx_word' id='word_1_373' title='bbox 864 3529 1063 3600; x_wconf 76' lang='grc' dir='ltr'>ἔφραξε</span> <span class='ocrx_word' id='word_1_374' title='bbox 1096 3528 1336 3598; x_wconf 86' lang='grc' dir='ltr'>στόματα</span> <span class='ocrx_word' id='word_1_375' title='bbox 1367 3528 1615 3582; x_wconf 87' lang='grc' dir='ltr'>λεόντων.</span> <span class='ocrx_word' id='word_1_376' title='bbox 1663 3529 1904 3607; x_wconf 72' lang='grc' dir='ltr'>Νηστεία</span> 
     </span>
    </p>
   </div>
   <div class='ocr_carea' id='block_1_53' title="bbox 345 3619 1904 3696">
    <p class='ocr_par' dir='ltr' id='par_1_53' title="bbox 345 3619 1904 3696">
     <span class='ocr_line' id='line_1_53' title="bbox 345 3619 1904 3696; baseline -0.004 -17"><span class='ocrx_word' id='word_1_377' title='bbox 345 3625 641 3696; x_wconf 74' lang='grc' dir='ltr'>προσευχὴν</span> <span class='ocrx_word' id='word_1_378' title='bbox 689 3626 768 3686; x_wconf 78' lang='grc' dir='ltr'><strong>είς</strong></span> <span class='ocrx_word' id='word_1_379' title='bbox 814 3621 1039 3692; x_wconf 73' lang='grc' dir='ltr'>οὐρανὸν</span> <span class='ocrx_word' id='word_1_380' title='bbox 1099 3619 1444 3696; x_wconf 76' lang='grc' dir='ltr'>ἀναπέμπει,</span> <span class='ocrx_word' id='word_1_381' title='bbox 1499 3620 1659 3674; x_wconf 77' lang='grc' dir='ltr'>οἱονεὶ</span> <span class='ocrx_word' id='word_1_382' title='bbox 1707 3620 1904 3690; x_wconf 77' lang='grc' dir='ltr'>πτερὸν</span> 
     </span>
    </p>
   </div>
   <div class='ocr_carea' id='block_1_54' title="bbox 343 3711 1904 3787">
    <p class='ocr_par' dir='ltr' id='par_1_54' title="bbox 343 3711 1904 3787">
     <span class='ocr_line' id='line_1_54' title="bbox 343 3711 1904 3787; baseline -0.004 -18"><span class='ocrx_word' id='word_1_383' title='bbox 343 3717 467 3787; x_wconf 54' lang='lat' dir='ltr'><strong>uini;</strong></span> <span class='ocrx_word' id='word_1_384' title='bbox 493 3714 754 3785; x_wconf 79' lang='grc' dir='ltr'>γινομένη</span> <span class='ocrx_word' id='word_1_385' title='bbox 793 3713 930 3783; x_wconf 80' lang='grc' dir='ltr'>πρὸς</span> <span class='ocrx_word' id='word_1_386' title='bbox 955 3712 1070 3780; x_wconf 79' lang='grc' dir='ltr'>’τὴν</span> <span class='ocrx_word' id='word_1_387' title='bbox 1103 3712 1214 3765; x_wconf 79' lang='grc' dir='ltr'>ἄνω</span> <span class='ocrx_word' id='word_1_388' title='bbox 1239 3712 1488 3781; x_wconf 78' lang='grc' dir='ltr'>πορείαν.</span> <span class='ocrx_word' id='word_1_389' title='bbox 1536 3711 1778 3782; x_wconf 84' lang='grc' dir='ltr'>Νηστεία</span> <span class='ocrx_word' id='word_1_390' title='bbox 1825 3712 1904 3764; x_wconf 77' lang='grc' dir='ltr'>οἴ-</span> 
     </span>
    </p>
   </div>
   <div class='ocr_carea' id='block_1_55' title="bbox 343 3797 1905 3885">
    <p class='ocr_par' dir='ltr' id='par_1_55' title="bbox 343 3797 1905 3885">
     <span class='ocr_line' id='line_1_55' title="bbox 343 3797 1905 3885; baseline -0.008 -27"><span class='ocrx_word' id='word_1_391' title='bbox 343 3825 444 3860; x_wconf 81' lang='grc' dir='ltr'><strong>κων</strong></span> <span class='ocrx_word' id='word_1_392' title='bbox 489 3804 738 3874; x_wconf 75' lang='grc' dir='ltr'>αῡξησις,</span> <span class='ocrx_word' id='word_1_393' title='bbox 791 3802 978 3868; x_wconf 81' lang='grc' dir='ltr'>ὑγείας</span> <span class='ocrx_word' id='word_1_394' title='bbox 1015 3801 1213 3872; x_wconf 82' lang='grc' dir='ltr'>μήτηρ,</span> <span class='ocrx_word' id='word_1_395' title='bbox 1253 3799 1501 3885; x_wconf 78' lang='grc' dir='ltr'>νεότητος</span> <span class='ocrx_word' id='word_1_396' title='bbox 1542 3797 1905 3875; x_wconf 81' lang='grc' dir='ltr'>παιδαγωγὸς,</span> 
     </span>
    </p>
   </div>
   <div class='ocr_carea' id='block_1_56' title="bbox 343 3890 1904 3967">
    <p class='ocr_par' dir='ltr' id='par_1_56' title="bbox 343 3890 1904 3967">
     <span class='ocr_line' id='line_1_56' title="bbox 343 3890 1904 3967; baseline -0.006 -16"><span class='ocrx_word' id='word_1_397' title='bbox 343 3901 533 3967; x_wconf 77' lang='grc' dir='ltr'>κόσμος</span> <span class='ocrx_word' id='word_1_398' title='bbox 577 3893 935 3966; x_wconf 74' lang='grc' dir='ltr'>πρεσϐύταις,</span> <span class='ocrx_word' id='word_1_399' title='bbox 983 3891 1158 3962; x_wconf 82' lang='grc' dir='ltr'>ἀγαθὴ</span> <span class='ocrx_word' id='word_1_400' title='bbox 1205 3891 1544 3962; x_wconf 83' lang='grc' dir='ltr'>συνέμπορος</span> <span class='ocrx_word' id='word_1_401' title='bbox 1583 3890 1904 3961; x_wconf 84' lang='grc' dir='ltr'>ὁδοιπόροις,</span> 
     </span>
    </p>
   </div>
   <div class='ocr_carea' id='block_1_57' title="bbox 341 3980 1907 4058">
    <p class='ocr_par' dir='ltr' id='par_1_57' title="bbox 341 3980 1907 4058">
     <span class='ocr_line' id='line_1_57' title="bbox 341 3980 1907 4058; baseline -0.006 -17"><span class='ocrx_word' id='word_1_402' title='bbox 341 3988 578 4058; x_wconf 64' lang='grc' dir='ltr'>ἀσφαλὴς</span> <span class='ocrx_word' id='word_1_403' title='bbox 625 3986 927 4056; x_wconf 79' lang='grc' dir='ltr'>ὁμόσκηνος</span> <span class='ocrx_word' id='word_1_404' title='bbox 975 3987 1084 4047; x_wconf 85' lang='grc' dir='ltr'>τοῖς</span> <span class='ocrx_word' id='word_1_405' title='bbox 1136 3982 1416 4046; x_wconf 84' lang='grc' dir='ltr'>συνοίκοις.</span> <span class='ocrx_word' id='word_1_406' title='bbox 1461 3981 1571 4050; x_wconf 81' lang='grc' dir='ltr'><strong>Οὐχ</strong></span> <span class='ocrx_word' id='word_1_407' title='bbox 1615 3980 1907 4056; x_wconf 77' lang='grc' dir='ltr'>ὑποπτεύει</span> 
     </span>
    </p>
   </div>
   <div class='ocr_carea' id='block_1_58' title="bbox 339 4069 1908 4147">
    <p class='ocr_par' dir='ltr' id='par_1_58' title="bbox 339 4069 1908 4147">
     <span class='ocr_line' id='line_1_58' title="bbox 339 4069 1908 4147; baseline -0.008 -16"><span class='ocrx_word' id='word_1_408' title='bbox 339 4081 525 4147; x_wconf 67' lang='grc' dir='ltr'>γάμων</span> <span class='ocrx_word' id='word_1_409' title='bbox 563 4076 858 4144; x_wconf 74' lang='grc' dir='ltr'>ἐπιϐουλὴν</span> <span class='ocrx_word' id='word_1_410' title='bbox 892 4077 920 4128; x_wconf 84' lang='grc' dir='ltr'><strong>ό</strong></span> <span class='ocrx_word' id='word_1_411' title='bbox 969 4075 1129 4144; x_wconf 80' lang='grc' dir='ltr'>ἀνὴρ,</span> <span class='ocrx_word' id='word_1_412' title='bbox 1159 4071 1431 4142; x_wconf 86' lang='grc' dir='ltr'>νηστείαις</span> <span class='ocrx_word' id='word_1_413' title='bbox 1473 4071 1613 4142; x_wconf 82' lang='grc' dir='ltr'>ὁρῶν</span> <span class='ocrx_word' id='word_1_414' title='bbox 1649 4069 1759 4140; x_wconf 70' lang='grc'>(54)</span> <span class='ocrx_word' id='word_1_415' title='bbox 1810 4071 1908 4140; x_wconf 82' lang='grc' dir='ltr'><strong>τὴν</strong></span> 
     </span>
    </p>
   </div>
   <div class='ocr_carea' id='block_1_59' title="bbox 339 4160 1907 4236">
    <p class='ocr_par' dir='ltr' id='par_1_59' title="bbox 339 4160 1907 4236">
     <span class='ocr_line' id='line_1_59' title="bbox 339 4160 1907 4236; baseline -0.006 -15"><span class='ocrx_word' id='word_1_416' title='bbox 339 4173 562 4236; x_wconf 67' lang='grc' dir='ltr'>γδναίκα</span> <span class='ocrx_word' id='word_1_417' title='bbox 619 4165 885 4230; x_wconf 82' lang='grc' dir='ltr'>συζῶσαν.</span> <span class='ocrx_word' id='word_1_418' title='bbox 940 4165 1013 4217; x_wconf 81' lang='grc' dir='ltr'><strong>Οὐ</strong></span> <span class='ocrx_word' id='word_1_419' title='bbox 1069 4164 1292 4233; x_wconf 87' lang='grc' dir='ltr'>τήκεται</span> <span class='ocrx_word' id='word_1_420' title='bbox 1345 4160 1697 4230; x_wconf 82' lang='grc' dir='ltr'>ζηλοτυπίαις</span> <span class='ocrx_word' id='word_1_421' title='bbox 1744 4160 1907 4229; x_wconf 82' lang='grc' dir='ltr'>γυνὴ,</span> 
     </span>
    </p>
   </div>
   <div class='ocr_carea' id='block_1_60' title="bbox 337 4250 1905 4329">
    <p class='ocr_par' dir='ltr' id='par_1_60' title="bbox 337 4250 1905 4329">
     <span class='ocr_line' id='line_1_60' title="bbox 337 4250 1905 4329; baseline -0.006 -19"><span class='ocrx_word' id='word_1_422' title='bbox 337 4263 421 4313; x_wconf 62' lang='grc' dir='ltr'>τὸν</span> <span class='ocrx_word' id='word_1_423' title='bbox 472 4260 642 4329; x_wconf 77' lang='grc' dir='ltr'>ἄνδρα</span> <span class='ocrx_word' id='word_1_424' title='bbox 695 4257 970 4328; x_wconf 85' lang='grc' dir='ltr'>βλέπουσα</span> <span class='ocrx_word' id='word_1_425' title='bbox 1018 4254 1267 4325; x_wconf 84' lang='grc' dir='ltr'>νηστείαν</span> <span class='ocrx_word' id='word_1_426' title='bbox 1311 4254 1759 4323; x_wconf 82' lang='grc' dir='ltr'>καταδεχόμενον.</span> <span class='ocrx_word' id='word_1_427' title='bbox 1812 4250 1905 4313; x_wconf 86' lang='grc' dir='ltr'><strong>Τίς</strong></span> 
     </span>
    </p>
   </div>
   <div class='ocr_carea' id='block_1_61' title="bbox 337 4343 1908 4417">
    <p class='ocr_par' dir='ltr' id='par_1_61' title="bbox 337 4343 1908 4417">
     <span class='ocr_line' id='line_1_61' title="bbox 337 4343 1908 4417; baseline -0.008 -12"><span class='ocrx_word' id='word_1_428' title='bbox 337 4353 420 4405; x_wconf 69' lang='grc' dir='ltr'><strong>τὸν</strong></span> <span class='ocrx_word' id='word_1_429' title='bbox 447 4350 641 4404; x_wconf 78' lang='grc' dir='ltr'>ἑαυτοῦ</span> <span class='ocrx_word' id='word_1_430' title='bbox 669 4367 819 4402; x_wconf 85' lang='grc' dir='ltr'>οικον</span> <span class='ocrx_word' id='word_1_431' title='bbox 847 4346 1154 4417; x_wconf 73' lang='grc' dir='ltr'>ἠλάττωσεν</span> <span class='ocrx_word' id='word_1_432' title='bbox 1179 4348 1234 4398; x_wconf 83' lang='grc' dir='ltr'><strong>ἐν</strong></span> <span class='ocrx_word' id='word_1_433' title='bbox 1267 4345 1486 4416; x_wconf 74' lang='grc' dir='ltr'>νηστείᾳ</span> <span class='ocrx_word' id='word_1_434' title='bbox 1512 4361 1527 4408; x_wconf 92' lang='grc'><strong>;</strong></span> <span class='ocrx_word' id='word_1_435' title='bbox 1577 4343 1908 4414; x_wconf 85' lang='grc' dir='ltr'>Ἀρίθμησον</span> 
     </span>
    </p>
   </div>
   <div class='ocr_carea' id='block_1_62' title="bbox 403 4502 1040 4575">
    <p class='ocr_par' dir='ltr' id='par_1_62' title="bbox 403 4502 1040 4575">
     <span class='ocr_line' id='line_1_62' title="bbox 403 4502 1040 4575; baseline -0.011 -14"><span class='ocrx_word' id='word_1_436' title='bbox 403 4507 446 4538; x_wconf 80' lang='grc'>¹¹</span> <span class='ocrx_word' id='word_1_437' title='bbox 485 4505 554 4560; x_wconf 77' lang='lat' dir='ltr'><strong>IV</strong></span> <span class='ocrx_word' id='word_1_438' title='bbox 576 4504 710 4575; x_wconf 88' lang='lat' dir='ltr'><strong>Reg.</strong></span> <span class='ocrx_word' id='word_1_439' title='bbox 743 4520 816 4568; x_wconf 82' lang='lat' dir='ltr'><strong>tv,</strong></span> <span class='ocrx_word' id='word_1_440' title='bbox 853 4502 1040 4557; x_wconf 71' lang='lat'><strong>59-“.</strong></span> 
     </span>
    </p>
   </div>
   <div class='ocr_carea' id='block_1_63' title="bbox 1118 4493 2237 4562">
    <p class='ocr_par' dir='ltr' id='par_1_63' title="bbox 1118 4493 2237 4562">
     <span class='ocr_line' id='line_1_63' title="bbox 1118 4493 2237 4562; baseline -0.004 -10"><span class='ocrx_word' id='word_1_441' title='bbox 1118 4498 1312 4552; x_wconf 78' lang='lat' dir='ltr'><strong>“Dan.</strong></span> <span class='ocrx_word' id='word_1_442' title='bbox 1352 4515 1402 4562; x_wconf 85' lang='grc' dir='ltr'><strong>ι,</strong></span> <span class='ocrx_word' id='word_1_443' title='bbox 1453 4497 1603 4552; x_wconf 77' lang='grc' dir='ltr'>δ-Ιδ.</span> <span class='ocrx_word' id='word_1_444' title='bbox 1680 4495 1724 4526; x_wconf 75' lang='grc'>’³</span> <span class='ocrx_word' id='word_1_445' title='bbox 1764 4493 1898 4548; x_wconf 89' lang='lat' dir='ltr'><strong>Dan.</strong></span> <span class='ocrx_word' id='word_1_446' title='bbox 1938 4509 1996 4547; x_wconf 92' lang='grc' dir='ltr'><strong>ιιι</strong></span> <span class='ocrx_word' id='word_1_447' title='bbox 2050 4493 2237 4548; x_wconf 73' lang='grc'><strong>24-50.</strong></span> 
     </span>
    </p>
   </div>
   <div class='ocr_carea' id='block_1_64' title="bbox 2011 1958 3576 2032">
    <p class='ocr_par' dir='ltr' id='par_1_64' title="bbox 2011 1958 3576 2032">
     <span class='ocr_line' id='line_1_64' title="bbox 2011 1958 3576 2032; baseline 0.006 -23"><span class='ocrx_word' id='word_1_448' title='bbox 2011 1963 2114 2021; x_wconf 90' lang='lat' dir='ltr'><strong>set,</strong></span> <span class='ocrx_word' id='word_1_449' title='bbox 2139 1972 2299 2025; x_wconf 90' lang='lat' dir='ltr'><strong>quam</strong></span> <span class='ocrx_word' id='word_1_450' title='bbox 2333 1958 2594 2028; x_wconf 89' lang='lat' dir='ltr'><strong>naphthe,</strong></span> <span class='ocrx_word' id='word_1_451' title='bbox 2615 1961 2728 2030; x_wconf 87' lang='lat' dir='ltr'><strong>pix,</strong></span> <span class='ocrx_word' id='word_1_452' title='bbox 2760 1968 2814 2016; x_wconf 90' lang='lat' dir='ltr'><strong>et</strong></span> <span class='ocrx_word' id='word_1_453' title='bbox 2835 1961 2890 2032; x_wconf 79' lang='lat'><strong>6</strong></span> <span class='ocrx_word' id='word_1_454' title='bbox 2915 1969 3191 2016; x_wconf 88' lang='lat' dir='ltr'><strong>sarmenta</strong></span> <span class='ocrx_word' id='word_1_455' title='bbox 3226 1962 3308 2018; x_wconf 89' lang='lat' dir='ltr'><strong>sic</strong></span> <span class='ocrx_word' id='word_1_456' title='bbox 3338 1964 3576 2029; x_wconf 88' lang='lat' dir='ltr'><strong>alebant,</strong></span> 
     </span>
    </p>
   </div>
   <div class='ocr_carea' id='block_1_65' title="bbox 2011 2049 3582 2124">
    <p class='ocr_par' dir='ltr' id='par_1_65' title="bbox 2011 2049 3582 2124">
     <span class='ocr_line' id='line_1_65' title="bbox 2011 2049 3582 2124; baseline 0.006 -23"><span class='ocrx_word' id='word_1_457' title='bbox 2011 2055 2072 2101; x_wconf 93' lang='lat' dir='ltr'><strong>ut</strong></span> <span class='ocrx_word' id='word_1_458' title='bbox 2101 2049 2164 2102; x_wconf 88' lang='lat' dir='ltr'><strong>ad</strong></span> <span class='ocrx_word' id='word_1_459' title='bbox 2198 2050 2557 2121; x_wconf 88' lang='lat' dir='ltr'><strong>quadraginta</strong></span> <span class='ocrx_word' id='word_1_460' title='bbox 2587 2068 2782 2108; x_wconf 91' lang='lat' dir='ltr'><strong>novem</strong></span> <span class='ocrx_word' id='word_1_461' title='bbox 2813 2055 3026 2110; x_wconf 91' lang='lat' dir='ltr'><strong>cubitos</strong></span> <span class='ocrx_word' id='word_1_462' title='bbox 3057 2055 3256 2110; x_wconf 76' lang='lat' dir='ltr'><strong>diffusa</strong></span> <span class='ocrx_word' id='word_1_463' title='bbox 3306 2064 3475 2124; x_wconf 89' lang='lat' dir='ltr'><strong>esset,</strong></span> <span class='ocrx_word' id='word_1_464' title='bbox 3504 2065 3582 2110; x_wconf 85' lang='lat' dir='ltr'><strong>at-</strong></span> 
     </span>
    </p>
   </div>
   <div class='ocr_carea' id='block_1_66' title="bbox 2011 2138 3581 2215">
    <p class='ocr_par' dir='ltr' id='par_1_66' title="bbox 2011 2138 3581 2215">
     <span class='ocr_line' id='line_1_66' title="bbox 2011 2138 3581 2215; baseline 0.011 -28"><span class='ocrx_word' id='word_1_465' title='bbox 2011 2151 2116 2205; x_wconf 91' lang='lat' dir='ltr'><strong>que</strong></span> <span class='ocrx_word' id='word_1_466' title='bbox 2143 2138 2588 2208; x_wconf 89' lang='lat' dir='ltr'><strong>circumjacentia</strong></span> <span class='ocrx_word' id='word_1_467' title='bbox 2621 2142 2921 2212; x_wconf 90' lang='lat' dir='ltr'><strong>depascens</strong></span> <span class='ocrx_word' id='word_1_468' title='bbox 2945 2184 2959 2210; x_wconf 88' lang='lat'><strong>,</strong></span> <span class='ocrx_word' id='word_1_469' title='bbox 2999 2145 3264 2215; x_wconf 90' lang='lat' dir='ltr'><strong>plurimos</strong></span> <span class='ocrx_word' id='word_1_470' title='bbox 3292 2144 3581 2204; x_wconf 65' lang='lat' dir='ltr'><strong>Chaldaeos</strong></span> 
     </span>
    </p>
   </div>
   <div class='ocr_carea' id='block_1_67' title="bbox 2011 2227 3579 2306">
    <p class='ocr_par' dir='ltr' id='par_1_67' title="bbox 2011 2227 3579 2306">
     <span class='ocr_line' id='line_1_67' title="bbox 2011 2227 3579 2306; baseline 0.006 -27"><span class='ocrx_word' id='word_1_471' title='bbox 2011 2227 2393 2297; x_wconf 84' lang='lat' dir='ltr'><strong>absumpserit.</strong></span> <span class='ocrx_word' id='word_1_472' title='bbox 2427 2229 2542 2285; x_wconf 83' lang='lat' dir='ltr'><strong>Hoc</strong></span> <span class='ocrx_word' id='word_1_473' title='bbox 2581 2231 2748 2300; x_wconf 87' lang='lat' dir='ltr'><strong>igitur</strong></span> <span class='ocrx_word' id='word_1_474' title='bbox 2800 2239 3012 2289; x_wconf 87' lang='lat' dir='ltr'><strong>tantum</strong></span> <span class='ocrx_word' id='word_1_475' title='bbox 3070 2235 3380 2292; x_wconf 80' lang='lat' dir='ltr'><strong>incendium</strong></span> <span class='ocrx_word' id='word_1_476' title='bbox 3425 2237 3579 2306; x_wconf 89' lang='lat' dir='ltr'><strong>pueri</strong></span> 
     </span>
    </p>
   </div>
   <div class='ocr_carea' id='block_1_68' title="bbox 2010 2319 3580 2398">
    <p class='ocr_par' dir='ltr' id='par_1_68' title="bbox 2010 2319 3580 2398">
     <span class='ocr_line' id='line_1_68' title="bbox 2010 2319 3580 2398; baseline 0.008 -28"><span class='ocrx_word' id='word_1_477' title='bbox 2010 2332 2134 2371; x_wconf 90' lang='lat' dir='ltr'><strong>cum</strong></span> <span class='ocrx_word' id='word_1_478' title='bbox 2177 2319 2384 2388; x_wconf 85' lang='lat' dir='ltr'><strong>jejunio</strong></span> <span class='ocrx_word' id='word_1_479' title='bbox 2417 2322 2646 2392; x_wconf 88' lang='lat' dir='ltr'><strong>ingressi</strong></span> <span class='ocrx_word' id='word_1_480' title='bbox 2677 2325 3088 2393; x_wconf 90' lang='lat' dir='ltr'><strong>conculcarunt,</strong></span> <span class='ocrx_word' id='word_1_481' title='bbox 3114 2327 3377 2398; x_wconf 90' lang='lat' dir='ltr'><strong>liquidum</strong></span> <span class='ocrx_word' id='word_1_482' title='bbox 3408 2342 3472 2382; x_wconf 91' lang='lat' dir='ltr'><strong>ac</strong></span> <span class='ocrx_word' id='word_1_483' title='bbox 3498 2343 3580 2382; x_wconf 85' lang='lat' dir='ltr'><strong>ro-</strong></span> 
     </span>
    </p>
   </div>
   <div class='ocr_carea' id='block_1_69' title="bbox 2011 2409 3575 2486">
    <p class='ocr_par' dir='ltr' id='par_1_69' title="bbox 2011 2409 3575 2486">
     <span class='ocr_line' id='line_1_69' title="bbox 2011 2409 3575 2486; baseline 0.004 -24"><span class='ocrx_word' id='word_1_484' title='bbox 2011 2409 2224 2463; x_wconf 89' lang='lat' dir='ltr'><strong>scidum</strong></span> <span class='ocrx_word' id='word_1_485' title='bbox 2272 2425 2450 2466; x_wconf 90' lang='lat' dir='ltr'><strong>aerem</strong></span> <span class='ocrx_word' id='word_1_486' title='bbox 2482 2412 2536 2466; x_wconf 93' lang='lat' dir='ltr'><strong>in</strong></span> <span class='ocrx_word' id='word_1_487' title='bbox 2567 2413 2690 2484; x_wconf 86' lang='lat' dir='ltr'><strong>igne</strong></span> <span class='ocrx_word' id='word_1_488' title='bbox 2735 2423 2841 2468; x_wconf 88' lang='lat' dir='ltr'><strong>tam</strong></span> <span class='ocrx_word' id='word_1_489' title='bbox 2876 2416 3182 2471; x_wconf 82' lang='lat' dir='ltr'><strong>vehementi</strong></span> <span class='ocrx_word' id='word_1_490' title='bbox 3220 2417 3575 2486; x_wconf 89' lang='lat' dir='ltr'><strong>respirantes.</strong></span> 
     </span>
    </p>
   </div>
   <div class='ocr_carea' id='block_1_70' title="bbox 2008 2498 3578 2575">
    <p class='ocr_par' dir='ltr' id='par_1_70' title="bbox 2008 2498 3578 2575">
     <span class='ocr_line' id='line_1_70' title="bbox 2008 2498 3578 2575; baseline 0.007 -23"><span class='ocrx_word' id='word_1_491' title='bbox 2008 2498 2195 2570; x_wconf 85' lang='lat' dir='ltr'><strong>Neque</strong></span> <span class='ocrx_word' id='word_1_492' title='bbox 2223 2503 2366 2556; x_wconf 89' lang='lat' dir='ltr'><strong>enim</strong></span> <span class='ocrx_word' id='word_1_493' title='bbox 2397 2503 2537 2574; x_wconf 86' lang='lat' dir='ltr'><strong>ignis</strong></span> <span class='ocrx_word' id='word_1_494' title='bbox 2570 2505 2652 2559; x_wconf 85' lang='lat' dir='ltr'><strong>vel</strong></span> <span class='ocrx_word' id='word_1_495' title='bbox 2685 2507 2825 2575; x_wconf 86' lang='lat' dir='ltr'><strong>pilos</strong></span> <span class='ocrx_word' id='word_1_496' title='bbox 2855 2507 3070 2562; x_wconf 90' lang='lat' dir='ltr'><strong>illorum</strong></span> <span class='ocrx_word' id='word_1_497' title='bbox 3095 2523 3266 2564; x_wconf 89' lang='lat' dir='ltr'><strong>ausus</strong></span> <span class='ocrx_word' id='word_1_498' title='bbox 3295 2516 3378 2564; x_wconf 90' lang='lat' dir='ltr'><strong>est</strong></span> <span class='ocrx_word' id='word_1_499' title='bbox 3407 2509 3578 2563; x_wconf 86' lang='lat' dir='ltr'><strong>attin-</strong></span> 
     </span>
    </p>
   </div>
   <div class='ocr_carea' id='block_1_71' title="bbox 2009 2592 3186 2663">
    <p class='ocr_par' dir='ltr' id='par_1_71' title="bbox 2009 2592 3186 2663">
     <span class='ocr_line' id='line_1_71' title="bbox 2009 2592 3186 2663; baseline 0.006 -19"><span class='ocrx_word' id='word_1_500' title='bbox 2009 2605 2156 2661; x_wconf 86' lang='lat' dir='ltr'><strong>gere,</strong></span> <span class='ocrx_word' id='word_1_501' title='bbox 2190 2606 2255 2645; x_wconf 91' lang='lat' dir='ltr'><strong>eo</strong></span> <span class='ocrx_word' id='word_1_502' title='bbox 2287 2592 2431 2661; x_wconf 87' lang='lat' dir='ltr'><strong>quod</strong></span> <span class='ocrx_word' id='word_1_503' title='bbox 2465 2608 2494 2645; x_wconf 92' lang='lat' dir='ltr'><strong>a</strong></span> <span class='ocrx_word' id='word_1_504' title='bbox 2526 2593 2738 2663; x_wconf 91' lang='lat' dir='ltr'><strong>jejunio</strong></span> <span class='ocrx_word' id='word_1_505' title='bbox 2769 2605 2952 2650; x_wconf 90' lang='lat' dir='ltr'><strong>essent</strong></span> <span class='ocrx_word' id='word_1_506' title='bbox 2980 2597 3097 2651; x_wconf 87' lang='lat' dir='ltr'><strong>aliti</strong></span> <span class='ocrx_word' id='word_1_507' title='bbox 3121 2599 3186 2650; x_wconf 79' lang='lat'><strong>&quot;.</strong></span> 
     </span>
    </p>
   </div>
   <div class='ocr_carea' id='block_1_72' title="bbox 1984 2681 3578 2752">
    <p class='ocr_par' dir='ltr' id='par_1_72' title="bbox 1984 2681 3578 2752">
     <span class='ocr_line' id='line_1_72' title="bbox 1984 2681 3578 2752; baseline 0.009 -19"><span class='ocrx_word' id='word_1_508' title='bbox 1984 2715 1988 2718; x_wconf 52' lang='grc' dir='ltr'><strong>ν</strong></span> <span class='ocrx_word' id='word_1_509' title='bbox 2083 2682 2133 2736; x_wconf 94' lang='lat'><strong>7.</strong></span> <span class='ocrx_word' id='word_1_510' title='bbox 2166 2681 2334 2737; x_wconf 87' lang='lat' dir='ltr'><strong>Porro</strong></span> <span class='ocrx_word' id='word_1_511' title='bbox 2365 2682 2553 2739; x_wconf 89' lang='lat' dir='ltr'><strong>Daniel</strong></span> <span class='ocrx_word' id='word_1_512' title='bbox 2595 2696 2678 2742; x_wconf 77' lang='grc' dir='ltr'>νιι·</span> <span class='ocrx_word' id='word_1_513' title='bbox 2706 2686 3126 2752; x_wconf 87' lang='lat' dir='ltr'><strong>desideriorum,</strong></span> <span class='ocrx_word' id='word_1_514' title='bbox 3163 2705 3287 2744; x_wconf 92' lang='lat' dir='ltr'><strong>cum</strong></span> <span class='ocrx_word' id='word_1_515' title='bbox 3343 2699 3453 2747; x_wconf 89' lang='lat' dir='ltr'><strong>tres</strong></span> <span class='ocrx_word' id='word_1_516' title='bbox 3484 2692 3578 2747; x_wconf 91' lang='lat' dir='ltr'><strong>he-</strong></span> 
     </span>
    </p>
   </div>
   <div class='ocr_carea' id='block_1_73' title="bbox 2009 2773 3578 2852">
    <p class='ocr_par' dir='ltr' id='par_1_73' title="bbox 2009 2773 3578 2852">
     <span class='ocr_line' id='line_1_73' title="bbox 2009 2773 3578 2852; baseline 0.005 -23"><span class='ocrx_word' id='word_1_517' title='bbox 2009 2773 2308 2831; x_wconf 85' lang='lat' dir='ltr'><strong>bdomadas</strong></span> <span class='ocrx_word' id='word_1_518' title='bbox 2327 2791 2520 2846; x_wconf 87' lang='lat' dir='ltr'><strong>panem</strong></span> <span class='ocrx_word' id='word_1_519' title='bbox 2551 2791 2660 2831; x_wconf 93' lang='lat' dir='ltr'><strong>non</strong></span> <span class='ocrx_word' id='word_1_520' title='bbox 2677 2778 2899 2843; x_wconf 86' lang='lat' dir='ltr'><strong>edisset,</strong></span> <span class='ocrx_word' id='word_1_521' title='bbox 2919 2794 3018 2834; x_wconf 88' lang='lat' dir='ltr'><strong>nec</strong></span> <span class='ocrx_word' id='word_1_522' title='bbox 3046 2781 3271 2837; x_wconf 85' lang='lat' dir='ltr'><strong>bibisset</strong></span> <span class='ocrx_word' id='word_1_523' title='bbox 3290 2797 3484 2852; x_wconf 87' lang='lat' dir='ltr'><strong>aquam</strong></span> <span class='ocrx_word' id='word_1_524' title='bbox 3508 2785 3578 2847; x_wconf 70' lang='lat'><strong>&quot;,</strong></span> 
     </span>
    </p>
   </div>
   <div class='ocr_carea' id='block_1_74' title="bbox 2009 2865 3578 2947">
    <p class='ocr_par' dir='ltr' id='par_1_74' title="bbox 2009 2865 3578 2947">
     <span class='ocr_line' id='line_1_74' title="bbox 2009 2865 3578 2947; baseline 0.01 -29"><span class='ocrx_word' id='word_1_525' title='bbox 2009 2865 2280 2923; x_wconf 90' lang='lat' dir='ltr'><strong>demissus</strong></span> <span class='ocrx_word' id='word_1_526' title='bbox 2316 2869 2370 2923; x_wconf 89' lang='lat' dir='ltr'><strong>in</strong></span> <span class='ocrx_word' id='word_1_527' title='bbox 2395 2870 2573 2925; x_wconf 89' lang='lat' dir='ltr'><strong>lacum</strong></span> <span class='ocrx_word' id='word_1_528' title='bbox 2597 2875 2761 2927; x_wconf 89' lang='lat' dir='ltr'><strong>etiam</strong></span> <span class='ocrx_word' id='word_1_529' title='bbox 2795 2876 2980 2932; x_wconf 87' lang='lat' dir='ltr'><strong>leones</strong></span> <span class='ocrx_word' id='word_1_530' title='bbox 3018 2877 3267 2947; x_wconf 89' lang='lat' dir='ltr'><strong>jejunare</strong></span> <span class='ocrx_word' id='word_1_531' title='bbox 3298 2877 3486 2934; x_wconf 89' lang='lat' dir='ltr'><strong>docuit</strong></span> <span class='ocrx_word' id='word_1_532' title='bbox 3510 2880 3578 2933; x_wconf 83' lang='lat'><strong>&quot;.</strong></span> 
     </span>
    </p>
   </div>
   <div class='ocr_carea' id='block_1_75' title="bbox 2010 2954 3580 3040">
    <p class='ocr_par' dir='ltr' id='par_1_75' title="bbox 2010 2954 3580 3040">
     <span class='ocr_line' id='line_1_75' title="bbox 2010 2954 3580 3040; baseline 0.009 -32"><span class='ocrx_word' id='word_1_533' title='bbox 2010 2954 2194 3027; x_wconf 80' lang='lat' dir='ltr'><strong>Neque</strong></span> <span class='ocrx_word' id='word_1_534' title='bbox 2219 2958 2364 3012; x_wconf 91' lang='lat' dir='ltr'><strong>enim</strong></span> <span class='ocrx_word' id='word_1_535' title='bbox 2404 2961 2588 3016; x_wconf 90' lang='lat' dir='ltr'><strong>leones</strong></span> <span class='ocrx_word' id='word_1_536' title='bbox 2617 2963 2808 3020; x_wconf 90' lang='lat' dir='ltr'><strong>dentes</strong></span> <span class='ocrx_word' id='word_1_537' title='bbox 2862 2966 2918 3020; x_wconf 92' lang='lat' dir='ltr'><strong>in</strong></span> <span class='ocrx_word' id='word_1_538' title='bbox 2951 2967 3102 3022; x_wconf 87' lang='lat' dir='ltr'><strong>illum</strong></span> <span class='ocrx_word' id='word_1_539' title='bbox 3137 2968 3437 3040; x_wconf 85' lang='lat' dir='ltr'><strong>impingere</strong></span> <span class='ocrx_word' id='word_1_540' title='bbox 3483 2986 3580 3023; x_wconf 83' lang='lat' dir='ltr'><strong>va-</strong></span> 
     </span>
    </p>
   </div>
   <div class='ocr_carea' id='block_1_76' title="bbox 2011 3045 3580 3126">
    <p class='ocr_par' dir='ltr' id='par_1_76' title="bbox 2011 3045 3580 3126">
     <span class='ocr_line' id='line_1_76' title="bbox 2011 3045 3580 3126; baseline 0.011 -28"><span class='ocrx_word' id='word_1_541' title='bbox 2011 3045 2248 3111; x_wconf 87' lang='lat' dir='ltr'><strong>luerunt,</strong></span> <span class='ocrx_word' id='word_1_542' title='bbox 2277 3049 2500 3117; x_wconf 85' lang='lat' dir='ltr'><strong>perinde</strong></span> <span class='ocrx_word' id='word_1_543' title='bbox 2527 3053 2681 3121; x_wconf 90' lang='lat' dir='ltr'><strong>quasi</strong></span> <span class='ocrx_word' id='word_1_544' title='bbox 2731 3069 2760 3109; x_wconf 90' lang='lat' dir='ltr'><strong>e</strong></span> <span class='ocrx_word' id='word_1_545' title='bbox 2795 3055 2990 3126; x_wconf 89' lang='lat' dir='ltr'><strong>lapide,</strong></span> <span class='ocrx_word' id='word_1_546' title='bbox 3026 3067 3120 3112; x_wconf 88' lang='lat' dir='ltr'><strong>aut</strong></span> <span class='ocrx_word' id='word_1_547' title='bbox 3152 3075 3258 3114; x_wconf 70' lang='lat' dir='ltr'><strong>aare</strong></span> <span class='ocrx_word' id='word_1_548' title='bbox 3281 3101 3296 3124; x_wconf 96' lang='lat'><strong>,</strong></span> <span class='ocrx_word' id='word_1_549' title='bbox 3350 3066 3443 3115; x_wconf 89' lang='lat' dir='ltr'><strong>aut</strong></span> <span class='ocrx_word' id='word_1_550' title='bbox 3473 3061 3580 3115; x_wconf 89' lang='lat' dir='ltr'><strong>alia</strong></span> 
     </span>
    </p>
   </div>
   <div class='ocr_carea' id='block_1_77' title="bbox 2010 3139 3580 3211">
    <p class='ocr_par' dir='ltr' id='par_1_77' title="bbox 2010 3139 3580 3211">
     <span class='ocr_line' id='line_1_77' title="bbox 2010 3139 3580 3211; baseline 0.009 -20"><span class='ocrx_word' id='word_1_551' title='bbox 2010 3139 2266 3208; x_wconf 91' lang='lat' dir='ltr'><strong>quapiam</strong></span> <span class='ocrx_word' id='word_1_552' title='bbox 2291 3141 2547 3211; x_wconf 88' lang='lat' dir='ltr'><strong>rigidiore</strong></span> <span class='ocrx_word' id='word_1_553' title='bbox 2580 3145 2804 3199; x_wconf 87' lang='lat' dir='ltr'><strong>materia</strong></span> <span class='ocrx_word' id='word_1_554' title='bbox 2843 3157 3132 3206; x_wconf 90' lang='lat' dir='ltr'><strong>concretus</strong></span> <span class='ocrx_word' id='word_1_555' title='bbox 3185 3150 3397 3208; x_wconf 89' lang='lat' dir='ltr'><strong>fuisset.</strong></span> <span class='ocrx_word' id='word_1_556' title='bbox 3432 3152 3580 3207; x_wconf 85' lang='lat' dir='ltr'><strong>Adeo</strong></span> 
     </span>
    </p>
   </div>
   <div class='ocr_carea' id='block_1_78' title="bbox 2007 3229 3580 3312">
    <p class='ocr_par' dir='ltr' id='par_1_78' title="bbox 2007 3229 3580 3312">
     <span class='ocr_line' id='line_1_78' title="bbox 2007 3229 3580 3312; baseline 0.011 -28"><span class='ocrx_word' id='word_1_557' title='bbox 2007 3229 2274 3299; x_wconf 81' lang='lat' dir='ltr'><strong>jejunium</strong></span> <span class='ocrx_word' id='word_1_558' title='bbox 2309 3234 2456 3288; x_wconf 88' lang='lat' dir='ltr'><strong>velut</strong></span> <span class='ocrx_word' id='word_1_559' title='bbox 2477 3236 2722 3312; x_wconf 71' lang='lat' dir='ltr'><strong>quzedam</strong></span> <span class='ocrx_word' id='word_1_560' title='bbox 2773 3238 2898 3294; x_wconf 91' lang='lat' dir='ltr'><strong>ferri</strong></span> <span class='ocrx_word' id='word_1_561' title='bbox 2929 3241 3166 3297; x_wconf 85' lang='lat' dir='ltr'><strong>tinctura</strong></span> <span class='ocrx_word' id='word_1_562' title='bbox 3207 3243 3449 3300; x_wconf 88' lang='lat' dir='ltr'><strong>firmarat</strong></span> <span class='ocrx_word' id='word_1_563' title='bbox 3474 3247 3580 3301; x_wconf 89' lang='lat' dir='ltr'><strong>viri</strong></span> 
     </span>
    </p>
   </div>
   <div class='ocr_carea' id='block_1_79' title="bbox 2011 3321 3577 3404">
    <p class='ocr_par' dir='ltr' id='par_1_79' title="bbox 2011 3321 3577 3404">
     <span class='ocr_line' id='line_1_79' title="bbox 2011 3321 3577 3404; baseline 0.011 -30"><span class='ocrx_word' id='word_1_564' title='bbox 2011 3321 2158 3378; x_wconf 91' lang='lat' dir='ltr'><strong>illius</strong></span> <span class='ocrx_word' id='word_1_565' title='bbox 2186 3337 2408 3394; x_wconf 92' lang='lat' dir='ltr'><strong>corpus,</strong></span> <span class='ocrx_word' id='word_1_566' title='bbox 2444 3341 2508 3380; x_wconf 86' lang='lat' dir='ltr'><strong>ac</strong></span> <span class='ocrx_word' id='word_1_567' title='bbox 2540 3328 2788 3385; x_wconf 88' lang='lat' dir='ltr'><strong>leonibus</strong></span> <span class='ocrx_word' id='word_1_568' title='bbox 2837 3332 3201 3402; x_wconf 89' lang='lat' dir='ltr'><strong>insuperabile</strong></span> <span class='ocrx_word' id='word_1_569' title='bbox 3231 3337 3577 3404; x_wconf 87' lang='lat' dir='ltr'><strong>reddiderat;</strong></span> 
     </span>
    </p>
   </div>
   <div class='ocr_carea' id='block_1_80' title="bbox 2008 3417 3581 3497">
    <p class='ocr_par' dir='ltr' id='par_1_80' title="bbox 2008 3417 3581 3497">
     <span class='ocr_line' id='line_1_80' title="bbox 2008 3417 3581 3497; baseline 0.008 -29"><span class='ocrx_word' id='word_1_570' title='bbox 2008 3429 2184 3484; x_wconf 89' lang='lat' dir='ltr'><strong>neque</strong></span> <span class='ocrx_word' id='word_1_571' title='bbox 2203 3417 2344 3470; x_wconf 90' lang='lat' dir='ltr'><strong>enim</strong></span> <span class='ocrx_word' id='word_1_572' title='bbox 2371 3431 2433 3472; x_wconf 92' lang='lat' dir='ltr'><strong>os</strong></span> <span class='ocrx_word' id='word_1_573' title='bbox 2461 3428 2789 3487; x_wconf 88' lang='lat' dir='ltr'><strong>aperuerunt</strong></span> <span class='ocrx_word' id='word_1_574' title='bbox 2816 3422 3079 3480; x_wconf 85' lang='lat' dir='ltr'><strong>adversus</strong></span> <span class='ocrx_word' id='word_1_575' title='bbox 3124 3433 3395 3482; x_wconf 86' lang='lat' dir='ltr'><strong>sanctum.</strong></span> <span class='ocrx_word' id='word_1_576' title='bbox 3427 3426 3544 3497; x_wconf 83' lang='lat' dir='ltr'><strong>Jeju</strong></span> <span class='ocrx_word' id='word_1_577' title='bbox 3564 3458 3581 3469; x_wconf 89' lang='lat'><strong>-</strong></span> 
     </span>
    </p>
   </div>
   <div class='ocr_carea' id='block_1_81' title="bbox 2009 3507 3582 3582">
    <p class='ocr_par' dir='ltr' id='par_1_81' title="bbox 2009 3507 3582 3582">
     <span class='ocr_line' id='line_1_81' title="bbox 2009 3507 3582 3582; baseline 0.011 -23"><span class='ocrx_word' id='word_1_578' title='bbox 2009 3507 2159 3560; x_wconf 91' lang='lat' dir='ltr'><strong>nium</strong></span> <span class='ocrx_word' id='word_1_579' title='bbox 2185 3509 2441 3563; x_wconf 84' lang='lat' dir='ltr'><strong>restinxit</strong></span> <span class='ocrx_word' id='word_1_580' title='bbox 2463 3510 2572 3564; x_wconf 86' lang='lat' dir='ltr'><strong>vim</strong></span> <span class='ocrx_word' id='word_1_581' title='bbox 2597 3511 2762 3582; x_wconf 88' lang='lat' dir='ltr'><strong>ignis,</strong></span> <span class='ocrx_word' id='word_1_582' title='bbox 2789 3514 3065 3570; x_wconf 90' lang='lat' dir='ltr'><strong>obturavit</strong></span> <span class='ocrx_word' id='word_1_583' title='bbox 3093 3530 3190 3571; x_wconf 87' lang='lat' dir='ltr'><strong>ora</strong></span> <span class='ocrx_word' id='word_1_584' title='bbox 3219 3517 3463 3575; x_wconf 92' lang='lat' dir='ltr'><strong>leonum.</strong></span> <span class='ocrx_word' id='word_1_585' title='bbox 3496 3518 3582 3581; x_wconf 81' lang='lat' dir='ltr'><strong>Je-</strong></span> 
     </span>
    </p>
   </div>
   <div class='ocr_carea' id='block_1_82' title="bbox 2005 3597 3576 3675">
    <p class='ocr_par' dir='ltr' id='par_1_82' title="bbox 2005 3597 3576 3675">
     <span class='ocr_line' id='line_1_82' title="bbox 2005 3597 3576 3675; baseline 0.01 -25"><span class='ocrx_word' id='word_1_586' title='bbox 2005 3597 2221 3667; x_wconf 91' lang='lat' dir='ltr'><strong>junium</strong></span> <span class='ocrx_word' id='word_1_587' title='bbox 2267 3603 2635 3670; x_wconf 87' lang='lat' dir='ltr'><strong>precationem</strong></span> <span class='ocrx_word' id='word_1_588' title='bbox 2673 3606 2995 3660; x_wconf 87' lang='lat' dir='ltr'><strong>transmittit</strong></span> <span class='ocrx_word' id='word_1_589' title='bbox 3051 3607 3108 3662; x_wconf 90' lang='lat' dir='ltr'><strong>in</strong></span> <span class='ocrx_word' id='word_1_590' title='bbox 3147 3610 3382 3675; x_wconf 66' lang='lat' dir='ltr'><strong>caelum,</strong></span> <span class='ocrx_word' id='word_1_591' title='bbox 3447 3611 3576 3666; x_wconf 92' lang='lat' dir='ltr'><strong>dum</strong></span> 
     </span>
    </p>
   </div>
   <div class='ocr_carea' id='block_1_83' title="bbox 2005 3692 3578 3769">
    <p class='ocr_par' dir='ltr' id='par_1_83' title="bbox 2005 3692 3578 3769">
     <span class='ocr_line' id='line_1_83' title="bbox 2005 3692 3578 3769; baseline 0.008 -24"><span class='ocrx_word' id='word_1_592' title='bbox 2005 3692 2110 3760; x_wconf 90' lang='lat' dir='ltr'><strong>ipsi</strong></span> <span class='ocrx_word' id='word_1_593' title='bbox 2138 3701 2221 3746; x_wconf 89' lang='lat' dir='ltr'><strong>est</strong></span> <span class='ocrx_word' id='word_1_594' title='bbox 2251 3695 2461 3748; x_wconf 84' lang='lat' dir='ltr'><strong>alarum</strong></span> <span class='ocrx_word' id='word_1_595' title='bbox 2518 3696 2638 3750; x_wconf 92' lang='lat' dir='ltr'><strong>loco</strong></span> <span class='ocrx_word' id='word_1_596' title='bbox 2682 3697 2749 3751; x_wconf 90' lang='lat' dir='ltr'><strong>ad</strong></span> <span class='ocrx_word' id='word_1_597' title='bbox 2800 3713 3096 3769; x_wconf 89' lang='lat' dir='ltr'><strong>supernum</strong></span> <span class='ocrx_word' id='word_1_598' title='bbox 3154 3701 3259 3756; x_wconf 87' lang='lat' dir='ltr'><strong>iter</strong></span> <span class='ocrx_word' id='word_1_599' title='bbox 3291 3701 3578 3758; x_wconf 85' lang='lat' dir='ltr'><strong>conficien-</strong></span> 
     </span>
    </p>
   </div>
   <div class='ocr_carea' id='block_1_84' title="bbox 2009 3783 3578 3858">
    <p class='ocr_par' dir='ltr' id='par_1_84' title="bbox 2009 3783 3578 3858">
     <span class='ocr_line' id='line_1_84' title="bbox 2009 3783 3578 3858; baseline 0.006 -20"><span class='ocrx_word' id='word_1_600' title='bbox 2009 3784 2159 3838; x_wconf 89' lang='lat' dir='ltr'><strong>dum.</strong></span> <span class='ocrx_word' id='word_1_601' title='bbox 2181 3783 2454 3854; x_wconf 86' lang='lat' dir='ltr'><strong>Jejunium</strong></span> <span class='ocrx_word' id='word_1_602' title='bbox 2488 3786 2776 3842; x_wconf 88' lang='lat' dir='ltr'><strong>domorum</strong></span> <span class='ocrx_word' id='word_1_603' title='bbox 2814 3789 3210 3847; x_wconf 87' lang='lat' dir='ltr'><strong>incrementum</strong></span> <span class='ocrx_word' id='word_1_604' title='bbox 3242 3800 3348 3858; x_wconf 88' lang='lat' dir='ltr'><strong>est,</strong></span> <span class='ocrx_word' id='word_1_605' title='bbox 3377 3793 3578 3849; x_wconf 87' lang='lat' dir='ltr'><strong>sanita-</strong></span> 
     </span>
    </p>
   </div>
   <div class='ocr_carea' id='block_1_85' title="bbox 2008 3876 3581 3951">
    <p class='ocr_par' dir='ltr' id='par_1_85' title="bbox 2008 3876 3581 3951">
     <span class='ocr_line' id='line_1_85' title="bbox 2008 3876 3581 3951; baseline 0.007 -22"><span class='ocrx_word' id='word_1_606' title='bbox 2008 3876 2080 3931; x_wconf 90' lang='lat' dir='ltr'><strong>tis</strong></span> <span class='ocrx_word' id='word_1_607' title='bbox 2110 3885 2303 3940; x_wconf 90' lang='lat' dir='ltr'><strong>mater,</strong></span> <span class='ocrx_word' id='word_1_608' title='bbox 2328 3877 2631 3946; x_wconf 89' lang='lat' dir='ltr'><strong>juventutis</strong></span> <span class='ocrx_word' id='word_1_609' title='bbox 2656 3879 3004 3951; x_wconf 63' lang='lat' dir='ltr'><strong>paadagogus,</strong></span> <span class='ocrx_word' id='word_1_610' title='bbox 3034 3893 3414 3938; x_wconf 85' lang='lat' dir='ltr'><strong>ornamentum</strong></span> <span class='ocrx_word' id='word_1_611' title='bbox 3439 3884 3581 3940; x_wconf 87' lang='lat' dir='ltr'><strong>senl-</strong></span> 
     </span>
    </p>
   </div>
   <div class='ocr_carea' id='block_1_86' title="bbox 2012 3966 3581 4036">
    <p class='ocr_par' dir='ltr' id='par_1_86' title="bbox 2012 3966 3581 4036">
     <span class='ocr_line' id='line_1_86' title="bbox 2012 3966 3581 4036; baseline 0.005 -15"><span class='ocrx_word' id='word_1_612' title='bbox 2012 3966 2137 4034; x_wconf 89' lang='lat' dir='ltr'><strong>bus,</strong></span> <span class='ocrx_word' id='word_1_613' title='bbox 2167 3968 2343 4024; x_wconf 88' lang='lat' dir='ltr'><strong>bonus</strong></span> <span class='ocrx_word' id='word_1_614' title='bbox 2370 3983 2554 4024; x_wconf 90' lang='lat' dir='ltr'><strong>comes</strong></span> <span class='ocrx_word' id='word_1_615' title='bbox 2599 3970 2901 4027; x_wconf 85' lang='lat' dir='ltr'><strong>viatoribus</strong></span> <span class='ocrx_word' id='word_1_616' title='bbox 2923 4011 2936 4036; x_wconf 91' lang='lat'><strong>,</strong></span> <span class='ocrx_word' id='word_1_617' title='bbox 2977 3980 3126 4029; x_wconf 89' lang='lat' dir='ltr'><strong>tutus</strong></span> <span class='ocrx_word' id='word_1_618' title='bbox 3170 3973 3581 4030; x_wconf 84' lang='lat' dir='ltr'><strong>contubernalis</strong></span> 
     </span>
    </p>
   </div>
   <div class='ocr_carea' id='block_1_87' title="bbox 2012 4060 3582 4141">
    <p class='ocr_par' dir='ltr' id='par_1_87' title="bbox 2012 4060 3582 4141">
     <span class='ocr_line' id='line_1_87' title="bbox 2012 4060 3582 4141; baseline 0.01 -31"><span class='ocrx_word' id='word_1_619' title='bbox 2012 4060 2338 4129; x_wconf 87' lang='lat' dir='ltr'><strong>conjugatis.</strong></span> <span class='ocrx_word' id='word_1_620' title='bbox 2398 4061 2588 4120; x_wconf 89' lang='lat' dir='ltr'><strong>Nullas</strong></span> <span class='ocrx_word' id='word_1_621' title='bbox 2639 4066 2870 4122; x_wconf 89' lang='lat' dir='ltr'><strong>maritus</strong></span> <span class='ocrx_word' id='word_1_622' title='bbox 2941 4069 3252 4139; x_wconf 85' lang='lat' dir='ltr'><strong>suspicatur</strong></span> <span class='ocrx_word' id='word_1_623' title='bbox 3319 4069 3582 4141; x_wconf 87' lang='lat' dir='ltr'><strong>conjugio</strong></span> 
     </span>
    </p>
   </div>
   <div class='ocr_carea' id='block_1_88' title="bbox 2013 4144 3577 4230">
    <p class='ocr_par' dir='ltr' id='par_1_88' title="bbox 2013 4144 3577 4230">
     <span class='ocr_line' id='line_1_88' title="bbox 2013 4144 3577 4230; baseline 0.004 -24"><span class='ocrx_word' id='word_1_624' title='bbox 2013 4156 2148 4208; x_wconf 87' lang='lat' dir='ltr'><strong>strui</strong></span> <span class='ocrx_word' id='word_1_625' title='bbox 2180 4155 2428 4217; x_wconf 89' lang='lat' dir='ltr'><strong>insidias,</strong></span> <span class='ocrx_word' id='word_1_626' title='bbox 2453 4155 2797 4225; x_wconf 89' lang='lat' dir='ltr'><strong>conspiciens</strong></span> <span class='ocrx_word' id='word_1_627' title='bbox 2815 4159 2971 4214; x_wconf 85' lang='lat' dir='ltr'><strong>uxori</strong></span> <span class='ocrx_word' id='word_1_628' title='bbox 2997 4158 3263 4216; x_wconf 87' lang='lat' dir='ltr'><strong>familiare</strong></span> <span class='ocrx_word' id='word_1_629' title='bbox 3285 4144 3577 4230; x_wconf 73' lang='lat' dir='ltr'><strong>jejunium.</strong></span> 
     </span>
    </p>
   </div>
   <div class='ocr_carea' id='block_1_89' title="bbox 2011 4243 3578 4320">
    <p class='ocr_par' dir='ltr' id='par_1_89' title="bbox 2011 4243 3578 4320">
     <span class='ocr_line' id='line_1_89' title="bbox 2011 4243 3578 4320; baseline 0.004 -23"><span class='ocrx_word' id='word_1_630' title='bbox 2011 4243 2130 4299; x_wconf 86' lang='lat' dir='ltr'><strong>Non</strong></span> <span class='ocrx_word' id='word_1_631' title='bbox 2165 4246 2502 4301; x_wconf 89' lang='lat' dir='ltr'><strong>contabescit</strong></span> <span class='ocrx_word' id='word_1_632' title='bbox 2551 4263 2688 4301; x_wconf 91' lang='lat' dir='ltr'><strong>uxor</strong></span> <span class='ocrx_word' id='word_1_633' title='bbox 2732 4250 3019 4320; x_wconf 81' lang='lat' dir='ltr'><strong>zelotypia,</strong></span> <span class='ocrx_word' id='word_1_634' title='bbox 3051 4266 3281 4307; x_wconf 88' lang='lat' dir='ltr'><strong>cernens</strong></span> <span class='ocrx_word' id='word_1_635' title='bbox 3321 4252 3578 4306; x_wconf 87' lang='lat' dir='ltr'><strong>maritum</strong></span> 
     </span>
    </p>
   </div>
   <div class='ocr_carea' id='block_1_90' title="bbox 2010 4337 3582 4408">
    <p class='ocr_par' dir='ltr' id='par_1_90' title="bbox 2010 4337 3582 4408">
     <span class='ocr_line' id='line_1_90' title="bbox 2010 4337 3582 4408; baseline 0.004 -16"><span class='ocrx_word' id='word_1_636' title='bbox 2010 4338 2261 4407; x_wconf 88' lang='lat' dir='ltr'><strong>amplecti</strong></span> <span class='ocrx_word' id='word_1_637' title='bbox 2321 4337 2613 4408; x_wconf 89' lang='lat' dir='ltr'><strong>jejunium.</strong></span> <span class='ocrx_word' id='word_1_638' title='bbox 2649 4339 2784 4406; x_wconf 85' lang='lat' dir='ltr'><strong>Quis</strong></span> <span class='ocrx_word' id='word_1_639' title='bbox 2825 4356 2937 4396; x_wconf 89' lang='lat' dir='ltr'><strong>rem</strong></span> <span class='ocrx_word' id='word_1_640' title='bbox 2974 4341 3292 4398; x_wconf 86' lang='lat' dir='ltr'><strong>familiarem</strong></span> <span class='ocrx_word' id='word_1_641' title='bbox 3325 4343 3582 4399; x_wconf 76' lang='lat' dir='ltr'><strong>diminuit</strong></span> 
     </span>
    </p>
   </div>
   <div class='ocr_carea' id='block_1_91' title="bbox 2336 4492 3386 4560">
    <p class='ocr_par' dir='ltr' id='par_1_91' title="bbox 2336 4492 3386 4560">
     <span class='ocr_line' id='line_1_91' title="bbox 2336 4492 3386 4560; baseline 0.008 -15"><span class='ocrx_word' id='word_1_642' title='bbox 2336 4495 2380 4525; x_wconf 71' lang='grc' dir='ltr'>’δ</span> <span class='ocrx_word' id='word_1_643' title='bbox 2420 4492 2554 4550; x_wconf 88' lang='lat' dir='ltr'><strong>Dan.</strong></span> <span class='ocrx_word' id='word_1_644' title='bbox 2588 4509 2654 4559; x_wconf 87' lang='lat' dir='ltr'><strong>x,</strong></span> <span class='ocrx_word' id='word_1_645' title='bbox 2689 4492 2744 4548; x_wconf 74' lang='lat'><strong>2.</strong></span> <span class='ocrx_word' id='word_1_646' title='bbox 2817 4496 2860 4526; x_wconf 78' lang='lat'><strong><em>“</em></strong></span> <span class='ocrx_word' id='word_1_647' title='bbox 2901 4493 3034 4549; x_wconf 87' lang='lat' dir='ltr'><strong>Dan.</strong></span> <span class='ocrx_word' id='word_1_648' title='bbox 3071 4511 3160 4560; x_wconf 75' lang='lat' dir='ltr'><strong>v1,</strong></span> <span class='ocrx_word' id='word_1_649' title='bbox 3197 4495 3386 4553; x_wconf 68' lang='lat'><strong>16-22.</strong></span> 
     </span>
    </p>
   </div>
   <div class='ocr_carea' id='block_1_92' title="bbox 401 4675 1903 4751">
    <p class='ocr_par' dir='ltr' id='par_1_92' title="bbox 401 4675 1900 4751">
     <span class='ocr_line' id='line_1_92' title="bbox 401 4675 1900 4751; baseline -0.005 -14"><span class='ocrx_word' id='word_1_650' title='bbox 401 4683 513 4751; x_wconf 72' lang='lat'><strong>(29)</strong></span> <span class='ocrx_word' id='word_1_651' title='bbox 542 4682 679 4750; x_wconf 86' lang='lat' dir='ltr'><strong>Reg.</strong></span> <span class='ocrx_word' id='word_1_652' title='bbox 705 4677 1190 4751; x_wconf 56' lang='lat' dir='ltr'><strong>secunduséxovra</strong></span> <span class='ocrx_word' id='word_1_653' title='bbox 1208 4676 1268 4728; x_wconf 75' lang='grc' dir='ltr'>τὸ</span> <span class='ocrx_word' id='word_1_654' title='bbox 1285 4675 1454 4729; x_wconf 77' lang='grc' dir='ltr'>αἱδέσι</span> <span class='ocrx_word' id='word_1_655' title='bbox 1463 4675 1900 4747; x_wconf 66' lang='grc' dir='ltr'>μον.ξΑ1ἰηιιειιιο</span> 
     </span>
    </p>
   </div>
   <div class='ocr_carea' id='block_1_93' title="bbox 2007 4675 3574 4751">
    <p class='ocr_par' dir='ltr' id='par_1_93' title="bbox 2007 4675 3574 4751">
     <span class='ocr_line' id='line_1_93' title="bbox 2007 4675 3574 4751; baseline 0.001 -21"><span class='ocrx_word' id='word_1_656' title='bbox 2007 4678 2184 4745; x_wconf 90' lang='lat' dir='ltr'><strong>ipsum</strong></span> <span class='ocrx_word' id='word_1_657' title='bbox 2219 4676 2288 4730; x_wconf 87' lang='lat' dir='ltr'><strong>ab</strong></span> <span class='ocrx_word' id='word_1_658' title='bbox 2317 4691 2503 4751; x_wconf 58' lang='lat' dir='ltr'><strong>errore</strong></span> <span class='ocrx_word' id='word_1_659' title='bbox 2531 4675 2790 4751; x_wconf 79' lang='lat' dir='ltr'><strong>vindicat.</strong></span> <span class='ocrx_word' id='word_1_660' title='bbox 2825 4675 3190 4751; x_wconf 73' lang='lat' dir='ltr'><strong>sederrorem</strong></span> <span class='ocrx_word' id='word_1_661' title='bbox 3212 4691 3354 4751; x_wconf 32' lang='lat' dir='ltr'><strong>.cum</strong></span> <span class='ocrx_word' id='word_1_662' title='bbox 3387 4692 3574 4732; x_wconf 87' lang='lat' dir='ltr'><strong>errore</strong></span> 
     </span>
    </p>
   </div>
   <div class='ocr_carea' id='block_1_94' title="bbox 334 4747 1364 4825">
    <p class='ocr_par' dir='ltr' id='par_1_94' title="bbox 334 4747 1364 4825">
     <span class='ocr_line' id='line_1_94' title="bbox 334 4747 1364 4825; baseline -0.011 -17"><span class='ocrx_word' id='word_1_663' title='bbox 334 4747 452 4825; x_wconf 80' lang='lat' dir='ltr'><strong>post</strong></span> <span class='ocrx_word' id='word_1_664' title='bbox 481 4753 616 4820; x_wconf 80' lang='lat' dir='ltr'><strong>Reg.</strong></span> <span class='ocrx_word' id='word_1_665' title='bbox 632 4747 856 4825; x_wconf 39' lang='lat' dir='ltr'><strong>iprim‘us</strong></span> <span class='ocrx_word' id='word_1_666' title='bbox 879 4747 1364 4825; x_wconf 57' lang='lat' dir='ltr'><strong>acupbg_é65_£xvuro.</strong></span> 
     </span>
    </p>
   </div>
   <div class='ocr_carea' id='block_1_95' title="bbox 403 4815 1900 4894">
    <p class='ocr_par' dir='ltr' id='par_1_95' title="bbox 403 4815 1900 4894">
     <span class='ocr_line' id='line_1_95' title="bbox 403 4815 1900 4894; baseline -0.011 -13"><span class='ocrx_word' id='word_1_667' title='bbox 403 4826 511 4894; x_wconf 78' lang='lat'><strong>(50)</strong></span> <span class='ocrx_word' id='word_1_668' title='bbox 541 4815 729 4879; x_wconf 72' lang='lat' dir='ltr'><strong>Codex</strong></span> <span class='ocrx_word' id='word_1_669' title='bbox 757 4820 897 4875; x_wconf 83' lang='lat' dir='ltr'><strong>Oliv.</strong></span> <span class='ocrx_word' id='word_1_670' title='bbox 937 4815 1029 4870; x_wconf 71' lang='grc' dir='ltr'>ἐπὶ</span> <span class='ocrx_word' id='word_1_671' title='bbox 1058 4817 1210 4869; x_wconf 85' lang='grc' dir='ltr'>ἐννέα</span> <span class='ocrx_word' id='word_1_672' title='bbox 1236 4817 1330 4868; x_wconf 73' lang='grc' dir='ltr'><strong>καὶ</strong></span> <span class='ocrx_word' id='word_1_673' title='bbox 1360 4815 1766 4886; x_wconf 83' lang='grc' dir='ltr'>τεσσαράκοντα</span> <span class='ocrx_word' id='word_1_674' title='bbox 1796 4815 1900 4886; x_wconf 81' lang='grc' dir='ltr'><strong>πή-</strong></span> 
     </span>
    </p>
   </div>
   <div class='ocr_carea' id='block_1_96' title="bbox 369 4912 462 4952">
    <p class='ocr_par' dir='ltr' id='par_1_96' title="bbox 369 4912 462 4952">
     <span class='ocr_line' id='line_1_96' title="bbox 369 4912 462 4952; baseline -0.011 -4"><span class='ocrx_word' id='word_1_675' title='bbox 369 4912 462 4952; x_wconf 84' lang='grc' dir='ltr'>εις.</span> 
     </span>
    </p>
   </div>
   <div class='ocr_carea' id='block_1_97' title="bbox 334 4914 1897 5034">
    <p class='ocr_par' dir='ltr' id='par_1_97' title="bbox 334 4914 1897 5034">
     <span class='ocr_line' id='line_1_97' title="bbox 334 4914 1897 5034; baseline 0.022 -1"><span class='ocrx_word' id='word_1_676' title='bbox 334 4914 507 5034; x_wconf 46' lang='lat' dir='ltr'><strong>lii?!)</strong></span> <span class='ocrx_word' id='word_1_677' title='bbox 537 4962 604 5015; x_wconf 85' lang='lat' dir='ltr'><strong>Et</strong></span> <span class='ocrx_word' id='word_1_678' title='bbox 635 4962 692 5015; x_wconf 93' lang='lat' dir='ltr'><strong>in</strong></span> <span class='ocrx_word' id='word_1_679' title='bbox 724 4956 1198 5034; x_wconf 64' lang='lat' dir='ltr'><strong>impressis__&#39;il?&quot;3</strong></span> <span class='ocrx_word' id='word_1_680' title='bbox 1231 4963 1286 5007; x_wconf 64' lang='grc' dir='ltr'><strong>εί</strong></span> <span class='ocrx_word' id='word_1_681' title='bbox 1333 4956 1386 5009; x_wconf 74' lang='grc' dir='ltr'>ίη</span> <span class='ocrx_word' id='word_1_682' title='bbox 1431 4952 1816 5034; x_wconf 44' lang='grc' dir='ltr'><strong>ί¹ν¹¹⁰¹ῗ¹¹⁵-⁰¹ίν’</strong></span> <span class='ocrx_word' id='word_1_683' title='bbox 1843 4962 1897 5034; x_wconf 50' lang='grc' dir='ltr'><strong>εδ</strong></span> 
     </span>
    </p>
   </div>
   <div class='ocr_carea' id='block_1_98' title="bbox 333 5026 1899 5100">
    <p class='ocr_par' dir='ltr' id='par_1_98' title="bbox 333 5026 1899 5100">
     <span class='ocr_line' id='line_1_98' title="bbox 333 5026 1899 5100; baseline -0.005 -15"><span class='ocrx_word' id='word_1_684' title='bbox 333 5033 384 5085; x_wconf 85' lang='lat' dir='ltr'><strong>in</strong></span> <span class='ocrx_word' id='word_1_685' title='bbox 409 5026 619 5088; x_wconf 76' lang='lat' dir='ltr'><strong>nostris</strong></span> <span class='ocrx_word' id='word_1_686' title='bbox 649 5026 895 5100; x_wconf 84' lang='lat' dir='ltr'><strong>quinque</strong></span> <span class='ocrx_word' id='word_1_687' title='bbox 920 5026 1201 5081; x_wconf 84' lang='lat' dir='ltr'><strong>codicibus</strong></span> <span class='ocrx_word' id='word_1_688' title='bbox 1227 5033 1542 5100; x_wconf 69' lang='lat' dir='ltr'><strong>constanter</strong></span> <span class='ocrx_word' id='word_1_689' title='bbox 1566 5027 1780 5100; x_wconf 80' lang='lat' dir='ltr'><strong>legitur,</strong></span> <span class='ocrx_word' id='word_1_690' title='bbox 1806 5026 1899 5078; x_wconf 70' lang='grc' dir='ltr'>καὶ</span> 
     </span>
    </p>
   </div>
   <div class='ocr_carea' id='block_1_99' title="bbox 333 5094 1897 5173">
    <p class='ocr_par' dir='ltr' id='par_1_99' title="bbox 333 5094 1897 5173">
     <span class='ocr_line' id='line_1_99' title="bbox 333 5094 1897 5173; baseline -0.006 -17"><span class='ocrx_word' id='word_1_691' title='bbox 333 5102 471 5173; x_wconf 80' lang='grc' dir='ltr'>ὕδωρ</span> <span class='ocrx_word' id='word_1_692' title='bbox 502 5104 577 5172; x_wconf 77' lang='grc' dir='ltr'>μὴ</span> <span class='ocrx_word' id='word_1_693' title='bbox 611 5094 772 5173; x_wconf 65' lang='grc' dir='ltr'>πίων,</span> <span class='ocrx_word' id='word_1_694' title='bbox 807 5094 855 5152; x_wconf 64' lang='lat' dir='ltr'><strong>ct</strong></span> <span class='ocrx_word' id='word_1_695' title='bbox 887 5113 1092 5173; x_wconf 83' lang='lat' dir='ltr'><strong>aquam_</strong></span> <span class='ocrx_word' id='word_1_696' title='bbox 1118 5113 1226 5173; x_wconf 84' lang='lat' dir='ltr'><strong>_non</strong></span> <span class='ocrx_word' id='word_1_697' title='bbox 1267 5094 1690 5173; x_wconf 48' lang='lat' dir='ltr'><strong>bibelts.___Quem_</strong></span> <span class='ocrx_word' id='word_1_698' title='bbox 1723 5097 1897 5147; x_wconf 89' lang='lat' dir='ltr'><strong>locum</strong></span> 
     </span>
    </p>
   </div>
   <div class='ocr_carea' id='block_1_100' title="bbox 331 5164 1891 5241">
    <p class='ocr_par' dir='ltr' id='par_1_100' title="bbox 331 5164 1891 5241">
     <span class='ocr_line' id='line_1_100' title="bbox 331 5164 1891 5241; baseline -0.007 -15"><span class='ocrx_word' id='word_1_699' title='bbox 331 5164 697 5241; x_wconf 73' lang='lat' dir='ltr'><strong>interpretans</strong></span> <span class='ocrx_word' id='word_1_700' title='bbox 723 5164 1010 5228; x_wconf 85' lang='lat' dir='ltr'><strong>Erasmus,</strong></span> <span class='ocrx_word' id='word_1_701' title='bbox 1044 5166 1339 5241; x_wconf 78' lang='lat' dir='ltr'><strong>vidensque</strong></span> <span class='ocrx_word' id='word_1_702' title='bbox 1368 5165 1548 5218; x_wconf 85' lang='lat' dir='ltr'><strong>Basilii</strong></span> <span class='ocrx_word' id='word_1_703' title='bbox 1578 5164 1891 5241; x_wconf 70' lang='lat' dir='ltr'><strong>verbacum</strong></span> 
     </span>
    </p>
   </div>
   <div class='ocr_carea' id='block_1_101' title="bbox 329 5235 1894 5303">
    <p class='ocr_par' dir='ltr' id='par_1_101' title="bbox 329 5235 1894 5303">
     <span class='ocr_line' id='line_1_101' title="bbox 329 5235 1894 5303; baseline -0.006 -8"><span class='ocrx_word' id='word_1_704' title='bbox 329 5235 507 5298; x_wconf 74' lang='lat' dir='ltr'><strong>verbis</strong></span> <span class='ocrx_word' id='word_1_705' title='bbox 532 5241 780 5296; x_wconf 87' lang='lat' dir='ltr'><strong>Danielis</strong></span> <span class='ocrx_word' id='word_1_706' title='bbox 803 5255 910 5292; x_wconf 91' lang='lat' dir='ltr'><strong>non</strong></span> <span class='ocrx_word' id='word_1_707' title='bbox 935 5235 1290 5297; x_wconf 87' lang='lat' dir='ltr'><strong>concordare,</strong></span> <span class='ocrx_word' id='word_1_708' title='bbox 1315 5235 1622 5302; x_wconf 85' lang='lat' dir='ltr'><strong>interpretis</strong></span> <span class='ocrx_word' id='word_1_709' title='bbox 1650 5235 1894 5303; x_wconf 87' lang='lat' dir='ltr'><strong>neglecto</strong></span> 
     </span>
    </p>
   </div>
   <div class='ocr_carea' id='block_1_102' title="bbox 331 5305 1893 5385">
    <p class='ocr_par' dir='ltr' id='par_1_102' title="bbox 331 5305 1893 5385">
     <span class='ocr_line' id='line_1_102' title="bbox 331 5305 1893 5385; baseline -0.007 -18"><span class='ocrx_word' id='word_1_710' title='bbox 331 5328 571 5372; x_wconf 87' lang='lat' dir='ltr'><strong>munere,</strong></span> <span class='ocrx_word' id='word_1_711' title='bbox 613 5327 714 5382; x_wconf 87' lang='lat' dir='ltr'><strong>pro</strong></span> <span class='ocrx_word' id='word_1_712' title='bbox 746 5309 1041 5385; x_wconf 77' lang='lat' dir='ltr'><strong>Basilianis</strong></span> <span class='ocrx_word' id='word_1_713' title='bbox 1067 5306 1231 5360; x_wconf 81' lang='lat' dir='ltr'><strong>verba</strong></span> <span class='ocrx_word' id='word_1_714' title='bbox 1254 5305 1536 5385; x_wconf 66' lang='lat' dir='ltr'><strong>promit-tae</strong></span> <span class='ocrx_word' id='word_1_715' title='bbox 1565 5306 1646 5385; x_wconf 70' lang='lat' dir='ltr'><strong>ita</strong></span> <span class='ocrx_word' id='word_1_716' title='bbox 1672 5318 1893 5385; x_wconf 76' lang='lat' dir='ltr'><strong>expres-</strong></span> 
     </span>
    </p>
   </div>
   <div class='ocr_carea' id='block_1_103' title="bbox 279 5375 1889 5452">
    <p class='ocr_par' dir='ltr' id='par_1_103' title="bbox 279 5375 1889 5452">
     <span class='ocr_line' id='line_1_103' title="bbox 279 5375 1889 5452; baseline -0.008 -13"><span class='ocrx_word' id='word_1_717' title='bbox 279 5415 288 5429; x_wconf 85' lang='grc' dir='ltr'><strong>ι</strong></span> <span class='ocrx_word' id='word_1_718' title='bbox 333 5385 399 5438; x_wconf 88' lang='lat' dir='ltr'><strong>sit</strong></span> <span class='ocrx_word' id='word_1_719' title='bbox 425 5404 436 5436; x_wconf 91' lang='lat'><strong>:</strong></span> <span class='ocrx_word' id='word_1_720' title='bbox 467 5401 558 5438; x_wconf 80' lang='lat' dir='ltr'><strong>nec</strong></span> <span class='ocrx_word' id='word_1_721' title='bbox 598 5375 780 5437; x_wconf 60' lang='lat' dir='ltr'><strong>rituum</strong></span> <span class='ocrx_word' id='word_1_722' title='bbox 803 5379 1033 5452; x_wconf 68' lang='lat' dir='ltr'><strong>bibisset</strong></span> <span class='ocrx_word' id='word_1_723' title='bbox 1056 5393 1073 5428; x_wconf 88' lang='lat'><strong><em>:</em></strong></span> <span class='ocrx_word' id='word_1_724' title='bbox 1104 5392 1210 5452; x_wconf 76' lang='lat' dir='ltr'><strong>qua</strong></span> <span class='ocrx_word' id='word_1_725' title='bbox 1252 5377 1305 5452; x_wconf 81' lang='lat' dir='ltr'><strong>in</strong></span> <span class='ocrx_word' id='word_1_726' title='bbox 1337 5391 1414 5440; x_wconf 91' lang='lat' dir='ltr'><strong>re,</strong></span> <span class='ocrx_word' id='word_1_727' title='bbox 1452 5383 1512 5452; x_wconf 78' lang='lat' dir='ltr'><strong>ut</strong></span> <span class='ocrx_word' id='word_1_728' title='bbox 1543 5375 1684 5452; x_wconf 86' lang='lat' dir='ltr'><strong>_ali_bi</strong></span> <span class='ocrx_word' id='word_1_729' title='bbox 1729 5389 1889 5452; x_wconf 66' lang='lat' dir='ltr'><strong>smpe,</strong></span> 
     </span>
    </p>
   </div>
   <div class='ocr_carea' id='block_1_104' title="bbox 333 5444 1891 5514">
    <p class='ocr_par' dir='ltr' id='par_1_104' title="bbox 333 5444 1891 5514">
     <span class='ocr_line' id='line_1_104' title="bbox 333 5444 1891 5514; baseline -0.008 -8"><span class='ocrx_word' id='word_1_730' title='bbox 333 5455 548 5506; x_wconf 86' lang='lat' dir='ltr'><strong>nimium</strong></span> <span class='ocrx_word' id='word_1_731' title='bbox 577 5453 684 5506; x_wconf 79' lang='lat' dir='ltr'><strong>sibi</strong></span> <span class='ocrx_word' id='word_1_732' title='bbox 721 5449 952 5505; x_wconf 84' lang='lat' dir='ltr'><strong>indulsit</strong></span> <span class='ocrx_word' id='word_1_733' title='bbox 986 5449 1068 5500; x_wconf 86' lang='lat' dir='ltr'><strong>vir</strong></span> <span class='ocrx_word' id='word_1_734' title='bbox 1092 5447 1326 5514; x_wconf 90' lang='lat' dir='ltr'><strong>alioquin</strong></span> <span class='ocrx_word' id='word_1_735' title='bbox 1359 5445 1782 5498; x_wconf 88' lang='lat' dir='ltr'><strong>eruditissimus.</strong></span> <span class='ocrx_word' id='word_1_736' title='bbox 1803 5444 1891 5495; x_wconf 83' lang='lat' dir='ltr'><strong>Ait</strong></span> 
     </span>
    </p>
   </div>
   <div class='ocr_carea' id='block_1_105' title="bbox 332 5515 1887 5594">
    <p class='ocr_par' dir='ltr' id='par_1_105' title="bbox 332 5515 1887 5594">
     <span class='ocr_line' id='line_1_105' title="bbox 332 5515 1887 5594; baseline -0.008 -18"><span class='ocrx_word' id='word_1_737' title='bbox 332 5523 538 5591; x_wconf 88' lang='lat' dir='ltr'><strong>quidem</strong></span> <span class='ocrx_word' id='word_1_738' title='bbox 566 5524 822 5585; x_wconf 70' lang='lat' dir='ltr'><strong>Duczeus,</strong></span> <span class='ocrx_word' id='word_1_739' title='bbox 847 5519 962 5573; x_wconf 81' lang='lat' dir='ltr'><strong>fieri</strong></span> <span class='ocrx_word' id='word_1_740' title='bbox 995 5518 1255 5594; x_wconf 77' lang='lat' dir='ltr'><strong>potuisse,</strong></span> <span class='ocrx_word' id='word_1_741' title='bbox 1280 5522 1337 5568; x_wconf 91' lang='lat' dir='ltr'><strong>ut</strong></span> <span class='ocrx_word' id='word_1_742' title='bbox 1362 5515 1592 5594; x_wconf 75' lang='lat' dir='ltr'><strong>Basilius</strong></span> <span class='ocrx_word' id='word_1_743' title='bbox 1623 5515 1887 5594; x_wconf 76' lang='lat' dir='ltr'><strong>rationem</strong></span> 
     </span>
    </p>
   </div>
   <div class='ocr_carea' id='block_1_106' title="bbox 336 5584 1886 5663">
    <p class='ocr_par' dir='ltr' id='par_1_106' title="bbox 336 5584 1886 5663">
     <span class='ocr_line' id='line_1_106' title="bbox 336 5584 1886 5663; baseline -0.003 -21"><span class='ocrx_word' id='word_1_744' title='bbox 336 5584 572 5663; x_wconf 70' lang='lat' dir='ltr'><strong>habuerit</strong></span> <span class='ocrx_word' id='word_1_745' title='bbox 611 5584 912 5663; x_wconf 88' lang='lat' dir='ltr'><strong>puerorum</strong></span> <span class='ocrx_word' id='word_1_746' title='bbox 955 5584 1296 5663; x_wconf 62' lang='lat' dir='ltr'><strong>captivorum</strong></span> <span class='ocrx_word' id='word_1_747' title='bbox 1338 5584 1641 5663; x_wconf 63' lang='lat' dir='ltr'><strong>quotidiani</strong></span> <span class='ocrx_word' id='word_1_748' title='bbox 1689 5586 1886 5663; x_wconf 82' lang='lat' dir='ltr'><strong>victus,</strong></span> 
     </span>
    </p>
   </div>
   <div class='ocr_carea' id='block_1_107' title="bbox 332 5653 1892 5733">
    <p class='ocr_par' dir='ltr' id='par_1_107' title="bbox 332 5653 1892 5733">
     <span class='ocr_line' id='line_1_107' title="bbox 332 5653 1892 5733; baseline -0.008 -16"><span class='ocrx_word' id='word_1_749' title='bbox 332 5661 393 5733; x_wconf 71' lang='lat' dir='ltr'><strong>de</strong></span> <span class='ocrx_word' id='word_1_750' title='bbox 418 5653 625 5733; x_wconf 57' lang='lat' dir='ltr'><strong>quibus&#39;</strong></span> <span class='ocrx_word' id='word_1_751' title='bbox 651 5663 924 5731; x_wconf 88' lang='lat' dir='ltr'><strong>scriptum</strong></span> <span class='ocrx_word' id='word_1_752' title='bbox 960 5653 1048 5733; x_wconf 70' lang='lat' dir='ltr'><strong>est</strong></span> <span class='ocrx_word' id='word_1_753' title='bbox 1080 5656 1312 5709; x_wconf 88' lang='lat' dir='ltr'><strong>Danielis</strong></span> <span class='ocrx_word' id='word_1_754' title='bbox 1343 5653 1381 5718; x_wconf 71' lang='grc' dir='ltr'><strong>ι,</strong></span> <span class='ocrx_word' id='word_1_755' title='bbox 1423 5654 1491 5707; x_wconf 76' lang='grc'><strong>12</strong></span> <span class='ocrx_word' id='word_1_756' title='bbox 1523 5674 1535 5733; x_wconf 65' lang='grc' dir='ltr'>ξ</span> <span class='ocrx_word' id='word_1_757' title='bbox 1568 5653 1767 5733; x_wconf 61' lang='grc' dir='ltr'>ρςῃειιις</span> <span class='ocrx_word' id='word_1_758' title='bbox 1795 5669 1892 5705; x_wconf 84' lang='lat' dir='ltr'><strong>no-</strong></span> 
     </span>
    </p>
   </div>
   <div class='ocr_carea' id='block_1_108' title="bbox 333 5722 1888 5803">
    <p class='ocr_par' dir='ltr' id='par_1_108' title="bbox 333 5722 1888 5803">
     <span class='ocr_line' id='line_1_108' title="bbox 333 5722 1888 5803; baseline -0.007 -19"><span class='ocrx_word' id='word_1_759' title='bbox 333 5731 404 5785; x_wconf 74' lang='lat' dir='ltr'><strong>bis</strong></span> <span class='ocrx_word' id='word_1_760' title='bbox 431 5722 692 5802; x_wconf 63' lang='lat' dir='ltr'><strong>iegumina</strong></span> <span class='ocrx_word' id='word_1_761' title='bbox 727 5722 800 5786; x_wconf 62' lang='lat' dir='ltr'><strong>ait</strong></span> <span class='ocrx_word' id='word_1_762' title='bbox 828 5727 1161 5803; x_wconf 52' lang='lat' dir='ltr'><strong>vescettdtml.</strong></span> <span class='ocrx_word' id='word_1_763' title='bbox 1205 5735 1426 5803; x_wconf 56' lang='lat' dir='ltr'><strong>etaun</strong></span> <span class='ocrx_word' id='word_1_764' title='bbox 1469 5723 1535 5776; x_wconf 84' lang='lat' dir='ltr'><strong>ad</strong></span> <span class='ocrx_word' id='word_1_765' title='bbox 1583 5722 1888 5803; x_wconf 61' lang='lat' dir='ltr'><strong>bjbendurn;</strong></span> 
     </span>
    </p>
   </div>
   <div class='ocr_carea' id='block_1_109' title="bbox 331 5794 1887 5864">
    <p class='ocr_par' dir='ltr' id='par_1_109' title="bbox 331 5794 1887 5864">
     <span class='ocr_line' id='line_1_109' title="bbox 331 5794 1887 5864; baseline -0.008 -6"><span class='ocrx_word' id='word_1_766' title='bbox 331 5804 417 5858; x_wconf 79' lang='lat' dir='ltr'><strong>sed</strong></span> <span class='ocrx_word' id='word_1_767' title='bbox 437 5794 518 5861; x_wconf 79' lang='lat' dir='ltr'><strong>vir</strong></span> <span class='ocrx_word' id='word_1_768' title='bbox 543 5804 905 5860; x_wconf 81' lang='lat' dir='ltr'><strong>doctissimus</strong></span> <span class='ocrx_word' id='word_1_769' title='bbox 935 5799 1076 5854; x_wconf 88' lang='lat' dir='ltr'><strong>nihil</strong></span> <span class='ocrx_word' id='word_1_770' title='bbox 1107 5795 1363 5851; x_wconf 89' lang='lat' dir='ltr'><strong>Basilium</strong></span> <span class='ocrx_word' id='word_1_771' title='bbox 1392 5794 1712 5864; x_wconf 72' lang='lat' dir='ltr'><strong>juvat.‘Non</strong></span> <span class='ocrx_word' id='word_1_772' title='bbox 1741 5794 1887 5848; x_wconf 88' lang='lat' dir='ltr'><strong>enim</strong></span> 
     </span>
    </p>
   </div>
   <div class='ocr_carea' id='block_1_110' title="bbox 2005 4745 3574 4815">
    <p class='ocr_par' dir='ltr' id='par_1_110' title="bbox 2005 4745 3574 4815">
     <span class='ocr_line' id='line_1_110' title="bbox 2005 4745 3574 4815; baseline 0 -16"><span class='ocrx_word' id='word_1_773' title='bbox 2005 4753 2326 4815; x_wconf 82' lang='lat' dir='ltr'><strong>commutat.</strong></span> <span class='ocrx_word' id='word_1_774' title='bbox 2358 4747 2504 4800; x_wconf 87' lang='lat' dir='ltr'><strong>Satis</strong></span> <span class='ocrx_word' id='word_1_775' title='bbox 2537 4746 2687 4815; x_wconf 77' lang='lat' dir='ltr'><strong>enim</strong></span> <span class='ocrx_word' id='word_1_776' title='bbox 2720 4745 3045 4815; x_wconf 86' lang='lat' dir='ltr'><strong>intelligitur</strong></span> <span class='ocrx_word' id='word_1_777' title='bbox 3067 4762 3134 4800; x_wconf 82' lang='lat' dir='ltr'><strong>ex</strong></span> <span class='ocrx_word' id='word_1_778' title='bbox 3171 4745 3256 4799; x_wconf 89' lang='lat' dir='ltr'><strong>his</strong></span> <span class='ocrx_word' id='word_1_779' title='bbox 3294 4761 3414 4815; x_wconf 69' lang='lat' dir='ltr'><strong>qua:</strong></span> <span class='ocrx_word' id='word_1_780' title='bbox 3443 4762 3574 4815; x_wconf 87' lang='lat' dir='ltr'><strong>pro-</strong></span> 
     </span>
    </p>
   </div>
   <div class='ocr_carea' id='block_1_111' title="bbox 2005 4813 3574 4887">
    <p class='ocr_par' dir='ltr' id='par_1_111' title="bbox 2005 4813 3574 4887">
     <span class='ocr_line' id='line_1_111' title="bbox 2005 4813 3574 4887; baseline 0.001 -18"><span class='ocrx_word' id='word_1_781' title='bbox 2005 4817 2105 4869; x_wconf 90' lang='lat' dir='ltr'><strong>tuli</strong></span> <span class='ocrx_word' id='word_1_782' title='bbox 2131 4814 2367 4871; x_wconf 90' lang='lat' dir='ltr'><strong>Danielis</strong></span> <span class='ocrx_word' id='word_1_783' title='bbox 2383 4814 2602 4887; x_wconf 64' lang='lat' dir='ltr'><strong>verbis,</strong></span> <span class='ocrx_word' id='word_1_784' title='bbox 2632 4813 2919 4887; x_wconf 56' lang='lat' dir='ltr'><strong>D_anielem&#39;</strong></span> <span class='ocrx_word' id='word_1_785' title='bbox 2931 4825 2992 4887; x_wconf 88' lang='lat' dir='ltr'><strong>_et</strong></span> <span class='ocrx_word' id='word_1_786' title='bbox 3017 4817 3154 4887; x_wconf 81' lang='lat' dir='ltr'><strong>alios</strong></span> <span class='ocrx_word' id='word_1_787' title='bbox 3178 4813 3375 4885; x_wconf 78' lang='lat' dir='ltr'><strong>pueros</strong></span> <span class='ocrx_word' id='word_1_788' title='bbox 3397 4813 3574 4887; x_wconf 79' lang='lat' dir='ltr'><strong>capti-</strong></span> 
     </span>
    </p>
   </div>
   <div class='ocr_carea' id='block_1_112' title="bbox 2003 4883 3570 4955">
    <p class='ocr_par' dir='ltr' id='par_1_112' title="bbox 2003 4883 3570 4955">
     <span class='ocr_line' id='line_1_112' title="bbox 2003 4883 3570 4955; baseline 0.003 -19"><span class='ocrx_word' id='word_1_789' title='bbox 2003 4901 2103 4941; x_wconf 84' lang='lat' dir='ltr'><strong>vos</strong></span> <span class='ocrx_word' id='word_1_790' title='bbox 2147 4900 2342 4954; x_wconf 86' lang='lat' dir='ltr'><strong>aquam</strong></span> <span class='ocrx_word' id='word_1_791' title='bbox 2383 4885 2610 4939; x_wconf 87' lang='lat' dir='ltr'><strong>bibisse.</strong></span> <span class='ocrx_word' id='word_1_792' title='bbox 2660 4884 2802 4953; x_wconf 85' lang='lat' dir='ltr'><strong>Ergo</strong></span> <span class='ocrx_word' id='word_1_793' title='bbox 2850 4883 3570 4955; x_wconf 31' lang='lat' dir='ltr'><strong>si_Basilius‘respexit&quot;ad</strong></span> 
     </span>
    </p>
   </div>
   <div class='ocr_carea' id='block_1_113' title="bbox 2006 4953 3578 5025">
    <p class='ocr_par' dir='ltr' id='par_1_113' title="bbox 2006 4953 3578 5025">
     <span class='ocr_line' id='line_1_113' title="bbox 2006 4953 3578 5025; baseline 0.001 -17"><span class='ocrx_word' id='word_1_794' title='bbox 2006 4953 2299 5025; x_wconf 85' lang='lat' dir='ltr'><strong>puerorum</strong></span> <span class='ocrx_word' id='word_1_795' title='bbox 2347 4957 2685 5024; x_wconf 84' lang='lat' dir='ltr'><strong>captivorum</strong></span> <span class='ocrx_word' id='word_1_796' title='bbox 2736 4953 3395 5025; x_wconf 17' lang='lat' dir='ltr'><strong>quotidianumivictuin,</strong></span> <span class='ocrx_word' id='word_1_797' title='bbox 3438 4970 3578 5025; x_wconf 85' lang='lat' dir='ltr'><strong>quo-</strong></span> 
     </span>
    </p>
   </div>
   <div class='ocr_carea' id='block_1_114' title="bbox 2004 5021 3573 5095">
    <p class='ocr_par' dir='ltr' id='par_1_114' title="bbox 2004 5021 3573 5095">
     <span class='ocr_line' id='line_1_114' title="bbox 2004 5021 3573 5095; baseline 0.001 -19"><span class='ocrx_word' id='word_1_798' title='bbox 2004 5021 2166 5095; x_wconf 70' lang='lat' dir='ltr'><strong>modo</strong></span> <span class='ocrx_word' id='word_1_799' title='bbox 2201 5027 2272 5077; x_wconf 89' lang='lat' dir='ltr'><strong>ita</strong></span> <span class='ocrx_word' id='word_1_800' title='bbox 2325 5021 2567 5078; x_wconf 82' lang='lat' dir='ltr'><strong>scribere</strong></span> <span class='ocrx_word' id='word_1_801' title='bbox 2617 5021 2812 5095; x_wconf 84' lang='lat' dir='ltr'><strong>potuit,</strong></span> <span class='ocrx_word' id='word_1_802' title='bbox 2873 5023 3070 5095; x_wconf 61' lang='grc' dir='ltr'>ῥανιὴλ</span> <span class='ocrx_word' id='word_1_803' title='bbox 3105 5021 3263 5095; x_wconf 10' lang='grc' dir='ltr'>θῦδωρ</span> <span class='ocrx_word' id='word_1_804' title='bbox 3302 5023 3376 5095; x_wconf 82' lang='grc' dir='ltr'>μὴ</span> <span class='ocrx_word' id='word_1_805' title='bbox 3410 5021 3573 5090; x_wconf 77' lang='grc' dir='ltr'>πιών,</span> 
     </span>
    </p>
   </div>
   <div class='ocr_carea' id='block_1_115' title="bbox 2007 5093 3573 5163">
    <p class='ocr_par' dir='ltr' id='par_1_115' title="bbox 2007 5093 3573 5163">
     <span class='ocr_line' id='line_1_115' title="bbox 2007 5093 3573 5163; baseline 0.003 -17"><span class='ocrx_word' id='word_1_806' title='bbox 2007 5094 2192 5147; x_wconf 79' lang='lat' dir='ltr'><strong>Daniel</strong></span> <span class='ocrx_word' id='word_1_807' title='bbox 2238 5111 2429 5163; x_wconf 84' lang='lat' dir='ltr'><strong>aquam</strong></span> <span class='ocrx_word' id='word_1_808' title='bbox 2480 5111 2580 5146; x_wconf 85' lang='lat' dir='ltr'><strong>non</strong></span> <span class='ocrx_word' id='word_1_809' title='bbox 2615 5093 2832 5148; x_wconf 77' lang='lat' dir='ltr'><strong>bibens?</strong></span> <span class='ocrx_word' id='word_1_810' title='bbox 2877 5093 3062 5146; x_wconf 78' lang='lat' dir='ltr'><strong>Dicam</strong></span> <span class='ocrx_word' id='word_1_811' title='bbox 3100 5093 3264 5162; x_wconf 76' lang='lat' dir='ltr'><strong>igitur</strong></span> <span class='ocrx_word' id='word_1_812' title='bbox 3289 5093 3573 5160; x_wconf 81' lang='lat' dir='ltr'><strong>libentius,</strong></span> 
     </span>
    </p>
   </div>
   <div class='ocr_carea' id='block_1_116' title="bbox 2001 5163 3572 5234">
    <p class='ocr_par' dir='ltr' id='par_1_116' title="bbox 2001 5163 3572 5234">
     <span class='ocr_line' id='line_1_116' title="bbox 2001 5163 3572 5234; baseline 0.001 -18"><span class='ocrx_word' id='word_1_813' title='bbox 2001 5174 2074 5226; x_wconf 88' lang='lat' dir='ltr'><strong>et,</strong></span> <span class='ocrx_word' id='word_1_814' title='bbox 2108 5174 2167 5218; x_wconf 88' lang='lat' dir='ltr'><strong>ut</strong></span> <span class='ocrx_word' id='word_1_815' title='bbox 2194 5173 2346 5234; x_wconf 87' lang='lat' dir='ltr'><strong>puto.</strong></span> <span class='ocrx_word' id='word_1_816' title='bbox 2375 5165 2580 5226; x_wconf 86' lang='lat' dir='ltr'><strong>verius,</strong></span> <span class='ocrx_word' id='word_1_817' title='bbox 2603 5163 3202 5234; x_wconf 79' lang='lat' dir='ltr'><strong>Basiliumrespexisse</strong></span> <span class='ocrx_word' id='word_1_818' title='bbox 3227 5166 3291 5216; x_wconf 87' lang='lat' dir='ltr'><strong>ad</strong></span> <span class='ocrx_word' id='word_1_819' title='bbox 3320 5166 3572 5234; x_wconf 85' lang='lat' dir='ltr'><strong>versicu-</strong></span> 
     </span>
    </p>
   </div>
   <div class='ocr_carea' id='block_1_117' title="bbox 2002 5232 3569 5302">
    <p class='ocr_par' dir='ltr' id='par_1_117' title="bbox 2002 5232 3569 5302">
     <span class='ocr_line' id='line_1_117' title="bbox 2002 5232 3569 5302; baseline 0.001 -16"><span class='ocrx_word' id='word_1_820' title='bbox 2002 5234 2111 5286; x_wconf 92' lang='lat' dir='ltr'><strong>lum</strong></span> <span class='ocrx_word' id='word_1_821' title='bbox 2145 5232 2443 5290; x_wconf 83' lang='lat' dir='ltr'><strong>secundum</strong></span> <span class='ocrx_word' id='word_1_822' title='bbox 2477 5234 2668 5301; x_wconf 84' lang='lat' dir='ltr'><strong>capitis</strong></span> <span class='ocrx_word' id='word_1_823' title='bbox 2697 5233 2894 5286; x_wconf 89' lang='lat' dir='ltr'><strong>decimi</strong></span> <span class='ocrx_word' id='word_1_824' title='bbox 2935 5232 3168 5288; x_wconf 89' lang='lat' dir='ltr'><strong>Danielis</strong></span> <span class='ocrx_word' id='word_1_825' title='bbox 3196 5252 3208 5288; x_wconf 95' lang='lat'>:</span> <span class='ocrx_word' id='word_1_826' title='bbox 3240 5233 3334 5288; x_wconf 91' lang='lat' dir='ltr'><strong>sed</strong></span> <span class='ocrx_word' id='word_1_827' title='bbox 3369 5234 3569 5302; x_wconf 91' lang='lat' dir='ltr'><strong>ipsum,</strong></span> 
     </span>
    </p>
   </div>
   <div class='ocr_carea' id='block_1_118' title="bbox 1999 5303 3569 5372">
    <p class='ocr_par' dir='ltr' id='par_1_118' title="bbox 1999 5303 3569 5372">
     <span class='ocr_line' id='line_1_118' title="bbox 1999 5303 3569 5372; baseline 0.002 -17"><span class='ocrx_word' id='word_1_828' title='bbox 1999 5303 2143 5372; x_wconf 88' lang='lat' dir='ltr'><strong>quod</strong></span> <span class='ocrx_word' id='word_1_829' title='bbox 2171 5304 2462 5372; x_wconf 86' lang='lat' dir='ltr'><strong>aliquando</strong></span> <span class='ocrx_word' id='word_1_830' title='bbox 2496 5303 2761 5371; x_wconf 87' lang='lat' dir='ltr'><strong>contingit</strong></span> <span class='ocrx_word' id='word_1_831' title='bbox 2795 5303 2876 5356; x_wconf 90' lang='lat' dir='ltr'><strong>vel</strong></span> <span class='ocrx_word' id='word_1_832' title='bbox 2909 5304 3139 5372; x_wconf 79' lang='lat' dir='ltr'><strong>summis</strong></span> <span class='ocrx_word' id='word_1_833' title='bbox 3175 5303 3331 5364; x_wconf 89' lang='lat' dir='ltr'><strong>viris,</strong></span> <span class='ocrx_word' id='word_1_834' title='bbox 3359 5318 3569 5358; x_wconf 91' lang='lat' dir='ltr'><strong>memo-</strong></span> 
     </span>
    </p>
   </div>
   <div class='ocr_carea' id='block_1_119' title="bbox 1999 5367 3570 5444">
    <p class='ocr_par' dir='ltr' id='par_1_119' title="bbox 1999 5367 3570 5444">
     <span class='ocr_line' id='line_1_119' title="bbox 1999 5367 3570 5444; baseline -0.001 -17"><span class='ocrx_word' id='word_1_835' title='bbox 1999 5367 2079 5427; x_wconf 59' lang='lat' dir='ltr'><strong>r&#39;ia</strong></span> <span class='ocrx_word' id='word_1_836' title='bbox 2116 5367 2324 5442; x_wconf 81' lang='lat' dir='ltr'><strong>lapsum</strong></span> <span class='ocrx_word' id='word_1_837' title='bbox 2374 5374 2563 5436; x_wconf 90' lang='lat' dir='ltr'><strong>fuisse,</strong></span> <span class='ocrx_word' id='word_1_838' title='bbox 2614 5367 2776 5441; x_wconf 76' lang='lat' dir='ltr'><strong>atque</strong></span> <span class='ocrx_word' id='word_1_839' title='bbox 2831 5385 2930 5440; x_wconf 92' lang='lat' dir='ltr'><strong>pro</strong></span> <span class='ocrx_word' id='word_1_840' title='bbox 2979 5367 3121 5426; x_wconf 78' lang='grc' dir='ltr'>οἶνον</span> <span class='ocrx_word' id='word_1_841' title='bbox 3174 5374 3394 5428; x_wconf 87' lang='lat' dir='ltr'><strong>incaute</strong></span> <span class='ocrx_word' id='word_1_842' title='bbox 3427 5372 3570 5444; x_wconf 76' lang='grc' dir='ltr'>ὕδωρ</span> 
     </span>
    </p>
   </div>
   <div class='ocr_carea' id='block_1_120' title="bbox 1996 5460 2304 5500">
    <p class='ocr_par' dir='ltr' id='par_1_120' title="bbox 1996 5460 2304 5500">
     <span class='ocr_line' id='line_1_120' title="bbox 1996 5460 2304 5500; baseline -0.013 -2"><span class='ocrx_word' id='word_1_843' title='bbox 1996 5460 2304 5500; x_wconf 69' lang='grc' dir='ltr'>εετιυειεςε.</span> 
     </span>
    </p>
   </div>
   <div class='ocr_carea' id='block_1_121' title="bbox 2066 5459 3250 5582">
    <p class='ocr_par' dir='ltr' id='par_1_121' title="bbox 2066 5459 3250 5582">
     <span class='ocr_line' id='line_1_121' title="bbox 2066 5459 3250 5582; baseline -0.003 -17"><span class='ocrx_word' id='word_1_844' title='bbox 2377 5509 2649 5582; x_wconf 81' lang='lat' dir='ltr'><strong>secundus</strong></span> <span class='ocrx_word' id='word_1_845' title='bbox 2675 5509 2833 5582; x_wconf 74' lang='grc' dir='ltr'><strong>ὲντῷ</strong></span> <span class='ocrx_word' id='word_1_846' title='bbox 2859 5509 3067 5582; x_wconf 84' lang='grc' dir='ltr'>λάκκῳ,</span> <span class='ocrx_word' id='word_1_847' title='bbox 3100 5511 3250 5567; x_wconf 89' lang='lat' dir='ltr'><strong>male.</strong></span> 
     </span>
    </p>
   </div>
   <div class='ocr_carea' id='block_1_122' title="bbox 2067 5579 3218 5651">
    <p class='ocr_par' dir='ltr' id='par_1_122' title="bbox 2067 5579 3218 5651">
     <span class='ocr_line' id='line_1_122' title="bbox 2067 5579 3218 5651; baseline -0.002 -15"><span class='ocrx_word' id='word_1_848' title='bbox 2067 5579 2179 5651; x_wconf 81' lang='lat'><strong>(55)</strong></span> <span class='ocrx_word' id='word_1_849' title='bbox 2206 5579 2387 5636; x_wconf 86' lang='lat' dir='ltr'><strong>Codex</strong></span> <span class='ocrx_word' id='word_1_850' title='bbox 2410 5579 2655 5635; x_wconf 86' lang='lat' dir='ltr'><strong>Combcf.</strong></span> <span class='ocrx_word' id='word_1_851' title='bbox 2693 5579 3001 5651; x_wconf 82' lang='grc' dir='ltr'>ἀδάμαστον</span> <span class='ocrx_word' id='word_1_852' title='bbox 3020 5579 3218 5636; x_wconf 77' lang='grc' dir='ltr'>αὐτόν.</span> 
     </span>
    </p>
   </div>
   <div class='ocr_carea' id='block_1_123' title="bbox 1999 5648 3571 5732">
    <p class='ocr_par' dir='ltr' id='par_1_123' title="bbox 1999 5648 3571 5732">
     <span class='ocr_line' id='line_1_123' title="bbox 1999 5648 3571 5732; baseline 0 -27"><span class='ocrx_word' id='word_1_853' title='bbox 1999 5661 2006 5664; x_wconf 81' lang='grc'><strong>’</strong></span> <span class='ocrx_word' id='word_1_854' title='bbox 2059 5648 2178 5732; x_wconf 62' lang='grc'><strong>’(54)</strong></span> <span class='ocrx_word' id='word_1_855' title='bbox 2211 5653 2434 5732; x_wconf 64' lang='lat' dir='ltr'><strong>Veteres</strong></span> <span class='ocrx_word' id='word_1_856' title='bbox 2465 5652 2704 5732; x_wconf 20' lang='lat' dir='ltr'><strong>quinique</strong></span> <span class='ocrx_word' id='word_1_857' title='bbox 2729 5648 2852 5732; x_wconf 72' lang='lat' dir='ltr'><strong>libri</strong></span> <span class='ocrx_word' id='word_1_858' title='bbox 2883 5660 3080 5732; x_wconf 62' lang='lat' dir='ltr'><strong>praeter</strong></span> <span class='ocrx_word' id='word_1_859' title='bbox 3107 5651 3250 5707; x_wconf 78' lang='lat' dir='ltr'><strong>()liv.</strong></span> <span class='ocrx_word' id='word_1_860' title='bbox 3275 5657 3329 5706; x_wconf 84' lang='lat' dir='ltr'><strong>et</strong></span> <span class='ocrx_word' id='word_1_861' title='bbox 3351 5648 3571 5721; x_wconf 63' lang='lat' dir='ltr'><strong>Anglic~</strong></span> 
     </span>
    </p>
   </div>
   <div class='ocr_carea' id='block_1_124' title="bbox 1995 5667 2931 5793">
    <p class='ocr_par' dir='ltr' id='par_1_124' title="bbox 1995 5667 2931 5793">
     <span class='ocr_line' id='line_1_124' title="bbox 2059 5667 2931 5774; baseline -0.002 -69"><span class='ocrx_word' id='word_1_862' title='bbox 2059 5667 2178 5722; x_wconf 64' lang='grc'><strong>’(04)</strong></span> <span class='ocrx_word' id='word_1_863' title='bbox 2219 5667 2434 5706; x_wconf 79' lang='lat' dir='ltr'><strong>veteres</strong></span> <span class='ocrx_word' id='word_1_864' title='bbox 2465 5667 2704 5774; x_wconf 49' lang='lat' dir='ltr'><strong>qlunque</strong></span> <span class='ocrx_word' id='word_1_865' title='bbox 2729 5667 2852 5704; x_wconf 78' lang='lat' dir='ltr'><strong>non</strong></span> <span class='ocrx_word' id='word_1_866' title='bbox 2883 5667 2931 5720; x_wconf 78' lang='lat' dir='ltr'><strong>pi</strong></span> 
     </span>
     <span class='ocr_line' id='line_1_125' title="bbox 1995 5720 2931 5793; baseline -0.003 -15"><span class='ocrx_word' id='word_1_867' title='bbox 1995 5724 2268 5793; x_wconf 85' lang='grc' dir='ltr'>νηστείαις</span> <span class='ocrx_word' id='word_1_868' title='bbox 2293 5721 2452 5776; x_wconf 78' lang='grc' dir='ltr'>ὁοῶν.</span> <span class='ocrx_word' id='word_1_869' title='bbox 2507 5720 2628 5776; x_wconf 57' lang='lat' dir='ltr'><strong>‘ditt</strong></span> <span class='ocrx_word' id='word_1_870' title='bbox 2659 5721 2931 5792; x_wconf 82' lang='grc' dir='ltr'>νηστείᾳ.⁸</span> 
     </span>
    </p>
   </div>
  </div>
