4052 6214
429 295 541 355 ’(75

434 518 497 557 ιο
522 510 709 574 postea
738 503 916 560 denuo
947 521 1176 561 numera
1219 526 1231 561 :
1269 507 1407 562 nihil
1440 509 1609 562 deerit
1637 509 1708 563 ob
1733 509 2003 579 jejunium

433 597 489 649 in
520 595 688 651 rebus
714 597 1051 653 domesticis.
1086 596 1305 653 Nullum
1356 600 1558 653 animal
1580 600 1827 670 deplorat
1860 617 2007 655 mor-

431 695 540 741 tem
561 727 576 751 ,
608 702 880 757 nusquam
914 689 1136 759 sanguis
1156 729 1172 753 .
1215 705 1486 760 nusquam
1523 691 1791 746 sententia
1822 692 1890 746 ab
1918 693 2005 746 in-

432 779 697 834 exorabili
725 780 1200 835 ventre'advcrsus
1226 781 1526 834 animantia
1555 781 1787 850 prolata.
1813 781 2006 836 Cessat

433 870 702 924 11136113ΐὸ
753 884 1097 940 coquorum,
1143 885 1331 925 mensa
1390 880 1647 926 contenta
1677 879 1762 926 est
1812 880 2007 941 sponte

430 960 806 1016 nascentibus.
869 958 1168 1016 Sabbatum
1198 958 1400 1016 Iudaeis
1454 968 1573 1015 erat
1618 961 1915 1026 traditum,
1948 971 2007 1016 ut

432 1050 770 1120 requiescat,
829 1050 1006 1121 inquit
1036 1050 1116 1120 “,
1161 1050 1472 1120 jumentum
1518 1060 1670 1106 tuum
1712 1058 1767 1105 et
1813 1066 2004 1107 servus

432 1152 583 1196 tuus.
618 1139 703 1196 Sit
729 1141 1000 1211 jejunium
1035 1141 1256 1197 famulis
1282 1143 1501 1212 requies
1541 1157 1573 1196 a
1614 1143 1891 1212 perpetuis
1926 1143 2006 1196 la-

432 1233 682 1300 boribus,
712 1236 805 1303 qui
835 1233 935 1287 tibi
968 1249 1062 1304 per
1084 1240 1258 1287 totum
1281 1248 1483 1286 annum
1512 1233 1839 1287 inserviunt.
1869 1231 2005 1285 Dato

429 1326 843 1395 respirationem
889 1333 944 1380 et
980 1339 1188 1379 moram
1228 1338 1405 1395 coquo
1459 1331 1594 1389 tuo,
1643 1324 1762 1380 sine
1808 1339 2006 1379 vacare

434 1424 761 1471 structorem
790 1408 1139 1482 mensarum;
1185 1416 1319 1471 siste
1375 1416 1712 1486 pocillatoris
1746 1430 2002 1482 manum;

434 1505 507 1559 sit
537 1502 831 1574 aliquando
880 1503 1170 1573 respiratio
1216 1505 1491 1558 variorum
1539 1502 1891 1558 bellariorum
1940 1518 2003 1556 ac

432 1594 789 1664 cupediarum
832 1595 1153 1650 architecto.
1203 1594 1569 1665 Conquiescat
1612 1594 1829 1648 tandem
1885 1593 2003 1663 ipsa

429 1686 726 1741 domusab
752 1684 980 1739 inﬁnitis
1009 1685 1332 1739 tumultibus
1356 1724 1372 1749 ,
1418 1699 1449 1738 a
1483 1686 1663 1749 fumo,
1718 1699 1750 1737 a
1789 1683 1999 1750 nidore,

430 1779 500 1834 ab
530 1779 617 1834 his
632 1780 725 1850 qui
757 1794 976 1835 sursum
1010 1779 1264 1834 deorsum
1294 1777 1582 1840 cursitant,
1607 1792 1671 1832 ac
1691 1777 1867 1831 ventri
1897 1776 2005 1829 vel-
2036 1763 2078 1817 Β

433 1881 493 1923 nt
542 1870 846 1939 imperiosae
896 1870 1131 1925 dominae
1181 1870 1515 1924 ministrant.
1559 1867 1794 1924 Prorsus
1838 1868 2000 1922 etiam

431 1963 761 2016 tributorum
805 1970 1089 2016 exactores
1132 1961 1238 2015 sibi
1285 1960 1538 2015 obnoxiis
1571 1959 1828 2031 pusillum
1866 1973 2002 2013 con-

437 2054 638 2108 cedunt
691 2053 980 2108 libertatis.
1036 2051 1134 2107 Det
1199 2052 1537 2122 aliquantum
1592 2050 1896 2106 vacationis
1949 2058 2003 2104 et

430 2152 622 2197 venter
652 2126 756 2207 ori,
802 2145 1111 2212 paciscatur
1154 2143 1440 2197 nobiscum
1497 2142 1741 2211 quinque
1788 2141 2001 2196 dierum

431 2233 702 2297 inducias,
729 2234 822 2303 qui
852 2246 1069 2303 semper
1095 2232 1296 2302 alioqui
1327 2231 1530 2303 ﬂagitat
1554 2271 1569 2295 ,
1623 2247 1723 2285 nec
1760 2247 1999 2301 unquam

428 2323 652 2389 desinit,
672 2325 802 2379 dum
841 2324 984 2393 quod
1019 2325 1228 2394 accepit
1276 2322 1454 2390 hodie,
1485 2337 1609 2402 cras
1639 2322 2000 2379 obliviscitur.

435 2415 571 2469 Cum
605 2415 769 2470 fuerit
785 2415 1052 2485 expletus,
1071 2422 1186 2478 tum
1208 2414 1275 2471 de
1298 2415 1626 2469 abstinentia
1653 2414 2003 2485 philosopha-

416 2515 555 2573 ‘tur;
594 2507 686 2563 ubi
708 2507 979 2563 detumuit
1003 2548 1018 2574 ,
1047 2506 1360 2580 dogmatum
1380 2506 1611 2562 illorum
1636 2506 1999 2563 obliviscitur.

482 2690 555 2746 '8.
592 2688 866 2758 Jejunium
910 2705 1018 2744 non
1060 2689 1212 2746 novit
1264 2690 1491 2747 faenoris
1546 2698 1795 2743 naturam
1816 2706 1844 2761 ;.
1889 2704 2000 2744 non

394 2780 539 2834 .olet
579 2795 781 2835 usuras
824 2780 1127 2851 jejunantis
1180 2795 1566 2853 mensa;.non
1609 2779 1869 2850 praefocat
1911 2796 2002 2834 or-

418 2872 669 2942 ‘pbanum
693 2871 1019 2941 jejunatoris
1055 2871 1221 2925 tilium
1249 2887 1325 2927 aes
1351 2872 1589 2926 alienum
1624 2885 1653 2923 a
1687 2879 1840 2940 patre
1871 2886 2001 2926 con-

424 2961 658 3025 ﬂatum,
725 2962 869 3032 quod
937 2963 1273 3031 serpentium
1340 2962 1447 3017 ritu
1518 2961 1996 3020 circumvolvatur.

1782 300 1839 357 s.
1883 301 2123 358 BASlLll
2162 276 2380 359 MAGNI
3582 315 3690 372 ne

433 426 491 467 In
516 411 767 484 jejunio?
807 411 1054 471 Rccense
1100 413 1264 473 hodie
1321 414 1519 472 domus
1577 419 1963 487 supellectilem
1988 460 2003 485 ,

2112 418 2350 492 σήμερον
2370 424 2437 476 τά
2465 424 2630 505 ἔνδον,
2670 426 2763 478 καὶ
2794 424 3097 499 ἀρίθμησον
3128 430 3267 500 μετά
3293 432 3495 486 ταῦτα·
3534 436 3687 505 οὐδὲ)

3652 497 3695 507 ρ-

2108 511 2195 565 διά
2222 512 2321 583 τὴν
2350 514 2601 583 νηστείαν
2627 514 2799 586 λείψει
2846 517 2954 571 τῶν
2982 518 3094 587 (55)
3121 522 3179 572 ἐν
3211 521 3288 591 τῷ
3331 525 3484 595 οἴκῳ.
3514 525 3688 579 Οὐδὲν

2107 598 2245 663 ζῶον
2297 601 2546 673 ὀδύρεται
2607 603 2864 672 θάνατον,
2935 607 3169 679 οὐδαμοῦ
3225 605 3399 681 αἷμα,
3446 614 3687 684 οὐδαμοῦ

2106 691 2376 760 ἀπόφασις
2428 695 2579 765 παρὰ
2624 696 2722 766 τῆς
2754 698 3128 771 ἀπαραιτήτου
3175 702 3409 774 γαστρὸς
3454 706 3689 778 ἐκφερο-

2109 781 2245 853 μένη
2298 784 2438 837 κατά
2482 785 2591 838 τῶν
2637 785 2810 850 ζώων.
2868 789 3149 843 Πέπαυται
3192 794 3533 867 μαγείρωνὴ
3584 798 3687 867 μά-

2105 889 2303 942 χαιρα’
2347 872 2380 943 ἦ
2427 874 2673 947 τράπεζα
2729 877 2978 948 ἀρκεῖται
3033 883 3146 944 τοῖς
3194 883 3537 952 αὐτομάτοις.
3604 886 3686 940 Τὸ

2106 955 2386 1017 Σάϐϐατον
2436 966 2591 1036 ἐδόθη
2638 970 2751 1032 τοῖς
2805 970 3095 1037 Ἰουδαίοις,
3150 972 3235 1026 ἵνα
3274 975 3682 1048 ἀναπαύσηται,

2105 1055 2262 1124 φησὶ,
2308 1055 2368 1109 τὸ
2408 1057 2698 1126 ὑποζύγιὸν
2745 1077 2837 1113 σου
2866 1063 2958 1114 καὶ
2997 1064 3026 1115 6
3072 1066 3199 1129 παῖς
3226 1080 3342 1120 σου.
3376 1066 3613 1124 Γινέσθω
3642 1072 3681 1143 ἡ

2105 1146 2329 1215 νηστεία
2358 1149 2666 1213 ἀνάπαυσις
2691 1152 2756 1204 ὲκ
2788 1153 2897 1205 τῶν
2930 1154 3167 1223 συνεχῶν
3199 1157 3378 1211 πόνων
3433 1162 3546 1222 τοῖς
3587 1160 3683 1215 διὰ

2104 1241 2197 1292 τοῦ
2244 1241 2491 1293 ἐνιαυτοῦ
2541 1240 2739 1306 παντὸς
2789 1243 3148 1316 ὑπηρετοῦσιν
3197 1248 3451 1313 οξκέταις.
3518 1253 3683 1306 Ἀνά-

2107 1332 2313 1383 παυσόν
2362 1348 2454 1384 σου
2487 1332 2580 1386 τὸν
2629 1334 2910 1407 μάγειρον,
2958 1337 3045 1400 δὸς
3090 1338 3271 1392 ἄδειαν
3301 1340 3379 1410 τῷ
3409 1344 3681 1412 τραπεζο-

2106 1421 2243 1493 ποιῷ
2269 1422 2379 1492 (56)
2402 1441 2415 1453 °
2453 1426 2648 1495 στῆσον
2672 1427 2770 1499 τὴν
2797 1431 2954 1500 χεῖρα
2983 1429 3059 1501 τῷ
3085 1432 3303 1502 οἰνοχόῳ
3326 1448 3340 1460 ⁸
3377 1437 3680 1491 παυσάσθω

2106 1514 2236 1566 ποτὲ
2283 1515 2374 1568 καὶ
2422 1518 2450 1569 6
2502 1519 2598 1581 τάς
2650 1519 2923 1584 ποικιλίας
2976 1523 3083 1574 τῶν
3137 1527 3440 1595 πεμμάτων
3491 1528 3683 1601 ἐπιτη-

2104 1602 2292 1659 δεύων.
2334 1607 2692 1679 Ἡσυχασάτω
2739 1612 2868 1664 ποτὲ
2913 1612 3007 1664 καὶ
3041 1615 3069 1666 6
3098 1609 3245 1677 οἶκος
3277 1616 3385 1669 ἀπὸ
3427 1617 3535 1671 τῶν
3582 1637 3681 1689 μυ·-

2109 1694 2238 1765 ρίων
2273 1695 2534 1766 θορύϐων,
2563 1701 2657 1753 καὶ
2683 1700 2775 1753 τοῦ
2806 1702 3034 1767 καπνοῦ,
3061 1705 3270 1776 καὶτῆς
3310 1708 3554 1778 κνίσσης,
3579 1710 3679 1762 καὶ

2103 1788 2208 1840 τῶν
2236 1788 2347 1841 ἀνω
2382 1789 2476 1841 καὶ
2504 1789 2653 1842 κάτω
2681 1789 3091 1860 διατρεχόντων,
3123 1795 3216 1847 καὶ
3255 1797 3416 1849 οἱονεὶ
3437 1799 3680 1869 ἀπαραι-

2101 1879 2248 1948 τήτῳ
2295 1880 2548 1950 δεσποίνῃ
2592 1883 2657 1951 τῇ
2699 1884 2894 1954 γαστρὶ
2930 1882 3403 1956 λειτουργούντων.
3448 1890 3679 1954 Πάντως

2102 1968 2233 2021 ποτὲ
2282 1968 2375 2023 καὶ
2412 1971 2459 2021 οἱ
2508 1971 2790 2041 φορολόγοι
2838 1976 2948 2038 τοῖς
2989 1972 3321 2048 ὑποχειρίοις
3366 1980 3681 2054 ἐλευθεριά-

2103 2076 2193 2112 σαι
2240 2060 2433 2130 μικρὸν
2475 2062 2849 2133 ἐπιτρέπουσι.
2887 2065 3032 2118 Δότω
3063 2067 3183 2121 τινά
3220 2070 3529 2142 ἐκεχειρίαν
3578 2072 3679 2127 καὶ

2102 2151 2134 2221 ή
2180 2151 2390 2223 γαστὴρ
2442 2151 2519 2223 τῷ
2575 2152 2800 2224 στόματι
2830 2156 2962 2225 (57),
2993 2159 3307 2214 σπεισάσθω
3347 2165 3482 2233 ήμίν
3514 2165 3682 2217 πενθ-

2101 2240 2342 2321 ημέρους
2408 2239 2674 2306 σπονδάς,
2750 2245 2783 2311 ἡ
2838 2245 2926 2296 ἀεὶ
2984 2247 3291 2301 ἀπαιτοῦσα
3370 2252 3464 2305 καὶ
3532 2252 3679 2306 οὐδέ-

2102 2348 2231 2383 ποτε
2281 2331 2543 2401 λήγουσα,
2589 2334 2623 2403 ή
2666 2331 3017 2403 λαμϐάνουσα
3068 2338 3305 2409 σήμερον
3349 2342 3442 2393 καὶ
3487 2340 3677 2411 αὔριον

2100 2422 2584 2494 ὲπιλανθανομένη.
2621 2423 2791 2477 Ὅταν
2836 2426 3145 2499 ἐμπλησθῇ,
3180 2429 3308 2500 περὶ
3346 2420 3679 2503 ἐγκρατείας

2101 2513 2414 2584 φιλοσοφεῖ·
2459 2516 2588 2568 ὅταν
2616 2514 2967 2590 διαπνευσθῇ,
2997 2518 3412 2574 ἐπιλανθάνεται
3449 2523 3557 2577 τῶν
3598 2524 3683 2578 δό-

2101 2622 2137 2674 γ
2144 2605 2348 2675 μάτων.

2171 2695 2224 2749 8.
2245 2696 2487 2766 Νηστεία
2518 2698 2728 2752 δανείου
2753 2700 2914 2769 φύσιν
2935 2700 3205 2758 οὐκοῖδενν
3236 2708 3335 2760 οὐκ
3359 2705 3473 2773 ὄζει
3500 2691 3677 2764 τόκων

2098 2786 2345 2858 τράπεζα
2388 2787 2482 2841 τοῦ
2533 2791 2917 2861 νηστεύοντος·
2970 2796 3070 2849 οὐκ
3121 2798 3386 2869 ἄγχουσιν,
3439 2803 3678 2874 ὀρφανὸν

2100 2875 2389 2946 νηστευτοῦ
2421 2878 2585 2930 παῖδα
2614 2879 2760 2933 τόκοι
2789 2882 3051 2954 πατρῷοι,
3095 2885 3284 2959 ὥσπερ
3329 2890 3483 2960 ὄφεις
3498 2909 3675 2964 στερι-

2101 2966 2441 3037 πλεκόμενοι.
2488 2969 2599 3021 Καὶ
2643 2970 2816 3034 ἄλλως
2844 2973 2900 3026 δὲ
2947 2976 3167 3049 ἀφορμὴ
3215 2981 3296 3042 εἰς
3323 2966 3677 3053 ίεύφροσιῖνῇ

3498 2957 3795 2982 “\'~___

418 3052 751 3123 Quanquam
770 3061 826 3107 et
850 3053 987 3108 alias
1012 3054 1280 3123 jejunium
1314 3052 1533 3109 occasio
1567 3062 1651 3108 est
1681 3053 1995 3111 hilaritatis.

2103 3059 2220 3153 ἐστὶ
2247 3058 2308 3111 τὸ
2334 3059 2636 3153 νηστεύειν.
2699 3061 2786 3125 Ὡς
2830 3063 2937 3136 γὰρ
2988 3068 3021 3134 ἡ
3067 3067 3198 3137 δίψα
3248 3071 3341 3141 ἡδὺ
3391 3072 3454 3125 τδ
3511 3052 3675 3127 ποτδν

425 3144 560 3199 Nam
587 3143 1047 3215 quemadmodum
1076 3146 1195 3201 sitis
1217 3144 1398 3210 elIicit,
1426 3152 1485 3200 ut
1514 3145 1564 3215 7
1616 3144 1898 3215 jucundus
1930 3148 2002 3201 sit

427 3242 610 3303 potus,
636 3242 692 3289 et
717 3234 861 3289 sicut
885 3249 1007 3304 quae
1050 3236 1260 3305 praeivit
1304 3234 1511 3302 fames,
1565 3236 1755 3306 epulas
1805 3251 2001 3291 suaves

422 3325 637 3379 reddit:
662 3325 737 3379 ita
766 3339 984 3396 quoque
1002 3340 1122 3395 quae
1146 3334 1438 3381 sumuntur
1464 3325 1670 3391 edulia,
1709 3327 1897 3381 condit
1923 3327 2001 3395 je-

420 3416 671 3486 junium,
700 3422 862 3488 atque
891 3414 1128 3471 edulcat.
1178 3415 1315 3470 Dum
1360 3418 1507 3473 enim
1535 3419 1774 3474 medium
1809 3434 1869 3475 se
1912 3419 1999 3473 in-

424 3511 685 3580 terponit,
715 3524 780 3564 ac
807 3507 1128 3563 deliciarum
1160 3509 1480 3564 continuum
1507 3525 1667 3565 usum
1705 3511 2002 3566 interrum-

420 3600 523 3669 pit,
557 3600 945 3671 sumptionem,
976 3608 1162 3670 utpote
1194 3600 1567 3656 intermissam
1597 3643 1613 3669 ,
1663 3602 1764 3657 tibi
1792 3603 1999 3672 jucun-

422 3688 545 3744 dam
568 3692 866 3747 exhibebit.
900 3691 1134 3748 Proinde
1163 3690 1209 3746 si
1233 3692 1313 3746 vis
1336 3692 1705 3747 tibi'mensam
1734 3708 2001 3764 apparare

426 3793 669 3844 suavem,
702 3779 928 3834 admitte
967 3794 1034 3835 ex
1072 3779 1284 3850 jejunio
1312 3780 1765 3839 vicissitudinem.
1797 3783 1879 3838 Tu
1908 3801 2001 3839 ve-

424 3882 508 3932 ro,
538 3867 685 3937 quod
714 3868 926 3924 deliciis
952 3870 1179 3923 nimium
1201 3868 1451 3927 addictus
1474 3886 1556 3933 es,
1578 3872 1844 3943 insipidas
1873 3876 2000 3931 red-

2102 3148 2430 3219 εὑτρεπίζει,
2462 3151 2555 3202 καὶ
2579 3150 2734 3222 λιμὸς
2762 3154 3104 3226 ἡγησάμενος
3135 3159 3243 3229 (58)
3275 3161 3457 3231 ἡδεῖαν
3491 3179 3675 3236 παρα-

2104 3238 2355 3304 σκευάζει
2404 3241 2504 3310 τὴν
2548 3243 2858 3313 τράπεζαν·
2905 3246 3047 3300 οὕτω
3093 3250 3189 3302 καὶ
3239 3251 3338 3323 τὴν
3389 3253 3497 3307 τῶν
3531 3254 3674 3328 βρω-

2104 3328 2289 3422 μάτων
2342 3331 2640 3386 ἀπόλαυσιν
2692 3337 2913 3405 νηστεία
2959 3339 3258 3411 φαιδρύνει.
3321 3345 3511 3417 Μέσην
3561 3349 3676 3422 γάρ

2099 3420 2296 3491 ἑαυτὴν
2327 3422 2675 3492 παρενθεῖσα,
2714 3425 2808 3479 καὶ
2833 3426 2891 3479 τὸ
2924 3430 3146 3500 συνεχὲς
3169 3432 3271 3502 τῆς
3305 3438 3517 3507 τρυφῆς
3544 3420 3666 3494 sui.

2101 3511 2336 3580 κόψασα,
2374 3513 2628 3586 ποθεινὴν
2663 3533 2743 3569 σοι
2790 3517 2889 3590 τὴν
2924 3521 3224 3593 μετάληψιν
3253 3529 3485 3597 φανῆναι
3516 3532 3673 3603 ποιή-

2071 3619 2183 3656 σει
2220 3602 2408 3675 ὥσπερ
2449 3606 2745 3677 ἀπόδημον.
2791 3609 2973 3675 Ὥστε,
3005 3615 3054 3666 εί
3083 3612 3261 3683 βούλει
3292 3618 3501 3690 σεαυτῷ
3547 3602 3671 3674 ἐπι-

2100 3694 2349 3768 θυμητὴν
2393 3699 2797 3753 κατασκευάσαι
2824 3702 2923 3771 τήν
2950 3704 3252 3775 τράπεζαν,
3281 3707 3429 3785 δέξαι
3467 3711 3566 3783 τὴν
3601 3712 3671 3768 ἐκ

2098 3787 2199 3856 τῆς
2227 3789 2480 3856 νηστείας
2508 3790 2617 3859 (59)
2662 3791 2985 3863 μεταϐολήν.
3032 3796 3125 3861 Σὺ,
3148 3796 3226 3863 δὲ,
3261 3799 3364 3852 ὑπὸ
3392 3800 3485 3853 τοῦ
3532 3803 3670 3873 σφό-

2097 3879 2198 3950 δρα
2222 3881 2319 3950 τῆς
2342 3883 2552 3951 τρυφῆς
2597 3884 2962 3955 περιέχεσθαι,
2989 3886 3215 3957 λέληθας
3246 3892 3452 3965 σεαυτῷ
3484 3897 3667 3966 ἀμαυ-

423 3960 509 4016 dis
536 3960 659 4015 utibi
715 3960 939 4016 delicias
996 3961 1358 4031 imprudens,
1407 3977 1472 4017 ac
1530 3978 1643 4033 prae
1703 3966 1998 4037 voluptatis

2105 3969 2212 4038 ρῶν
2250 3970 2347 4041 τὴν
2401 3975 2632 4043 τρυφὴν,
2673 3975 2770 4027 καὶ
2820 3974 2925 4028 ὑπὸ
2979 3978 3287 4048 φιληδονίας
3327 3960 3435 4055 ’τὴν⁷
3474 3960 3668 4059 ἡδονὴν

423 4065 611 4105 amore
631 4051 962 4120 voluptatem
1005 4050 1181 4122 fugas.
1214 4050 1359 4105 Nihil
1383 4054 1531 4108 enim
1587 4063 1699 4109 tam
1755 4059 1997 4127 cupitum

2101 4060 2393 4129 ἀφανίζων.
2441 4063 2603 4117 Οὐδὲν
2637 4064 2746 4136 γὰρ
2773 4065 2943 4130 οὓτως
2983 4070 3338 4151 ἐπιθυμητὸν,
3373 4050 3448 4139 ὧς

422 4148 529 4206 est,
554 4141 701 4211 quod
748 4157 859 4196 non
915 4141 1117 4198 habeas
1164 4145 1218 4199 in
1277 4145 1599 4211 fastidium,
1654 4148 1703 4203 si
1735 4159 1998 4219 perpetuo

2101 4152 2351 4223 συνεχείᾳ
2375 4152 2475 4223 τῆς
2502 4154 2851 4219 ἀπολαύσεως
2892 4137 3360 4232 εὐκαταφρόνητον
3398 4137 3664 4233 γίνεσθαί

423 4231 629 4286 fruare.
675 4231 744 4284 At
767 4247 889 4301 quae
918 4247 1045 4287 raro
1077 4234 1365 4301 habentur,
1393 4236 1479 4291 his
1527 4236 1685 4292 avide
1741 4238 1994 4296 fruimur.

2101 4235 2282 4317 ξῼρζδὲ
2326 4243 2525 4296 σπανία
2561 4247 2592 4315 ή
2626 4247 2837 4316 κτῆσις,
2887 4248 3091 4302 τούτων
3138 4253 3599 4321 περισπούδαστος
3630 4260 3663 4327 ή

423 4318 515 4376 Sic
550 4328 605 4378 et
641 4322 736 4393 qui
784 4322 1031 4377 condidit
1068 4339 1171 4379 nos
1210 4324 1349 4380 Deus
1377 4366 1392 4390 ,
1452 4327 1692 4396 providit
1743 4338 1801 4382 ut
1855 4330 1994 4385 dona

2101 4331 2409 4395 ἀπόλαυσις.
2444 4332 2599 4387 υῦτω
2648 4337 2740 4388 καὶ
2788 4339 2817 4389 6
2862 4339 3051 4402 κτίσας
3095 4318 3261 4410 ἡμᾶς,
3307 4343 3394 4398 διὰ
3424 4346 3536 4416 (40)

420 4413 594 4483 ipsius
613 4412 844 4484 gratiam
875 4413 1019 4483 apud
1062 4430 1163 4472 nos
1195 4416 1478 4471 obtineant
1508 4418 1625 4488 ipsa
1649 4419 1867 4474 vivendi
1898 4437 1994 4475 va-

2101 4422 2235 4475 κατά
2255 4424 2345 4477 τὸν
2380 4424 2493 4493 βίον
2528 4425 2824 4497 ἐναλλαγῆς
2859 4433 3193 4501 παραμένειν
3224 4438 3356 4504 ἡμῖν
3379 4412 3476 4507 τήν
3508 4412 3669 4511 χάριν

419 4506 611 4560 rietate
640 4519 705 4559 ac
730 4503 1130 4559 vicissitudine.
1182 4505 1263 4559 Au
1304 4522 1414 4561 non
1461 4508 1613 4563 vides
1658 4510 1827 4564 solem
1869 4525 1992 4566 esse

2101 4510 2202 4563 τῶν
2264 4511 2558 4582 δεδομένων
2595 4517 2997 4588 ἐμηχανήσατο.
3053 4523 3164 4593 Ούχ
3212 4503 3379 4596 ὁρᾷς,
3430 4503 3541 4580 δτι.-
3570 4503 3667 4583 καὶ

419 4595 678 4651 laetiorem
712 4603 834 4666 post
869 4595 1126 4650 noctem?
1167 4613 1231 4650 ac
1265 4598 1503 4667 vigiliam
1536 4614 1659 4654 esse
1694 4599 1991 4670 jucundio-

2101 4604 2243 4674 ἣλιος
2283 4604 2632 4678 φαιδρότερος
2680 4608 2819 4677 μετὰ
2853 4611 2961 4685 (41)
2995 4613 3092 4685 τὴν
3124 4595 3329 4683 νύκτας
3380 4619 3474 4672 καὶ
3500 4620 3664 4694 ἐγρή-

494 4750 542 4784 π
578 4750 750 4809 Exod.
785 4709 890 4819 xx,
922 4752 1008 4807 to.

514 4904 604 4976 55)
635 4904 789 4962 Colb.
822 4905 1033 4976 primus
1055 4903 1233 4976 ἐλειψε
1252 4902 1387 4976 τῶν.

515 4973 603 5044 56)
636 4976 727 5028 Ait
756 4973 1007 5038 Duczeus,
1040 4975 1210 5029 videri
1249 4973 1537 5044 Erasmum
1564 4973 1853 5044 scriptum
1901 4973 1989 5029 of-

417 5042 679 5106 fendiSse,
717 5044 806 5108 δὸς
837 5046 1035 5115 ἀργίαν
1087 5045 1166 5115 τῷ
1202 5043 1615 5114 τραπεζοποιῷ,
1660 5042 1784 5098 cum
1819 5045 1989 5115 interf

417 5122 663 5183 prolatus
698 5115 767 5167 sit
799 5132 812 5168 :
844 5114 929 5167 Da
972 5114 1147 5169 otium’
1170 5130 1471 5168 mensarum
1498 5115 1838 5183 apparatari,
1889 5114 1985 5169 scd

416 5183 465 5236 si
496 5184 566 5253 ita
592 5182 980 5253 interpretatus
1013 5194 1097 5239 est
1131 5183 1415 5246 Erasmus,
1446 5199 1552 5237 non
1588 5186 1850 5238 continuo
1882 5200 1985 5253 pu-

414 5251 615 5324 tandus
643 5251 946 5324 estﬁpylav
972 5252 1197 5323 legisse;
1226 5269 1350 5308 cum
1372 5255 1456 5307 vel
1480 5269 1545 5307 ex
1577 5254 1765 5307 lexicis
1794 5251 1982 5308 notum
2047 5290 2049 5292 -

415 5323 488 5377 sit
522 5336 655 5377 voce
699 5321 871 5392 ἄδεια,
923 5321 1249 5377 vacationem
1292 5332 1342 5376 et
1389 5324 1553 5377 otium
1596 5338 1985 5392 nonnumquam

416 5391 712 5463 signiﬁcari
752 5409 766 5445 :
797 5392 944 5463 quod
972 5400 1025 5447 et
1056 5393 1360 5463 Hesychius
1388 5392 1715 5463 jampridem
1749 5391 1983 5463 adnota-
2025 5443 2035 5451 .

416 5458 513 5516 vit.
542 5458 750 5532 Necjta
773 5458 945 5515 multo
966 5468 1088 5532 post
1106 5458 1258 5517 Golb.
1292 5458 1593 5532 primus'eat
1616 5462 1834 5515 ποικίλα
1854 5462 1980 5516 τῶν.

488 5531 600 5604 (37)
632 5530 815 5604 Code}
841 5530 1085 5586 Combef.
1118 5530 1328 5604 γαστὴρ
1365 5532 1441 5601 τῷ
1479 5532 1723 5604 στόματι.
1763 5532 1981 5585 Memini

413 5600 701 5728 autesitum
732 5600 861 5655 olim
885 5615 948 5654 ex
979 5613 1064 5656 me
1091 5617 1233 5664 esse,
1270 5600 1390 5672 quae
1416 5600 1600 5657 essent
1623 5603 1854 5655 inducize
1880 5603 1982 5656 illae

456 5672 630 5727 ierum
668 5671 932 5728 (minque.
956 5680 1009 5727 et
1032 5673 1125 5728 aui
1152 5672 1345 5728 horum
1370 5674 1661 5728 verborum
1689 5684 1833 5728 esset
1858 5688 1973 5727 seu-

456 5672 630 5727 ierum
668 5671 932 5742 quinque,
956 5680 1009 5727 et
1032 5673 1125 5742 qui
1152 5672 1345 5728 horum
1370 5674 1661 5729 verborum
1689 5684 1833 5728 esset
1858 5688 1973 5727 sen-

2093 4923 2186 5002 sus
2212 4911 2358 5002 τηερέ
2379 4910 2793 5002 interrogationi
2839 4923 3157 5002 satisfacere
3193 4938 3504 5002 promptum
3546 4934 3665 4992 fue-
3716 4968 3725 4979 ι

2225 4979 2375 5070 CR":
2383 4985 2534 5070 fnirr‘n
2554 4979 2672 5070 'n_'on_
2692 4989 2766 5060 jej
2774 5006 2805 5043 υ
2816 5006 2946 5070 ηρηι
2969 4979 3150 5049 ϐταιοῖ
3164 4979 3345 5070 neque
3353 4979 3564 5059 ’δῖ-ἐψῡὸ

2090 5054 3053 5143 giic-ar'n‘eqttemsuabbato,’reiiquum
3102 5076 3187 5143 est
3232 5054 3298 5143 ιῖι
3324 5054 3665 5143 idib—aui}:

2088 5113 2530 5216 Ruﬁna-gssint;
2545 5113 3191 5212 .hebdontadeisupersint

2089 5187 2458 5273 dieszqtrilibus
2483 5195 2751 5273 jejunium
2787 5187 2998 5273 servari
3021 5187 3289 5273 oporteat.

2299 5259 2454 5346 (ἔφη).
2485 5259 2701 5346 primus
2719 5266 2887 5345 inab;
2899 5259 3391 5346 προηγησάμενκ.

2162 5326 2404 5421 (ἐφὲἰρ
2426 5326 2563 5421 Illis;
2596 5326 2883 5421 plerique;
2897 5326 3597 5421 ξὰῃίίτῆνῖἧςνῆστείας.

2087 5391 2263 5482 Paulo:
2284 5409 2409 5482 p'ost
2436 5391 2833 5482 Colb.'prin{us
2858 5391 3091 5482 λέλῆὄᾶέ
3105 5391 3197 5469 vltra.

2083 5497 2113 5527 μμ
2156 5467 2268 5608 μή
2304 5467 2438 5550 Reg.
2474 5467 2681 5540 primus
2710 5476 2856 5559 ἡμᾶς
2884 5467 3015 5546 Θεδς
3040 5467 3147 5540 δὶά.

2178 5539 2239 5591 41
2304 5537 2395 5596 Sic
2435 5556 2571 5601 mss.
2606 5548 2875 5605 nonnulli.
2929 5549 3089 5608 Deest
3126 5570 3147 5608 ε

2155 5537 2266 5661 (ξεί)
2304 5537 2411 5596 8ἰεί
2435 5537 2571 5601 niss.
2606 5537 2875 5605 nonn'ulli.
2929 5537 3393 5618 Deest'articulus
3439 5562 3497 5619 in
3538 5562 3660 5622 vul-

2042 5632 2049 5639 ~
2085 5621 2245 5677 gaus.
