4052 6214
354 345 454 400 m

1598 343 1685 398 nn
1723 322 1998 400 musto
2056 342 2345 398 ilOMlLIA
2385 342 2425 397 ι.

3514 345 3615 400 £78

353 477 539 533 γορσις
564 460 731 532 ἡδίων
783 463 927 532 μετά
974 462 1068 516 τὸν
1117 462 1317 527 ὖπνον;
1369 464 1463 517 καὶ
1509 464 1666 532 ὑγεία
1690 465 1955 533 ’ποθεινο;

2059 477 2153 515 ἐιη
2186 470 2311 531 post
2339 463 2632 518 somnum?
2654 467 2708 515 et
2735 460 3024 516 sanitatem
3052 475 3176 518 esse
3204 460 3616 520 desiderabilia-

359 554 487 624 τέρα
515 552 652 624 μετά
698 553 804 624 τὴν
843 557 1044 625 πεῖραν
1075 554 1184 608 τῶν
1214 555 1501 620 ἐναντίων;
1548 556 1659 610 Καὶ
1687 556 1935 629 τράπεζα

2059 568 2154 607 -em
2202 553 2483 608 contraria
2516 550 2794 622 expertis?
2827 549 3018 606 Itidem
3060 559 3113 606 et
3161 565 3350 606 mensa
3384 559 3469 607 est
3498 567 3619 625 gra-

361 647 529 700 τοίνυν
559 645 893 715 χαριεστέρα
945 646 1084 715 μετά
1128 646 1226 715 τὴν
1269 647 1554 717 νηστείαν
1601 648 1802 716 ὁμοίως
1837 647 1935 718 μὲν

2059 641 2149 695 ,ior
2173 648 2296 711 post
2328 640 2619 711 jejunium,
2650 639 2815 709 idque
2845 647 2905 693 ut
2952 638 3214 696 divitibus
3235 646 3290 695 et
3319 640 3387 695 iis
3418 642 3616 713 quibus

367 738 625 800 πλουσίοις
658 739 756 790 καὶ
787 737 1168 809 εύτραπέζοις,
1196 738 1395 808 ὁμοίως
1422 738 1479 792 δὲ
1509 741 1618 803 τοῖς
1644 738 1808 802 λιτοῖς
1844 739 1938 791 καὶ

365 828 718 898 αὐτοσχεδίοις
746 829 851 899 τὴν
883 829 1117 882 δίαιταν.

429 923 479 975 9.
511 920 785 991 Φοὸήθητι
818 922 881 973 τὸ
915 922 1219 993 ὑπόδειγμα
1260 921 1354 976 τοῦ
1386 922 1659 977 πλουσίου.
1702 924 1938 975 Ἐκεῖνον

364 1012 643 1082 παρέδωκε
658 1012 895 1083 τῷπυρὶ
926 1014 959 1083 ἡ
988 1013 1077 1067 διά
1108 1014 1222 1084 βίου
1244 1015 1444 1085 τρυφή.
1465 1015 1540 1068 Οὐ
1568 1014 1677 1085 γὰρ
1704 1000 1949 1077 ἀδικίανξ

363 1103 493 1157 ἀλλά
522 1105 586 1156 τὸ
609 1104 956 1174 ἀδροδίαιτον
994 1105 1282 1173 ἐγκληθεὶς
1300 1148 1314 1171 ,
1354 1106 1783 1178 ἀπετηγανίζετο
1798 1110 1855 1160 ἐν
1872 1110 1938 1178 τῇ

364 1196 518 1265 φλογὶ
533 1198 638 1267 τῆς
664 1197 924 1266 καμίνου.
953 1198 1071 1251 Ἵνα
1107 1198 1287 1251 τοίνυν
1334 1199 1615 1270 σϐέσωμεν
1663 1200 1838 1252 ἐκεῖνο
1878 1199 1941 1252 τὸ

363 1287 489 1359 πῦρ,
516 1288 707 1353 ὓδατος
726 1289 905 1359 χρεία.
925 1291 1037 1343 Καὶ
1054 1290 1113 1342 ού
1129 1290 1264 1360 πρὸς
1281 1291 1347 1344 τά
1361 1290 1471 1361 (ίὲ)
1498 1284 1757 1361 μέλλοντα
1783 1291 1941 1361 μόνον

362 1378 634 1449 ὠφέλιμος
673 1382 708 1451 η
758 1381 1002 1452 νηστεία,
1038 1380 1173 1435 ἀλλά
1208 1382 1303 1434 καὶ
1348 1384 1483 1452 αὐτῇ
1512 1385 1578 1453 τῇ
1606 1384 1769 1454 σαρκὶ
1793 1381 1946 1452 ).υσι;

362 1468 675 1539 πλεστέρα.
735 1472 802 1523 Δί
843 1471 953 1543 γάρ
1000 1474 1080 1535 είς
1130 1471 1297 1543 ἀκρον
1343 1470 1547 1536 εὐεξίαι
1599 1473 1942 1543 ὑποστροφὰς

363 1558 546 1627 ἔχουσι
579 1559 676 1612 καὶ
730 1560 1137 1630 μεταπτώσεις,
1176 1559 1507 1632 ὀκλαζούσης
1551 1560 1651 1631 τῆς
1707 1559 1940 1628 φύσεως.

364 1653 455 1706 καὶ
488 1652 787 1723 ἀναςέρειν
830 1652 893 1705 τὸ
940 1653 1107 1724 βάρος
1152 1654 1249 1724 τῆς
1290 1652 1502 1717 εὐεξίας
1554 1652 1941 1723 ἀδυνατούσης.

366 1742 507 1812 Ὅρα
542 1742 642 1811 μὴ,
680 1741 778 1795 νῦν
810 1742 923 1812 (45)
947 1741 1220 1795 διαπτύων
1250 1741 1311 1795 τὸ
1342 1741 1507 1812 ὕδωρ,
1543 1739 1768 1812 ὕστερον
1797 1738 1947 1810 ῥανί-

2043 749 2234 789 mcnsa
2261 741 2347 789 est
2376 734 2623 802 cpipara,
2649 733 2722 786 ita
2754 731 3010 787 tenuibus
3063 740 3117 787 et
3147 733 3213 788 iis
3258 734 3350 804 qui
3385 734 3614 803 parabili

2044 822 2301 894 facilique
2321 824 2468 877 victu
2500 829 2747 877 utuntur.

2113 914 2165 968 9.
2204 914 2429 969 Terreat
2457 920 2508 968 te
2540 912 2724 967 divitis
2749 911 3257 982 exemplum,quem
3288 912 3397 967 vita
3438 913 3490 968 in
3524 913 3620 971 de-

2044 1001 2189 1057 liciis
2219 1010 2340 1056 acta
2374 1001 2602 1056 tradidit
2643 1001 2923 1057 incendio.
2970 1000 3089 1056 Non
3124 1002 3269 1057 enim
3307 1004 3377 1059 ob
3407 1006 3617 1061 crimen

2044 1093 2345 1163 injustitize,
2382 1091 2478 1149 sed
2508 1094 2579 1149 ob
2608 1092 2730 1147 vitae
2769 1092 3055 1148 mollitiem
3084 1093 3139 1147 in
3170 1096 3372 1149 camini
3403 1096 3620 1151 ﬂamma

2046 1185 2378 1241 torrebatur.
2414 1185 2581 1240 Proin
2615 1191 2675 1239 ut
2700 1184 2803 1239 hoc
2834 1184 3146 1239 incendium
3177 1186 3614 1257 exstinguamus,

2046 1294 2185 1349 opus
2218 1286 2303 1335 est
2348 1293 2508 1349 aqua.
2551 1276 2737 1349 Neque
2768 1292 2900 1333 vero
2945 1278 3013 1331 ad
3059 1275 3242 1332 futura
3274 1283 3451 1335 solum
3488 1282 3621 1337 utile

2045 1381 2131 1428 est
2159 1371 2449 1442 jejunium.
2476 1371 2569 1427 sed
2601 1371 2690 1426 hic
2711 1371 2874 1426 etiam
2907 1370 3013 1442 ipsi
3041 1371 3195 1426 carni
3216 1371 3620 1430 conducibilius

2047 1470 2168 1519 est.
2229 1462 2510 1534 Siquidem
2568 1462 2833 1517 habitudo
2884 1462 3134 1533 corporis
3182 1470 3424 1519 extreme
3477 1464 3619 1519 bona

2049 1555 2252 1610 sensim
2297 1555 2582 1619 alteratur,
2614 1559 2963 1623 mutaturque
2999 1570 3013 1607 :
3052 1553 3312 1608 nimirum
3362 1570 3619 1612 succum-

2049 1648 2211 1703 bente
2234 1657 2446 1711 natura,
2480 1660 2582 1701 nec
2611 1645 2827 1700 valente
2864 1645 3214 1716 corpulentia:
3254 1646 3471 1716 pondus
3497 1663 3623 1703 suso.

2050 1738 2244 1793 tinere.
2273 1735 2410 1791 Vide
2438 1752 2507 1791 ne
2538 1736 2633 1807 qui
2667 1751 2813 1791 nunc
2834 1738 3049 1807 'aquam
3081 1738 3404 1807 respuis,,in
3435 1750 3622 1810 poste—

364 1834 453 1897 δος
479 1833 857 1905 ἐπιθυμήσῃς,
890 1834 967 1896 ὡς
993 1834 1131 1887 καὶὸ
1160 1832 1431 1896 πλούσιος.
1453 1831 1641 1895 Οὐδεὶς
1673 1831 1946 1902 ἐκραιπά-

2059 1846 2170 1883 rum
2207 1843 2446 1901 quoque,
2480 1829 2729 1899 exemplo
2759 1828 2943 1883 divitis
2972 1829 3121 1885 illius
3147 1830 3212 1895 ",
3242 1831 3443 1889 stillam
3468 1848 3622 1903 aqum

366 1920 527 1989 λησεν
545 1920 655 1973 ἀπὸ
678 1920 890 1984 ὕδατος.
905 1921 1130 1984 Οὐδενὸς
1149 1921 1357 1991 κεφαλὴ
1379 1919 1624 1991 ὠδυνήθη
1648 1919 1778 1973 ποτέ
1795 1905 1945 1972 ὓδατῖ

370 2008 693 2083 βαρηθεῑσα.
727 2012 918 2075 Οὐδεὶς
947 2012 1243 2084 ἀλλοτρίων
1273 2013 1447 2066 ποδῶν
1472 2012 1686 2084 ἐδεήθη,
1721 2015 1947 2085 ὐδροποο

372 2103 460 2173 cia
486 2102 685 2165 συζῶν.
719 2102 947 2167 Οὐδενὸς
993 2104 1253 2176 ἐδέθησαν
1291 2104 1469 2169 πόδες,
1515 2104 1727 2168 οὐδενὸς
1768 2107 1948 2175 χεῖρες

371 2193 853 2265 ἀπηχρειώθησαν,
898 2194 1053 2249 ὕδατι
1092 2196 1506 2266 καταρδόμεναι.
1550 2194 1623 2247 Τὸ
1660 2194 1769 2267 γὰρ
1819 2195 1949 2265 περὶ

370 2286 468 2354 τὴν
501 2285 666 2353 πέψιν
708 2285 1050 2356 πλημμελὲς,
1096 2286 1124 2339 ὃ
1171 2289 1285 2348 τοῖς
1320 2286 1600 2357 τρυφῶσιν
1638 2286 1949 2354 ἀναγκαίως

372 2373 669 2437 ἀκολουθεῖ,
716 2374 875 2426 τοῦτο
903 2375 972 2427 τά
1003 2374 1206 2446 σφοδρὰ
1232 2376 1512 2445 νοσήματα
1555 2378 1668 2439 τοῖς
1706 2366 1968 2445 σώμασιῖ

374 2448 738 2535 ἐνεργάζέται.
781 2465 1149 2536 Νηπεύοντος
1182 2466 1377 2535 σεμνὸν
1403 2465 1463 2519 τὺ
1494 2466 1710 2538 χρῶμα,
1740 2466 1839 2519 οὐκ
1869 2468 1951 2528 είς

375 2554 620 2627 ἐρύθημα
657 2554 877 2619 ἀναιδὲς
916 2555 1194 2620 ἐξανθοῦν,
1239 2557 1353 2610 ἀλλ’
1395 2557 1662 2628 ὠχρότητι
1714 2557 1951 2626 σώφρονι

379 2647 784 2717 κεκοσμημένον
807 2664 821 2677 ·
861 2646 1136 2718 ὀφθαλμὸς
1164 2647 1361 2719 πραῢς,
1401 2648 1829 2720 κατεσταλμένον
1854 2648 1951 2718 βά-

377 2737 557 2807 δισμα,
589 2738 886 2808 πρόσωπον
914 2738 1155 2803 σύννουν,
1186 2741 1468 2812 ἀκολάστῳ
1495 2741 1694 2809 γέλωτι
1722 2741 1794 2812 μὴ
1822 2739 1954 2794 καθ-

379 2825 728 2897 υϐριζόμενον
747 2868 762 2889 ,
792 2829 1105 2899 συμμετρία
1141 2829 1323 2899 λόγου,
1371 2830 1679 2902 καθαρότης
1704 2814 1951 2901 καρδίαςῖ

382 2915 659 2988 Μνήσθητι
690 2918 800 2970 τῶν
830 2920 927 2972 ἀπ’
952 2920 1148 2985 αἰῶνος
1170 2922 1359 2991 ἀγίων,
1390 2916 1507 2976 Ὧν
1533 2924 1645 2976 οὐκ
1679 2922 1758 2991 ἦν
1783 2921 1955 2987 ἄξιος

384 3011 416 3060 ό
436 3011 679 3078 κόσμος,
711 3010 772 3063 οἳ
814 3011 1139 3080 περιῆλθον
1163 3014 1232 3067 ἐν
1257 3014 1583 3083 μηλωταῖς,
1620 3016 1690 3069 ἐν
1714 3012 1955 3084 αἰγείοις

384 3099 685 3169 δέρμασιν,
732 3104 1182 3173 ὑστερούμενοι,
1236 3108 1590 3176 θλιϐόμενοι,
1619 3110 1955 3177 κακουχού-

383 3209 572 3262 perm-
599 3194 824 3247 ἐκείνων
851 3170 1088 3265 μίμησαι
1108 3196 1204 3266 τὴν
1226 3170 1571 3269 ἀναστροφὴν
1603 3238 1617 3261 ,
1644 3170 2027 3271 sim-pinge

390 3284 558 3354 ζητεῖς
585 3286 770 3338 αὐτῶν
795 3287 893 3357 τὴν
924 3306 988 3356 με
997 3289 1136 3358 ρίδα.
1155 3290 1220 3342 Τί
1246 3290 1337 3342 τὸν
1358 3290 1604 3361 Λάζαρον
1623 3290 1952 3344 ἐνανέπαυσε

385 3377 615 3448 τοῑςμι)
641 3379 863 3444 κόλποις
888 3380 982 3433 τοῦ
1022 3365 1301 3451 Ἀϐραάμ
1326 3382 1458 3452 Οὐχὶ
1479 3382 1735 3453 νηστείας
1776 3382 1956 3436 ’ῐωάν-

386 3486 473 3524 νου
498 3471 596 3523 δέὁ
621 3471 733 3541 βίος
764 3473 862 3543 μία
887 3473 1109 3541 νηστεία
1144 3469 1241 3543 ἦν’
1286 3473 1346 3537 ὂς
1383 3474 1443 3527 οὐ
1473 3474 1660 3546 κλίνην
1694 3470 1858 3546 εἶχεν,
1892 3476 1961 3528 οὐ

386 3562 675 3631 τράπεζαν,
700 3565 765 3615 οὐ
792 3563 899 3631 γῆν
939 3564 1231 3635 ἀροσίμην,
1264 3566 1364 3618 οὐκ
1389 3564 1499 3636 (45)
1532 3567 1778 3638 ἀροτῆρα
1808 3566 1953 3637 βοῦν,

300 3722 313 3735 ‘
386 3654 442 3706 οὐ
471 3657 634 3718 σῖτον,
680 3656 742 3708 ού
799 3657 1098 3719 σιτοποιὸν,
1142 3658 1240 3711 οὐκ
1281 3659 1407 3712 ἀλλο
1436 3677 1489 3714 τι
1536 3659 1643 3712 τῶν
1697 3660 1837 3714 κατά
1866 3661 1957 3735 τὸν

390 3743 516 3814 βίον.
544 3746 648 3799 Διά
673 3746 835 3799 τοῦτο
855 3745 1079 3807 Μείζων
1103 3749 1173 3800 ἐν
1202 3748 1507 3817 γεννητοῖς
1527 3751 1827 3819 γυναικῶν
1846 3731 1969 3805 ob);

387 3835 603 3905 ἀνέστη
670 3837 951 3893 Ἰωάννου
1005 3840 1111 3895 τοῦ
1154 3841 1513 3895 Βαπτιστοῦ.
1565 3841 1778 3896 Παῦλον
1823 3843 1957 3914 μετά

388 3928 488 3980 τῶν
521 3929 697 3982 ἄλλων
723 3930 819 3982 καὶ
843 3932 879 4001 ἡ
912 3932 1156 4000 νηστεία,
1184 3932 1251 4003 ἦν
1280 3934 1337 3985 ἐν
1372 3935 1486 3995 τοῖς
1533 3932 1674 4004 ὑπὲρ
1701 3933 1808 3987 τῶν
1844 3933 1956 3987 θλί-

387 4018 524 4088 ψεων
554 4022 919 4091 ’καυχήμασιν
953 4022 1391 4094 ἀπηριθμήσατο,
1422 4026 1502 4087 είς
1531 4023 1623 4077 τὸν
1662 4025 1839 4096 τρίτον
1866 4026 1957 4078 ού-

392 4113 540 4181 ρανὺν
567 4114 837 4182 ἀνήγαγε.
867 4114 1176 4181 Κεφάλαιον
1210 4115 1267 4167 δέ
1306 4116 1396 4168 ἐπὶ
1428 4119 1540 4179 τοῖς
1574 4118 1904 4188 εἰρημένοις,
1931 4120 1959 4171 ὁ

387 4204 584 4277 Κύριος
605 4204 766 4275 ἡμῶν
798 4204 1022 4277 νηστείᾳ
1062 4205 1161 4276 τὴν
1203 4207 1399 4278 σάρκα,
1429 4209 1494 4278 ἢν
1518 4210 1659 4281 ὑπὲρ
1688 4209 1842 4280 ἡμῶν
1867 4196 1979 4264 av:

387 4294 593 4357 ἐλαϐεν,
636 4293 941 4364 ὀχυρώσας,
982 4294 1154 4360 οὕτως
1184 4299 1240 4351 ἐν
1271 4299 1407 4369 αὐτῇ
1431 4298 1525 4351 τοῦ
1572 4300 1817 4353 διαϐόλου
1862 4301 1962 4366 τὰς

386 4387 693 4458 προσϐολὰς
732 4388 1052 4455 ὑπεδέξατο,
1093 4391 1243 4460 ἡμᾶς
1282 4407 1356 4451 τε.
1376 4390 1645 4444 παιδεύων
1687 4393 1961 4462 νηστείαις

2051 1922 2435 1991 concupiscas.
2463 1919 2636 1976 Nemo
2672 1935 2772 1992 per
2806 1935 2961 1991 aquae
2999 1929 3187 1997 potum
3220 1922 3407 1994 lapsus
3445 1935 3529 1982 est
3565 1928 3620 1981 in

2052 2016 2355 2083 crapulam,
2416 2011 2549 2067 nulli
2599 2020 2766 2082 caput
2792 2027 3030 2082 unquam
3058 2012 3232 2068 doluit
3254 2029 3393 2084 aqua
3431 2031 3626 2087 grava-

2052 2112 2187 2159 tum.
2223 2103 2415 2159 Nullus
2443 2103 2591 2173 eguit
2620 2103 2816 2157 alienis
2846 2103 3099 2179 pedibus,
3132 2103 3222 2160 cui
3273 2104 3437 2163 fuerit
3464 2106 3624 2163 fami-

2051 2194 2204 2248 liaris
2245 2208 2401 2264 aqua:
2454 2202 2636 2263 potus.
2689 2191 2907 2247 Nullius
2949 2194 3114 2263 pedes
3157 2197 3441 2267 praepediti
3473 2210 3624 2263 sum,

2053 2285 2259 2340 nullius
2288 2300 2484 2340 manus
2534 2299 2696 2339 usum
2741 2266 2900 2339 suum
2945 2285 3269 2351 amiserunt,
3313 2303 3454 2359 aqua
3500 2290 3626 2344 irri-

2054 2385 2210 2448 gatae.
2260 2377 2394 2431 Nam
2430 2377 2805 2433 concoctionis
2845 2377 3061 2443 vitium,
3093 2379 3239 2449 quod
3274 2383 3517 2441 viventes
3565 2384 3620 2438 in

2054 2465 2264 2523 deliciis
2301 2470 2609 2522 necessario
2632 2467 2944 2532 comitatur,
2988 2483 3142 2525 acres
3185 2470 3407 2527 morbos
3453 2472 3625 2543 gignit

2056 2557 2112 2611 in
2145 2557 2493 2627 corporibus.
2523 2557 2830 2627 Jejunantis
2854 2558 3005 2614 color
3030 2560 3360 2617 venerabilis
3381 2571 3487 2626 est,
3516 2579 3624 2619 non

2058 2648 2426 2703 inverecunde
2458 2649 2660 2704 rubore
2688 2648 2936 2717 ﬂoridus,
2993 2650 3090 2705 sed
3136 2651 3386 2707 modesto
3416 2653 3627 2724 pallore

2057 2739 2449 2798 cohonestatus
2475 2759 2489 2794 :
2524 2739 2674 2793 oculi
2733 2738 2958 2810 placidi,
2989 2741 3239 2797 incessus
3266 2742 3625 2811 compositus,

2058 2833 2239 2889 vultus
2291 2833 2626 2904 cogitatione
2672 2833 2911 2897 defixus,
2947 2849 3049 2889 nec
3096 2834 3457 2905 intemperato
3510 2837 3629 2893 risu

2060 2925 2443 2992 dedecoratus,
2472 2925 2779 2980 concinnus
2813 2941 3014 2991 sermo,
3043 2941 3240 2996 purum
3269 2941 3383 2981 cor.
3411 2924 3629 2983 Revm-a

2062 3016 2116 3070 in
2145 3017 2462 3071 memoriam
2496 3024 2764 3087 quotquot
2808 3016 2877 3071 ab
2913 3016 3045 3072 orbe
3069 3017 3291 3073 condito
3314 3015 3466 3074 fuere
3501 3033 3626 3073 san-

2064 3109 2157 3171 cti,
2207 3106 2408 3172 Quibus
2445 3108 2635 3180 dignus
2670 3125 2771 3162 non
2818 3119 2933 3164 erat
2981 3109 3227 3175 mundus,
3274 3110 3364 3173 qui
3404 3109 3632 3163 circum-

2060 3199 2204 3253 ibant
2230 3200 2282 3253 in
2305 3200 2526 3269 pellibus
2554 3203 2725 3256 arium
2754 3210 2802 3255 et
2833 3216 3138 3269 caprarum,
3171 3211 3400 3273 egentes,
3435 3204 3633 3271 pressi,

2061 3292 2333 3362 amicti";
2392 3292 2606 3345 illorum
2639 3292 2853 3347 imitare
2893 3293 3085 3358 vitam,
3140 3294 3186 3348 si
3219 3294 3380 3348 modo
3412 3294 3629 3350 illorum

2060 3385 2216 3455 cupis
2260 3384 2481 3455 assequi
2535 3392 2759 3439 sortem.
2811 3383 2943 3451 Quae
2989 3400 3077 3440 res
3134 3383 3342 3440 Lazaro
3391 3385 3631 3458 quietem

2059 3477 2273 3551 paravit
2322 3475 2377 3529 in
2434 3476 2557 3531 sinu
2598 3476 2922 3531 Abrahamae
2945 3476 3037 3530 ”?
3090 3476 3281 3533 Nonne
3322 3477 3634 3549 jejunium?

2063 3566 2235 3619 Porro
2264 3563 2493 3619 Joannis
2521 3565 2652 3629 vita,
2690 3580 2856 3617 unum
2889 3571 3006 3618 erat
3042 3579 3106 3619 ac
3141 3565 3463 3620 continuum
3487 3566 3633 3637 jeju-

2063 3657 2297 3713 nium".
2344 3655 2465 3711 Non
2514 3655 2749 3711 habebat
2782 3656 3003 3721 lectum,
3062 3672 3172 3710 non
3203 3672 3471 3723 mensam,
3519 3675 3631 3714 non

2064 3763 2213 3812 arva,
2251 3762 2362 3803 non
2406 3755 2676 3802 aratorem
2708 3747 2924 3814 bovem,
2954 3762 3064 3802 non
3094 3748 3359 3814 triticum,
3412 3764 3522 3805 non
3550 3753 3635 3823 pi-

2065 3848 2289 3903 storem,
2331 3840 2564 3909 deniqne
2597 3854 2704 3893 non
2747 3838 2895 3893 aliud
2935 3839 3232 3911 quidquam
3278 3856 3466 3897 eorum
3513 3859 3634 3914 qua:

2066 3932 2135 3985 ad
2162 3931 2364 3986 victum
2396 3931 2688 4000 pertinent.
2721 3929 2953 3999 Ideoque
2974 3929 3125 3985 Inter
3151 3943 3308 3987 natos
3352 3934 3633 3989 mulierum

2066 4039 2168 4077 non
2193 4021 2426 4077 surrexit
2451 4020 2624 4089 major
2650 4018 2862 4074 Joanne
2889 4019 3133 4090 Baptista
3159 4023 3224 4077 ".
3254 4021 3483 4077 Paulum
3506 4037 3631 4079 cum

2066 4113 2193 4177 alia,
2225 4120 2341 4167 tum
2378 4112 2670 4182 jejunium,
2713 4111 2859 4181 quod
2885 4127 3050 4182 super
3088 4111 3473 4170 afﬂictionibus
3519 4114 3634 4170 suis

2068 4203 2313 4271 glorians
2372 4210 2643 4266 recenset,
2700 4203 2754 4256 in
2786 4204 3006 4257 tertium
3050 4204 3248 4258 caelum
3286 4204 3537 4261 subvexit
3566 4204 3632 4258 “.

2066 4292 2239 4348 Porro
2266 4294 2324 4365 8
2359 4292 2503 4365 quod
2545 4294 2873 4363 praecipuum
2908 4300 2991 4348 est
3025 4309 3088 4349 ex
3117 4294 3186 4349 iis
3229 4310 3350 4363 quae
3370 4295 3633 4359 diximus.

2070 4382 2334 4439 Dominus
2377 4389 2564 4439 noster
2594 4397 2703 4437 non
2731 4382 2884 4452 prius
2916 4382 2971 4436 in
2996 4397 3377 4455 carne,quam
3410 4399 3510 4456 pro
3536 4401 3636 4440 no-

386 4481 626 4551 ἀλείςειν
653 4484 753 4536 καὶ
790 4483 1150 4556 παιδοτριϐεῖν
1187 4486 1410 4548 ἑαυτοὺς
1446 4486 1579 4557 πρὸς
1618 4488 1743 4549 τοὺς
1770 4488 1826 4540 ἐν
1849 4490 1955 4552 τοῖς

2067 4477 2154 4533 bis
2182 4475 2784 4546 assumpserat,ldiaboli
2816 4475 3052 4529 insnltus
3071 4477 3302 4545 excepit,
3323 4490 3486 4546 quam
3515 4490 3635 4531 eam

386 4577 713 4644 πειρασμοῖς
743 4575 978 4643 ἀγῶνας,
1011 4576 1105 4629 καὶ
1127 4575 1205 4647 τῷ
1223 4576 1495 4647 ἀντιπάλῳ
1522 4577 1609 4632 διὰ
1634 4577 1732 4647 τῆς
1758 4579 1955 4651 ἐνδείας

2066 4568 2276 4640 jejunio
2312 4566 2706 4622 communisset
2721 4565 2787 4633 ⁸³,
2825 4575 2939 4619 tum
2968 4582 3070 4622 nos
3102 4565 3361 4629 erudiens
3390 4573 3451 4620 ut
3507 4581 3639 4620 nos—

385 4660 494 4717 οἷον
519 4664 694 4735 λαὸὴν
730 4664 984 4728 ἐνδιδούς.
1029 4665 1343 4737 Ἀπρόσιτος
1372 4665 1480 4737 γάρ
1515 4662 1583 4736 ἦν
1609 4666 1756 4737 αὐτῷ
1783 4667 1871 4719 διά
1903 4667 1964 4721 τὸ

386 4755 517 4826 trba;
544 4757 646 4826 τῆς
669 4757 943 4829 θεότητος,
979 4758 1027 4832 ej
1049 4756 1122 4828 μὴ
1151 4757 1238 4811 διὰ
1262 4757 1361 4827 τῆς
1390 4757 1595 4821 ἐνδείας
1617 4758 1789 4829 ὑπέϐη
1825 4759 1962 4829 πρὸς

385 4849 445 4900 τὺ
486 4847 851 4919 ἀνθρώπινον.
902 4848 1169 4902 Ἐπανιὼν
1205 4848 1385 4919 μέντοι
1412 4851 1491 4911 είς
1515 4850 1798 4919 οὐρανοὺς,
1830 4866 1960 4921 τρο-

332 4994 338 5001 ,
388 4939 492 5008 φῆς
513 4940 716 5010 ἥψατο,
751 4939 850 5011 τὴν
888 4938 1050 5009 φύσιν
1077 4938 1169 4992 τοῦ
1218 4938 1467 5010 σώματος
1500 4939 1596 4993 τοῦ
1636 4940 1967 5005 ἀναστάντος

465 5057 510 5087 ’⁷
550 5054 686 5110 Luc.
722 5071 848 5117 xvi,
882 5055 975 5110 24.
1087 5056 1133 5086 ’³
1171 5052 1336 5110 Hebr.
1391 5071 1481 5116 xi,
1517 5055 1623 5120 56,
1672 5056 1761 5110 37.

391 5131 435 5163 ³³
472 5125 513 5181 ll
546 5126 679 5182 Cor.
716 5142 810 5190 xl,
845 5127 950 5193 27;
990 5141 1099 5186 xit,
1134 5126 1188 5181 2.
1265 5126 1312 5157 ³³
1356 5124 1547 5184 Matth.
1584 5142 1657 5190 IV,
1691 5126 1748 5181 2.

460 5249 571 5321 (42)
596 5247 758 5321 flolb.
790 5247 1002 5321 primus
1040 5245 1134 5321 καὶ
1162 5244 1366 5321 οὒκμείς
1384 5247 1473 5321 τά2

460 5310 570 5389 (45)
595 5310 812 5373 Rursus
842 5316 996 5389 Colb.
1021 5316 1232 5389 primus
1258 5310 1409 5389 "(ipa
1429 5310 1521 5369 οὖν
1555 5316 1647 5386 μή.
1680 5312 1848 5389 Notes
1872 5331 1968 5369 ve-

391 5386 505 5450 lim.
538 5386 669 5445 Olim
727 5395 803 5441 ut.
840 5386 1115 5447 carnium,
1150 5386 1225 5438 ita
1275 5387 1388 5441 vini
1434 5402 1592 5441 usum
1634 5386 1964 5454 prohibitum

394 5459 560 5517 fuisse
599 5460 654 5513 in
683 5456 1140 5527 Quadragesima,
1173 5457 1244 5512 ob
1288 5456 1453 5526 idque
1477 5455 1567 5509 hic
1608 5454 1780 5510 solius
1813 5469 1968 5526 aquae

397 5530 507 5585 ﬁeri
540 5530 898 5585 mentionem.

464 5600 574 5669 (M)
612 5599 842 5669 Legitur
888 5599 945 5652 in
990 5597 1206 5669 duobus
1248 5593 1576 5669 Colbertinis
1626 5594 1972 5669 ὲπανὲπαυσε

397 5667 503 5735 τοῖς
532 5691 546 5726 :
586 5673 640 5725 in
668 5667 778 5726 alio
807 5684 943 5725 vero
976 5668 1168 5724 codice
1199 5667 1502 5722 ἀνέπαυσεν
1524 5668 1581 5719 ἐν
1609 5667 1745 5729 τοῖς.

467 5734 572 5814 (ιε)
599 5741 758 5798 Hunc
794 5740 980 5797 locum
1024 5740 1393 5810 interpretum
1438 5735 1728 5803 Erasmus,
1766 5734 1973 5792 addidit

1867 5059 1911 5090 "
1952 5056 2084 5112 Luc.
2138 5070 2266 5119 va,
2301 5053 2393 5109 23.

2071 4668 2181 4715 met
2206 4660 2431 4729 jejuniis
2461 4659 2527 4714 ad
2559 4658 2919 4715 tentationum
2950 4658 3245 4713 certamina
3282 4671 3551 4726 ungamus
3582 4664 3637 4712 et

2070 4767 2443 4818 exerceamus,
2484 4759 2597 4806 tum
2630 4750 2945 4808 adversario
2978 4766 3074 4821 per
3094 4733 3446 4805 esuritionem
3492 4764 3636 4819 pra:-

2071 4847 2208 4901 bens
2241 4844 2532 4900 accedendi
2565 4845 2719 4913 quasi
2773 4857 2984 4898 ansam.
3034 4840 3254 4911 Alioqui
3281 4849 3503 4911 propter
3554 4840 3640 4896 di-

2060 4938 2211 4993 vinae
2255 4945 2465 4995 naturae
2513 4935 2902 4993 sublimitatem
2951 4949 3059 4988 non
3112 4932 3331 5003 patebat
3367 4932 3432 4987 ad
3486 4932 3637 4988 illum

2504 5052 2549 5085 ³⁸
2587 5050 2776 5106 Matth.
2813 5065 2912 5114 ιιι,
2951 5050 3006 5102 4.
3115 5048 3157 5079 ³³
3197 5045 3387 5103 Matth.
3422 5062 3509 5113 xl,
3546 5048 3635 5105 ll.

2074 5246 2191 5299 haec
2221 5246 2408 5304 verba,
2449 5250 2507 5295 ut
2561 5240 2639 5312 ait
2669 5236 3120 5312 Hesiodus;_nec
3167 5241 3351 5312 tamen
3396 5230 3640 5312 _i3asilius

2074 5315 2195 5383 ejus
2245 5302 2418 5383 poetae
2462 5309 2754 5383 meminit:
2807 5307 3031 5383 sed__vir
3070 5305 3281 5383 multa:
3307 5302 3558 5383 lectionis
3586 5312 3640 5357 et

2075 5369 2469 5453 propemodum
2517 5375 3066 5453 inﬁnitae,__indic_are
3121 5373 3289 5453 νοιμίι
3342 5369 3639 5453 Basiliurn,

2073 5440 2197 5507 cuni
2229 5453 2417 5506 bovem
2455 5457 2724 5503 aratorem
2774 5444 2931 5507 dixit,
2965 5445 3069 5499 hoc
3086 5443 3394 5514 epithetnm
3433 5442 3510 5499 ab‘
3531 5440 3642 5514 [le-

2077 5523 2234 5579 siodo
2268 5526 2571 5575 mutuatum
2624 5516 2814 5571 fuisse.
2853 5515 3056 5570 Versus
3085 5510 3325 5571 Hesiodi,
3351 5516 3491 5566 teste
3531 5510 3642 5565 Du-

2076 5607 2209 5654 cam,
2250 5587 2818 5663 quadringentesimus
2846 5586 3043 5642 tertius
3083 5591 3169 5641 est
3214 5586 3270 5639 in
3301 5580 3555 5652 Operibus
3589 5591 3645 5641 at

2076 5663 2281 5722 diebus.
