  <div class='ocr_page' id='page_1' title='image "/cluster/home/n/w/nwhite01/storage/ocr_20150623/31/mdp.39015012934363/099.png"; bbox 0 0 4052 6214; ppageno 0'>
   <div class='ocr_carea' id='block_1_1' title="bbox 438 282 540 341">
    <p class='ocr_par' dir='ltr' id='par_1_1' title="bbox 438 282 540 341">
     <span class='ocr_line' id='line_1_1' title="bbox 438 282 540 341; baseline 0.02 -2"><span class='ocrx_word' id='word_1_1' title='bbox 438 282 540 341; x_wconf 76' lang='grc'><strong>179</strong></span> 
     </span>
    </p>
   </div>
   <div class='ocr_carea' id='block_1_2' title="bbox 1788 286 2383 344">
    <p class='ocr_par' dir='ltr' id='par_1_2' title="bbox 1788 286 2383 344">
     <span class='ocr_line' id='line_1_2' title="bbox 1788 286 2383 344; baseline -0.002 0"><span class='ocrx_word' id='word_1_2' title='bbox 1788 292 1848 344; x_wconf 80' lang='lat' dir='ltr'><strong>S.</strong></span> <span class='ocrx_word' id='word_1_3' title='bbox 1887 287 2132 343; x_wconf 71' lang='lat' dir='ltr'><strong>BASlLll</strong></span> <span class='ocrx_word' id='word_1_4' title='bbox 2170 286 2383 343; x_wconf 72' lang='lat' dir='ltr'><strong>MACNI</strong></span> 
     </span>
    </p>
   </div>
   <div class='ocr_carea' id='block_1_3' title="bbox 3586 299 3698 354">
    <p class='ocr_par' dir='ltr' id='par_1_3' title="bbox 3586 299 3698 354">
     <span class='ocr_line' id='line_1_3' title="bbox 3586 299 3698 354; baseline 0.009 -1"><span class='ocrx_word' id='word_1_5' title='bbox 3586 299 3698 354; x_wconf 70' lang='lat'><strong>180</strong></span> 
     </span>
    </p>
   </div>
   <div class='ocr_carea' id='block_1_4' title="bbox 433 402 1988 486">
    <p class='ocr_par' dir='ltr' id='par_1_4' title="bbox 433 402 1988 476">
     <span class='ocr_line' id='line_1_4' title="bbox 433 402 1988 476; baseline 0.005 -18"><span class='ocrx_word' id='word_1_6' title='bbox 433 403 619 462; x_wconf 86' lang='lat' dir='ltr'><strong>aditus</strong></span> <span class='ocrx_word' id='word_1_7' title='bbox 663 402 902 471; x_wconf 81' lang='lat' dir='ltr'><strong>diabolo,</strong></span> <span class='ocrx_word' id='word_1_8' title='bbox 934 404 1041 460; x_wconf 85' lang='lat' dir='ltr'><strong>nisi</strong></span> <span class='ocrx_word' id='word_1_9' title='bbox 1074 421 1134 462; x_wconf 86' lang='lat' dir='ltr'><strong>se</strong></span> <span class='ocrx_word' id='word_1_10' title='bbox 1164 421 1261 476; x_wconf 86' lang='lat' dir='ltr'><strong>per</strong></span> <span class='ocrx_word' id='word_1_11' title='bbox 1311 408 1666 465; x_wconf 78' lang='lat' dir='ltr'><strong>esuritionem</strong></span> <span class='ocrx_word' id='word_1_12' title='bbox 1696 410 1765 465; x_wconf 90' lang='lat' dir='ltr'><strong>ad</strong></span> <span class='ocrx_word' id='word_1_13' title='bbox 1808 411 1988 465; x_wconf 89' lang='lat' dir='ltr'><strong>huma-</strong></span> 
     </span>
    </p>
   </div>
   <div class='ocr_carea' id='block_1_5' title="bbox 2085 402 3695 486">
    <p class='ocr_par' dir='ltr' id='par_1_5' title="bbox 2108 414 3695 486">
     <span class='ocr_line' id='line_1_5' title="bbox 2108 414 3695 486; baseline 0.003 -18"><span class='ocrx_word' id='word_1_14' title='bbox 2108 414 2483 484; x_wconf 86' lang='grc' dir='ltr'>πιστούμενος.</span> <span class='ocrx_word' id='word_1_15' title='bbox 2537 414 2608 467; x_wconf 79' lang='grc' dir='ltr'><strong>Σὺ</strong></span> <span class='ocrx_word' id='word_1_16' title='bbox 2655 414 2711 467; x_wconf 88' lang='grc' dir='ltr'>δὲ</span> <span class='ocrx_word' id='word_1_17' title='bbox 2761 415 3132 486; x_wconf 84' lang='grc' dir='ltr'>ὑπερπιαίνων</span> <span class='ocrx_word' id='word_1_18' title='bbox 3169 414 3267 486; x_wconf 82' lang='grc' dir='ltr'><strong>μὲν</strong></span> <span class='ocrx_word' id='word_1_19' title='bbox 3317 417 3542 471; x_wconf 79' lang='grc' dir='ltr'>σεαυτὸν</span> <span class='ocrx_word' id='word_1_20' title='bbox 3594 420 3695 473; x_wconf 78' lang='grc' dir='ltr'>καὶ</span> 
     </span>
    </p>
   </div>
   <div class='ocr_carea' id='block_1_6' title="bbox 404 494 2008 572">
    <p class='ocr_par' dir='ltr' id='par_1_6' title="bbox 404 494 2008 572">
     <span class='ocr_line' id='line_1_6' title="bbox 404 494 2008 572; baseline 0.006 -24"><span class='ocrx_word' id='word_1_21' title='bbox 404 509 564 549; x_wconf 86' lang='lat' dir='ltr'><strong>-nam</strong></span> <span class='ocrx_word' id='word_1_22' title='bbox 590 494 1017 551; x_wconf 89' lang='lat' dir='ltr'><strong>imbecillitatem</strong></span> <span class='ocrx_word' id='word_1_23' title='bbox 1081 497 1451 555; x_wconf 87' lang='lat' dir='ltr'><strong>submisisset.</strong></span> <span class='ocrx_word' id='word_1_24' title='bbox 1505 499 1763 556; x_wconf 82' lang='lat' dir='ltr'><strong>Attamen</strong></span> <span class='ocrx_word' id='word_1_25' title='bbox 1824 503 2008 572; x_wconf 89' lang='lat' dir='ltr'><strong>prius-</strong></span> 
     </span>
    </p>
   </div>
   <div class='ocr_carea' id='block_1_7' title="bbox 429 588 2005 662">
    <p class='ocr_par' dir='ltr' id='par_1_7' title="bbox 429 588 2005 662">
     <span class='ocr_line' id='line_1_7' title="bbox 429 588 2005 662; baseline 0.004 -23"><span class='ocrx_word' id='word_1_26' title='bbox 429 600 598 656; x_wconf 85' lang='lat' dir='ltr'><strong>quam</strong></span> <span class='ocrx_word' id='word_1_27' title='bbox 651 594 1019 643; x_wconf 81' lang='lat' dir='ltr'><strong>reverteretur</strong></span> <span class='ocrx_word' id='word_1_28' title='bbox 1076 588 1131 642; x_wconf 91' lang='lat' dir='ltr'><strong>in</strong></span> <span class='ocrx_word' id='word_1_29' title='bbox 1191 589 1383 653; x_wconf 73' lang='lat' dir='ltr'><strong>cmlos,</strong></span> <span class='ocrx_word' id='word_1_30' title='bbox 1434 591 1616 646; x_wconf 82' lang='lat' dir='ltr'><strong>cibum</strong></span> <span class='ocrx_word' id='word_1_31' title='bbox 1665 593 1910 662; x_wconf 84' lang='lat' dir='ltr'><strong>gustavit</strong></span> <span class='ocrx_word' id='word_1_32' title='bbox 1938 593 2005 657; x_wconf 71' lang='lat'><strong>“,</strong></span> 
     </span>
    </p>
   </div>
   <div class='ocr_carea' id='block_1_8' title="bbox 2112 505 3695 582">
    <p class='ocr_par' dir='ltr' id='par_1_8' title="bbox 2112 505 3695 582">
     <span class='ocr_line' id='line_1_8' title="bbox 2112 505 3695 582; baseline 0.002 -23"><span class='ocrx_word' id='word_1_33' title='bbox 2112 506 2470 578; x_wconf 85' lang='grc' dir='ltr'>κατασαρκῶν</span> <span class='ocrx_word' id='word_1_34' title='bbox 2491 508 2592 561; x_wconf 83' lang='grc' dir='ltr'><strong>οὐκ</strong></span> <span class='ocrx_word' id='word_1_35' title='bbox 2620 508 2808 579; x_wconf 86' lang='grc' dir='ltr'>ὰνίης;</span> <span class='ocrx_word' id='word_1_36' title='bbox 2844 510 3091 577; x_wconf 80' lang='grc' dir='ltr'>ὲκτήκων</span> <span class='ocrx_word' id='word_1_37' title='bbox 3109 507 3164 560; x_wconf 77' lang='grc' dir='ltr'>δὲ</span> <span class='ocrx_word' id='word_1_38' title='bbox 3184 508 3274 562; x_wconf 86' lang='grc' dir='ltr'><strong>τὸν</strong></span> <span class='ocrx_word' id='word_1_39' title='bbox 3298 505 3422 562; x_wconf 87' lang='grc' dir='ltr'>νοῦν</span> <span class='ocrx_word' id='word_1_40' title='bbox 3450 510 3506 562; x_wconf 83' lang='grc' dir='ltr'><strong>ἑν</strong></span> <span class='ocrx_word' id='word_1_41' title='bbox 3537 510 3695 582; x_wconf 80' lang='grc' dir='ltr'>ἀτρο-</span> 
     </span>
    </p>
   </div>
   <div class='ocr_carea' id='block_1_9' title="bbox 2110 594 3693 668">
    <p class='ocr_par' dir='ltr' id='par_1_9' title="bbox 2110 594 3693 668">
     <span class='ocr_line' id='line_1_9' title="bbox 2110 594 3693 668; baseline 0.003 -21"><span class='ocrx_word' id='word_1_42' title='bbox 2110 596 2226 666; x_wconf 82' lang='grc' dir='ltr'>φίᾳ,</span> <span class='ocrx_word' id='word_1_43' title='bbox 2256 594 2363 648; x_wconf 88' lang='grc' dir='ltr'><strong>τῶν</strong></span> <span class='ocrx_word' id='word_1_44' title='bbox 2406 594 2518 666; x_wconf 71' lang='grc'>(46)</span> <span class='ocrx_word' id='word_1_45' title='bbox 2566 596 2848 668; x_wconf 73' lang='grc' dir='ltr'><strong>σωτηρίων</strong></span> <span class='ocrx_word' id='word_1_46' title='bbox 2889 596 2982 649; x_wconf 83' lang='grc' dir='ltr'><strong>καὶ</strong></span> <span class='ocrx_word' id='word_1_47' title='bbox 3031 594 3308 659; x_wconf 84' lang='grc' dir='ltr'>ζωοποιῶν</span> <span class='ocrx_word' id='word_1_48' title='bbox 3343 595 3693 666; x_wconf 85' lang='grc' dir='ltr'>διδαγμάτων</span> 
     </span>
    </p>
   </div>
   <div class='ocr_carea' id='block_1_10' title="bbox 430 671 1988 757">
    <p class='ocr_par' dir='ltr' id='par_1_10' title="bbox 430 679 1988 749">
     <span class='ocr_line' id='line_1_10' title="bbox 430 679 1988 749; baseline 0.006 -16"><span class='ocrx_word' id='word_1_49' title='bbox 430 679 680 748; x_wconf 88' lang='lat' dir='ltr'><strong>corporis</strong></span> <span class='ocrx_word' id='word_1_50' title='bbox 706 680 853 749; x_wconf 91' lang='lat' dir='ltr'><strong>quod</strong></span> <span class='ocrx_word' id='word_1_51' title='bbox 887 692 1263 739; x_wconf 81' lang='lat' dir='ltr'><strong>resurrexerat</strong></span> <span class='ocrx_word' id='word_1_52' title='bbox 1310 693 1562 740; x_wconf 87' lang='lat' dir='ltr'><strong>naturam</strong></span> <span class='ocrx_word' id='word_1_53' title='bbox 1611 701 1675 741; x_wconf 92' lang='lat' dir='ltr'><strong>ac</strong></span> <span class='ocrx_word' id='word_1_54' title='bbox 1722 688 1988 742; x_wconf 83' lang='lat' dir='ltr'><strong>veritaten</strong></span> 
     </span>
    </p>
   </div>
   <div class='ocr_carea' id='block_1_11' title="bbox 2085 671 3693 757">
    <p class='ocr_par' dir='ltr' id='par_1_11' title="bbox 2085 671 3693 757">
     <span class='ocr_line' id='line_1_11' title="bbox 2085 671 3693 757; baseline 0.002 -21"><span class='ocrx_word' id='word_1_55' title='bbox 2085 671 2293 737; x_wconf 66' lang='grc' dir='ltr'>ῖῖδένα</span> <span class='ocrx_word' id='word_1_56' title='bbox 2321 683 2476 752; x_wconf 88' lang='grc' dir='ltr'>λόγον</span> <span class='ocrx_word' id='word_1_57' title='bbox 2505 687 2628 756; x_wconf 77' lang='grc' dir='ltr'>ποιῇ</span> <span class='ocrx_word' id='word_1_58' title='bbox 2650 703 2664 750; x_wconf 89' lang='grc'><strong>;</strong></span> <span class='ocrx_word' id='word_1_59' title='bbox 2695 688 2764 738; x_wconf 87' lang='grc' dir='ltr'>Ἣ</span> <span class='ocrx_word' id='word_1_60' title='bbox 2791 687 3023 753; x_wconf 86' lang='grc' dir='ltr'><strong>ἀγνοεῖς,</strong></span> <span class='ocrx_word' id='word_1_61' title='bbox 3050 687 3152 749; x_wconf 81' lang='grc' dir='ltr'>ὅτι,</span> <span class='ocrx_word' id='word_1_62' title='bbox 3177 684 3365 757; x_wconf 84' lang='grc' dir='ltr'>ὥσπερ</span> <span class='ocrx_word' id='word_1_63' title='bbox 3385 687 3476 740; x_wconf 76' lang='grc' dir='ltr'><strong>ἐπὶ</strong></span> <span class='ocrx_word' id='word_1_64' title='bbox 3505 703 3693 757; x_wconf 84' lang='grc' dir='ltr'>παρα-</span> 
     </span>
    </p>
   </div>
   <div class='ocr_carea' id='block_1_12' title="bbox 433 771 2007 841">
    <p class='ocr_par' dir='ltr' id='par_1_12' title="bbox 433 771 2007 841">
     <span class='ocr_line' id='line_1_12' title="bbox 433 771 2007 841; baseline 0.006 -19"><span class='ocrx_word' id='word_1_65' title='bbox 433 771 908 841; x_wconf 84' lang='lat' dir='ltr'><strong>comprobaturus.</strong></span> <span class='ocrx_word' id='word_1_66' title='bbox 959 771 1041 827; x_wconf 89' lang='lat' dir='ltr'><strong>Tu</strong></span> <span class='ocrx_word' id='word_1_67' title='bbox 1091 790 1222 830; x_wconf 88' lang='lat' dir='ltr'><strong>vero</strong></span> <span class='ocrx_word' id='word_1_68' title='bbox 1250 777 1536 832; x_wconf 89' lang='lat' dir='ltr'><strong>nullumne</strong></span> <span class='ocrx_word' id='word_1_69' title='bbox 1599 776 1760 832; x_wconf 89' lang='lat' dir='ltr'><strong>linem</strong></span> <span class='ocrx_word' id='word_1_70' title='bbox 1831 776 2007 832; x_wconf 85' lang='lat' dir='ltr'><strong>lactu-</strong></span> 
     </span>
    </p>
   </div>
   <div class='ocr_carea' id='block_1_13' title="bbox 431 861 2005 939">
    <p class='ocr_par' dir='ltr' id='par_1_13' title="bbox 431 861 2005 939">
     <span class='ocr_line' id='line_1_13' title="bbox 431 861 2005 939; baseline 0.006 -25"><span class='ocrx_word' id='word_1_71' title='bbox 431 874 529 915; x_wconf 85' lang='lat' dir='ltr'><strong>rus</strong></span> <span class='ocrx_word' id='word_1_72' title='bbox 559 876 619 917; x_wconf 92' lang='lat' dir='ltr'><strong>es</strong></span> <span class='ocrx_word' id='word_1_73' title='bbox 648 861 884 931; x_wconf 89' lang='lat' dir='ltr'><strong>teipsum</strong></span> <span class='ocrx_word' id='word_1_74' title='bbox 918 879 1084 933; x_wconf 86' lang='lat' dir='ltr'><strong>supra</strong></span> <span class='ocrx_word' id='word_1_75' title='bbox 1124 865 1343 920; x_wconf 88' lang='lat' dir='ltr'><strong>modum</strong></span> <span class='ocrx_word' id='word_1_76' title='bbox 1379 868 1665 939; x_wconf 81' lang='lat' dir='ltr'><strong>saginandi</strong></span> <span class='ocrx_word' id='word_1_77' title='bbox 1721 884 1787 923; x_wconf 91' lang='lat' dir='ltr'><strong>ac</strong></span> <span class='ocrx_word' id='word_1_78' title='bbox 1838 884 2005 924; x_wconf 85' lang='lat' dir='ltr'><strong>carne</strong></span> 
     </span>
    </p>
   </div>
   <div class='ocr_carea' id='block_1_14' title="bbox 431 951 2004 1017">
    <p class='ocr_par' dir='ltr' id='par_1_14' title="bbox 431 951 2004 1017">
     <span class='ocr_line' id='line_1_14' title="bbox 431 951 2004 1017; baseline 0.007 -12"><span class='ocrx_word' id='word_1_79' title='bbox 431 951 735 1007; x_wconf 78' lang='lat' dir='ltr'><strong>onerandi?</strong></span> <span class='ocrx_word' id='word_1_80' title='bbox 776 954 1054 1008; x_wconf 88' lang='lat' dir='ltr'><strong>nullamne</strong></span> <span class='ocrx_word' id='word_1_81' title='bbox 1085 955 1268 1010; x_wconf 88' lang='lat' dir='ltr'><strong>animo</strong></span> <span class='ocrx_word' id='word_1_82' title='bbox 1293 972 1359 1012; x_wconf 79' lang='lat' dir='ltr'><strong>ex</strong></span> <span class='ocrx_word' id='word_1_83' title='bbox 1385 958 1526 1014; x_wconf 91' lang='lat' dir='ltr'><strong>l&#39;ame</strong></span> <span class='ocrx_word' id='word_1_84' title='bbox 1553 968 1608 1015; x_wconf 91' lang='lat' dir='ltr'><strong>et</strong></span> <span class='ocrx_word' id='word_1_85' title='bbox 1636 960 1816 1015; x_wconf 90' lang='lat' dir='ltr'><strong>inedia</strong></span> <span class='ocrx_word' id='word_1_86' title='bbox 1850 970 2004 1017; x_wconf 84' lang='lat' dir='ltr'><strong>exta-</strong></span> 
     </span>
    </p>
   </div>
   <div class='ocr_carea' id='block_1_15' title="bbox 432 1043 2002 1111">
    <p class='ocr_par' dir='ltr' id='par_1_15' title="bbox 432 1043 2002 1111">
     <span class='ocr_line' id='line_1_15' title="bbox 432 1043 2002 1111; baseline 0.007 -13"><span class='ocrx_word' id='word_1_87' title='bbox 432 1043 709 1111; x_wconf 84' lang='lat' dir='ltr'><strong>bescente,</strong></span> <span class='ocrx_word' id='word_1_88' title='bbox 748 1045 1039 1102; x_wconf 87' lang='lat' dir='ltr'><strong>habiturus</strong></span> <span class='ocrx_word' id='word_1_89' title='bbox 1068 1062 1130 1103; x_wconf 90' lang='lat' dir='ltr'><strong>es</strong></span> <span class='ocrx_word' id='word_1_90' title='bbox 1170 1049 1439 1105; x_wconf 88' lang='lat' dir='ltr'><strong>rationem</strong></span> <span class='ocrx_word' id='word_1_91' title='bbox 1469 1051 1792 1107; x_wconf 84' lang='lat' dir='ltr'><strong>salutarium</strong></span> <span class='ocrx_word' id='word_1_92' title='bbox 1832 1068 1898 1108; x_wconf 89' lang='lat' dir='ltr'><strong>ac</strong></span> <span class='ocrx_word' id='word_1_93' title='bbox 1921 1054 2002 1108; x_wconf 89' lang='lat' dir='ltr'><strong>vi-</strong></span> 
     </span>
    </p>
   </div>
   <div class='ocr_carea' id='block_1_16' title="bbox 429 1136 2000 1215">
    <p class='ocr_par' dir='ltr' id='par_1_16' title="bbox 429 1136 2000 1215">
     <span class='ocr_line' id='line_1_16' title="bbox 429 1136 2000 1215; baseline 0.008 -26"><span class='ocrx_word' id='word_1_94' title='bbox 429 1136 712 1191; x_wconf 84' lang='lat' dir='ltr'><strong>viticorum</strong></span> <span class='ocrx_word' id='word_1_95' title='bbox 745 1138 1103 1210; x_wconf 89' lang='lat' dir='ltr'><strong>dogmatum?</strong></span> <span class='ocrx_word' id='word_1_96' title='bbox 1156 1139 1241 1194; x_wconf 89' lang='lat' dir='ltr'><strong>An</strong></span> <span class='ocrx_word' id='word_1_97' title='bbox 1274 1141 1514 1212; x_wconf 88' lang='lat' dir='ltr'><strong>ignoras,</strong></span> <span class='ocrx_word' id='word_1_98' title='bbox 1581 1143 1726 1215; x_wconf 92' lang='lat' dir='ltr'><strong>quod</strong></span> <span class='ocrx_word' id='word_1_99' title='bbox 1778 1145 2000 1214; x_wconf 82' lang='lat' dir='ltr'><strong>perinde</strong></span> 
     </span>
    </p>
   </div>
   <div class='ocr_carea' id='block_1_17' title="bbox 428 1230 1999 1305">
    <p class='ocr_par' dir='ltr' id='par_1_17' title="bbox 428 1230 1999 1305">
     <span class='ocr_line' id='line_1_17' title="bbox 428 1230 1999 1305; baseline 0.005 -22"><span class='ocrx_word' id='word_1_100' title='bbox 428 1239 591 1300; x_wconf 90' lang='lat' dir='ltr'><strong>atque</strong></span> <span class='ocrx_word' id='word_1_101' title='bbox 624 1230 681 1285; x_wconf 93' lang='lat' dir='ltr'><strong>in</strong></span> <span class='ocrx_word' id='word_1_102' title='bbox 715 1231 833 1286; x_wconf 86' lang='lat' dir='ltr'><strong>acie</strong></span> <span class='ocrx_word' id='word_1_103' title='bbox 857 1231 987 1287; x_wconf 89' lang='lat' dir='ltr'><strong>hinc</strong></span> <span class='ocrx_word' id='word_1_104' title='bbox 1010 1241 1174 1304; x_wconf 90' lang='lat' dir='ltr'><strong>atque</strong></span> <span class='ocrx_word' id='word_1_105' title='bbox 1217 1234 1346 1290; x_wconf 90' lang='lat' dir='ltr'><strong>hinc</strong></span> <span class='ocrx_word' id='word_1_106' title='bbox 1392 1236 1683 1301; x_wconf 89' lang='lat' dir='ltr'><strong>instructa,</strong></span> <span class='ocrx_word' id='word_1_107' title='bbox 1716 1237 1806 1305; x_wconf 90' lang='lat' dir='ltr'><strong>qui</strong></span> <span class='ocrx_word' id='word_1_108' title='bbox 1841 1237 1999 1292; x_wconf 89' lang='lat' dir='ltr'><strong>alteri</strong></span> 
     </span>
    </p>
   </div>
   <div class='ocr_carea' id='block_1_18' title="bbox 427 1317 1998 1391">
    <p class='ocr_par' dir='ltr' id='par_1_18' title="bbox 427 1317 1998 1391">
     <span class='ocr_line' id='line_1_18' title="bbox 427 1317 1998 1391; baseline 0.006 -20"><span class='ocrx_word' id='word_1_109' title='bbox 427 1321 571 1387; x_wconf 86' lang='lat' dir='ltr'><strong>parti</strong></span> <span class='ocrx_word' id='word_1_110' title='bbox 613 1317 718 1375; x_wconf 84' lang='lat' dir='ltr'><strong>fert</strong></span> <span class='ocrx_word' id='word_1_111' title='bbox 739 1322 1041 1391; x_wconf 84' lang='lat' dir='ltr'><strong>suppetias,</strong></span> <span class='ocrx_word' id='word_1_112' title='bbox 1092 1322 1224 1378; x_wconf 80' lang='lat' dir='ltr'><strong>facit</strong></span> <span class='ocrx_word' id='word_1_113' title='bbox 1265 1332 1325 1377; x_wconf 92' lang='lat' dir='ltr'><strong>ut</strong></span> <span class='ocrx_word' id='word_1_114' title='bbox 1359 1325 1530 1380; x_wconf 89' lang='lat' dir='ltr'><strong>altera</strong></span> <span class='ocrx_word' id='word_1_115' title='bbox 1574 1325 1872 1380; x_wconf 79' lang='lat' dir='ltr'><strong>vincatur:</strong></span> <span class='ocrx_word' id='word_1_116' title='bbox 1924 1327 1998 1381; x_wconf 91' lang='lat' dir='ltr'><strong>ita</strong></span> 
     </span>
    </p>
   </div>
   <div class='ocr_carea' id='block_1_19' title="bbox 425 1411 1998 1486">
    <p class='ocr_par' dir='ltr' id='par_1_19' title="bbox 425 1411 1998 1486">
     <span class='ocr_line' id='line_1_19' title="bbox 425 1411 1998 1486; baseline 0.005 -23"><span class='ocrx_word' id='word_1_117' title='bbox 425 1411 521 1479; x_wconf 93' lang='lat' dir='ltr'><strong>qui</strong></span> <span class='ocrx_word' id='word_1_118' title='bbox 546 1411 700 1465; x_wconf 91' lang='lat' dir='ltr'><strong>carni</strong></span> <span class='ocrx_word' id='word_1_119' title='bbox 736 1425 859 1468; x_wconf 92' lang='lat' dir='ltr'><strong>sese</strong></span> <span class='ocrx_word' id='word_1_120' title='bbox 883 1412 1151 1484; x_wconf 86' lang='lat' dir='ltr'><strong>adjungit,</strong></span> <span class='ocrx_word' id='word_1_121' title='bbox 1184 1423 1462 1484; x_wconf 74' lang='lat' dir='ltr'><strong>expugnat</strong></span> <span class='ocrx_word' id='word_1_122' title='bbox 1494 1415 1771 1485; x_wconf 85' lang='lat' dir='ltr'><strong>spiritum,</strong></span> <span class='ocrx_word' id='word_1_123' title='bbox 1807 1424 1863 1471; x_wconf 90' lang='lat' dir='ltr'><strong>et</strong></span> <span class='ocrx_word' id='word_1_124' title='bbox 1904 1417 1998 1486; x_wconf 91' lang='lat' dir='ltr'><strong>qui</strong></span> 
     </span>
    </p>
   </div>
   <div class='ocr_carea' id='block_1_20' title="bbox 426 1501 1999 1578">
    <p class='ocr_par' dir='ltr' id='par_1_20' title="bbox 426 1501 1999 1578">
     <span class='ocr_line' id='line_1_20' title="bbox 426 1501 1999 1578; baseline 0.004 -24"><span class='ocrx_word' id='word_1_125' title='bbox 426 1501 494 1555; x_wconf 90' lang='lat' dir='ltr'><strong>ad</strong></span> <span class='ocrx_word' id='word_1_126' title='bbox 524 1501 778 1572; x_wconf 84' lang='lat' dir='ltr'><strong>spiritum</strong></span> <span class='ocrx_word' id='word_1_127' title='bbox 803 1504 1019 1570; x_wconf 86' lang='lat' dir='ltr'><strong>transit,</strong></span> <span class='ocrx_word' id='word_1_128' title='bbox 1050 1519 1274 1560; x_wconf 91' lang='lat' dir='ltr'><strong>carnem</strong></span> <span class='ocrx_word' id='word_1_129' title='bbox 1320 1505 1375 1559; x_wconf 93' lang='lat' dir='ltr'><strong>in</strong></span> <span class='ocrx_word' id='word_1_130' title='bbox 1410 1506 1728 1561; x_wconf 84' lang='lat' dir='ltr'><strong>servitutem</strong></span> <span class='ocrx_word' id='word_1_131' title='bbox 1766 1506 1999 1578; x_wconf 75' lang='lat' dir='ltr'><strong>redigit?</strong></span> 
     </span>
    </p>
   </div>
   <div class='ocr_carea' id='block_1_21' title="bbox 426 1591 1995 1653">
    <p class='ocr_par' dir='ltr' id='par_1_21' title="bbox 426 1591 1995 1653">
     <span class='ocr_line' id='line_1_21' title="bbox 426 1591 1995 1653; baseline 0.001 -6"><span class='ocrx_word' id='word_1_132' title='bbox 426 1591 557 1648; x_wconf 70' lang='lat' dir='ltr'><strong>Illac</strong></span> <span class='ocrx_word' id='word_1_133' title='bbox 596 1594 735 1648; x_wconf 80' lang='lat' dir='ltr'><strong>enim</strong></span> <span class='ocrx_word' id='word_1_134' title='bbox 765 1593 866 1649; x_wconf 76' lang='lat' dir='ltr'><strong>sibi</strong></span> <span class='ocrx_word' id='word_1_135' title='bbox 909 1596 1130 1652; x_wconf 76' lang='lat' dir='ltr'><strong>invicem</strong></span> <span class='ocrx_word' id='word_1_136' title='bbox 1176 1596 1606 1652; x_wconf 79' lang='lat' dir='ltr'><strong>adversantur&quot;.</strong></span> <span class='ocrx_word' id='word_1_137' title='bbox 1660 1596 1893 1652; x_wconf 82' lang='lat' dir='ltr'><strong>Proinde</strong></span> <span class='ocrx_word' id='word_1_138' title='bbox 1948 1596 1995 1653; x_wconf 92' lang='lat' dir='ltr'><strong>si</strong></span> 
     </span>
    </p>
   </div>
   <div class='ocr_carea' id='block_1_22' title="bbox 2105 771 3692 847">
    <p class='ocr_par' dir='ltr' id='par_1_22' title="bbox 2105 771 3692 847">
     <span class='ocr_line' id='line_1_22' title="bbox 2105 771 3692 847; baseline 0.002 -19"><span class='ocrx_word' id='word_1_139' title='bbox 2105 775 2312 841; x_wconf 81' lang='grc' dir='ltr'>τάξεως</span> <span class='ocrx_word' id='word_1_140' title='bbox 2348 778 2382 846; x_wconf 87' lang='grc' dir='ltr'><strong>ή</strong></span> <span class='ocrx_word' id='word_1_141' title='bbox 2420 776 2513 829; x_wconf 87' lang='grc' dir='ltr'><strong>τοῦ</strong></span> <span class='ocrx_word' id='word_1_142' title='bbox 2542 776 2729 847; x_wconf 79' lang='grc' dir='ltr'>ἑτέρου</span> <span class='ocrx_word' id='word_1_143' title='bbox 2755 777 3040 847; x_wconf 88' lang='grc' dir='ltr'>συμμαχία</span> <span class='ocrx_word' id='word_1_144' title='bbox 3069 771 3239 847; x_wconf 78' lang='grc' dir='ltr'>ἧτταν</span> <span class='ocrx_word' id='word_1_145' title='bbox 3277 780 3424 830; x_wconf 86' lang='grc' dir='ltr'>ποιεῖ</span> <span class='ocrx_word' id='word_1_146' title='bbox 3448 777 3543 831; x_wconf 89' lang='grc' dir='ltr'><strong>τοῦ</strong></span> <span class='ocrx_word' id='word_1_147' title='bbox 3566 779 3692 831; x_wconf 78' lang='grc' dir='ltr'>ἑτέ-</span> 
     </span>
    </p>
   </div>
   <div class='ocr_carea' id='block_1_23' title="bbox 2110 866 3690 939">
    <p class='ocr_par' dir='ltr' id='par_1_23' title="bbox 2110 866 3690 939">
     <span class='ocr_line' id='line_1_23' title="bbox 2110 866 3690 939; baseline 0.001 -20"><span class='ocrx_word' id='word_1_148' title='bbox 2110 883 2224 937; x_wconf 88' lang='grc' dir='ltr'>ρου,</span> <span class='ocrx_word' id='word_1_149' title='bbox 2265 866 2439 930; x_wconf 76' lang='grc' dir='ltr'>οὕτως</span> <span class='ocrx_word' id='word_1_150' title='bbox 2467 870 2495 922; x_wconf 98' lang='lat'><strong>6</strong></span> <span class='ocrx_word' id='word_1_151' title='bbox 2520 869 2587 938; x_wconf 80' lang='grc' dir='ltr'>τῇ</span> <span class='ocrx_word' id='word_1_152' title='bbox 2613 868 2775 938; x_wconf 78' lang='grc' dir='ltr'>σαρκὶ</span> <span class='ocrx_word' id='word_1_153' title='bbox 2804 867 3174 939; x_wconf 74' lang='grc' dir='ltr'><strong>προσθέμενος</strong></span> <span class='ocrx_word' id='word_1_154' title='bbox 3204 867 3266 920; x_wconf 86' lang='grc' dir='ltr'><strong>τὸ</strong></span> <span class='ocrx_word' id='word_1_155' title='bbox 3299 867 3514 939; x_wconf 87' lang='grc' dir='ltr'>πνεῦμα</span> <span class='ocrx_word' id='word_1_156' title='bbox 3552 886 3690 922; x_wconf 85' lang='grc' dir='ltr'>κατ-</span> 
     </span>
    </p>
   </div>
   <div class='ocr_carea' id='block_1_24' title="bbox 2103 953 3690 1029">
    <p class='ocr_par' dir='ltr' id='par_1_24' title="bbox 2103 953 3690 1029">
     <span class='ocr_line' id='line_1_24' title="bbox 2103 953 3690 1029; baseline 0 -18"><span class='ocrx_word' id='word_1_157' title='bbox 2103 953 2464 1026; x_wconf 72' lang='grc' dir='ltr'>αγωνίζεται,</span> <span class='ocrx_word' id='word_1_158' title='bbox 2515 959 2609 1010; x_wconf 79' lang='grc' dir='ltr'>καὶ</span> <span class='ocrx_word' id='word_1_159' title='bbox 2650 959 2679 1011; x_wconf 91' lang='lat'><strong>6</strong></span> <span class='ocrx_word' id='word_1_160' title='bbox 2732 957 2869 1028; x_wconf 74' lang='grc' dir='ltr'>πρὸς</span> <span class='ocrx_word' id='word_1_161' title='bbox 2915 957 2976 1010; x_wconf 87' lang='grc' dir='ltr'><strong>τὸ</strong></span> <span class='ocrx_word' id='word_1_162' title='bbox 3044 956 3259 1027; x_wconf 89' lang='grc' dir='ltr'>πνεῦμα</span> <span class='ocrx_word' id='word_1_163' title='bbox 3316 957 3690 1029; x_wconf 81' lang='grc' dir='ltr'>μεταταξάμε-</span> 
     </span>
    </p>
   </div>
   <div class='ocr_carea' id='block_1_25' title="bbox 2103 1046 3688 1119">
    <p class='ocr_par' dir='ltr' id='par_1_25' title="bbox 2103 1046 3688 1119">
     <span class='ocr_line' id='line_1_25' title="bbox 2103 1046 3688 1119; baseline 0.001 -19"><span class='ocrx_word' id='word_1_164' title='bbox 2103 1065 2190 1111; x_wconf 92' lang='grc' dir='ltr'><strong>νος</strong></span> <span class='ocrx_word' id='word_1_165' title='bbox 2243 1048 2355 1117; x_wconf 75' lang='grc'>(47)</span> <span class='ocrx_word' id='word_1_166' title='bbox 2406 1048 2822 1101; x_wconf 80' lang='grc' dir='ltr'><strong>καταδουλοῦται</strong></span> <span class='ocrx_word' id='word_1_167' title='bbox 2883 1046 2980 1117; x_wconf 82' lang='grc' dir='ltr'><strong>τὴν</strong></span> <span class='ocrx_word' id='word_1_168' title='bbox 3042 1048 3253 1119; x_wconf 78' lang='grc' dir='ltr'>σάρκας</span> <span class='ocrx_word' id='word_1_169' title='bbox 3326 1047 3514 1103; x_wconf 81' lang='grc' dir='ltr'>Ταῦτα</span> <span class='ocrx_word' id='word_1_170' title='bbox 3570 1050 3688 1118; x_wconf 80' lang='grc' dir='ltr'><strong>τὰρ</strong></span> 
     </span>
    </p>
   </div>
   <div class='ocr_carea' id='block_1_26' title="bbox 2084 1124 3686 1210">
    <p class='ocr_par' dir='ltr' id='par_1_26' title="bbox 2084 1124 3686 1210">
     <span class='ocr_line' id='line_1_26' title="bbox 2084 1124 3686 1210; baseline -0.001 -16"><span class='ocrx_word' id='word_1_171' title='bbox 2084 1124 2395 1206; x_wconf 57' lang='grc' dir='ltr'>ἀλλήλοις</span> <span class='ocrx_word' id='word_1_172' title='bbox 2444 1139 2786 1194; x_wconf 80' lang='grc' dir='ltr'>ἀντίκειται.</span> <span class='ocrx_word' id='word_1_173' title='bbox 2856 1139 3055 1205; x_wconf 81' lang='grc' dir='ltr'>Ὥστε,</span> <span class='ocrx_word' id='word_1_174' title='bbox 3113 1140 3162 1191; x_wconf 84' lang='grc' dir='ltr'>εἰ</span> <span class='ocrx_word' id='word_1_175' title='bbox 3220 1138 3397 1209; x_wconf 80' lang='grc' dir='ltr'>βούλει</span> <span class='ocrx_word' id='word_1_176' title='bbox 3461 1139 3686 1210; x_wconf 75' lang='grc' dir='ltr'>ἰσχυρὸν</span> 
     </span>
    </p>
   </div>
   <div class='ocr_carea' id='block_1_27' title="bbox 2102 1231 3681 1303">
    <p class='ocr_par' dir='ltr' id='par_1_27' title="bbox 2102 1231 3681 1303">
     <span class='ocr_line' id='line_1_27' title="bbox 2102 1231 3681 1303; baseline 0.002 -19"><span class='ocrx_word' id='word_1_177' title='bbox 2102 1232 2324 1303; x_wconf 87' lang='grc' dir='ltr'>ποιῆσαι</span> <span class='ocrx_word' id='word_1_178' title='bbox 2367 1233 2459 1286; x_wconf 83' lang='grc' dir='ltr'><strong>τὸν</strong></span> <span class='ocrx_word' id='word_1_179' title='bbox 2501 1231 2647 1299; x_wconf 89' lang='grc' dir='ltr'>νοῦν,</span> <span class='ocrx_word' id='word_1_180' title='bbox 2678 1231 2924 1303; x_wconf 78' lang='grc' dir='ltr'>δάμασον</span> <span class='ocrx_word' id='word_1_181' title='bbox 2952 1231 3048 1303; x_wconf 83' lang='grc' dir='ltr'><strong>τὴν</strong></span> <span class='ocrx_word' id='word_1_182' title='bbox 3075 1232 3253 1303; x_wconf 83' lang='grc' dir='ltr'>σάρκα</span> <span class='ocrx_word' id='word_1_183' title='bbox 3277 1231 3365 1285; x_wconf 85' lang='grc' dir='ltr'>διὰ</span> <span class='ocrx_word' id='word_1_184' title='bbox 3403 1232 3681 1303; x_wconf 83' lang='grc' dir='ltr'>νηστείας.</span> 
     </span>
    </p>
   </div>
   <div class='ocr_carea' id='block_1_28' title="bbox 2101 1320 3685 1395">
    <p class='ocr_par' dir='ltr' id='par_1_28' title="bbox 2101 1320 3685 1395">
     <span class='ocr_line' id='line_1_28' title="bbox 2101 1320 3685 1395; baseline 0 -21"><span class='ocrx_word' id='word_1_185' title='bbox 2101 1322 2269 1376; x_wconf 88' lang='grc' dir='ltr'>Τοῦτο</span> <span class='ocrx_word' id='word_1_186' title='bbox 2296 1323 2404 1395; x_wconf 85' lang='grc' dir='ltr'><strong>γάρ</strong></span> <span class='ocrx_word' id='word_1_187' title='bbox 2459 1324 2606 1375; x_wconf 79' lang='grc' dir='ltr'>ἐστιν</span> <span class='ocrx_word' id='word_1_188' title='bbox 2653 1323 2682 1375; x_wconf 81' lang='grc' dir='ltr'><em>ὃ</em></span> <span class='ocrx_word' id='word_1_189' title='bbox 2724 1338 2887 1391; x_wconf 84' lang='grc' dir='ltr'>φησιν</span> <span class='ocrx_word' id='word_1_190' title='bbox 2914 1324 2945 1374; x_wconf 90' lang='lat'><strong>6</strong></span> <span class='ocrx_word' id='word_1_191' title='bbox 2990 1320 3334 1384; x_wconf 76' lang='grc' dir='ltr'>Ἀπόοτολος,</span> <span class='ocrx_word' id='word_1_192' title='bbox 3368 1321 3451 1374; x_wconf 84' lang='grc' dir='ltr'>ὅτι</span> <span class='ocrx_word' id='word_1_193' title='bbox 3487 1322 3608 1374; x_wconf 81' lang='grc' dir='ltr'>ὅσον</span> <span class='ocrx_word' id='word_1_194' title='bbox 3652 1324 3685 1374; x_wconf 89' lang='lat'><strong>6</strong></span> 
     </span>
    </p>
   </div>
   <div class='ocr_carea' id='block_1_29' title="bbox 2099 1412 3682 1487">
    <p class='ocr_par' dir='ltr' id='par_1_29' title="bbox 2099 1412 3682 1487">
     <span class='ocr_line' id='line_1_29' title="bbox 2099 1412 3682 1487; baseline 0 -19"><span class='ocrx_word' id='word_1_195' title='bbox 2099 1414 2297 1479; x_wconf 79' lang='grc' dir='ltr'>ἔξωθεν</span> <span class='ocrx_word' id='word_1_196' title='bbox 2319 1414 2601 1487; x_wconf 79' lang='grc' dir='ltr'>ἄνθρωπος</span> <span class='ocrx_word' id='word_1_197' title='bbox 2645 1414 2760 1486; x_wconf 67' lang='grc'>(48)</span> <span class='ocrx_word' id='word_1_198' title='bbox 2779 1414 3177 1485; x_wconf 88' lang='grc' dir='ltr'>διαφθείρεται,</span> <span class='ocrx_word' id='word_1_199' title='bbox 3201 1412 3451 1466; x_wconf 87' lang='grc' dir='ltr'>τοσοῦτον</span> <span class='ocrx_word' id='word_1_200' title='bbox 3480 1416 3507 1468; x_wconf 90' lang='lat'><strong>6</strong></span> <span class='ocrx_word' id='word_1_201' title='bbox 3538 1414 3682 1468; x_wconf 78' lang='grc' dir='ltr'>ἐσω-</span> 
     </span>
    </p>
   </div>
   <div class='ocr_carea' id='block_1_30' title="bbox 2100 1492 3681 1569">
    <p class='ocr_par' dir='ltr' id='par_1_30' title="bbox 2100 1492 3681 1569">
     <span class='ocr_line' id='line_1_30' title="bbox 2100 1492 3681 1569; baseline 0.001 -11"><span class='ocrx_word' id='word_1_202' title='bbox 2100 1505 2190 1558; x_wconf 89' lang='grc' dir='ltr'><strong>θεν</strong></span> <span class='ocrx_word' id='word_1_203' title='bbox 2213 1505 2628 1561; x_wconf 84' lang='grc' dir='ltr'>ἀνακαινοῦται·</span> <span class='ocrx_word' id='word_1_204' title='bbox 2654 1492 2761 1559; x_wconf 43' lang='grc' dir='ltr'>’καὶ</span> <span class='ocrx_word' id='word_1_205' title='bbox 2783 1506 2869 1559; x_wconf 86' lang='grc' dir='ltr'>τό·</span> <span class='ocrx_word' id='word_1_206' title='bbox 2904 1505 3081 1561; x_wconf 87' lang='grc' dir='ltr'>Ὅταν</span> <span class='ocrx_word' id='word_1_207' title='bbox 3106 1502 3360 1569; x_wconf 79' lang='grc' dir='ltr'>ἀσθενῶ,</span> <span class='ocrx_word' id='word_1_208' title='bbox 3402 1505 3533 1559; x_wconf 84' lang='grc' dir='ltr'>τότε</span> <span class='ocrx_word' id='word_1_209' title='bbox 3571 1505 3681 1560; x_wconf 84' lang='grc' dir='ltr'>δυ-</span> 
     </span>
    </p>
   </div>
   <div class='ocr_carea' id='block_1_31' title="bbox 2097 1578 3680 1668">
    <p class='ocr_par' dir='ltr' id='par_1_31' title="bbox 2097 1578 3680 1668">
     <span class='ocr_line' id='line_1_31' title="bbox 2097 1578 3680 1668; baseline -0.001 -16"><span class='ocrx_word' id='word_1_210' title='bbox 2097 1578 2276 1665; x_wconf 56' lang='grc' dir='ltr'>ἶατός</span> <span class='ocrx_word' id='word_1_211' title='bbox 2331 1600 2467 1668; x_wconf 81' lang='grc' dir='ltr'>ειμι.</span> <span class='ocrx_word' id='word_1_212' title='bbox 2524 1598 2599 1651; x_wconf 76' lang='grc' dir='ltr'><strong>Οὐ</strong></span> <span class='ocrx_word' id='word_1_213' title='bbox 2661 1597 3091 1668; x_wconf 83' lang='grc' dir='ltr'>καταφρονήσεις</span> <span class='ocrx_word' id='word_1_214' title='bbox 3137 1597 3243 1649; x_wconf 86' lang='grc' dir='ltr'><strong>τῶν</strong></span> <span class='ocrx_word' id='word_1_215' title='bbox 3308 1595 3680 1668; x_wconf 78' lang='grc' dir='ltr'>φθειρομένων</span> 
     </span>
    </p>
   </div>
   <div class='ocr_carea' id='block_1_32' title="bbox 418 1687 1988 1762">
    <p class='ocr_par' dir='ltr' id='par_1_32' title="bbox 418 1687 1988 1757">
     <span class='ocr_line' id='line_1_32' title="bbox 418 1687 1988 1757; baseline 0.002 -15"><span class='ocrx_word' id='word_1_216' title='bbox 418 1687 579 1757; x_wconf 87' lang='lat' dir='ltr'><strong>cupis</strong></span> <span class='ocrx_word' id='word_1_217' title='bbox 618 1697 853 1744; x_wconf 86' lang='lat' dir='ltr'><strong>mentem</strong></span> <span class='ocrx_word' id='word_1_218' title='bbox 880 1689 1110 1745; x_wconf 88' lang='lat' dir='ltr'><strong>reddere</strong></span> <span class='ocrx_word' id='word_1_219' title='bbox 1134 1689 1394 1753; x_wconf 78' lang='lat' dir='ltr'><strong>validam,</strong></span> <span class='ocrx_word' id='word_1_220' title='bbox 1433 1689 1517 1744; x_wconf 80' lang='lat' dir='ltr'><strong>lac</strong></span> <span class='ocrx_word' id='word_1_221' title='bbox 1552 1703 1775 1744; x_wconf 89' lang='lat' dir='ltr'><strong>carnem</strong></span> <span class='ocrx_word' id='word_1_222' title='bbox 1805 1690 1988 1745; x_wconf 86' lang='lat' dir='ltr'><strong>domes</strong></span> 
     </span>
    </p>
   </div>
   <div class='ocr_carea' id='block_1_33' title="bbox 2085 1687 3678 1762">
    <p class='ocr_par' dir='ltr' id='par_1_33' title="bbox 2099 1689 3678 1762">
     <span class='ocr_line' id='line_1_33' title="bbox 2099 1689 3678 1762; baseline 0 -19"><span class='ocrx_word' id='word_1_223' title='bbox 2099 1689 2433 1761; x_wconf 83' lang='grc' dir='ltr'>βρωμάτων;</span> <span class='ocrx_word' id='word_1_224' title='bbox 2478 1692 2577 1745; x_wconf 81' lang='grc' dir='ltr'><strong>οὐκ</strong></span> <span class='ocrx_word' id='word_1_225' title='bbox 2616 1690 2910 1762; x_wconf 76' lang='grc' dir='ltr'>ἐπιθυμίαν</span> <span class='ocrx_word' id='word_1_226' title='bbox 2949 1689 3095 1761; x_wconf 76' lang='grc' dir='ltr'>λήψῃ</span> <span class='ocrx_word' id='word_1_227' title='bbox 3125 1689 3225 1760; x_wconf 87' lang='grc' dir='ltr'><strong>τῆς</strong></span> <span class='ocrx_word' id='word_1_228' title='bbox 3252 1690 3309 1743; x_wconf 84' lang='grc' dir='ltr'>ὲν</span> <span class='ocrx_word' id='word_1_229' title='bbox 3334 1693 3401 1760; x_wconf 80' lang='grc' dir='ltr'>τῇ</span> <span class='ocrx_word' id='word_1_230' title='bbox 3430 1689 3678 1761; x_wconf 74' lang='grc' dir='ltr'>βασιλείᾳ</span> 
     </span>
    </p>
   </div>
   <div class='ocr_carea' id='block_1_34' title="bbox 417 1753 1988 1855">
    <p class='ocr_par' dir='ltr' id='par_1_34' title="bbox 417 1753 1988 1851">
     <span class='ocr_line' id='line_1_34' title="bbox 417 1753 1988 1851; baseline 0 -18"><span class='ocrx_word' id='word_1_231' title='bbox 417 1753 649 1850; x_wconf 79' lang='lat' dir='ltr'><strong>jejunio.</strong></span> <span class='ocrx_word' id='word_1_232' title='bbox 699 1778 814 1835; x_wconf 84' lang='lat' dir='ltr'><strong>Hoc</strong></span> <span class='ocrx_word' id='word_1_233' title='bbox 863 1779 1009 1834; x_wconf 91' lang='lat' dir='ltr'><strong>enim</strong></span> <span class='ocrx_word' id='word_1_234' title='bbox 1041 1787 1127 1835; x_wconf 91' lang='lat' dir='ltr'><strong>est</strong></span> <span class='ocrx_word' id='word_1_235' title='bbox 1177 1780 1323 1851; x_wconf 92' lang='lat' dir='ltr'><strong>quod</strong></span> <span class='ocrx_word' id='word_1_236' title='bbox 1373 1780 1449 1834; x_wconf 90' lang='lat' dir='ltr'><strong>ait</strong></span> <span class='ocrx_word' id='word_1_237' title='bbox 1501 1780 1817 1851; x_wconf 83' lang='lat' dir='ltr'><strong>Apostolus,</strong></span> <span class='ocrx_word' id='word_1_238' title='bbox 1846 1779 1988 1850; x_wconf 79' lang='lat' dir='ltr'><strong>quod</strong></span> 
     </span>
    </p>
   </div>
   <div class='ocr_carea' id='block_1_35' title="bbox 2085 1753 3677 1855">
    <p class='ocr_par' dir='ltr' id='par_1_35' title="bbox 2094 1753 3677 1855">
     <span class='ocr_line' id='line_1_35' title="bbox 2094 1753 3677 1855; baseline 0 -21"><span class='ocrx_word' id='word_1_239' title='bbox 2094 1753 2393 1854; x_wconf 70' lang='grc' dir='ltr'>τραπέζης,</span> <span class='ocrx_word' id='word_1_240' title='bbox 2420 1753 2491 1853; x_wconf 64' lang='grc' dir='ltr'>ἦν</span> <span class='ocrx_word' id='word_1_241' title='bbox 2525 1782 2740 1846; x_wconf 85' lang='grc' dir='ltr'>πάντως</span> <span class='ocrx_word' id='word_1_242' title='bbox 2850 1753 3034 1835; x_wconf 77' lang='grc' dir='ltr'>ἐνθάδε</span> <span class='ocrx_word' id='word_1_243' title='bbox 3064 1753 3285 1850; x_wconf 71' lang='grc' dir='ltr'>νηστεία</span> <span class='ocrx_word' id='word_1_244' title='bbox 3321 1753 3677 1855; x_wconf 69' lang='grc' dir='ltr'>προευτρεπί-</span> 
     </span>
    </p>
   </div>
   <div class='ocr_carea' id='block_1_36' title="bbox 419 1872 1992 1943">
    <p class='ocr_par' dir='ltr' id='par_1_36' title="bbox 419 1872 1992 1943">
     <span class='ocr_line' id='line_1_36' title="bbox 419 1872 1992 1943; baseline 0 -16"><span class='ocrx_word' id='word_1_245' title='bbox 419 1880 685 1943; x_wconf 86' lang='lat' dir='ltr'><strong>quantum</strong></span> <span class='ocrx_word' id='word_1_246' title='bbox 724 1881 985 1929; x_wconf 82' lang='lat' dir='ltr'><strong>externus</strong></span> <span class='ocrx_word' id='word_1_247' title='bbox 1013 1872 1178 1927; x_wconf 90' lang='lat' dir='ltr'><strong>homo</strong></span> <span class='ocrx_word' id='word_1_248' title='bbox 1225 1873 1622 1943; x_wconf 90' lang='lat' dir='ltr'><strong>corrumpitur,</strong></span> <span class='ocrx_word' id='word_1_249' title='bbox 1667 1880 1877 1927; x_wconf 89' lang='lat' dir='ltr'><strong>tantum</strong></span> <span class='ocrx_word' id='word_1_250' title='bbox 1908 1872 1992 1927; x_wconf 91' lang='lat' dir='ltr'><strong>in-</strong></span> 
     </span>
    </p>
   </div>
   <div class='ocr_carea' id='block_1_37' title="bbox 420 1962 1990 2033">
    <p class='ocr_par' dir='ltr' id='par_1_37' title="bbox 420 1962 1990 2033">
     <span class='ocr_line' id='line_1_37' title="bbox 420 1962 1990 2033; baseline -0.001 -15"><span class='ocrx_word' id='word_1_251' title='bbox 420 1976 611 2022; x_wconf 74' lang='lat' dir='ltr'><strong>ter-nus</strong></span> <span class='ocrx_word' id='word_1_252' title='bbox 662 1974 958 2021; x_wconf 82' lang='lat' dir='ltr'><strong>renovatur</strong></span> <span class='ocrx_word' id='word_1_253' title='bbox 993 1964 1060 2018; x_wconf 78' lang='grc'><strong>³⁸.</strong></span> <span class='ocrx_word' id='word_1_254' title='bbox 1115 1962 1243 2018; x_wconf 86' lang='lat' dir='ltr'><strong>Item</strong></span> <span class='ocrx_word' id='word_1_255' title='bbox 1303 1963 1440 2019; x_wconf 91' lang='lat' dir='ltr'><strong>illud</strong></span> <span class='ocrx_word' id='word_1_256' title='bbox 1477 1984 1489 2018; x_wconf 93' lang='lat'><strong>:</strong></span> <span class='ocrx_word' id='word_1_257' title='bbox 1525 1962 1660 2019; x_wconf 86' lang='lat' dir='ltr'><strong>Cum</strong></span> <span class='ocrx_word' id='word_1_258' title='bbox 1725 1965 1990 2033; x_wconf 79' lang='lat' dir='ltr'><strong>inﬁrmor,</strong></span> 
     </span>
    </p>
   </div>
   <div class='ocr_carea' id='block_1_38' title="bbox 420 2052 1992 2124">
    <p class='ocr_par' dir='ltr' id='par_1_38' title="bbox 420 2052 1992 2124">
     <span class='ocr_line' id='line_1_38' title="bbox 420 2052 1992 2124; baseline 0.001 -17"><span class='ocrx_word' id='word_1_259' title='bbox 420 2065 545 2109; x_wconf 83' lang='lat' dir='ltr'><strong>tunc</strong></span> <span class='ocrx_word' id='word_1_260' title='bbox 608 2063 788 2124; x_wconf 74' lang='lat' dir='ltr'><strong>potens</strong></span> <span class='ocrx_word' id='word_1_261' title='bbox 839 2055 1038 2110; x_wconf 78' lang='lat' dir='ltr'><strong>sum&quot;.</strong></span> <span class='ocrx_word' id='word_1_262' title='bbox 1112 2052 1263 2109; x_wconf 85' lang='lat' dir='ltr'><strong>Itane</strong></span> <span class='ocrx_word' id='word_1_263' title='bbox 1322 2069 1433 2109; x_wconf 88' lang='lat' dir='ltr'><strong>non</strong></span> <span class='ocrx_word' id='word_1_264' title='bbox 1473 2065 1787 2115; x_wconf 85' lang='lat' dir='ltr'><strong>contemnes</strong></span> <span class='ocrx_word' id='word_1_265' title='bbox 1856 2054 1992 2112; x_wconf 88' lang='lat' dir='ltr'><strong>istas</strong></span> 
     </span>
    </p>
   </div>
   <div class='ocr_carea' id='block_1_39' title="bbox 418 2145 1992 2216">
    <p class='ocr_par' dir='ltr' id='par_1_39' title="bbox 418 2145 1992 2216">
     <span class='ocr_line' id='line_1_39' title="bbox 418 2145 1992 2216; baseline -0.001 -15"><span class='ocrx_word' id='word_1_266' title='bbox 418 2160 601 2211; x_wconf 84' lang='lat' dir='ltr'><strong>escas,</strong></span> <span class='ocrx_word' id='word_1_267' title='bbox 618 2160 740 2216; x_wconf 72' lang='lat' dir='ltr'><strong>quae</strong></span> <span class='ocrx_word' id='word_1_268' title='bbox 765 2152 1196 2216; x_wconf 83' lang='lat' dir='ltr'><strong>corrumpuntur</strong></span> <span class='ocrx_word' id='word_1_269' title='bbox 1216 2146 1238 2198; x_wconf 88' lang='lat'><strong>?</strong></span> <span class='ocrx_word' id='word_1_270' title='bbox 1256 2146 1404 2201; x_wconf 87' lang='lat' dir='ltr'><strong>itane</strong></span> <span class='ocrx_word' id='word_1_271' title='bbox 1434 2159 1542 2200; x_wconf 86' lang='lat' dir='ltr'><strong>non</strong></span> <span class='ocrx_word' id='word_1_272' title='bbox 1566 2152 1621 2200; x_wconf 90' lang='lat' dir='ltr'><strong>te</strong></span> <span class='ocrx_word' id='word_1_273' title='bbox 1647 2145 1823 2215; x_wconf 85' lang='lat' dir='ltr'><strong>capiet</strong></span> <span class='ocrx_word' id='word_1_274' title='bbox 1846 2145 1992 2200; x_wconf 90' lang='lat' dir='ltr'><strong>illius</strong></span> 
     </span>
    </p>
   </div>
   <div class='ocr_carea' id='block_1_40' title="bbox 417 2235 1988 2307">
    <p class='ocr_par' dir='ltr' id='par_1_40' title="bbox 417 2235 1988 2307">
     <span class='ocr_line' id='line_1_40' title="bbox 417 2235 1988 2307; baseline -0.001 -17"><span class='ocrx_word' id='word_1_275' title='bbox 417 2252 622 2293; x_wconf 58' lang='lat' dir='ltr'><strong>mensa</strong></span> <span class='ocrx_word' id='word_1_276' title='bbox 672 2235 1045 2301; x_wconf 87' lang='lat' dir='ltr'><strong>desiderium,</strong></span> <span class='ocrx_word' id='word_1_277' title='bbox 1097 2251 1220 2307; x_wconf 72' lang='lat' dir='ltr'><strong>quae</strong></span> <span class='ocrx_word' id='word_1_278' title='bbox 1267 2248 1351 2291; x_wconf 85' lang='lat' dir='ltr'><strong>est</strong></span> <span class='ocrx_word' id='word_1_279' title='bbox 1393 2236 1449 2290; x_wconf 90' lang='lat' dir='ltr'><strong>in</strong></span> <span class='ocrx_word' id='word_1_280' title='bbox 1488 2251 1655 2307; x_wconf 86' lang='lat' dir='ltr'><strong>regno</strong></span> <span class='ocrx_word' id='word_1_281' title='bbox 1701 2236 1988 2299; x_wconf 76' lang='lat' dir='ltr'><strong>cmlorum,</strong></span> 
     </span>
    </p>
   </div>
   <div class='ocr_carea' id='block_1_41' title="bbox 416 2327 1990 2399">
    <p class='ocr_par' dir='ltr' id='par_1_41' title="bbox 416 2327 1990 2399">
     <span class='ocr_line' id='line_1_41' title="bbox 416 2327 1990 2399; baseline 0 -18"><span class='ocrx_word' id='word_1_282' title='bbox 416 2343 579 2396; x_wconf 91' lang='lat' dir='ltr'><strong>qnam</strong></span> <span class='ocrx_word' id='word_1_283' title='bbox 614 2343 842 2398; x_wconf 88' lang='lat' dir='ltr'><strong>prorsus</strong></span> <span class='ocrx_word' id='word_1_284' title='bbox 886 2328 976 2383; x_wconf 87' lang='lat' dir='ltr'><strong>hic</strong></span> <span class='ocrx_word' id='word_1_285' title='bbox 1026 2327 1332 2399; x_wconf 88' lang='lat' dir='ltr'><strong>jejunando</strong></span> <span class='ocrx_word' id='word_1_286' title='bbox 1367 2327 1468 2382; x_wconf 89' lang='lat' dir='ltr'><strong>tibi</strong></span> <span class='ocrx_word' id='word_1_287' title='bbox 1499 2328 1868 2398; x_wconf 73' lang='lat' dir='ltr'><strong>praeparabis?</strong></span> <span class='ocrx_word' id='word_1_288' title='bbox 1906 2327 1990 2381; x_wconf 89' lang='lat' dir='ltr'><strong>An</strong></span> 
     </span>
    </p>
   </div>
   <div class='ocr_carea' id='block_1_42' title="bbox 416 2419 1992 2490">
    <p class='ocr_par' dir='ltr' id='par_1_42' title="bbox 416 2419 1992 2490">
     <span class='ocr_line' id='line_1_42' title="bbox 416 2419 1992 2490; baseline 0.001 -19"><span class='ocrx_word' id='word_1_289' title='bbox 416 2419 658 2490; x_wconf 88' lang='lat' dir='ltr'><strong>ignoras,</strong></span> <span class='ocrx_word' id='word_1_290' title='bbox 683 2419 830 2490; x_wconf 89' lang='lat' dir='ltr'><strong>quod</strong></span> <span class='ocrx_word' id='word_1_291' title='bbox 852 2419 1211 2475; x_wconf 89' lang='lat' dir='ltr'><strong>immoderata</strong></span> <span class='ocrx_word' id='word_1_292' title='bbox 1245 2419 1559 2488; x_wconf 80' lang='lat' dir='ltr'><strong>expletione</strong></span> <span class='ocrx_word' id='word_1_293' title='bbox 1605 2419 1701 2474; x_wconf 87' lang='lat' dir='ltr'><strong>tibi</strong></span> <span class='ocrx_word' id='word_1_294' title='bbox 1731 2419 1834 2488; x_wconf 90' lang='lat' dir='ltr'><strong>ipsi</strong></span> <span class='ocrx_word' id='word_1_295' title='bbox 1868 2419 1992 2488; x_wconf 87' lang='lat' dir='ltr'><strong>pin-</strong></span> 
     </span>
    </p>
   </div>
   <div class='ocr_carea' id='block_1_43' title="bbox 416 2511 1991 2583">
    <p class='ocr_par' dir='ltr' id='par_1_43' title="bbox 416 2511 1991 2583">
     <span class='ocr_line' id='line_1_43' title="bbox 416 2511 1991 2583; baseline 0.001 -19"><span class='ocrx_word' id='word_1_296' title='bbox 416 2526 575 2581; x_wconf 86' lang='lat' dir='ltr'><strong>guem</strong></span> <span class='ocrx_word' id='word_1_297' title='bbox 598 2518 863 2568; x_wconf 88' lang='lat' dir='ltr'><strong>tortorem</strong></span> <span class='ocrx_word' id='word_1_298' title='bbox 886 2528 1125 2568; x_wconf 88' lang='lat' dir='ltr'><strong>vermem</strong></span> <span class='ocrx_word' id='word_1_299' title='bbox 1151 2512 1357 2583; x_wconf 85' lang='lat' dir='ltr'><strong>paras?</strong></span> <span class='ocrx_word' id='word_1_300' title='bbox 1384 2511 1520 2578; x_wconf 84' lang='lat' dir='ltr'><strong>Quis</strong></span> <span class='ocrx_word' id='word_1_301' title='bbox 1548 2512 1694 2566; x_wconf 91' lang='lat' dir='ltr'><strong>enim</strong></span> <span class='ocrx_word' id='word_1_302' title='bbox 1719 2511 1776 2565; x_wconf 93' lang='lat' dir='ltr'><strong>in</strong></span> <span class='ocrx_word' id='word_1_303' title='bbox 1807 2512 1991 2581; x_wconf 86' lang='lat' dir='ltr'><strong>splen-</strong></span> 
     </span>
    </p>
   </div>
   <div class='ocr_carea' id='block_1_44' title="bbox 414 2601 1989 2674">
    <p class='ocr_par' dir='ltr' id='par_1_44' title="bbox 414 2601 1989 2674">
     <span class='ocr_line' id='line_1_44' title="bbox 414 2601 1989 2674; baseline 0.001 -17"><span class='ocrx_word' id='word_1_304' title='bbox 414 2601 559 2659; x_wconf 90' lang='lat' dir='ltr'><strong>didis</strong></span> <span class='ocrx_word' id='word_1_305' title='bbox 585 2604 786 2673; x_wconf 90' lang='lat' dir='ltr'><strong>epulis,</strong></span> <span class='ocrx_word' id='word_1_306' title='bbox 820 2605 1211 2674; x_wconf 87' lang='lat' dir='ltr'><strong>perpetuisque</strong></span> <span class='ocrx_word' id='word_1_307' title='bbox 1251 2604 1471 2660; x_wconf 88' lang='lat' dir='ltr'><strong>deliciis</strong></span> <span class='ocrx_word' id='word_1_308' title='bbox 1501 2604 1775 2674; x_wconf 87' lang='lat' dir='ltr'><strong>particeps</strong></span> <span class='ocrx_word' id='word_1_309' title='bbox 1809 2602 1989 2659; x_wconf 83' lang='lat' dir='ltr'><strong>factus</strong></span> 
     </span>
    </p>
   </div>
   <div class='ocr_carea' id='block_1_45' title="bbox 413 2691 1991 2764">
    <p class='ocr_par' dir='ltr' id='par_1_45' title="bbox 413 2691 1991 2764">
     <span class='ocr_line' id='line_1_45' title="bbox 413 2691 1991 2764; baseline -0.002 -16"><span class='ocrx_word' id='word_1_310' title='bbox 413 2700 498 2748; x_wconf 87' lang='lat' dir='ltr'><strong>est</strong></span> <span class='ocrx_word' id='word_1_311' title='bbox 530 2694 695 2749; x_wconf 89' lang='lat' dir='ltr'><strong>ullius</strong></span> <span class='ocrx_word' id='word_1_312' title='bbox 719 2694 846 2749; x_wconf 87' lang='lat' dir='ltr'><strong>doni</strong></span> <span class='ocrx_word' id='word_1_313' title='bbox 878 2694 1222 2764; x_wconf 83' lang='lat' dir='ltr'><strong>spiritualis?</strong></span> <span class='ocrx_word' id='word_1_314' title='bbox 1252 2692 1465 2763; x_wconf 85' lang='lat' dir='ltr'><strong>Moyses</strong></span> <span class='ocrx_word' id='word_1_315' title='bbox 1497 2699 1555 2746; x_wconf 94' lang='lat' dir='ltr'><strong>ut</strong></span> <span class='ocrx_word' id='word_1_316' title='bbox 1579 2691 1806 2746; x_wconf 86' lang='lat' dir='ltr'><strong>alteram</strong></span> <span class='ocrx_word' id='word_1_317' title='bbox 1845 2692 1991 2747; x_wconf 86' lang='lat' dir='ltr'><strong>acci-</strong></span> 
     </span>
    </p>
   </div>
   <div class='ocr_carea' id='block_1_46' title="bbox 414 2782 1989 2857">
    <p class='ocr_par' dir='ltr' id='par_1_46' title="bbox 414 2782 1989 2857">
     <span class='ocr_line' id='line_1_46' title="bbox 414 2782 1989 2857; baseline -0.003 -16"><span class='ocrx_word' id='word_1_318' title='bbox 414 2792 570 2855; x_wconf 77' lang='lat' dir='ltr'><strong>peret</strong></span> <span class='ocrx_word' id='word_1_319' title='bbox 596 2786 788 2856; x_wconf 83' lang='lat' dir='ltr'><strong>legem,</strong></span> <span class='ocrx_word' id='word_1_320' title='bbox 822 2786 995 2841; x_wconf 90' lang='lat' dir='ltr'><strong>altero</strong></span> <span class='ocrx_word' id='word_1_321' title='bbox 1038 2785 1248 2856; x_wconf 86' lang='lat' dir='ltr'><strong>jejunio</strong></span> <span class='ocrx_word' id='word_1_322' title='bbox 1313 2801 1455 2857; x_wconf 81' lang='lat' dir='ltr'><strong>Opus</strong></span> <span class='ocrx_word' id='word_1_323' title='bbox 1482 2783 1691 2838; x_wconf 86' lang='lat' dir='ltr'><strong>habuit.</strong></span> <span class='ocrx_word' id='word_1_324' title='bbox 1730 2782 1848 2838; x_wconf 87' lang='lat' dir='ltr'><strong>Nisi</strong></span> <span class='ocrx_word' id='word_1_325' title='bbox 1882 2798 1989 2837; x_wconf 92' lang='lat' dir='ltr'><strong>una</strong></span> 
     </span>
    </p>
   </div>
   <div class='ocr_carea' id='block_1_47' title="bbox 414 2873 1987 2946">
    <p class='ocr_par' dir='ltr' id='par_1_47' title="bbox 414 2873 1987 2946">
     <span class='ocr_line' id='line_1_47' title="bbox 414 2873 1987 2946; baseline -0.003 -16"><span class='ocrx_word' id='word_1_326' title='bbox 414 2889 540 2930; x_wconf 90' lang='lat' dir='ltr'><strong>cum</strong></span> <span class='ocrx_word' id='word_1_327' title='bbox 582 2874 837 2931; x_wconf 80' lang='lat' dir='ltr'><strong>Ninivitis</strong></span> <span class='ocrx_word' id='word_1_328' title='bbox 887 2876 1231 2946; x_wconf 90' lang='lat' dir='ltr'><strong>jejunassent</strong></span> <span class='ocrx_word' id='word_1_329' title='bbox 1269 2883 1325 2932; x_wconf 90' lang='lat' dir='ltr'><strong>et</strong></span> <span class='ocrx_word' id='word_1_330' title='bbox 1357 2876 1472 2946; x_wconf 84' lang='lat' dir='ltr'><strong>ipsa</strong></span> <span class='ocrx_word' id='word_1_331' title='bbox 1515 2876 1676 2929; x_wconf 87' lang='lat' dir='ltr'><strong>bruta</strong></span> <span class='ocrx_word' id='word_1_332' title='bbox 1707 2873 1987 2937; x_wconf 90' lang='lat' dir='ltr'><strong>animalia,</strong></span> 
     </span>
    </p>
   </div>
   <div class='ocr_carea' id='block_1_48' title="bbox 416 2965 1989 3039">
    <p class='ocr_par' dir='ltr' id='par_1_48' title="bbox 416 2965 1989 3039">
     <span class='ocr_line' id='line_1_48' title="bbox 416 2965 1989 3039; baseline -0.003 -18"><span class='ocrx_word' id='word_1_333' title='bbox 416 2965 831 3039; x_wconf 81' lang='lat' dir='ltr'><strong>haudquaquam</strong></span> <span class='ocrx_word' id='word_1_334' title='bbox 893 2966 1211 3039; x_wconf 74' lang='lat' dir='ltr'><strong>eﬂ‘ugissent</strong></span> <span class='ocrx_word' id='word_1_335' title='bbox 1266 2966 1643 3023; x_wconf 85' lang='lat' dir='ltr'><strong>subversionis</strong></span> <span class='ocrx_word' id='word_1_336' title='bbox 1688 2965 1989 3019; x_wconf 90' lang='lat' dir='ltr'><strong>commina-</strong></span> 
     </span>
    </p>
   </div>
   <div class='ocr_carea' id='block_1_49' title="bbox 413 3056 2054 3149">
    <p class='ocr_par' dir='ltr' id='par_1_49' title="bbox 413 3056 2054 3149">
     <span class='ocr_line' id='line_1_49' title="bbox 413 3056 2054 3149; baseline -0.002 -34"><span class='ocrx_word' id='word_1_337' title='bbox 413 3060 615 3115; x_wconf 90' lang='lat' dir='ltr'><strong>tionem</strong></span> <span class='ocrx_word' id='word_1_338' title='bbox 639 3060 707 3113; x_wconf 82' lang='grc'><strong>³⁸.</strong></span> <span class='ocrx_word' id='word_1_339' title='bbox 740 3059 983 3126; x_wconf 84' lang='lat' dir='ltr'><strong>Quorum</strong></span> <span class='ocrx_word' id='word_1_340' title='bbox 1022 3059 1285 3115; x_wconf 85' lang='lat' dir='ltr'><strong>cadavera</strong></span> <span class='ocrx_word' id='word_1_341' title='bbox 1330 3068 1603 3129; x_wconf 89' lang='lat' dir='ltr'><strong>prostrata</strong></span> <span class='ocrx_word' id='word_1_342' title='bbox 1651 3064 1778 3112; x_wconf 90' lang='lat' dir='ltr'><strong>sunt</strong></span> <span class='ocrx_word' id='word_1_343' title='bbox 1808 3056 1861 3110; x_wconf 92' lang='lat' dir='ltr'><strong>in</strong></span> <span class='ocrx_word' id='word_1_344' title='bbox 1900 3056 1990 3111; x_wconf 93' lang='lat' dir='ltr'><strong>de-</strong></span> <span class='ocrx_word' id='word_1_345' title='bbox 2013 3095 2054 3149; x_wconf 65' lang='grc' dir='ltr'>Ο</span> 
     </span>
    </p>
   </div>
   <div class='ocr_carea' id='block_1_50' title="bbox 412 3148 1981 3222">
    <p class='ocr_par' dir='ltr' id='par_1_50' title="bbox 412 3148 1981 3222">
     <span class='ocr_line' id='line_1_50' title="bbox 412 3148 1981 3222; baseline -0.003 -15"><span class='ocrx_word' id='word_1_346' title='bbox 412 3163 560 3208; x_wconf 86' lang='lat' dir='ltr'><strong>serto</strong></span> <span class='ocrx_word' id='word_1_347' title='bbox 582 3152 627 3184; x_wconf 85' lang='grc'><strong>³⁹</strong></span> <span class='ocrx_word' id='word_1_348' title='bbox 655 3152 680 3206; x_wconf 83' lang='lat'><strong>?</strong></span> <span class='ocrx_word' id='word_1_349' title='bbox 711 3150 901 3207; x_wconf 84' lang='lat' dir='ltr'><strong>Nonne</strong></span> <span class='ocrx_word' id='word_1_350' title='bbox 942 3167 1156 3217; x_wconf 90' lang='lat' dir='ltr'><strong>eorum,</strong></span> <span class='ocrx_word' id='word_1_351' title='bbox 1188 3152 1281 3222; x_wconf 89' lang='lat' dir='ltr'><strong>qui</strong></span> <span class='ocrx_word' id='word_1_352' title='bbox 1314 3167 1471 3206; x_wconf 88' lang='lat' dir='ltr'><strong>esum</strong></span> <span class='ocrx_word' id='word_1_353' title='bbox 1504 3151 1750 3205; x_wconf 88' lang='lat' dir='ltr'><strong>carnium</strong></span> <span class='ocrx_word' id='word_1_354' title='bbox 1775 3148 1981 3219; x_wconf 83' lang='lat' dir='ltr'><strong>ﬂagita-</strong></span> 
     </span>
    </p>
   </div>
   <div class='ocr_carea' id='block_1_51' title="bbox 2097 1871 3676 1946">
    <p class='ocr_par' dir='ltr' id='par_1_51' title="bbox 2097 1871 3676 1946">
     <span class='ocr_line' id='line_1_51' title="bbox 2097 1871 3676 1946; baseline -0.001 -20"><span class='ocrx_word' id='word_1_355' title='bbox 2097 1891 2205 1940; x_wconf 88' lang='grc' dir='ltr'>σει;</span> <span class='ocrx_word' id='word_1_356' title='bbox 2255 1875 2492 1941; x_wconf 85' lang='grc' dir='ltr'>Ἀγνοεῖς</span> <span class='ocrx_word' id='word_1_357' title='bbox 2529 1877 2594 1946; x_wconf 83' lang='grc' dir='ltr'>τῇ</span> <span class='ocrx_word' id='word_1_358' title='bbox 2627 1874 2862 1946; x_wconf 79' lang='grc' dir='ltr'>ἀμετρίᾳ</span> <span class='ocrx_word' id='word_1_359' title='bbox 2893 1875 2986 1928; x_wconf 90' lang='grc' dir='ltr'><strong>τοῦ</strong></span> <span class='ocrx_word' id='word_1_360' title='bbox 3021 1873 3184 1944; x_wconf 87' lang='grc' dir='ltr'>κόρου</span> <span class='ocrx_word' id='word_1_361' title='bbox 3226 1874 3405 1943; x_wconf 81' lang='grc' dir='ltr'>παχὺν</span> <span class='ocrx_word' id='word_1_362' title='bbox 3459 1871 3676 1943; x_wconf 85' lang='grc' dir='ltr'>σεαυτῷ</span> 
     </span>
    </p>
   </div>
   <div class='ocr_carea' id='block_1_52' title="bbox 2088 1963 3672 2039">
    <p class='ocr_par' dir='ltr' id='par_1_52' title="bbox 2088 1963 3672 2039">
     <span class='ocr_line' id='line_1_52' title="bbox 2088 1963 3672 2039; baseline -0.001 -21"><span class='ocrx_word' id='word_1_363' title='bbox 2088 1965 2183 2039; x_wconf 57' lang='grc' dir='ltr'><strong>τὸν</strong></span> <span class='ocrx_word' id='word_1_364' title='bbox 2214 1965 2538 2036; x_wconf 85' lang='grc' dir='ltr'>βασανιστὴν</span> <span class='ocrx_word' id='word_1_365' title='bbox 2569 1966 2994 2030; x_wconf 77' lang='grc' dir='ltr'>κατασκευάζων</span> <span class='ocrx_word' id='word_1_366' title='bbox 3034 1964 3325 2036; x_wconf 86' lang='grc' dir='ltr'>σκώληκα;</span> <span class='ocrx_word' id='word_1_367' title='bbox 3354 1963 3450 2028; x_wconf 89' lang='grc' dir='ltr'><strong>Τίς</strong></span> <span class='ocrx_word' id='word_1_368' title='bbox 3474 1963 3582 2035; x_wconf 83' lang='grc' dir='ltr'>γὰρ</span> <span class='ocrx_word' id='word_1_369' title='bbox 3609 1966 3672 2017; x_wconf 83' lang='grc' dir='ltr'>ὲν</span> 
     </span>
    </p>
   </div>
   <div class='ocr_carea' id='block_1_53' title="bbox 2092 2052 3670 2125">
    <p class='ocr_par' dir='ltr' id='par_1_53' title="bbox 2092 2052 3670 2125">
     <span class='ocr_line' id='line_1_53' title="bbox 2092 2052 3670 2125; baseline 0 -18"><span class='ocrx_word' id='word_1_370' title='bbox 2092 2057 2265 2125; x_wconf 81' lang='grc' dir='ltr'>τροφῇ</span> <span class='ocrx_word' id='word_1_371' title='bbox 2293 2053 2504 2125; x_wconf 77' lang='grc' dir='ltr'>δαψιλεῖ</span> <span class='ocrx_word' id='word_1_372' title='bbox 2535 2055 2629 2108; x_wconf 77' lang='grc' dir='ltr'><strong>καὶ</strong></span> <span class='ocrx_word' id='word_1_373' title='bbox 2669 2057 2847 2125; x_wconf 81' lang='grc' dir='ltr'>τρυφῇ</span> <span class='ocrx_word' id='word_1_374' title='bbox 2893 2054 3129 2125; x_wconf 86' lang='grc' dir='ltr'>διηνεκεῖ</span> <span class='ocrx_word' id='word_1_375' title='bbox 3165 2054 3381 2120; x_wconf 75' lang='grc' dir='ltr'>ἐδέξατο</span> <span class='ocrx_word' id='word_1_376' title='bbox 3415 2071 3535 2107; x_wconf 89' lang='grc' dir='ltr'>τινα</span> <span class='ocrx_word' id='word_1_377' title='bbox 3554 2052 3670 2125; x_wconf 72' lang='grc'>(49)</span> 
     </span>
    </p>
   </div>
   <div class='ocr_carea' id='block_1_54' title="bbox 2092 2145 3672 2218">
    <p class='ocr_par' dir='ltr' id='par_1_54' title="bbox 2092 2145 3672 2218">
     <span class='ocr_line' id='line_1_54' title="bbox 2092 2145 3672 2218; baseline -0.001 -18"><span class='ocrx_word' id='word_1_378' title='bbox 2092 2147 2377 2200; x_wconf 85' lang='grc' dir='ltr'>κοινωνίαν</span> <span class='ocrx_word' id='word_1_379' title='bbox 2411 2147 2748 2218; x_wconf 84' lang='grc' dir='ltr'>χαρίσματος</span> <span class='ocrx_word' id='word_1_380' title='bbox 2796 2146 3163 2217; x_wconf 82' lang='grc' dir='ltr'>πνευματικοῦ</span> <span class='ocrx_word' id='word_1_381' title='bbox 3192 2162 3206 2210; x_wconf 90' lang='lat'><strong>;</strong></span> <span class='ocrx_word' id='word_1_382' title='bbox 3242 2146 3501 2216; x_wconf 84' lang='grc' dir='ltr'>Μωῦσῆς,</span> <span class='ocrx_word' id='word_1_383' title='bbox 3540 2145 3633 2199; x_wconf 77' lang='grc' dir='ltr'><strong>δευ</strong></span> <span class='ocrx_word' id='word_1_384' title='bbox 3660 2175 3672 2187; x_wconf 92' lang='grc'><strong>-</strong></span> 
     </span>
    </p>
   </div>
   <div class='ocr_carea' id='block_1_55' title="bbox 2090 2237 3667 2310">
    <p class='ocr_par' dir='ltr' id='par_1_55' title="bbox 2090 2237 3667 2310">
     <span class='ocr_line' id='line_1_55' title="bbox 2090 2237 3667 2310; baseline -0.003 -18"><span class='ocrx_word' id='word_1_385' title='bbox 2090 2240 2255 2310; x_wconf 88' lang='grc' dir='ltr'>τέραν</span> <span class='ocrx_word' id='word_1_386' title='bbox 2281 2239 2572 2309; x_wconf 78' lang='grc' dir='ltr'>λαμϐάνων</span> <span class='ocrx_word' id='word_1_387' title='bbox 2593 2238 2935 2309; x_wconf 88' lang='grc' dir='ltr'>νομοθεσίαν,</span> <span class='ocrx_word' id='word_1_388' title='bbox 2958 2237 3214 2307; x_wconf 80' lang='grc' dir='ltr'>δευτέρας</span> <span class='ocrx_word' id='word_1_389' title='bbox 3227 2237 3478 2307; x_wconf 86' lang='grc' dir='ltr'>νηστείας</span> <span class='ocrx_word' id='word_1_390' title='bbox 3493 2253 3667 2307; x_wconf 82' lang='grc' dir='ltr'>προσ-</span> 
     </span>
    </p>
   </div>
   <div class='ocr_carea' id='block_1_56' title="bbox 2091 2326 3667 2401">
    <p class='ocr_par' dir='ltr' id='par_1_56' title="bbox 2091 2326 3667 2401">
     <span class='ocr_line' id='line_1_56' title="bbox 2091 2326 3667 2401; baseline 0 -20"><span class='ocrx_word' id='word_1_391' title='bbox 2091 2328 2305 2400; x_wconf 79' lang='grc' dir='ltr'>εδεήθη.</span> <span class='ocrx_word' id='word_1_392' title='bbox 2349 2328 2660 2392; x_wconf 76' lang='grc' dir='ltr'>Νινευῖταις</span> <span class='ocrx_word' id='word_1_393' title='bbox 2692 2330 2742 2381; x_wconf 83' lang='grc' dir='ltr'><strong>εί</strong></span> <span class='ocrx_word' id='word_1_394' title='bbox 2780 2327 2854 2398; x_wconf 83' lang='grc' dir='ltr'>μὴ</span> <span class='ocrx_word' id='word_1_395' title='bbox 2886 2326 2980 2381; x_wconf 76' lang='grc' dir='ltr'><strong>καὶ</strong></span> <span class='ocrx_word' id='word_1_396' title='bbox 3017 2327 3085 2381; x_wconf 81' lang='grc' dir='ltr'>τὰ</span> <span class='ocrx_word' id='word_1_397' title='bbox 3115 2326 3281 2393; x_wconf 82' lang='grc' dir='ltr'>ἄλογα</span> <span class='ocrx_word' id='word_1_398' title='bbox 3312 2328 3667 2401; x_wconf 71' lang='grc' dir='ltr'>συνενήστευ-</span> 
     </span>
    </p>
   </div>
   <div class='ocr_carea' id='block_1_57' title="bbox 2086 2417 3663 2495">
    <p class='ocr_par' dir='ltr' id='par_1_57' title="bbox 2086 2417 3663 2495">
     <span class='ocr_line' id='line_1_57' title="bbox 2086 2417 3663 2495; baseline 0.001 -23"><span class='ocrx_word' id='word_1_399' title='bbox 2086 2437 2184 2495; x_wconf 51' lang='grc' dir='ltr'>ᾖεν</span> <span class='ocrx_word' id='word_1_400' title='bbox 2202 2459 2218 2484; x_wconf 92' lang='grc'><strong>,</strong></span> <span class='ocrx_word' id='word_1_401' title='bbox 2251 2422 2351 2472; x_wconf 85' lang='grc' dir='ltr'><strong>οὐκ</strong></span> <span class='ocrx_word' id='word_1_402' title='bbox 2382 2418 2447 2473; x_wconf 81' lang='grc' dir='ltr'><strong>ἂν</strong></span> <span class='ocrx_word' id='word_1_403' title='bbox 2483 2419 2736 2489; x_wconf 79' lang='grc' dir='ltr'>διέφυγον</span> <span class='ocrx_word' id='word_1_404' title='bbox 2764 2418 2859 2489; x_wconf 81' lang='grc' dir='ltr'>τὴν</span> <span class='ocrx_word' id='word_1_405' title='bbox 2884 2417 3111 2489; x_wconf 82' lang='grc' dir='ltr'>ἀπειλήν</span> <span class='ocrx_word' id='word_1_406' title='bbox 3138 2418 3235 2489; x_wconf 85' lang='grc' dir='ltr'><strong>τῆς</strong></span> <span class='ocrx_word' id='word_1_407' title='bbox 3260 2419 3663 2489; x_wconf 80' lang='grc' dir='ltr'>καταστροφῆς.</span> 
     </span>
    </p>
   </div>
   <div class='ocr_carea' id='block_1_58' title="bbox 2091 2508 3668 2585">
    <p class='ocr_par' dir='ltr' id='par_1_58' title="bbox 2091 2508 3668 2585">
     <span class='ocr_line' id='line_1_58' title="bbox 2091 2508 3668 2585; baseline -0.001 -20"><span class='ocrx_word' id='word_1_408' title='bbox 2091 2509 2263 2565; x_wconf 85' lang='grc' dir='ltr'>Τίνων</span> <span class='ocrx_word' id='word_1_409' title='bbox 2284 2510 2446 2563; x_wconf 77' lang='grc' dir='ltr'>ἔπεσε</span> <span class='ocrx_word' id='word_1_410' title='bbox 2468 2508 2539 2563; x_wconf 83' lang='grc' dir='ltr'>τὰ</span> <span class='ocrx_word' id='word_1_411' title='bbox 2570 2510 2719 2563; x_wconf 85' lang='grc' dir='ltr'>κῶλα</span> <span class='ocrx_word' id='word_1_412' title='bbox 2745 2511 2802 2562; x_wconf 80' lang='grc' dir='ltr'>ὲν</span> <span class='ocrx_word' id='word_1_413' title='bbox 2833 2511 2897 2580; x_wconf 78' lang='grc' dir='ltr'>τῇ</span> <span class='ocrx_word' id='word_1_414' title='bbox 2927 2510 3147 2580; x_wconf 76' lang='grc' dir='ltr'>ὲρήμῳς</span> <span class='ocrx_word' id='word_1_415' title='bbox 3175 2509 3249 2562; x_wconf 80' lang='grc' dir='ltr'><strong>Οὐ</strong></span> <span class='ocrx_word' id='word_1_416' title='bbox 3274 2508 3381 2585; x_wconf 66' lang='grc' dir='ltr'><strong>τῶν</strong></span> <span class='ocrx_word' id='word_1_417' title='bbox 3413 2526 3668 2581; x_wconf 82' lang='grc' dir='ltr'>κρεωφα-</span> 
     </span>
    </p>
   </div>
   <div class='ocr_carea' id='block_1_59' title="bbox 2089 2600 3665 2673">
    <p class='ocr_par' dir='ltr' id='par_1_59' title="bbox 2089 2600 3665 2673">
     <span class='ocr_line' id='line_1_59' title="bbox 2089 2600 3665 2673; baseline 0.001 -20"><span class='ocrx_word' id='word_1_418' title='bbox 2089 2600 2213 2671; x_wconf 89' lang='grc' dir='ltr'>γίαν</span> <span class='ocrx_word' id='word_1_419' title='bbox 2241 2600 2672 2672; x_wconf 75' lang='grc' dir='ltr'>ὲπιξητούντων;</span> <span class='ocrx_word' id='word_1_420' title='bbox 2728 2602 2976 2663; x_wconf 88' lang='grc' dir='ltr'>Ἐκεῖνοι,</span> <span class='ocrx_word' id='word_1_421' title='bbox 3009 2600 3115 2665; x_wconf 75' lang='grc' dir='ltr'>ἓως</span> <span class='ocrx_word' id='word_1_422' title='bbox 3155 2601 3252 2671; x_wconf 83' lang='grc' dir='ltr'><strong>μὲν</strong></span> <span class='ocrx_word' id='word_1_423' title='bbox 3285 2600 3550 2672; x_wconf 72' lang='grc' dir='ltr'>ἠρκοῦντο</span> <span class='ocrx_word' id='word_1_424' title='bbox 3584 2602 3665 2673; x_wconf 84' lang='grc' dir='ltr'>τῷ</span> 
     </span>
    </p>
   </div>
   <div class='ocr_carea' id='block_1_60' title="bbox 2092 2691 3665 2765">
    <p class='ocr_par' dir='ltr' id='par_1_60' title="bbox 2092 2691 3665 2765">
     <span class='ocr_line' id='line_1_60' title="bbox 2092 2691 3665 2765; baseline 0 -18"><span class='ocrx_word' id='word_1_425' title='bbox 2092 2693 2265 2765; x_wconf 88' lang='grc' dir='ltr'>μάννα</span> <span class='ocrx_word' id='word_1_426' title='bbox 2294 2693 2389 2745; x_wconf 74' lang='grc' dir='ltr'><strong>καὶ</strong></span> <span class='ocrx_word' id='word_1_427' title='bbox 2427 2691 2505 2762; x_wconf 82' lang='grc' dir='ltr'>τῷ</span> <span class='ocrx_word' id='word_1_428' title='bbox 2548 2695 2614 2746; x_wconf 79' lang='grc' dir='ltr'>ὲκ</span> <span class='ocrx_word' id='word_1_429' title='bbox 2635 2693 2732 2762; x_wconf 88' lang='grc' dir='ltr'><strong>τῆς</strong></span> <span class='ocrx_word' id='word_1_430' title='bbox 2762 2692 2969 2762; x_wconf 82' lang='grc' dir='ltr'>πέτρας</span> <span class='ocrx_word' id='word_1_431' title='bbox 2994 2692 3165 2756; x_wconf 73' lang='grc' dir='ltr'>ὕδατι,</span> <span class='ocrx_word' id='word_1_432' title='bbox 3196 2695 3522 2761; x_wconf 78' lang='grc' dir='ltr'>Αἰγυπτίους</span> <span class='ocrx_word' id='word_1_433' title='bbox 3553 2694 3665 2747; x_wconf 82' lang='grc' dir='ltr'>ἐνί-</span> 
     </span>
    </p>
   </div>
   <div class='ocr_carea' id='block_1_61' title="bbox 2089 2779 3665 2853">
    <p class='ocr_par' dir='ltr' id='par_1_61' title="bbox 2089 2779 3665 2853">
     <span class='ocr_line' id='line_1_61' title="bbox 2089 2779 3665 2853; baseline 0 -18"><span class='ocrx_word' id='word_1_434' title='bbox 2089 2800 2222 2847; x_wconf 90' lang='grc' dir='ltr'>κων,</span> <span class='ocrx_word' id='word_1_435' title='bbox 2251 2783 2340 2836; x_wconf 84' lang='grc' dir='ltr'>διὰ</span> <span class='ocrx_word' id='word_1_436' title='bbox 2370 2782 2645 2851; x_wconf 87' lang='grc' dir='ltr'>θαλάσσης</span> <span class='ocrx_word' id='word_1_437' title='bbox 2669 2781 2896 2834; x_wconf 82' lang='grc' dir='ltr'>ὥδευον·</span> <span class='ocrx_word' id='word_1_438' title='bbox 2922 2784 3045 2836; x_wconf 82' lang='grc' dir='ltr'><strong>Οὐκ</strong></span> <span class='ocrx_word' id='word_1_439' title='bbox 3082 2779 3160 2852; x_wconf 78' lang='grc' dir='ltr'>ἦν</span> <span class='ocrx_word' id='word_1_440' title='bbox 3189 2784 3259 2836; x_wconf 75' lang='grc' dir='ltr'><strong>ἐν</strong></span> <span class='ocrx_word' id='word_1_441' title='bbox 3284 2785 3413 2849; x_wconf 87' lang='grc' dir='ltr'>ταῖς</span> <span class='ocrx_word' id='word_1_442' title='bbox 3441 2784 3665 2853; x_wconf 71' lang='grc' dir='ltr'>φυλαῖς</span> 
     </span>
    </p>
   </div>
   <div class='ocr_carea' id='block_1_62' title="bbox 2087 2874 3667 2947">
    <p class='ocr_par' dir='ltr' id='par_1_62' title="bbox 2087 2874 3667 2947">
     <span class='ocr_line' id='line_1_62' title="bbox 2087 2874 3667 2947; baseline 0.001 -18"><span class='ocrx_word' id='word_1_443' title='bbox 2087 2874 2286 2929; x_wconf 76' lang='grc' dir='ltr'>αὐτῶν</span> <span class='ocrx_word' id='word_1_444' title='bbox 2337 2879 2369 2929; x_wconf 89' lang='grc' dir='ltr'><em>ὀ</em></span> <span class='ocrx_word' id='word_1_445' title='bbox 2428 2875 2737 2929; x_wconf 55' lang='grc' dir='ltr'>ἀσθενῶν</span> <span class='ocrx_word' id='word_1_446' title='bbox 2792 2874 2981 2944; x_wconf 80' lang='grc' dir='ltr'>ἐπειδὴ</span> <span class='ocrx_word' id='word_1_447' title='bbox 3033 2874 3090 2927; x_wconf 82' lang='grc' dir='ltr'><strong>δὲ</strong></span> <span class='ocrx_word' id='word_1_448' title='bbox 3151 2876 3501 2947; x_wconf 78' lang='grc' dir='ltr'>ἐμνήσθησαν</span> <span class='ocrx_word' id='word_1_449' title='bbox 3553 2876 3667 2930; x_wconf 85' lang='grc' dir='ltr'><strong>τῶν</strong></span> 
     </span>
    </p>
   </div>
   <div class='ocr_carea' id='block_1_63' title="bbox 2074 2956 3663 3041">
    <p class='ocr_par' dir='ltr' id='par_1_63' title="bbox 2074 2956 3663 3041">
     <span class='ocr_line' id='line_1_63' title="bbox 2074 2956 3663 3041; baseline 0.001 -19"><span class='ocrx_word' id='word_1_450' title='bbox 2074 2956 2265 3040; x_wconf 57' lang='grc' dir='ltr'>ἷρεῶν</span> <span class='ocrx_word' id='word_1_451' title='bbox 2289 2968 2396 3022; x_wconf 82' lang='grc' dir='ltr'><strong>τῶν</strong></span> <span class='ocrx_word' id='word_1_452' title='bbox 2434 2968 2697 3039; x_wconf 83' lang='grc' dir='ltr'>λεϐήτων,</span> <span class='ocrx_word' id='word_1_453' title='bbox 2750 2968 2844 3021; x_wconf 66' lang='grc' dir='ltr'>καὶ</span> <span class='ocrx_word' id='word_1_454' title='bbox 2870 2969 3220 3041; x_wconf 79' lang='grc' dir='ltr'>ἐστράφησαν</span> <span class='ocrx_word' id='word_1_455' title='bbox 3247 2973 3364 3034; x_wconf 88' lang='grc' dir='ltr'>ταῖς</span> <span class='ocrx_word' id='word_1_456' title='bbox 3396 2972 3503 3041; x_wconf 84' lang='grc'>(50)</span> <span class='ocrx_word' id='word_1_457' title='bbox 3542 2975 3663 3026; x_wconf 84' lang='grc' dir='ltr'>ὲπι-</span> 
     </span>
    </p>
   </div>
   <div class='ocr_carea' id='block_1_64' title="bbox 2090 3056 3821 3136">
    <p class='ocr_par' dir='ltr' id='par_1_64' title="bbox 2090 3056 3821 3136">
     <span class='ocr_line' id='line_1_64' title="bbox 2090 3056 3821 3136; baseline 0.003 -24"><span class='ocrx_word' id='word_1_458' title='bbox 2090 3058 2310 3131; x_wconf 88' lang='grc' dir='ltr'>θυμίαις</span> <span class='ocrx_word' id='word_1_459' title='bbox 2330 3062 2408 3124; x_wconf 87' lang='grc' dir='ltr'>εἰς</span> <span class='ocrx_word' id='word_1_460' title='bbox 2427 3059 2718 3128; x_wconf 78' lang='grc' dir='ltr'>Αἴγυπτον,</span> <span class='ocrx_word' id='word_1_461' title='bbox 2743 3060 2844 3113; x_wconf 86' lang='grc' dir='ltr'>οὐκ</span> <span class='ocrx_word' id='word_1_462' title='bbox 2865 3056 3002 3114; x_wconf 82' lang='grc' dir='ltr'>εἶδον</span> <span class='ocrx_word' id='word_1_463' title='bbox 3033 3060 3132 3131; x_wconf 82' lang='grc' dir='ltr'><strong>τὴν</strong></span> <span class='ocrx_word' id='word_1_464' title='bbox 3166 3062 3268 3132; x_wconf 81' lang='grc' dir='ltr'><strong>γῆν</strong></span> <span class='ocrx_word' id='word_1_465' title='bbox 3303 3062 3405 3133; x_wconf 85' lang='grc' dir='ltr'><strong>τῆς</strong></span> <span class='ocrx_word' id='word_1_466' title='bbox 3432 3065 3664 3136; x_wconf 70' lang='grc' dir='ltr'>ὲπαχχε-</span> <span class='ocrx_word' id='word_1_467' title='bbox 3768 3099 3821 3123; x_wconf 75' lang='grc'><strong>...-</strong></span> 
     </span>
    </p>
   </div>
   <div class='ocr_carea' id='block_1_65' title="bbox 2087 3151 3663 3227">
    <p class='ocr_par' dir='ltr' id='par_1_65' title="bbox 2087 3151 3663 3227">
     <span class='ocr_line' id='line_1_65' title="bbox 2087 3151 3663 3227; baseline 0.002 -22"><span class='ocrx_word' id='word_1_468' title='bbox 2087 3151 2224 3217; x_wconf 88' lang='grc' dir='ltr'>λίας.</span> <span class='ocrx_word' id='word_1_469' title='bbox 2254 3153 2329 3208; x_wconf 77' lang='grc' dir='ltr'><strong>Οὐ</strong></span> <span class='ocrx_word' id='word_1_470' title='bbox 2379 3153 2516 3224; x_wconf 76' lang='grc' dir='ltr'>φοϐῇ</span> <span class='ocrx_word' id='word_1_471' title='bbox 2562 3153 2624 3206; x_wconf 85' lang='grc' dir='ltr'><strong>τὸ</strong></span> <span class='ocrx_word' id='word_1_472' title='bbox 2653 3152 2984 3223; x_wconf 85' lang='grc' dir='ltr'>ὑπόδειγμα;</span> <span class='ocrx_word' id='word_1_473' title='bbox 3023 3153 3083 3205; x_wconf 84' lang='grc' dir='ltr'><strong>οὐ</strong></span> <span class='ocrx_word' id='word_1_474' title='bbox 3119 3152 3367 3225; x_wconf 82' lang='grc' dir='ltr'>φρίσσεις</span> <span class='ocrx_word' id='word_1_475' title='bbox 3409 3156 3507 3226; x_wconf 76' lang='grc' dir='ltr'><strong>τὴν</strong></span> <span class='ocrx_word' id='word_1_476' title='bbox 3532 3156 3663 3227; x_wconf 81' lang='grc' dir='ltr'>ἀδη-</span> 
     </span>
    </p>
   </div>
   <div class='ocr_carea' id='block_1_66' title="bbox 411 3242 1988 3317">
    <p class='ocr_par' dir='ltr' id='par_1_66' title="bbox 411 3242 1983 3313">
     <span class='ocr_line' id='line_1_66' title="bbox 411 3242 1983 3313; baseline -0.001 -15"><span class='ocrx_word' id='word_1_477' title='bbox 411 3242 545 3298; x_wconf 87' lang='lat' dir='ltr'><strong>bant</strong></span> <span class='ocrx_word' id='word_1_478' title='bbox 569 3242 615 3276; x_wconf 76' lang='lat'><strong>“</strong></span> <span class='ocrx_word' id='word_1_479' title='bbox 645 3244 669 3296; x_wconf 89' lang='lat'><strong>?</strong></span> <span class='ocrx_word' id='word_1_480' title='bbox 717 3244 799 3298; x_wconf 88' lang='lat' dir='ltr'><strong>llli</strong></span> <span class='ocrx_word' id='word_1_481' title='bbox 827 3245 1001 3300; x_wconf 88' lang='lat' dir='ltr'><strong>donec</strong></span> <span class='ocrx_word' id='word_1_482' title='bbox 1024 3252 1182 3299; x_wconf 89' lang='lat' dir='ltr'><strong>erant</strong></span> <span class='ocrx_word' id='word_1_483' title='bbox 1212 3244 1455 3299; x_wconf 88' lang='lat' dir='ltr'><strong>contenti</strong></span> <span class='ocrx_word' id='word_1_484' title='bbox 1493 3258 1713 3308; x_wconf 89' lang='lat' dir='ltr'><strong>manna,</strong></span> <span class='ocrx_word' id='word_1_485' title='bbox 1764 3252 1819 3298; x_wconf 90' lang='lat' dir='ltr'><strong>et</strong></span> <span class='ocrx_word' id='word_1_486' title='bbox 1843 3258 1983 3313; x_wconf 90' lang='lat' dir='ltr'><strong>aqua</strong></span> 
     </span>
    </p>
   </div>
   <div class='ocr_carea' id='block_1_67' title="bbox 2085 3242 3658 3317">
    <p class='ocr_par' dir='ltr' id='par_1_67' title="bbox 2090 3245 3658 3317">
     <span class='ocr_line' id='line_1_67' title="bbox 2090 3245 3658 3317; baseline 0.003 -18"><span class='ocrx_word' id='word_1_487' title='bbox 2090 3247 2311 3314; x_wconf 83' lang='grc' dir='ltr'>φαγίαν,</span> <span class='ocrx_word' id='word_1_488' title='bbox 2350 3247 2530 3316; x_wconf 84' lang='grc' dir='ltr'>μήπου</span> <span class='ocrx_word' id='word_1_489' title='bbox 2582 3262 2642 3299; x_wconf 89' lang='grc' dir='ltr'><strong>σε</strong></span> <span class='ocrx_word' id='word_1_490' title='bbox 2688 3245 2795 3298; x_wconf 85' lang='grc' dir='ltr'><strong>τῶν</strong></span> <span class='ocrx_word' id='word_1_491' title='bbox 2833 3245 3201 3316; x_wconf 75' lang='grc' dir='ltr'>ἐλπιζομένων</span> <span class='ocrx_word' id='word_1_492' title='bbox 3251 3249 3468 3317; x_wconf 81' lang='grc' dir='ltr'>ἀγαθῶν</span> <span class='ocrx_word' id='word_1_493' title='bbox 3519 3251 3658 3305; x_wconf 80' lang='grc' dir='ltr'>ἀπο-</span> 
     </span>
    </p>
   </div>
   <div class='ocr_carea' id='block_1_68' title="bbox 409 3334 1988 3411">
    <p class='ocr_par' dir='ltr' id='par_1_68' title="bbox 409 3334 1983 3407">
     <span class='ocr_line' id='line_1_68' title="bbox 409 3334 1983 3407; baseline -0.003 -16"><span class='ocrx_word' id='word_1_494' title='bbox 409 3335 478 3391; x_wconf 90' lang='lat' dir='ltr'><strong>de</strong></span> <span class='ocrx_word' id='word_1_495' title='bbox 508 3344 667 3407; x_wconf 89' lang='lat' dir='ltr'><strong>petra</strong></span> <span class='ocrx_word' id='word_1_496' title='bbox 714 3335 936 3400; x_wconf 83' lang='lat' dir='ltr'><strong>ﬂuente,</strong></span> <span class='ocrx_word' id='word_1_497' title='bbox 972 3338 1305 3407; x_wconf 85' lang='lat' dir='ltr'><strong>superabant</strong></span> <span class='ocrx_word' id='word_1_498' title='bbox 1350 3334 1662 3406; x_wconf 66' lang='lat' dir='ltr'><strong>Egyptios,</strong></span> <span class='ocrx_word' id='word_1_499' title='bbox 1691 3350 1790 3406; x_wconf 91' lang='lat' dir='ltr'><strong>per</strong></span> <span class='ocrx_word' id='word_1_500' title='bbox 1829 3349 1983 3389; x_wconf 88' lang='lat' dir='ltr'><strong>mare</strong></span> 
     </span>
    </p>
   </div>
   <div class='ocr_carea' id='block_1_69' title="bbox 2085 3334 3660 3411">
    <p class='ocr_par' dir='ltr' id='par_1_69' title="bbox 2088 3336 3660 3411">
     <span class='ocr_line' id='line_1_69' title="bbox 2088 3336 3660 3411; baseline 0.004 -21"><span class='ocrx_word' id='word_1_501' title='bbox 2088 3337 2303 3408; x_wconf 82' lang='grc' dir='ltr'>κλείσῃ;</span> <span class='ocrx_word' id='word_1_502' title='bbox 2340 3336 2479 3390; x_wconf 83' lang='grc' dir='ltr'>Ἀλλ’</span> <span class='ocrx_word' id='word_1_503' title='bbox 2512 3337 2619 3391; x_wconf 78' lang='grc' dir='ltr'>οὐδ’</span> <span class='ocrx_word' id='word_1_504' title='bbox 2651 3336 2717 3390; x_wconf 84' lang='grc' dir='ltr'><strong>ἂν</strong></span> <span class='ocrx_word' id='word_1_505' title='bbox 2754 3339 2782 3391; x_wconf 87' lang='lat'><strong>6</strong></span> <span class='ocrx_word' id='word_1_506' title='bbox 2832 3339 2993 3406; x_wconf 81' lang='grc' dir='ltr'>σοφὸς</span> <span class='ocrx_word' id='word_1_507' title='bbox 3035 3340 3232 3411; x_wconf 84' lang='grc' dir='ltr'>Δανιὴλ</span> <span class='ocrx_word' id='word_1_508' title='bbox 3271 3340 3370 3404; x_wconf 82' lang='grc' dir='ltr'>τὰς</span> <span class='ocrx_word' id='word_1_509' title='bbox 3396 3341 3660 3404; x_wconf 82' lang='grc' dir='ltr'>ὀπτασίας</span> 
     </span>
    </p>
   </div>
   <div class='ocr_carea' id='block_1_70' title="bbox 408 3421 1979 3495">
    <p class='ocr_par' dir='ltr' id='par_1_70' title="bbox 408 3421 1979 3495">
     <span class='ocr_line' id='line_1_70' title="bbox 408 3421 1979 3495; baseline 0.001 -16"><span class='ocrx_word' id='word_1_510' title='bbox 408 3421 684 3480; x_wconf 72' lang='lat' dir='ltr'><strong>faciebant</strong></span> <span class='ocrx_word' id='word_1_511' title='bbox 707 3425 830 3489; x_wconf 90' lang='lat' dir='ltr'><strong>iter,</strong></span> <span class='ocrx_word' id='word_1_512' title='bbox 855 3424 972 3480; x_wconf 84' lang='lat' dir='ltr'><strong>Non</strong></span> <span class='ocrx_word' id='word_1_513' title='bbox 995 3427 1363 3495; x_wconf 79' lang='lat' dir='ltr'><strong>eratiuﬁrmus</strong></span> <span class='ocrx_word' id='word_1_514' title='bbox 1387 3427 1440 3479; x_wconf 78' lang='lat' dir='ltr'><strong>in</strong></span> <span class='ocrx_word' id='word_1_515' title='bbox 1457 3425 1692 3479; x_wconf 73' lang='lat' dir='ltr'><strong>tribubus</strong></span> <span class='ocrx_word' id='word_1_516' title='bbox 1707 3441 1887 3480; x_wconf 85' lang='lat' dir='ltr'><strong>eorum</strong></span> <span class='ocrx_word' id='word_1_517' title='bbox 1899 3427 1941 3456; x_wconf 75' lang='lat'>“</span> <span class='ocrx_word' id='word_1_518' title='bbox 1966 3444 1979 3480; x_wconf 93' lang='lat'><strong>:</strong></span> 
     </span>
    </p>
   </div>
   <div class='ocr_carea' id='block_1_71' title="bbox 407 3516 1981 3586">
    <p class='ocr_par' dir='ltr' id='par_1_71' title="bbox 407 3516 1981 3586">
     <span class='ocr_line' id='line_1_71' title="bbox 407 3516 1981 3586; baseline 0.003 -16"><span class='ocrx_word' id='word_1_519' title='bbox 407 3523 766 3586; x_wconf 77' lang='lat' dir='ltr'><strong>posteaquam</strong></span> <span class='ocrx_word' id='word_1_520' title='bbox 816 3531 944 3572; x_wconf 88' lang='lat' dir='ltr'><strong>vero</strong></span> <span class='ocrx_word' id='word_1_521' title='bbox 981 3516 1252 3572; x_wconf 90' lang='lat' dir='ltr'><strong>recordati</strong></span> <span class='ocrx_word' id='word_1_522' title='bbox 1304 3524 1433 3571; x_wconf 86' lang='lat' dir='ltr'><strong>sunt</strong></span> <span class='ocrx_word' id='word_1_523' title='bbox 1471 3520 1719 3573; x_wconf 88' lang='lat' dir='ltr'><strong>carnium</strong></span> <span class='ocrx_word' id='word_1_524' title='bbox 1750 3518 1888 3574; x_wconf 86' lang='lat' dir='ltr'><strong>ollas</strong></span> <span class='ocrx_word' id='word_1_525' title='bbox 1913 3518 1981 3580; x_wconf 59' lang='grc' dir='ltr'><strong>ι’,</strong></span> 
     </span>
    </p>
   </div>
   <div class='ocr_carea' id='block_1_72' title="bbox 408 3606 1978 3682">
    <p class='ocr_par' dir='ltr' id='par_1_72' title="bbox 408 3606 1978 3682">
     <span class='ocr_line' id='line_1_72' title="bbox 408 3606 1978 3682; baseline 0.001 -19"><span class='ocrx_word' id='word_1_526' title='bbox 408 3615 462 3663; x_wconf 90' lang='lat' dir='ltr'><strong>et</strong></span> <span class='ocrx_word' id='word_1_527' title='bbox 539 3606 816 3664; x_wconf 90' lang='lat' dir='ltr'><strong>desiderio</strong></span> <span class='ocrx_word' id='word_1_528' title='bbox 868 3610 1076 3665; x_wconf 83' lang='lat' dir='ltr'><strong>reversi</strong></span> <span class='ocrx_word' id='word_1_529' title='bbox 1144 3618 1275 3666; x_wconf 89' lang='lat' dir='ltr'><strong>sunt</strong></span> <span class='ocrx_word' id='word_1_530' title='bbox 1342 3611 1397 3664; x_wconf 89' lang='lat' dir='ltr'><strong>in</strong></span> <span class='ocrx_word' id='word_1_531' title='bbox 1468 3609 1764 3682; x_wconf 65' lang='lat' dir='ltr'><strong>zEgyptum</strong></span> <span class='ocrx_word' id='word_1_532' title='bbox 1802 3652 1816 3677; x_wconf 93' lang='lat'><strong>,</strong></span> <span class='ocrx_word' id='word_1_533' title='bbox 1870 3626 1978 3665; x_wconf 76' lang='lat' dir='ltr'><strong>non</strong></span> 
     </span>
    </p>
   </div>
   <div class='ocr_carea' id='block_1_73' title="bbox 407 3700 1981 3772">
    <p class='ocr_par' dir='ltr' id='par_1_73' title="bbox 407 3700 1981 3772">
     <span class='ocr_line' id='line_1_73' title="bbox 407 3700 1981 3772; baseline 0.002 -19"><span class='ocrx_word' id='word_1_534' title='bbox 407 3700 663 3755; x_wconf 80' lang='lat' dir='ltr'><strong>viderunt</strong></span> <span class='ocrx_word' id='word_1_535' title='bbox 699 3707 900 3756; x_wconf 89' lang='lat' dir='ltr'><strong>terram</strong></span> <span class='ocrx_word' id='word_1_536' title='bbox 934 3702 1343 3772; x_wconf 88' lang='lat' dir='ltr'><strong>repromissam.</strong></span> <span class='ocrx_word' id='word_1_537' title='bbox 1383 3702 1503 3758; x_wconf 87' lang='lat' dir='ltr'><strong>Non</strong></span> <span class='ocrx_word' id='word_1_538' title='bbox 1550 3704 1751 3760; x_wconf 87' lang='lat' dir='ltr'><strong>metuis</strong></span> <span class='ocrx_word' id='word_1_539' title='bbox 1798 3718 1981 3759; x_wconf 83' lang='lat' dir='ltr'><strong>exem-</strong></span> 
     </span>
    </p>
   </div>
   <div class='ocr_carea' id='block_1_74' title="bbox 408 3786 1979 3857">
    <p class='ocr_par' dir='ltr' id='par_1_74' title="bbox 408 3786 1979 3857">
     <span class='ocr_line' id='line_1_74' title="bbox 408 3786 1979 3857; baseline 0.006 -19"><span class='ocrx_word' id='word_1_540' title='bbox 408 3786 605 3857; x_wconf 87' lang='lat' dir='ltr'><strong>plum?</strong></span> <span class='ocrx_word' id='word_1_541' title='bbox 655 3802 770 3842; x_wconf 89' lang='lat' dir='ltr'><strong>non</strong></span> <span class='ocrx_word' id='word_1_542' title='bbox 817 3788 1008 3845; x_wconf 90' lang='lat' dir='ltr'><strong>horres</strong></span> <span class='ocrx_word' id='word_1_543' title='bbox 1047 3790 1394 3856; x_wconf 90' lang='lat' dir='ltr'><strong>edacitatem,</strong></span> <span class='ocrx_word' id='word_1_544' title='bbox 1437 3808 1507 3848; x_wconf 89' lang='lat' dir='ltr'><strong>ne</strong></span> <span class='ocrx_word' id='word_1_545' title='bbox 1559 3792 1700 3848; x_wconf 80' lang='lat' dir='ltr'><strong>forte</strong></span> <span class='ocrx_word' id='word_1_546' title='bbox 1729 3807 1761 3846; x_wconf 92' lang='lat' dir='ltr'><strong>a</strong></span> <span class='ocrx_word' id='word_1_547' title='bbox 1819 3794 1979 3848; x_wconf 87' lang='lat' dir='ltr'><strong>bonis</strong></span> 
     </span>
    </p>
   </div>
   <div class='ocr_carea' id='block_1_75' title="bbox 405 3882 1976 3954">
    <p class='ocr_par' dir='ltr' id='par_1_75' title="bbox 405 3882 1976 3954">
     <span class='ocr_line' id='line_1_75' title="bbox 405 3882 1976 3954; baseline 0.004 -23"><span class='ocrx_word' id='word_1_548' title='bbox 405 3892 528 3948; x_wconf 60' lang='lat' dir='ltr'><strong>quae</strong></span> <span class='ocrx_word' id='word_1_549' title='bbox 555 3894 862 3949; x_wconf 84' lang='lat' dir='ltr'><strong>speramus,</strong></span> <span class='ocrx_word' id='word_1_550' title='bbox 892 3888 945 3936; x_wconf 90' lang='lat' dir='ltr'><strong>te</strong></span> <span class='ocrx_word' id='word_1_551' title='bbox 973 3882 1270 3937; x_wconf 83' lang='lat' dir='ltr'><strong>excludat?</strong></span> <span class='ocrx_word' id='word_1_552' title='bbox 1321 3885 1396 3939; x_wconf 84' lang='lat' dir='ltr'><strong>Ac</strong></span> <span class='ocrx_word' id='word_1_553' title='bbox 1438 3900 1508 3939; x_wconf 90' lang='lat' dir='ltr'><strong>ne</strong></span> <span class='ocrx_word' id='word_1_554' title='bbox 1536 3883 1726 3939; x_wconf 90' lang='lat' dir='ltr'><strong>Daniel</strong></span> <span class='ocrx_word' id='word_1_555' title='bbox 1758 3886 1976 3954; x_wconf 87' lang='lat' dir='ltr'><strong>quidem</strong></span> 
     </span>
    </p>
   </div>
   <div class='ocr_carea' id='block_1_76' title="bbox 405 3970 1978 4046">
    <p class='ocr_par' dir='ltr' id='par_1_76' title="bbox 405 3970 1978 4046">
     <span class='ocr_line' id='line_1_76' title="bbox 405 3970 1978 4046; baseline 0.003 -21"><span class='ocrx_word' id='word_1_556' title='bbox 405 3970 498 4026; x_wconf 90' lang='lat' dir='ltr'><strong>ille</strong></span> <span class='ocrx_word' id='word_1_557' title='bbox 546 3973 767 4041; x_wconf 88' lang='lat' dir='ltr'><strong>sapiens</strong></span> <span class='ocrx_word' id='word_1_558' title='bbox 818 3972 1061 4030; x_wconf 73' lang='lat' dir='ltr'><strong>visiones</strong></span> <span class='ocrx_word' id='word_1_559' title='bbox 1107 3974 1355 4038; x_wconf 88' lang='lat' dir='ltr'><strong>vidisset.</strong></span> <span class='ocrx_word' id='word_1_560' title='bbox 1411 3977 1517 4031; x_wconf 83' lang='lat' dir='ltr'><strong>nisi</strong></span> <span class='ocrx_word' id='word_1_561' title='bbox 1552 3976 1764 4046; x_wconf 88' lang='lat' dir='ltr'><strong>jejunio</strong></span> <span class='ocrx_word' id='word_1_562' title='bbox 1797 3976 1978 4032; x_wconf 90' lang='lat' dir='ltr'><strong>reddi-</strong></span> 
     </span>
    </p>
   </div>
   <div class='ocr_carea' id='block_1_77' title="bbox 406 4064 1974 4137">
    <p class='ocr_par' dir='ltr' id='par_1_77' title="bbox 406 4064 1974 4137">
     <span class='ocr_line' id='line_1_77' title="bbox 406 4064 1974 4137; baseline 0.003 -18"><span class='ocrx_word' id='word_1_563' title='bbox 406 4064 582 4120; x_wconf 86' lang='lat' dir='ltr'><strong>disset</strong></span> <span class='ocrx_word' id='word_1_564' title='bbox 610 4065 849 4120; x_wconf 87' lang='lat' dir='ltr'><strong>animam</strong></span> <span class='ocrx_word' id='word_1_565' title='bbox 868 4066 924 4136; x_wconf 78' lang='grc' dir='ltr'>θ</span> <span class='ocrx_word' id='word_1_566' title='bbox 954 4065 1334 4135; x_wconf 80' lang='lat' dir='ltr'><strong>limpidiorem.</strong></span> <span class='ocrx_word' id='word_1_567' title='bbox 1375 4065 1655 4137; x_wconf 86' lang='lat' dir='ltr'><strong>Siquidem</strong></span> <span class='ocrx_word' id='word_1_568' title='bbox 1688 4068 1974 4137; x_wconf 75' lang='lat' dir='ltr'><strong>pinguiore</strong></span> 
     </span>
    </p>
   </div>
   <div class='ocr_carea' id='block_1_78' title="bbox 405 4157 1969 4229">
    <p class='ocr_par' dir='ltr' id='par_1_78' title="bbox 405 4157 1969 4229">
     <span class='ocr_line' id='line_1_78' title="bbox 405 4157 1969 4229; baseline 0.001 -18"><span class='ocrx_word' id='word_1_569' title='bbox 405 4165 564 4227; x_wconf 86' lang='lat' dir='ltr'><strong>pastu</strong></span> <span class='ocrx_word' id='word_1_570' title='bbox 597 4171 697 4212; x_wconf 88' lang='lat' dir='ltr'><strong>ceu</strong></span> <span class='ocrx_word' id='word_1_571' title='bbox 732 4157 931 4213; x_wconf 79' lang='lat' dir='ltr'><strong>fumosi</strong></span> <span class='ocrx_word' id='word_1_572' title='bbox 968 4157 1189 4227; x_wconf 87' lang='lat' dir='ltr'><strong>quidam</strong></span> <span class='ocrx_word' id='word_1_573' title='bbox 1228 4173 1459 4227; x_wconf 88' lang='lat' dir='ltr'><strong>vapores</strong></span> <span class='ocrx_word' id='word_1_574' title='bbox 1491 4159 1837 4222; x_wconf 80' lang='lat' dir='ltr'><strong>exhalantur,</strong></span> <span class='ocrx_word' id='word_1_575' title='bbox 1876 4160 1969 4229; x_wconf 89' lang='lat' dir='ltr'><strong>qui</strong></span> 
     </span>
    </p>
   </div>
   <div class='ocr_carea' id='block_1_79' title="bbox 405 4244 1967 4317">
    <p class='ocr_par' dir='ltr' id='par_1_79' title="bbox 405 4244 1967 4317">
     <span class='ocr_line' id='line_1_79' title="bbox 405 4244 1967 4317; baseline 0.003 -18"><span class='ocrx_word' id='word_1_576' title='bbox 405 4245 582 4301; x_wconf 80' lang='lat' dir='ltr'><strong>lucem</strong></span> <span class='ocrx_word' id='word_1_577' title='bbox 601 4247 776 4302; x_wconf 89' lang='lat' dir='ltr'><strong>sancti</strong></span> <span class='ocrx_word' id='word_1_578' title='bbox 809 4244 1046 4317; x_wconf 88' lang='lat' dir='ltr'><strong>Spiritus</strong></span> <span class='ocrx_word' id='word_1_579' title='bbox 1079 4248 1135 4302; x_wconf 91' lang='lat' dir='ltr'><strong>in</strong></span> <span class='ocrx_word' id='word_1_580' title='bbox 1165 4247 1404 4303; x_wconf 88' lang='lat' dir='ltr'><strong>hominis</strong></span> <span class='ocrx_word' id='word_1_581' title='bbox 1434 4257 1669 4304; x_wconf 84' lang='lat' dir='ltr'><strong>mentem</strong></span> <span class='ocrx_word' id='word_1_582' title='bbox 1696 4248 1967 4303; x_wconf 90' lang='lat' dir='ltr'><strong>irradian-</strong></span> 
     </span>
    </p>
   </div>
   <div class='ocr_carea' id='block_1_80' title="bbox 476 4399 3337 4531">
    <p class='ocr_par' dir='ltr' id='par_1_80' title="bbox 476 4399 3337 4531">
     <span class='ocr_line' id='line_1_80' title="bbox 476 4399 3337 4473; baseline 0.002 -17"><span class='ocrx_word' id='word_1_583' title='bbox 476 4403 521 4436; x_wconf 70' lang='grc' dir='ltr'><strong>’δ</strong></span> <span class='ocrx_word' id='word_1_584' title='bbox 555 4401 689 4457; x_wconf 88' lang='lat' dir='ltr'><strong>Luc.</strong></span> <span class='ocrx_word' id='word_1_585' title='bbox 726 4417 873 4464; x_wconf 79' lang='lat' dir='ltr'><strong>xxrv,</strong></span> <span class='ocrx_word' id='word_1_586' title='bbox 909 4401 996 4455; x_wconf 69' lang='lat'><strong>43.</strong></span> <span class='ocrx_word' id='word_1_587' title='bbox 1072 4401 1117 4435; x_wconf 82' lang='grc'><strong>³⁵</strong></span> <span class='ocrx_word' id='word_1_588' title='bbox 1154 4400 1329 4456; x_wconf 85' lang='lat' dir='ltr'><strong>Galat.</strong></span> <span class='ocrx_word' id='word_1_589' title='bbox 1368 4418 1420 4462; x_wconf 91' lang='lat' dir='ltr'><strong>v.</strong></span> <span class='ocrx_word' id='word_1_590' title='bbox 1456 4401 1541 4454; x_wconf 88' lang='lat' dir='ltr'><strong>l7.</strong></span> <span class='ocrx_word' id='word_1_591' title='bbox 1620 4399 1664 4431; x_wconf 72' lang='grc'><strong>³⁸</strong></span> <span class='ocrx_word' id='word_1_592' title='bbox 1706 4399 1749 4454; x_wconf 89' lang='lat' dir='ltr'><strong>ll</strong></span> <span class='ocrx_word' id='word_1_593' title='bbox 1786 4399 1913 4456; x_wconf 88' lang='lat' dir='ltr'><strong>Cor.</strong></span> <span class='ocrx_word' id='word_1_594' title='bbox 1949 4421 2022 4469; x_wconf 82' lang='grc' dir='ltr'><strong>ιν,</strong></span> <span class='ocrx_word' id='word_1_595' title='bbox 2060 4405 2146 4461; x_wconf 87' lang='lat' dir='ltr'><strong>l6.</strong></span> <span class='ocrx_word' id='word_1_596' title='bbox 2222 4405 2322 4459; x_wconf 82' lang='grc'><strong>³⁷11</strong></span> <span class='ocrx_word' id='word_1_597' title='bbox 2352 4405 2480 4461; x_wconf 89' lang='lat' dir='ltr'><strong>Cor.</strong></span> <span class='ocrx_word' id='word_1_598' title='bbox 2515 4423 2618 4469; x_wconf 80' lang='lat' dir='ltr'><strong>xu,</strong></span> <span class='ocrx_word' id='word_1_599' title='bbox 2657 4407 2744 4462; x_wconf 87' lang='lat' dir='ltr'><strong>l0.</strong></span> <span class='ocrx_word' id='word_1_600' title='bbox 2822 4408 2867 4439; x_wconf 81' lang='grc'><strong>³⁸</strong></span> <span class='ocrx_word' id='word_1_601' title='bbox 2888 4406 3043 4461; x_wconf 82' lang='lat' dir='ltr'><strong>Joan.</strong></span> <span class='ocrx_word' id='word_1_602' title='bbox 3083 4422 3165 4473; x_wconf 85' lang='lat' dir='ltr'><strong>ill,</strong></span> <span class='ocrx_word' id='word_1_603' title='bbox 3190 4408 3337 4463; x_wconf 63' lang='lat'><strong>4—16.</strong></span> 
     </span>
     <span class='ocr_line' id='line_1_81' title="bbox 483 4470 2372 4531; baseline 0.003 -5"><span class='ocrx_word' id='word_1_604' title='bbox 483 4513 499 4531; x_wconf 87' lang='lat'><strong>.</strong></span> <span class='ocrx_word' id='word_1_605' title='bbox 538 4473 625 4527; x_wconf 84' lang='lat' dir='ltr'><strong>l7.</strong></span> <span class='ocrx_word' id='word_1_606' title='bbox 698 4471 744 4503; x_wconf 74' lang='grc'>⁴⁰</span> <span class='ocrx_word' id='word_1_607' title='bbox 782 4470 941 4526; x_wconf 83' lang='grc' dir='ltr'>Νυηι.</span> <span class='ocrx_word' id='word_1_608' title='bbox 978 4487 1089 4531; x_wconf 79' lang='lat' dir='ltr'><strong>xtv.</strong></span> <span class='ocrx_word' id='word_1_609' title='bbox 1122 4470 1210 4525; x_wconf 77' lang='grc'><strong>37.</strong></span> <span class='ocrx_word' id='word_1_610' title='bbox 1305 4472 1348 4502; x_wconf 69' lang='grc'><strong>⁸¹</strong></span> <span class='ocrx_word' id='word_1_611' title='bbox 1390 4470 1533 4526; x_wconf 86' lang='lat' dir='ltr'><strong>Psal.</strong></span> <span class='ocrx_word' id='word_1_612' title='bbox 1567 4485 1675 4531; x_wconf 74' lang='grc' dir='ltr'>ειν,</span> <span class='ocrx_word' id='word_1_613' title='bbox 1708 4471 1796 4525; x_wconf 81' lang='grc'><strong>57.</strong></span> <span class='ocrx_word' id='word_1_614' title='bbox 1872 4475 1916 4503; x_wconf 66' lang='grc' dir='ltr'>δ’</span> <span class='ocrx_word' id='word_1_615' title='bbox 1959 4474 2126 4530; x_wconf 78' lang='lat' dir='ltr'><strong>Exod.</strong></span> <span class='ocrx_word' id='word_1_616' title='bbox 2162 4491 2282 4531; x_wconf 78' lang='lat' dir='ltr'><strong>xvr.</strong></span> <span class='ocrx_word' id='word_1_617' title='bbox 2317 4477 2372 4531; x_wconf 82' lang='grc'>5.</span> 
     </span>
    </p>
   </div>
   <div class='ocr_carea' id='block_1_81' title="bbox 404 4470 1796 4539">
    <p class='ocr_par' dir='ltr' id='par_1_81' title="bbox 404 4470 1796 4539">
     <span class='ocr_line' id='line_1_82' title="bbox 404 4470 1796 4539; baseline -0.003 -11"><span class='ocrx_word' id='word_1_618' title='bbox 404 4488 499 4539; x_wconf 86' lang='lat' dir='ltr'><strong>m,</strong></span> <span class='ocrx_word' id='word_1_619' title='bbox 538 4473 625 4527; x_wconf 84' lang='lat' dir='ltr'><strong>l7.</strong></span> <span class='ocrx_word' id='word_1_620' title='bbox 698 4471 744 4503; x_wconf 74' lang='grc'>⁴⁰</span> <span class='ocrx_word' id='word_1_621' title='bbox 782 4470 941 4526; x_wconf 83' lang='grc' dir='ltr'>Νυηι.</span> <span class='ocrx_word' id='word_1_622' title='bbox 978 4487 1089 4539; x_wconf 79' lang='lat' dir='ltr'><strong>xtv,</strong></span> <span class='ocrx_word' id='word_1_623' title='bbox 1122 4470 1210 4525; x_wconf 77' lang='lat'><strong>37.</strong></span> <span class='ocrx_word' id='word_1_624' title='bbox 1305 4472 1348 4502; x_wconf 78' lang='lat'>“</span> <span class='ocrx_word' id='word_1_625' title='bbox 1390 4470 1533 4526; x_wconf 86' lang='lat' dir='ltr'><strong>Psal.</strong></span> <span class='ocrx_word' id='word_1_626' title='bbox 1567 4485 1675 4534; x_wconf 74' lang='grc' dir='ltr'>ειν,</span> <span class='ocrx_word' id='word_1_627' title='bbox 1708 4471 1796 4525; x_wconf 81' lang='grc'><strong>57.</strong></span> 
     </span>
    </p>
   </div>
   <div class='ocr_carea' id='block_1_82' title="bbox 2086 3415 3659 3503">
    <p class='ocr_par' dir='ltr' id='par_1_82' title="bbox 2086 3415 3659 3503">
     <span class='ocr_line' id='line_1_83' title="bbox 2086 3415 3659 3503; baseline 0.003 -21"><span class='ocrx_word' id='word_1_628' title='bbox 2086 3415 2225 3482; x_wconf 75' lang='grc' dir='ltr'>ἓῖδεν</span> <span class='ocrx_word' id='word_1_629' title='bbox 2254 3468 2269 3493; x_wconf 96' lang='grc'><strong>,</strong></span> <span class='ocrx_word' id='word_1_630' title='bbox 2328 3429 2378 3480; x_wconf 83' lang='grc' dir='ltr'><strong>εί</strong></span> <span class='ocrx_word' id='word_1_631' title='bbox 2433 3428 2507 3499; x_wconf 86' lang='grc' dir='ltr'>μὴ</span> <span class='ocrx_word' id='word_1_632' title='bbox 2557 3429 2781 3501; x_wconf 81' lang='grc' dir='ltr'>νηστείᾳ</span> <span class='ocrx_word' id='word_1_633' title='bbox 2835 3427 3222 3501; x_wconf 85' lang='grc' dir='ltr'>διαυγεστέραν</span> <span class='ocrx_word' id='word_1_634' title='bbox 3274 3431 3496 3502; x_wconf 74' lang='grc' dir='ltr'>ἐποίησε</span> <span class='ocrx_word' id='word_1_635' title='bbox 3556 3433 3659 3503; x_wconf 73' lang='grc' dir='ltr'><strong>τὴν</strong></span> 
     </span>
    </p>
   </div>
   <div class='ocr_carea' id='block_1_83' title="bbox 2081 3516 3659 3591">
    <p class='ocr_par' dir='ltr' id='par_1_83' title="bbox 2081 3516 3659 3591">
     <span class='ocr_line' id='line_1_84' title="bbox 2081 3516 3659 3591; baseline 0.002 -19"><span class='ocrx_word' id='word_1_636' title='bbox 2081 3518 2282 3590; x_wconf 76' lang='grc' dir='ltr'>ψυχήν.</span> <span class='ocrx_word' id='word_1_637' title='bbox 2333 3519 2428 3573; x_wconf 86' lang='grc' dir='ltr'>Ἐκ</span> <span class='ocrx_word' id='word_1_638' title='bbox 2463 3519 2572 3589; x_wconf 82' lang='grc' dir='ltr'>γὰρ</span> <span class='ocrx_word' id='word_1_639' title='bbox 2593 3520 2694 3589; x_wconf 87' lang='grc' dir='ltr'><strong>τῆς</strong></span> <span class='ocrx_word' id='word_1_640' title='bbox 2734 3521 2960 3589; x_wconf 86' lang='grc' dir='ltr'>παχείας</span> <span class='ocrx_word' id='word_1_641' title='bbox 2997 3521 3201 3591; x_wconf 84' lang='grc' dir='ltr'>τροφῆς</span> <span class='ocrx_word' id='word_1_642' title='bbox 3232 3520 3340 3591; x_wconf 82' lang='grc'>(51)</span> <span class='ocrx_word' id='word_1_643' title='bbox 3366 3516 3476 3575; x_wconf 74' lang='grc' dir='ltr'>οἷον</span> <span class='ocrx_word' id='word_1_644' title='bbox 3500 3521 3659 3575; x_wconf 87' lang='grc' dir='ltr'>αίθα-</span> 
     </span>
    </p>
   </div>
   <div class='ocr_carea' id='block_1_84' title="bbox 2081 3610 3657 3684">
    <p class='ocr_par' dir='ltr' id='par_1_84' title="bbox 2081 3610 3657 3684">
     <span class='ocr_line' id='line_1_85' title="bbox 2081 3610 3657 3684; baseline 0.002 -21"><span class='ocrx_word' id='word_1_645' title='bbox 2081 3610 2269 3673; x_wconf 84' lang='grc' dir='ltr'>λώδεις</span> <span class='ocrx_word' id='word_1_646' title='bbox 2307 3611 2702 3681; x_wconf 85' lang='grc' dir='ltr'>ἀναθυμιάσεις</span> <span class='ocrx_word' id='word_1_647' title='bbox 2742 3611 3217 3682; x_wconf 84' lang='grc' dir='ltr'>ἀναπεμπόμεναι,</span> <span class='ocrx_word' id='word_1_648' title='bbox 3244 3612 3473 3683; x_wconf 84' lang='grc' dir='ltr'>νεφέλης</span> <span class='ocrx_word' id='word_1_649' title='bbox 3500 3612 3657 3684; x_wconf 85' lang='grc' dir='ltr'>δίκην</span> 
     </span>
    </p>
   </div>
   <div class='ocr_carea' id='block_1_85' title="bbox 2080 3699 3658 3774">
    <p class='ocr_par' dir='ltr' id='par_1_85' title="bbox 2080 3699 3658 3774">
     <span class='ocr_line' id='line_1_86' title="bbox 2080 3699 3658 3774; baseline 0.004 -23"><span class='ocrx_word' id='word_1_650' title='bbox 2080 3702 2314 3771; x_wconf 82' lang='grc' dir='ltr'>πυκνῆς,</span> <span class='ocrx_word' id='word_1_651' title='bbox 2354 3699 2453 3763; x_wconf 82' lang='grc' dir='ltr'>τὰς</span> <span class='ocrx_word' id='word_1_652' title='bbox 2497 3701 2606 3755; x_wconf 87' lang='grc' dir='ltr'>ἀπὸ</span> <span class='ocrx_word' id='word_1_653' title='bbox 2643 3700 2735 3754; x_wconf 89' lang='grc' dir='ltr'><strong>τοῦ</strong></span> <span class='ocrx_word' id='word_1_654' title='bbox 2770 3701 2925 3769; x_wconf 86' lang='grc' dir='ltr'>ἁγίου</span> <span class='ocrx_word' id='word_1_655' title='bbox 2953 3701 3267 3773; x_wconf 89' lang='grc' dir='ltr'>Πνεύματος</span> <span class='ocrx_word' id='word_1_656' title='bbox 3303 3703 3658 3774; x_wconf 80' lang='grc' dir='ltr'>ἐγγινομένας</span> 
     </span>
    </p>
   </div>
   <div class='ocr_carea' id='block_1_86' title="bbox 2081 3792 3655 3873">
    <p class='ocr_par' dir='ltr' id='par_1_86' title="bbox 2081 3792 3655 3873">
     <span class='ocr_line' id='line_1_87' title="bbox 2081 3792 3655 3873; baseline 0.002 -27"><span class='ocrx_word' id='word_1_657' title='bbox 2081 3793 2374 3873; x_wconf 59' lang='grc' dir='ltr'>ξλλάμψεις</span> <span class='ocrx_word' id='word_1_658' title='bbox 2397 3794 2488 3854; x_wconf 78' lang='grc' dir='ltr'><strong>ἐπὶ</strong></span> <span class='ocrx_word' id='word_1_659' title='bbox 2515 3793 2605 3848; x_wconf 87' lang='grc' dir='ltr'><strong>τὸν</strong></span> <span class='ocrx_word' id='word_1_660' title='bbox 2632 3792 2753 3847; x_wconf 86' lang='grc' dir='ltr'>νοῦν</span> <span class='ocrx_word' id='word_1_661' title='bbox 2769 3793 3165 3848; x_wconf 82' lang='grc' dir='ltr'>διακόπτουσιν.</span> <span class='ocrx_word' id='word_1_662' title='bbox 3190 3796 3254 3848; x_wconf 69' lang='lat' dir='ltr'><strong>Et</strong></span> <span class='ocrx_word' id='word_1_663' title='bbox 3283 3794 3341 3847; x_wconf 81' lang='grc' dir='ltr'>δὲ</span> <span class='ocrx_word' id='word_1_664' title='bbox 3371 3797 3465 3849; x_wconf 82' lang='grc' dir='ltr'>καὶ</span> <span class='ocrx_word' id='word_1_665' title='bbox 3485 3797 3655 3866; x_wconf 79' lang='grc' dir='ltr'>ἀγγέ-</span> 
     </span>
    </p>
   </div>
   <div class='ocr_carea' id='block_1_87' title="bbox 2072 3868 3658 3960">
    <p class='ocr_par' dir='ltr' id='par_1_87' title="bbox 2072 3868 3658 3960">
     <span class='ocr_line' id='line_1_88' title="bbox 2072 3868 3658 3960; baseline 0.016 -24"><span class='ocrx_word' id='word_1_666' title='bbox 2072 3868 2188 3937; x_wconf 65' lang='grc' dir='ltr'>ἷων</span> <span class='ocrx_word' id='word_1_667' title='bbox 2219 3885 2333 3938; x_wconf 82' lang='grc' dir='ltr'>ἐστί</span> <span class='ocrx_word' id='word_1_668' title='bbox 2365 3902 2448 3949; x_wconf 87' lang='grc' dir='ltr'><strong>τις</strong></span> <span class='ocrx_word' id='word_1_669' title='bbox 2468 3885 2662 3956; x_wconf 81' lang='grc' dir='ltr'>τροφὴ,</span> <span class='ocrx_word' id='word_1_670' title='bbox 2693 3884 2851 3957; x_wconf 84' lang='grc' dir='ltr'>ἄρτος</span> <span class='ocrx_word' id='word_1_671' title='bbox 2888 3885 3055 3952; x_wconf 66' lang='grc' dir='ltr'>ἐστὶν,</span> <span class='ocrx_word' id='word_1_672' title='bbox 3084 3886 3161 3951; x_wconf 82' lang='grc' dir='ltr'>ὥς</span> <span class='ocrx_word' id='word_1_673' title='bbox 3188 3904 3352 3959; x_wconf 82' lang='grc' dir='ltr'>φησιν</span> <span class='ocrx_word' id='word_1_674' title='bbox 3391 3889 3418 3940; x_wconf 70' lang='grc' dir='ltr'>ὁ</span> <span class='ocrx_word' id='word_1_675' title='bbox 3446 3891 3658 3960; x_wconf 72' lang='grc' dir='ltr'><strong>προφή·’</strong></span> 
     </span>
    </p>
   </div>
   <div class='ocr_carea' id='block_1_88' title="bbox 2077 3974 3651 4049">
    <p class='ocr_par' dir='ltr' id='par_1_88' title="bbox 2077 3974 3651 4049">
     <span class='ocr_line' id='line_1_89' title="bbox 2077 3974 3651 4049; baseline 0.004 -23"><span class='ocrx_word' id='word_1_676' title='bbox 2077 3989 2209 4041; x_wconf 71' lang='grc' dir='ltr'><strong>της⁹</strong></span> <span class='ocrx_word' id='word_1_677' title='bbox 2240 3975 2459 4042; x_wconf 79' lang='grc' dir='ltr'>Ἄρτον</span> <span class='ocrx_word' id='word_1_678' title='bbox 2481 3975 2752 4042; x_wconf 77' lang='grc' dir='ltr'>ἀγγέλων</span> <span class='ocrx_word' id='word_1_679' title='bbox 2780 3974 3005 4045; x_wconf 69' lang='grc' dir='ltr'>ἔφαγεν</span> <span class='ocrx_word' id='word_1_680' title='bbox 3028 3977 3338 4045; x_wconf 76' lang='grc' dir='ltr'>ἄνθρωπος</span> <span class='ocrx_word' id='word_1_681' title='bbox 3357 3995 3370 4007; x_wconf 90' lang='grc'><strong>·</strong></span> <span class='ocrx_word' id='word_1_682' title='bbox 3399 3979 3459 4031; x_wconf 85' lang='grc' dir='ltr'><strong>οὐ</strong></span> <span class='ocrx_word' id='word_1_683' title='bbox 3493 3979 3651 4049; x_wconf 85' lang='grc' dir='ltr'>κρέα,</span> 
     </span>
    </p>
   </div>
   <div class='ocr_carea' id='block_1_89' title="bbox 2079 4062 3652 4141">
    <p class='ocr_par' dir='ltr' id='par_1_89' title="bbox 2079 4062 3652 4141">
     <span class='ocr_line' id='line_1_90' title="bbox 2079 4062 3652 4141; baseline 0.004 -24"><span class='ocrx_word' id='word_1_684' title='bbox 2079 4065 2199 4118; x_wconf 85' lang='grc' dir='ltr'>οὐδὲ</span> <span class='ocrx_word' id='word_1_685' title='bbox 2237 4062 2397 4129; x_wconf 79' lang='grc' dir='ltr'>οἶνος,</span> <span class='ocrx_word' id='word_1_686' title='bbox 2440 4065 2561 4127; x_wconf 77' lang='grc' dir='ltr'>οὐδὲ</span> <span class='ocrx_word' id='word_1_687' title='bbox 2605 4067 2707 4119; x_wconf 81' lang='grc' dir='ltr'>ὅσα</span> <span class='ocrx_word' id='word_1_688' title='bbox 2739 4067 2853 4137; x_wconf 68' lang='grc'>(52)</span> <span class='ocrx_word' id='word_1_689' title='bbox 2899 4071 3011 4132; x_wconf 87' lang='grc' dir='ltr'>τοῖς</span> <span class='ocrx_word' id='word_1_690' title='bbox 3052 4069 3259 4132; x_wconf 83' lang='grc' dir='ltr'>δούλοις</span> <span class='ocrx_word' id='word_1_691' title='bbox 3286 4069 3386 4140; x_wconf 88' lang='grc' dir='ltr'><strong>τῆς</strong></span> <span class='ocrx_word' id='word_1_692' title='bbox 3420 4070 3652 4141; x_wconf 82' lang='grc' dir='ltr'>γαστρὸς</span> 
     </span>
    </p>
   </div>
   <div class='ocr_carea' id='block_1_90' title="bbox 2075 4157 3654 4232">
    <p class='ocr_par' dir='ltr' id='par_1_90' title="bbox 2075 4157 3654 4232">
     <span class='ocr_line' id='line_1_91' title="bbox 2075 4157 3654 4232; baseline 0.004 -23"><span class='ocrx_word' id='word_1_693' title='bbox 2075 4157 2507 4213; x_wconf 75' lang='grc' dir='ltr'>διεσπούδασται.</span> <span class='ocrx_word' id='word_1_694' title='bbox 2531 4159 2773 4228; x_wconf 87' lang='grc' dir='ltr'>Νηστεία</span> <span class='ocrx_word' id='word_1_695' title='bbox 2794 4159 2956 4213; x_wconf 82' lang='grc' dir='ltr'>ὅπλον</span> <span class='ocrx_word' id='word_1_696' title='bbox 2979 4161 3093 4214; x_wconf 80' lang='grc' dir='ltr'>ἐστὶ</span> <span class='ocrx_word' id='word_1_697' title='bbox 3110 4160 3245 4230; x_wconf 87' lang='grc' dir='ltr'>πρὸς</span> <span class='ocrx_word' id='word_1_698' title='bbox 3258 4162 3357 4232; x_wconf 82' lang='grc' dir='ltr'><strong>τὴν</strong></span> <span class='ocrx_word' id='word_1_699' title='bbox 3376 4160 3517 4214; x_wconf 79' lang='grc' dir='ltr'>κατὰ</span> <span class='ocrx_word' id='word_1_700' title='bbox 3543 4162 3654 4215; x_wconf 85' lang='grc' dir='ltr'><strong>τῶν</strong></span> 
     </span>
    </p>
   </div>
   <div class='ocr_carea' id='block_1_91' title="bbox 2070 4247 3654 4322">
    <p class='ocr_par' dir='ltr' id='par_1_91' title="bbox 2070 4247 3654 4322">
     <span class='ocr_line' id='line_1_92' title="bbox 2070 4247 3654 4322; baseline 0.003 -22"><span class='ocrx_word' id='word_1_701' title='bbox 2070 4247 2338 4318; x_wconf 84' lang='grc' dir='ltr'>δαιμόνων</span> <span class='ocrx_word' id='word_1_702' title='bbox 2363 4249 2641 4321; x_wconf 84' lang='grc' dir='ltr'>στρατιάν·</span> <span class='ocrx_word' id='word_1_703' title='bbox 2675 4250 2852 4305; x_wconf 85' lang='grc' dir='ltr'>Τοῦτο</span> <span class='ocrx_word' id='word_1_704' title='bbox 2879 4249 2987 4322; x_wconf 83' lang='grc' dir='ltr'>γὰρ</span> <span class='ocrx_word' id='word_1_705' title='bbox 3006 4250 3072 4304; x_wconf 89' lang='grc' dir='ltr'>τὸ</span> <span class='ocrx_word' id='word_1_706' title='bbox 3090 4251 3265 4319; x_wconf 76' lang='grc' dir='ltr'>γένος</span> <span class='ocrx_word' id='word_1_707' title='bbox 3283 4254 3393 4305; x_wconf 80' lang='grc' dir='ltr'>οὐκ</span> <span class='ocrx_word' id='word_1_708' title='bbox 3417 4252 3654 4320; x_wconf 79' lang='grc' dir='ltr'>ἐξέρχε-</span> 
     </span>
    </p>
   </div>
   <div class='ocr_carea' id='block_1_92' title="bbox 3416 4406 3646 4466">
    <p class='ocr_par' dir='ltr' id='par_1_92' title="bbox 3416 4406 3646 4466">
     <span class='ocr_line' id='line_1_93' title="bbox 3416 4406 3646 4466; baseline 0.017 -4"><span class='ocrx_word' id='word_1_709' title='bbox 3416 4409 3459 4440; x_wconf 86' lang='grc'><strong>³⁹</strong></span> <span class='ocrx_word' id='word_1_710' title='bbox 3480 4406 3646 4466; x_wconf 86' lang='lat' dir='ltr'><strong>Hebr.</strong></span> 
     </span>
    </p>
   </div>
   <div class='ocr_carea' id='block_1_93' title="bbox 477 4605 1988 4684">
    <p class='ocr_par' dir='ltr' id='par_1_93' title="bbox 477 4605 1972 4684">
     <span class='ocr_line' id='line_1_94' title="bbox 477 4605 1972 4684; baseline -0.004 -20"><span class='ocrx_word' id='word_1_711' title='bbox 477 4608 588 4675; x_wconf 72' lang='grc'>(46)</span> <span class='ocrx_word' id='word_1_712' title='bbox 614 4606 771 4684; x_wconf 89' lang='lat' dir='ltr'><strong>U_nus_</strong></span> <span class='ocrx_word' id='word_1_713' title='bbox 804 4608 975 4684; x_wconf 56' lang='lat' dir='ltr'><strong>codex</strong></span> <span class='ocrx_word' id='word_1_714' title='bbox 1033 4605 1278 4661; x_wconf 78' lang='lat' dir='ltr'><strong>Combel‘.</strong></span> <span class='ocrx_word' id='word_1_715' title='bbox 1316 4606 1610 4684; x_wconf 75' lang='lat' dir='ltr'><strong>conjuncta</strong></span> <span class='ocrx_word' id='word_1_716' title='bbox 1651 4606 1709 4657; x_wconf 77' lang='grc' dir='ltr'>ἐν</span> <span class='ocrx_word' id='word_1_717' title='bbox 1738 4605 1972 4684; x_wconf 74' lang='grc' dir='ltr'>ἀτροφίᾳ.</span> 
     </span>
    </p>
   </div>
   <div class='ocr_carea' id='block_1_94' title="bbox 2085 4605 3641 4684">
    <p class='ocr_par' dir='ltr' id='par_1_94' title="bbox 2085 4608 3641 4684">
     <span class='ocr_line' id='line_1_95' title="bbox 2085 4608 3641 4684; baseline 0.006 -25"><span class='ocrx_word' id='word_1_718' title='bbox 2085 4615 2272 4684; x_wconf 60' lang='lat' dir='ltr'><strong>[antur</strong></span> <span class='ocrx_word' id='word_1_719' title='bbox 2302 4609 2407 4684; x_wconf 79' lang='lat' dir='ltr'><strong>ista</strong></span> <span class='ocrx_word' id='word_1_720' title='bbox 2432 4608 2499 4663; x_wconf 90' lang='lat' dir='ltr'><strong>ad</strong></span> <span class='ocrx_word' id='word_1_721' title='bbox 2535 4608 2635 4684; x_wconf 78' lang='lat' dir='ltr'><strong>illa</strong></span> <span class='ocrx_word' id='word_1_722' title='bbox 2660 4624 2782 4678; x_wconf 72' lang='lat' dir='ltr'><strong>qua:</strong></span> <span class='ocrx_word' id='word_1_723' title='bbox 2814 4618 3233 4684; x_wconf 71' lang='lat' dir='ltr'><strong>praecesserunt,</strong></span> <span class='ocrx_word' id='word_1_724' title='bbox 3261 4613 3434 4684; x_wconf 58' lang='lat' dir='ltr'><strong>ipso;</strong></span> <span class='ocrx_word' id='word_1_725' title='bbox 3474 4613 3641 4669; x_wconf 79' lang='grc' dir='ltr'>ἐστίν.</span> 
     </span>
    </p>
   </div>
   <div class='ocr_carea' id='block_1_95' title="bbox 402 4675 1970 4748">
    <p class='ocr_par' dir='ltr' id='par_1_95' title="bbox 402 4675 1970 4748">
     <span class='ocr_line' id='line_1_96' title="bbox 402 4675 1970 4748; baseline -0.003 -15"><span class='ocrx_word' id='word_1_726' title='bbox 402 4681 530 4741; x_wconf 85' lang='grc' dir='ltr'>τῶν,</span> <span class='ocrx_word' id='word_1_727' title='bbox 567 4689 623 4734; x_wconf 90' lang='lat' dir='ltr'><strong>et</strong></span> <span class='ocrx_word' id='word_1_728' title='bbox 651 4679 725 4733; x_wconf 91' lang='lat' dir='ltr'><strong>ita</strong></span> <span class='ocrx_word' id='word_1_729' title='bbox 759 4678 888 4748; x_wconf 78' lang='lat' dir='ltr'><strong>legit</strong></span> <span class='ocrx_word' id='word_1_730' title='bbox 910 4678 1171 4748; x_wconf 66' lang='lat' dir='ltr'><strong>Erasmus</strong></span> <span class='ocrx_word' id='word_1_731' title='bbox 1206 4695 1217 4729; x_wconf 88' lang='lat'>:</span> <span class='ocrx_word' id='word_1_732' title='bbox 1253 4675 1347 4730; x_wconf 88' lang='lat' dir='ltr'><strong>sed</strong></span> <span class='ocrx_word' id='word_1_733' title='bbox 1372 4676 1656 4748; x_wconf 80' lang='lat' dir='ltr'><strong>virgulam,</strong></span> <span class='ocrx_word' id='word_1_734' title='bbox 1691 4675 1970 4748; x_wconf 62' lang='lat' dir='ltr'><strong>quainin-l</strong></span> 
     </span>
    </p>
   </div>
   <div class='ocr_carea' id='block_1_96' title="bbox 402 4744 1971 4815">
    <p class='ocr_par' dir='ltr' id='par_1_96' title="bbox 402 4744 1971 4815">
     <span class='ocr_line' id='line_1_97' title="bbox 402 4744 1971 4815; baseline -0.003 -12"><span class='ocrx_word' id='word_1_735' title='bbox 402 4750 525 4805; x_wconf 89' lang='lat' dir='ltr'><strong>veni</strong></span> <span class='ocrx_word' id='word_1_736' title='bbox 559 4749 617 4803; x_wconf 90' lang='lat' dir='ltr'><strong>in</strong></span> <span class='ocrx_word' id='word_1_737' title='bbox 652 4744 890 4803; x_wconf 74' lang='lat' dir='ltr'><strong>editione</strong></span> <span class='ocrx_word' id='word_1_738' title='bbox 916 4744 1093 4801; x_wconf 85' lang='lat' dir='ltr'><strong>Paris.</strong></span> <span class='ocrx_word' id='word_1_739' title='bbox 1131 4755 1254 4815; x_wconf 89' lang='lat' dir='ltr'><strong>post</strong></span> <span class='ocrx_word' id='word_1_740' title='bbox 1303 4744 1490 4801; x_wconf 83' lang='lat' dir='ltr'><strong>vocem</strong></span> <span class='ocrx_word' id='word_1_741' title='bbox 1522 4744 1777 4815; x_wconf 78' lang='grc' dir='ltr'>ἀτροφίᾳ,</span> <span class='ocrx_word' id='word_1_742' title='bbox 1803 4746 1971 4799; x_wconf 85' lang='lat' dir='ltr'><strong>relin-</strong></span> 
     </span>
    </p>
   </div>
   <div class='ocr_carea' id='block_1_97' title="bbox 402 4814 1969 4889">
    <p class='ocr_par' dir='ltr' id='par_1_97' title="bbox 402 4814 1969 4889">
     <span class='ocr_line' id='line_1_98' title="bbox 402 4814 1969 4889; baseline -0.003 -15"><span class='ocrx_word' id='word_1_743' title='bbox 402 4834 573 4889; x_wconf 87' lang='lat' dir='ltr'><strong>quere</strong></span> <span class='ocrx_word' id='word_1_744' title='bbox 620 4817 804 4889; x_wconf 80' lang='lat' dir='ltr'><strong>malui.</strong></span> <span class='ocrx_word' id='word_1_745' title='bbox 850 4814 987 4871; x_wconf 91' lang='lat' dir='ltr'><strong>Nam</strong></span> <span class='ocrx_word' id='word_1_746' title='bbox 1035 4814 1145 4889; x_wconf 78' lang='lat' dir='ltr'><strong>hoc</strong></span> <span class='ocrx_word' id='word_1_747' title='bbox 1176 4824 1338 4889; x_wconf 83' lang='lat' dir='ltr'><strong>pacto</strong></span> <span class='ocrx_word' id='word_1_748' title='bbox 1381 4816 1501 4885; x_wconf 81' lang='lat' dir='ltr'><strong>ejus</strong></span> <span class='ocrx_word' id='word_1_749' title='bbox 1534 4814 1642 4869; x_wconf 68' lang='lat' dir='ltr'><strong>icui</strong></span> <span class='ocrx_word' id='word_1_750' title='bbox 1696 4816 1969 4869; x_wconf 86' lang='lat' dir='ltr'><strong>sententia</strong></span> 
     </span>
    </p>
   </div>
   <div class='ocr_carea' id='block_1_98' title="bbox 406 4886 1297 4960">
    <p class='ocr_par' dir='ltr' id='par_1_98' title="bbox 406 4886 1297 4960">
     <span class='ocr_line' id='line_1_99' title="bbox 406 4886 1297 4960; baseline -0.006 -18"><span class='ocrx_word' id='word_1_751' title='bbox 406 4886 584 4960; x_wconf 63' lang='lat' dir='ltr'><strong>aptior</strong></span> <span class='ocrx_word' id='word_1_752' title='bbox 613 4886 842 4960; x_wconf 72' lang='lat' dir='ltr'><strong>elIicitur</strong></span> <span class='ocrx_word' id='word_1_753' title='bbox 871 4894 926 4960; x_wconf 83' lang='lat' dir='ltr'><strong>et</strong></span> <span class='ocrx_word' id='word_1_754' title='bbox 955 4886 1297 4960; x_wconf 68' lang='lat' dir='ltr'><strong>concinnior.</strong></span> 
     </span>
    </p>
   </div>
   <div class='ocr_carea' id='block_1_99' title="bbox 475 4953 1963 5027">
    <p class='ocr_par' dir='ltr' id='par_1_99' title="bbox 475 4953 1963 5027">
     <span class='ocr_line' id='line_1_100' title="bbox 475 4953 1963 5027; baseline -0.004 -16"><span class='ocrx_word' id='word_1_755' title='bbox 475 4956 765 5027; x_wconf 17' lang='lat' dir='ltr'><strong>(47)7Unus</strong></span> <span class='ocrx_word' id='word_1_756' title='bbox 801 4957 973 5010; x_wconf 80' lang='lat' dir='ltr'><strong>codex</strong></span> <span class='ocrx_word' id='word_1_757' title='bbox 1003 4954 1246 5027; x_wconf 78' lang='lat' dir='ltr'><strong>Combef.</strong></span> <span class='ocrx_word' id='word_1_758' title='bbox 1295 4953 1757 5027; x_wconf 57' lang='grc' dir='ltr'>καταταξάμενος,</span> <span class='ocrx_word' id='word_1_759' title='bbox 1802 4954 1963 5027; x_wconf 71' lang='lat' dir='ltr'><strong>male.</strong></span> 
     </span>
    </p>
   </div>
   <div class='ocr_carea' id='block_1_100' title="bbox 403 5022 1968 5096">
    <p class='ocr_par' dir='ltr' id='par_1_100' title="bbox 403 5022 1968 5096">
     <span class='ocr_line' id='line_1_101' title="bbox 403 5022 1968 5096; baseline -0.005 -11"><span class='ocrx_word' id='word_1_760' title='bbox 403 5022 528 5085; x_wconf 82' lang='lat' dir='ltr'><strong>Mox</strong></span> <span class='ocrx_word' id='word_1_761' title='bbox 568 5022 727 5082; x_wconf 49' lang='lat' dir='ltr'><strong>&#39;Colb.</strong></span> <span class='ocrx_word' id='word_1_762' title='bbox 774 5027 985 5096; x_wconf 88' lang='lat' dir='ltr'><strong>primus</strong></span> <span class='ocrx_word' id='word_1_763' title='bbox 1029 5024 1275 5096; x_wconf 78' lang='grc' dir='ltr'>ἀλλήλοις</span> <span class='ocrx_word' id='word_1_764' title='bbox 1321 5022 1672 5096; x_wconf 20' lang='grc' dir='ltr'>ἁντίᾼκειντα-ι.</span> <span class='ocrx_word' id='word_1_765' title='bbox 1726 5022 1968 5096; x_wconf 73' lang='lat' dir='ltr'><strong>subinde</strong></span> 
     </span>
    </p>
   </div>
   <div class='ocr_carea' id='block_1_101' title="bbox 402 5093 1854 5169">
    <p class='ocr_par' dir='ltr' id='par_1_101' title="bbox 402 5093 1854 5169">
     <span class='ocr_line' id='line_1_102' title="bbox 402 5093 1854 5169; baseline -0.007 -15"><span class='ocrx_word' id='word_1_766' title='bbox 402 5099 549 5169; x_wconf 48' lang='lat' dir='ltr'><strong>Reg.</strong></span> <span class='ocrx_word' id='word_1_767' title='bbox 570 5093 791 5169; x_wconf 58' lang='lat' dir='ltr'><strong>primus</strong></span> <span class='ocrx_word' id='word_1_768' title='bbox 815 5111 924 5169; x_wconf 83' lang='lat' dir='ltr'><strong>uno</strong></span> <span class='ocrx_word' id='word_1_769' title='bbox 952 5096 1124 5169; x_wconf 74' lang='lat' dir='ltr'><strong>verbo</strong></span> <span class='ocrx_word' id='word_1_770' title='bbox 1151 5093 1683 5169; x_wconf 44' lang='lat' dir='ltr'><strong>iguponozﬁogtﬁbv</strong></span> <span class='ocrx_word' id='word_1_771' title='bbox 1713 5094 1854 5147; x_wconf 86' lang='grc' dir='ltr'>νοῦν.</span> 
     </span>
    </p>
   </div>
   <div class='ocr_carea' id='block_1_102' title="bbox 473 5162 1791 5240">
    <p class='ocr_par' dir='ltr' id='par_1_102' title="bbox 473 5162 1791 5240">
     <span class='ocr_line' id='line_1_103' title="bbox 473 5162 1791 5240; baseline 0 0"><span class='ocrx_word' id='word_1_772' title='bbox 473 5162 589 5240; x_wconf 66' lang='grc' dir='ltr'><strong>(ῖιδὶ</strong></span> <span class='ocrx_word' id='word_1_773' title='bbox 614 5165 747 5240; x_wconf 57' lang='lat' dir='ltr'><strong>ﬁes-</strong></span> <span class='ocrx_word' id='word_1_774' title='bbox 779 5167 991 5240; x_wconf 72' lang='grc' dir='ltr'>ρι’ίεηυει</span> <span class='ocrx_word' id='word_1_775' title='bbox 1014 5162 1463 5240; x_wconf 37' lang='grc' dir='ltr'>ὁὲξιιίθὲνήμῶνί</span> <span class='ocrx_word' id='word_1_776' title='bbox 1490 5162 1791 5240; x_wconf 55' lang='lat'><strong>6129902796-</strong></span> 
     </span>
    </p>
   </div>
   <div class='ocr_carea' id='block_1_103' title="bbox 475 5232 1975 5359">
    <p class='ocr_par' dir='ltr' id='par_1_103' title="bbox 475 5232 1975 5359">
     <span class='ocr_line' id='line_1_104' title="bbox 475 5232 1975 5359; baseline -0.004 -67"><span class='ocrx_word' id='word_1_777' title='bbox 475 5232 1015 5359; x_wconf 50' lang='lat' dir='ltr'><strong>{4926Cﬁoelbfprimus</strong></span> <span class='ocrx_word' id='word_1_778' title='bbox 1045 5232 1351 5301; x_wconf 76' lang='grc' dir='ltr'>ὑπεδέξατό</span> <span class='ocrx_word' id='word_1_779' title='bbox 1372 5250 1512 5286; x_wconf 89' lang='grc' dir='ltr'>τινα.</span> <span class='ocrx_word' id='word_1_780' title='bbox 1541 5232 1661 5288; x_wconf 76' lang='lat' dir='ltr'><strong>Mox</strong></span> <span class='ocrx_word' id='word_1_781' title='bbox 1697 5232 1828 5305; x_wconf 82' lang='lat' dir='ltr'><strong>Reg.</strong></span> <span class='ocrx_word' id='word_1_782' title='bbox 1860 5233 1975 5303; x_wconf 85' lang='lat' dir='ltr'><strong>pri-</strong></span> 
     </span>
     <span class='ocr_line' id='line_1_105' title="bbox 475 5322 766 5359; baseline -0.007 0"><span class='ocrx_word' id='word_1_783' title='bbox 475 5323 522 5359; x_wconf 83' lang='lat' dir='ltr'><strong>IS</strong></span> <span class='ocrx_word' id='word_1_784' title='bbox 611 5323 637 5357; x_wconf 90' lang='grc' dir='ltr'><strong>ε</strong></span> <span class='ocrx_word' id='word_1_785' title='bbox 710 5322 766 5359; x_wconf 82' lang='grc' dir='ltr'><strong>η.</strong></span> 
     </span>
    </p>
   </div>
   <div class='ocr_carea' id='block_1_104' title="bbox 397 5307 766 5363">
    <p class='ocr_par' dir='ltr' id='par_1_104' title="bbox 397 5307 766 5363">
     <span class='ocr_line' id='line_1_106' title="bbox 397 5307 766 5363; baseline -0.016 0"><span class='ocrx_word' id='word_1_786' title='bbox 397 5323 522 5363; x_wconf 90' lang='lat' dir='ltr'><strong>mus</strong></span> <span class='ocrx_word' id='word_1_787' title='bbox 553 5307 766 5363; x_wconf 76' lang='grc' dir='ltr'>ἐδεήθη.</span> 
     </span>
    </p>
   </div>
   <div class='ocr_carea' id='block_1_105' title="bbox 471 5307 1804 5445">
    <p class='ocr_par' dir='ltr' id='par_1_105' title="bbox 471 5307 1804 5445">
     <span class='ocr_line' id='line_1_107' title="bbox 471 5307 766 5375; baseline -0.017 -13"><span class='ocrx_word' id='word_1_788' title='bbox 471 5323 522 5362; x_wconf 79' lang='lat' dir='ltr'><strong>ts</strong></span> <span class='ocrx_word' id='word_1_789' title='bbox 553 5307 766 5375; x_wconf 76' lang='grc' dir='ltr'>ἐδεήθη.</span> 
     </span>
     <span class='ocr_line' id='line_1_108' title="bbox 471 5373 1804 5445; baseline -0.005 -13"><span class='ocrx_word' id='word_1_790' title='bbox 471 5378 584 5445; x_wconf 80' lang='grc'>(50)</span> <span class='ocrx_word' id='word_1_791' title='bbox 619 5374 770 5431; x_wconf 89' lang='lat' dir='ltr'><strong>Unus</strong></span> <span class='ocrx_word' id='word_1_792' title='bbox 794 5373 967 5429; x_wconf 78' lang='lat' dir='ltr'><strong>codex</strong></span> <span class='ocrx_word' id='word_1_793' title='bbox 996 5375 1152 5431; x_wconf 88' lang='lat' dir='ltr'><strong>Colb.</strong></span> <span class='ocrx_word' id='word_1_794' title='bbox 1182 5376 1278 5428; x_wconf 75' lang='grc' dir='ltr'><strong>καὶ</strong></span> <span class='ocrx_word' id='word_1_795' title='bbox 1301 5374 1648 5445; x_wconf 68' lang='grc' dir='ltr'>ὑπέστρεψαν</span> <span class='ocrx_word' id='word_1_796' title='bbox 1668 5378 1804 5437; x_wconf 84' lang='grc' dir='ltr'>ταῖς.</span> 
     </span>
    </p>
   </div>
   <div class='ocr_carea' id='block_1_106' title="bbox 469 5444 1966 5517">
    <p class='ocr_par' dir='ltr' id='par_1_106' title="bbox 469 5444 1966 5517">
     <span class='ocr_line' id='line_1_109' title="bbox 469 5444 1966 5517; baseline -0.001 -16"><span class='ocrx_word' id='word_1_797' title='bbox 469 5444 580 5517; x_wconf 82' lang='grc'>(51)</span> <span class='ocrx_word' id='word_1_798' title='bbox 602 5444 765 5517; x_wconf 58' lang='grc' dir='ltr'>μοιβ.</span> <span class='ocrx_word' id='word_1_799' title='bbox 795 5445 1007 5517; x_wconf 78' lang='lat' dir='ltr'><strong>primus</strong></span> <span class='ocrx_word' id='word_1_800' title='bbox 1054 5446 1362 5517; x_wconf 80' lang='grc' dir='ltr'>παχυτέρας</span> <span class='ocrx_word' id='word_1_801' title='bbox 1400 5444 1623 5517; x_wconf 74' lang='grc' dir='ltr'>τροφῆς.</span> <span class='ocrx_word' id='word_1_802' title='bbox 1671 5447 1966 5517; x_wconf 74' lang='lat' dir='ltr'><strong>Aliquanto</strong></span> 
     </span>
    </p>
   </div>
   <div class='ocr_carea' id='block_1_107' title="bbox 398 5514 1841 5586">
    <p class='ocr_par' dir='ltr' id='par_1_107' title="bbox 398 5514 1841 5586">
     <span class='ocr_line' id='line_1_110' title="bbox 398 5514 1841 5586; baseline -0.003 -14"><span class='ocrx_word' id='word_1_803' title='bbox 398 5514 537 5572; x_wconf 67' lang='lat' dir='ltr'><strong>infra</strong></span> <span class='ocrx_word' id='word_1_804' title='bbox 561 5514 717 5586; x_wconf 76' lang='lat' dir='ltr'><strong>idem</strong></span> <span class='ocrx_word' id='word_1_805' title='bbox 734 5515 905 5586; x_wconf 79' lang='lat' dir='ltr'><strong>codex</strong></span> <span class='ocrx_word' id='word_1_806' title='bbox 943 5514 1250 5586; x_wconf 78' lang='grc' dir='ltr'>πνεύματος</span> <span class='ocrx_word' id='word_1_807' title='bbox 1268 5514 1705 5586; x_wconf 25' lang='grc' dir='ltr'>ίὲκπεμπομένας</span> <span class='ocrx_word' id='word_1_808' title='bbox 1733 5515 1841 5568; x_wconf 86' lang='grc' dir='ltr'>ἐλλ.</span> 
     </span>
    </p>
   </div>
   <div class='ocr_carea' id='block_1_108' title="bbox 470 5584 1966 5656">
    <p class='ocr_par' dir='ltr' id='par_1_108' title="bbox 470 5584 1966 5656">
     <span class='ocr_line' id='line_1_111' title="bbox 470 5584 1966 5656; baseline -0.001 -15"><span class='ocrx_word' id='word_1_809' title='bbox 470 5588 581 5656; x_wconf 72' lang='grc'>(52)</span> <span class='ocrx_word' id='word_1_810' title='bbox 618 5585 797 5641; x_wconf 82' lang='lat' dir='ltr'><strong>Monet</strong></span> <span class='ocrx_word' id='word_1_811' title='bbox 839 5584 1231 5656; x_wconf 23' lang='lat' dir='ltr'><strong>Ducaausplegi</strong></span> <span class='ocrx_word' id='word_1_812' title='bbox 1266 5587 1320 5638; x_wconf 88' lang='lat' dir='ltr'><strong>in</strong></span> <span class='ocrx_word' id='word_1_813' title='bbox 1357 5584 1496 5640; x_wconf 88' lang='lat' dir='ltr'><strong>Oliv.</strong></span> <span class='ocrx_word' id='word_1_814' title='bbox 1530 5585 1591 5638; x_wconf 77' lang='grc' dir='ltr'><strong>οὐ</strong></span> <span class='ocrx_word' id='word_1_815' title='bbox 1629 5587 1815 5655; x_wconf 80' lang='grc' dir='ltr'>κρέας,</span> <span class='ocrx_word' id='word_1_816' title='bbox 1846 5585 1966 5639; x_wconf 68' lang='grc' dir='ltr'>οὐδὲ</span> 
     </span>
    </p>
   </div>
   <div class='ocr_carea' id='block_1_109' title="bbox 400 5655 1963 5725">
    <p class='ocr_par' dir='ltr' id='par_1_109' title="bbox 400 5655 1963 5725">
     <span class='ocr_line' id='line_1_112' title="bbox 400 5655 1963 5725; baseline 0.001 -15"><span class='ocrx_word' id='word_1_817' title='bbox 400 5655 569 5723; x_wconf 67' lang='grc' dir='ltr'>οιδον,</span> <span class='ocrx_word' id='word_1_818' title='bbox 595 5656 703 5709; x_wconf 73' lang='grc' dir='ltr'>οὐδ’</span> <span class='ocrx_word' id='word_1_819' title='bbox 736 5659 856 5720; x_wconf 83' lang='grc' dir='ltr'>ὃσα,</span> <span class='ocrx_word' id='word_1_820' title='bbox 891 5656 971 5713; x_wconf 89' lang='lat' dir='ltr'><strong>sic</strong></span> <span class='ocrx_word' id='word_1_821' title='bbox 1005 5666 1082 5721; x_wconf 93' lang='lat' dir='ltr'><strong>ut,</strong></span> <span class='ocrx_word' id='word_1_822' title='bbox 1109 5655 1283 5725; x_wconf 89' lang='lat' dir='ltr'><strong>inquit</strong></span> <span class='ocrx_word' id='word_1_823' title='bbox 1309 5656 1392 5710; x_wconf 85' lang='lat' dir='ltr'><strong>vir</strong></span> <span class='ocrx_word' id='word_1_824' title='bbox 1427 5656 1799 5721; x_wconf 86' lang='lat' dir='ltr'><strong>doctissimus,</strong></span> <span class='ocrx_word' id='word_1_825' title='bbox 1824 5657 1963 5712; x_wconf 81' lang='lat' dir='ltr'><strong>rele-</strong></span> 
     </span>
    </p>
   </div>
   <div class='ocr_carea' id='block_1_110' title="bbox 2077 4676 3647 4747">
    <p class='ocr_par' dir='ltr' id='par_1_110' title="bbox 2077 4676 3647 4747">
     <span class='ocr_line' id='line_1_113' title="bbox 2077 4676 3647 4747; baseline 0.006 -17"><span class='ocrx_word' id='word_1_826' title='bbox 2077 4676 2243 4732; x_wconf 82' lang='lat' dir='ltr'><strong>Recte</strong></span> <span class='ocrx_word' id='word_1_827' title='bbox 2272 4678 2515 4746; x_wconf 91' lang='lat' dir='ltr'><strong>quidem,</strong></span> <span class='ocrx_word' id='word_1_828' title='bbox 2551 4676 2766 4747; x_wconf 83' lang='lat' dir='ltr'><strong>opinor,</strong></span> <span class='ocrx_word' id='word_1_829' title='bbox 2794 4676 2848 4733; x_wconf 76' lang='lat' dir='ltr'><strong>et</strong></span> <span class='ocrx_word' id='word_1_830' title='bbox 2885 4695 3012 4734; x_wconf 88' lang='lat' dir='ltr'><strong>vere</strong></span> <span class='ocrx_word' id='word_1_831' title='bbox 3034 4676 3324 4747; x_wconf 68' lang='lat' dir='ltr'><strong>judicavit,</strong></span> <span class='ocrx_word' id='word_1_832' title='bbox 3357 4676 3479 4736; x_wconf 87' lang='lat' dir='ltr'><strong>cum</strong></span> <span class='ocrx_word' id='word_1_833' title='bbox 3529 4700 3647 4739; x_wconf 57' lang='lat' dir='ltr'><strong>mo-</strong></span> 
     </span>
    </p>
   </div>
   <div class='ocr_carea' id='block_1_111' title="bbox 2074 4748 3642 4822">
    <p class='ocr_par' dir='ltr' id='par_1_111' title="bbox 2074 4748 3642 4822">
     <span class='ocr_line' id='line_1_114' title="bbox 2074 4748 3642 4822; baseline 0.003 -22"><span class='ocrx_word' id='word_1_834' title='bbox 2074 4748 2193 4822; x_wconf 74' lang='lat' dir='ltr'><strong>nuit</strong></span> <span class='ocrx_word' id='word_1_835' title='bbox 2223 4748 2475 4822; x_wconf 70' lang='lat' dir='ltr'><strong>illud,_0t&#39;i</strong></span> <span class='ocrx_word' id='word_1_836' title='bbox 2511 4749 2700 4822; x_wconf 80' lang='grc' dir='ltr'>κρέας,</span> <span class='ocrx_word' id='word_1_837' title='bbox 2748 4748 2941 4822; x_wconf 77' lang='lat' dir='ltr'><strong>referri</strong></span> <span class='ocrx_word' id='word_1_838' title='bbox 2981 4748 3047 4805; x_wconf 85' lang='lat' dir='ltr'><strong>ad</strong></span> <span class='ocrx_word' id='word_1_839' title='bbox 3078 4752 3132 4806; x_wconf 91' lang='lat' dir='ltr'><strong>id</strong></span> <span class='ocrx_word' id='word_1_840' title='bbox 3175 4753 3321 4822; x_wconf 86' lang='lat' dir='ltr'><strong>quod</strong></span> <span class='ocrx_word' id='word_1_841' title='bbox 3362 4755 3642 4822; x_wconf 73' lang='lat' dir='ltr'><strong>praecedit,</strong></span> 
     </span>
    </p>
   </div>
   <div class='ocr_carea' id='block_1_112' title="bbox 2072 4815 3644 4888">
    <p class='ocr_par' dir='ltr' id='par_1_112' title="bbox 2072 4815 3644 4888">
     <span class='ocr_line' id='line_1_115' title="bbox 2072 4815 3644 4888; baseline 0.006 -19"><span class='ocrx_word' id='word_1_842' title='bbox 2072 4815 2235 4888; x_wconf 72' lang='grc' dir='ltr'>ᾅρτος</span> <span class='ocrx_word' id='word_1_843' title='bbox 2289 4816 2434 4888; x_wconf 75' lang='grc' dir='ltr'>ἐστίν</span> <span class='ocrx_word' id='word_1_844' title='bbox 2452 4832 2473 4888; x_wconf 14' lang='grc' dir='ltr'>γ·</span> <span class='ocrx_word' id='word_1_845' title='bbox 2530 4815 2623 4873; x_wconf 79' lang='lat' dir='ltr'><strong>sed</strong></span> <span class='ocrx_word' id='word_1_846' title='bbox 2684 4819 2958 4888; x_wconf 89' lang='lat' dir='ltr'><strong>quomodo</strong></span> <span class='ocrx_word' id='word_1_847' title='bbox 3004 4836 3106 4875; x_wconf 82' lang='lat' dir='ltr'><strong>vox</strong></span> <span class='ocrx_word' id='word_1_848' title='bbox 3156 4815 3298 4878; x_wconf 74' lang='grc' dir='ltr'>οἶνον</span> <span class='ocrx_word' id='word_1_849' title='bbox 3345 4815 3413 4876; x_wconf 74' lang='lat' dir='ltr'><strong>ad</strong></span> <span class='ocrx_word' id='word_1_850' title='bbox 3458 4815 3644 4878; x_wconf 84' lang='lat' dir='ltr'><strong>vocem</strong></span> 
     </span>
    </p>
   </div>
   <div class='ocr_carea' id='block_1_113' title="bbox 2073 4886 3644 4959">
    <p class='ocr_par' dir='ltr' id='par_1_113' title="bbox 2073 4886 3644 4959">
     <span class='ocr_line' id='line_1_116' title="bbox 2073 4886 3644 4959; baseline 0.006 -20"><span class='ocrx_word' id='word_1_851' title='bbox 2073 4886 2237 4959; x_wconf 81' lang='grc' dir='ltr'>ἄρτος</span> <span class='ocrx_word' id='word_1_852' title='bbox 2268 4886 2463 4959; x_wconf 81' lang='lat' dir='ltr'><strong>referri</strong></span> <span class='ocrx_word' id='word_1_853' title='bbox 2508 4886 2715 4943; x_wconf 32' lang='lat' dir='ltr'><strong>itidem‘</strong></span> <span class='ocrx_word' id='word_1_854' title='bbox 2741 4890 2940 4959; x_wconf 80' lang='lat' dir='ltr'><strong>possit,</strong></span> <span class='ocrx_word' id='word_1_855' title='bbox 2991 4906 3104 4946; x_wconf 89' lang='lat' dir='ltr'><strong>non</strong></span> <span class='ocrx_word' id='word_1_856' title='bbox 3137 4895 3330 4948; x_wconf 88' lang='lat' dir='ltr'><strong>video:</strong></span> <span class='ocrx_word' id='word_1_857' title='bbox 3374 4908 3499 4947; x_wconf 90' lang='lat' dir='ltr'><strong>cum</strong></span> <span class='ocrx_word' id='word_1_858' title='bbox 3535 4909 3644 4948; x_wconf 92' lang='lat' dir='ltr'><strong>una</strong></span> 
     </span>
    </p>
   </div>
   <div class='ocr_carea' id='block_1_114' title="bbox 2074 4958 3644 5035">
    <p class='ocr_par' dir='ltr' id='par_1_114' title="bbox 2074 4958 3644 5035">
     <span class='ocr_line' id='line_1_117' title="bbox 2074 4958 3644 5035; baseline 0.004 -24"><span class='ocrx_word' id='word_1_859' title='bbox 2074 4958 2250 5035; x_wconf 77' lang='lat' dir='ltr'><strong>posita</strong></span> <span class='ocrx_word' id='word_1_860' title='bbox 2282 4958 2430 5035; x_wconf 71' lang='lat' dir='ltr'><strong>sitin</strong></span> <span class='ocrx_word' id='word_1_861' title='bbox 2456 4958 2815 5035; x_wconf 80' lang='lat' dir='ltr'><strong>nominativo,</strong></span> <span class='ocrx_word' id='word_1_862' title='bbox 2852 4959 3020 5013; x_wconf 88' lang='lat' dir='ltr'><strong>altera</strong></span> <span class='ocrx_word' id='word_1_863' title='bbox 3049 4963 3105 5015; x_wconf 92' lang='lat' dir='ltr'><strong>in</strong></span> <span class='ocrx_word' id='word_1_864' title='bbox 3135 4962 3468 5020; x_wconf 86' lang='lat' dir='ltr'><strong>accusativo.</strong></span> <span class='ocrx_word' id='word_1_865' title='bbox 3501 4961 3644 5017; x_wconf 88' lang='lat' dir='ltr'><strong>Puto</strong></span> 
     </span>
    </p>
   </div>
   <div class='ocr_carea' id='block_1_115' title="bbox 2075 5025 3640 5099">
    <p class='ocr_par' dir='ltr' id='par_1_115' title="bbox 2075 5025 3640 5099">
     <span class='ocr_line' id='line_1_118' title="bbox 2075 5025 3640 5099; baseline 0.006 -20"><span class='ocrx_word' id='word_1_866' title='bbox 2075 5025 2243 5095; x_wconf 79' lang='lat' dir='ltr'><strong>igitur</strong></span> <span class='ocrx_word' id='word_1_867' title='bbox 2288 5025 2439 5099; x_wconf 68' lang='lat' dir='ltr'><strong>Oliv.</strong></span> <span class='ocrx_word' id='word_1_868' title='bbox 2479 5028 2867 5099; x_wconf 12' lang='lat' dir='ltr'><strong>codicemﬂhac</strong></span> <span class='ocrx_word' id='word_1_869' title='bbox 2911 5038 3063 5098; x_wconf 89' lang='lat' dir='ltr'><strong>parte</strong></span> <span class='ocrx_word' id='word_1_870' title='bbox 3107 5035 3430 5089; x_wconf 88' lang='lat' dir='ltr'><strong>mendosum</strong></span> <span class='ocrx_word' id='word_1_871' title='bbox 3476 5047 3640 5099; x_wconf 89' lang='lat' dir='ltr'><strong>esse;</strong></span> 
     </span>
    </p>
   </div>
   <div class='ocr_carea' id='block_1_116' title="bbox 2080 5096 3641 5168">
    <p class='ocr_par' dir='ltr' id='par_1_116' title="bbox 2080 5096 3641 5168">
     <span class='ocr_line' id='line_1_119' title="bbox 2080 5096 3641 5168; baseline 0.006 -20"><span class='ocrx_word' id='word_1_872' title='bbox 2080 5096 2539 5168; x_wconf 88' lang='lat' dir='ltr'><strong>quemadmodum</strong></span> <span class='ocrx_word' id='word_1_873' title='bbox 2589 5107 2643 5152; x_wconf 91' lang='lat' dir='ltr'><strong>et</strong></span> <span class='ocrx_word' id='word_1_874' title='bbox 2691 5098 2782 5152; x_wconf 91' lang='lat' dir='ltr'><strong>alii</strong></span> <span class='ocrx_word' id='word_1_875' title='bbox 2831 5096 3073 5168; x_wconf 84' lang='lat' dir='ltr'><strong>quinque</strong></span> <span class='ocrx_word' id='word_1_876' title='bbox 3127 5103 3347 5159; x_wconf 85' lang='lat' dir='ltr'><strong>codices</strong></span> <span class='ocrx_word' id='word_1_877' title='bbox 3395 5096 3641 5159; x_wconf 87' lang='lat' dir='ltr'><strong>mendosi</strong></span> 
     </span>
    </p>
   </div>
   <div class='ocr_carea' id='block_1_117' title="bbox 2081 5167 3643 5238">
    <p class='ocr_par' dir='ltr' id='par_1_117' title="bbox 2081 5167 3643 5238">
     <span class='ocr_line' id='line_1_120' title="bbox 2081 5167 3643 5238; baseline 0.006 -20"><span class='ocrx_word' id='word_1_878' title='bbox 2081 5175 2232 5238; x_wconf 84' lang='lat' dir='ltr'><strong>sunt,</strong></span> <span class='ocrx_word' id='word_1_879' title='bbox 2263 5167 2320 5221; x_wconf 93' lang='lat' dir='ltr'><strong>in</strong></span> <span class='ocrx_word' id='word_1_880' title='bbox 2366 5168 2565 5237; x_wconf 91' lang='lat' dir='ltr'><strong>quibus</strong></span> <span class='ocrx_word' id='word_1_881' title='bbox 2608 5168 2812 5238; x_wconf 85' lang='lat' dir='ltr'><strong>pariter</strong></span> <span class='ocrx_word' id='word_1_882' title='bbox 2858 5167 3055 5238; x_wconf 78' lang='lat' dir='ltr'><strong>legitur</strong></span> <span class='ocrx_word' id='word_1_883' title='bbox 3094 5173 3216 5226; x_wconf 81' lang='grc' dir='ltr'>οὐδὲ</span> <span class='ocrx_word' id='word_1_884' title='bbox 3269 5167 3432 5226; x_wconf 80' lang='grc' dir='ltr'>οἶνον.</span> <span class='ocrx_word' id='word_1_885' title='bbox 3462 5171 3643 5238; x_wconf 85' lang='lat' dir='ltr'><strong>Quare</strong></span> 
     </span>
    </p>
   </div>
   <div class='ocr_carea' id='block_1_118' title="bbox 2077 5236 3640 5306">
    <p class='ocr_par' dir='ltr' id='par_1_118' title="bbox 2077 5236 3640 5306">
     <span class='ocr_line' id='line_1_121' title="bbox 2077 5236 3640 5306; baseline 0.006 -21"><span class='ocrx_word' id='word_1_886' title='bbox 2077 5237 2351 5306; x_wconf 83' lang='lat' dir='ltr'><strong>vulgatam</strong></span> <span class='ocrx_word' id='word_1_887' title='bbox 2385 5236 2687 5292; x_wconf 72' lang='lat' dir='ltr'><strong>lectionem</strong></span> <span class='ocrx_word' id='word_1_888' title='bbox 2716 5237 2838 5290; x_wconf 80' lang='grc' dir='ltr'>οὐδὲ</span> <span class='ocrx_word' id='word_1_889' title='bbox 2873 5236 3013 5303; x_wconf 78' lang='grc' dir='ltr'>οἶνος</span> <span class='ocrx_word' id='word_1_890' title='bbox 3043 5242 3382 5296; x_wconf 87' lang='lat' dir='ltr'><strong>retinendam</strong></span> <span class='ocrx_word' id='word_1_891' title='bbox 3404 5236 3593 5298; x_wconf 78' lang='lat' dir='ltr'><strong>censui</strong></span> <span class='ocrx_word' id='word_1_892' title='bbox 3626 5262 3640 5296; x_wconf 87' lang='lat'><strong>:</strong></span> 
     </span>
    </p>
   </div>
   <div class='ocr_carea' id='block_1_119' title="bbox 2078 5306 3642 5375">
    <p class='ocr_par' dir='ltr' id='par_1_119' title="bbox 2078 5306 3642 5375">
     <span class='ocr_line' id='line_1_122' title="bbox 2078 5306 3642 5375; baseline 0.006 -17"><span class='ocrx_word' id='word_1_893' title='bbox 2078 5321 2143 5359; x_wconf 89' lang='lat' dir='ltr'><strong>eo</strong></span> <span class='ocrx_word' id='word_1_894' title='bbox 2165 5306 2358 5374; x_wconf 79' lang='lat' dir='ltr'><strong>magis,</strong></span> <span class='ocrx_word' id='word_1_895' title='bbox 2396 5308 2541 5375; x_wconf 86' lang='lat' dir='ltr'><strong>quod</strong></span> <span class='ocrx_word' id='word_1_896' title='bbox 2568 5306 2891 5375; x_wconf 87' lang='lat' dir='ltr'><strong>auctoritate</strong></span> <span class='ocrx_word' id='word_1_897' title='bbox 2930 5310 3260 5367; x_wconf 88' lang='lat' dir='ltr'><strong>vetutissimi</strong></span> <span class='ocrx_word' id='word_1_898' title='bbox 3292 5311 3499 5365; x_wconf 89' lang='lat' dir='ltr'><strong>codicis</strong></span> <span class='ocrx_word' id='word_1_899' title='bbox 3533 5311 3642 5368; x_wconf 76' lang='lat' dir='ltr'><strong>Re-</strong></span> 
     </span>
    </p>
   </div>
   <div class='ocr_carea' id='block_1_120' title="bbox 2078 5374 3639 5449">
    <p class='ocr_par' dir='ltr' id='par_1_120' title="bbox 2078 5374 3639 5449">
     <span class='ocr_line' id='line_1_123' title="bbox 2078 5374 3639 5449; baseline 0.006 -22"><span class='ocrx_word' id='word_1_900' title='bbox 2078 5377 2153 5449; x_wconf 74' lang='lat' dir='ltr'><strong>gii</strong></span> <span class='ocrx_word' id='word_1_901' title='bbox 2177 5377 2321 5449; x_wconf 77' lang='lat' dir='ltr'><strong>tertii</strong></span> <span class='ocrx_word' id='word_1_902' title='bbox 2354 5376 2724 5449; x_wconf 78' lang='lat' dir='ltr'><strong>confirmetur.</strong></span> <span class='ocrx_word' id='word_1_903' title='bbox 2744 5374 2874 5449; x_wconf 61' lang='lat' dir='ltr'><strong>dam</strong></span> <span class='ocrx_word' id='word_1_904' title='bbox 2908 5380 2952 5433; x_wconf 89' lang='lat' dir='ltr'><strong>si</strong></span> <span class='ocrx_word' id='word_1_905' title='bbox 2981 5381 3104 5449; x_wconf 88' lang='lat' dir='ltr'><strong>quis</strong></span> <span class='ocrx_word' id='word_1_906' title='bbox 3137 5381 3379 5449; x_wconf 84' lang='lat' dir='ltr'><strong>requirat</strong></span> <span class='ocrx_word' id='word_1_907' title='bbox 3405 5397 3504 5435; x_wconf 91' lang='lat' dir='ltr'><strong>cur</strong></span> <span class='ocrx_word' id='word_1_908' title='bbox 3527 5397 3639 5435; x_wconf 91' lang='lat' dir='ltr'><strong>non</strong></span> 
     </span>
    </p>
   </div>
   <div class='ocr_carea' id='block_1_121' title="bbox 2069 5444 3639 5520">
    <p class='ocr_par' dir='ltr' id='par_1_121' title="bbox 2069 5444 3639 5520">
     <span class='ocr_line' id='line_1_124' title="bbox 2069 5444 3639 5520; baseline 0.004 -22"><span class='ocrx_word' id='word_1_909' title='bbox 2069 5446 2403 5520; x_wconf 61' lang='lat' dir='ltr'><strong>ediderimqu</strong></span> <span class='ocrx_word' id='word_1_910' title='bbox 2428 5448 2613 5520; x_wconf 73' lang='grc' dir='ltr'>κρέας,</span> <span class='ocrx_word' id='word_1_911' title='bbox 2644 5454 2704 5499; x_wconf 87' lang='lat' dir='ltr'><strong>ut</strong></span> <span class='ocrx_word' id='word_1_912' title='bbox 2743 5444 2968 5520; x_wconf 76' lang='lat' dir='ltr'><strong>in.Qliv.</strong></span> <span class='ocrx_word' id='word_1_913' title='bbox 2996 5444 3260 5520; x_wconf 73' lang='lat' dir='ltr'><strong>scriptum</strong></span> <span class='ocrx_word' id='word_1_914' title='bbox 3292 5451 3498 5505; x_wconf 87' lang='lat' dir='ltr'><strong>invenit</strong></span> <span class='ocrx_word' id='word_1_915' title='bbox 3530 5452 3639 5505; x_wconf 88' lang='lat' dir='ltr'><strong>Du-</strong></span> 
     </span>
    </p>
   </div>
   <div class='ocr_carea' id='block_1_122' title="bbox 2069 5516 3642 5591">
    <p class='ocr_par' dir='ltr' id='par_1_122' title="bbox 2069 5516 3642 5591">
     <span class='ocr_line' id='line_1_125' title="bbox 2069 5516 3642 5591; baseline 0.003 -21"><span class='ocrx_word' id='word_1_916' title='bbox 2069 5531 2248 5591; x_wconf 49' lang='lat' dir='ltr'><strong>ca’us,</strong></span> <span class='ocrx_word' id='word_1_917' title='bbox 2288 5516 2480 5570; x_wconf 40' lang='lat' dir='ltr'><strong>dicam‘</strong></span> <span class='ocrx_word' id='word_1_918' title='bbox 2506 5516 2571 5591; x_wconf 76' lang='lat' dir='ltr'><strong>id</strong></span> <span class='ocrx_word' id='word_1_919' title='bbox 2622 5532 2733 5591; x_wconf 78' lang='lat' dir='ltr'><strong>non</strong></span> <span class='ocrx_word' id='word_1_920' title='bbox 2766 5516 2891 5591; x_wconf 86' lang='lat' dir='ltr'><strong>inde</strong></span> <span class='ocrx_word' id='word_1_921' title='bbox 2924 5516 3150 5585; x_wconf 81' lang='lat' dir='ltr'><strong>factum,</strong></span> <span class='ocrx_word' id='word_1_922' title='bbox 3188 5520 3329 5591; x_wconf 92' lang='lat' dir='ltr'><strong>quod</strong></span> <span class='ocrx_word' id='word_1_923' title='bbox 3376 5521 3492 5591; x_wconf 81' lang='lat' dir='ltr'><strong>haec</strong></span> <span class='ocrx_word' id='word_1_924' title='bbox 3532 5536 3642 5591; x_wconf 79' lang='lat' dir='ltr'><strong>vox</strong></span> 
     </span>
    </p>
   </div>
   <div class='ocr_carea' id='block_1_123' title="bbox 2069 5587 3643 5663">
    <p class='ocr_par' dir='ltr' id='par_1_123' title="bbox 2069 5587 3643 5663">
     <span class='ocr_line' id='line_1_126' title="bbox 2069 5587 3643 5663; baseline 0.004 -24"><span class='ocrx_word' id='word_1_925' title='bbox 2069 5587 2378 5663; x_wconf 73' lang='lat' dir='ltr'><strong>displiceat,</strong></span> <span class='ocrx_word' id='word_1_926' title='bbox 2428 5587 2521 5642; x_wconf 90' lang='lat' dir='ltr'><strong>sed</strong></span> <span class='ocrx_word' id='word_1_927' title='bbox 2556 5587 2710 5663; x_wconf 78' lang='lat' dir='ltr'><strong>quod</strong></span> <span class='ocrx_word' id='word_1_928' title='bbox 2757 5594 2812 5641; x_wconf 89' lang='lat' dir='ltr'><strong>et</strong></span> <span class='ocrx_word' id='word_1_929' title='bbox 2851 5589 2906 5642; x_wconf 90' lang='lat' dir='ltr'><strong>in</strong></span> <span class='ocrx_word' id='word_1_930' title='bbox 2956 5587 3240 5663; x_wconf 76' lang='lat' dir='ltr'><strong>impressis</strong></span> <span class='ocrx_word' id='word_1_931' title='bbox 3289 5590 3446 5647; x_wconf 91' lang='lat' dir='ltr'><strong>libris</strong></span> <span class='ocrx_word' id='word_1_932' title='bbox 3500 5598 3553 5645; x_wconf 90' lang='lat' dir='ltr'><strong>et</strong></span> <span class='ocrx_word' id='word_1_933' title='bbox 3584 5590 3643 5646; x_wconf 89' lang='lat' dir='ltr'><strong>in</strong></span> 
     </span>
    </p>
   </div>
   <div class='ocr_carea' id='block_1_124' title="bbox 2070 5657 2862 5729">
    <p class='ocr_par' dir='ltr' id='par_1_124' title="bbox 2070 5657 2862 5729">
     <span class='ocr_line' id='line_1_127' title="bbox 2070 5657 2862 5729; baseline 0.001 -17"><span class='ocrx_word' id='word_1_934' title='bbox 2070 5657 2270 5713; x_wconf 82' lang='lat' dir='ltr'><strong>nostris</strong></span> <span class='ocrx_word' id='word_1_935' title='bbox 2305 5673 2436 5714; x_wconf 91' lang='lat' dir='ltr'><strong>mss.</strong></span> <span class='ocrx_word' id='word_1_936' title='bbox 2473 5657 2607 5729; x_wconf 80' lang='grc' dir='ltr'>κρέα</span> <span class='ocrx_word' id='word_1_937' title='bbox 2634 5658 2862 5729; x_wconf 83' lang='lat' dir='ltr'><strong>legatur.</strong></span> 
     </span>
    </p>
   </div>
  </div>
