4052 6214
418 275 511 331 181

1585 290 1667 342 DE
1707 292 1979 346 JEJL'NIO
2020 293 2296 347 HOMILIA
2336 294 2378 349 l.

3566 282 3668 339 182

417 409 508 446 ται
540 394 591 445 ει
614 392 700 460 μὴ
737 394 809 445 ἐν
840 398 1159 467 προσευχῇ
1199 400 1296 453 καὶ
1330 406 1596 471 νηστείᾳ.
1633 408 1740 458 Καὶ
1788 407 1856 459 τὰ
1905 408 1991 477 μὲι

2107 418 2234 471 tem,
2267 407 2423 478 quasi
2453 407 2621 462 densa
2662 405 2835 461 nubes
2879 402 3263 463 interveniens,
3294 400 3662 472 intercipiunt.

421 488 483 537 ὲκ
509 485 601 553 τῆς
635 486 896 552 νηστείας
930 488 1117 555 ἀγαθά
1154 494 1419 545 τοσαῦτα·
1451 497 1478 545 ὁ
1502 496 1557 547 δὲ
1587 495 1747 566 κόρος
1789 496 1997 566 ὕϐρεων

423 578 555 645 ἀρχή
586 574 719 643 (55).
752 577 934 641 Εὐθὺς
965 580 1074 651 γὰρ
1111 585 1478 637 συνεισπίπτει
1504 591 1568 657 τῇ
1602 590 1776 657 τρυφῇ
1812 590 1902 641 καὶ
1929 592 1995 659 τῇ

429 667 559 739 μέθῃ
606 667 699 720 καὶ
754 673 881 733 ταῖς
932 674 1303 737 παντοδαπαῖς
1344 678 1661 747 καρυκείαις
1706 680 1811 730 πᾶν
1859 675 1997 743 εἶδος

418 761 710 839 ἀκολασίας
747 760 1223 834 βοσκηματώδους.
1265 768 1454 821 Ἔνθεν
1490 770 1643 823 ἵπποι
1672 771 1997 841 θηλυμανεῖς

424 851 469 901 οξ
494 850 766 920 ἀνθρωττοι
800 853 889 906 διὰ
935 854 1026 907 τὸν
1073 858 1136 909 ὲκ
1177 858 1273 928 τῆς
1297 860 1507 928 τρυφῆς
1534 858 1742 931 οἶστρον
1784 864 1994 931 ἐγγινό-

425 958 580 1009 μενον
607 945 675 1012 τῇ
708 942 879 1015 ψυχῇ.
924 946 1079 1016 Παρὰ
1114 948 1221 1001 τῶν
1252 948 1556 1019 μεθυόντων
1581 954 1637 1004 αἱ
1667 954 1762 1022 τῆς
1786 953 1995 1021 φύσεως

418 1031 745 1100 ὲναλλαγαὶ,
771 1037 829 1088 ὲν
856 1036 1043 1108 ἄρρενι
1078 1041 1176 1109 μὲν
1215 1041 1274 1093 τὸ
1301 1041 1453 1112 θῆλυ,
1484 1044 1541 1095 ὲν
1571 1043 1624 1096 δὲ
1650 1044 1727 1115 τῷ
1757 1045 1909 1115 θήλει
1939 1046 1995 1098 τὸ

418 1124 583 1193 ἄρρεν
608 1126 1035 1196 ἐπιζητούντων.
1065 1131 1304 1199 Νηστεία
1337 1134 1391 1186 δὲ
1421 1135 1515 1187 καὶ
1548 1138 1796 1204 γαμικῶν
1822 1138 1995 1208 ἔργων

404 1215 595 1298 *μέτρα
637 1218 917 1289 γνωρίζει,
958 1222 1052 1275 καὶ
1103 1222 1212 1275 τῶν
1260 1226 1324 1277 ὲκ
1366 1225 1528 1296 νόμου
1584 1228 1997 1299 συγκεχωρημέ-

419 1323 524 1358 νων
554 1307 665 1375 (54)
703 1310 800 1380 τὴν
830 1311 1096 1380 ἀμετρίαν
1130 1314 1450 1379 κολάζουσα,
1491 1316 1777 1387 σύμφωνον
1802 1318 1992 1390 σχολὴν

418 1397 657 1465 ἐμποιεῖ,
686 1400 774 1452 ἵνα
798 1403 1171 1472 παραμείνωσι
1196 1408 1257 1475 τῇ
1285 1410 1581 1477 προσευχῇ.

2103 502 2308 568 Quodsi
2373 502 2689 571 angelorum
2724 514 2943 570 quoque
2987 498 3144 551 cibus
3183 504 3267 550 est
3306 496 3469 559 ullus,
3509 495 3666 566 panis

2104 600 2207 656 est,
2241 591 2701 663 quemadmodum
2739 590 2816 643 ait
2850 588 3115 658 propheta
3151 603 3163 637 :
3210 585 3408 639 Panem
3454 586 3665 655 angelo-

2103 698 2220 734 rum
2252 681 2588 735 manducavit
2636 680 2788 732 homo
2820 678 2864 709 ⁸³
2892 697 2904 731 :
2931 694 3038 731 non
3061 690 3278 733 carnes.
3318 687 3427 727 non
3451 672 3660 734 vinum,

2102 788 2208 826 non
2254 772 2488 842 denique
2544 785 2883 842 quaecunque
2934 770 3060 829 alia,
3121 780 3241 837 quae
3280 765 3373 834 qui
3421 761 3667 817 serviunt

2100 863 2296 927 ventri,
2337 863 2537 933 ingenti
2588 863 2768 918 studio
2813 861 3129 931 exquirunt.
3179 856 3450 925 Jejunium
3487 866 3665 905 arma-

2099 963 2220 1007 tura
2237 962 2319 1009 est
2338 954 2403 1007 ad
2437 953 2833 1023 conﬂigendum
2860 967 2985 1007 cum
3008 948 3366 1005 daemonibus.
3386 943 3519 997 Nam
3550 941 3663 995 Hoc

2098 1062 2255 1117 genus
2298 1063 2402 1100 non
2437 1048 2543 1101 exit
2587 1048 2690 1099 nisi
2729 1047 2781 1099 in
2823 1044 3063 1097 oratione
3106 1051 3153 1093 et
3188 1039 3393 1109 jejunio
3418 1037 3481 1090 “.
3529 1032 3663 1087 Tam

2099 1138 2268 1191 multa
2298 1138 2438 1192 bona
2480 1138 2807 1207 proveniunt
2831 1153 2861 1192 e
2892 1135 3101 1206 jejunio
3131 1154 3143 1187 :
3177 1143 3390 1195 contra,
3438 1129 3663 1185 satietas

2100 1226 2337 1281 lascivia:
2369 1226 2583 1281 initium
2613 1236 2717 1282 est.
2754 1225 2947 1281 Statim
2974 1226 3117 1281 enim
3147 1238 3253 1278 una
3278 1236 3402 1276 cum
3427 1218 3659 1282 deliciis,

2097 1317 2381 1380 ebrietate,
2405 1328 2458 1371 et
2482 1318 2628 1372 omni
2659 1332 2853 1387 genere
2894 1316 3131 1371 conditis
3184 1312 3445 1376 bellariis,
3484 1308 3662 1379 prodit

2098 1408 2341 1461 libidinis
2373 1408 2616 1477 pecuina:
2648 1424 2821 1478 genus
2850 1423 3028 1462 oume.
3062 1406 3197 1460 Hinc
3226 1405 3348 1475 equi
3379 1403 3658 1457 insanien-

418 1499 498 1543 tes
565 1491 622 1544 in
672 1491 903 1547 feminas
959 1494 1094 1548 ﬁunt
1146 1496 1392 1553 homines
1422 1498 1502 1563 ⁸³,
1559 1500 1629 1553 ob
1660 1508 1889 1555 (nstrum
1926 1516 1989 1555 ac
2029 1500 2268 1556 furorem
2292 1518 2451 1571 quem
2498 1501 2553 1554 in
2623 1501 2805 1554 animo
2838 1501 3067 1572 gignunt
3132 1496 3357 1551 deliciae.
3396 1493 3442 1547 A
3486 1502 3660 1548 temu-

415 1585 581 1639 lentis
638 1594 759 1641 orta
817 1598 901 1643 est
970 1599 1179 1645 naturae
1230 1592 1503 1655 inversio,
1560 1594 1687 1647 dum
1759 1597 1815 1648 in
1885 1596 2189 1651 masculino
2252 1612 2385 1652 sexu
2440 1594 2792 1661 femininum,
2862 1594 2918 1647 in
2987 1592 3245 1647 feminino
3296 1587 3655 1643 masculinum

413 1688 689 1746 quaerunt.
722 1679 995 1750 Jejunium
1026 1699 1155 1739 vero
1213 1687 1373 1740 etiam
1414 1688 1467 1741 in
1500 1705 1601 1743 usu
1660 1690 1901 1760 conjugii
1966 1690 2185 1744 modum
2256 1690 2783 1760 temperantiamque
2826 1687 3009 1751 docet,
3044 1702 3108 1741 ac
3155 1687 3492 1755 voluptatum
3543 1682 3658 1751 lege

415 1786 805 1827 concessarum
860 1775 1208 1830 immodicum
1266 1793 1425 1832 usum
1483 1781 1799 1850 castigans,
1848 1784 1991 1852 parit
2030 1797 2261 1836 concors
2305 1784 2502 1845 otium,
2546 1788 2606 1834 ut
2648 1789 2996 1849 perseverent
3036 1779 3089 1831 in
3122 1776 3433 1846 precatione
3451 1774 3517 1828 ‘°.

484 1861 572 1914 10.
613 1863 705 1931 Μὴ
740 1863 925 1932 μέντοι
956 1866 1013 1915 ἐν
1029 1868 1094 1935 τῇ
1116 1866 1290 1937 ἀποχῇ
1315 1869 1449 1941 μόνῃ
1472 1869 1578 1921 τῶν
1609 1869 1910 1942 βρωμάτων
1936 1873 1991 1925 τὸ

2168 1872 2250 1925 10.
2287 1870 2431 1925 Cave
2466 1880 2647 1925 tamen
2697 1885 2764 1923 ne
2785 1869 2978 1938 jejunii
3022 1868 3309 1923 utilitatem
3346 1866 3461 1920 sola
3504 1879 3657 1919 esca-

415 1956 477 2006 ὲκ
510 1955 612 2024 τῆς
639 1956 894 2023 νηστείας
925 1957 1127 2023 ἀγαθὸν
1147 1958 1346 2027 ὀρίξου.
1381 1961 1622 2029 Νηστεία
1654 1963 1761 2033 γὰρ
1794 1963 1995 2034 ἀληθὴς

390 2049 447 2125 j
476 2046 587 2098 τῶν
640 2047 824 2099 κακῶν
852 2048 1221 2118 ἁλλοτρίωσις.
1261 2052 1379 2103 Αύε
1412 2052 1607 2105 πάντα
1649 2053 1996 2123 σύνδεσμον

412 2138 668 2203 ἀδικίας·
703 2138 838 2207 ἄφες
865 2139 943 2208 τῷ
972 2139 1197 2209 πλησίον
1224 2143 1328 2212 τὴν,
1351 2142 1555 2211 λύπην·
1586 2145 1721 2213 ἄφες
1753 2147 1899 2215 αὐτῷ
1926 2149 1994 2200 τὰ

412 2228 723 2297 ὀφλήματα.
770 2230 869 2295 Μὴ
907 2232 996 2295 είς
1026 2233 1253 2299 κρίσεις
1294 2233 1393 2285 καὶ
1428 2234 1628 2303 μάχας
1654 2239 1989 2304 νηστεύετε.

414 2321 609 2390 Κρεῶν
648 2322 749 2373 οὐκ
796 2320 1019 2385 ἐσθίεις,
1061 2323 1173 2375 ἀλλ’
1205 2325 1404 2388 ἐσθίεις
1433 2328 1525 2380 τὸν
1558 2327 1799 2396 ἀδελφόν.
1835 2329 1991 2381 Οἶνου

413 2415 613 2485 ἀπέχῃ,
650 2414 763 2465 ἀλλ’
802 2414 1012 2485 ὕϐρεων
1061 2415 1172 2485 (55)
1228 2418 1288 2469 ού
1317 2422 1555 2487 κρατεῖς.
1609 2420 1716 2490 Τὴν
1756 2421 2011 2499 ἑσπέραν

416 2506 704 2574 ἀναμένεις
744 2506 825 2567 είς
858 2506 1176 2575 μετάληψιν,
1210 2507 1343 2560 ἀλλά
1383 2508 1623 2580 δαπανᾷς
1657 2513 1754 2581 τὴν
1786 2496 1991 2583 ἡμέᾇιν

419 2599 492 2658 εἰς
532 2596 877 2666 δικαστήρια.
908 2598 1042 2649 Ούαὶ
1079 2598 1128 2649 οἱ
1170 2599 1480 2668 μεθύοντες,
1534 2604 1633 2653 οὐκ
1673 2603 1780 2654 ἀπὸ
1824 2604 1988 2657 οἴνου.

420 2685 592 2755 Θυμὸς
626 2686 762 2756 μέθη
804 2689 919 2739 ἐστὶ
950 2689 1046 2757 τῆς
1094 2688 1290 2757 ψυχῆς,
1340 2688 1575 2759 ἔκφρονα
1612 2690 1781 2761 αὐτὴν
1824 2692 1989 2744 ποιῶν

421 2778 488 2840 ὡς
517 2781 544 2830 ὁ
588 2774 747 2841 οἶνος.
798 2779 956 2849 Λύπη
1014 2779 1149 2850 μέθη
1189 2780 1305 2831 ἐστὶ
1346 2783 1439 2833 καὶ
1474 2782 1630 2851 αὑτὴ,
1666 2782 1991 2836 καταϐαπτί-

423 2870 578 2933 ζουσα
625 2870 723 2941 τὴν
758 2870 1019 2925 διάνοιαν.
1058 2872 1224 2934 Φόϐος
1269 2874 1430 2944 ἑτέρα
1481 2874 1641 2945 μέθη,
1671 2876 1797 2927 ὅταν
1837 2878 1919 2943 ἐφ’
1953 2875 1989 2929 ἀ

424 2962 493 3031 μὴ
545 2964 625 3015 δεῖ
682 2964 907 3033 γένηται
948 2964 1097 3033 (56)·
1144 2965 1286 3019 Ἀπό
1354 2968 1544 3035 φόϐου
1611 2968 1739 3039 γὰρ,
1802 2952 1999 3038 φησὶνῖ

421 3055 622 3121 ἐχθροῦ
646 3055 863 3118 ἐξελοῦ
888 3055 1004 3123 τὴν
1028 3056 1240 3124 ψυχήν
1270 3076 1408 3126 μου.
1444 3060 1553 3112 Καὶ
1584 3060 1719 3123 ελως
1761 3062 1987 3115 ἕκαστον

424 3143 522 3195 τῶν
553 3144 913 3214 παθημάτων,
948 3147 1263 3200 ἐκστατικὸν
1300 3147 1536 3212 διανοίας
1555 3150 1816 3221 ὑπάρχον,
1850 3152 1983 3223 μέθη

424 3236 483 3287 ἂν
504 3235 722 3298 δικαίως
767 3237 1242 3307 προσαγορεύοιτο.
1281 3240 1561 3308 Ἑννόησόν
1604 3259 1693 3311 μοι
1717 3242 1807 3294 τὸν
1840 3244 1989 3312 ὀργι-
2015 3214 2056 3271 C

425 3326 636 3394 ξάμενον
660 3328 809 3390 ὅπως
846 3328 1030 3397 μεθύει
1056 3329 1132 3399 τῷ
1162 3329 1338 3384 πάθει.
1365 3333 1479 3384 υύκ
1506 3324 1838 3397 ἕστινάύτὸς
1868 3336 1991 3387 ἑαυ-

424 3417 508 3468 τοῦ
556 3417 745 3487 κύριος
766 3458 780 3481 ,
818 3421 1005 3485 ἀγνοεῖ
1033 3420 1221 3472 ἑαυτὸν
1245 3461 1259 3484 ,
1301 3422 1483 3487 ἀγνοεῖ
1528 3424 1653 3485 τοὺς
1683 3412 1984 3492 παρόνταςῖ

423 3509 598 3580 ὥσπερ
628 3511 686 3561 ὲν
714 3510 1051 3581 νυκτομαχίᾳ
1094 3511 1307 3564 πάντων
1357 3513 1606 3575 ἅπτεται,
1643 3516 1775 3567 πᾶσι
1826 3532 1992 3585 προσ-

421 3600 627 3652 πταίει·
694 3599 1002 3670 ἀταμίευτα
1051 3600 1374 3668 φθέγγεται,
1428 3602 1791 3666 δυσκάθεκτός
1837 3607 1985 3669 ἐστι,

419 3691 727 3762 λοιδορεῖται
756 3730 771 3754 ,
801 3690 1025 3753 τύπτει,
1057 3693 1270 3744 ἀπειλεῖ
1294 3732 1307 3756 ,
1341 3692 1651 3763 διόμνυται,
1684 3694 1809 3765 βοᾷ,
1841 3697 1989 3764 διαρ-

421 3783 697 3851 ῥήγνυται.
730 3779 875 3847 Φύγε
918 3780 1123 3848 ταύτην
1150 3783 1249 3850 τὴν
1277 3781 1467 3853 μέθην,
1498 3783 1630 3853 μηδὲ
1657 3784 1753 3853 τὴν
1780 3784 1866 3836 διὰ
1896 3784 1985 3837 τοῦ

416 3876 549 3926 οἴνου
584 3872 876 3943 προσδέξῃ.
930 3874 1023 3943 Μὴ
1075 3873 1346 3943 προλάϐῃς
1392 3874 1694 3945 πολυποσία
1736 3874 1845 3945 (57)
1889 3856 1987 3946 τὴν

414 3965 757 4036 ὑδροποσίαν.
808 3965 901 4035 Μὴ
954 3967 1376 4035 μυσταγωγείτω
1417 3982 1476 4018 σε
1526 3967 1615 4018 ἐπὶ
1663 3969 1915 4037 νηστείαν
1955 3971 1985 4039 η

416 4058 571 4128 μέθη.
598 4058 713 4111 Ούκ
739 4057 855 4109 ἔστι
888 4058 976 4110 διὰ
1015 4057 1183 4127 μέθης
1218 4058 1418 4119 εἴσοδος
1440 4060 1518 4121 εἰς
1552 4060 1831 4128 νηστείαν·
1868 4061 1987 4112 οὐδὲ

412 4150 513 4221 γὰρ
542 4150 637 4203 διὰ
679 4150 993 4217 πλεονεξίας
1031 4151 1111 4212 είς
1156 4148 1518 4220 δικαιοσύνην,
1558 4150 1675 4201 οὐδὲ
1699 4150 1765 4203 δι’
1794 4151 1988 4204 ἀκολα-

412 4244 526 4305 σίας
545 4244 629 4305 εἰς
652 4245 1028 4314 σωφροσύνην,
1055 4242 1195 4305 οὐδὲ,
1235 4241 1533 4313 συλλήϐδην
1564 4244 1758 4308 εἰπεῖν,
1787 4244 1872 4297 διὰ
1890 4246 1987 4314 τῆς

410 4334 607 4395 κακίας
640 4335 721 4395 εἰς
764 4334 985 4403 ἀρετήν.
1024 4331 1191 4400 Ἀλλη
1222 4330 1360 4402 θύρα
1402 4332 1496 4383 ἐπὶ
1524 4333 1794 4402 νηστείαν.
1829 4326 1985 4403 Μέθη

408 4426 486 4485 εἰς
530 4423 828 4476 ἀκολασίαν
862 4424 1099 4491 εἰσάγει,
1128 4422 1220 4473 ἐπὶ
1265 4422 1514 4490 νηστείαν
1565 4422 1884 4493 αὐτάρκεια.
1929 4424 1987 4475 Ὁ

2097 1977 2216 2014 rum
2270 1961 2597 2016 abstinentia
2650 1960 2912 2014 metiaris.
2973 1957 3170 2013 Verum
3200 1954 3654 2025 enimjejunium

2094 2062 2176 2109 est
2200 2070 2230 2107 a
2262 2054 2407 2109 vitiis
2430 2070 2553 2109 esse
2588 2054 2843 2107 alienum.
2888 2051 3038 2106 Solre
3067 2066 3215 2105 omne
3263 2048 3527 2103 vinculum
3554 2047 3656 2099 ini-

2093 2148 2376 2214 quitatis"
2416 2162 2428 2196 :
2467 2145 2715 2199 condona
2783 2146 3031 2214 proximo
3082 2141 3386 2196 molestiam
3451 2139 3656 2191 illatam

2096 2239 2190 2291 tibi
2220 2258 2232 2291 :
2272 2240 2487 2292 remitte
2518 2238 2593 2291 illi
2623 2237 2821 2291 debita.
2852 2235 3029 2289 Nolite
3058 2235 3126 2288 ad
3142 2234 3259 2287 lites
3286 2248 3347 2285 ac
3364 2232 3654 2284 contentio-

2094 2344 2181 2380 nes
2207 2327 2450 2395 jejunare
2472 2326 2539 2378 ⁸⁸.
2573 2324 2779 2380 Carnes
2815 2339 2921 2377 non
2962 2322 3103 2381 edis.
3144 2321 3237 2377 sed
3270 2318 3508 2373 comedis
3546 2316 3656 2368 fra-

2093 2427 2250 2471 trem.
2284 2417 2325 2469 A
2356 2417 2482 2470 vino
2507 2416 2769 2480 abstines,
2796 2414 2892 2469 sed
2914 2413 2982 2467 ab
3006 2412 3224 2481 injuriis
3268 2407 3367 2464 tibi
3391 2421 3498 2460 non
3526 2412 3658 2458 tem-

2092 2523 2271 2577 peras.
2332 2508 2629 2576 Exspectas
2677 2519 2984 2575 vesperam,
3020 2510 3080 2557 ut
3105 2502 3288 2556 cibum
3324 2498 3530 2567 capias,
3561 2494 3655 2549 sed

2091 2600 2232 2653 diem
2275 2606 2448 2651 totum
2480 2597 2724 2651 absumis
2759 2595 2902 2664 apud
2948 2592 3264 2647 tribunalia.
3312 2586 3405 2642 Vae
3442 2587 3510 2641 iis
3560 2585 3653 2655 qui

2088 2690 2225 2745 ebrii
2257 2697 2404 2752 sunt,
2439 2704 2546 2743 non
2573 2704 2602 2741 a
2628 2687 2754 2741 vino
2771 2687 2837 2740 ".
2871 2688 2974 2751 Ira,
3002 2683 3197 2739 mentis
3216 2688 3299 2738 est
3314 2678 3653 2741 temulentia,

2088 2797 2316 2851 eamque
2338 2782 2695 2850 desipientem
2732 2777 2931 2843 reddit,
2971 2775 3114 2831 haud
3155 2774 3313 2828 aliter
3358 2785 3523 2840 quam
3574 2768 3654 2822 vi-

2088 2888 2240 2927 num.
2272 2872 2516 2929 Tristitia
2542 2880 2627 2926 est
2688 2885 2905 2940 quoque
2945 2867 3257 2923 temulentia
3304 2872 3538 2929 mentem
3564 2860 3656 2914 ob-

2087 2981 2275 3029 ruens,
2304 2980 2367 3020 ac
2416 2964 2756 3033 demergens.
2790 2962 2908 3015 Alia
2958 2958 3267 3015 temulentia
3323 2964 3498 3010 metus
3546 2960 3657 3015 est,

2088 3073 2212 3112 cum
2264 3056 2492 3110 habetur
2540 3057 2630 3110 ubi
2663 3071 2770 3109 non
2804 3059 3039 3125 oportet.
3071 3052 3115 3106 A
3166 3052 3352 3103 timore
3377 3048 3541 3111 enim,
3572 3046 3658 3099 in-

2088 3151 2222 3219 quit,
2283 3150 2483 3201 inimici
2528 3150 2665 3215 eripe
2711 3147 2946 3200 animam
3003 3144 3272 3199 meam".
3316 3141 3371 3194 In
3417 3154 3653 3204 summa,

2089 3242 2268 3311 quivis
2298 3240 2541 3295 aﬂ‘ectusr
2569 3241 2855 3293 dimovens
2898 3238 3135 3291 animam
3168 3250 3196 3289 a
3238 3243 3381 3289 statu
3423 3248 3523 3287 suo
3546 3231 3653 3285 dici

2088 3333 2282 3386 merito
2308 3339 2488 3401 potest
2530 3330 2786 3385 ebrietas.
2837 3328 3029 3400 Cogita
3077 3328 3209 3382 mihi
3246 3326 3521 3381 hominem
3574 3323 3654 3376 ira

2090 3424 2374 3492 percitum,
2433 3438 2597 3493 quam
2651 3422 2978 3477 temulentus
3023 3422 3094 3476 sit
3128 3434 3193 3475 eo
3222 3420 3374 3473 vitio.
3425 3416 3541 3470 Non
3571 3423 3656 3470 est

2089 3516 2170 3569 sui
2202 3530 2450 3585 compos,
2485 3529 2593 3568 non
2624 3515 2775 3568 novit
2824 3512 3200 3582 semetipsum,
3234 3527 3343 3565 non
3373 3511 3523 3563 novit
3562 3510 3655 3577 qui

2088 3608 2315 3673 adsunt;
2358 3607 2452 3661 sed
2486 3606 2630 3658 velut
2666 3606 2719 3659 in
2774 3620 2950 3675 pugna
2991 3612 3280 3669 nocturna,
3327 3616 3518 3655 omnes
3572 3608 3657 3652 at-

2089 3700 2265 3769 tingit,
2322 3700 2375 3753 in
2418 3699 2693 3767 quoslibet
2746 3699 2935 3753 obvios
2986 3696 3199 3759 incidit,
3250 3693 3654 3749 inconsiderata

2090 3792 2345 3859 loquitur,
2388 3806 2495 3844 non
2529 3797 2708 3859 potest
2753 3790 3019 3853 cohiberi,
3063 3787 3425 3850 conviciatur,
3460 3799 3657 3851 percu-

2088 3884 2187 3945 tit,
2246 3883 2508 3945 minatur,
2571 3883 2817 3951 dejerat,
2877 3879 3229 3943 vociferatur,
3270 3877 3652 3945 disrumpitur.

2089 3972 2280 4041 Fugito
2336 3976 2496 4028 istam
2542 3974 2937 4037 temulentiam,
3005 3972 3101 4027 sed
3141 3987 3209 4025 ne
3240 3969 3387 4024 illam
3438 3966 3655 4037 quidem

2086 4081 2207 4134 qua:
2250 4080 2317 4120 ex
2348 4067 2475 4119 vino
2519 4068 2788 4127 nascitur,
2825 4064 3068 4117 admitte.
3101 4062 3220 4116 Noli
3260 4075 3415 4130 aqum
3468 4066 3655 4128 potum

2086 4156 2322 4225 largiore
2351 4157 2461 4210 vini
2490 4166 2620 4226 potu
2656 4166 3001 4226 praevertere.
3033 4153 3107 4209 Ne
3142 4166 3194 4208 te
3223 4155 3288 4207 ad
3314 4150 3508 4221 jejunii
3538 4165 3656 4219 my-

2088 4245 2252 4298 steria
2282 4246 2593 4300 introducat
2629 4247 2887 4300 ebrietas.
2940 4244 3059 4297 Non
3112 4251 3195 4297 est
3250 4258 3346 4313 per
3389 4241 3656 4295 temulen-

2088 4335 2216 4387 tiam
2267 4336 2447 4392 aditus
2484 4336 2549 4391 ad
2603 4338 2893 4405 jejunium,
2941 4333 3397 4405 quemadmodum
3449 4347 3551 4387 nec
3586 4332 3653 4385 ad

2081 4425 2351 4493 justitiam
2396 4441 2651 4481 accessus
2693 4434 2777 4480 est
2811 4440 2907 4495 per
2945 4424 3378 4488 fraudationem,
3432 4438 3534 4477 nec
3587 4422 3654 4475 ad

407 4514 586 4567 ἁθλῶν
635 4513 1109 4585 προγυμνάζεται·
1159 4515 1188 4565 ὁ
1224 4512 1496 4583 νηστεύων
1555 4514 1986 4584 προεγκρατεύε-

2091 4519 2465 4572 castimoniam
2502 4534 2598 4587 per
2645 4519 2945 4582 lasciviam,
2970 4533 3095 4583 nec,
3138 4524 3197 4571 ut
3226 4519 3537 4572 summatim
3571 4515 3655 4568 di-

405 4626 514 4662 ται.
552 4608 646 4678 Μὴ
675 4608 751 4671 ὡς
794 4607 1131 4676 ἀμυνόμενος
1184 4606 1285 4668 τὰς
1339 4604 1571 4676 ἡμέρας,
1607 4606 1680 4676 μὴ
1710 4606 1786 4667 ὡς
1819 4622 1987 4659 κατα-

409 4696 761 4766 σοφιζόμενος
784 4696 875 4748 τὸν
901 4697 1215 4767 νομοθέτην,
1262 4694 1371 4747 τῶν
1423 4695 1581 4747 πέντε
1634 4696 1853 4767 ἡμερῶν
1886 4698 1985 4775 τὴν

406 4789 719 4860 κραιπάλην
774 4787 1193 4857 προαποτίθεσιλ
1262 4786 1371 4839 Καὶ
1428 4787 1535 4857 γὰρ
1603 4788 1837 4859 ἀνόνητα
1883 4805 1983 4840 πο-

477 4944 523 4975 ⁸³
561 4941 707 4995 Psal.
740 4956 945 5002 Lxxvn,
976 4943 1065 4995 25η

409 5012 453 5046 ⁵⁸
490 5012 594 5067 lsa.
632 5026 719 5075 Li,
754 5011 846 5065 21.
921 5012 967 5043 ⁸ο
1005 5011 1150 5066 Psal.
1187 5028 1352 5079 um,
1387 5012 1441 5068 2.

478 5166 589 5236 (53)
617 5165 755 5238 Reg.
786 5167 997 5236 primus
1027 5167 1241 5238 ῦὸρεως
1269 5168 1433 5238 ἀρχή.

478 5234 590 5307 (Si)
637 5234 828 5308 (2ου)ῖή
845 5238 1053 5304 primus
1102 5234 1269 5308 νόμου
1310 5234 1979 5308 ’συγχωρουμένωνηιίοι

408 5303 537 5376 Reg.
566 5303 780 5376 primus
806 5303 893 5358 ἵνα
915 5303 1301 5378 παραμένωσι.
1326 5303 1626 5377 Aliquanto
1650 5306 1790 5361 infra
1820 5304 1976 5361 Colb.

410 5378 827 5446 primusﬁwoxﬁ
858 5376 1051 5446 μόνων.

478 5447 588 5517 (55»
621 5445 780 5517 Unus
805 5445 1149 5517 'codexileg.
1185 5446 1298 5497 ἀλλ’
1333 5445 1558 5517 ὕϐρεως.

476 5514 587 5584 (56)
622 5516 758 5586 Reg.
807 5515 1082 5587 secundus
1110 5514 1250 5587 ὅταν
1303 5514 1455 5587 ὲφζςά
1497 5515 1578 5587 δεῖ
1623 5516 1696 5587 μὴ
1722 5516 1976 5587 γίνηται,

411 5588 617 5654 quando
652 5583 757 5641 non
798 5588 860 5655 ﬁt
892 5587 983 5637 ubi
1016 5586 1132 5653 ﬁeri
1154 5583 1481 5656 idebetﬂfiec
1516 5585 1589 5639 ita
1625 5583 1813 5641 multo
1850 5583 1981 5656 post

416 5666 647 5724 quatuor
678 5654 815 5715 mss.
848 5656 1080 5710 ἕκαστον
1108 5654 1216 5707 τῶν
1250 5654 1451 5709 παθῶν.

1144 4942 1188 4972 ⁸⁸
1215 4942 1501 5015 Marc._rx,
1535 4942 1627 5000 28.
1703 4943 1748 4973 “
1786 4940 1986 4997 Jerem.
2023 4959 2076 5008 v,
2111 4944 2163 4998 8.
2240 4945 2287 4977 “
2322 4946 2341 4999 l
2375 4947 2502 5002 Cor.
2541 4966 2648 5015 vn,
2684 4950 2737 5004 5.
2812 4950 2855 4980 δ’
2898 4947 2999 5001 lsu.
3038 4960 3202 5005 LVIII.
3241 4943 3293 4995 6-

2092 4624 2234 4673 cam,
2270 4625 2371 4679 per
2396 4610 2693 4680 nequitiam
2735 4610 2799 4663 ad
2834 4611 3113 4665 virtutem.
3150 4607 3313 4661 Aliud
3341 4608 3542 4661 ostium
3573 4614 3655 4659 est

2090 4700 2156 4753 ad
2184 4700 2473 4770 jejunium.
2508 4700 2757 4755 Ebrietas
2791 4700 2859 4754 ad
2892 4700 3169 4755 lasciviam
3201 4697 3429 4759 inducit,
3461 4696 3526 4749 ad
3570 4696 3654 4763 je-

2083 4789 2300 4859 junium
2336 4790 2641 4861 frugalitas.
2689 4790 2903 4845 Athleta
2956 4801 3080 4845 ante
3129 4796 3405 4843 certamen
3437 4802 3654 4842 exerce-

3370 4943 3414 4976 ”
3446 4942 3575 4997 ibid.
3595 4942 3649 4997 4.

2158 5166 2270 5236 (57)
2306 5165 2528 5235 Antiqui
2556 5165 2676 5234 {duo
2725 5164 2848 5218 libri
2882 5162 3172 5236 ’προλάϐῃς
3203 5163 3499 5233 οίνοποσία,
3544 5165 3651 5236 ι·ἱηὶ

2085 5245 2252 5305 potu:
2299 5249 2461 5304 quam
2509 5236 2835 5304 scripturam
2871 5235 3128 5301 optimam
3176 5249 3301 5305 esse
3334 5241 3394 5287 et
3419 5235 3653 5305 maxime

2088 5303 2338 5359 idoneam
2365 5303 2723 5367 arbitramur,
2756 5316 2855 5357 nec
2881 5309 3063 5357 tamen
3096 5304 3389 5372 quidquam
3420 5303 3653 5357 mutavi-

2088 5392 2232 5439 nius,
2267 5374 2413 5443 quod
2456 5376 2728 5442 vulgatam
2765 5373 3048 5427 lectionem
3086 5373 3217 5443 Reg.
3247 5375 3443 5443 tertius
3479 5374 3651 5427 codex

2087 5441 2326 5512 optimus
2377 5441 2628 5512 idemque
2669 5442 3073 5499 vetustissimus
3101 5441 3339 5497 tueatur.
3383 5441 3521 5508 Mos,
3556 5444 3650 5511 qui

2088 5515 2175 5569 his
2217 5514 2553 5582 temporibus
2592 5513 2789 5568 misere
2818 5513 2981 5581 viget,
3027 5514 3345 5576 multorum,
3391 5517 3483 5582 qui
3529 5525 3652 5568 ante

2089 5584 2230 5656 diem
2249 5582 2505 5656 Cinerum
2537 5587 2695 5653 genio
2718 5584 2839 5656 plus
2862 5597 3018 5654 :rquo
3052 5583 3358 5655 indulgent,
3385 5584 3475 5638 hic
3497 5599 3526 5637 a
3547 5583 3651 5638 Ba‘

2089 5654 2212 5709 silio
2238 5654 2601 5725 redarguitur.
