4052 6214
395 204 500 261 iss
1660 197 1718 254 δ.
1757 196 2001 253 BASlLll
2039 196 2251 253 suam
3528 200 3640 256 ,δέ

396 333 532 389 tur;
566 318 660 391 qui
701 315 1050 388 jej'una‘turus
1086 324 1191 381 est,
1238 322 1507 385 praeparat
1561 328 1620 370 se
1648 328 1743 384 per
1791 313 1961 368 absti-

2076 317 2182 375 νεῖς
2208 312 2339 384 (58),
2365 312 2425 365 τὸ
2456 312 2554 383 μὲν
2583 312 2740 383 σῶμα
2767 311 3082 382 συντρίϐων,
3105 311 3180 383 μὴ
3207 312 3640 384 παραμυθούμε-

397 412 660 470 nentiam.
716 408 794 463 Ne
819 407 974 462 velut
1016 406 1294 462 ulciscens
1336 406 1436 461 hos
1483 404 1621 469 dies,
1660 420 1768 460 neu
1801 405 1967 460 veluti

2076 423 2154 470 νος
2182 406 2238 459 δὲ
2261 406 2359 476 τὴν
2387 405 2613 459 ἔνδειαν.
2647 406 2906 459 Ἀπιστόν
2935 406 3048 458 ἐστι
3071 405 3130 458 τὸ
3152 404 3263 476 (59)
3279 408 3522 476 ταμεῖον,
3553 408 3640 468 είς

400 505 585 560 fucum
620 502 865 557 facturus
903 498 1230 570 legislatori,
1269 504 1396 553 ante
1437 496 1539 551 hos
1563 497 1802 567 quinque
1849 496 1966 551 dies

2076 496 2392 568 τετρημένον
2417 495 2572 550 πίθον
2602 495 2831 559 ἀντλεῖς.
2869 497 2926 549 Ὀ
2948 496 3043 566 μὲν
3070 496 3179 567 γὰρ
3206 491 3346 559 οἶνος
3370 496 3637 568 διαρρέει,

398 596 605 650 colloca
629 592 929 663 crapulam.
958 590 1093 645 Nam
1143 589 1359 645 laboras
1393 588 1616 654 frustra,
1671 589 1717 643 si
1763 602 1964 657 corpus

2076 589 2162 668 ἰὴν
2197 588 2330 641 ἰδίαν
2352 589 2469 643 ὁδὸν
2494 585 2810 659 ἀποτρέχων
2831 607 2844 618 ο
2891 590 2924 658 ἡ
2956 588 3012 640 δὲ
3033 588 3271 658 ἁμαρτία
3293 588 3641 657 ὲνατεομένειῖ

398 686 616 756 quidem
647 683 893 748 conficis,
914 697 1017 737 nec
1045 690 1228 737 tamen
1265 681 1519 737 solatium
1549 678 1834 734 esuritioni
1867 680 1965 733 ad-

2076 679 2300 750 Οἰκέτης
2332 679 2652 751 δραπετεύει
2689 678 2954 746 δεσπότην
2998 678 3291 731 τύπτοντα·
3337 678 3400 729 σὺ
3438 677 3493 730 δὲ
3528 695 3641 730 πα-

401 792 606 832 nioves.
641 774 812 830 Inﬁda
846 782 930 829 est
961 774 1119 834 cella,
1153 772 1207 825 in
1239 779 1521 842 pertusum
1551 770 1755 824 dolium
1787 769 1963 824 infun-

2076 771 2332 843 ραμένεις
2352 770 2428 842 τῷ
2446 770 2594 841 οἴνῳ,
2616 769 2737 824 καθ’
2766 770 2998 839 ἑκάστην
3021 768 3235 839 ἡμέραν
3257 769 3355 839 τὴν
3392 769 3640 839 κεφαλήν

399 869 515 922 dis.
562 866 778 921 Etenim
828 865 1015 920 vinum
1066 862 1284 925 difﬂuit,
1338 860 1407 916 ad
1462 876 1619 915 suam
1674 877 1965 917 recurrens

2076 880 2163 916 σου
2195 862 2482 927 τύπτοντι;
2504 863 2716 934 Μέτρον
2739 862 2959 932 ἄριστον
2980 861 3078 930 τῆς
3103 858 3196 913 τοῦ
3217 859 3359 912 οἴνου
3383 862 3639 931 χρήσεως

398 959 576 1025 viam;
604 965 794 1012 contra
824 963 1070 1011 remanet
1102 962 1410 1025 peccatum.
1442 955 1546 1025 ιο
1567 953 1824 1009 Famulus
1846 970 1968 1025 pro-

2076 956 2098 1025 f)
2135 953 2292 1026 χρεία
2322 954 2414 1007 τοῦ
2452 953 2717 1025 σώματος.
2771 952 2894 1005 Ἐὰν
2927 952 2983 1005 δὲ
3033 951 3137 1017 ἔξω
3165 951 3272 1006 τῶν
3300 952 3437 1023 ὅρων
3475 952 3637 1021 γένῃ,

399 1048 537 1121 fugit
572 1050 641 1104 ab
676 1048 810 1104 hero
839 1049 1162 1102 verberante
1194 1066 1207 1101 :
1254 1054 1313 1100 tu
1342 1062 1473 1101 vero
1525 1062 1636 1101 non
1669 1046 1881 1101 recedis
1932 1060 1961 1099 a

2076 1044 2253 1116 κύριον
2299 1044 2449 1113 ἥξεις
2496 1041 2859 1114 καρηϐαρῶν,
2913 1041 3302 1112 χασμώμενος,
3367 1041 3634 1121 ίλιγχιέὶν,

3522 1103 3732 1121 ﬁ“...—

398 1120 547 1198 viuo,
605 1133 752 1204 quod
782 1141 935 1187 tuum
980 1131 1224 1202 quotidie
1255 1139 1418 1199 caput
1459 1130 1741 1201 percutit?
1771 1128 1963 1185 Modus

2076 1122 2358 1205 ἆεσηπότος
2401 1134 2543 1186 οἴνου
2584 1130 2831 1194 ἀπόζων
2881 1130 3056 1183 πάντα
3100 1147 3181 1183 σοι
3222 1120 3637 1202 περιφέρεσθαι,

399 1224 587 1280 utendi
613 1225 742 1279 vino
768 1223 1006 1293 optimus
1042 1231 1125 1277 est
1161 1223 1408 1293 corporis
1452 1222 1770 1278 necessitas.
1808 1221 1962 1287 Quod

400 1317 447 1370 si
476 1316 611 1372 fines
639 1314 1384 1387 praetergredieris,postridie
1411 1316 1596 1371 venies
1620 1315 1817 1384 capitis
1847 1328 1964 1384 gra—

399 1408 595 1463 vedine
646 1407 900 1473 aﬂ‘ectus,
937 1407 1204 1477 oscitans,
1245 1409 1509 1478 vertigine
1542 1408 1818 1474 laborans,
1861 1424 1962 1477 pu-

401 1499 691 1555 trefactum
722 1500 947 1555 obolens
979 1500 1202 1566 vinum;

2070 1227 2246 1281 πάντα
2272 1225 2535 1279 δονεῖσθαι
2565 1223 2722 1288 δόξει.
2761 1222 2914 1293 Μέθη
2947 1223 3053 1293 γὰρ
3084 1222 3247 1276 ὕπνον
3275 1223 3372 1293 μὲν
3402 1222 3635 1290 ἐπάγει,

2068 1317 2293 1387 ἀδελφὸν
2347 1315 2595 1380 θανάτου,
2632 1317 2957 1387 ἐγρήγορσιν
3014 1314 3069 1367 δὲ
3119 1315 3346 1386 ὀνείροις
3394 1331 3639 1384 προσεοι-

2067 1412 2246 1463 κυῖαν.

1271 1501 1452 1555 omnia
1508 1501 1610 1555 tibi
1657 1501 2018 1564 circumferri,
2060 1501 2244 1556 omnia
2289 1500 2641 1556 circumvolvi
2680 1500 3030 1555 videbuntur.
3080 1497 3330 1553 Ebrietas
3377 1503 3437 1549 ut
3483 1509 3637 1549 som-

401 1606 533 1646 num
567 1589 721 1645 affert
758 1589 953 1645 mortis
1000 1604 1317 1660 germanum
1341 1628 1357 1653 ,
1420 1590 1494 1643 ita
1531 1591 1772 1660 vigiliam
1811 1590 1974 1645 habet
2011 1590 2237 1646 somniis
2259 1590 2573 1646 assimilem.

473 1683 560 1740 il.
600 1683 685 1737 An
735 1683 954 1754 ignoras
1006 1698 1168 1753 quem
1208 1698 1269 1739 es
1312 1683 1552 1753 hospitio
1597 1684 1967 1754 excepturus?

2076 1754 2110 1769 κ
2138 1685 2225 1738 11.
2244 1679 2388 1755 ΊΓΑρα
2404 1680 2549 1747 οἶδας
2569 1682 2650 1746 τίς
2675 1684 2819 1735 ἐστιν
2833 1682 2890 1734 ὃν
2912 1680 3262 1751 ὑποδέχεσθαι
3289 1679 3497 1749 μέλλεις
3517 1696 3532 1744 ;
3572 1679 3637 1733 ὐ

403 1774 674 1831 Nimirum
708 1774 897 1840 illum,
933 1776 1029 1846 qui
1060 1775 1222 1830 nobis
1258 1776 1334 1828 ita
1370 1775 1647 1845 pollicitus
1686 1784 1811 1831 est:
1857 1776 1966 1846 Ego

401 1877 452 1921 et
485 1865 647 1921 Pater
679 1868 972 1933 veniemus,
1001 1876 1050 1921 et
1094 1868 1417 1921 mansionem
1458 1867 1599 1937 apud
1640 1886 1757 1923 eum
1800 1869 1967 1939 facie-

404 1973 522 2013 mus
551 1959 618 2010 “.
650 1957 762 2013 Cur
794 1957 959 2028 igitur
1004 1958 1158 2027 prius
1204 1959 1404 2029 recipis
1444 1962 1816 2017 temulentiam
1841 2002 1855 2025 ,
1903 1979 1967 2017 ac

402 2045 636 2102 Domino
668 2049 974 2116 ingressum
1003 2046 1336 2116 praecludis?
1361 2064 1460 2103 cur
1486 2050 1698 2106 boatem
1726 2051 1964 2117 inducis,

405 2145 467 2192 ut
504 2145 600 2192 tua
647 2136 797 2207 prior
850 2137 1187 2191 munimenta
1238 2140 1512 2207 occupet?
1561 2140 1810 2197 Ebrietas
1855 2157 1967 2197 non

403 2227 596 2298 recipit
625 2227 945 2292 Dominum,
981 2227 1219 2284 ebrietas
1254 2227 1519 2299 Spiritum
1551 2233 1822 2303 propellit.
1854 2233 1967 2289 Fu-

404 2333 528 2373 mus
556 2318 776 2388 quidem
811 2317 978 2388 abigit
1009 2334 1142 2388 apes
1162 2359 1177 2382 ,
1211 2319 1353 2373 dona
1384 2336 1514 2375 vero
1548 2323 1852 2393 spiritualia
1889 2326 1969 2381 fu-

400 2414 492 2476 gat
524 2407 769 2476 crapula.
813 2404 1091 2475 Jejunium
1135 2407 1377 2462 civitatis
1420 2416 1507 2463 est
1551 2422 1963 2478 ornamentum,

404 2493 507 2549 fori
537 2495 822 2559 columen,
858 2494 1146 2549 domorum
1180 2510 1283 2565 pax
1304 2535 1319 2561 ,
1354 2496 1706 2553 incolumitas
1734 2500 1968 2555 faculta-

400 2592 542 2639 tum.
584 2583 684 2640 Vis
719 2584 915 2656 jejunii
956 2587 1141 2642 videre
1176 2587 1545 2657 dignitatem?
1585 2588 1789 2647 Confer
1832 2593 1966 2647 mihi

401 2675 651 2731 hodierni
678 2677 786 2731 diei
814 2693 1096 2748 vesperam
1128 2692 1253 2733 cum
1295 2696 1521 2751 vespera
1547 2683 1806 2748 crastini,
1837 2699 1968 2739 con-

400 2768 604 2839 spicies
628 2768 902 2823 civitatem
934 2785 965 2823 e
1007 2771 1247 2825 tumultu
1272 2786 1335 2827 ac
1360 2781 1681 2843 tempestate
1702 2784 1966 2831 mutatam

401 2860 459 2913 in
485 2858 811 2930 profundam
838 2863 1309 2932 tranquillitatem.
1339 2864 1558 2920 Utinam
1590 2874 1770 2921 autem
1800 2877 1852 2923 et
1877 2869 1969 2923 lio-

400 2947 630 3004 diernus
665 2949 785 3004 dies
816 2952 1061 3006 crastino
1095 2953 1293 3010 similis
1327 2956 1399 3011 sit
1438 2956 1731 3012 sanctitate
1758 2967 1813 3013 et
1844 2974 1969 3029 gra-

2068 1775 2527 1845 ὲπαγγειλὰμενος
2555 1776 2704 1844 ἡμῖν,
2731 1774 2811 1826 ὅτι
2857 1772 3002 1842 Ἐγὼ
3034 1772 3130 1826 καὶ
3160 1775 3193 1825 ό
3224 1770 3425 1838 Πατὴρ
3464 1771 3640 1825 ἐλευ-

2066 1869 2309 1936 σόμεθα,
2336 1864 2433 1919 καὶ
2461 1867 2661 1935 μονὴν
2686 1864 2821 1932 παρ’
2850 1862 3009 1928 αὐτῷ
3054 1861 3385 1930 ποιήσομεν
3405 1860 3536 1932 (60).
3566 1860 3639 1914 Τί

2066 1956 2157 2014 οὖν
2200 1958 2601 2031 προλαμϐάνεις
2645 1960 2711 2027 τῇ
2759 1955 2915 2028 μέθῃ,
2960 1954 3053 2008 καὶ
3088 1952 3397 2017 ἀποκλείεις
3424 1952 3500 2023 τῷ
3532 1955 3635 2005 Δε-

2069 2051 2241 2123 σπότῃ
2265 2050 2362 2120 τὴν
2389 2048 2624 2113 εἴσοδον;
2649 2048 2701 2100 τί
2725 2045 3009 2118 προτρέπῃ
3036 2044 3126 2098 τὸν
3159 2043 3347 2115 ἐχθρὸν
3362 2060 3640 2117 προκατα-

2069 2144 2215 2212 σχεῖν
2247 2157 2339 2194 σου
2368 2140 2435 2193 τὰ
2466 2138 2828 2210 ὀχυρώματα;
2861 2136 3015 2206 Μέθη
3054 2135 3257 2207 Κύριον
3296 2136 3394 2206 οὐχ
3439 2136 3637 2190 ὐποδέο

2040 2229 2253 2303 jecur
2288 2231 2423 2303 μέθη
2465 2231 2688 2301 Πνεῦμα
2732 2230 2885 2298 ἆγιον
2917 2227 3229 2281 ἀποδιώκει.
3273 2228 3493 2288 Καπνὸς
3536 2230 3639 2299 μὲν

2066 2324 2174 2396 γὰρ
2219 2322 2508 2377 ἁποδιώκει
2552 2321 2811 2391 μελίσσας
2846 2319 2981 2388 (6|),
3021 2320 3333 2391 χαρίσματα
3373 2319 3430 2373 δὲ
3472 2336 3639 2373 πνευ-

2071 2414 2274 2485 ματικὰ
2298 2412 2588 2468 άποδιώκει
2617 2411 2913 2484 κραιπάλη.
2940 2412 3179 2481 Νηπεία
3210 2411 3414 2475 πόλεως
3441 2412 3643 2483 εὐσχη-

2072 2505 2293 2576 μοσύνη,
2333 2505 2537 2575 ἀγορᾶς
2576 2503 2882 2565 εὐστάθεια,
2925 2500 3089 2554 οἴκων
3139 2504 3352 2573 εἰρήνη,
3395 2501 3640 2572 σωτηρία

2066 2598 2174 2673 τῶν
2202 2597 2570 2669 ὑπαρχόντων.
2604 2594 2791 2648 Βούλει
2820 2593 2988 2663 αὐτῆς
3021 2594 3147 2646 ἰδεῖν
3170 2593 3268 2665 τὴν
3298 2593 3637 2664 σεμνότητα;

2062 2672 2360 2758 νΣύγκρινόν
2405 2704 2493 2757 μοι
2527 2686 2624 2757 τὴν
2656 2688 2894 2756 σήμερον
2922 2684 3158 2755 ἑσπέραν
3187 2687 3253 2756 τῇ
3285 2682 3393 2755 (62)
3428 2683 3637 2756 αὔριον,

2068 2782 2161 2834 καὶ
2191 2780 2308 2850 ὄψει
2342 2781 2439 2850 τὴν
2472 2780 2622 2832 πόλιν
2651 2781 2713 2832 ὲκ
2737 2778 2982 2848 ταραχῆς
3020 2779 3115 2832 καὶ
3156 2776 3324 2847 ζάλης
3360 2779 3440 2840 εἰς
3474 2777 3643 2848 γαλή-

2068 2889 2164 2942 νην
2202 2871 2421 2941 βαθεῖαν
2452 2869 2874 2941 μεταϐαλοῦσαν.
2912 2868 3155 2939 Εὖχομαι
3184 2868 3241 2921 δὲ
3272 2870 3365 2921 κα)⁸
3406 2869 3505 2939 τὴν
3540 2869 3638 2939 σή-

2072 2980 2234 3034 μερον
2272 2966 2339 3033 τῇ
2369 2961 2554 3033 αὔριον
2590 2962 2819 3015 ἑοικέναι
2864 2961 3006 3014 κατὰ
3040 2960 3136 3031 τὴν
3172 2960 3504 3030 σεμνότητα·
3545 2960 3640 3011 καὶ

402 3039 597 3105 vitate,
640 3047 694 3095 et
727 3043 1003 3099 crastinus
1019 3043 1138 3099 dies
1152 3045 1421 3100 hodierno
1448 3062 1560 3102 non
1588 3048 1744 3104 cedat
1773 3050 1963 3104 hilari-

2076 3057 2162 3137 τὴν
2191 3052 2379 3126 αὔριον
2412 3053 2576 3125 μηδὲν
2606 3052 2922 3124 φαιδρότητι
2961 3054 3059 3123 τῆς
3085 3053 3322 3124 σήμερον
3354 3051 3646 3105 ἀπολείπε-

403 3139 518 3186 tate
544 3133 558 3185 l
594 3130 866 3188 Caeterum
894 3135 991 3205 qui
1020 3152 1122 3192 nos
1152 3138 1413 3207 produxit
1440 3138 1506 3193 ad
1537 3140 1682 3195 hunc
1710 3144 1971 3213 temporis

404 3235 691 3276 recursum
722 3221 984 3280 Dominus
1004 3265 1018 3289 ,
1059 3234 1282 3296 praestet
1310 3228 1471 3284 nobis
1502 3239 1762 3301 tanquam
1796 3241 1974 3287 certa-

405 3314 649 3380 toribus,
683 3323 744 3369 ut
777 3315 832 3369 in
863 3317 970 3371 hoc
1001 3321 1364 3375 certaminum
1400 3322 1628 3377 exordio
1664 3324 1872 3377 firmam
1906 3340 1971 3380 ac

403 3410 748 3459 constantem
792 3409 1204 3476 temperantiam
1250 3410 1637 3475 ostendamus,
1680 3410 1971 3481 pervenia-

404 3510 636 3564 musque
662 3496 731 3550 ad
761 3498 1023 3553 arbitram
1057 3514 1386 3557 coronarum
1415 3504 1557 3558 diem
1578 3544 1593 3569 ,
1632 3511 1690 3558 ut
1719 3506 1974 3562 recordeo

406 3602 530 3640 mur
558 3605 707 3644 nunc
738 3591 958 3660 quidem
994 3594 1290 3650 salutifera:
1321 3597 1596 3664 passionis
1617 3637 1632 3661 ,
1678 3597 1735 3652 in
1787 3596 1971 3654 futuro

2075 3147 2216 3200 σθαι.
2265 3147 2321 3199 Ὀ
2348 3145 2403 3198 δὲ
2428 3143 2649 3213 ἀγαγὼν
2682 3145 2831 3215 ἡμᾶς
2862 3146 2941 3207 είς
2977 3144 3075 3214 τὴν
3115 3144 3361 3215 περίοδον
3391 3142 3483 3196 τοῦ
3512 3143 3642 3212 χρό-

2073 3254 2163 3290 νου
2197 3235 2399 3307 Κύριος
2426 3235 2694 3305 παράσχοι
2722 3236 2874 3305 ἡμῖν,
2894 3228 3006 3286 οἷον
3034 3234 3381 3302 ἀγωνισταῖς,
3417 3235 3496 3295 εἰς
3516 3234 3644 3297 τοὺς

2074 3326 2397 3399 προαγῶνας
2423 3324 2644 3388 τούτους
2674 3324 2736 3377 τὸ
2765 3326 2988 3396 στερρὸν
3016 3325 3109 3378 καὶ
3143 3322 3355 3377 εύτονον
3384 3324 3481 3393 τῆς
3509 3340 3646 3395 καρ-

2074 3417 2255 3487 τερίας
2285 3414 2722 3485 ἐπιδειξαμένους
2753 3413 2885 3484 (θὸ),
2918 3413 3116 3483 φθάσαι
3155 3413 3249 3466 καὶ
3294 3413 3385 3466 ἐπὶ
3419 3412 3517 3484 τὴν
3545 3430 3646 3465 κυ-

2079 3509 2200 3579 ρίαν
2230 3508 2338 3560 τῶν
2372 3507 2648 3576 στεφάνων
2690 3506 2931 3577 ἡμέραν·
2984 3505 3079 3559 νῦν
3118 3505 3217 3576 μὲν
3259 3507 3357 3577 τῆς
3406 3507 3647 3575 ἀναμνή-

2062 3592 2213 3667 ἶέεως
2255 3596 2348 3650 τοῦ
2403 3596 2667 3667 σωτηρίου
2718 3595 2922 3658 πάθους
2960 3594 3093 3662 (64),
3122 3595 3179 3646 ὲν
3205 3594 3261 3646 δὲ
3295 3594 3371 3664 τῷ
3403 3593 3643 3665 μέλλοντι

405 3693 537 3733 vero
569 3682 770 3736 saeculo
802 3681 1048 3739 fruamur
1080 3686 1306 3756 praemio
1326 3728 1340 3752 ,
1380 3703 1478 3758 pro
1510 3688 1597 3744 his
1631 3705 1751 3759 qua
1781 3689 1835 3743 in
1869 3690 1972 3745 hac

2076 3663 2231 3740 aiam
2261 3685 2360 3755 τῆς
2391 3663 2798 3747 ἀνταποδόσεως
2825 3683 2933 3736 τῶν
2965 3683 3304 3753 βεϐιωμένων
3334 3663 3465 3753 ἡμῖν
3488 3684 3544 3734 ὲν
3575 3685 3643 3751 τῇ

406 3768 517 3821 vita
554 3773 862 3840 gessimus,
893 3777 1205 3844 reponendo
1239 3777 1295 3831 in
1324 3779 1476 3846 justo
1517 3778 1726 3849 judicio
1770 3780 1976 3836 Christi

406 3861 615 3930 ipsius,
652 3865 912 3933 quoniam
945 3867 1024 3920 illi
1054 3868 1226 3939 gloria
1260 3869 1314 3923 in
1348 3871 1566 3924 saecula.
1602 3871 1794 3927 Amen.

474 3976 519 4007 ⁸¹
558 3975 716 4033 Joan.
754 3995 868 4046 xw,
902 3979 992 4037 25.

480 4086 592 4160 (58)
627 4087 767 4142 Editi
813 4090 1017 4160 ἀνόητα
1058 4091 1261 4160 πονεῖς,
1294 4089 1455 4160 stulte
1500 4085 1734 4160 laboras.
1775 4088 1845 4142 At
1876 4089 1985 4144 duo

413 4156 580 4224 Regii
600 4172 733 4211 mss.
762 4166 817 4212 et
838 4156 977 4211 om.
1009 4166 1064 4211 et
1092 4158 1249 4212 Coll).
1282 4158 1495 4226 primus
1524 4156 1757 4227 ἀνόνητα
1780 4162 1981 4223 πονεῖς,

414 4231 628 4363 Izalam;
644 4226 878 4307 latiores.
902 4227 1146 4298 Denique
1168 4227 1322 4282 Colb.
1351 4229 1547 4283 tertius
1568 4226 1768 4296 ἀνόητα
1790 4233 1981 4294 ποιεῖς,

414 4312 436 4349 ι
464 4311 495 4346 ιι
544 4312 571 4348 e
626 4312 755 4351 acts.

410 4311 571 4349 uuae
601 4311 755 4351 ιασιδ.

484 4357 1055 4437 (59)Ἀ(;οιι).ηρι·ῑηιιιε
1104 4365 1376 4437 ἄπληστόν
1424 4368 1539 4419 ἐστι
1591 4364 1859 4437 τὸηεειια
1905 4380 1983 4423 est
2015 4357 2059 4412 Ῑ)

414 4434 765 4503 inexplebilis.
799 4433 955 4491 Haud
988 4439 1143 4505 longe
1182 4433 1314 4505 Reg.
1358 4437 1566 4507 primus
1600 4444 1653 4490 ct
1686 4433 1841 4495 Colb.
1872 4446 1984 4494 ter-

413 4511 450 4561 ti
461 4523 541 4588 uisa
550 4507 1223 4588 ftegnerptppevovnntﬂov.
1242 4508 1561 4588 depravate.

450 4628 453 4629 ,
489 4575 788 4648 (60)_Um_is
820 4575 993 4648 codex
1023 4576 1154 4646 Reg.
1195 4575 1343 4648 αύτῴ
1375 4579 1730 4648 ποιησόμεθα.
1768 4579 1987 4634 Monere

411 4644 588 4715 juvat,
617 4644 1016 4700 Eucharistiam
1050 4644 1157 4700 non
1188 4644 1420 4715 obscure
1441 4644 1545 4699 hoc
1568 4644 1687 4705 loco
1711 4652 1941 4705 indicari
1968 4669 1981 4703 :

415 4714 485 4770 ad
507 4731 670 4785 quam
704 4717 796 4786 qui
828 4715 1168 4786 accederent,
1196 4714 1481 4770 Dominum
1515 4719 1712 4785 ipsum,
1748 4731 1803 4775 ut
1827 4719 1988 4775 docet

417 4786 675 4859 Basilius,
707 4801 816 4859 non
852 4785 1350 4859 Dominiumbram
1380 4794 1475 4840 aut
1504 4787 1731 4857 ﬁguram
1761 4791 1988 4859 recipie—

416 4856 570 4910 bant.
604 4855 722 4920 Quo
746 4855 935 4912 Basilii
963 4855 1297 4918 testimonio,
1324 4865 1389 4909 ut
1416 4855 1691 4914 sexcentis
1716 4861 1839 4916 aliis
1866 4855 1988 4915 san-

417 4925 911 5001 ciorumfatrum,
950 4927 1111 4995 plane
1138 4935 1381 5001 constat
1420 4926 1636 5001 Domini
1689 4944 1891 5001 corpus
1927 4931 1984 4983 in

418 4995 765 5066 Eucliaristia
796 5012 923 5051 vere
951 5004 1007 5051 et
1034 4997 1251 5066 proprie
1276 4997 1462 5066 recipi.

492 5064 601 5140 _(_(il)
623 5066 846 5134 Antiqui
876 5067 985 5121 duo
1008 5064 1207 5140 libri’et
1233 5064 1677 5140 editiﬁno'dubnget
1703 5069 1982 5140 μελίσσας.

417 5134 522 5209 Alii
546 5143 779 5203 quatuor
802 5152 937 5209 mss.
968 5136 1262 5209 φυγαδεύει
1299 5137 1573 5209 μελίσσας.
1601 5134 1716 5194 Sed
1737 5141 1988 5209 suspicor

421 5206 495 5257 ita
538 5211 844 5276 correctum
890 5206 960 5261 ab
1003 5208 1206 5276 aliquo,
1249 5208 1341 5276 qui
1385 5209 1723 5264 existimaret
1761 5206 1986 5263 verbum

420 5273 747 5347 ἀποδιώχειν
781 5275 836 5329 in
872 5291 982 5329 uno
1021 5273 1114 5331 aut
1145 5273 1314 5331 altero
1356 5292 1515 5331 versu
1546 5286 1630 5332 ter
1670 5280 1837 5347 repeti
1876 5294 1986 5334 non

421 5344 642 5419 dobere,
678 5359 805 5419 cum
854 5352 1034 5419 tamen
1082 5348 1137 5400 in
1184 5347 1286 5419 hac
1332 5348 1652 5415 repetitione
1706 5344 1988 5419 elegantia:

423 5414 628 5482 διψία
655 5423 709 5466 et
737 5414 939 5482 leporis
970 5415 1149 5471 inesse
1177 5417 1439 5472 videatur.

490 5468 805 5564 ᾤέλΕιῇιὶ.
829 5483 954 5564 τὴν.
975 5468 1211 5564 σήμερον
1240 5468 1483 5557 ’ἑσπέραν
1514 5491 1599 5559 τῇ,
1642 5500 1769 5549 etc.,
1796 5487 1987 5564 Confer

431 5554 557 5627 ριὶΙιὶ
609 5552 847 5627 hodierni
885 5552 1004 5609 rdiei
1029 5552 1300 5624 rcis-peram
1333 5552 1449 5610 cum
1496 5552 1703 5627 vespera
1745 5552 1981 5611 crastini.

429 5621 562 5695 lleg.
599 5625 806 5694 primus
831 5634 879 5681 et
920 5627 1007 5680 alii
1048 5621 1159 5683 tres
1197 5642 1329 5683 mss.
1359 5621 1655 5685 Colbertini
1692 5628 1790 5699 τὴν
1822 5646 1986 5700 σημε·

2076 3778 2438 3849 δικαιοκρισίᾳ
2464 3777 2559 3829 τοῦ
2582 3775 2816 3847 Χριστοῦ
2847 3775 3031 3840 αὑτοῦ,
3054 3778 3136 3829 ὅτι
3159 3775 3356 3847 αύτῷή
3390 3773 3514 3839 δόξα
3534 3772 3647 3845 (65)

2077 3872 2158 3933 εἰς
2186 3871 2311 3932 τοὺς
2338 3868 2553 3931 αἰῶνας.
2600 3867 2791 3937 Ἀμήν.

2090 4090 2241 4163 ρινὴν
2273 4091 2509 4163 ἑσπέραν
2534 4096 2624 4163 τῇ,
2649 4108 2755 4147 non
2788 4093 3041 4148 dissimili
3070 4107 3253 4163 sensu.
3286 4092 3355 4163 At
3383 4089 3540 4163 Regii
3562 4107 3649 4163 se-

2089 4161 2304 4216 ttundus
2337 4171 2390 4232 et
2413 4161 2610 4217 tertius
2641 4172 2695 4217 et
2724 4162 2876 4217 Colb.
2908 4163 3115 4232 primus
3138 4162 3236 4232 τὴν
3259 4162 3492 4232 σήμερον
3519 4161 3650 4232 ἡμέ-

2090 4248 2189 4302 ραν
2217 4234 2305 4302 τῇ,
2347 4230 2542 4301 Confer
2578 4232 2706 4286 mihi
2743 4249 2861 4285 cum
2891 4230 2976 4286 die
3008 4230 3247 4302 crastino
3272 4230 3413 4283 diem
3439 4230 3651 4284 hodier—

2088 4300 2233 4354 num.
2257 4300 2407 4356 Nihil
2435 4300 2491 4356 in
2524 4309 2778 4358 contextu
2807 4302 3124 4356 mutandum
3156 4300 3540 4370 judicavimus.

2160 4371 2275 4442 (63)
2316 4371 2538 4428 Veteres
2588 4379 2794 4442 septem
2841 4372 2966 4427 libri
3006 4369 3465 4440 ἐπιδειξαμένους.
3503 4369 3651 4426 Editi

2085 4440 2528 4513 ἐπιδειξαμένοις.

2160 4511 2270 4582 (64)
2299 4508 2518 4580 Legenti
2558 4510 2689 4582 mihi
2728 4511 3038 4582 Erasmum,
3064 4511 3168 4582 qui
3212 4509 3366 4582 illud,
3413 4508 3507 4562 νῦν
3551 4509 3651 4579 μὲν

2085 4583 2183 4651 τῆς
2208 4580 2561 4651 ἀναμνήσεως
2584 4581 2676 4633 τοῦ
2704 4581 2968 4649 σωτηρίου
3004 4580 3227 4643 πάθους,
3264 4581 3650 4651 interpretatus

2086 4648 2169 4705 est
2200 4648 2517 4712 hoc-modo,
2554 4659 2611 4703 ut
2658 4651 2989 4702 recordemur
3026 4666 3162 4703 nunc
3205 4649 3409 4717 quidem
3457 4648 3651 4702 saluti-

2087 4722 2216 4788 [εγω
2248 4721 2563 4790 αῇιὶειὶοηὶδ,
2599 4720 2655 4773 in
2695 4729 2927 4790 mentem
2958 4720 3503 4790 venitquorumdam.
3530 4720 3647 4786 qui,

2089 4806 2157 4843 ne
2206 4789 2518 4859 viderentur
2561 4789 2903 4859 antiquitatis
2956 4797 3048 4843 aut
3100 4789 3276 4857 ignari
3327 4797 3420 4840 aut
3457 4802 3649 4856 parum

2088 4859 2340 4924 studiosi,
2377 4854 2485 4914 non
2534 4854 2714 4929 ﬁdem,
2747 4860 2840 4914 sed
2858 4854 3271 4927 persuasionem,
3305 4873 3413 4910 non
3457 4854 3650 4910 sacra-

2087 4940 2317 4983 mentum
2350 4931 2582 5000 corporis
2621 4930 2910 5000 Dominici,
2941 4929 3033 4983 sed
3075 4929 3407 5000 sanctiﬁcum
3438 4936 3651 5000 crustu-

2088 5000 2220 5062 lum,
2263 5009 2317 5055 et
2344 4997 2449 5054 alia
2478 5002 2530 5054 id
2557 5016 2727 5071 genus
2756 4999 3011 5053 dicebant
3036 5017 3049 5051 :
3081 5012 3242 5071 quam
3273 4997 3531 5071 loquendi
3560 5010 3653 5049 ra-

2089 5071 2289 5124 tionem
2322 5086 2481 5125 nemo
2515 5064 2733 5139 sa'piens
2760 5083 2997 5139 unquam
3036 5064 3378 5137 ap'probahit.
3421 5064 3653 5119 Praestat

2086 5139 2275 5208 igitur,
2305 5146 2364 5192 ut
2394 5139 2527 5193 mihi
2561 5138 2778 5209 quidem
2809 5138 3043 5209 videtur,
3079 5141 3154 5192 ita
3197 5145 3450 5209 vertere:
3475 5145 3532 5188 ut
3565 5152 3649 5189 re-

2089 5210 2365 5263 cordemur
2394 5225 2530 5262 nunc
2551 5207 2756 5277 quidem
2782 5207 3071 5276 salutifera:
3099 5208 3378 5277 passionis.

2158 5278 2270 5348 (65)
2296 5278 2449 5333 Colb.
2483 5274 2693 5348 primus
2720 5279 2788 5348 ὲν
2796 5279 2862 5348 τῇ
2894 5274 3270 5348 διόιιιιιοκριτιίιξιΔ
3288 5275 3382 5348 τοῦ
3406 5274 3534 5348 Υἰοῦ
3561 5275 3654 5348 αύ-

2087 5344 2201 5411 τοῦ,
2235 5351 2315 5401 ὅτι
2346 5344 2501 5419 αὐτῷ
2521 5351 2554 5419 ἡ
2576 5348 2702 5412 δόξα
2730 5344 2946 5419 νλῦνόιαξι
2974 5347 3080 5412 ἀεί,
3113 5344 3417 5419 τιςςΑΙίιθι*
3438 5346 3499 5419 in
3525 5345 3651 5419 aliis

2087 5434 2220 5471 mss.
2275 5415 2504 5488 legitur;
2539 5415 2716 5487 neque
2755 5415 2835 5488 id,
2862 5418 3061 5471 mirum
3106 5416 3379 5488 videbitur
3436 5416 3506 5471 iis
3554 5415 3651 5488 qui

2089 5484 2366 5556 paululum
2420 5488 2474 5542 in
2527 5484 2874 5543 conferendis
2924 5488 3199 5542 veteribus
3249 5485 3404 5540 libris
3449 5484 3649 5556 versati

2089 5553 2236 5681 sulm,
2266 5574 2387 5613 cuiu
2421 5560 2669 5614 clausula
2698 5559 2752 5612 iu
2785 5557 2949 5612 variis
2979 5557 3259 5612 codicibus
3297 5557 3443 5611 varie
3483 5553 3650 5611 εει·ὼί

2089 5644 2149 5681 so
2172 5638 2276 5681 eat.

2089 5638 2276 5683 soleat.
