4052 6214
297 326 395 381 185

1446 333 1535 385 DE
1571 332 1845 387 JEJUNIO
1882 333 2162 387 HUMILIA
2205 335 2266 389 II.

3432 340 3533 396 18-6

296 464 3498 493 Mm

502 542 673 592 Περι
701 543 1074 596 narratas
1104 547 1346 598 ΛΟΓΟΣ
1383 550 1431 599 B
1457 545 1468 565 '
1499 548 1631 616 (66).

374 655 418 706 1.
450 656 869 721 Παρακαλεῒτε,
895 660 1084 728 φησὶν,
1122 660 1311 726 ἱερεῖς,
1347 663 1452 713 τὸν
1470 665 1622 716 λαόν
1642 681 1653 691 ·
1681 664 1870 731 λαλή-

302 761 441 798 cars
471 748 554 809 εἰς
581 747 649 798 τὰ
696 743 816 800 ὦτα
849 749 1254 818 Ἰερουσαλήμ.
1298 752 1474 822 Ἰκανὴ
1507 753 1598 804 τοῦ
1638 754 1794 821 λόγου
1833 758 1865 824 ἡ

307 837 456 904 φύσις
475 838 575 888 τῶν
603 839 702 906 μὲν
733 841 1044 894 σπουδαίων
1077 843 1171 904 τὰς
1196 844 1221 892 6
1230 843 1372 912 ρμὰς
1389 847 1671 910 ἐπιτεῖναι,
1690 846 1796 897 τῶν
1813 847 1867 897 δὲ

306 928 550 996 ῥᾳθύμων
594 930 689 981 καὶ
711 930 938 1000 νωθρῶν
985 935 1259 1002 ἐπεγεῖραι
1294 936 1352 987 τὸ
1395 937 1868 1006 πρόθυμον.“οθεν

305 1021 586 1088 στρατηγοὶ
645 1023 784 1089 μὲν,
844 1025 926 1085 είς
973 1024 1272 1094 παράταξιν
1318 1027 1408 1078 τὸν
1464 1030 1691 1099 στρατὸν
1739 1031 1869 1083 καθ-

303 1111 568 1174 ιπῶντες,
594 1117 708 1176 τοῖς
732 1116 1158 1184 παρακλητικοῖς
1182 1117 1356 1184 λόγοις
1384 1122 1487 1188 πρὸ
1510 1121 1617 1172 τῶν
1643 1122 1867 1188 ἀγώνων

302 1203 607 1273 κέχρηνται,
652 1207 743 1257 καὶ
773 1207 1040 1277 τοσαύτην
1072 1208 1181 1278 ἕχει
1213 1211 1437 1279 δύναμιν
1467 1216 1496 1282 ή
1529 1213 1861 1282 παραίνεσις,

300 1294 434 1346 ὥστε
473 1296 691 1358 πολλοῖς
731 1298 824 1349 καὶ
872 1297 1101 1350 θανάτου
1155 1300 1408 1364 πολλάκις
1465 1304 1863 1373 καταφρόνησιν

300 1387 569 1451 ἐμποιεῖν·
599 1387 905 1454 γυμνασταὶ
947 1386 1002 1436 δὲ
1046 1389 1138 1438 καὶ
1189 1388 1549 1459 παιδοτρίϐαι,
1579 1392 1713 1461 πρὸς
1741 1395 1865 1455 τοὺς

300 1474 354 1523 ἐν
382 1475 492 1533 τοῖς
542 1475 774 1536 σταδίοις
819 1476 1032 1542 ἀγῶνας
1073 1479 1198 1538 τοὺς
1240 1477 1532 1540 ἀθλοῦντας
1573 1481 1868 1549 προσάγον-

299 1581 384 1626 τες
415 1564 545 1632 (67),
581 1567 750 1617 πολλὰ
797 1568 923 1636 περὶ
968 1568 1059 1620 τοῦ
1109 1571 1303 1638 χρῆναι
1347 1573 1529 1623 πονεῖν
1575 1572 1713 1641 ὑπὲρ
1761 1571 1866 1624 τῶν

302 1656 581 1721 στεφάνων
631 1656 1055 1711 διακελεύονται·
1107 1659 1243 1712 ὥστε
1297 1663 1388 1714 καὶ
1443 1663 1865 1730 συνεπείσθησαν

300 1743 479 1796 πολλοὶ
522 1748 588 1814 τῇ
632 1747 757 1816 περὶ
808 1747 904 1817 τὴν
948 1749 1104 1818 νίκην
1145 1751 1419 1822 φιλοτιμίᾳ
1462 1751 1568 1804 τῶν
1601 1753 1866 1821 σωμάτων

299 1832 590 1901 ὑπεριδεῖν.
625 1835 734 1887 Καὶ
761 1835 938 1888 τοίνυν
973 1840 1067 1890 καὶ
1113 1840 1254 1908 ἐμοὶ,
1286 1842 1410 1902 τοὺς
1439 1841 1672 1911 Χριστοῦ
1706 1860 1865 1912 στρα-

298 1921 491 1985 τιώτας
514 1925 648 1992 πρὸς
681 1926 768 1978 τὸν
799 1927 940 1979 κατά
975 1928 1082 1980 τῶν
1115 1930 1358 1999 ἀοράτων
1389 1931 1595 2002 ἐχθρῶν
1635 1934 1862 2001 πόλεμον

297 2013 650 2078 ὃιατάσσοντι,
703 2018 794 2068 καὶ
839 2020 964 2080 τοὺς
1014 2019 1248 2088 ἀθλητὰς
1297 2022 1394 2090 τῆς
1447 2023 1725 2086 εὐσεϐείας
1774 2027 1864 2076 ἐπὶ

300 2105 423 2165 τοὺς
456 2105 554 2173 τῆς
580 2106 925 2177 δικαιοσύνης
962 2111 1254 2176 στεφάνους
1285 2111 1370 2164 διὰ
1407 2113 1505 2181 τῆς
1543 2114 1864 2184 ἐγκρατείας

301 2195 785 2263 παρασκευάζοντι,
803 2201 1096 2266 ἀναγκαῖος
1115 2204 1142 2252 ό
1165 2201 1318 2268 λόγος
1332 2203 1427 2272 τῆς
1451 2205 1858 2276 παρακλήσεως.

302 2284 365 2335 Τί
413 2282 500 2338 οὖν
550 2304 711 2356 φημι,
765 2289 1019 2358 ἀδελφοί;
1057 2291 1177 2343 Ὅτι
1227 2292 1354 2354 τοὺς
1397 2293 1495 2362 μὲν
1537 2295 1604 2346 τά
1634 2303 1862 2349 τακτικά

305 2373 652 2442 μελετῶντας,
689 2377 782 2428 καὶ
812 2377 936 2439 τοὺς
972 2379 1028 2429 ὲν
1054 2378 1409 2446 παλαίστραις
1443 2380 1552 2448 (68)
1581 2381 1861 2432 διαπονου-

307 2465 510 2533 μένους,
537 2467 821 2519 ἀκόλουθόν
848 2469 964 2520 ἐστι
986 2471 1050 2538 τῇ
1081 2468 1323 2538 δαψιλείᾳ⁴
1347 2470 1444 2538 τῆς
1468 2472 1672 2540 τροφῆς
1696 2488 1863 2524 κατα-

309 2557 531 2625 σαρκούν
581 2559 838 2623 ἑαυτοὺς,
890 2559 965 2620 ὡς
1012 2559 1077 2612 ειν
1130 2561 1483 2631 εὐτονώτερον
1532 2561 1638 2614 τῶν
1686 2563 1860 2614 πόνων

307 2647 794 2716 ἁντιλαμδάνοιντο·
835 2647 915 2713 οἷς
957 2651 1014 2703 δὲ
1053 2654 1170 2705 Οὐκ
1213 2652 1383 2705 ἐστιν
1424 2655 1461 2719 ἠ
1507 2653 1672 2721 πάλη
1713 2653 1860 2720 πρὸς

309 2733 441 2804 αἷμα
463 2741 556 2791 καὶ
583 2740 796 2808 σάρκα,
825 2742 988 2796 ἀλλὰ
1023 2743 1171 2810 πρὸς
1207 2744 1312 2808 τὰς
1337 2744 1545 2812 ἀρχὰς,
1579 2745 1726 2812 πρὸς
1756 2747 1860 2810 τὰς

312 2831 596 2897 ἐξουσίας,
624 2835 772 2900 πρὸς
802 2835 946 2899 τοὺς
974 2834 1452 2902 κοσμοκράτορας
1478 2835 1577 2888 τοῦ
1604 2837 1860 2900 σκότους

314 2922 530 2984 τούτου,
555 2925 700 2990 πρὸς
719 2923 791 2975 τὰ
818 2925 1184 2991 πνευματικὰ
1203 2923 1309 2989 τῆς
1329 2928 1633 2991 πονηρίας,
1654 2927 1860 2988 τούτοις

313 3008 394 3060 διὰ
419 3010 506 3079 τῆς
522 3014 837 3082 ἐγκρατείας
860 3014 953 3065 καὶ
977 3013 1077 3081 τεῆς
1099 3013 1344 3081 νηστείας
1361 3016 1651 3081 ἀναγκαῖόν
1672 3018 1786 3067 ἐστι
1801 3017 1860 3067 τὸ

316 3100 441 3167 πρὸς
467 3103 551 3153 τὸν
581 3103 763 3169 ἀγῶνα
788 3103 1317 3172 καταγυμνάζεσθαι.
1355 3105 1569 3158 Ἕλαιον
1611 3107 1707 3174 μὲν
1751 3107 1858 3179 γὰρ

1898 555 1945 608 Α

1896 1886 1939 1942 Β

317 3191 498 3242 πιαίνει
514 3191 860 3260 τὸνέάθλητήν
880 3210 892 3221 ·
912 3192 1132 3261 νηστεία
1151 3192 1204 3244 δὲ
1223 3193 1311 3245 τὸν
1338 3193 1578 3263 ἀσκητὴν
1595 3197 1690 3264 τῆς
1707 3187 1858 3246 εἷσε-ο
1885 3211 1925 3265 C

321 3279 450 3341 Εείας
463 3284 898 3350 κρατύνει.Ὧστε
916 3283 1036 3334 ὅσον
1059 3283 1301 3353 ὑφαιρεῖς
1317 3285 1414 3352 τῆς
1438 3286 1654 3356 σαρκὸς,
1674 3286 1860 3338 τοσοῦο

320 3385 402 3421 τον
426 3380 651 3442 ποιήσεις
667 3377 762 3444 τῆς
781 3376 1152 3445 πνευματικῆς
1180 3375 1388 3438 εὐεξίας
1416 3379 1511 3444 τὴν
1527 3377 1700 3447 ψυχὴν
1723 3380 1856 3430 ἀπο-

321 3461 543 3516 στίλϐειν.
581 3466 654 3517 Ού
688 3466 797 3533 γὰρ
831 3472 1158 3536 σωματικοῖς
1196 3469 1384 3530 τόνοις,
1428 3468 1559 3520 ἀλλὰ
1595 3473 1858 3540 καρτερία

315 3547 470 3618 ψυχῆς
516 3553 606 3603 καὶ
643 3556 708 3621 τῇ
759 3553 892 3622 πρὸς
938 3554 1036 3616 τὰς
1085 3554 1285 3622 θλίψεις
1333 3557 1570 3627 ὑπομονῇ
1617 3559 1676 3610 τὸ
1723 3560 1858 3628 πρὸς

309 3640 424 3702 τοὺς
449 3642 700 3710 ἀοράτους
723 3643 953 3712 ἐχθροὺς
984 3646 1315 3714 περιγίνεται
1345 3649 1558 3717 κράτος.

369 3729 417 3782 Ξ.
453 3733 597 3784 Ἐστι
631 3735 728 3802 μὲν
754 3732 845 3787 οὗν
885 3738 1057 3790 πάντα
1083 3738 1172 3788 τὸν
1193 3739 1377 3805 χρόνον
1410 3741 1440 3806 ἡ
1468 3739 1685 3806 νηστεία
1711 3740 1856 3805 ὠφέ-

303 3817 442 3894 ique;
460 3825 566 3884 τοῖς
594 3824 941 3893 αἱρουμένοις
975 3826 1139 3895 αὐτὴν
1172 3824 1311 3887 (οὔτε
1348 3827 1453 3894 γὰρ
1483 3827 1712 3894 ἐπήρεια
1740 3827 1854 3878 δαι-

302 3911 463 3977 μόνων
490 3916 805 3985 κατατολμᾷ
831 3916 924 3968 τοῦ
954 3917 1313 3987 νηστεύοντος,
1348 3918 1440 3968 καὶ
1471 3920 1518 3968 οἱ
1553 3919 1659 3985 (69)
1686 3917 1852 3984 φύλα-

296 4019 385 4064 κες
408 4005 500 4072 τῆς
522 4004 668 4073 ζωῆς
711 4006 868 4074 ἡμῶν
898 4006 1114 4073 ἄγγελοι
1154 4006 1573 4081 φιλοπονώτερον
1604 4009 1852 4076 παραμέ-

292 4110 428 4145 νουσι
456 4098 569 4156 τοῖς
610 4096 697 4147 διὰ
739 4097 988 4164 νηστείας
1035 4096 1130 4165 τὴν
1165 4097 1336 4166 ψυχὴν
1375 4097 1847 4166 κεκαθαρμένοις)·

289 4184 455 4253 πολλῷ
489 4187 546 4237 δὲ
580 4185 742 4237 πλέον
776 4186 891 4248 νῦν,
927 4188 1013 4238 ὅτε
1067 4189 1146 4249 εἰς
1189 4190 1365 4238 πᾶσαν
1403 4189 1500 4258 τὴν
1535 4188 1852 4256 οἰκουμένην

283 4277 723 4343 ιτεριαγγέλλεται
755 4278 815 4328 τὸ
846 4279 1119 4347 κήρυγμα.
1151 4279 1258 4329 Καὶ
1299 4277 1418 4332 οὔτε
1449 4295 1530 4339 τις
1553 4277 1728 4346 νῆσος,
1754 4280 1852 4330 ούκ

276 4368 520 4436 ﬁte-apag,
572 4368 636 4419 οὐ
677 4367 853 4427 πόλις,
886 4369 984 4419 οὐκ
1026 4368 1195 4430 ἔθνος,
1223 4369 1321 4419 οὐκ
1362 4369 1581 4436 ὲσχατιά
1626 4371 1853 4439 ἀνήκοός

273 4461 384 4510 ἐστι
433 4459 527 4510 τοῦ
578 4459 953 4528 κηρύγματος.
1001 4459 1160 4510 Ἀλλὰ
1220 4460 1310 4510 καὶ
1357 4461 1708 4529 στρατόπεδα,
1756 4463 1848 4513 καὶ

2278 549 2377 600 DE
2411 547 2730 637 JEJiJ-NIO
2777 547 3100 602 HOMILIA
3144 548 3228 604 ll.

2042 661 2091 713 1.
2137 660 2504 714 Exltortamiui
2525 702 2539 726 ,
2573 661 2772 730 inquit,
2801 661 3127 724 sacerdotes,
3151 661 3431 730 populum:
3464 664 3537 716 Io-

1971 753 2192 820 quimini
2219 754 2286 804 ad
2320 771 2470 807 aures
2495 753 2791 807 Jerusalem
2818 754 2882 804 5'.
2918 753 2992 805 Ea
3019 754 3102 806 vis
3130 761 3212 806 est
3243 754 3529 814 orationis,

1972 853 2029 894 ut
2061 850 2113 895 et
2145 843 2405 897 studiosis
2440 845 2610 913 possit
2643 843 2902 913 impetum
2938 845 3253 907 intendere,
3287 852 3341 897 et
3375 845 3530 913 igua-

1971 932 2054 986 vis
2086 947 2149 986 ac
2184 935 2436 1002 segnibus
2468 936 2708 987 excitare
2738 935 3094 988 alacritatem.
3127 933 3276 988 lianc
3305 935 3375 987 ob
3404 951 3533 988 cau-

1971 1039 2085 1076 sam
2117 1025 2283 1077 duces
2306 1040 2427 1077 cum
2457 1027 2629 1079 aciem
2663 1027 2960 1086 instruunt,
2987 1027 3376 1080 exhortatoriis
3406 1041 3532 1080 ora—

1970 1111 2210 1165 tionibus
2240 1123 2362 1166 ante
2391 1113 2698 1165 conﬂictum
2732 1115 2807 1166 uti
2843 1115 3048 1175 solent,
3081 1121 3394 1182 tantamque
3421 1115 3528 1168 vim

1971 1203 2136 1257 habet
2164 1219 2226 1256 ea
2255 1205 2558 1257 exhortatio
2581 1246 2594 1268 ,
2636 1215 2692 1257 ut
2729 1207 3102 1274 compluribus
3137 1207 3296 1258 etiam
3334 1207 3530 1259 mortis

1970 1302 2336 1363 contemptum
2369 1296 2678 1365 frequenter
2707 1296 2913 1350 aﬂerat.
2949 1296 3209 1350 Similiter
3237 1297 3530 1352 exercitio-

1970 1399 2089 1437 rum
2142 1386 2383 1454 magistri
2419 1396 2472 1440 et
2518 1387 2866 1456 pmdotribae,
2904 1389 2947 1440 si
2993 1389 3214 1456 quando
3250 1389 3304 1442 in
3341 1389 3532 1447 stadiis

1969 1483 2274 1529 certaturos
2335 1478 2672 1544 producunt,
2725 1478 2912 1532 multis
2969 1478 3261 1532 admonent
3314 1478 3530 1532 labores

1969 1564 2279 1616 necessario
2314 1580 2412 1630 pro
2445 1567 2666 1618 coronis
2702 1567 3059 1634 perferendos
3091 1583 3252 1633 esse;
3288 1568 3531 1636 adeoque

1969 1652 2209 1706 victoriae
2237 1656 2629 1722 consequendac
2660 1657 2839 1708 studio
2869 1657 3085 1710 adducti
3123 1666 3249 1710 sunt
3277 1657 3432 1710 multi
3463 1659 3530 1710 ad

1968 1759 2065 1798 sua
2101 1759 2335 1811 corpora
2372 1745 2786 1799 contemnenda.
2838 1747 3072 1801 Proinde
3111 1749 3241 1800 mihi
3277 1763 3528 1817 quoque.

1970 1835 2061 1901 qui
2092 1835 2298 1888 Christi
2326 1836 2527 1889 milites
2559 1837 2624 1889 ad
2658 1837 2855 1890 bellum
2886 1854 3007 1890 cum
3039 1839 3399 1896 invisihilibus
3431 1841 3530 1894 ho-

1969 1927 2142 1980 stibus
2174 1928 2467 1995 gerendum
2520 1928 2769 1991 instruo,
2813 1936 2865 1982 et
2913 1930 3143 1985 athletas
3187 1932 3401 2000 pietatis
3435 1947 3531 2001 per

1971 2017 2067 2084 ιι
2096 2017 2749 2087 οὺδιίιιειιιίιιιηξρτωρίιτο
2775 2020 2840 2072 ad
2865 2020 3090 2087 justitia:
3112 2035 3364 2084 coronas,
3393 2037 3529 2090 opus

1966 2115 2047 2160 est
2078 2109 2326 2162 oratione
2359 2111 2751 2163 exhortatoria.
2788 2111 2925 2175 Quid
2961 2111 3124 2180 igitur
3152 2120 3233 2165 est
3264 2112 3410 2181 quod
3446 2113 3497 2166 di

1967 2212 2062 2261 eo,
2101 2199 2330 2253 fratres?
2361 2199 2563 2268 Nempe
2597 2201 2740 2270 quod
2776 2201 2843 2254 iis
2873 2202 2964 2269 qui
3001 2202 3212 2255 bellicis
3260 2203 3314 2254 in
3364 2201 3530 2258 rebus

1965 2300 2307 2353 exercentur,
2337 2293 2535 2360 quippe
2563 2293 2615 2345 in
2647 2293 2913 2362 palwstris
2942 2295 3194 2348 luctando
3222 2296 3525 2358 desudant,

1964 2382 2254 2444 convenit,
2290 2389 2348 2433 ut
2370 2382 2524 2448 copia
2556 2382 2800 2434 ciborum
2833 2382 3058 2435 reddant
3090 2385 3298 2452 seipsos
3328 2401 3526 2452 corpu—

1964 2471 2142 2524 lentos
2174 2478 2227 2523 et
2259 2471 2456 2523 obesus
2486 2489 2498 2534 ;
2535 2471 2787 2524 videlicet
2815 2487 2922 2540 quo
2953 2473 3308 2527 validioribus
3342 2477 3527 2529 nervis

1964 2562 2178 2615 labores
2240 2569 2442 2629 queant
2492 2576 2782 2630 capessere
2826 2581 2838 2615 ε
2885 2575 3077 2615 contra
3125 2579 3290 2627 vero,
3327 2566 3527 2633 quibus

1966 2649 2090 2703 Non
2120 2661 2195 2704 est
2230 2651 2537 2703 colluctatio
2574 2651 2823 2705 adversus
2855 2655 3158 2722 sanguinem
3195 2665 3242 2707 et
3273 2673 3480 2708 carnem
3509 2699 3524 2713 .

1963 2741 2051 2795 sed
2075 2743 2322 2795 adversus
2346 2744 2668 2810 principatus
2690 2784 2703 2806 ,
2731 2745 2975 2796 adversus
3002 2754 3281 2809 potestates
3301 2785 3315 2808 ,
3339 2745 3524 2800 adver-

1962 2848 2050 2884 sus
2100 2832 2281 2883 mundi
2322 2831 2560 2885 dominos
2613 2832 2944 2885 tenebrarum
2993 2834 3175 2886 harum
3203 2874 3235 2898 ,,
3273 2835 3526 2888 adversus

1962 2923 2265 2990 spirituales
2299 2924 2556 2991 nequitias
2589 2924 2656 2985 ⁸³,
2686 2923 2784 2978 hos
2818 2933 3034 2992 oportet
3057 2941 3154 2994 per
3181 2927 3523 2980 sobrietatem

1963 3030 2024 3066 ac
2050 3013 2317 3081 jejunium
2345 3014 2409 3066 ad
2436 3021 2708 3068 certamen
2736 3016 3001 3068 exerceri.
3029 3014 3234 3068 Etenim
3267 3019 3525 3084 quemad-

1962 3104 2181 3157 modum
2218 3105 2396 3158 oleum
2437 3104 2768 3173 pinguefacit
2802 3106 3057 3157 athletam
3087 3124 3100 3159 :
3148 3106 3219 3157 ita
3254 3106 3521 3173 jejunium

1964 3197 2132 3246 robur
2159 3195 2310 3247 addit
2337 3196 2383 3248 ei
2418 3195 2508 3262 qui
2539 3194 2604 3247 ad
2638 3196 2888 3262 pietatem
2921 3203 3135 3248 exercet
3167 3210 3306 3247 sese.
3340 3195 3524 3263 Itaqtc

1963 3295 2221 3352 quantum
2267 3283 2604 3337 subtraxeris
2645 3285 2826 3345 carni,
2874 3293 3024 3336 tanto
3063 3284 3254 3336 reddes
3289 3281 3522 3336 animam

1960 3378 2100 3429 bona
2135 3376 2455 3430 habitudine
2488 3376 2722 3444 spiritali
2763 3375 3096 3428 nitidiorem.
3133 3374 3249 3426 Non
3282 3375 3423 3427 enim
3459 3390 3523 3428 ex

1961 3467 2164 3519 viribus
2209 3467 2488 3535 corporis,
2537 3467 2628 3519 sed
2679 3481 2742 3517 ex
2792 3465 2959 3517 animi
3025 3465 3316 3517 tolerantia
3362 3473 3524 3530 atque.

1959 3558 2012 3608 in
2047 3555 2427 3608 atllictionibus
2463 3555 2724 3624 patientia
2759 3555 3026 3608 adversus
3058 3554 3244 3608 hostes
3277 3553 3525 3606 invisihi—

1958 3649 2035 3701 les
2077 3649 2245 3700 robur
2281 3649 2536 3715 suppetit.

2024 3738 2078 3790 2.
2120 3737 2214 3789 Est
2251 3737 2467 3804 quidem
2498 3735 2765 3803 jejunium
2799 3734 2946 3786 omni
2979 3741 3222 3801 tempore
3256 3731 3418 3792 utile,
3454 3731 3520 3784 iis

1955 3826 2046 3893 qui
2101 3825 2304 3878 lubenti
2353 3825 2534 3877 animo
2583 3823 2715 3876 illud
2764 3822 3070 3890 suscipiunt
3120 3822 3333 3888 (neque
3376 3819 3519 3871 enim

1955 3915 2197 3967 assultus
2227 3914 2534 3967 daemonum
2565 3914 2859 3982 quidquam
2899 3912 3060 3964 audet
3092 3911 3351 3963 adversus
3378 3909 3522 3977 jeju-

1954 4015 2172 4058 nantcm
2194 4044 2206 4065 ,
2235 4019 2297 4056 ac
2329 4005 2450 4057 vita:
2481 4012 2684 4057 nostrae
2711 4001 2967 4056 custodes
2999 4001 3177 4069 angeli
3210 3998 3520 4068 diligentius

1953 4098 2152 4150 adsunt
2177 4098 2243 4151 iis
2281 4099 2372 4166 qui
2401 4098 2609 4165 jejunio
2650 4106 2935 4166 purgatam
2978 4095 3177 4148 habent
3205 4097 3436 4146 animam
3457 4092 3476 4162 )
3498 4106 3517 4145 ;

1953 4188 2046 4243 sed
2082 4190 2252 4241 multo
2285 4190 2456 4257 magis
2488 4189 2588 4240 hoc
2621 4198 2865 4256 tempore
2891 4226 2905 4250 ,
2942 4202 3052 4255 quo
3083 4201 3177 4254 per
3205 4187 3516 4237 universum

1953 4287 2231 4332 terrarum
2267 4280 2456 4331 orbem
2497 4278 2740 4346 undique
2776 4277 3128 4331 denuntiatur
3155 4275 3347 4343 jejunii
3382 4289 3519 4343 pra:-

1953 4369 2197 4422 conium.
2240 4367 2348 4422 Nec
2382 4369 2489 4420 ulla
2523 4378 2604 4422 est
2640 4368 2850 4428 insula,
2888 4381 2988 4418 nec
3021 4365 3128 4416 ulla
3166 4371 3310 4416 terra
3343 4363 3514 4414 conti-

1953 4474 2122 4522 nens,
2156 4474 2265 4511 non
2315 4459 2540 4519 civitas,
2578 4473 2685 4510 non
2729 4472 2860 4525 gens
2907 4456 3044 4517 ulla,
3093 4469 3199 4506 non
3241 4460 3516 4505 extremus

267 4552 562 4620 ὁδοιπόροι,
587 4553 682 4601 καὶ
714 4550 1011 4621 πλωτῆρες,
1040 4552 1130 4602 καὶ
1152 4551 1396 4621 ἔμποροι,
1433 4551 1626 4612 πάντες
1650 4552 1846 4620 ὁμοίως

1961 4549 2144 4602 mundi
2181 4548 2414 4617 angulus
2437 4587 2450 4609 ,
2489 4547 2580 4600 ubi
2613 4563 2718 4599 non
2756 4546 3008 4598 audiatur
3037 4543 3226 4613 jejunii
3255 4542 3512 4595 edictum.

271 4643 362 4692 καὶ
413 4640 678 4692 ἀκούουσι
733 4639 825 4692 τοῦ
874 4640 1344 4710 παραγγέλματος,
1393 4642 1483 4692 καὶ
1540 4640 1846 4710 περιχαρῶς

273 4731 643 4799 ὑποδέχονται.
686 4730 849 4782 Ὥστε
903 4731 1088 4799 μηδεὶς
1137 4731 1323 4782 ἑαυτὸν
1363 4729 1465 4792 ἔξω
1509 4731 1726 4781 ποιείτω
1752 4729 1844 4781 τοῦ

278 4821 736 4888 καταλόγο·.›.τῶν
773 4821 1154 4888 νηστευόντων,
1194 4822 1250 4873 ἐν
1281 4814 1324 4886 ᾧ
1355 4820 1530 4872 πάντα
1577 4819 1726 4890 γένη,
1753 4821 1845 4872 καὶ

277 4912 422 4962 πᾶσα
448 4910 654 4979 ἡλικία,
693 4911 789 4962 καὶ
825 4910 1143 4981 ἀξιωμάτων
1187 4910 1436 4979 διαφοραὶ
1470 4911 1636 4962 πᾶσαι
1677 4927 1844 4962 κατα-

277 5003 539 5068 λέγονται.
582 5001 837 5069 Ἀγγελοί
869 5005 1005 5054 εἰσιν
1044 5005 1090 5054 oi
1127 5004 1246 5055 καθ’
1293 5002 1523 5070 ἑκάστην
1555 5001 1843 5071 ἐκκλησίαν

848 5113 893 5144 ⁵³
933 5086 1129 5182 Ephes.
1161 5129 1214 5166 vi
1238 5151 1253 5174 ,
1292 5111 1376 5167 12.

349 5229 456 5299 (66)
483 5227 638 5299 Colb.
675 5227 952 5299 secundus
974 5225 1129 5299 λόγος
1159 5226 1589 5299 πρῶτος,-δειξηιο
1619 5227 1834 5299 primus.

283 5295 657 5351 Colbﬁtertius
688 5297 844 5365 λόγος
875 5303 943 5348 α’.
973 5296 1068 5359 Ita,
1102 5303 1245 5365 teste
1270 5295 1612 5365 Combeiisio,
1641 5295 1836 5360 legitur

285 5369 334 5446 in
359 5367 522 5446 Regio
541 5359 778 5446 quodam
809 5367 1017 5427 Codice,
1124 5365 1162 5415 δ’
1192 5359 1354 5446 οὗτος.
1387 5366 1414 5415 ὁ
1449 5362 1623 5446 λόγος,
1652 5359 1840 5441 quarta

284 5438 361 5488 die
403 5431 654 5489 ricita'tur
696 5438 777 5488 hic
820 5451 1010 5488 sermo.
1061 5431 1211 5487 Unus
1258 5435 1425 5487 codex
1473 5431 1838 5493 Colbcrtinus,

289 5520 439 5573 quem
486 5505 854 5560 Combetisius
901 5511 1060 5555 vocat
1107 5504 1390 5573 minorem,
1444 5502 1523 5554 sic
1575 5503 1734 5573 habet
1785 5503 1836 5554 in

290 5571 449 5642 prima
473 5579 738 5634 oratione.
769 5578 836 5643 τῇ
869 5574 910 5626 δ’
940 5575 1037 5641 τῆς
1056 5572 1300 5643 τυρινῆς,
1329 5571 1410 5623 hic
1435 5587 1602 5643 sermo
1636 5571 1844 5643 recitari

348 5116 392 5145 ⁵⁸
433 5115 537 5167 lsa.
575 5130 678 5177 xL,
720 5114 771 5166 1.

290 5641 408 5696 solet
432 5646 510 5698 die
533 5657 722 5712 quarta
745 5641 860 5713 ejus
885 5642 1244 5702 hebdomadis,
1269 5659 1370 5708 qua
1399 5641 1562 5713 caseis
1591 5641 1670 5713 uti
1691 5641 1839 5692 licet:
1906 5685 1920 5702 ,

294 5713 346 5767 in
375 5710 600 5770 secunda
630 5710 888 5780 veto’ita,
925 5714 988 5781 τῇ
1021 5714 1338 5781 παρασκευῇ
1369 5711 1462 5779 τῆς
1493 5710 1728 5781 τιιρινῆς,
1761 5713 1840 5762 hic

1955 4640 2098 4704 Quin
2131 4647 2184 4693 et
2214 4639 2488 4692 exercitus
2510 4678 2523 4700 ,
2557 4645 2610 4690 et
2644 4638 2874 4690 viatores
2895 4677 2908 4699 ,
2942 4644 2995 4689 et
3029 4642 3204 4687 nautae
3225 4671 3239 4696 ,
3272 4641 3324 4686 et
3353 4646 3516 4698 nego—

1952 4732 2198 4792 tiatores,
2231 4743 2418 4782 omnes
2447 4729 2650 4796 pariter
2681 4729 2905 4780 audiunt
2933 4726 3192 4787 edictum,
3223 4733 3276 4777 et
3301 4737 3514 4776 summo

1951 4821 2151 4890 gaudio
2183 4819 2478 4889 excipiunt.
2529 4818 2606 4873 Ne
2643 4819 2764 4888 quis
2799 4819 2964 4888 igitur
2998 4825 3167 4870 semet
3197 4813 3450 4867 excludat
3481 4827 3512 4865 ιι

1951 4929 2182 4968 numero
2226 4913 2625 4981 jejunantium,
2676 4916 2728 4965 in
2770 4928 2878 4981 quo
2925 4924 3085 4963 onme
3127 4921 3296 4976 genus
3338 4905 3512 4958 homio

1951 5019 2116 5066 num,
2153 5004 2331 5056 omnis
2364 5011 2494 5056 atlas
2518 5043 2532 5066 ,
2567 5019 2754 5056 omnes
2801 5001 3122 5070 dignitatum
3163 4996 3381 5050 ordines
3426 5009 3513 5048 re-

1951 5240 2118 5276 sermo
2146 5222 2394 5275 recitatur
2419 5220 2501 5272 die
2525 5228 2673 5272 sexta
2699 5219 2812 5286 ejus
2837 5216 3192 5286 hebdomadis,
3214 5230 3315 5286 qua
3340 5216 3507 5286 casei:

1952 5294 2030 5344 uti
2058 5294 2194 5344 licet.
2219 5291 2378 5343 Putat
2402 5298 2578 5341 autem
2611 5290 2694 5340 vir
2719 5284 3086 5349 doctissimus,
3118 5285 3368 5338 librarios
3393 5284 3505 5338 htec

1948 5377 2012 5413 eo
2048 5370 2284 5420 notasse,
2323 5366 2380 5411 ut
2421 5357 2782 5410 Ecclesiarmu
2818 5372 3036 5409 suarum
3076 5357 3211 5408 ritus
3258 5352 3505 5406 declara-

1951 5440 2086 5484 rent.
2123 5431 2279 5482 Plura
2315 5430 2406 5496 qui
2440 5428 2608 5495 cupit,
2639 5427 2757 5491 ejus
2792 5437 2970 5496 notam
3005 5426 3178 5492 legere
3214 5424 3428 5496 poterit.

2031 5500 2140 5569 (67)
2184 5491 2402 5566 Antiqui
2451 5491 2567 5569 tres
2614 5496 2732 5569 libri
2789 5491 3078 5556 ἀθλοῦντας
3119 5491 3502 5562 προσάγοντες.

1950 5567 2101 5621 Alius
2124 5567 2297 5621 "codex
2326 5577 2379 5620 et
2399 5567 2527 5620 editi
2562 5567 2909 5634 προάγοντες.

2023 5640 2131 5704 (68)
2168 5636 2296 5706 Reg.
2336 5637 2542 5704 primus
2566 5633 2688 5696 τοὺς
2720 5633 3125 5706 ὲνξπαλαίστρᾳ.

2021 5710 2128 5775 (69)
2167 5703 2316 5761 Unus
2338 5703 2514 5760 codex
2542 5707 2694 5759 Coll).
2725 5703 2854 5756 ἀλλὰ
2893 5705 2982 5755 καὶ
3015 5705 3081 5755 οἱ.
