4052 6214
543 341 647 397 187

1827 344 1884 400 S.
1926 344 2172 400 BASlLll
2216 345 2432 403 MAGNI

3710 345 3822 403 183

540 465 856 511 censemur.
913 454 1105 525 Angeli
1151 463 1278 509 sunt
1323 455 1416 525 qui
1490 455 1546 509 in
1593 457 1827 529 singulis
1871 460 2119 517 ecclesiis

2229 463 2661 535 ἀπογραφόμενοι
2711 463 2836 527 τοὺς
2881 465 3257 534 νηστεύοντας.
3294 463 3435 535 Ὅρα
3472 462 3548 534 μὴ
3593 461 3687 516 διὰ
3721 479 3824 533 μι-

539 547 862 604 describunt
902 561 967 601 ac
1008 554 1297 602 recensent
1332 547 1705 618 jejunautium
1746 550 1949 623 capita.
1987 550 2123 608 Vide

540 656 609 697 ne
641 641 712 696 ob
748 656 972 712 parvam
1010 640 1318 696 eduliorum
1354 642 1689 711 voluptatem
1724 644 1889 698 simul
1921 652 1977 699 et
2009 644 2123 712 pri-

538 734 686 789 veris
719 733 897 802 angeli
933 733 1285 799 recensione,
1321 741 1377 789 et
1407 734 1646 803 teipsum
1680 735 1823 805 apud
1869 751 1990 790 eum
2027 736 2121 805 qui

543 825 845 881 exercitum
875 824 1124 892 collegit,
1157 825 1453 897 obnoxium
1486 823 1658 881 facias
1686 826 1986 882 desertoris
2014 826 2123 881 cri-

539 918 696 971 mini.
721 914 902 970 Minus
932 917 1235 985 periculum
1269 916 1446 981 foret,
1475 918 1523 972 si
1555 917 1682 987 quis
1707 916 1965 988 fugiendo
1994 934 2124 973 scu-

540 1021 655 1064 tum
681 1010 738 1064 in
767 1010 885 1065 acie
912 1010 1149 1079 abjicere
1178 1009 1705 1079 deprehenderetur.
1732 1025 1897 1081 quam
1932 1012 1977 1066 si
2009 1026 2124 1065 ma-

539 1115 706 1168 gnum
755 1099 890 1153 illud
938 1108 1153 1154 scutum
1196 1100 1467 1169 jejunium
1501 1100 1757 1156 videatur
1801 1101 2118 1171 proiecisse.

540 1190 700 1247 Dives
729 1193 830 1248 es?
860 1190 938 1247 Ne
964 1191 1235 1261 jejunium
1266 1191 1517 1249 all‘eceris
1546 1193 1875 1249 contumelia
1894 1234 1909 1257 ,
1938 1195 2124 1249 exclu—

538 1279 675 1334 dens
704 1279 835 1334 illud
871 1282 1156 1338 fastidiose
1187 1298 1219 1336 a
1256 1298 1462 1337 mensae
1493 1293 1603 1338 tuae
1634 1283 1917 1339 consortio
1937 1324 1952 1346 ,
1985 1299 2122 1340 neve

540 1370 747 1441 absque
778 1373 890 1425 ullo
923 1372 1132 1428 honore
1158 1389 1189 1429 e
1221 1373 1384 1427 domo
1411 1381 1504 1428 tua
1537 1374 1718 1445 ipsum
1750 1374 2026 1442 expuleris
2046 1416 2060 1436 ,
2092 1390 2123 1428 a

539 1462 819 1531 voluptate
852 1464 1056 1518 victum
1085 1479 1149 1518 ac
1178 1475 1494 1535 superatum
1523 1484 1538 1533 ;
1568 1466 1859 1535 nequando
1886 1474 1942 1519 te
1971 1482 2122 1521 reum

2171 587 2181 596 -
2223 555 2361 624 κράν
2392 554 2582 627 ἡδονὴν
2617 554 2917 626 βρωμάτων
2955 553 3238 627 ζημιωθῇς
3288 555 3386 627 μὲν
3422 555 3522 625 τὴν
3562 554 3822 624 ἀπογρα-

2222 646 2327 717 φὴν
2371 644 2465 699 τοῦ
2513 644 2767 714 ἀγγέλου,
2820 645 3075 698 ὑπόδικον
3118 644 3176 697 δὲ
3217 645 3414 698 σαυτὸν
3461 642 3819 707 λειποταξίου

2220 736 2436 808 γραφῆς
2469 736 2546 807 τῷ
2589 736 3076 807 στρατολογήσαντι
3120 736 3489 808 καταστήσῃς.
3532 735 3818 789 Ἐλάττων

2219 828 2248 879 ὁ
2280 827 2520 890 κίνδυνος
2548 827 2807 896 ῥίψασπιν
2846 828 2941 880 ἐπὶ
2993 826 3351 899 παρατάξεως
3399 826 3815 898 ἀπελεηθῆναί

2219 936 2359 982 τινα,
2387 920 2419 989 ἢ
2453 919 2515 972 τὸ
2556 918 2698 989 μέγα
2723 918 2887 973 ὁπλον
2911 918 3011 990 τὴν
3039 920 3293 990 νηστείαν
3321 918 3663 973 ἀποϐαλόντα
3691 919 3815 989 (70)

2222 1011 2474 1080 φανῆναι.
2507 1010 2768 1073 Πλούσιος
2795 1007 2865 1075 el;
2894 1010 2985 1082 Μὴ
3016 1009 3351 1082 καθυϐρίσῃς
3381 1010 3481 1083 τὴν
3523 1011 3815 1082 νηστείαν,

2221 1099 2535 1165 ἀπαξιώσας
2573 1100 2755 1154 λαϐεῖν
2782 1101 2950 1172 αὐτὴν
2986 1100 3385 1173 ὁμοτράπεζον,
3415 1088 3548 1172 μηδὲ
3588 1102 3685 1171 τῆς
3726 1101 3820 1153 ol-

2221 1194 2346 1256 κίας
2389 1192 2614 1246 σεαυτοῦ
2657 1193 2850 1264 ἄτιμον
2904 1192 3205 1267 ἀποπέμψῃ
3251 1192 3817 1265 παρευημερηθεῖσαν

2223 1284 2326 1337 ὑπὸ
2393 1284 2493 1354 τῆς
2555 1283 2795 1355 ἡδονῆς,’
2821 1284 3029 1354 μήποτέ
3082 1300 3143 1336 σε
3185 1281 3519 1356 καταγγείλῃ
3556 1282 3669 1353 (71)
3711 1283 3818 1336 ἐπὶ

2221 1373 2314 1427 τοῦ
2342 1374 2630 1445 νομοθέτου
2660 1375 2767 1427 τῶν
2801 1375 3085 1446 νηστειῶν,
3111 1374 3207 1428 καὶ
3252 1373 3691 1429 πολλαπλασίονά
3722 1390 3815 1426 σοι

2222 1466 2329 1519 ἀπὸ
2363 1466 2656 1538 καταδίκης
2681 1467 2936 1538 ἐπαγάγῃ
2971 1465 3070 1537 τὴν
3103 1466 3328 1529 ἔνδειαν,
3351 1465 3387 1536 ἢ
3414 1465 3474 1531 ἐξ
3493 1467 3821 1538 ἀρρωστίας

540 1559 767 1621 peragat
816 1554 959 1620 apud
996 1553 1337 1623 jejuniorum
1381 1556 1792 1627 legislatorem,
1840 1556 2038 1628 fiatque
2068 1567 2128 1613 ut

2229 1555 2495 1647 σώματος,
2525 1556 2648 1627 ῆέξ
2673 1556 2838 1627 ἄλλης
2875 1557 3018 1619 τινὸς
3048 1556 3380 1627 σκυθρωπῆς
3409 1555 3812 1627 περιστάσεως.

541 1642 924 1699 condemneris
951 1644 1017 1698 ad
1046 1646 1206 1716 longe
1234 1646 1497 1716 majorem
1522 1646 1761 1702 inediam
1792 1649 2008 1703 mulctae
2025 1665 2126 1703 no-

540 1734 690 1790 mine
709 1775 723 1800 ,
756 1735 872 1790 sive
896 1751 965 1791 ex
992 1736 1222 1792 adversa
1252 1737 1568 1793 valetudine
1595 1741 1848 1809 corporis
1869 1780 1883 1803 ,
1911 1739 2026 1794 sive
2054 1755 2119 1793 ex

2236 1650 2293 1702 Ὀ
2325 1649 2492 1721 πένης
2518 1649 2592 1721 μὴ
2622 1647 2994 1719 εἰρωνευέσθω
3025 1649 3162 1720 πρὸς
3196 1648 3295 1720 τὴν
3326 1648 3603 1719 νηστείαν,
3636 1647 3817 1701 πάλαι

2225 1740 2469 1794 σύνοικον
2498 1741 2668 1812 αὐτὴν
2697 1740 2791 1794 καὶ
2821 1740 3123 1810 ὁμοδίαιτον
3147 1739 3284 1810 ἔχων
3314 1739 3447 1809 (72).
3479 1736 3700 1803 Γυναιξὶ
3726 1738 3815 1801 δὲ,

544 1826 652 1880 alio
682 1826 940 1896 quopiam
969 1827 1119 1882 tristi
1154 1842 1313 1883 casu.
1368 1827 1574 1883 Contra
1609 1828 1704 1898 qui
1753 1843 1965 1899 pauper
2002 1837 2119 1891 est,

2229 1830 2411 1902 ὥσπερ
2436 1831 2499 1885 τὸ
2531 1832 2807 1895 ἀναπνεῖν,
2841 1828 2984 1883 οὕτω
3028 1831 3124 1883 καὶ
3171 1830 3234 1883 τὸ
3274 1829 3554 1900 νηστεύειν
3607 1829 3819 1882 οἰκεῖόν

544 1934 613 1973 ne
664 1918 851 1973 ludum
902 1919 1173 1988 jejunium
1231 1918 1439 1985 faciat;
1487 1919 1931 1989 quandoquidem
1982 1919 2118 1973 illud

2229 1925 2334 1975 ἑστι
2364 1923 2456 1976 καὶ
2484 1922 2627 1976 κατά
2660 1922 2841 1991 φύσιν.
2892 1923 2957 1976 Οἱ
3004 1922 3209 1988 παῖδες,
3241 1922 3431 1993 ὥσπερ
3472 1920 3582 1973 τῶν
3623 1920 3817 1989 φυτῶν

540 2007 651 2077 jam
685 2007 817 2063 olim
861 2008 1023 2075 habet
1052 2018 1106 2063 et
1148 2009 1515 2063 domesticum
1562 2016 1618 2063 et
1651 2023 1855 2063 mensae
1886 2010 2117 2064 socium.

541 2097 714 2153 Porro
744 2099 1069 2154 mulieribus
1094 2115 1259 2169 quam
1286 2107 1372 2155 est
1396 2101 1648 2154 naturale
1674 2102 1978 2170 respirare,
2008 2109 2119 2155 tam

540 2197 627 2245 est
655 2190 989 2245 conveniens
1017 2191 1309 2260 jejunium.
1348 2189 1545 2256 Pueri,
1580 2194 1732 2246 velut
1763 2192 1962 2262 plantae
1990 2192 2123 2245 viri-

541 2279 667 2346 des,
692 2280 887 2350 jejunii
927 2296 1068 2349 aqua
1111 2282 1427 2351 irrigentur.
1466 2282 1707 2338 Senibus
1742 2283 1912 2337 levem
1942 2282 2124 2337 reddit

543 2372 782 2426 laborem
827 2379 1110 2426 contracta
1142 2373 1255 2441 jam
1288 2372 1420 2426 olim
1468 2386 1593 2426 cum
1632 2372 1845 2442 jejunio
1878 2372 2119 2427 familia-

542 2463 680 2518 ritas“
707 2504 719 2517 .
756 2462 974 2518 labores
1003 2463 1271 2530 siquidem
1295 2503 1310 2527 ,
1341 2479 1576 2534 quorum
1612 2465 1815 2518 factum
1846 2471 1932 2519 est
1959 2479 2123 2533 expe-

539 2557 829 2609 rimentum
852 2555 1015 2625 longo
1030 2571 1135 2610 usu
1153 2594 1167 2618 ,
1192 2555 1405 2610 minore
1430 2556 1680 2610 molestia
1705 2555 2122 2611 alliciuut‘exer-

540 2647 764 2702 citatos.
793 2643 1112 2699 Viatoribus
1143 2645 1430 2715 expeditus
1464 2646 1681 2700 itineris
1711 2660 1897 2700 comcs
1925 2654 2009 2699 est
2036 2646 2122 2714 je-

534 2738 775 2806 junium.
801 2736 1269 2803 Quemadmodum
1297 2736 1443 2792 enim
1474 2736 1636 2791 luxus
1661 2737 1806 2806 cogit
1837 2736 1958 2790 illos
1981 2751 2122 2791 onus

542 2829 792 2901 perferre
813 2829 968 2898 .12
999 2828 1259 2882 nimirum
1294 2843 1357 2882 ea
1389 2827 1592 2897 quibus
1625 2843 1685 2883 se
1716 2827 2124 2897 ingurgitarunt

536 2919 988 2976 circumferentes
1040 2936 1052 2970 :
1080 2918 1160 2971 sic
1187 2916 1458 2987 jejunium
1487 2931 1583 2971 eos
1609 2925 1663 2971 et
1693 2916 1841 2970 leves
1870 2916 2051 2970 reddit
2081 2922 2137 2970 et

535 3009 836 3081 expeditos.
909 3009 989 3064 Ad
1027 3009 1177 3076 haec,
1235 3008 1441 3063 indicta
1494 3007 1687 3077 procul
1742 3006 2130 3077 expeditione,

541 3102 807 3157 militibus
827 3108 1164 3158 commeatus
1191 3101 1594 3172 suppeditatur,
1617 3115 1730 3155 non
1758 3100 1825 3154 ad
1852 3098 2081 3155 delicias
2101 3140 2116 3165 ,

2218 2014 2287 2068 τά
2320 2013 2542 2083 εὐθαλῆ,
2572 2012 2649 2082 τῷ
2671 2012 2771 2082 τῆς
2796 2002 3049 2084 νηστείας
3077 2011 3230 2065 ὕδατι
3260 2010 3807 2083 καταρδευέσθωσαν.

2221 2107 2345 2169 Τοῖς
2379 2104 2768 2177 πρεσϐυτέροις
2806 2105 2915 2173 (75)
2946 2104 3146 2174 κοῦφον
3179 2106 3325 2157 ποιεῖ
3369 2103 3461 2157 τὸν
3489 2103 3709 2172 πόνονή
3742 2103 3817 2155 ἐκ

2223 2195 2451 2249 παλαιοῦ
2475 2194 2612 2266 πρὸς
2636 2194 2801 2264 αὐτὴν
2830 2195 3102 2259 οἰκείωσις
3121 2211 3134 2223 ο
3168 2194 3319 2257 πόνοι
3348 2194 3459 2263 γάρ
3492 2193 3555 2245 ὲκ
3584 2193 3814 2263 μακρᾶς

2225 2287 2511 2359 συνηθείας
2550 2286 2965 2358 μελετηθέντες,
3027 2285 3359 2355 ἀλυπότερον
3405 2285 3819 2356 προσπίπτουσι

2224 2383 2337 2442 τοῖς
2362 2376 2850 2448 γεγυμνασμένοις.
2886 2376 3011 2439 Τοῖς
3045 2376 3347 2448 ὁδοιπόροις
3380 2374 3645 2444 εὐσταλής
3690 2374 3818 2427 ἐστι

2229 2471 2566 2542 συνέμπορος
2592 2470 2625 2539 ἡ
2656 2469 2897 2537 νηστεία.
2930 2469 3140 2538 Ὠσπερ
3165 2470 3274 2539 γὰρ
3302 2470 3334 2539 ἡ
3370 2466 3549 2539 τρυφὴ
3578 2465 3823 2536 ἀχθοφο-

2233 2559 2345 2628 ρεῖν
2377 2556 2573 2619 αὐτοὺς
2600 2554 2919 2623 ἀναγκάζει,
2944 2559 3044 2619 τὰς
3074 2555 3401 2618 ἀπολαύσεις
3429 2554 3822 2625 περικομίξον-

2230 2665 2345 2711 τας,
2373 2646 2515 2699 οὕτω
2553 2646 2786 2716 κούφους
2820 2646 3015 2709 αὐτοὺς
3058 2647 3152 2699 καὶ
3199 2646 3463 2711 εὐζώνους
3506 2647 3539 2715 ἡ
3579 2644 3809 2714 νηστεία

2231 2736 2652 2809 παρασκευάζει.
2683 2733 2833 2799 Εἶτα,
2872 2738 3162 2808 στρατείας
3214 2737 3313 2807 μὲν
3348 2736 3636 2806 ὑπερορίου
3672 2751 3816 2805 προ-

2232 2830 2555 2900 γραφείσης,
2582 2829 2649 2882 τά
2686 2831 2977 2896 ἀναγκαῖα,
3002 2830 3123 2898 οὐχὶ
3149 2828 3220 2882 τά
3252 2828 3390 2899 πρὸς
3428 2826 3656 2899 τρυφὴν,
3690 2828 3820 2879 ἑπι-

2236 2919 2528 2984 σιτίζονται
2570 2918 2928 2990 στρατιῶται·
2963 2921 3096 2989 ἡμῖν
3124 2918 3180 2972 δὲ
3215 2918 3351 2990 πρὸς
3393 2918 3485 2972 τὸν
3524 2916 3662 2970 κατά
3702 2915 3821 2968 τῶν

2236 3013 2480 3083 ἀοράτων
2518 3011 2726 3083 ἐχθρῶν
2757 3012 2990 3082 πόλεμον
3018 2992 3249 3078 ἐξιοῦσι,
3278 3013 3373 3065 καὶ
3400 3010 3539 3082 μετά
3569 3008 3667 3079 τὴν
3690 3007 3822 3060 τού-

2235 3118 2345 3154 των
2388 3101 2544 3170 νίκην
2584 3100 2721 3170 πρὸς
2765 3100 2861 3171 τὴν
2902 3099 3014 3153 ἄνω
3047 3099 3282 3171 πατρίδα
3327 3097 3718 3167 ἐπειγομένοις,
3749 3095 3817 3147 οὐ

540 3195 639 3251 sed
692 3195 759 3249 ad
809 3196 1192 3249 necessitatem
1222 3212 1236 3261 ;
1296 3209 1364 3246 an
1406 3208 1515 3247 non
1548 3192 1720 3246 multo
1749 3193 1924 3262 magis
1956 3192 2115 3249 nobis

2229 3191 2397 3263 πολλῷ
2432 3189 2629 3263 μᾶλλον
2675 3192 2927 3263 ἁρμόσει,
2975 3190 3162 3263 ὥσπερ
3190 3192 3282 3243 ἐπὶ
3330 3187 3697 3260 στρατοπέδου
3724 3186 3817 3238 δι-

539 3283 636 3353 qui
671 3284 940 3339 adversus
980 3284 1168 3339 hostes
1202 3283 1510 3339 invisibiles
1551 3282 1835 3353 prodimus
1879 3282 1933 3337 in
1977 3298 2117 3353 pra:-

2229 3282 2562 3352 αιτωμένοις,
2591 3285 2775 3345 αὐτοῖς
2796 3280 3082 3354 ἀρκεῖσθαι
3115 3283 3227 3343 τοῖς
3247 3279 3594 3349 ἀναγκαίοις;

540 3378 705 3442 lium,
737 3392 801 3431 ac
833 3384 956 3448 post
987 3392 1083 3435 eos
1122 3378 1363 3433 devictos
1391 3377 1456 3431 ad
1493 3391 1787 3447 supernam
1849 3377 2081 3448 patriam
2151 3377 2507 3442 festinamus,
2542 3378 2861 3443 conveniet,
2911 3384 3169 3446 tanquam
3219 3375 3275 3429 in
3321 3375 3520 3429 castris
3566 3369 3822 3443 degenti-

540 3451 672 3534 bus,
707 3468 1044 3523 necessariis
1077 3483 1201 3524 esse
1227 3474 1519 3522 contentos
1538 3467 1564 3520 ?

612 3560 665 3614 3.
708 3556 887 3615 Sull‘er
924 3558 1271 3615 alliictionem
1307 3560 1455 3615 velut
1488 3560 1668 3615 bonus
1699 3558 1896 3623 miles,
1944 3567 1998 3613 et
2044 3559 2119 3614 le-

543 3651 732 3723 gitime
757 3660 929 3718 certa,
962 3661 1022 3707 ut
1051 3652 1337 3708 coroneris
1368 3651 1415 3685 ”
1437 3691 1453 3717 ,
1486 3650 1621 3706 illud
1649 3650 1794 3705 haud
1823 3652 2117 3721 ignorans,

542 3743 686 3813 quod
718 3744 1035 3814 quicunque
1068 3752 1242 3800 certat
1271 3784 1286 3808 ,
1321 3743 1378 3797 in
1410 3743 1667 3798 omnibus
1697 3741 1802 3797 sibi
1833 3749 2119 3811 temperat.

546 3833 654 3890 Sed
682 3834 828 3905 quod
861 3837 993 3890 mihi
1023 3836 1184 3890 modo
1215 3836 1357 3890 inter
1389 3835 1679 3890 dicendum
1708 3834 1857 3889 venit
1886 3833 1942 3887 in
1972 3848 2124 3887 men—

545 3935 657 3981 tem
674 3967 689 3991 ,
718 3927 867 3981 haud
894 3927 1093 3982 merito
1116 3927 1482 3991 omitteretur,
1507 3925 1764 3980 videlicet
1789 3923 1937 3994 quod
1959 3922 2126 3992 hujus

544 4016 736 4070 mundi
772 4017 1040 4072 militibus
1093 4033 1194 4087 pro
1231 4017 1483 4071 laborum
1517 4015 1730 4069 ratione
1768 4021 1999 4083 augetur
2031 4012 2129 4066 ob-

545 4109 760 4163 sonium
786 4126 801 4173 ;
829 4118 1040 4173 contra,
1071 4109 1215 4164 inter
1239 4107 1554 4180 spirituales
1583 4105 1806 4169 milites,
1826 4105 1919 4174 qui
1946 4104 2129 4159 minus

546 4199 709 4253 habet
752 4199 1032 4263 alimenti,
1081 4199 1412 4269 plus.liabet
1457 4197 1705 4253 honoris.
1760 4195 1896 4251 Nam
1939 4211 2128 4266 quem-

548 4290 839 4345 admodum
866 4292 1017 4361 galea
1034 4300 1219 4346 nostra
1250 4307 1349 4347 sua
1380 4301 1576 4345 natura
1602 4287 1782 4344 dill‘ert
1799 4303 1829 4343 a
1854 4287 2127 4357 corrupti-

548 4381 682 4453 bili,
711 4380 978 4451 siquidem
1014 4382 1164 4439 illius
1208 4383 1438 4438 materia
1481 4389 1568 4438 est
1609 4397 1719 4447 ais,
1765 4388 1954 4436 nostra
1993 4394 2126 4435 vero

2297 3557 2350 3610 5.
2378 3553 2780 3625 Κακοπάθησον
2803 3553 2878 3617 ὡς
2898 3552 3059 3616 καλὸς
3081 3550 3437 3624 στρατιώτης,
3468 3552 3561 3605 καὶ
3582 3550 3820 3621 ἄθλησαν

2226 3647 2493 3717 νομίμως,
2519 3646 2604 3699 ἵνα
2639 3644 3027 3714 στεφανωθῇς,
3072 3645 3248 3698 έκεῖνο
3298 3642 3474 3706 εἰδὼς,
3517 3643 3599 3695 ὅτι
3643 3644 3752 3706 πᾶς
3786 3647 3819 3697 ὁ

2228 3736 2625 3807 ἀγωνιζόμενος
2678 3736 2856 3789 πάντα
2909 3734 3315 3805 ἐγκρατεύεται.
3356 3735 3421 3786 '0
3446 3732 3502 3786 δέ
3538 3749 3605 3802 με
3636 3732 3817 3802 ὑπῆλο

2229 3830 2323 3883 θεν
2368 3830 2572 3901 ἀρτίως
2617 3827 2861 3897 λέγοντα,
2906 3828 3054 3893 ἄξιον
3106 3828 3181 3899 μὴ
3232 3826 3505 3897 παριδεῖν·
3556 3824 3639 3877 ὅτι
3698 3827 3820 3888 τοῖς

2236 3922 2335 3993 μὲν
2363 3920 2452 3974 τοῦ
2485 3920 2690 3991 κόσμου
2724 3919 3082 3990 στρατιώταις
3117 3919 3256 3971 κατὰ
3282 3917 3379 3988 τὴν
3408 3915 3515 3970 τῶν
3552 3916 3824 3986 καμάτων

2229 4012 2614 4080 ἀναλογίαν.τὸ
2643 4011 2951 4082 σιτηρέσιον
2982 4010 3235 4074 αὔξεται·
3281 4011 3393 4072 τοῖς
3434 4008 3494 4062 δὲ
3517 4023 3825 4078 πνευματι-

2228 4108 2343 4168 κοῖς
2375 4103 2621 4165 ὁπλίταις
2647 4105 2675 4157 ὁ
2704 4103 2765 4155 τὸ
2796 4102 3016 4157 ἔλαττον
3058 4102 3195 4171 ἔχων
3223 4102 3321 4171 τῆς
3360 4099 3566 4171 τροφῆς
3596 4099 3656 4152 τὸ
3691 4102 3821 4170 μεῖ-

2229 4195 2319 4259 ζον
2374 4193 2487 4265 ἔχει
2532 4192 2627 4245 τοῦ
2679 4191 3009 4263 ἀξιώματος.
3050 4193 3138 4257 Ὠς
3186 4192 3295 4263 γὰρ
3338 4192 3372 4263 ἡ
3417 4189 3827 4262 περικεφαλαία

2228 4285 2397 4357 ἡμῶν
2432 4285 2810 4357 παρήλλακται
2860 4285 2959 4356 τὴν
3008 4285 3167 4355 φύσιν
3217 4284 3354 4357 πρὸς
3393 4284 3493 4357 τὴν
3533 4283 3820 4356 φθαρτήν·

2228 4378 2330 4447 τῆς
2366 4377 2464 4449 μὲν
2496 4379 2606 4449 γάρ
2638 4377 2736 4449 ὕλη
2772 4378 2917 4431 ἐστὶν
2951 4379 2980 4430 ὁ
3011 4377 3229 4447 χαλκὸς,
3259 4380 3293 4449 ἠ
3334 4376 3390 4429 δὲ
3429 4379 3493 4429 ὲκ
3536 4376 3635 4447 τῆς
3664 4375 3825 4429 ἑλπί-

550 4487 615 4526 ex
645 4487 743 4543 spe
773 4472 967 4527 salutis
996 4474 1042 4506 ⁵³
1070 4481 1155 4529 est
1181 4473 1416 4528 conflata
1441 4491 1453 4527 :
1491 4473 1678 4530 itidem
1711 4473 1819 4528 illis
1846 4480 2063 4527 scutum
2095 4486 2127 4527 e

2231 4469 2318 4534 δος
2344 4468 2438 4521 τοῦ
2468 4468 2733 4539 σωτηρίου
2768 4468 3093 4539 συνέστηκε·
3143 4469 3238 4522 καὶ
3280 4470 3309 4522 ὁ
3352 4468 3543 4540 θυρεὸς
3584 4465 3825 4531 ἐκείνοις

551 4563 701 4632 ligno
735 4578 799 4617 ac
831 4572 1044 4634 tergore
1070 4562 1278 4618 bubulo
1306 4563 1616 4619 confectum
1646 4569 1764 4628 est,
1801 4561 1959 4616 nobis
1994 4576 2127 4615 vero

2238 4560 2333 4631 μὲν
2363 4559 2471 4630 (74)
2499 4562 2562 4612 ὲκ
2593 4558 2748 4624 ξύλου
2797 4560 2891 4614 καὶ
2927 4560 3131 4631 βύρσης
3173 4561 3484 4632 πεποίηται,
3515 4561 3645 4631 ἡμῖν
3665 4558 3727 4612 δὲ
3753 4559 3828 4614 τὸ

554 4654 679 4711 fidei
705 4663 948 4729 tutamen
977 4656 1098 4712 loco
1125 4662 1210 4711 est
1240 4657 1381 4711 scuti
1409 4656 1493 4710 ⁵⁶ε
1524 4669 1747 4710 rursum
1773 4669 1875 4709 nos
1906 4653 2129 4710 thorace

2230 4653 2329 4724 τῆς
2362 4651 2598 4716 πίστεώς
2627 4655 2742 4706 ἐστι
2770 4653 3092 4726 προϐόλαιον
3121 4653 3233 4725 (75)
3254 4669 3268 4684 ·
3304 4653 3400 4708 καὶ⁵
3428 4651 3632 4725 θώρακι
3654 4653 3829 4723 ἡμεῖς

627 4810 675 4843 ⁸⁵
709 4809 729 4865 l
758 4809 886 4865 Cor.
922 4825 1009 4875 ιι,
1042 4809 1133 4866 25.
1208 4810 1255 4842 ⁸⁸
1292 4809 1313 4863 l
1346 4808 1509 4864 Thes.
1547 4826 1599 4873 v,
1634 4808 1689 4863 8.
1764 4808 1812 4841 “
1849 4807 2052 4880 Ephes.
2090 4824 2181 4874 γι,
2218 4806 2305 4861 17.

632 4943 744 5014 (70)
770 4940 906 5014 Reg.
945 4941 1156 5014 primus
1189 4940 1552 5014 παρατάξεως
1576 4940 1900 5013 ὲλεγχθῆναί
1926 4958 2069 5005 τινα,
2096 4940 2129 5013 ἢ

2235 4942 2984 5014 jejunium,_quandoquidem
3025 4942 3237 5014 jejunio
3263 4940 3587 5013 jamdudum
3615 4944 3831 5001 'assue-

559 5013 621 5068 τδ
652 5013 791 5081 μέγα
822 5012 983 5065 ὅπλον
1021 5013 1117 5081 τῆς
1139 5013 1391 5081 νηστείας
1414 5012 1573 5064 ἀποϐ.
1704 5012 1733 5013 ”
2122 5012 2127 5013 “

2240 5022 2327 5066 tus
2355 5020 2454 5068 est.
2494 5012 2705 5069 Mirum.

692 5031 791 5080 εγα
822 5031 983 5065 οπΛον
1021 5031 1117 5081 της
1139 5031 1391 5081 νηστειας
1414 5031 1573 5064 αποο.

632 5031 740 5153 (gl)
771 5081 996 5138 Veteres
1025 5091 1262 5152 quatuor
1294 5082 1423 5136 libri
1459 5081 1810 5152 καταγγείλῃ.
1835 5081 1979 5137 Editi
2002 5098 2129 5136 κατ-

2240 5031 2327 5066 tus
2355 5031 2454 5068 em.
2494 5031 2705 5069 manu.

2312 5082 2424 5153 (75)
2458 5082 2590 5154 Reg.
2626 5085 2835 5154 primus
2866 5086 2979 5147 τοῖς
3008 5083 3360 5154 πρεσϐύταις.
3389 5079 3501 5136 Nec
3531 5080 3605 5135 ita
3633 5083 3822 5154 multo

562 5152 805 5223 man.
1502 5222 1508 5223 ,
1786 5221 1794 5223 ξ
1934 5221 1942 5223 Α

2240 5160 2365 5222 post
2388 5154 2527 5207 idem
2547 5152 2741 5223 codex”
2760 5152 3162 5223 προσπίπτουσι
3188 5154 3301 5215 τοῖς
3323 5152 3828 5223 ὲγγυμνασμένοις.

2241 5222 2484 5277 Subinde
2508 5224 2639 5277 editi
2687 5222 2829 5275 οὕτω
2860 5224 2953 5275 καὶ
2987 5223 3241 5292 κούφους.
3283 5224 3356 5276 At
3403 5223 3598 5277 vocula
3616 5222 3723 5275 καί
3763 5224 3838 5280 in

2240 5294 2444 5363 nostris
2458 5293 2752 5363 codicibus
2782 5308 2892 5363 non
2922 5294 3134 5363 legitur.

2314 5362 2424 5435 (id)
2456 5361 2599 5435 [ᾖ]άὶιῇ
2634 5363 2729 5435 καὶ
2755 5361 3004 5435 ὀθυρεδς
3036 5364 3135 5435 μὲν
3161 5362 3411 5428 ἐκείνοις.
3441 5362 3665 5432 Antiqui
3696 5368 3833 5420 tres

2241 5431 2503 5504 librirical:
2521 5435 2549 5486 ὁ
2576 5432 2766 5504 θυρεὸς
2796 5431 3021 5497 ἐκείνοις
3038 5431 3172 5503 μέν.

637 5210 847 5292 (Hi-'0
894 5222 1087 5293 πένης
1124 5222 1638 5293 μὴ-ειρωνευέσθω
1690 5221 1841 5293 πρὸς
1886 5221 2002 5293 τὴν
2036 5238 2140 5287 νη-

563 5291 795 5358 στείαν,
847 5291 1046 5348 πάλαι
1081 5291 1368 5348 σύνοικον
1417 5296 1611 5361 αὐτὴν
1665 5293 1763 5345 καὶ
1805 5291 2142 5360 ὁμοδίαιτον

564 5366 741 5433 ἔχων.
800 5363 903 5430 Qui
945 5381 1143 5433 pauper
1177 5374 1275 5429 est,
1312 5381 1374 5418 ne
1416 5367 1603 5433 ludum
1625 5361 1890 5433 jejunium
1931 5362 2095 5430 faciat
2122 5376 2141 5413 :

566 5432 995 5505 quandoquidem
1042 5432 1197 5505 illudi
1204 5438 1322 5502 jam
1350 5435 1476 5488 aliut
1514 5432 1667 5486 habet
1716 5432 2060 5505 domesticum
2093 5440 2141 5484 et

568 5500 743 5557 mense
766 5500 989 5558 socium.
1018 5506 1151 5559 Cum
1175 5500 1411 5560 Basilius
1437 5505 1539 5558 hoc
1560 5505 1682 5558 loco
1705 5517 1973 5572 pauperes
1994 5502 2143 5571 ipsos
2243 5570 2271 5573 _
2317 5501 2429 5571 (75)
2462 5500 2685 5573 Veteres
2705 5505 2948 5573 quinque
2979 5500 3106 5557 libri
3139 5519 3263 5558 cum
3312 5510 3547 5573 utraque
3574 5501 3843 5573 editione

570 5574 820 5630 hortetur
846 5574 915 5645 ad
950 5575 1331 5643 jejunandum,
1365 5576 1541 5629 multo
1581 5570 1758 5645 aptior
1805 5582 1858 5627 et
1905 5570 2147 5645 conjmo-
2243 5570 2418 5645 Paris.
2444 5581 2504 5645 et
2539 5570 2873 5627 Βαεὶ1.’ὲστὶ’
2897 5574 3242 5645 περιϐόλαιον
3267 5591 3283 5607 ·
3312 5570 3474 5643 quem
3518 5573 3698 5645 locum
3749 5572 3846 5627 ita

570 5645 694 5700 dior
713 5648 820 5698 erit
852 5641 1221 5715 illiusioratio.
1248 5648 1293 5700 si
1326 5647 1572 5715 legamus
1591 5641 1807 5715 sublata
1832 5641 2146 5715 negatione,
2245 5643 2413 5715 vertit
2444 5642 2726 5707 Erasmus,
2754 5641 2993 5698 nostrum
3016 5661 3139 5699 vero
3165 5641 3541 5698 munimentum
3565 5641 3698 5711 ﬁdes
3717 5651 3840 5696 est.

570 5713 943 5788 είρωνευέσθω
994 5713 1131 5786 πρὸς
1176 5716 1274 5785 τὴν
1319 5711 1591 5786 νηστείαν,
1652 5713 1836 5767 ludum
1885 5711 2124 5774 eicistime

2250 5711 2356 5770 Sed
2380 5721 2743 5786 praeterquam
2768 5715 2913 5786 quod
2943 5715 3288 5786 περιϐόλαιον
3310 5716 3687 5771 munimentum
3710 5727 3849 5770 non
