4052 6214
306 316 396 375 189

1534 319 1623 373 DE
1659 320 1932 377 JEJUNIO
1969 319 2254 405 HOMILIA
2294 319 2360 376 ll.

3473 321 3580 381 190

311 434 398 506 μὲν
428 433 507 503 τῷ
537 433 638 503 τῆς
671 432 1032 505 δικαιοσύνης
1074 436 1590 507 περιπεφράγμεθα,
1628 440 1824 492 ἐκεῖνοι
1852 438 1874 491 ὃ

1980 436 2231 506 justitia:
2267 437 2638 503 obarmamur,
2674 437 2751 491 illi
2787 436 3027 491 tunicam
3066 434 3240 489 hamis
3272 442 3577 491 consertam

307 524 498 600 χιτῶνά
534 542 661 580 τινα
704 525 1045 580 ἁλυσιδωτὸν
1077 526 1187 597 (76)
1223 527 1610 600 περιφέρουσι⁹
1659 529 1753 583 καὶ
1788 530 1894 601 μά-

308 636 462 690 χαιρα
492 618 623 689 ἡμῖν
666 618 771 689 μὲν
803 621 841 689 ἡ
872 618 970 671 τοῦ
1006 618 1315 689 πνεύματός
1347 621 1460 673 ἐστι
1494 622 1629 692 πρὸς
1658 622 1993 713 ἀμυναρνζη

308 716 355 766 οἰ
378 712 431 766 δὲ
459 712 558 784 τὴν
592 713 661 765 ὲκ
691 712 921 783 σιδήρου
960 712 1352 784 προϐάλλονται
1373 730 1388 744 ⁸
1430 712 1573 782 οὕτω
1603 712 1781 783 δῆλον,
1811 715 1891 767 ὅτι

309 806 492 876 τροφαὶ
522 805 716 875 οὺχ-αἱ
761 806 930 859 αὐταὶ
961 806 1292 879 ἀμφοτέροις
1319 806 1417 878 τὴν
1452 807 1604 877 ίσχὺν
1634 806 1893 877 ἐμποιοῦ-

309 912 415 951 σιν·
439 896 554 950 ἀλλ’
583 900 740 969 ἡμᾶς
776 899 878 969 μὲν
909 898 982 953 τὰ
1025 898 1269 970 δόγματα
1301 899 1400 970 τῆς
1434 900 1718 964 εὐσεϐείας
1753 900 1891 972 ῥών-

306 1005 466 1052 νυσιν,
492 990 733 1054 ἐκείνοις
757 990 818 1044 δὲ
835 993 868 1061 ἡ
897 990 1182 1062 πλησμονὴ
1214 991 1312 1062 τῆς
1342 990 1578 1061 γαστρὸς
1599 991 1888 1059 ἀναγκαία.

316 1082 457 1134 Ἐπεὶ
508 1077 607 1134 οὖν
652 1083 868 1152 ἢγαγεν
915 1085 1048 1153 ἡμῖν
1099 1082 1436 1154 περιτρέχων
1485 1084 1515 1135 ὁ
1566 1083 1754 1154 χρόνος
1790 1081 1891 1146 τὰς

304 1169 710 1242 πολυποθήτους
739 1172 947 1235 ταύτας
977 1173 1210 1243 ἡμέρας,
1238 1172 1313 1237 ὡς
1358 1171 1594 1237 παλαιὰς
1633 1173 1887 1243 τροφοὺς,

303 1260 519 1331 ἄσμενοι
568 1262 779 1323 πάντες
840 1260 1246 1332 ύποδεξώμεθα,
1291 1262 1359 1314 δι’
1407 1255 1484 1315 ὧν
1533 1261 1892 1332 ἐτιθηνήσατο

300 1353 443 1422 ἡμᾶς
464 1353 501 1420 ἡ
545 1352 849 1422 Ἐκκλησία
877 1353 1017 1423 πρὸς
1046 1354 1145 1423 τὴν
1180 1352 1483 1407 εὐσέϐειαν.
1510 1352 1734 1406 Μέλλων
1774 1352 1887 1405 τοί-

303 1462 391 1497 νυν
429 1443 722 1512 νηστεύειν
779 1445 856 1516 μὴ
909 1444 1311 1518 σκυθρωπάσῃς
1373 1445 1678 1508 Ἰουδαϊκῶς
1699 1462 1712 1474 ·
1772 1443 1888 1498 ἀλλ’

303 1534 671 1602 εύαγγελικῶς
696 1536 923 1589 σεαυτὸν
954 1535 1406 1607 καταφαίδρυνον,
1444 1536 1517 1606 μὴ
1562 1535 1770 1590 πενθῶν
1788 1535 1889 1604 τῆς

558 1629 663 1699 τὴν
692 1628 917 1689 ἔνδειαν,
939 1628 1078 1681 ἀλλὰ
1124 1629 1480 1701 συνηδόμενος
1509 1632 1576 1700 τῇ
1609 1629 1753 1699 ψυχῇ
1781 1626 1887 1680 τῶν

302 1719 688 1788 πνευματικῶν
720 1718 1094 1773 ἀπολαύσεων.
1134 1719 1295 1783 Οἶδας
1347 1719 1477 1791 γὰρ,
1536 1720 1618 1773 ὅτι
1652 1720 1711 1774 Ἡ
1732 1720 1888 1788 σὰρξ

2001 527 2433 584 circumferunt:
2466 535 2726 600 praeterea
2760 529 2919 583 nobis
2965 526 3118 582 adest
3166 525 3379 596 gladius
3413 527 3578 596 spiri-

2007 627 2098 675 tus
2121 620 2186 674 ad
2214 618 2584 676 defensionem
2601 661 2617 684 ,
2643 621 2723 675 illi
2752 619 2899 676 ferro
2921 617 3324 675 defenduntur:
3351 618 3424 671 ita
3447 633 3581 688 quo—

1999 724 2106 780 que
2141 726 2239 766 nos
2267 726 2375 765 non
2409 710 2603 767 iisdem
2633 711 2860 771 cibariis
2887 711 3090 781 quibus
3121 708 3231 773 illi,
3263 717 3575 779 vegetamur

1999 805 2252 874 viresque
2274 803 2615 874 colligimus:
2648 805 2742 861 sed
2774 820 2877 860 nos
2921 805 3140 876 pietatis
3169 802 3422 873 dogmata
3451 816 3575 856 cor-

1997 896 2294 964 roborant,
2325 896 2434 951 illis
2462 895 2528 950 ad
2562 896 2836 967 parandas
2860 896 3005 952 vires
3033 894 3344 966 expletione
3368 894 3573 946 ventris

1996 995 2080 1041 est
2116 1002 2274 1056 opus.
2319 986 2589 1053 Quoniam
2642 988 2809 1057 igitur
2853 988 3122 1057 temporis
3166 985 3414 1040 circulus
3451 982 3572 1038 dies

1996 1076 2098 1131 hos
2129 1077 2478 1131 vehementer
2511 1076 2780 1146 optabiles
2814 1077 2974 1132 nobis
3017 1075 3271 1137 reduxit,
3307 1088 3404 1129 eos
3450 1078 3573 1125 tan-

1995 1183 2157 1239 quam
2186 1175 2396 1226 veteres
2426 1169 2683 1224 nutritios
2703 1208 2719 1233 ,
2751 1168 3004 1223 lubentes
3029 1176 3083 1223 et
3110 1166 3314 1221 hilares
3341 1165 3573 1235 quisque

1995 1259 2366 1330 excipiamus,
2413 1274 2511 1330 per
2556 1275 2698 1330 quos
2748 1258 2994 1315 Ecclesia
3046 1270 3149 1313 nos
3193 1256 3263 1311 ad
3313 1257 3571 1326 pietatem

1994 1348 2210 1404 educat.
2246 1347 2480 1404 Proinde
2509 1349 2866 1418 jejunaturus
2910 1347 3024 1402 noli
3064 1346 3239 1402 tristis
3280 1358 3437 1410 esse,
3472 1340 3569 1396 Ju-

1994 1441 2236 1495 daaorum
2265 1455 2453 1509 more;
2487 1442 2581 1497 sed
2606 1479 2624 1507 ,
2647 1440 2807 1511 juxta
2836 1440 3144 1495 doctrinam
3166 1436 3531 1507 evangelicam
3552 1472 3570 1497 ,

1995 1532 2235 1602 teipsum
2282 1533 2508 1588 hilarem
2543 1540 2598 1588 et
2638 1534 2879 1588 alacrem
2927 1532 3110 1603 przebe
3141 1531 3226 1597 "’;
3260 1542 3438 1599 neque
3487 1527 3571 1582 lu-

1995 1637 2127 1692 geas
2158 1624 2367 1680 ventris
2417 1623 2653 1679 inediam
2676 1664 2690 1688 ,
2724 1624 2821 1680 sed
2853 1624 3049 1679 animae
3082 1622 3266 1694 potius
3297 1619 3570 1692 gratulare

1994 1714 2383 1783 spiritualibus
2424 1715 2602 1785 epulis
2643 1715 2867 1771 fruenti.
2907 1714 3027 1770 Scis
3058 1715 3202 1769 enim
3235 1712 3381 1784 quod
3424 1708 3566 1765 Caro

300 1811 573 1881 ἐπιθυμεῖ
616 1812 776 1867 κατὰ
818 1810 927 1866 τοῦ
994 1812 1332 1880 πνεύματος
1353 1851 1369 1876 ,
1414 1809 1482 1864 τὸ
1538 1809 1608 1863 δὲ
1660 1810 1874 1880 πνεῦμι

1995 1805 2316 1873 concupiscit
2356 1803 2605 1861 adversus
2644 1805 2924 1875 spiritum,
2960 1815 3010 1858 et
3058 1804 3280 1874 spiritus
3317 1801 3566 1856 adversus

299 1901 443 1955 κατὰ
474 1900 592 1969 τῆς
626 1903 882 1969 σαρκός.
929 1900 1084 1954 Ἐπεὶ
1126 1895 1221 1953 οὖν
1259 1899 1431 1953 ταῦτα
1465 1898 1713 1971 ἀλλήλοις
1743 1899 1889 1954 ἀντί-

299 2009 486 2055 κειται,
510 1992 805 2062 ὑφέλωμεν
832 1991 929 2061 τῆς
970 1991 1173 2063 σαρκὸς
1216 1990 1313 2062 τὴν
1357 1988 1673 2054 εὐπάθειαν,
1720 1991 1888 2061 αὐξή-

298 2099 475 2152 σωμεν
508 2083 569 2135 δὲ
627 2083 741 2135 τῶν
781 2082 967 2152 ψυχῶν
1011 2081 1110 2152 τὴν
1150 2081 1301 2152 ίσχὺν
1336 2079 1473 2152 (77),
1514 2081 1623 2144 ἵνα,
1659 2080 1749 2133 διὰ
1787 2081 1887 2152 τῆς

296 2172 543 2241 νηστείας
585 2173 733 2227 κατά
779 2173 889 2224 τῶν
928 2171 1116 2225 παθῶν
1157 2170 1412 2235 λαϐόντες
1461 2170 1531 2224 τὰ
1571 2172 1885 2243 νικητήρια,

293 2258 414 2322 τοὺς
440 2258 542 2329 τῆς
572 2259 911 2329 ἐγκρατείας
950 2259 1249 2328 στεφάνους
1280 2258 1698 2331 ἀναδησώμεθα.

364 2348 416 2402 4.
442 2348 583 2420 Ἤδη
608 2342 707 2401 οὖν
737 2348 964 2402 σεαυτὸν
976 2347 1125 2414 ἀξιον
1142 2346 1559 2419 παρασκεύασον
1574 2348 1671 2417 τῆς
1690 2363 1884 2418 σεμνο-

288 2443 452 2513 τάτης
471 2441 760 2513 νηστείας·
792 2439 867 2511 μὴ
890 2438 1000 2510 (78)
1025 2442 1091 2511 τῇ
1118 2442 1383 2510 σημερινῇ
1413 2437 1553 2510 μέθῃ
1576 2439 1674 2510 τὴν
1697 2436 1884 2509 αὔριον

290 2534 611 2605 διαᾳθείρῃς
639 2533 994 2603 ἐγκράτειαν.
1021 2532 1208 2594 Κακὸς
1238 2533 1267 2585 ό
1295 2529 1573 2599 λογισμὸς,
1606 2528 1819 2600 πονηρά
1846 2532 1879 2601 ή

289 2623 521 2676 ἐπίνοια·
554 2622 784 2691 Ἐπειδὴ
823 2621 988 2673 πέντε
1022 2618 1242 2689 ἡμερῶν
1273 2617 1500 2689 νηστεία
1528 2619 1659 2688 ἡμῖν
1686 2633 1884 2689 προκε-

291 2717 582 2783 κήρυκται,
602 2713 852 2783 σήμερον
880 2712 1109 2774 ἑαυτοὺς
1124 2713 1188 2781 τῇ
1211 2708 1348 2782 μέθῃ
1366 2708 1878 2778 καταϐαπτίσωμεν.

290 2804 500 2869 οὐδεὶς,
534 2805 779 2870 γυναῖκα
805 2802 993 2873 νόμοις
1029 2804 1285 2871 γαμικοῖς
1319 2800 1623 2869 ἐπάγεσθαι
1649 2802 1877 2872 μέλλων,

288 2891 626 2954 παλλακίδας
670 2892 768 2944 καὶ
805 2890 1029 2961 ἑταίρας
1055 2889 1340 2960 προλαϐὼν
1366 2888 1719 2954 εἰσοικίζεται
1742 2891 1874 2962 (79).

285 2980 363 3032 Οὐ
389 2978 499 3050 γὰρ
532 2978 800 3048 ἀνέχεται
834 2980 868 3049 ἡ
902 2974 1107 3049 νομίμη
1126 2979 1223 3049 τὴν
1247 2979 1386 3049 μετὰ
1415 2979 1522 3032 τῶν
1550 2978 1878 3051 διεφθαρμέ-

1994 1910 2208 1948 carnem
2237 1895 2306 1951 ⁸³.
2343 1894 2534 1967 Itaque
2563 1912 2688 1952 cum
2721 1898 2835 1952 haec
2871 1895 2972 1950 sibi
3011 1896 3244 1950 invicem
3276 1892 3568 1948 advel-sene

1994 1995 2081 2040 tur
2114 1987 2181 2051 ",
2215 1988 2609 2045 subtrahamus
2639 1991 2792 2045 carni
2824 1988 3048 2043 delicias
3069 2028 3083 2050 ,
3122 2000 3418 2057 augeamus
3448 1983 3567 2037 ani-

1990 2094 2092 2134 ma:
2122 2080 2330 2144 robur;
2365 2088 2422 2135 ut
2469 2096 2565 2151 per
2605 2081 2874 2151 jejunium
2926 2095 2955 2133 a
2998 2079 3147 2134 vitiis
3178 2087 3343 2147 atque
3385 2074 3565 2129 libidi-

1991 2169 2151 2224 nibus
2205 2170 2489 2225 victoriam
2534 2179 2911 2241 reportantes,
2959 2168 3302 2224 abstinentia:
3346 2164 3565 2221 coronis

1988 2258 2292 2329 cingantur.

2059 2348 2114 2403 4.
2165 2347 2286 2403 Jam
2328 2350 2499 2422 igitur
2535 2349 2775 2420 teipsum
2808 2351 3072 2406 exhibeas
3101 2348 3326 2420 dignum
3354 2345 3564 2418 jejunio

1987 2452 2110 2491 cum
2148 2438 2339 2509 primis
2371 2439 2692 2504 venerabili,
2737 2448 2796 2495 ut
2826 2454 2895 2493 ne
2943 2438 3209 2492 hodierna
3244 2434 3562 2491 temulentis

1989 2529 2288 2583 crastinam
2305 2531 2693 2585 abstinentiam
2719 2529 3402 2601 corrumpas.{ltnprobum
3422 2526 3563 2582 istuc

1986 2617 2280 2672 consilium
2331 2625 2436 2683 est,
2474 2634 2642 2689 prava
2675 2623 2937 2691 cogitatio
2969 2627 3074 2683 est,
3108 2621 3183 2673 ita
3221 2618 3518 2673 dicentium
3547 2634 3561 2671 :

1986 2708 2255 2775 Quoniam
2309 2708 2471 2765 nobis
2532 2710 2776 2780 quinque
2824 2710 3038 2765 dierum
3089 2709 3362 2779 jejunium
3422 2707 3560 2762 indi~

1982 2809 2131 2855 ctum
2159 2809 2266 2868 est,
2291 2800 2453 2856 hodie
2477 2800 2731 2871 nosipsos
2761 2802 3079 2856 temulentia
3111 2800 3429 2854 obruamus.
3454 2795 3559 2854 Ne-

1981 2905 2071 2943 mo
2098 2890 2349 2960 pudicam
2393 2907 2618 2946 uxorem
2671 2892 2916 2961 legitimo
2958 2892 3215 2964 conjugio
3266 2892 3557 2955 ducturus,

1979 2982 2134 3053 prius
2175 2990 2359 3038 scorta
2397 2993 2450 3038 et
2482 2984 2827 3039 concubinas
2859 2984 3081 3040 domum
3112 2983 3340 3038 inducit.
3374 2980 3558 3052 Neque

287 3090 392 3126 νων
425 3072 770 3142 συνοίκησιν.
815 3070 909 3142 Μὴ
953 3072 1131 3126 τοίνυν
1168 3073 1262 3125 καὶ
1303 3073 1389 3134 σὺ,
1423 3072 1874 3146 προσδοκωμένης

1981 3073 2128 3128 enim
2162 3074 2368 3144 conjux
2400 3073 2643 3145 legitima
2676 3075 2884 3147 patitur
2919 3077 3233 3131 convictum
3264 3073 3558 3129 contuber-

281 3162 560 3230 νηστείας,
610 3160 1031 3233 προεισαγάγῃς
1076 3160 1173 3232 τὴν
1215 3161 1407 3233 μέθην,
1451 3163 1550 3234 τὴν
1598 3165 1877 3236 πάνδημον

283 3252 512 3322 πόρνην,
547 3252 655 3321 τὴν
693 3250 1083 3321 ἀναισχυντίας
1128 3251 1355 3322 μητέρα,
1403 3252 1503 3322 τὴν
1552 3252 1871 3321 φιλόγελων,

282 3342 382 3412 τὴν
408 3342 675 3411 μαινάδα,
704 3340 804 3413 τὴν
832 3340 971 3412 πρὸς
997 3343 1176 3393 πᾶσαν
1205 3340 1345 3395 ἰδέαν
1366 3344 1754 3416 ἀσχημοσύνης
1784 3345 1875 3397 εὕ-

281 3430 457 3485 κολον.
503 3432 583 3484 Οὐ
625 3430 742 3501 γὰρ
792 3431 867 3502 μὴ
910 3430 1131 3502 εἰσέλθῃ
1180 3430 1403 3499 νηστεία
1442 3432 1535 3483 καὶ
1576 3432 1759 3502 δέησις
1793 3436 1873 3497 εἰς

276 3523 452 3594 ςυχὴν
490 3523 849 3596 ῥυπωθεῖσαν
883 3522 988 3575 ὑπὸ
1028 3521 1128 3593 τῆς
1163 3521 1354 3593 μέθης.
1402 3523 1507 3576 Τὸν
1547 3526 1874 3595 νηστεύοντα

1980 3165 2242 3235 niumque
2292 3174 2698 3236 corruptarum.
2733 3166 2971 3222 Proinde
3022 3175 3083 3220 tu
3114 3180 3379 3236 .quoque,
3430 3179 3557 3217 cum

1977 3254 2631 3324 exspectaturjejunium,
2664 3271 2798 3310 cave
2821 3256 2974 3324 prius
3023 3254 3341 3308 introducas
3375 3251 3555 3307 ebrie-

1977 3350 2165 3407 tatem,
2211 3352 2457 3398 scortum
2504 3343 2639 3398 illud
2699 3344 3002 3415 publicum,
3045 3341 3397 3414 impudentia:
3439 3354 3556 3394 ma-

1973 3442 2133 3501 trem,
2163 3435 2311 3493 risus
2356 3446 2654 3501 amantem,
2686 3438 3087 3502 insanientem,
3120 3436 3187 3491 ad
3216 3434 3401 3490 omnia
3437 3441 3553 3487 tur-

1973 3525 2237 3597 pitudinis
2283 3542 2483 3598 genera
2533 3528 2855 3598 proclivem.
2886 3526 3076 3598 Neque
3105 3527 3253 3582 enim
3279 3525 3551 3596 jejunium

280 3620 409 3673 εἴσω
426 3619 537 3672 τῶν
562 3618 732 3689 ἱερῶν
755 3616 1059 3688 περιϐόλων
1092 3616 1455 3688 παραδέχεται
1480 3620 1508 3670 ὁ
1530 3618 1874 3689 Κύριοςᾜ

1980 3625 2025 3687 et
2070 3615 2318 3686 precatio
2369 3617 2677 3672 introibunt
2711 3616 2767 3670 in
2808 3617 3044 3670 animam
3081 3614 3412 3669 temulentia:
3450 3610 3553 3680 13

1727 3678 2011 3695 __,_.____....

280 3709 678 3781 κραιπαλῶντα
704 3708 819 3782 (80)
851 3709 927 3772 ὡς
954 3706 1180 3779 βέϐηλον
1206 3707 1299 3760 καὶ
1324 3708 1538 3779 ἀνίερον
1564 3708 1625 3761 οὑ
1652 3708 1872 3780 προσίε-

278 3820 383 3855 ται.
422 3804 550 3856 Ἐὰν
576 3800 692 3871 γὰρ
712 3800 878 3871 ἔλθῃς
904 3798 1094 3871 αὔριον
1121 3798 1263 3852 οἴνου
1290 3798 1528 3866 ἀπόζων,
1560 3800 1654 3853 καὶ
1680 3800 1867 3855 τούτου

280 3897 600 3966 σεσηπότος,
641 3893 768 3957 πῶς
795 3895 877 3957 είς
908 3891 1165 3963 νηστείαν
1205 3909 1288 3945 σοι
1316 3892 1415 3963 τὴν
1445 3891 1754 3964 κραιπάλην
1782 3894 1871 3947 λοι

275 3990 525 4057 vimth;
556 3987 656 4056 Μὴ
689 3984 803 4056 γὰρ
832 3985 915 4037 ὅτι
942 3984 1251 4054 πρόσφατον
1276 3984 1376 4037 οὐκ
1412 3985 1609 4053 ὲνεχέω
1644 3984 1752 4055 (81)
1778 3985 1868 4038 τὸν

275 4080 533 4152 ἀκρατον,
563 4078 687 4130 ἀλλ’
708 4079 794 4130 ὅτι
821 4077 882 4132 οὐ
912 4075 1238 4146 καθαρεύεις
1260 4076 1425 4141 οἴνου,
1450 4076 1609 4129 τοῦτο
1628 4076 1864 4145 λογίζου.

277 4170 385 4225 Ποῦ
416 4186 477 4224 σε
504 4166 697 4234 τάξω;
739 4166 828 4219 Ἐν
868 4169 979 4229 τοῖς
1013 4164 1290 4236 μεθύσοις,
1332 4165 1365 4237 ἢ
1404 4168 1462 4219 ὲν
1498 4169 1611 4231 τοῖς
1640 4182 1867 4237 νηστευ-

270 4265 418 4329 ταῖςς
464 4262 531 4315 Ἡ
575 4256 935 4331 παρελθοῦσα
973 4257 1289 4327 οἰνοφλυγία
1323 4258 1461 4330 πρὸς
1508 4258 1707 4331 ἑαυτὴν
1746 4261 1863 4314 ἐπι-

270 4358 494 4408 σπᾶται’
538 4354 577 4424 ἡ
625 4350 882 4421 παροῦσα
926 4349 1099 4403 ἔνδεια
1136 4350 1387 4419 νηστείαν
1423 4354 1857 4423 προσμαρτυρεῖ.

1973 3704 2233 3760 sordibus
2258 3705 2624 3775 inquinatam.
2654 3702 3007 3774 Jejunantem
3032 3702 3177 3755 intra
3214 3712 3400 3754 sacros
3422 3711 3552 3749 can-
3658 3764 3663 3767 _

1970 3796 2142 3851 cellos
2190 3797 2428 3867 suscipit
2462 3795 2766 3863 Dominus;
2792 3803 2846 3848 at
2882 3794 3014 3847 luxu
3051 3790 3391 3862 crapulaque
3437 3788 3552 3856 ple-

1970 3902 2125 3951 num,
2157 3888 2327 3943 veluti
2362 3887 2655 3958 profanum
2682 3895 2737 3943 et
2770 3902 2801 3967 ει
2838 3886 3015 3941 sacris
3054 3884 3297 3937 alienum
3344 3894 3550 3949 nequa-

1968 3996 2132 4050 quam
2159 3980 2417 4034 admittit.
2442 3979 2651 4035 Etenim
2674 3981 2718 4035 si
2737 3994 2862 4035 cras
2879 3980 3067 4033 venias
3090 3976 3273 4029 vinum
3294 3972 3544 4036 obolens,

1970 4072 2134 4142 idque
2182 4071 2454 4128 cruditate
2506 4079 2827 4144 corruptum
2876 4087 2940 4125 ac
2995 4066 3383 4139 putrefactum,
3416 4079 3548 4134 quo-

1966 4165 2129 4220 modo
2157 4167 2255 4220 tibi
2295 4167 2577 4238 crapulam
2624 4183 2723 4237 pro
2759 4164 2970 4236 jejunio
3004 4160 3327 4233 imputabo?
3360 4157 3548 4227 Neque

1964 4258 2112 4312 enim
2170 4257 2306 4313 illud
2348 4260 2553 4330 cogita,
2597 4258 2747 4329 quod
2781 4272 2994 4313 merum
3040 4254 3142 4310 tibi
3172 4267 3364 4307 recens
3392 4250 3542 4304 infu-

1965 4362 2087 4400 sum
2119 4363 2228 4402 non
2267 4358 2386 4411 est;
2420 4350 2514 4405 sed
2556 4349 2702 4419 quod
2734 4364 2764 4402 a
2812 4349 2940 4402 vino
2982 4362 3156 4418 purus
3184 4361 3295 4400 non
3327 4358 3408 4408 es,
3441 4342 3544 4397 hoc

282 4444 803 4516 ’Δμφισϐητήσιμος
826 4438 878 4494 εἴ
907 4444 974 4512 τῇ
1005 4441 1144 4513 μέθῃ
1162 4440 1349 4513 ῶσπερ
1382 4441 1734 4513 ἀνδράποδον,
1765 4444 1860 4495 καὶ

1980 4445 2179 4507 ἐρυιε.
2214 4439 2274 4493 In
2322 4447 2450 4493 utro
2500 4448 2554 4494 te
2596 4439 2790 4493 ordine
2837 4432 3337 4492 collocabo?lnter
3361 4431 3542 4487 ebrio-

264 4540 362 4592 οὐκ
392 4535 663 4607 ἀφέξεταί
712 4550 805 4587 σου
851 4533 1094 4599 δικαίως,
1145 4535 1396 4605 ἐναργεῖς
1424 4534 1523 4596 τὰς
1555 4532 1853 4597 ἀποδείξεις

260 4632 358 4701 τῆς
378 4629 635 4690 δουλείας
660 4625 1034 4697 παρεχομένη,
1066 4626 1163 4696 τὴν
1185 4626 1359 4697 ὀσμὴν
1378 4626 1470 4679 τού
1494 4626 1638 4680 οἴνου
1666 4626 1855 4698 ῶσπερ

266 4723 473 4791 ἀγγείῳ
496 4718 962 4790 ὲναπομείνασαν.
985 4717 1162 4781 Εὐθὺς
1185 4720 1219 4789 ὴ
1245 4717 1434 4790 πρώτη
1459 4717 1568 4772 τῶν
1592 4718 1854 4790 νηστειῶν

265 4814 518 4886 ἀδόκιμός
554 4807 642 4865 σοι
672 4810 787 4883 (82)
814 4810 1124 4882 γενήσεται,
1158 4809 1246 4863 διὰ
1275 4809 1336 4863 τὸ
1363 4808 1746 4864 ἑναποκεῖσθαί
1774 4828 1855 4865 σοι

331 4936 378 4969 ’⁷
417 4932 616 4987 llatth.
652 4946 748 4997 vr,
787 4929 891 4995 16,
925 4930 1014 4987 17.
1088 4930 1136 4964 ⁸⁸
1172 4929 1350 4985 Galat.
1387 4948 1439 4995 v,
1474 4931 1563 4987 i7.
1637 4931 1684 4965 "
1718 4932 1850 4988 ibid.

269 5060 372 5112 est,
421 5051 519 5106 sed
572 5049 965 5112 indumentum,
1013 5048 1282 5104 debuerat
1335 5049 1411 5102 ita
1458 5049 1848 5118 interpretari:

272 5122 416 5176 nobis
453 5137 579 5175 vero
608 5119 736 5187 ﬁdei
750 5120 1151 5190 munimentum
1189 5120 1300 5173 loco
1320 5127 1396 5190 est
1424 5119 1582 5173 scuti.
1622 5118 1848 5190 lniﬂeg.

336 5194 443 5246 imo
462 5207 565 5261 pro
593 5189 941 5261 περιϐόλαιον
963 5190 1171 5261 legitur:
1183 5189 1501 5261 προϐόλαιον
1518 5208 1538 5261 Δε
1570 5189 1715 5259 quod
1747 5189 1853 5261 me-

356 5209 443 5246 lno
462 5209 565 5261 pro
593 5209 941 5261 περιοοΑαιον
963 5209 1012 5244 lC
1052 5209 1161 5243 ιιυι·
1183 5209 1501 5261 προοολαιον
1526 5209 1538 5243 Ζ
1570 5209 1715 5259 quoa
1747 5209 1852 5244 Ille‘

272 5209 377 5317 ms
410 5262 711 5331 veriusque
743 5260 959 5331 judico.
989 5209 1112 5314 Dio:
1139 5256 1278 5313 Oliv.
1321 5271 1375 5331 et
1394 5259 1554 5328 Angl.
1586 5275 1708 5313 cum
1736 5260 1852 5313 edi-

272 5334 341 5385 tis
366 5330 888 5402 περιπεφραγμεθα.
924 5333 996 5383 At
1024 5344 1157 5385 mss.
1188 5330 1361 5385 nostri
1391 5330 1637 5401 plerique
1658 5344 1851 5384 omnes

275 5401 585 5473 simpliciter
608 5401 997 5473 ἀπεφράγμεθρι-

340 5418 585 5481 npncner
608 5418 997 5524 πεεξραγὲιευα.
1093 5471 1104 5482 ⁸
1181 5471 1194 5483 _

340 5471 449 5537 (76)
480 5471 623 5525 Editl
672 5474 828 5525 timo:
862 5472 1008 5524 ετόν.
1050 5470 1195 5524 ιιιπι
1237 5478 1450 5525 veteres
1494 5469 1837 5524 ἀλυσιδωτόν.

362 5541 445 5613 '17)
473 5542 623 5613 Colh.
656 5545 870 5613 primus
903 5541 1008 5610 τῆς
1037 5540 1212 5613 φθῇς
1236 5540 1333 5611 τὴν
1361 5540 1528 5610 ἰσχύν.

363 5554 445 5608 Ἡ)
473 5554 623 5597 Loth.
656 5559 870 5613 prunus
903 5558 1008 5610 της
1037 5554 1212 5610 ψυχης
1236 5554 1333 5611 την
1361 5554 1528 5610 ισχυν.

339 5554 451 5678 178)
490 5612 553 5665 Ει
580 5613 719 5668 hanc
748 5613 1067 5667 orationem
1108 5612 1347 5665 habitam
1402 5626 1526 5665 esse
1593 5610 1683 5665 die
1730 5609 1839 5664 Do-

278 5680 465 5753 minica
545 5692 687 5753 patet
740 5700 809 5738 ex
880 5682 1011 5745 illo,
1071 5678 1154 5734 Ne
1226 5680 1476 5753 hodierna
1536 5681 1836 5753 temulentia

1889 4485 1937 4543 D

1961 4548 2078 4597 sos,
2130 4548 2200 4587 an
2250 4534 2395 4590 inter
2438 4534 2795 4605 jcjunantes?
2825 4533 3109 4589 Praeterita
3160 4529 3458 4586 vinolentia
3485 4535 3545 4582 te

1962 4628 2069 4683 sibi
2121 4631 2361 4685 asserit:
2395 4646 2638 4701 praesens
2678 4629 2859 4685 inedia
2887 4629 3155 4699 jejunium
3190 4623 3536 4681 testificatur.

1960 4722 2177 4790 Anceps
2224 4737 2307 4787 es,
2373 4733 2427 4777 et
2480 4730 2894 4777 controversum
2926 4726 2942 4787 ι
2976 4716 3311 4774 temulentiae
3368 4713 3537 4768 veluti

1963 4813 2320 4886 mancipium,
2354 4831 2457 4871 nec
2490 4829 2732 4886 unquam
2765 4813 3005 4870 dimittet
3034 4819 3108 4876 te,
3145 4810 3308 4879 idque
3327 4806 3539 4877 optimo

1958 5048 2237 5102 consilium
2267 5054 2366 5107 est,
2407 5046 2483 5099 ita
2516 5045 2798 5099 dicentium
2831 5059 2848 5097 :
2877 5041 3140 5109 Quoniam
3188 5036 3338 5092 nobis
3378 5038 3532 5108 quiu-

1956 5136 2055 5189 que
2075 5118 2281 5189 dierum
2295 5117 2580 5189 jejunium,
2613 5125 2716 5189 etc.

2053 5188 2143 5253 79)
2186 5180 2319 5257 Reg:
2347 5180 2565 5256 'primus
2595 5185 2881 5257 προλαϐὼν
2912 5180 3207 5257 είσοικίζεξ

2053 5245 2142 5327 8Οῇ
2170 5245 2570 5332 ΔΑῃῖίαὶιι-ιτρε.
2603 5245 2737 5332 libri
2776 5255 2882 5332 ειν
2927 5248 3334 5332 κραιπαλῶντα.
3380 5245 3524 5332 Editi

1959 5321 2385 5399 κραιπαλοῦντα.
2432 5326 2555 5381 Mox
2601 5326 2744 5381 idem
2776 5325 2911 5394 Reg.
2953 5321 3165 5393 primus
3205 5321 3420 5391 ἀνίερον
3462 5321 3523 5370 ού

1946 5398 2319 5471 προσδέχεται.
3462 5458 3472 5468 ⁸
3502 5456 3514 5469 .

2016 5468 2129 5535 (81)
2177 5467 2326 5521 Unus
2352 5481 2485 5521 mss.
2508 5467 2607 5519 οὐκ
2635 5465 2869 5535 ὲνεχέου.
2901 5462 3007 5535 Alii
3037 5467 3274 5535 quatuor
3302 5464 3357 5535 et
3387 5456 3517 5535 edl_ll

2016 5483 2129 5535 (δι)
2177 5483 2326 5521 unus
2352 5483 2485 5521 mss.
2508 5483 2607 5519 ουκ
2635 5483 2720 5516 eve.
2760 5483 2869 5518 sou.
2901 5483 3007 5517 Alll
3037 5483 3274 5531 quatuor
3302 5483 3357 5512 ct
3387 5483 3517 5513 cum

1945 5538 2043 5590 οὐκ
2068 5538 2291 5608 νὲνεχέω.
2328 5536 2486 5591 Haud
2532 5536 2690 5607 longe
2723 5483 2868 5606 )Eieg.
2897 5534 3107 5606 primus
3143 5528 3290 5594 τάξω
3321 5530 3377 5583 ἐν
3406 5531 3525 5591 τοῖς

1945 5607 2252 5677 μεθύουσιν.

2013 5680 2123 5745 (8‘2)
2169 5678 2298 5747 Reg.
2346 5676 2558 5747 primus
2598 5676 2860 5745 νηστειῶν
2903 5673 3096 5747 ἄλογός
3132 5689 3234 5747 σοι,
3277 5672 3377 5724 erit
3425 5668 3519 5721 tibi

275 5742 562 5807 crastinam.
584 5753 973 5810 abstinentiam
997 5742 1313 5820 corrumpas
1368 5749 1671 5820 Improbum
1705 5752 1836 5805 istuc
1939 5742 2145 5804 irritus.
2180 5742 2383 5804 Ibidem
2406 5747 2546 5804 idem
2567 5742 2735 5803 codex
2762 5748 2849 5801 διὰ
2868 5746 2929 5800 τὸ
2960 5742 3297 5798 ἀποκεῖσθαι.
