4052 6214
550 348 637 404 191

1818 341 1857 396 S
1919 342 2001 395 BA
2012 337 2159 395 SlLll
2198 337 2413 395 MAGNI

3692 334 3787 386 l9!

541 464 699 532 jure:
734 460 938 531 quippe
979 475 1101 530 quae
1149 458 1438 514 manifesta
1485 458 1767 515 servitutis
1805 467 2126 527 argumenta

2238 456 2326 525 τῆς
2371 454 2542 525 μέθης
2573 453 2642 506 τὰ
2670 451 2912 520 λείψανα.
2955 442 3055 503 Ὧν
3092 449 3149 502 δὲ
3185 450 3217 518 ἡ
3258 445 3480 518 ἀπαρχὴ
3517 444 3784 515 ἀδόκιμος,

553 552 815 623 proferat,
864 552 1088 606 odorem
1123 551 1236 604 vini
1267 551 1417 604 velut
1462 550 1517 604 in
1551 550 1742 620 lagena
1774 549 2124 605 residentem.

555 643 812 696 Protinus
843 641 942 694 tibi
976 638 1184 708 primus
1218 637 1413 707 jejunii
1444 637 1561 691 dies
1602 635 2025 705 ahjudicabitur,
2056 640 2129 690 ob

558 731 893 786 Iemulentite
920 730 1179 798 reliquias
1210 728 1266 782 in
1297 735 1351 783 te
1372 725 1660 797 repositas.
1688 725 1929 791 Quorum
1948 736 2127 781 autem

558 821 811 891 primitiae
869 822 1214 891 rejiciuntur,
1274 821 1420 875 haud
1476 820 1699 874 dubium
1749 821 1878 891 quin
1932 821 1986 874 in
2042 820 2129 875 his

561 919 736 965 totum
769 927 988 981 quoque
1026 912 1099 965 sit
1128 910 1507 979 rejiciendum.
1546 910 1758 965 Ebriosi
1788 927 2003 981 regnum
2032 910 2131 964 Dei

557 1018 660 1055 non
680 1002 1018 1071 possidebunt
1053 1005 1119 1058 °°.
1163 1003 1219 1056 Si
1249 1003 1577 1057 temulentus
1621 1002 1840 1058 accedis
1886 1002 1951 1056 ad
1983 1002 2127 1071 jeju-

556 1092 734 1156 nium,
783 1095 915 1163 quid
970 1094 1221 1148 utilitatis
1253 1092 1637 1148 aul’ers?Nam
1695 1094 1743 1148 si
1788 1102 1843 1148 te
1893 1094 2129 1149 ebrietas

555 1182 800 1237 excludit
836 1200 863 1237 a
895 1200 1066 1255 regno
1097 1185 1378 1248 cmlorum,
1416 1184 1665 1253 quisnam
1693 1184 1906 1239 tandem
1937 1185 2130 1254 ejeju-

558 1270 653 1324 nio
682 1270 931 1326 fructus?
968 1273 1162 1327 Annon
1194 1274 1368 1337 vides,
1405 1273 1549 1344 quod
1591 1274 1682 1343 qui
1732 1275 1788 1329 in
1837 1275 2126 1332 domandis

559 1362 737 1430 equis,
770 1362 864 1432 qui
896 1363 962 1416 ad
999 1365 1301 1418 certamina
1332 1365 1574 1427 aluntur,
1631 1364 1945 1433 peritissimi
1977 1373 2124 1432 sunt,

566 1466 689 1504 cum
718 1453 888 1506 instat
920 1455 1239 1509 certaminis
1265 1456 1404 1518 dies,
1434 1471 1529 1510 eos
1568 1456 1745 1509 inedia
1779 1458 2130 1526 praeparant?

563 1541 644 1595 Tu
675 1551 890 1609 contra,
918 1546 1045 1599 data
1068 1561 1233 1614 opera
1266 1547 1608 1617 temetipsum
1641 1548 1902 1616 deprimis
1930 1551 2129 1603 saturi-

563 1641 673 1688 tate
706 1652 720 1688 :
755 1637 888 1689 adeo
916 1636 1053 1705 gula:
1090 1636 1220 1690 vitio
1260 1638 1419 1690 bruta
1477 1637 1640 1690 etiam
1693 1637 1952 1692 animalia
1988 1653 2126 1708 prae-

2226 548 2321 600 καὶ
2350 547 2410 599 τὸ
2428 549 2537 599 πᾶν
2563 544 2866 613 ἀπόϐλητον
2887 542 3145 613 δηλονότι.
3167 540 3431 594 Μέθυσοι
3452 537 3599 593 Θεοῦ
3609 537 3785 601 ,ϐασι-

2225 639 2399 691 λείαν
2423 640 2494 691 οὺ
2512 634 3098 704 κληρονομήσουσιν.
3122 632 3183 684 Εἰ
3215 628 3574 701 μεθύωνὲρχῃ
3588 627 3681 682 ἐπὶ
3695 626 3785 699 τὴν

2230 729 2506 799 νηστείαν,
2533 727 2586 780 τί
2621 744 2703 780 σοι
2732 726 2793 778 τὸ
2826 724 3049 793 ὅφελος;
3074 724 3136 775 Ei
3162 722 3270 793 γάρ
3299 720 3574 776 ἀποκλείει
3605 736 3665 772 σε
3693 720 3784 790 τῆς

2230 819 2506 891 βασιλείας
2540 821 2573 889 ἡ
2614 815 2774 889 μέθη,
2807 816 2909 869 ποῦ
2952 832 3034 868 σοι
3078 813 3260 866 λοιπὸν
3296 814 3564 883 χρήσιμον
3605 812 3667 884 τὸ
3698 827 3786 883 νη-

2230 912 2477 977 στεύειν;
2517 912 2630 980 Οὐχ
2658 911 2809 981 ὁρᾷς,
2847 910 2927 963 ὅτι
2960 907 3054 960 καὶ
3083 906 3190 959 τῶν
3228 906 3408 958 ἳππων
3435 905 3563 967 τοὺς
3599 904 3789 972 ἀγωνι-

2231 1005 2361 1069 στὰς
2388 1006 2438 1058 οἱ
2466 1003 2849 1075 ἐμπειρότατοι
2873 999 3234 1069 πωλοδάμναι,
3260 1000 3356 1069 τῆς
3380 995 3617 1066 ἀγωνίας
3639 1012 3789 1066 προσ·-

2224 1097 2537 1168 δοκωμένης
2555 1096 2687 1168 (85),
2715 1095 2802 1149 διά
2827 1095 2926 1165 τῆς
2952 1092 3157 1155 ἐνδείας
3185 1088 3700 1163 προευτρεπίζουσις
3723 1087 3788 1140 Σὺ

2226 1188 2284 1241 δὲ
2316 1188 2626 1260 ἐξεπίτηδες
2666 1187 2889 1240 σεαυτὸν
2921 1184 3271 1248 καταπιέζεις
3306 1180 3385 1252 τῷ
3411 1181 3577 1253 κόρῳ·
3606 1177 3789 1232 τοσοῦ-

2225 1298 2317 1334 τον
2346 1283 2413 1351 τῇ
2443 1279 2855 1351 γαστριμαργίᾳ
2882 1278 2975 1332 καὶ
2997 1276 3064 1330 τὰ
3096 1276 3264 1344 ἄλογα
3295 1272 3674 1344 παρελαύνεις.
3700 1271 3792 1324 Βα-

2227 1372 2463 1443 ρουμένη
2504 1371 2713 1441 γαστὴρ
2755 1371 2855 1440 οὐχ
2900 1371 3050 1432 ὅπως
3093 1368 3227 1437 πρὸς
3260 1365 3479 1436 δρόμον,
3523 1363 3640 1417 ἀλλ’
3681 1361 3790 1415 οὐδὲ

2227 1462 2364 1532 πρὸς
2394 1460 2559 1514 ὕπνον
2591 1459 2891 1531 ἐπιτηδεία·
2922 1458 3075 1518 διότι,
3107 1454 3539 1524 καταθλιϐομένη
3568 1451 3647 1521 τῷ
3668 1450 3768 1521 πλή

2228 1552 2308 1606 θει
2327 1553 2462 1623 (84),
2485 1551 2604 1604 οὐδὲ
2631 1553 2857 1622 ἠρεμεῖν
2881 1551 3264 1619 συγχωρεῖται,
3297 1544 3409 1598 ἀλλ’
3436 1542 3793 1611 ἀναγκάζεται

2228 1642 2428 1707 πολλὰς
2456 1641 2725 1695 ποιεῖσθαι
2754 1641 2853 1703 τὰς
2883 1638 3251 1711 περιστροφάς
3282 1637 3366 1706 ἐφ’
3401 1635 3661 1705 ἑκάτερα.

561 1724 760 1780 curris.
792 1724 995 1779 Venter
1023 1734 1254 1781 onustus
1283 1742 1389 1781 non
1429 1728 1607 1781 solum
1644 1727 1712 1781 ad
1747 1744 1992 1795 cursum,
2031 1732 2125 1787 sed
2166 1750 2233 1789 ne
2278 1734 2344 1788 ad
2393 1747 2646 1789 somnum
2689 1732 2908 1802 quidem
2939 1729 3326 1784 accommodus
3361 1735 3466 1793 est,
3528 1740 3598 1780 eo
3660 1722 3795 1794 quod

560 1810 800 1866 distento
847 1815 1093 1869 ciborum
1142 1814 1321 1884 copia,
1356 1831 1466 1870 non
1507 1816 1670 1871 datur
1699 1820 2002 1889 quiescere,
2034 1824 2129 1876 sed
2169 1824 2384 1895 cogitur
2419 1822 2653 1878 subinde
2722 1830 2897 1877 semet
2959 1835 3107 1875 nunc
3158 1821 3212 1875 in
3252 1820 3525 1886 dextrum,
3554 1831 3703 1872 nunc
3748 1816 3798 1870 in

561 1899 756 1955 laevum
786 1903 928 1958 latus
958 1913 1192 1960 vertere.

633 1989 685 2045 5.
726 1991 1002 2060 Jejunium
1070 2002 1252 2049 servat
1313 1996 1593 2064 parvulos,
1658 1997 1899 2052 sobrium
1955 1999 2208 2059 redditB

558 2078 836 2146 juvenem,
891 2083 1253 2137 venerabilem
1309 2083 1441 2137 facit
1494 2099 1715 2152 senem;
1767 2089 2133 2143 venerabilior

559 2171 706 2223 enim
743 2177 828 2225 est
860 2173 1091 2226 canities
1121 2172 1336 2241 jejunio
1365 2174 1648 2229 decorata.
1679 2174 1953 2246 Jejunium
1976 2177 2133 2233 femi-

563 2261 651 2316 nis
687 2270 916 2316 ornatus
945 2272 1029 2317 est
1054 2265 1590 2333 congruentissimus
1616 2283 1631 2331 ;
1659 2276 1816 2321 aetate
1843 2282 1907 2321 ac
1934 2270 2135 2325 robore

560 2352 876 2421 vigentibus
904 2370 1001 2423 pro
1030 2354 1185 2409 freno
1214 2364 1331 2421 est;
1359 2355 1631 2425 jejunium
1670 2359 2005 2415 matrimonii
2032 2377 2132 2416 cu-

562 2438 743 2493 stodia
768 2448 873 2505 est,
905 2443 1236 2511 virginitatis
1259 2447 1540 2502 nutritius.
1566 2447 1744 2517 Atque
1771 2448 1887 2503 haec
1914 2451 2133 2519 quidem

561 2530 850 2584 commoda
912 2533 1067 2586 allert
1131 2534 1383 2602 privatim
1432 2535 1725 2605 jejunium,
1787 2538 1844 2591 in
1904 2540 2135 2609 singulis

562 2620 793 2685 aedibus,
854 2622 909 2676 in
955 2624 1156 2693 quibus
1207 2626 1424 2683 colitur.
1469 2627 1538 2680 At
1596 2626 1810 2695 publice
1863 2634 2136 2698 quomodo

562 2715 731 2765 vitam
780 2722 1024 2768 nostram
1072 2716 1387 2784 gubernat?
1438 2716 1632 2771 Totam
1669 2718 1959 2774 confestim
2004 2722 2137 2776 civi-

565 2812 752 2871 tatem,
787 2812 1073 2876 totumque
1089 2810 1363 2878 populum
1410 2808 1477 2863 ad
1507 2810 1956 2879 tranquillitatem
1986 2826 2138 2866 com-

567 2896 739 2965 ponit,
780 2899 1035 2968 consopit
1076 2901 1363 2967 clamores,
1402 2902 1648 2957 eliminat
1674 2903 1816 2968 lites,
1878 2905 2138 2960 conviciis

567 2990 799 3059 imponit
822 2990 1116 3046 silentium.
1150 2993 1321 3060 Cujus
1354 2994 1603 3063 magistri
1634 2996 1920 3064 prasentia
1944 3012 2140 3066 puero-

567 3092 689 3130 rum
720 3079 978 3147 strepitus
1027 3093 1134 3133 tam
1172 3081 1354 3135 subito
1402 3084 1722 3153 compescit,
1770 3100 1934 3155 quam
1993 3086 2139 3154 jeju-

565 3168 714 3224 nium
770 3169 1026 3226 oboriens
1084 3172 1321 3227 civitatis
1376 3176 1644 3230 tumultus
1704 3178 1957 3232 coercet?
2006 3177 2140 3243 Quis

566 3269 959 3317 commessator
989 3263 1188 3332 prodiit
1211 3264 1266 3316 in
1283 3263 1515 3333 jejunio?
1535 3267 1658 3335 quis
1677 3283 1915 3338 unquam
1940 3268 2140 3325 chorus

2303 2001 2354 2055 5.
2388 1998 2629 2071 Νηστεία
2654 1997 2914 2067 φυλάσσει
2937 1998 3126 2067 νήπια,
3181 1996 3500 2066 σωφρονίζει
3545 1996 3642 2049 τὸν
3665 1997 3797 2051 νέον»

2236 2089 2430 2159 σεμνὸν
2465 2091 2607 2141 ποιεῖ
2640 2088 2732 2141 τὸν
2772 2085 3103 2158 πρεσϐύτηψ
3133 2085 3533 2156 αἰδεσιμωτέρα
3565 2085 3679 2157 γὰρ
3705 2103 3800 2139 πο-

2233 2181 2325 2234 λιά
2355 2180 2575 2252 νηστείᾳ
2601 2178 3010 2249 κεκοσμημένη.
3048 2175 3265 2240 Γυναιξλ.
3301 2176 3505 2246 κόσμος
3534 2174 3802 2247 ἁρμοδιώα

2232 2289 2413 2338 τατος,
2447 2272 2800 2341 ἀκμαζόντων
2830 2269 3064 2340 χαλινὸς,
3114 2267 3376 2334 συζυγίας
3414 2267 3799 2339 φυλακτήριον,

2234 2364 2530 2436 παρθενίας
2562 2363 2778 2434 τροφός.
2816 2360 3077 2414 Τοιαῦται
3109 2361 3205 2430 μὲν
3241 2362 3294 2412 αἱ
3324 2358 3448 2412 καθ’
3471 2359 3705 2413 ἕκαστον
3727 2355 3801 2412 οἷ-

2234 2473 2329 2510 κον
2357 2456 2527 2525 αύτῆς
2555 2455 2884 2525 ἐπιμέλειαι.
2915 2452 3159 2524 Δημοσίᾳ
3186 2452 3242 2504 δὲ
3273 2451 3389 2516 πῶς
3414 2451 3492 2522 τῷ
3526 2451 3629 2523 βίῳ
3654 2453 3803 2522 ἡμᾶν

2236 2545 2680 2618 ὲμπολιτεύεται;
2710 2547 2900 2599 Πᾶσαν
2933 2543 3144 2613 ἀθρόως
3170 2543 3270 2612 τὴν
3299 2542 3472 2607 πόλιν,
3507 2545 3602 2595 καὶ
3632 2544 3802 2597 πάντα

2201 2632 2520 2710 ᾚῑῖδῆμον
2549 2637 2884 2708 μεθαρμόζει
2912 2637 3049 2707 πρὸς
3073 2636 3345 2700 εὐταξίαν,
3374 2634 3613 2705 κοιμίζει
3642 2653 3803 2705 κραυ-

2235 2730 2358 2799 γὴν,
2392 2727 2622 2801 ἐξορίζει
2656 2730 2834 2798 μάχην
2860 2727 2995 2795 (85),
3023 2726 3290 2795 λοιδορίαν
3323 2725 3702 2794 κατασιγάζει.
3726 2725 3805 2778 Τί·

2235 2835 2324 2881 νος
2381 2818 2695 2870 διδασκάλου
2750 2815 3020 2886 παρουσία
3082 2816 3286 2868 παίδων
3347 2814 3572 2886 θόρυϐον
3640 2814 3805 2876 οὕτως

2235 2910 2446 2982 ἀθρόως
2480 2909 2819 2980 καθίστησιν,
2867 2908 2942 2970 ὡς
2977 2910 3009 2978 ἡ
3048 2908 3270 2976 νηστεία
3306 2909 3690 2976 παραφανεῖσα
3717 2921 3805 2958 τα-

2240 3002 2410 3073 ραχὴν
2447 3001 2654 3064 πόλεως
2696 2998 3080 3066 καταστέλλει;
3116 3000 3274 3062 Ποῖος
3302 3000 3597 3069 κωμαστὴς
3632 3000 3688 3050 ὲν
3719 3014 3806 3065 νη-

2239 3092 2392 3161 στεία
2434 3091 2704 3161 προῆλθε;
2749 3093 2900 3150 ποῖος
2940 3089 3101 3160 χορὸς
3143 3088 3377 3159 ἀσελγὴς
3414 3089 3521 3142 ἀπὸ
3557 3088 3805 3158 νηστείας

2240 3184 2499 3253 συνέστης
2534 3183 2756 3235 Ἀπαλοὶ
2783 3183 3039 3251 γέλωτες,
3072 3184 3164 3235 καὶ
3195 3183 3415 3253 ᾄσματα
3442 3182 3696 3253 πορνικά,
3719 3183 3807 3234 καὶ

2239 3274 2491 3346 ὀρχήσεις
2526 3277 2783 3345 ἑκμανεῖς
2815 3275 3076 3344 ἐξαπίνης
3112 3277 3211 3345 τῆς
3249 3274 3453 3337 πόλεως
3492 3272 3809 3345 ὑπεξέρχον·

567 3351 860 3408 lasciviens
912 3369 942 3407 a
999 3353 1213 3433 jejunio
1270 3364 1493 3411 coactus
1551 3359 1676 3412 est?
1710 3357 1910 3414 Teneri
1963 3361 2132 3422 risus,

2238 3383 2327 3419 ται
2363 3364 2496 3436 (86),
2545 3365 2735 3436 ὥσπερ
2782 3366 2886 3418 ὑπὸ
2924 3365 3181 3419 δικαστοῦ
3225 3383 3369 3429 τινος
3404 3365 3677 3436 αὐστηροῦ
3715 3363 3808 3432 τῆς

569 3444 892 3498 meretricia:
956 3445 1266 3510 cantilenae,
1322 3447 1530 3501 insanae
1585 3448 1904 3505 saltationes
1956 3451 2139 3505 subito

568 3530 860 3601 dill'ugiunt
889 3534 1181 3599 ecivitate,
1214 3552 1245 3588 a
1282 3536 1492 3606 jejunio
1526 3546 1785 3609 tanquam
1826 3542 1893 3595 ab
1920 3551 2139 3597 austero

567 3627 825 3695 qquiam
880 3626 1065 3696 judice
1092 3627 1145 3683 in
1181 3629 1435 3683 exsilium
1485 3640 1636 3686 actae.
1685 3631 1839 3699 Quod
1872 3634 1916 3688 si
1949 3648 2140 3689 omnes

567 3716 834 3786 jejunium
868 3719 932 3773 ad
957 3734 1043 3773 res
1074 3721 1339 3789 gerendas
1369 3721 1424 3774 in
1463 3723 1752 3777 consilium
1787 3723 2137 3790 adhiberent,

571 3807 707 3860 nihil
753 3810 998 3864 obstaret
1045 3804 1343 3879 quominus
1375 3827 1472 3880 per
1520 3813 1834 3868 universum
1870 3822 2139 3869 terrarum

572 3901 760 3952 orbem
814 3900 920 3952 alta
971 3916 1074 3969 pax
1121 3910 1293 3967 esset,
1328 3901 1579 3956 videlicet
1608 3920 1707 3958 nec
1741 3906 1862 3958 aliis
1890 3907 2143 3976 gentibus

574 3990 630 4043 in
659 3990 792 4045 alias
823 3991 1253 4061 insurgentibus,
1287 4007 1389 4046 nec
1418 3995 1753 4052 exercitibus
1776 4012 1971 4051 manus
2003 3998 2145 4052 inter

572 4096 633 4136 se
675 4084 1108 4139 conserentibus.
1144 4084 1222 4141 Ne
1255 4102 1403 4140 arma
1443 4087 1663 4157 quidem
1698 4089 2049 4155 cuderentur,
2097 4093 2145 4147 si

570 4171 837 4243 jejunium
888 4174 1112 4243 vigeret,
1155 4192 1257 4232 nec
1304 4180 1422 4232 fora
1459 4178 1739 4248 judicialia
1794 4189 2145 4236 exstrueren-

576 4272 686 4327 tur,
719 4278 898 4333 neque
932 4257 1221 4333 quisquam
1260 4267 1533 4322 habitaret
1578 4270 1633 4323 in
1673 4268 1776 4340 14
1804 4272 2140 4327 carceribus.

574 4352 633 4407 ln
666 4368 902 4417 summa,
961 4368 1061 4408 nec
1111 4354 1325 4411 deserta
1367 4357 1632 4412 haberent
1685 4360 1981 4428 maleficos,
2044 4378 2147 4417 nec

574 4446 824 4501 civitates
856 4447 1242 4517 syc0phantas,
1281 4465 1381 4505 nec
1425 4467 1577 4506 mare
1606 4454 1828 4522 piratas.
1868 4453 1926 4509 Si
1955 4471 2147 4514 omnes

574 4548 760 4595 essent
812 4540 1009 4610 jejunii
1071 4540 1345 4611 discipuli,
1398 4560 1622 4613 prorsus
1675 4561 1782 4600 non
1840 4549 2142 4611 audiretur.

578 4639 637 4685 ut
685 4631 784 4685 Job
817 4632 895 4684 ait
933 4633 999 4697 ⁶¹,
1042 4647 1147 4685 vox
1196 4636 1503 4700 exactoris;
1547 4652 1647 4691 nec
1697 4638 1808 4691 vita
1842 4648 2029 4694 nostra
2064 4650 2144 4695 tot

580 4722 854 4793 suspiriis,
878 4730 959 4777 tot
982 4724 1311 4780 maeroribus
1337 4735 1482 4780 esset
1511 4726 1742 4792 diﬂ‘erta,
1794 4730 1838 4783 si
1875 4730 2143 4799 jejunium

579 4814 747 4866 vitam
796 4821 1037 4869 nostram
1067 4815 1393 4885 gubernare.
1450 4815 1808 4888 Perspicuum
1862 4827 1946 4875 est
1998 4822 2145 4876 enim

579 4903 724 4972 quod
764 4919 1206 4973 unumquemque
1235 4903 1453 4960 doceret
1486 4922 1594 4960 non
1627 4915 1839 4961 tantum
1867 4911 1919 4963 in
1950 4911 2147 4965 eduliis

651 5057 697 5089 “
736 5056 756 5110 ι
789 5059 918 5115 Cor.
953 5076 1004 5114 vt
1030 5098 1045 5124 ,
1081 5060 1168 5115 10.
1246 5062 1288 5092 ⁶¹
1327 5058 1429 5115 Job
1461 5074 1559 5127 ιιι,
1603 5061 1687 5116 18.

654 5210 766 5285 (85)
817 5210 950 5282 Reg.
998 5213 1206 5283 primus
1243 5214 1489 5282 ἀγωνίας
1534 5213 1930 5285 προκειμένης·
1988 5228 2149 5284 quam

583 5283 913 5348 scripturam
949 5298 1323 5351 sequeremur,
1356 5285 1463 5339 nisi
1501 5283 1631 5338 editi
1666 5292 1718 5338 et
1738 5283 1830 5336 alii
1857 5283 2010 5338 mss.
2033 5286 2145 5337 vul-

583 5358 765 5417 gatnu
821 5351 1109 5423 lectionem
1163 5362 1465 5423 tuerentur.
1524 5353 1679 5406 Haud
1729 5354 1885 5423 longe
1918 5354 2049 5407 editi
2098 5365 2147 5407 et

589 5419 1103 5495 [il-38.xa1aﬂtéCEtg
1138 5422 1215 5492 τῷ
1264 5424 1431 5495 κόρῳ,
1480 5440 1590 5478 non
1645 5419 2037 5495 καταπὶαίνεις,
2082 5433 2153 5495 ,ιιι

587 5485 911 5543 Tilmannus
951 5490 1006 5542 in
1038 5506 1133 5543 ora
1187 5485 1663 5548 liliri'a'd'notarat.
1709 5493 1819 5547 Nec
1860 5495 1932 5546 ita
1982 5485 2155 5547 multo

588 5570 713 5634 post
728 5573 858 5634 mss.
894 5559 1002 5613 duo
1019 5560 1325 5634 _§qulop.évn
1358 5565 1487 5634 γάρ.

664 5627 1045 5701 (ὃριλΑιιιὶιιιιι
1068 5627 1335 5686 ὀυοἸὶὺιτῖ
1371 5627 1673 5689 Ὀὀιὺοτιὶιιί
1721 5631 2147 5701 καταθλιϐομένη

590 5695 680 5768 τῷ
713 5698 883 5767 ἄχθει.
934 5695 1225 5770 Aliquanto
1270 5714 1393 5771 post
1439 5703 1569 5775 Reg.
1596 5705 1805 5777 primus
1846 5695 2152 5773 σεμνοποιεΐ

2241 3459 2494 3529 νηστείας
2526 3459 2964 3526 φυγαδευθεῖσαι.
2997 3459 3059 3511 El
3093 3458 3149 3511 δὲ
3182 3458 3381 3519 πάντες
3412 3458 3581 3527 αὐτὴν
3608 3457 3689 3518 είς
3719 3454 3808 3520 τὴν

2240 3550 2381 3620 ὑπὲρ
2412 3548 2520 3601 τῶν
2556 3548 2841 3619 πρακτέων
2865 3549 3167 3620 σύμϐουλον
3196 3547 3636 3618 παρελάμϐανον,
3666 3545 3810 3599 οὐδὲν

2240 3639 2443 3693 ἐκώλυε
2475 3639 2696 3711 βαθεῖαν
2727 3642 2947 3711 εἰρήνην
2978 3637 3116 3693 εἶναι
3142 3640 3283 3693 κατά
3313 3641 3491 3692 πᾶσαν
3519 3638 3617 3707 τὴν
3639 3641 3813 3691 οίκου-

2245 3734 2431 3805 μένην·
2472 3736 2609 3804 μήτε
2651 3733 2821 3786 ἐθνῶν
2862 3733 3310 3804 ἐπανισταμένων
3354 3731 3624 3802 ἀλλήλοις,
3679 3732 3813 3800 μήτε

2244 3825 2625 3893 στρατοπέδων
2678 3823 3158 3895 συρρηγνυμένων.
3210 3824 3324 3876 Ούκ
3376 3823 3441 3877 ἂν
3493 3821 3814 3891 ἐχαλκεύετο

2243 3914 2402 3977 ὅπλα,
2444 3915 2696 3985 νηστείας
2733 3914 3062 3986 κρατούσης,
3094 3914 3202 3966 οὐδ’
3236 3913 3301 3967 ἂν
3333 3912 3656 3983 δικαστήρια
3692 3929 3813 3965 συν-

2244 4010 2539 4077 εκροτεῖτο,
2575 4008 2684 4061 οὐδ’
2716 4008 2780 4061 ἂν
2807 4005 2984 4077 ᾤκουν
3012 4006 3155 4071 τινὲς
3194 4007 3261 4059 τά
3299 4006 3670 4076 δεσμωτήρια,
3708 4003 3811 4057 οὐδ’

2244 4097 2309 4151 ἂν
2348 4098 2483 4162 ὅλως
2525 4094 2670 4169 εἶχον
2704 4102 2759 4152 αἱ
2796 4098 3020 4169 ὲρημίαι
3048 4098 3174 4160 τοὺς
3204 4094 3665 4167 κακουργοῦντας,
3696 4095 3729 4165 ἢ
3758 4096 3811 4147 αί

2247 4188 2432 4251 πόλεις
2475 4189 2602 4251 τοὺς
2649 4188 3010 4255 συκοφάντας,
3058 4187 3090 4257 ἢ
3133 4186 3259 4249 τοὺς
3303 4183 3737 4248 καταποντιστὰς
3780 4185 3812 4253 ἡ

2249 4277 2510 4331 θάλασσα.
2548 4279 2610 4330 Ei
2637 4278 2835 4340 πάντες
2863 4273 3000 4346 ἦσαν
3035 4275 3271 4345 μαθηταὶ
3291 4274 3390 4344 τῆς
3411 4273 3686 4344 νηστείας,
3711 4272 3815 4324 οὐδ’

2248 4371 2313 4423 ἂν
2345 4369 2585 4440 ἠκούσθη
2620 4370 2775 4433 ὅλως,
2819 4368 2960 4423 κατὰ
2999 4368 3089 4420 τὸν
3133 4366 3228 4419 τοῦ
3284 4364 3404 4418 Ἰὼϐ
3444 4365 3621 4433 λόγον,
3669 4365 3818 4434 φωνὴ

2253 4462 2567 4533 φορολόγου,
2595 4462 2703 4515 οὐδ’
2735 4461 2800 4515 ἂν
2834 4461 3004 4524 οὕτως
3030 4455 3100 4530 ἦν
3129 4459 3239 4529 (87)
3266 4461 3294 4510 ὁ
3329 4457 3441 4528 βίος
3473 4457 3629 4529 ἡμῶν
3660 4456 3820 4509 πολυ-

2251 4553 2542 4613 στένακτος
2595 4552 2687 4604 καὶ
2736 4551 3038 4621 κατηφείας
3089 4548 3321 4619 πλήρης,
3374 4549 3423 4599 εί
3470 4546 3694 4616 νηστεία
3731 4546 3821 4597 τὸν

2252 4642 2364 4712 βίον
2398 4642 2552 4712 ἡμῶν
2596 4642 2952 4713 ἐπρυτάνευε.
3001 4640 3167 4711 Δῆλον
3205 4640 3333 4710 γὰρ,
3378 4639 3459 4691 ὅτι
3494 4636 3731 4699 ἐδίδαξεν
3758 4635 3821 4687 ἄν

2252 4730 2461 4795 πάντας
2493 4731 2611 4801 οὐχὶ
2641 4730 2945 4801 βρωμάτων
2982 4730 3138 4800 μόνον
3169 4730 3512 4799 ἐγκράτειαν,
3557 4724 3693 4778 ἀλλά
3727 4725 3822 4777 οιαὶ

2252 4822 2633 4895 φιλαργυρίας,
2656 4823 2751 4876 καὶ
2780 4820 3106 4886 πλεονεξίας,
3142 4821 3234 4873 καὶ
3255 4820 3435 4889 πάσης
3461 4815 3660 4878 κακίας
3688 4831 3822 4867 παν*

2252 4911 2376 4982 τελῆ
2400 4912 2576 4983 φυγὴν
2604 4913 2697 4966 καὶ
2719 4911 3091 4983 ἀλλοτρίωσιν.
3112 4904 3211 4963 ’Ὧν
3239 4906 3645 4989 ἐξαιρεθέντων,
3671 4904 3824 4958 οὐδὲν

2255 5216 2344 5270 τὸν
2371 5216 2709 5301 πρεσϐύτῦην·
2738 5216 3134 5288 αἰδεσιμωτάτη
3167 5217 3296 5340 γάιρ.
3462 5286 3492 5299 η

2328 5286 2441 5340 (85)
2482 5286 2621 5340 Editi
2650 5286 2955 5340 ἐξομαλίζει
2985 5287 3182 5340 μάνην.
3275 5297 3295 5339 t
3343 5285 3492 5340 Remi

2328 5285 3187 5370 (8E?)_Edigr‘égouatifgét-pcjt‘xqv.
3225 5285 3306 5370 At
3343 5285 3495 5370 Regii
3540 5294 3824 5370 tres_mss.

2256 5357 2562 5436 ettotidetn
2591 5356 2890 5412 Colbertini
2932 5366 2985 5413 et
3029 5356 3198 5413 Coisl.
3248 5356 3500 5429 ἐξορίζει,
3539 5356 3711 5410 multo
3741 5371 3828 5415 tte-

2257 5435 2441 5563 cu(t'lsti)
2465 5497 2618 5553 Colb.
2652 5498 2863 5569 primus
2895 5496 3102 5559 πόλεως
3130 5477 3457 5620 ἐξέρίίονται,
3791 5528 3797 5535 η

2330 5566 2442 5620 (87)
2510 5568 2687 5620 Codex
2756 5567 3001 5620 Combef.
3071 5567 3168 5620 τὸν.
3233 5565 3350 5620 ’ὼϐ
3406 5566 3652 5620 λόγον....
3722 5563 3797 5619 oti

2261 5638 2282 5651 η
2330 5566 2442 5688 (ἓἹ)
2510 5563 2687 5626 (10(ιώ
2756 5567 3001 5625 Combel‘.
3071 5567 3168 5621 τὸν.
3222 5563 3350 5621 ’Ἰὼϐ
3406 5566 3652 5635 λόγον....
3722 5563 3831 5619 οὐδ’

2257 5654 2322 5691 αν
2383 5653 2446 5707 ⁸ν.
