4052 6214
272 347 364 400 DE

1478 343 1564 396 DE
1601 341 1874 398 JEJUNlO
1914 343 2199 398 HOMILIA
2239 343 2304 399 ll.

3429 347 3532 404 194

269 464 495 518 ἐκώλυεν
522 467 580 516 ἐν
615 463 812 534 εἰρήνῃ
839 461 1047 533 βαθείᾳ.
1082 461 1198 533 (88)
1228 461 1333 531 ξκαὶ
1375 461 1644 534 ἀταραξίᾳ
1669 461 1855 532 ψυχῶν

1960 461 2400 531 temperantiam,
2433 475 2624 514 verum
2665 460 2829 514 etiam
2861 461 2930 514 ab
2957 461 3185 514 avaritia
3215 469 3268 514 et
3299 462 3530 532 rapinis,

270 559 360 627 τὴν
386 556 526 626 ζωὴν
555 557 708 624 ἡμᾶς
741 556 1163 627 παραπέμπειν.

1963 552 2196 621 denique
2238 550 2306 603 ab
2353 551 2502 605 omni
2537 550 2670 604 vitio
2702 566 2932 619 prorsus
2967 551 3266 607 abhorrere
3301 561 3354 607 et
3403 553 3536 607 alie-

272 666 394 703 num
424 664 564 702 esse.
615 649 835 712 Quibus
884 649 1206 718 exstirpatis
1245 649 1380 702 nihil
1419 657 1628 705 vetaret
1659 650 1955 720 quominus
1998 657 2051 702 et
2079 662 2182 702 nos
2205 645 2260 699 in
2284 645 2391 698 alta
2451 661 2584 716 pace
2651 647 3064 716 animorumque
3137 647 3536 717 tranquillitate

275 741 430 793 vitam
469 748 716 793 nostram
755 740 1288 794 transmitteremus.

343 837 392 887 t3.
417 832 526 884 Νῦν
554 833 612 884 δὲ
649 835 697 884 οἱ
739 833 841 902 μὲν
864 832 962 902 τὴν
994 831 1248 901 νηστείαν
1263 831 1736 901 ἀποπεμπόμενοι,
1754 829 1852 900 τὴν

275 925 473 997 τρυφὴν
500 925 556 976 δὲ
588 925 670 986 ὡς
702 924 1089 995 μακαριότητα
1123 923 1237 992 βίου
1282 922 1722 993 μεταδιώκοντες,
1761 922 1852 973 τόν

276 1035 328 1069 τε
357 1015 516 1067 πολὺν
545 1016 759 1066 ἐκεῖνον
789 1014 896 1065 τῶν
929 1013 1115 1066 κακῶν
1154 1013 1316 1082 ἐσμὸν
1344 1015 1727 1084 ἐπεισήγαγον,
1760 1012 1853 1063 καὶ

277 1113 335 1162 τα
358 1107 559 1167 ἑαυτῶν
593 1105 1112 1176 προσδιαφθείρουσι
1161 1105 1402 1175 σώματα.
1454 1103 1849 1175 Παρατήρησόν

281 1218 361 1270 μοι
389 1199 497 1250 τῶν
542 1196 861 1266 προσώπων
903 1199 1002 1269 τὴν
1045 1198 1326 1268 διαφορὰν,
1367 1198 1473 1251 τῶν
1514 1216 1573 1250 τε
1613 1197 1850 1267 σήμερον

279 1309 354 1343 σοι
379 1289 517 1342 κατὰ
547 1290 649 1357 τὴν
679 1289 921 1356 ἑσπέραν
955 1290 1344 1360 φανησομένων
1379 1291 1472 1341 καὶ
1498 1289 1608 1340 τῶν
1641 1286 1898 1360 etSp-iovi”

279 1385 508 1452 Σήμερον
545 1379 821 1440 οΰοῦντα,
865 1380 1171 1450 ὑπέρυθρα,
1208 1380 1391 1451 ἱδρῶτι
1434 1380 1613 1450 λεπτῷ
1649 1382 1850 1444 νοτιζο-

281 1492 428 1544 μενα,
474 1473 749 1542 ὀφθαλμοὶ
790 1472 1018 1540 ὃίυγροι,
1057 1477 1364 1542 προπετεῖς,
1402 1475 1460 1526 τὸ
1497 1473 1720 1544 ἀκριϐὲς
1753 1475 1849 1543 τῆς

281 1564 425 1634 αἱσθή
437 1581 570 1626 σεως
591 1565 660 1615 ἐκ
688 1563 791 1631 τῆς
814 1562 1023 1615 ἔνδοθεν
1048 1564 1242 1632 ἀχλύος
1272 1564 1633 1634 ἀφῃρημένοι·
1665 1563 1852 1634 αὔριον

277 1658 328 1709 ῑὲ
355 1655 799 1725 κατεσταλμένα,
835 1654 1027 1724 σεμνὰ,
1069 1655 1164 1725 τὴν
1205 1657 1269 1706 ὲκ
1308 1656 1404 1726 τῆς
1447 1655 1658 1722 φύσεως
1689 1656 1852 1726 χρόαν

2031 820 2084 874 6.
2127 818 2283 892 Nunc
2315 833 2446 872 vero
2486 819 2578 888 qui
2634 826 2692 871 ut
2725 818 2994 886 jejunium
3031 820 3304 889 rejiciunt,
3336 825 3410 879 ita
3441 827 3536 881 de-

1959 913 2115 968 licias
2150 921 2406 981 tanquam
2457 912 2512 964 in
2558 912 2644 965 b-is
2678 913 2780 965 sita
2812 913 2883 966 sit
2927 914 3050 966 vitae
3083 914 3336 978 felicitas,
3370 935 3538 988 expe-

1958 1011 2100 1068 tunt,
2134 1018 2242 1056 non
2275 1010 2484 1054 tantum
2518 1001 2787 1055 inﬁnitum
2820 1003 2952 1056 illud
2985 1005 3242 1058 vitiorum
3298 1023 3532 1064 examen

1959 1094 2311 1154 induxerunt,
2358 1107 2545 1146 verum
2589 1101 2642 1145 et
2675 1109 2774 1146 sua
2828 1095 3069 1161 ipsorum
3119 1111 3351 1165 corpora
3411 1115 3535 1153 cora

1954 1192 2236 1253 rumpunt.
2266 1181 2510 1236 Observa
2554 1183 2685 1236 mihi
2740 1184 2989 1236 vultuum
3043 1185 3382 1254 discrimen,
3416 1199 3532 1244 tum

1952 1290 2142 1330 eorum
2169 1273 2262 1342 qui
2307 1273 2468 1326 hodie
2491 1273 2594 1326 sub
2625 1289 2906 1342 vesperam
2942 1277 3379 1345 conspiciemur,
3414 1289 3530 1337 tum

1953 1381 2142 1420 eorum
2165 1365 2257 1434 qui
2283 1379 2407 1417 cras
2447 1365 2810 1434 apparebunt.
2853 1365 3025 1422 Hodie
3063 1376 3297 1434 tument,
3331 1374 3532 1428 rubore

1953 1457 2172 1520 sulfusi,
2223 1458 2424 1511 sudore
2472 1457 2622 1510 tenui
2680 1469 2956 1524 rorantes,
3014 1464 3160 1516 oeuli
3218 1463 3530 1530 humentes.

1959 1566 2244 1621 procaces,
2283 1558 2447 1618 atque
2477 1550 2547 1602 ob
2573 1550 2842 1604 internam
2880 1553 3167 1622 caliginem
3197 1564 3388 1610 exacta
3415 1573 3533 1610 cer-

1959 1641 2122 1693 nendi
2167 1641 2424 1693 facultate
2458 1642 2653 1710 privati
2686 1662 2698 1696 :
2733 1645 2974 1697 crastino
3020 1662 3151 1700 vero
3192 1647 3278 1702 die
3322 1648 3535 1704 videbis

277 1748 609 1801 ἁπολαὸὁντα
655 1746 789 1815 (89),
837 1747 1084 1808 συννοίας
1143 1747 1379 1815 γέμοντα
1428 1748 1522 1799 καὶ
1553 1747 1732 1815 πάσης
1773 1748 1855 1797 at-

1960 1732 2176 1785 eosdem
2211 1733 2392 1786 vultus
2437 1735 2794 1801 compositos,
2833 1751 3045 1803 graves,
3080 1739 3263 1792 colore
3295 1742 3532 1796 naturali

278 1842 510 1908 σθήσεως
544 1838 836 1909 ἀκριϐοῦς,
874 1838 1129 1908 οὐδεμιᾶς
1156 1837 1365 1889 ἔνδοθεν
1395 1837 1574 1898 αἰτίας
1601 1839 1720 1898 ταῖς
1753 1854 1853 1904 φυ-

277 1935 445 1991 σικαῖς
476 1931 790 2001 ἐνεργείαις
824 1929 1237 1998 ἐπισκοτούσης.
1269 1929 1508 1997 Νηστεία
1548 1931 1579 1999 ἡ
1617 1929 1724 1979 τῶν
1756 1930 1853 1994 ἀγ-

277 2022 438 2088 γέλων
475 2021 765 2089 ὁμοίωσις,
811 2022 843 2090 ἡ
896 2020 1005 2071 τῶν
1053 2019 1274 2071 δικαίων
1313 2019 1636 2087 ὁμόσκηνος,
1683 2022 1711 2071 ὁ
1756 2018 1850 2070 τοῦ

281 2113 388 2181 βίου
442 2112 846 2183 σωφρονισμός.
903 2110 1054 2179 Αῦτη
1115 2111 1410 2179 νομοθέτην
1471 2109 1695 2180 ἐποίησε
1761 2111 1852 2162 τὸν

281 2205 526 2270 Μωῦσῆν·
552 2205 812 2272 νηστείας
835 2203 952 2254 ἐστὶ
973 2202 1181 2272 καρπὸς
1205 2201 1476 2270 Σαμουὴλ.
1502 2199 1853 2268 Νηστεὺουσα

281 2294 617 2363 arenae-351:0
631 2293 711 2363 τῷ
732 2293 850 2363 Θεῷ
871 2296 1059 2344 Ἄννα·
1091 2292 1328 2346 Ἀδωναῒ
1341 2294 1534 2358 Κύριε,
1563 2291 1850 2359 Ἐλωῒςθθρ

278 2386 532 2448 Σαϐαὼθ,
566 2387 678 2438 ἐὰν
715 2386 1056 2438 ἐπιϐλέπων
1083 2386 1413 2452 ἐπιϐλέψῃς
1438 2384 1535 2436 ἐπὶ
1569 2383 1684 2448 τὴν
1714 2382 1852 2434 δού-

274 2480 392 2541 λην
419 2493 558 2538 σου,
596 2478 696 2529 καὶ
728 2475 849 2541 δῷς
870 2494 973 2544 μοι
999 2475 1234 2543 σπέρμα
1257 2475 1498 2542 ἀνδρὸς,
1537 2474 1708 2526 δώσω
1750 2476 1855 2527 αὺ-

277 2567 377 2617 t.-_'.r
404 2568 664 2620 ἐνώπιόν
695 2583 812 2620 σου
852 2568 1050 2620 δοτόν,
1099 2563 1274 2618 Οἶνον
1305 2566 1404 2617 καὶ
1431 2568 1641 2633 σίκερα
1673 2567 1742 2619 οὐ
1766 2565 1851 2632 μὴ

273 2660 393 2709 ,τίοι
420 2659 551 2728 (91),
590 2659 704 2722 ἕως
752 2657 980 2726 ἡμέρας
1027 2656 1283 2710 θανάτου
1325 2657 1532 2710 αὑτοῦ.
1576 2656 1724 2727 Αὕτη
1763 2658 1853 2708 τὸν

276 2747 439 2817 μέγαν
471 2748 713 2817 Σαμψὼν
755 2748 1130 2818 ἐτιθηνήσατο,
1172 2747 1265 2799 καὶ
1300 2747 1402 2810 ’έως
1435 2748 1523 2800 ὅτε
1563 2749 1854 2819 συμπαρῆν

271 2838 348 2909 τῷ
371 2840 542 2909 ἀνδρὶ,
575 2839 721 2891 κατὰ
753 2838 959 2907 χιλίους
993 2837 1219 2889 ἔπιπτον
1246 2838 1293 2890 οἱ
1321 2837 1592 2905 πολέμιοι,
1625 2839 1719 2889 καὶ
1754 2837 1856 2889 πὺ-

272 2929 359 2982 ὶαι
379 2931 488 3002 (9'2)
529 2931 742 2984 πόλεων
783 2929 1123 2992 ἁνεσπῶντο,
1160 2929 1251 2980 καὶ
1281 2929 1492 2993 λέοντες
1519 2930 1628 2982 τῶν
1657 2930 1854 2999 χειρῶν

272 3022 368 3092 τὴν
402 3025 555 3091 ἰσχὺν
601 3023 703 3090 οὑχ
749 3021 1064 3089 ὑφίσταντο.
1117 3021 1244 3072 Ὅτε
1286 3019 1341 3072 δὲ
1386 3019 1522 3091 μέθη
1560 3022 1720 3073 αὑτὸν
1761 3022 1855 3073 καὶ

1961 1831 2198 1890 recepto.
2255 1832 2368 1876 toto
2411 1824 2600 1877 habitu
2653 1838 2974 1892 praesentem
3036 1831 3276 1883 animum
3329 1848 3438 1901 prae
3472 1849 3533 1889 se

1960 1914 2218 1978 ferentes,
2255 1918 2512 1974 omnibus
2569 1921 2822 1974 sensibus
2861 1923 3108 1990 integris,
3152 1933 3338 1993 utpote
3391 1943 3526 1997 quo-

1959 2023 2078 2060 rum
2114 2011 2455 2064 naturalibus
2486 2013 2798 2066 actionibus
2836 2014 2984 2064 nulla
3037 2015 3184 2068 intus
3225 2031 3390 2072 causa
3452 2027 3534 2074 te-

1958 2097 2158 2150 nebras
2189 2098 2441 2154 oll'undit.
2492 2100 2769 2168 Jejunium
2805 2103 3107 2157 similitudo
3131 2114 3214 2159 est
3251 2108 3532 2164 hominum

1959 2201 2081 2238 cum
2122 2189 2350 2255 angelis,
2381 2189 2656 2255 justorum
2704 2193 3142 2258 contubernalis,
3191 2197 3315 2250 vita
3348 2201 3536 2254 mode-

1958 2277 2114 2328 ratio.
2164 2274 2268 2328 Per
2299 2276 2570 2345 jejunium
2605 2276 2820 2348 Moyses
2850 2279 3028 2336 factus
3085 2292 3169 2338 est
3212 2285 3531 2355 legislator:

1953 2365 2146 2434 jejunii
2183 2365 2396 2422 fructus
2431 2376 2514 2422 est
2573 2369 2811 2424 Samuel.
2852 2370 3115 2440 Jejunans
3145 2375 3302 2429 Anna
3361 2377 3533 2433 Deum

1959 2457 2246 2526 deprecata
2305 2469 2430 2512 est:
2479 2460 2691 2514 Adonei
2729 2461 2966 2527 Domine,
3005 2463 3130 2517 Elei
3177 2465 3432 2532 Sabaoth,
3484 2471 3534 2522 εἰ

1960 2551 2238 2616 respiciens
2272 2553 2559 2617 respexeris
2601 2553 2668 2604 ad
2703 2556 2957 2608 ancillam
3005 2567 3173 2621 tuam,
3227 2559 3535 2629 dederisque

1961 2641 2090 2694 mihi
2116 2659 2287 2695 semen
2331 2645 2450 2707 viri,
2500 2644 2637 2697 dabo
2667 2646 2804 2698 illud
2860 2648 2913 2698 in
2962 2660 3240 2717 conspectu
3302 2660 3389 2703 tuo
3437 2651 3534 2704 do—

1960 2749 2084 2785 num
2112 2734 2177 2785 ⁶¹.
2219 2733 2406 2786 Vinum
2437 2745 2485 2788 et
2519 2737 2744 2789 siceram
2775 2754 2877 2790 non
2913 2738 3071 2802 bibet,
3104 2757 3266 2810 usque
3294 2741 3362 2794 ad
3397 2743 3535 2796 diem

1962 2826 2132 2877 obitus
2171 2827 2255 2877 sui
2279 2826 2343 2878 ⁸³.
2376 2825 2652 2895 Jejunium
2687 2845 2940 2898 magnum
2975 2831 3125 2884 illum
3175 2832 3534 2902 Satupsonem

1960 2911 2232 2974 educavit,
2305 2910 2467 2980 idque
2525 2912 2767 2982 quaudiu
2846 2915 2965 2969 viro
3032 2916 3208 2980 all'uit,
3265 2918 3537 2972 cadebant

1962 3001 2147 3057 hostes
2196 3003 2365 3064 mille,
2409 3003 2625 3056 urbium
2678 3012 2848 3074 porta;
2898 3007 3294 3072 evellebantur,
3349 3010 3536 3064 leones

273 3115 494 3183 πορνεία
531 3113 873 3182 παρέλαϐον,
920 3111 1196 3182 ἁλώσιμος
1233 3109 1301 3182 ἦν
1344 3116 1454 3175 τοῖς
1495 3115 1727 3183 ἐχθροῖς,
1766 3114 1855 3165 καὶ

1961 3094 2128 3146 robur
2150 3110 2409 3148 manuum
2452 3096 2600 3150 illius
2632 3113 2742 3151 non
2790 3100 3140 3153 sustinebant
3172 3099 3236 3153 “.
3268 3101 3336 3154 At
3370 3101 3536 3156 simul

271 3205 378 3254 τῶν
419 3202 720 3272 ὀφθαλμῶν
770 3202 1076 3273 στερηθεὶς,
1128 3204 1375 3270 παίγνιον
1423 3203 1708 3273 προέκειτο
1746 3206 1857 3265 τοῖς

277 3295 581 3364 παιδαρίοις
622 3293 732 3344 τῶν
782 3294 1118 3362 ἀλλοφύλων.
1160 3292 1476 3361 Νηστεὺσας
1516 3293 1624 3366 (95)
1673 3294 1856 3355 Ἠλίας

277 3387 560 3438 ἀπέκλεισε
583 3385 676 3436 τὸν
699 3387 761 3437 οὑ
771 3386 929 3455 ρανὸν
949 3385 1074 3456 τρία
1096 3385 1188 3455 ἐτη
1212 3387 1305 3437 καὶ⁹
1327 3385 1499 3455 μῆνας
1522 3386 1600 3451 ἓξ.
1640 3385 1856 3455 Ἐπειδὴ

278 3477 379 3547 γὰρ
409 3475 514 3529 εἶδε
549 3477 757 3546 πολλὴν
786 3478 850 3529 ὲκ
884 3477 977 3530 τοῦ
1008 3477 1174 3547 κόρου
1207 3478 1528 3547 τικτομένην
1554 3479 1653 3548 τὴν
1679 3476 1855 3547 ὓϐριν,

279 3571 587 3637 ἀναγκαίως
612 3572 800 3632 αὑτοῖς
828 3569 924 3639 τὴν
949 3570 1208 3621 ἀκούσιον
1225 3571 1288 3623 ἐκ
1309 3569 1400 3622 τοῦ
1425 3569 1584 3639 λιμοῦ
1606 3569 1858 3640 νηστείαν

280 3664 540 3732 ἐσήγαγε·
571 3663 642 3715 δι’
662 3657 731 3733 ἧς
756 3662 893 3732 πρὸς
918 3661 979 3714 τὸ
1006 3663 1243 3731 ἄμετρον
1269 3662 1370 3731 ἤδη
1396 3661 1659 3732 χεομένην
1681 3661 1858 3713 αὐτῶν

281 3755 371 3823 τὴν
398 3755 679 3824 ἁμαρτίαν
714 3753 965 3822 ἔστησεν,
1000 3747 1113 3805 οἷον
1147 3754 1382 3823 καυτῆρί
1419 3770 1526 3805 τινι
1559 3753 1592 3824 ἢ
1623 3755 1760 3822 τομῇ
1791 3755 1855 3821 τῇ

280 3847 492 3917 νηστεία
519 3848 624 3917 τὴν
653 3849 734 3908 είς
755 3847 813 3898 τὸ
836 3845 995 3897 πλέον
1017 3845 1241 3915 πρόοδον
1266 3844 1359 3898 τοῦ
1385 3844 1554 3898 κακοῦ
1576 3844 1855 3912 διακόψας.

351 4110 395 4164 7.
415 4110 654 4176 Δέξασθε
673 4111 865 4180 αὑτὴν,
883 4113 930 4162 οἱ
947 4110 1197 4179 πένητες,
1216 4110 1311 4181 τὴν
1330 4110 1573 4163 σύνοικον
1595 4111 1746 4180 ὑμῶν
1767 4111 1860 4163 καί

282 4199 680 4270 ὁμοτράπεζον.
718 4201 778 4252 Oi
811 4200 1005 4260 δοῦλοι,
1029 4199 1126 4269 τὴν
1151 4199 1454 4252 ἀνάπαυσιν
1483 4199 1592 4251 τῶν
1623 4201 1858 4268 συνεχῶν

279 4291 374 4358 τῆς
404 4291 720 4360 ὑπηρεσίας
747 4290 1026 4358 καμάτων.
1057 4290 1119 4341 Οί
1155 4288 1418 4350 πλούσιοι,
1451 4290 1550 4358 τὴν
1584 4289 1859 4358 ἰατρεύου-

283 4398 375 4434 σιν
401 4383 545 4451 ὑμᾶς
578 4381 678 4450 1i;
715 4383 778 4432 ὲκ
805 4379 900 4432 τοῦ
928 4379 1088 4449 κόρου
1119 4378 1339 4448 βλάϐης,
1364 4380 1455 4432 καὶ
1484 4383 1548 4447 τῇ
1586 4379 1853 4449 μεταϐολῇ

1960 3193 2122 3254 atque
2159 3186 2397 3242 ebrietas
2437 3203 2499 3241 ac
2553 3190 2816 3243 scortatio
2857 3192 3213 3260 apprehendit
3236 3193 3533 3256 hominem,

1959 3277 2118 3332 facile
2155 3278 2209 3331 in
2241 3294 2438 3332 manus
2464 3279 2704 3333 hostium
2734 3282 2946 3345 incidit,
3007 3292 3170 3351 atque
3211 3285 3534 3339 exoculatus

1961 3383 2057 3437 pro
2086 3367 2214 3422 ludo
2240 3369 2526 3439 expositus
2561 3380 2646 3425 est
2687 3372 2872 3440 pueris
2910 3373 3361 3443 alienigenarum.
3389 3374 3540 3431 Elias

1959 3474 2083 3512 cum
2146 3459 2451 3528 jejunasset
2507 3461 2706 3517 clausit
2777 3463 2976 3516 coelum
3053 3475 3164 3519 tres
3228 3479 3402 3518 annos
3471 3479 3536 3518 ac

1960 3566 2180 3605 menses
2214 3567 2307 3605 sex
2341 3553 2408 3604 ⁸⁸.
2449 3550 2662 3605 Etenim
2702 3567 2827 3607 cum
2858 3555 3068 3609 videret
3105 3556 3332 3609 multam
3381 3555 3535 3610 nasci

1960 3657 1989 3695 e
2030 3643 2280 3697 satietate
2324 3643 2707 3712 petulantiam,
2758 3645 3053 3700 accedente
3106 3645 3250 3701 fame
3282 3646 3405 3702 illos
3451 3647 3536 3701 in-

1961 3735 2103 3790 vitos
2140 3735 2318 3804 coegit
2347 3733 2637 3803 jejunare;
2683 3750 2858 3804 eoque
2902 3746 3126 3805 peccata
3161 3737 3378 3791 illorum
3417 3737 3533 3807 jam

1962 3826 2017 3879 in
2040 3828 2363 3882 immensum
2385 3828 2730 3881 excurrentia
2753 3829 3016 3891 cohibuit,
3035 3829 3164 3883 dum
3185 3829 3392 3899 jejunio
3424 3831 3535 3884 vel-

1962 3928 2021 3972 ut
2073 3918 2289 3972 ustione
2348 3923 2442 3970 aut
2486 3917 2731 3972 sectione
2781 3916 3054 3987 quadam,
3100 3918 3363 3989 majorem
3405 3920 3533 3974 mali

1958 4026 2308 4080 progressum
2343 4009 2654 4078 interrupit.

1979 4149 1982 4152 .
2034 4102 2084 4154 7.
2111 4101 2355 4170 Excipite
2375 4101 2498 4163 hoc,
2533 4115 2823 4171 pauperes,
2854 4100 3245 4156 contubernale
3270 4101 3442 4162 vobis.
3469 4117 3532 4156 ac

1961 4208 2164 4247 mensae
2190 4191 2421 4246 socium.
2450 4189 2718 4259 Excipite,
2765 4192 2931 4254 servi,
2969 4192 3046 4244 uti
3080 4191 3476 4246 relaxationem
3499 4209 3531 4246 a

1960 4287 2240 4352 perpetuis
2269 4282 2479 4336 servitii
2507 4281 2807 4334 laboribus.
2848 4279 3113 4349 Excipite,
3145 4282 3360 4346 divites,
3387 4282 3533 4351 quod

1961 4391 2117 4429 noxas
2141 4389 2170 4427 a
2194 4376 2323 4428 luxu
2354 4374 2506 4428 vobis
2549 4374 2711 4425 illatae
2741 4373 3041 4437 medeatur,
3075 4373 3328 4442 quodque
3368 4374 3505 4428 vicis

279 4472 614 4542 τερπνότερα
661 4470 928 4523 ποιοῦσαν.
963 4469 1031 4522 τὰ
1073 4469 1178 4520 ὑπὸ
1217 4469 1316 4536 τῆς
1365 4469 1648 4538 συνηθείας
1692 4485 1855 4542 κοιτα-

1968 4469 2202 4522 situdine
2251 4476 2304 4520 et
2351 4468 2595 4520 novitate
2657 4465 2816 4518 vobis
2859 4465 3186 4533 jucundiora
3235 4465 3425 4520 reddat
3467 4480 3530 4519 ea

279 4560 642 4631 ego'mfagsva.
683 4561 746 4610 Οἱ
792 4559 1085 4629 ἄρρωστοι,
1128 4557 1225 4628 τὴν
1261 4557 1359 4627 τῆς
1403 4559 1590 4626 ὑγείας
1627 4559 1858 4629 μητέρα,

278 4654 338 4705 Oi
371 4651 749 4712 εὑεκτοῦντες,
791 4651 851 4702 τὸ
888 4653 984 4719 τῆς
1031 4649 1239 4714 εὐεξίας
1282 4650 1433 4719 ὑμῶν
1474 4651 1857 4721 φυλακτήριον.

295 4745 597 4814 Ἐρώτησον
632 4745 762 4804 τοὺς
806 4744 1041 4811 ἰατροὺς,
1091 4742 1181 4793 καὶ
1225 4740 1584 4808 ἁναγγελοῦσί
1631 4759 1733 4802 σοι,
1776 4743 1858 4793 ὅτι

282 4834 703 4906 σφαλερώτατον
731 4835 850 4884 ἐστι
885 4834 1100 4884 πάντων
1189 4833 1272 4884 ἐπ’
1306 4833 1471 4903 ἄκρον
1505 4831 1703 4897 εὐεξία.
1739 4832 1857 4883 Διό-

281 4939 381 4994 περ
403 4924 490 4976 διὰ
519 4922 782 4993 νηστείας
807 4921 1095 4991 ὑφαιροῦσι
1124 4921 1184 4972 τὸ
1206 4920 1496 4983 πλεονάζον
1523 4922 1570 4972 οί
1600 4921 1857 4990 ἐμπειρὸ-

281 5030 442 5076 τατοι,
465 5014 546 5076 ὡς
581 5011 656 5081 μὴ
686 5011 762 5080 τῷ
797 5010 953 5080 βάρει
979 5011 1077 5079 τῆς
1116 5010 1481 5078 πολυσαρκίας
1519 5009 1858 5078 ὑποκλασθῆ-

281 5121 364 5155 ναι
404 5105 502 5174 τὴν
543 5103 798 5171 δύναμιν.
849 5100 1190 5172 Ἐξεπίτηδες
1232 5101 1341 5170 γὰρ
1377 5099 1464 5153 διὰ
1511 5101 1608 5169 τῆς
1653 5098 1858 5162 ἐνδείας

349 5256 390 5286 ⁸³
431 5254 449 5308 l
485 5254 618 5325 Reg.
657 5270 709 5318 ι,
748 5255 839 5308 11.
918 5254 964 5286 ⁸³
999 5253 1177 5308 Judic.
1215 5269 1344 5319 xut,
1378 5256 1464 5309 14.

355 5408 459 5477 (88)
492 5408 644 5478 Regii
668 5410 779 5462 duo
810 5407 1030 5478 codices
1056 5407 1287 5462 ἐκώλυεν
1315 5412 1370 5462 έν
1397 5409 1602 5478 γαλήνῃ
1640 5407 1850 5478 βαθείᾳ.

293 5475 626 5557 ίίιιιιᾱιοιιέο
662 5479 795 5533 editi
828 5479 930 5557 τὴν
979 5475 1126 5557 ξωῂν
1176 5483 1268 5531 καὶ¹
1305 5475 1471 5550 ἡμᾶς.
1508 5475 1713 5533 Vocula
1759 5475 1851 5530 καί

292 5550 342 5600 in
369 5551 568 5603 nostris
599 5565 733 5604 mss.
757 5563 867 5602 non
897 5550 1193 5602 invenitur.
1418 5570 1422 5572 ·

358 5619 460 5688 (89ι
488 5617 638 5688 Unus
670 5618 845 5675 codex
862 5618 1068 5688 Regius
1098 5617 1261 5687 χρόαν
1290 5618 1640 5671 ἀναλαϐόντα.

271 5711 311 5759 '_
359 5687 463 5756 (90)
495 5687 632 5742 Editi
681 5699 919 5759 etumss.
953 5687 1163 5759 habent
1204 5690 1380 5741 Ἐλωΐ.
1416 5689 1482 5740 At
1509 5689 1660 5759 apud
1710 5687 1852 5741 LXX

269 5754 480 5825 ‘iegitur
513 5759 694 5816 Ἐλωέ.
742 5755 870 5814 tto:
912 5759 1047 5814 editi
1104 5755 1256 5810 δώσω
1301 5759 1448 5812 αὑτό.
1491 5754 1712 5828 Antiqui
1756 5774 1850 5813 sex

1544 5256 1588 5286 “
1621 5252 1802 5308 Judic.
1836 5268 1924 5319 xv,
1962 5251 2068 5320 16;
2104 5267 2194 5306 xvr
2217 5294 2231 5318 ,
2267 5253 2339 5320 ὃς
2376 5268 2487 5314 xw,
2521 5254 2574 5306 6.

1967 4573 2085 4624 qua:
2119 4572 2266 4609 nunc
2295 4556 2362 4609 ob
2399 4555 2810 4609 assuetudinem
2841 4555 3216 4610 fastidiuntur.
3262 4556 3530 4625 Excipite,

1967 4648 2109 4701 male
2135 4648 2400 4709 valentes,
2447 4647 2699 4702 sanitatis
2745 4654 2994 4702 matrem.
3055 4645 3158 4712 Qui
3193 4646 3337 4700 bona
3393 4646 3530 4700 estis

1967 4735 2302 4801 habitudine,
2361 4737 2596 4804 excipite
2632 4735 2788 4788 bonae
2840 4744 3034 4790 vestrae
3064 4735 3398 4788 babitudinis
3429 4751 3527 4788 cu-

1964 4827 2194 4882 stodem.
2227 4828 2502 4895 Interroga
2534 4827 2794 4893 medicos,
2820 4841 2883 4882 ac
2911 4827 3093 4880 dicent
3121 4827 3216 4880 tibi
3244 4827 3378 4880 nihil
3408 4842 3532 4882 esse

1962 4917 2328 4985 periculosius
2383 4916 2704 4971 habitudine
2763 4918 3011 4986 corporis
3069 4924 3308 4972 extreme
3364 4918 3529 4974 bena.

1961 5009 2303 5075 Quapropter
2361 5008 2454 5075 qui
2490 5008 2806 5075 peritissimi
2846 5017 2972 5062 sunt
3026 5008 3194 5071 artis,
3249 5021 3346 5076 per
3386 5007 3532 5076 jeju-

1961 5099 2111 5154 nium
2143 5098 2440 5153 detrahunt
2465 5097 2850 5162 redundantia,
2872 5113 2939 5152 ne
2963 5099 3044 5151 vis
3069 5106 3276 5151 natura:
3293 5098 3532 5167 pondere

2651 5254 2695 5284 ⁸⁵
2738 5251 2802 5304 lll
2835 5251 2968 5321 Reg.
3008 5267 3154 5316 xvn,
3194 5253 3246 5309 1.

1955 5407 2078 5461 libri
2107 5408 2288 5460 αὐτόν.
2321 5407 2475 5465 Colb.
2505 5406 2697 5461 tertius
2727 5405 2881 5458 δώσω
2921 5424 3001 5459 σοι
3029 5408 3210 5460 αὐτόν.

2025 5478 2136 5548 (91)
2176 5477 2308 5547 Reg.
2338 5481 2546 5547 primus
2575 5477 2767 5546 σίκερα
2796 5478 2854 5528 οὑ
2890 5478 3089 5530 πίεται.
3116 5478 3221 5530 Alii
3253 5477 3362 5532 duo
3391 5492 3528 5534 mss.

1954 5549 2012 5600 οὑ
2039 5549 2110 5618 μὴ
2137 5549 2255 5618 πίῃ.

2026 5615 2135 5686 (9'2)
2174 5615 2234 5670 1ιῖ
2269 5617 2422 5669 Colb.
2479 5617 2638 5686 tertio
2677 5617 2871 5684 legitur
2923 5617 3086 5672 πύλαι
3135 5616 3359 5681 πόλεως.
3405 5615 3529 5672 Mox

1957 5689 2095 5742 idem
2121 5685 2294 5756 codex
2331 5685 2562 5756 πορνεία
2588 5687 2912 5756 παρέλαϐεν.

2026 5758 2134 5828 (95)
2173 5755 2321 5812 Unus
2343 5758 2511 5811 codex
2538 5754 2676 5829 Reg.
2703 5757 2998 5827 νηστεύων.
