4052 6214
505 323 612 381 195

1732 335 1823 390 -s.
1862 334 2111 391 nasum
2150 334 2365 414 mem

3664 345 3770 401 196

500 438 860 509 corpulentia;
887 439 1062 498 fracta
1093 445 1438 502 succumbat.
1491 445 1627 502 Nam
1655 450 1803 520 quod
1851 451 2075 507 nimium

2185 448 2506 517 καθελόντες
2526 469 2624 525 την
2651 456 2943 525 ἀμετριαν,
2976 453 3318 525 εὐρυχωρίαν
3346 458 3487 523 τινὰ,
3516 462 3611 514 καὶ
3636 465 3771 517 ἀνα-

501 539 606 597 est,
665 547 763 603 per
795 534 1032 590 inediam
1063 551 1129 591 ac
1162 537 1362 595 famem
1413 542 2079 611 consulto-detrahentes,

506 624 612 694 15
644 627 1002 696 capacitatem
1044 632 1345 700 quandam,
1379 649 1444 688 ac
1483 635 1711 703 alteram
1743 638 2077 693 rnutricatio-

502 730 653 782 nem,
708 719 1047 790 alteriusque
1100 723 1431 781 incrementi
1468 727 1800 798 principium
1834 729 2082 786 facultati

504 811 768 865 nutrieuti
815 820 1099 881 praestant.
1131 815 1283 871 Adeo
1343 820 1493 873 omni
1544 819 1798 875 instituto
1826 822 2084 893 omnique

424 968 427 971 _
505 902 756 970 corporis
789 902 1098 960 habitudini
1128 907 1321 978 jejunii
1351 913 1605 980 congruit
1627 912 1854 979 utilitas,
1902 928 1967 969 ac
1995 929 2085 985 pa-

502 991 639 1046 riter
669 995 853 1048 omnia
891 999 1245 1065 condecorat,
1275 999 1490 1068 domos,
1529 1002 1670 1068 fora,
1701 1012 1914 1069 noctes,
1938 1006 2078 1072 dies,

499 1084 771 1150 civitates,
798 1088 1040 1144 deserta.
1077 1079 1214 1145 Cum
1262 1093 1430 1164 igitur
1478 1101 1561 1149 tot
1600 1096 1779 1152 modis
1807 1112 1907 1153 sua
1929 1114 2081 1153 com-

499 1173 663 1229 moda
701 1177 862 1244 nobis
904 1179 1274 1249 impertiatur,
1316 1182 1564 1239 hilariter
1597 1184 1755 1250 illud,
1776 1187 1934 1256 juxta
1974 1187 2082 1243 Do-

499 1262 636 1327 mini
677 1276 1009 1337 praeceptum
1044 1269 1113 1334 “,
1149 1271 1510 1340 excipiamus,
1562 1289 1671 1328 non
1720 1276 1908 1330 tristes
1936 1277 2079 1331 sicut

498 1353 818 1426 hypocritae,
854 1360 948 1414 sed
983 1363 1184 1418 mentis
1207 1363 1543 1418 hilaritatem
1570 1365 1777 1436 absque
1809 1366 1938 1422 fuco
1964 1384 2078 1437 prae

498 1448 657 1502 nobis
686 1448 942 1507 ferentes.
979 1453 1307 1524 Quanquam
1342 1471 1452 1509 non
1482 1456 1725 1513 arbitror
1756 1466 1912 1515 tanto
1944 1461 2075 1515 mihi

497 1536 684 1594 labore
714 1526 1044 1611 opus'esse,
1100 1555 1159 1599 ut
1209 1561 1312 1601 vos
1370 1547 1439 1601 ad
1476 1548 1747 1617 jejunium
1798 1550 2074 1618 exhorter,

495 1637 703 1698 quanto
738 1639 797 1685 ut
828 1632 1085 1689 dehorter
1109 1652 1179 1690 ne
1205 1637 1330 1706 quis
1371 1637 1533 1692 hodie
1569 1639 1624 1693 in
1667 1641 1855 1694 vitium
1902 1642 2075 1698 ebrie-

495 1720 625 1776 tatis
653 1721 877 1777 incidat.
904 1723 1039 1777 Nam
1079 1727 1349 1796 jejunium
1381 1729 1600 1798 quidem
1644 1732 1907 1801 plerique.
1944 1748 2074 1803 par—

2186 538 2413 612 τροφὴν,
2448 543 2543 595 καὶ
2570 541 2741 615 ἀρχὴν
2777 543 3037 615 δευτέρας
3066 544 3348 616 αὐξήσεως
3385 551 3450 620 τῇ
3492 550 3767 627 θρεπτικῇ

2185 632 2411 704 δυνάμει
2440 635 2973 706 παρασκευάζουσιν.
3002 637 3158 691 Οὖτω
3186 640 3349 694 παντὶ
3371 642 3771 715 ἐπιτηδεύματι

2185 722 2280 775 καὶ
2326 723 2473 794 πασῃ
2526 722 2776 795 σώματος
2825 726 2936 790 ἕξει
2985 727 3046 781 τὸ
3099 732 3228 801 παρ’
3273 732 3445 803 αὐτῆς
3487 736 3772 807 ὠφέλιμον

2185 812 2422 883 ἀπαντᾷ,
2461 814 2555 867 καὶ
2592 816 2758 869 πᾶσιν
2797 818 3000 888 ὁμοίως
3044 821 3363 892 ἐπιπρέπει,
3410 829 3522 889 τοῖς
3568 831 3842 896 οῖκοις,ς

2182 907 2302 968 ταῖς
2334 906 2583 977 ἀγοραῖς,
2619 911 2737 972 ταῖς
2765 910 2904 976 νυξὶ,
2938 913 3061 975 ταῖς
3091 913 3346 985 ἡμέραις,
3391 921 3512 982 ταῖς
3549 921 3768 985 πόλεσι,

2181 997 2301 1058 ταῖς
2324 996 2600 1067 ἐρημίαις.
2634 999 2744 1069 Τὴν
2770 1000 2947 1055 τοίνυν
2976 1000 3064 1056 διὰ
3090 1004 3358 1059 τοσούτων
3386 1009 3517 1078 ἡμῖν
3545 1010 3605 1062 τὸ
3631 1012 3770 1081 παρ’

2183 1082 2381 1153 ἑαυτῆς
2425 1085 2589 1138 καλὸν
2634 1086 3001 1160 χαριζομένην
3054 1092 3295 1163 φαιδρῶς
3350 1097 3769 1170 ὑποδεξάψεθα,

2182 1175 2320 1228 κατὰ
2350 1176 2442 1229 τὸν
2468 1177 2560 1230 τοῦ
2590 1180 2796 1250 Κυρίου
2822 1180 2998 1250 λόγον,
3030 1183 3103 1254 μὴ
3130 1188 3771 1260 κατασκυθρωπάζοντες

2179 1266 2255 1329 ὡς
2282 1269 2329 1320 οἱ
2364 1269 2678 1341 ὑποκριταὶ,
2711 1271 2848 1324 ἀλλὰ
2874 1273 2935 1325 τὸ
2966 1273 3149 1346 ἱλαρὸν
3179 1278 3277 1348 τῆς
3302 1278 3480 1350 ψυχῆς
3508 1283 3772 1357 ἀνεπιτη-
3808 1320 3825 1322 ν

2178 1357 2376 1424 δεύτως
2401 1361 2812 1427 διαδεικνύντες.
2849 1366 2959 1419 Καὶ
2984 1368 3046 1420 οὐ
3075 1369 3326 1423 τοσούτου
3358 1389 3446 1441 μοι
3479 1373 3587 1428 δεῖν
3614 1377 3773 1445 ἀγῶ-

2179 1468 2266 1514 νος
2316 1453 2551 1523 ἡγοῦμαι
2600 1443 2731 1527 τήν]
2756 1457 2883 1528 περὶ
2922 1460 3176 1527 νηστείας
3212 1463 3576 1535 παράκλησιν,
3633 1443 3769 1521 ὅσου

2177 1543 2238 1596 τὸ
2272 1544 2345 1615 μὴ
2391 1546 2628 1616 σήμερόν
2666 1564 2785 1600 τινα
2833 1552 2946 1615 τοῖς
2990 1555 3178 1616 κακοῖς
3226 1554 3326 1625 τῆς
3377 1555 3547 1626 μέθης
3599 1574 3770 1630 περι-

2179 1638 2384 1691 πεσεῖν.
2419 1637 2532 1707 Τὴν
2569 1637 2667 1707 μὲν
2699 1640 2809 1711 γὰρ
2838 1642 3090 1711 νηστείαν
3115 1644 3210 1696 καὶ
3236 1644 3325 1698 διὰ
3348 1645 3446 1717 τὴν
3469 1648 3768 1718 συνήθειαν

2178 1726 2272 1780 καὶ
2305 1726 2393 1781 διὰ
2431 1729 2530 1800 τὴν
2571 1731 2707 1802 πρὸς
2750 1733 3012 1804 ἀλλήλους
3045 1735 3180 1789 αἰδὼ
3211 1740 3260 1791 οἱ
3305 1739 3488 1793 πολλοὶ
3526 1744 3770 1797 καταδέ-

494 1814 593 1865 tim
636 1813 706 1868 ob
754 1818 1231 1886 consuetudinem,
1264 1821 1465 1890 partim
1510 1821 1582 1877 ob
1629 1824 1890 1892 pudorem
1934 1826 2075 1881 inter

2181 1832 2381 1885 χονταιο
2404 1818 2676 1890 φοϐοῦμαι
2708 1820 2765 1874 δὲ
2791 1822 2889 1893 τήν
2922 1824 3115 1896 μέθην,
3138 1827 3224 1899 ἣν,
3252 1827 3441 1905 ὥσπερ
3461 1832 3584 1885 τινὰ
3617 1833 3768 1905 κλῆ-

494 1903 644 1975 ipsos
689 1916 960 1973 mutuum,
1021 1912 1358 1981 suscipiunt.
1412 1912 1619 1970 Verum
1688 1917 1758 1970 ab
1814 1917 2075 1974 ebrietate

2176 1924 2268 1977 ρον
2300 1910 2590 1981 πατρῷον,
2641 1916 2689 1966 oi
2729 1915 2955 1983 φίλοινοι
3003 1920 3380 1985 διασώζουσιν.
3429 1925 3516 1996 ’ῼς
3552 1925 3667 1999 γὰρ
3707 1932 3766 1983 τοί

493 2005 702 2061 metuo,
742 2015 907 2068 quam
942 2001 1231 2070 vinolenti,
1262 2020 1373 2059 non
1400 2006 1560 2062 aliter
1588 2022 1751 2077 quam
1788 2015 2073 2078 paternam

2181 2001 2312 2072 πρὸς
2342 2002 2443 2066 τὰς
2470 2007 2694 2077 ’μακρὰς
2725 2010 3035 2082 ἀποδημίας
3064 2014 3409 2086 ἀπαίροντες,
3441 2018 3583 2072 οὕτω
3609 2020 3768 2083 τινὲς

497 2085 903 2156 haereditatem,
965 2092 1249 2147 mordicus
1322 2100 1530 2150 tenent.
1602 2095 2072 2162 Quemadmodum

2181 2092 2280 2147 τῶν
2321 2093 2564 2166 ἀνοήτων
2595 2100 2834 2169 σήμερον
2863 2103 2999 2172 πρὸς
3026 2104 3123 2168 τὰς
3156 2106 3317 2161 πέντε
3344 2109 3453 2162 τῶν
3491 2112 3767 2180 νηστειῶν

490 2176 638 2231 enim
669 2177 765 2246 qui
810 2178 1166 2249 longinquam
1220 2181 1616 2252 profectionem
1655 2185 1944 2253 adornant,
1997 2189 2073 2243 ita

2181 2184 2386 2255 ἡμέρας
2423 2186 2732 2251 οίνίζονται.
2770 2190 2866 2254 Τίς
2903 2192 3077 2257 οὕτως
3114 2197 3364 2268 ἀνόητος,
3406 2176 3569 2265 ὥστε,
3621 2205 3767 2273 πρὶν

491 2271 745 2323 nonnulli
778 2273 1041 2327 vecordes
1072 2272 1233 2329 hodie
1268 2275 1533 2331 adversus
1569 2278 1812 2347 quinque
1860 2279 2072 2335 dierum

2181 2277 2437 2348 Ξρξασθαι
2482 2281 2677 2346 πίνειν,
2723 2283 2790 2337 τὰ
2834 2285 2943 2338 τῶν
2990 2288 3299 2357 μεθυόντων
3346 2271 3765 2367 παραφρονεῖνς

485 2362 758 2434 jejunium
779 2364 908 2418 vino
939 2364 1248 2435 indulgent.
1275 2366 1411 2432 Quis
1434 2376 1519 2422 est
1545 2385 1721 2439 usque
1749 2371 1887 2426 adeo
1914 2388 2073 2427 vesa-

2181 2368 2285 2422 υύκ
2312 2367 2478 2434 οἶδας,
2515 2372 2595 2426 ὅτι
2625 2375 2835 2445 γαστὴρ
2867 2379 3337 2451 παρακαταθήκην
3366 2362 3716 2450 ούήδιαῇσώζει
3741 2405 3764 2454 ;

489 2470 620 2519 nus,
649 2462 707 2508 ut
736 2455 1061 2525 priusquam
1092 2456 1281 2511 bibere
1315 2459 1563 2528 incipiat,
1591 2460 1868 2516 ebriorum
1918 2479 2071 2519 more

2181 2459 2387 2531 Γαστὴρ
2438 2463 2806 2536 συναλλακτής
2857 2468 3005 2522 ἐστιν
3066 2471 3444 2539 ἀπιστότατος·
3497 2483 3764 2549 ταμιεῖον

488 2543 722 2599 deliret?
742 2546 824 2598 An
846 2545 1069 2615 ignoras
1102 2547 1249 2616 quod
1275 2556 1467 2603 venter
1496 2565 1607 2603 non
1637 2558 1819 2606 servat
1847 2553 2071 2622 deposi-

2181 2550 2503 2619 Ξιφύλακτον,
2534 2554 2743 2609 πολλῶν
2781 2558 3238 2630 ἐναποτεθέντων,
3270 2564 3370 2636 τὴν
3409 2566 3507 2636 μὲν
3540 2543 3765 2641 βλάϐην

486 2636 629 2690 tum?
658 2634 861 2715 Venter
881 2644 966 2691 est
997 2638 1236 2706 pes$ima
1273 2638 1375 2694 fide
1420 2640 1474 2693 in
1505 2644 1817 2698 conventis.
1859 2643 2067 2699 Penum

2181 2645 2647 2729 παρέκατέχουσα,
2671 2648 2738 2700 τὰ
2774 2651 2957 2719 μέντοι
2988 2634 3367 2724 παρατεθέντα
3541 2634 3602 2713 οὗ
3634 2634 3763 2713 δια-

489 2711 911 2791 incustoditum,
942 2727 999 2779 in
1023 2729 1168 2796 quod
1193 2743 1316 2781 cum
1335 2730 1506 2783 multa
1522 2734 1854 2802 reposueris,
1871 2750 2069 2788 noxam

2181 2711 2438 2799 σῶξοῦσα.
2459 2711 2615 2810 ’Ὅρα
2648 2742 2742 2793 καὶ
2772 2711 2844 2813 μή
2879 2760 2959 2796 σοι
2988 2711 3174 2817 αὔριον
3204 2748 3311 2800 ἀπὸ
3343 2711 3515 2822 μέθης

488 2816 712 2885 quidem
765 2816 981 2883 retinet,
1027 2824 1084 2869 at
1134 2833 1244 2872 non
1304 2827 1486 2874 servat
1526 2822 1795 2892 deposita.
1849 2823 1979 2878 Vide
2001 2840 2071 2879 ne

2181 2822 2236 2875 τὰ
2279 2824 2373 2878 νῦν
2416 2826 2828 2896 ἀναγνωσθέντα
2874 2816 3067 2905 λεχθῇ-ν
3108 2838 3189 2890 Οὐ
3229 2816 3602 2908 ταύτηντὴν
3638 2858 3760 2911 νη-

490 2907 589 2962 tibi
618 2922 858 2979 quoque,
893 2909 941 2963 si
961 2924 1085 2964 cras
1118 2919 1240 2978 post
1271 2912 1591 2968 ebrietatem
1621 2916 2023 2977 veneris,dican
2042 2945 2068 2958 -

2181 2916 2381 2971 [ντείαν
2408 2916 2808 2988 ἐξελεξάμην.
2840 2922 3003 2993 λέγει
3032 2927 3265 2994 Κύριος.
3302 2929 3368 2982 Τί
3399 2907 3648 3000 μιγνύεις
3682 2907 3762 2985 τὰ

488 3007 580 3054 tur
607 3016 671 3056 ea
700 3017 823 3071 qua:
849 3002 1011 3056 modo
1042 3002 1183 3056 lecta
1226 3011 1357 3057 sunt
1389 3023 1402 3060 :
1447 3003 1573 3059 Non
1620 3006 1765 3060 istud
1798 3007 2066 3076 jejunium

2181 3006 2402 3077 Ξμικτα;
2441 3010 2538 3073 Τίς
2579 3013 2781 3084 μετοχὴ
2809 3017 3064 3085 νηστείας
3095 3020 3232 3090 πρὸς
3274 3021 3481 3093 μέθην;
3517 3023 3597 3087 τίς
3629 3040 3757 3078 κοι-

484 3090 637 3161 elegi,
668 3090 799 3144 dicit
825 3090 1084 3145 Dominus
1113 3092 1178 3146 ⁸⁷.
1216 3091 1360 3158 Quid
1414 3096 1617 3150 misces
1669 3111 1732 3152 ea
1789 3114 1910 3167 qua:
1962 3100 2066 3152 mi-

2181 3103 2332 3154 νωνία
2364 3106 2429 3174 τῇ
2464 3105 2780 3180 οἰνοφλυγία
2813 3110 2924 3177 (95)
2963 3112 3099 3182 πρὸς
3124 3116 3225 3186 τὴν
3250 3090 3611 3187 ὲὴκρᾶτειανς
3650 3120 3757 3188 Τις

485 3159 628 3237 sceri
661 3196 771 3237 non
825 3184 1094 3252 possunt?
1134 3183 1293 3250 Quod
1349 3188 1687 3242 consortium
1737 3191 2067 3246 temulentiae

2181 3159 2615 3261 τυγχατῖίθεσιξι
2798 3159 2945 3254 θεοῦ
2967 3159 3118 3270 μετὰ
3143 3159 3441 3272 είδώέῖωζη
3470 3159 3616 3274 Ναὸέ
3647 3159 3745 3281 ut:

482 3274 878 3344 cumjejunio?
909 3289 1030 3344 quae
1083 3276 1324 3331 societas
1368 3277 1680 3335 vinolentia;
1722 3296 1846 3335 cum
1897 3282 2067 3336 absti-

2181 3283 2276 3354 γὰρ
2303 3284 2436 3338 Θεοῦ
2460 3288 2596 3341 εἰσιν
2615 3288 2674 3341 ὲν
2695 3285 2775 3353 οἷς
2798 3290 2858 3343 τὸ
2879 3292 3102 3365 Πνεῦμα
3115 3296 3207 3349 τοῦ
3234 3296 3368 3350 Θεοῦ
3386 3301 3603 3364 ἐνοικεῖ,
3621 3274 3754 3366 vero;

482 3366 710 3420 nentia?
740 3365 870 3431 Quis
903 3382 1187 3421 consensus
1235 3369 1428 3437 templo
1479 3368 1579 3424 Dei
1624 3388 1742 3425 cum
1801 3372 1959 3427 idolis
1984 3375 2067 3429 ‘9?

2181 3372 2222 3424 Ξὲ
2241 3372 2473 3428 εἰδώλων
2490 3377 2538 3427 οἱ
2564 3376 2651 3430 διὰ
2680 3377 2780 3447 τῆς
2810 3380 2981 3450 μέθης
3016 3382 3107 3435 τὸν
3135 3385 3399 3455 συρφετὸν
3423 3386 3524 3455 τῆς
3548 3387 3722 3442 ἀκολα

482 3456 768 3529 Templum
807 3460 955 3515 enim
1001 3459 1095 3516 Dei
1142 3469 1303 3523 sunt,
1349 3464 1405 3516 in
1444 3464 1646 3533 quibus
1684 3464 1895 3518 habitat
1938 3464 2063 3536 Spi-

2181 3464 2285 3530 τίας
2306 3467 2709 3540 ὑποδεχόμενοι.
2730 3472 2793 3524 Ἠ
2807 3473 2917 3544 (96)
2938 3476 3002 3542 σή
3012 3493 3077 3546 με
3086 3493 3176 3546 ρον
3195 3479 3227 3547 ή
3239 3477 3381 3549 μέρα
3407 3481 3751 3551 προπύλαιόν

479 3550 622 3606 ritus
678 3550 775 3606 Dei
841 3552 936 3608 ⁶⁹ε
985 3563 1199 3617 contra,
1250 3555 1512 3623 templum
1576 3555 1847 3610 idolorum
1909 3568 2059 3621 sunt,

2181 3574 2278 3612 εστι
2317 3557 2427 3613 τῶν
2448 3562 2732 3632 νηστειῶν.
2769 3564 2842 3617 Οὐ
2867 3564 3037 3636 δήπου
3070 3566 3127 3618 δέ
3153 3569 3181 3620 ό
3211 3569 3269 3621 ἐν
3300 3571 3414 3632 τοῖς
3447 3550 3750 3643 προθύροις

478 3642 576 3713 qui
641 3641 841 3698 foedam
896 3643 1252 3714 impudicitiae
1312 3646 1604 3701 colluviem
1661 3662 1759 3717 per
1814 3649 2064 3704 ebrieta—

2181 3650 2491 3722 ίεὸηλωθεὶς
2519 3655 2668 3719 ἄξιός
2689 3657 2835 3709 ἐστιν
2865 3657 3123 3712 εἰσελθεῖν
3152 3662 3233 3724 είς
3272 3660 3343 3714 τὰ
3377 3661 3527 3731 ἅγια.
3553 3641 3747 3729 Οὐδεὶς

478 3744 590 3791 tem
643 3736 960 3791 admittunt.
1007 3736 1321 3794 Hodiernus
1391 3737 1508 3794 dies
1577 3740 1910 3795 vestibulum
1978 3750 2061 3797 est

2181 3743 2397 3815 ιίκέτης,
2429 3744 2877 3816 ἐξευμενίσασθαι
2901 3749 3069 3804 θέλων
3110 3753 3201 3806 τὸν
3220 3755 3414 3820 ἐαυτοῦ
3448 3756 3746 3830 δεσπότην,

473 3826 695 3896 jejunii.
725 3825 913 3896 Neque
958 3841 1091 3882 vero
1145 3828 1240 3898 qui
1283 3829 1342 3882 in
1377 3830 1670 3884 vestibulis
1709 3832 2057 3900 profanatur,

2181 3830 2237 3901 τῷ
2264 3832 2444 3905 ἐχθρῷ
2496 3837 2660 3890 αὐτοῦ
2696 3840 2977 3914 προστάτῃ
3008 3843 3102 3895 καὶ
3126 3843 3419 3918 διαλλακτῇ
3451 3825 3745 3920 κέχρηται.

478 3916 678 3987 dignus
700 3924 783 3971 est
803 3916 897 3985 qui
946 3916 1013 3971 ad
1046 3926 1236 3971 sancta
1272 3918 1530 3974 introeat.
1578 3920 1774 3977 Nullus
1821 3923 2059 3980 famulus

2181 3923 2313 3992 νῐέθη
2337 3925 2505 3996 ἔχθρα
2522 3928 2670 3982 ἐστὶν
2688 3932 2770 3993 είς
2786 3930 2937 3986 Θεόν·
2956 3934 3178 4003 νηστεία
3193 3916 3739 4008 δέἀρχημετανοέας.

476 4010 705 4077 cupiens
734 4008 926 4062 herum
962 4024 1125 4063 suum
1159 4010 1400 4078 placare,
1448 4010 1660 4065 hostem
1703 4012 1852 4068 illius
1875 4023 2059 4085 patro-

2181 4013 2221 4065 ει
2239 4010 2331 4067 οὖν
2361 4016 2539 4085 βούλει
2567 4018 2654 4073 διὰ
2672 4022 2770 4092 τῆς
2794 4022 3236 4096 ὲξομολογήσεως
3264 4030 3581 4085 ἐπανελθεῖν
3604 4034 3740 4105 πρὸς

477 4113 609 4153 num
634 4113 698 4153 ac
720 4099 1195 4156 reconciliatorem
1232 4100 1479 4156 adhibet.
1500 4101 1749 4158 Ebrietas
1771 4104 2057 4159 inimicitia

2181 4104 2247 4156 τὸν
2258 4104 2408 4167 Θεὸν,
2434 4108 2603 4177 φεῦγε
2618 4111 2717 4189 τὴν
2738 4112 2927 4185 μέθην,
2952 4117 3026 4187 μή
3047 4134 3127 4170 σοι
3145 4117 3533 4194 χαλεπωτέραν
3565 4099 3740 4179 κατα-

476 4197 563 4245 est
603 4190 659 4244 in
703 4188 909 4257 Deum;
964 4191 1258 4261 jejunium,
1306 4193 1645 4263 pmnitentiaa
1673 4194 1909 4249 initium.
1952 4196 2056 4251 lta-

2181 4200 2399 4272 rxsua’zcg
2440 4202 2538 4272 τὴν
2585 4203 2959 4276 ἀλλοτρίωσιν.
3008 4210 3083 4262 Οὐ
3115 4188 3295 4282 μέντοι
3341 4188 3568 4286 ἐξαρκεῖ
3613 4220 3742 4272 καθ’

477 4296 584 4350 que
609 4282 654 4337 si
688 4283 845 4351 cupis
875 4298 974 4352 per
995 4283 1396 4339 confessionem
1431 4286 1632 4341 reverti
1654 4285 1720 4339 ad
1743 4285 1933 4351 Deum,
1967 4287 2054 4342 fu-

2186 4290 2350 4362 αυτὴν
2377 4293 2409 4362 ή
2438 4293 2613 4365 ἀποχὴ
2638 4294 2749 4348 τῶν
2788 4296 3094 4369 βρωμάτων
3128 4304 3264 4374 πρὸς
3305 4305 3405 4376 τὴν
3444 4282 3746 4381 ἐπαινετὴν

476 4373 589 4443 gito
639 4374 1035 4440 lemulentiam,
1074 4390 1143 4429 ne
1172 4376 1349 4445 magis
1383 4383 1438 4430 te
1489 4390 1521 4429 a
1561 4374 1671 4431 Deo
1697 4376 1917 4432 alienet.
1957 4377 2053 4431 At-

2181 4381 2424 4450 ‘notefav,
2457 4384 2591 4437 ἀλλὰ
2619 4389 3002 4460 νηστεύσωμεν
3031 4373 3280 4463 νηστείαν
3302 4373 3518 4469 δεκτήν,
3536 4373 3747 4472 εὐάρε-

476 4472 660 4518 tamen
704 4462 772 4516 ad
814 4463 938 4527 hoc,
978 4472 1038 4517 ut
1072 4465 1291 4519 laudem
1332 4474 1713 4536 promereatur
1756 4467 2047 4536 jejunium,

2181 4487 2277 4523 ττον
2309 4472 2384 4543 τῷ
2407 4474 2525 4545 Θεῴ
2547 4476 2675 4547 (97).
2714 4478 2943 4552 Ἀληθὴς
2964 4462 3187 4553 νηστεία
3207 4488 3239 4557 ή
3261 4476 3355 4540 τοῦ
3379 4462 3551 4542 κακοῦ
3578 4462 3747 4545 ἀλλο-

474 4570 587 4612 non
614 4564 697 4611 est
724 4572 822 4627 per
854 4572 914 4612 se
948 4559 1082 4613 satis
1112 4559 1385 4615 abstinere
1410 4575 1442 4614 a
1470 4560 1631 4627 cibis,
1669 4561 1761 4616 sed
1779 4561 2049 4631 jejunium

2181 4561 2396 4633 τρίωσις,
2423 4566 2719 4639 ἐγκράτεια
2741 4570 3012 4643 γλώσσης,
3038 4574 3211 4645 θυμοῦ
3235 4578 3405 4648 ἐποχὴ
3439 4578 3583 4649 (98),
3612 4581 3746 4634 ἐπι-

470 4649 783 4718 jejunemus
840 4651 1191 4719 acceptabile,
1239 4650 1348 4706 Deo
1385 4660 1623 4723 gratum.
1666 4651 1868 4709 Verum
1903 4654 2048 4724 jeju-

2181 4657 2362 4725 θυμιῶν
2403 4663 2700 4731 χωρισμὸς,
2752 4664 3103 4731 καταλαλιᾶς,
3138 4668 3383 4736 ψεύδους,
3422 4673 3739 4744 ἐπιορκίας.

474 4739 625 4793 nium
658 4746 762 4802 est,
792 4754 822 4793 a
846 4739 995 4793 vitiis
1017 4738 1254 4793 alienum
1283 4756 1421 4803 csse,
1450 4742 1792 4796 continentia
1824 4743 2041 4817 linguae,

2181 4744 2228 4795 H
2264 4745 2465 4799 τούτων
2489 4749 2665 4805 ἔνδεια
2699 4755 2922 4825 νηστεία
2960 4758 3107 4811 ἐστὶν
3137 4758 3364 4834 ἀληθής.
3404 4763 3494 4817 Ἐν
3519 4764 3743 4832 τούτοις

473 4828 569 4884 iras
622 4831 907 4897 coliibitio,
946 4831 1517 4901 concupiscentiarum
1565 4832 1889 4903 amputatio,
1946 4832 2034 4888 ob-

2181 4837 2251 4913 ιὲν
2279 4834 2371 4891 οὖν
2398 4842 2429 4911 ἡ
2461 4844 2683 4913 νηστεία
2711 4847 2895 4902 καλόν.
3232 4828 3239 4830 ἡ
3299 4828 3310 4834 ’
3438 4893 3441 4897 -

472 4923 832 4986 trectationis,
868 4923 1161 4988 mendacii,
1210 4922 1459 4994 perjurii.
1493 4925 1576 4979 Ab
1617 4924 1705 4981 bis
1738 4926 2039 4993 abstinere,
2079 4944 2271 4984 verum
2297 4939 2380 4986 est
2399 4932 2689 5003 jejunium.
2719 4937 2779 4993 ln
2820 4941 2905 4997 his
2943 4942 3109 5013 igitur
3138 4946 3301 5001 situm
3365 4956 3451 5004 est
3523 4952 3741 5012 bonum

470 5030 537 5070 ac
560 5017 833 5073 laudabile
854 5019 1145 5089 jejunium.

542 5111 595 5167 8.
634 5112 901 5169 Caeterum
938 5115 1269 5169 delectemur
1304 5115 1358 5169 in
1398 5113 1649 5181 Domino,
1703 5116 1761 5170 in
1806 5116 2035 5172 medita-

2212 5119 2263 5173 8.
2298 5122 2826 5196 Κατατρυφήσωμεν
2852 5129 2911 5182 δὲ
2940 5130 3033 5182 τοῦ
3062 5133 3287 5204 Κυρίου,
3318 5136 3377 5189 ἐν
3416 5139 3484 5209 τῇ
3523 5141 3736 5217 μελέτῃ

541 5229 586 5262 ⁸⁵
623 5229 811 5286 Matth.
843 5246 896 5286 vr
921 5273 938 5298 ,
973 5232 1074 5298 16,
1107 5232 1205 5287 17..
1269 5233 1313 5264 "
1352 5231 1457 5289 lsa.
1488 5248 1655 5298 Lvm,
1688 5233 1746 5289 5.
1823 5235 1868 5266 ⁸⁸
1907 5234 1949 5289 Il
1983 5236 2075 5293 C01

2182 5255 2234 5297 ι.
2274 5241 2360 5296 16.
2440 5244 2482 5276 ⁸³
2521 5242 2541 5295 Ι
2576 5244 2696 5300 Cor.
2735 5263 2832 5313 ιιι,
2873 5248 2957 5304 16.

540 5351 652 5423 (9⁵)
676 5329 1765 5449 e"E.‘qPi,11“°__'JE¥?_Eiet,SHW
1794 5360 2033 5432 παραδο-

2181 5374 2352 5444 anSIat
2388 5367 2636 5424 eamdem
2658 5371 2834 5440 prima
2861 5370 3141 5429 Dominica
3163 5373 3606 5449 Quadragesimaa
3626 5379 3733 5433 ha-

469 5422 646 5500 θέντα.
676 5422 869 5500 §tatim
896 5424 1027 5500 Reg.
1054 5427 1279 5500 primus;
1304 5422 1414 5495 ἐγὼ
1436 5422 1788 5500 ἐξελεξάμην.
1879 5422 1892 5432 ’

2181 5437 2301 5488 itam
2339 5452 2484 5492 esse.

682 5496 835 5591 Ἥρης
856 5495 1024 5591 chex
1044 5494 1195 5591 Cnolb.
1227 5494 1732 5591 :rﬁquivogolpyidqi
1826 5569 1860 5591 ἰ

2181 5505 2319 5591 χέῃ)
2352 5505 2409 5591 In
2433 5506 2605 5579 Regio
2621 5501 2797 5580 primo
2814 5512 3079 5582 scriptum
3095 5514 3404 5572 invenimus
3421 5515 3731 5591 εὐάρεστον

538 5563 648 5648 ςθϐ)
676 5566 966 5648 Aliquanto
984 5574 1135 5648 “ante
1161 5563 1501 5648 ostendimus
1547 5563 1687 5648 hanc
1725 5569 2029 5648 orationem

2181 5563 2223 5646 ‘b‘
2235 5563 2333 5648 AKi)
2342 5577 2442 5648 pitp
2452 5617 2466 5631 .

468 5631 702 5725 habitam
723 5631 855 5725 'es's'e
879 5634 966 5690 die
984 5635 1282 5718 Dominica.
1315 5636 1472 5693 Nunc
1494 5653 1558 5693 ex
1585 5639 1715 5721 illis,
1742 5638 2030 5725 hodiernus

2181 5631 2314 5718 ’(98)
2342 5631 2652 5706 Ὀὸιὺοιῑίιιί
2683 5651 2791 5708 duo
2822 5650 2994 5723 θυμοῦ
3025 5652 3229 5725 ἀποχή.

467 5701 577 5757 dies
604 5705 913 5760 uestibulum
940 5715 1019 5761 est
1041 5705 1231 5777 jejunii
1247 5723 1265 5772 ,°
1290 5724 1381 5762 nec
1410 5717 1550 5763 certe
1571 5711 1680 5779 qui,
1708 5717 1839 5777 etc.,
1871 5711 2031 5780 plane
