4052 6214
252 338 345 391 1θῖ

1140 338 1434 394 ilOMlLlA
1473 338 1541 393 1N
1580 337 1810 402 ILLUD,
1849 341 2204 398 ATTENDE
2253 342 2415 399 TIBI
2466 342 2645 399 IP81.

3426 346 3530 403 198

248 451 348 505 τῶν
374 451 578 518 λογίων
611 449 713 503 τοῦ
756 449 1100 522 Πνεύματος,
1128 454 1222 506 καὶ
1260 454 1319 505 ἐν
1352 455 1419 523 τῇ
1452 451 1717 522 ἀναλήψει
1748 450 1849 505 τῶν

1962 456 2111 513 tione
2139 456 2501 527 eloquiorum-
2519 454 2779 528 Spiritus,
2810 455 2974 526 inque
2995 456 3360 527 suscipiendis
3381 461 3531 517 salu‘

255 541 531 612 σωτηρίων
573 541 857 611 νομίμων,
917 542 1015 594 καὶ
1061 543 1119 596 ὲν
1162 545 1298 595 πᾶσι
1335 545 1447 606 τοῖς
1490 540 1860 614 διορθωτικοῖς

256 635 358 690 τῶν
403 632 590 703 ψυχῶν
630 633 799 703 ἡμῶν
849 633 1140 704 δόγμασιν.
1191 634 1321 687 Ἀπὸ
1356 634 1539 706 μέντοι
1566 635 1665 705 τῆς
1696 634 1756 687 ὲν
1780 632 1860 704 τῷ

263 725 480 800 κρυπτῷ
536 725 808 795 νηστείας
868 723 1255 796 φυλαξώμεθα,
1293 728 1423 798 περί
1450 721 1519 798 ἧς
1556 728 1651 780 καὶ
1684 728 1714 780 ὁ
1744 726 1856 796 (99)

267 820 540 889 προφήτης
572 813 889 886 ἀπεύχεται
921 815 1096 886 λέγων
1118 834 1133 847 ·
1175 819 1258 872 Οὐ
1288 819 1714 887 λιμοκτονήσει
1750 821 1860 873 Κύ-

256 927 384 980 ριος
404 905 609 976 ψυχὰς
653 905 938 960 δικαίων·
981 906 1074 960 καὶ
1102 907 1194 960 τό’
1237 909 1359 961 Οὐκ
1412 905 1579 962 εἶδον
1620 910 1859 963 δίκαιον

267 996 900 1071 ἐγκαταλελειμμένον,
928 998 1149 1052 οὐδὲτὸ
1175 999 1413 1070 σπέρμα
1433 1002 1618 1056 αὑτοῦ
1642 1002 1858 1069 ζητοῦν

264 1093 488 1159 ἄρτους.
538 1090 619 1143 Οὐ
669 1088 785 1160 γὰρ
838 1088 907 1143 ἂν
959 1092 1091 1162 περὶ
1131 1091 1403 1161 αἰσθητῶν
1434 1092 1614 1164 ἄρτων
1647 1089 1798 1146 εἶπεν
1826 1095 1856 1146 ό

264 1186 409 1248 εἰδὼς
432 1186 559 1247 τοὺς
592 1184 798 1247 παῖδας
853 1183 949 1237 τοῦ
980 1184 1314 1256 πατριάρχου
1355 1185 1511 1255 ἡμῶν
1548 1183 1622 1255 (1)
1661 1184 1854 1238 Ἰακὼϐ

263 1280 432 1350 ἄρτων
476 1277 669 1330 ἕνεκεν
718 1275 1066 1340 καταϐάντας
1098 1278 1177 1339 εἰς
1221 1277 1518 1343 Αἴγυπτον,
1563 1276 1700 1331 ἀλλὰ
1726 1278 1896 1363 περὶ

263 1369 355 1436 τῆς
380 1367 764 1437 πνευματικῆς
810 1367 958 1435 λέγει
985 1368 1212 1439 τροφῆς,
1244 1367 1363 1419 καθ’
1393 1368 1461 1437 ἣν
1489 1370 1518 1421 ὁ
1548 1367 1658 1421 ἔσω
1697 1371 1853 1439 ἡμῶν

266 1458 539 1529 ἄνθρωπος
587 1456 914 1511 τελειοῦται.
969 1458 1061 1530 Μὴ
1095 1457 1222 1529 ἔλθῃ
1274 1460 1367 1511 καὶ
1415 1460 1499 1527 ἐφ’
1533 1460 1680 1530 ἡμᾶς
1711 1462 1787 1533 (2)
1814 1466 1848 1534 ἡ

268 1554 368 1613 τοῖς
397 1550 675 1613 Ἰουδαίοις
697 1548 1068 1620 ἀπιληθεῖσα
1107 1550 1330 1620 νηστεία
1348 1566 1362 1580 ·
1401 1549 1546 1604 Ἰδοὺ
1566 1551 1676 1620 γὰρ
1707 1552 1852 1622 ἡμέ-

263 1659 353 1709 ραι
378 1642 679 1710 ἔρχονται,
742 1639 906 1710 λέγει
943 1640 1183 1707 Κύριος,
1210 1639 1309 1692 καὶ
1340 1638 1544 1705 ἐπάξω
1593 1641 1691 1694 ἐπὶ
1737 1642 1853 1711 τὴν

266 1731 375 1802 γῆν
409 1733 640 1799 ταύτην
674 1730 876 1799 λιμὸν,
910 1733 982 1785 οὐ
1016 1731 1196 1799 λιμὸν
1231 1730 1434 1797 ἄρτου,
1482 1730 1623 1785 οὐδὲ
1662 1731 1852 1800 δίψαν

1959 547 2171 603 taribus
2200 547 2493 610 institutis,
2522 548 2763 617 denique
2809 545 2868 600 in
2903 546 3116 602 cunctis
3155 548 3527 618 dogmatibus,

1955 640 2157 711 quibus
2180 638 2544 694 emendantur
2567 638 2737 692 animi
2762 638 2957 693 nostri.
2983 636 3196 695 Rursus
3219 640 3288 695 ab
3311 640 3530 700 interno

1955 733 2155 788 mentis
2179 731 2392 801 jejunio
2428 745 2742 797 caveamus,
2774 729 2920 800 quod
2954 741 3008 785 et
3039 731 3296 801 propheta
3329 731 3530 804 depre-

1954 831 2132 887 catur,
2158 823 2245 878 his
2286 823 2469 877 verbis
2496 841 2509 877 :
2538 820 2663 876 Non
2704 821 2904 877 occidet
2939 821 3198 878 Dominus
3228 823 3369 892 fame
3420 827 3532 879 ani-

1952 933 2068 969 mas
2090 916 2364 984 justorum
2386 916 2453 967 ⁷ο.
2486 915 2565 969 Ac
2598 931 2792 971 rursus
2818 934 2830 969 :
2860 913 2983 969 Non
3015 916 3121 969 vidi
3154 916 3354 979 iustum
3380 917 3538 972 dere—

1956 1008 2158 1072 lictum,
2191 1023 2285 1060 nec
2319 1023 2491 1061 semen
2519 1006 2632 1075 ejus
2654 1022 2895 1073 quarens
2927 1022 3115 1075 panem
3137 1008 3202 1060 '“.
3234 1007 3347 1063 Nec
3383 1012 3528 1063 enim

1955 1094 2195 1166 loquitur
2215 1097 2282 1151 de
2313 1097 2547 1167 panibus
2582 1096 2957 1161 sensibilibus,
3002 1098 3093 1166 qui
3127 1110 3353 1154 noverat
3386 1098 3529 1155 ﬁlios

1952 1188 2279 1258 patriarchae
2310 1188 2485 1242 nostri
2517 1186 2689 1241 Jaeob
2716 1202 2920 1257 panum
2964 1203 3134 1243 causa
3176 1188 3530 1246 descendisse

1953 1280 2007 1333 in
2041 1278 2358 1350 Egyptum,
2391 1278 2485 1335 sed
2534 1279 2602 1334 de
2634 1279 2905 1349 spirituali
2954 1280 3197 1350 loquitur
3244 1281 3524 1354 alimonia.

1955 1384 2065 1439 qua
2102 1370 2332 1424 interior
2356 1371 2463 1441 ιθ
2490 1378 2680 1425 noster
2711 1370 2876 1423 homo
2903 1370 3201 1438 perficitur.
3240 1370 3316 1426 Ne
3343 1372 3528 1426 veniat

1949 1461 2113 1515 etiam
2148 1461 2204 1514 in
2238 1476 2340 1515 nos
2366 1460 2643 1530 jejunium
2682 1461 2829 1530 quod
2861 1458 3003 1516 Deus
3036 1463 3403 1516 comminatur
3429 1460 3527 1516 Ju-

1949 1554 2080 1609 daeis
2109 1578 2122 1609 :
2154 1557 2289 1608 Ecce
2313 1555 2453 1608 enim
2489 1553 2601 1607 dies
2631 1554 2862 1618 veniunt,
2898 1553 3026 1607 dicit
3054 1553 3336 1613 Dominus.
3365 1565 3416 1609 et
3442 1558 3526 1609 in-

1949 1647 2140 1699 ducam
2164 1648 2219 1700 in
2255 1654 2451 1700 terram
2477 1646 2613 1700 hanc
2635 1646 2851 1715 famem,
2882 1663 2986 1700 non
3018 1647 3212 1715 famem
3233 1650 3409 1715 panis,
3445 1665 3528 1701 ne-

1949 1755 2047 1809 que
2090 1741 2237 1793 sitim
2275 1755 2447 1809 aquaz,
2493 1739 2583 1793 sed
2621 1739 2817 1807 famem
2866 1738 3117 1792 audiendi
3164 1740 3377 1793 verbum
3417 1739 3525 1793 Do-

267 1824 495 1887 ὖδατος,
537 1821 703 1877 ἀλλὰ
742 1823 923 1890 λιμὸν
942 1822 1048 1875 τοῦ
1078 1820 1334 1876 ἀκοῦσαι
1365 1823 1553 1889 λόγον
1584 1824 1809 1890 Κυρίου
1833 1841 1844 1852 ’

1952 1828 2149 1881 mini"
2188 1843 2201 1879 :
2243 1842 2411 1899 quam
2463 1828 2586 1882 ideo
2638 1826 2867 1881 immisit
2906 1826 3090 1895 justus
3118 1826 3287 1896 judex
3313 1867 3327 1890 ,
3379 1829 3525 1899 quod

264 1916 318 1967 ὃν
344 1914 431 1967 διὰ.
449 1914 609 1967 τοῦτο
650 1915 927 1984 ἐπήγαγεν
951 1915 980 1967 ὁ
1010 1913 1216 1976 δίκαιος
1240 1912 1452 1983 κριτὴς,
1485 1913 1669 1983 ἐπειδὴ
1700 1913 1848 1986 ἐώρα

265 2006 431 2059 αὐτῶν
460 2005 551 2059 τὸν
576 2005 677 2076 μὲν
700 2003 824 2058 νοῦν
854 2007 913 2056 ὲν
945 2007 1010 2075 τῇ
1045 2004 1279 2076 ἀτροφίᾳ
1307 2003 1417 2057 τῶν
1464 2004 1563 2074 τῆς
1590 2004 1848 2075 ἀληθείας

264 2098 534 2168 δογμάτων
561 2098 639 2167 (5)
670 2096 1170 2168 λιμαγχονούμενον
1193 2134 1207 2158 ,
1243 2095 1737 2167 ὑπερπιαινὸμενον
1791 2096 1849 2149 δὲ

265 2188 433 2240 αὐτῶν
457 2188 553 2240 καὶ
578 2186 938 2258 κατασαρκού
947 2203 1107 2256 μενον
1146 2186 1237 2239 τὸν
1267 2184 1370 2250 ἔξω
1402 2184 1708 2256 ἄνθρωπον.
1732 2187 1848 2240 Πά-

268 2294 358 2339 ca;
408 2277 584 2331 τοίνυν
630 2276 734 2340 τὰς
790 2275 995 2345 ἐφεξῆς
1054 2274 1265 2345 ἡμέρας
1308 2275 1548 2328 ἑστιάσει
1590 2276 1733 2345 ὑμᾶς
1786 2273 1850 2328 τὸ

267 2363 479 2434 Πνεῦμα
513 2365 575 2429 τδ
605 2363 762 2432 ἆγιον
796 2362 1048 2423 ἐωθιναῖς
1080 2364 1143 2415 ’τε
1188 2362 1282 2416 καὶ
1313 2364 1626 2434 ἑσπεριναῖς
1658 2365 1848 2435 εὐφρο-

268 2455 461 2518 σύναις.
488 2456 698 2525 Μηδεὶς
716 2455 982 2517 ἑκουσίως
997 2453 1456 2524 ἀπολιμπανέσθω
1478 2455 1553 2524 (4)
1569 2455 1668 2525 τῆς
1689 2472 1848 2507 πνευ-

268 2552 491 2618 ματικῆς
528 2547 785 2616 εὐωχίας.
816 2546 1026 2609 Πάντες
1063 2546 1421 2616 μετάσχωμεν
1450 2544 1542 2598 τοῦ
1583 2546 1845 2617 νηφαλίου

265 2640 568 2711 κρατῆρος,
610 2633 743 2720 avg;
780 2639 967 2707 σοφία,
1027 2638 1325 2709 κεράσασα,
1359 2636 1663 2708 προέθηκεν
1719 2639 1849 2707 ἡμῖν

264 2731 454 2797 eam,
482 2731 605 2785 καθ’
653 2733 779 2783 ὅσον
824 2730 941 2782 ἐστὶ
986 2729 1290 2799 χωρητικὸς
1338 2729 1567 2791 ἕκαστος
1607 2727 1851 2799 άπαρύε-

266 2824 404 2879 σθαι.
466 2824 759 2891 Ἐκέρασε
807 2822 920 2891 γὰρ
975 2822 1082 2875 τὸν
1118 2820 1341 2890 ἑαυτῆς
1405 2820 1691 2889 κρατῆρα,
1747 2820 1848 2873 καὶ

263 2916 485 2984 ἔσφαξε
503 2916 573 2969 τὰ
588 2914 815 2983 ἑαυτῆς
830 2916 1063 2984 θύματα
1077 2931 1089 2944 ο
1112 2915 1378 2978 τουτέστι,
1396 2913 1494 2983 τὴν
1507 2914 1617 2966 τῶν
1631 2912 1850 2964 τελείων

261 3008 478 3078 τροφὴν,
539 3006 666 3063 Τῶν
719 3006 818 3059 διὰ
883 3006 999 3073 τὴν
1060 3004 1192 3070 ἕξιν
1246 3006 1320 3059 τὰ
1366 3004 1722 3073 αἰσθητήρια
1754 3021 1849 3074 τε·

264 3100 649 3169 τινμγασμένα
691 3100 959 3167 ἐχόντων
996 3099 1149 3166 πρὸς
1191 3097 1497 3165 διάκρισιν
1547 3096 1737 3151 καλοῦ
1779 3113 1844 3151 τε

1948 1921 2283 1990 perspiceret
2341 1934 2534 1975 eorum
2594 1925 2835 1973 mentem
2890 1934 3147 1974 verorum
3209 1920 3523 1990 dogmatum

1948 2011 2146 2076 inedia,
2180 2010 2327 2065 fame
2354 2011 2569 2075 necari;
2605 2018 2799 2066 contra
2829 2025 2981 2077 vero,
3014 2019 3306 2066 externum
3329 2027 3524 2068 eorum

1946 2099 2224 2155 hominem
2273 2115 2440 2170 supra
2495 2099 3133 2170 modum‘pinguescere
3183 2108 3238 2157 et
3297 2103 3523 2158 obesum

1948 2192 2086 2245 ﬁeri.
2115 2190 2218 2245 Per
2244 2205 2436 2245 omnes
2471 2191 2639 2259 igitur
2668 2190 2835 2245 hosce
2870 2200 3163 2260 sequentes
3191 2193 3310 2248 dies
3339 2196 3525 2249 convi-

1947 2283 2036 2338 vio
2064 2283 2298 2352 excipiet
2331 2298 2428 2338 vos
2470 2282 2710 2352 Spiritus
2755 2293 3005 2349 sanctus,
3046 2287 3329 2341 matutinis
3358 2289 3524 2343 simul

1946 2382 2001 2427 et
2048 2373 2375 2443 vespertinis
2420 2374 2616 2442 epulis.
2674 2372 2844 2429 Nemo
2893 2389 2992 2429 sua
3041 2383 3236 2445 sponte
3282 2379 3523 2447 seipsum

1948 2465 2162 2520 iraudet
2204 2465 2307 2520 hoc
2342 2465 2504 2535 epulo
2538 2466 2812 2535 spirituali
2834 2506 2849 2520 .
2880 2463 3085 2521 Omnes
3118 2469 3412 2538 participes
3456 2470 3527 2524 si-

1947 2573 2071 2611 mus
2094 2558 2263 2620 sobrii
2292 2557 2504 2617 calicis,
2531 2573 2691 2626 quem
2723 2557 2840 2625 ipsa
2873 2555 3154 2627 Sapientia
3178 2565 3522 2628 temperavit,

1946 2662 2012 2701 ac
2052 2646 2215 2700 nobis
2251 2646 2505 2716 apposuit
2548 2662 2616 2700 ex
2667 2660 2845 2714 aequo,
2878 2654 2939 2699 ut
2985 2655 3250 2714 quantum
3292 2649 3525 2719 quisque

1946 2751 2117 2805 capax
2146 2743 2233 2789 est
2263 2735 2502 2789 hauriat.
2531 2733 2747 2788 Miscuit
2776 2736 2915 2790 enim
2949 2746 3200 2789 craterem
3236 2734 3411 2801 stium,
3436 2754 3526 2792 oc-

1946 2828 2074 2882 cidit
2105 2829 2307 2882 hostias
2347 2844 2474 2882 suas
2503 2828 2587 2894 7’;
2632 2833 2736 2883 hoc
2777 2835 2883 2894 est,
2912 2829 3282 2897 perfectorum
3315 2831 3521 2892 cibum,

1948 2918 2053 2985 Qui
2087 2928 2299 2987 propter
2337 2919 2729 2972 assuetudinem
2765 2934 2949 2971 sensus
2984 2919 3301 2972 exercitatos
3332 2917 3524 2972 habent

1948 3013 2017 3067 ad
2071 3011 2444 3065 discretionem
2505 3010 2626 3063 boni
2672 3018 2722 3062 et
2777 3008 2993 3064 mali".
3054 3008 3266 3074 Quibus
3317 3007 3525 3063 allatim

1946 3101 2169 3172 expleti,
2203 3101 2544 3170 reperiamur
2564 3107 2620 3155 et
2646 3100 2740 3153 illo
2769 3099 2920 3169 digni
2946 3100 3167 3168 gaudio,
3192 3097 3339 3167 quod
3367 3097 3526 3152 exhi-

265 3168 362 3245 καὶ
384 3168 589 3245 κακοῦ.
623 3184 727 3244 Ὧν
760 3190 998 3260 δαψιλῶς
1030 3187 1449 3259 ὲμφορηθέντες,
1492 3187 1844 3262 εὑρεθείημεν

1948 3168 2167 3250 behitur
2194 3168 2473 3263 in-sponsi
2501 3192 2762 3255 thalamo,
2793 3168 2847 3244 in
2877 3190 3100 3244 Christo
3128 3188 3259 3245 Jesu
3291 3188 3524 3243 Domino

266 3282 398 3347 ἄξιοι
423 3284 517 3335 καὶ
543 3283 647 3352 τῆς
673 3284 735 3335 ὲν
759 3281 839 3354 τῷ
862 3280 1113 3352 νυμφῶνι
1144 3280 1482 3352 εὐφροσύνης
1530 3282 1589 3333 ἐν
1621 3278 1843 3350 Χριστῷ

279 3369 443 3440 Ἰησοῦ
493 3370 574 3441 τῷ
632 3370 826 3442 Κυρίῳ
884 3370 1063 3440 ἡμῶν,
1103 3363 1148 3437 ᾧ
1185 3371 1219 3440 ἡ
1255 3369 1381 3434 δόξα
1430 3368 1616 3421 καὶτὸ
1643 3368 1841 3439 κράτος

269 3464 346 3523 εἰς
361 3464 478 3524 τοὺς
506 3461 735 3525 αἰῶνας.
770 3461 944 3530 Ἀμήν

1949 3292 2161 3348 nostro,
2202 3283 2291 3338 cui
2321 3281 2494 3353 gloria
2543 3288 2599 3336 et
2632 3281 2923 3351 imperium
2966 3280 3023 3334 in
3068 3280 3290 3335 saecula.
3322 3278 3520 3335 Amen.

270 3574 3502 3611 ΜΨ

793 3678 1041 3729 UMIAIA
1063 3677 1170 3729 ΕΙΣ
1198 3677 1305 3741 ΤΟ,

692 3792 970 3861 Πρόσεχε
1012 3792 1246 3859 σεαυτῷ
1289 3792 1386 3865 (6).

333 3899 377 3953 Ι.
396 3898 502 3952 Τοῦ
517 3901 684 3969 λόγου
705 3904 807 3973 τὴν
829 3904 1027 3975 χρῆσιν
1041 3904 1270 3959 δέδωκεν
1286 3909 1417 3976 ἡμῖν
1440 3910 1467 3961 ὁ
1485 3908 1675 3972 κτίσας
1696 3909 1845 3979 ἡμᾶς

266 3988 404 4055 Θεὸς,
436 3993 525 4045 ἵνα
558 3992 662 4056 τὰς
703 3992 900 4063 βουλὰς
937 3994 1047 4047 τῶν
1092 3995 1326 4066 καρδιῶν
1360 3997 1605 4068 ἀλλήλοις
1645 4000 1847 4052 ἀποκα-

263 4080 565 4155 Matinum,
592 4086 689 4138 καὶ
713 4084 802 4137 διὰ
828 4086 888 4138 τὸ
907 4086 1226 4140 κοινωνικὸν
1254 4087 1354 4157 τῆς
1379 4089 1593 4156 φύσεως
1616 4090 1843 4152 ἕκαστος

262 4175 333 4245 τῷ
356 4176 583 4248 πλησίον
609 4176 1005 4247 μεταδιδῶμεν,
1046 4177 1233 4250 ὥσπερ
1265 4180 1330 4233 ἐκ
1370 4197 1531 4235 τινων
1563 4183 1845 4250 ταμιείων,

259 4268 359 4320 τῶν
384 4269 486 4338 τῆς
534 4268 773 4339 καρδίας
822 4271 1104 4341 κρυπτῶν,
1140 4271 1506 4343 προφέροντες
1540 4272 1609 4325 τὰ
1630 4271 1848 4343 βουλεύ-

261 4374 420 4426 ματα.
458 4359 523 4411 Εἰ
569 4359 671 4430 μὲν
698 4358 809 4431 γάρ
842 4363 1022 4432 γυμνῇ
1071 4364 1138 4432 τῇ
1182 4361 1325 4433 ψυχῇ
1382 4361 1663 4434 διεζῶμεν,
1686 4363 1847 4426 εὐθὺς

255 4448 317 4501 ἂν
330 4450 440 4503 άπὸ
462 4451 576 4502 τῶν
611 4451 902 4519 νοημάτων
932 4451 1180 4524 ἀλλήλοις
1215 4454 1634 4526 συνεγινόμεθω
1659 4456 1845 4526 ἐπειδὴ

2405 3666 2692 3722 HOMILIA
2726 3665 2792 3720 IN
2831 3663 3058 3731 ILLUD,

2460 3776 2687 3830 Attende
2718 3778 2812 3829 tibi
2838 3777 2942 3846 ipsi
2961 3776 3028 3830 ⁷⁸.

2013 3891 2065 3945 l.
2107 3890 2210 3957 Qui
2239 3905 2342 3945 nos
2376 3889 2622 3944 condidit
2657 3888 2823 3954 Deus,
2857 3889 2981 3945 ideo
3028 3889 3325 3959 impertivit
3359 3888 3518 3945 nobis

1942 3983 2217 4039 sermonis
2250 3997 2434 4043 usum,
2475 3990 2535 4035 ut
2570 3983 2709 4036 alter
2739 3983 2894 4036 alteri
2920 3981 3104 4037 cordis
3136 3982 3368 4037 consilia
3393 3997 3521 4052 ape-

1948 4074 2180 4137 riamus,
2216 4087 2386 4142 eaque
2415 4074 2794 4143 unusquisque
2830 4079 3053 4143 propter
3084 4081 3295 4126 naturae
3341 4073 3519 4128 socie-

1944 4172 2110 4218 tatem
2166 4163 2639 4218 communicemus
2681 4179 2805 4217 cum
2853 4162 3136 4233 proximo,
3189 4177 3256 4217 ex
3318 4162 3518 4218 abditis

1944 4257 2129 4311 cordis
2157 4256 2488 4318 recessibus,
2520 4255 2667 4309 velut
2707 4271 2774 4310 ex
2812 4255 2965 4310 cellis
3000 4252 3326 4324 quihusdam
3350 4270 3519 4324 pena-

1945 4348 2065 4410 riis,
2118 4347 2518 4416 depromentes.
2559 4345 2769 4399 Etenim
2820 4346 2866 4400 si
2905 4354 3289 4400 constaremus
3334 4345 3517 4399 anima

1944 4440 2112 4504 nuda,
2138 4439 2321 4494 statim
2350 4447 2499 4493 certe
2521 4439 2910 4508 cogitationum
2945 4454 3047 4507 ope
3081 4438 3226 4492 inter
3252 4453 3354 4493 nos
3377 4453 3514 4492 con-

252 4538 305 4592 δὲ
333 4540 440 4592 ὑπὸ
469 4540 941 4610 παραπετάσματι
969 4542 1035 4611 τῇ
1079 4542 1241 4613 σαρκὶ
1270 4544 1649 4615 καλυπτομένη
1682 4543 1839 4614 ἡμῶν

1948 4530 2292 4603 grederemur
2319 4548 2331 4583 :
2356 4530 2483 4599 quia
2515 4544 2645 4582 vero
2692 4530 2873 4583 anima
2914 4536 3102 4583 nostra
3134 4528 3320 4583 carnis
3365 4538 3515 4599 tegu-

252 4629 284 4694 η
318 4625 465 4697 ψυχὴ
501 4627 606 4689 τὰς
658 4627 864 4690 ἐννοίας
896 4629 1208 4700 ἐργάζεται,
1247 4632 1507 4702 ῥημάτων
1539 4632 1710 4686 δεῖται
1748 4634 1842 4686 καὶ

1948 4630 2129 4676 mento
2178 4632 2385 4692 operta,
2424 4621 2785 4689 cogitationes
2829 4620 3101 4689 producit,
3154 4619 3334 4674 verbis
3377 4635 3515 4688 opus

252 4718 530 4786 ὀνομάτων
561 4716 702 4788 πρὸς
732 4717 792 4770 τὸ
834 4717 1179 4788 δημοσιεύειν
1217 4720 1284 4774 τά
1327 4724 1385 4774 ὲν
1420 4722 1497 4793 τῷ
1541 4720 1693 4791 βάθει
1727 4722 1843 4774 κεί-

258 4824 409 4878 μενα.
454 4808 713 4861 Ἐπειδὰν
743 4803 837 4861 οὖν
862 4826 993 4862 ποτε
1031 4809 1261 4881 λάϐηται
1286 4811 1472 4880 φωνῆς
1501 4812 1843 4882 σημαντικῆς

253 4898 287 4968 ἠ
316 4899 494 4951 ἔννοια
537 4896 701 4968 ἡμῶν
754 4897 856 4967 (7),
892 4896 1082 4970 ὥσπερ
1131 4897 1413 4969 πορθμείῳ
1456 4899 1562 4952 τινὶ
1594 4897 1672 4968 τῷ
1699 4897 1842 4967 λόγῳ

325 5054 368 5086 ’⁸
405 5052 573 5109 Prov.
607 5068 665 5119 ι,
700 5054 755 5109 5.

323 5208 433 5330 (99)
470 5209 697 5277 Antiqui
727 5215 839 5262 tres
867 5205 993 5260 libri
1027 5205 1155 5276 περὶ
1180 5200 1247 5276 ἧς
1280 5206 1371 5259 καὶ
1400 5208 1445 5258 ὁ.
1483 5204 1686 5258 Aberat
1729 5220 1827 5257 vo-

346 5294 377 5329 a
400 5280 494 5330 καί
524 5295 556 5330 a
576 5279 833 5330 vulgatis.
860 5276 982 5330 Mox
1002 5273 1137 5330 Rea.
1173 5280 1379 5330 primus
1398 5275 1603 5330 Κύριος
1627 5275 1827 5330 dar/iw.

262 5273 494 5349 calami
524 5295 556 5332 ο
576 5273 833 5349 vulgatis.
860 5276 984 5349 Mos
999 5273 1137 5349 Reg.
1173 5273 1379 5349 primus
1398 5275 1603 5349 Κύριος
1627 5275 1827 5349 ψυχήν.

326 5348 400 5419 (1)
436 5348 661 5403 Veteres
676 5343 1439 5419 quinquelibri—numicipxou
1478 5343 1655 5417 ἡμῶν.
1689 5343 1831 5398 Ulti-

263 5414 346 5473 ma
374 5414 472 5472 so:
509 5420 565 5472 in
599 5414 883 5487 impressis
913 5416 1073 5470 libris
1104 5414 1310 5470 deerat.

267 5489 404 5613 ὑ
429 5483 723 5544 Colhertini
754 5491 976 5559 primus
1008 5494 1064 5540 et
1097 5487 1288 5541 tertius
1321 5485 1396 5557 μὴ
1442 5484 1586 5538 ἔλθοι
1621 5486 1718 5540 καὶ
1746 5483 1830 5553 ἐφ’

270 5700 388 5755 editi
431 5699 782 5768 διδαγμάτων.

336 5771 407 5839 (4)
438 5763 648 5851 Antiqui
676 5772 787 5827 duo
816 5771 952 5828 libri
997 5763 1294 5823 Colbertini
1319 5763 1577 5829 ἑκουσίως
1610 5764 1829 5819 ἀπολει-

1933 5555 1963 5605 ὁ
1988 5553 2142 5620 λόγος
2163 5553 2591 5621 ἀναγινώσκεται
2616 5553 2680 5621 τῇ

333 5599 419 5698 (δ).
443 5626 535 5683 Sic
586 5627 737 5699 Regii
785 5626 1010 5698 primus
1057 5630 1113 5680 et
1161 5625 1379 5680 tertius.
1421 5624 1527 5679 Alii
1580 5639 1716 5680 mss.
1772 5630 1828 5678 et
1928 5599 3506 5693 [egi-iﬁ’JsEs'éc'Jdd'd'éjité"héb&3ind&3{

335 5701 388 5745 iti
431 5699 782 5745 522mm:th
1928 5696 2062 5745 uesci
2100 5693 2238 5745 licet.

1928 5709 2060 5748 ορεστ
2100 5708 2238 5745 licet.

1941 4713 2107 4767 habet
2145 4722 2200 4767 et
2249 4711 2600 4774 nominibus,
2653 4718 2714 4764 ut
2774 4725 2838 4765 ea
2877 4724 2998 4780 qum
3046 4710 3100 4763 in
3151 4709 3514 4763 reconditiore

1942 4804 2140 4859 mentis
2181 4819 2404 4858 secessu
2448 4802 2800 4865 delitescunt,
2855 4799 3096 4871 proferat
3141 4802 3193 4854 in
3240 4807 3509 4870 apertum.

1942 4894 2095 4951 Mens
2134 4896 2301 4966 igitur
2332 4902 2523 4951 nostra
2566 4894 2730 4949 simul
2779 4902 2838 4947 ut
2874 4909 3061 4947 vocem
3115 4892 3392 4962 quidpiam
3437 4891 3514 4947 si-

832 5051 1041 5108 "Psal.
1078 5069 1236 5107 xxxvi
1260 5094 1275 5116 ,
1309 5052 1400 5107 25.
1474 5054 1519 5083 ⁷³
1544 5053 1714 5107 Amos
1744 5067 1875 5116 vni,
1911 5050 1996 5104 ii.
2072 5050 2119 5083 ’³
2148 5049 2308 5106 Prov.
2345 5064 2420 5115 ix,
2447 5050 2502 5106 2.
2577 5049 2624 5082 ⁷⁸
2646 5047 2811 5103 Hebr.
2843 5065 2896 5113 v,
2933 5047 3019 5100 M.
3095 5047 3140 5078 ⁷⁸
3157 5044 3313 5100 Deut.
3335 5059 3422 5109 xv,
3456 5044 3508 5100 9.

1935 5203 2138 5256 πέσθω.

2006 5275 2082 5353 (5)
2106 5273 2276 5353 1301!).
2307 5274 2517 5353 pritnys
2547 5272 2970 5353 tb‘xpiroeobu
2986 5271 3071 5353 fit“)
3103 5271 3280 5353 Ilapr
3312 5272 3406 5353 καὶ
3432 5271 3510 5342 τῷ

1933 5340 2075 5433 άγίιμ
2106 5340 2381 5414 Πνεύματι
2413 5344 2505 5396 νῦν
2536 5344 2628 5395 καὶ
2656 5340 2735 5405 εἰς
2764 5343 2889 5406 τοὺς
2918 5340 3119 5406 αἰῶνας
3144 5340 3251 5396 τῶν
3274 5340 3504 5396 αἰώνων.

2217 5480 2348 5551 Reg.
2374 5482 2549 5567 primo
2589 5481 2677 5567 ita...
2689 5481 2951 5567 scriptum
2977 5483 3286 5567 invenimus
3307 5502 3319 5537 :
3341 5477 3508 5546 Οὗτος

2719 5550 2888 5624 β’,τῆς
2922 5554 3162 5624 τυρινῆς.
3199 5551 3298 5606 Hic
3337 5570 3507 5607 sermo

2004 5762 2080 5835 (7)
2121 5762 2276 5817 Colb.
2313 5762 2507 5818 tertius
2534 5763 2567 5831 ἡ
2602 5762 2812 5816 ἐπίνοια
2848 5761 3023 5834 ἡμῶν.
